  <div class='ocr_page' id='page_1' title='image "/cluster/home/n/w/nwhite01/storage/ocr_20150623/60/mdp.39015028539453/186.png"; bbox 0 0 4088 6142; ppageno 0'>
   <div class='ocr_carea' id='block_1_1' title="bbox 371 277 2670 342">
    <p class='ocr_par' dir='ltr' id='par_1_1' title="bbox 371 277 2670 342">
     <span class='ocr_line' id='line_1_1' title="bbox 371 277 2670 342; baseline 0.001 -3"><span class='ocrx_word' id='word_1_1' title='bbox 371 285 462 339; x_wconf 64' lang='grc'><strong>181</strong></span> <span class='ocrx_word' id='word_1_2' title='bbox 1321 278 1387 335; x_wconf 86' lang='grc' dir='ltr'><strong>ΙΝ</strong></span> <span class='ocrx_word' id='word_1_3' title='bbox 1425 277 1601 333; x_wconf 79' lang='lat' dir='ltr'><strong>ACTA</strong></span> <span class='ocrx_word' id='word_1_4' title='bbox 1643 278 2162 335; x_wconf 77' lang='lat' dir='ltr'><strong>APOSTULORUM.</strong></span> <span class='ocrx_word' id='word_1_5' title='bbox 2205 279 2434 337; x_wconf 75' lang='lat' dir='ltr'><strong>llOMIL.</strong></span> <span class='ocrx_word' id='word_1_6' title='bbox 2482 285 2670 342; x_wconf 72' lang='lat' dir='ltr'><strong>XXIII.</strong></span> 
     </span>
    </p>
   </div>
   <div class='ocr_carea' id='block_1_2' title="bbox 367 389 1952 460">
    <p class='ocr_par' dir='ltr' id='par_1_2' title="bbox 367 389 1952 460">
     <span class='ocr_line' id='line_1_2' title="bbox 367 389 1952 460; baseline -0.004 -11"><span class='ocrx_word' id='word_1_7' title='bbox 367 397 598 450; x_wconf 76' lang='lat' dir='ltr'><strong>tiiaxime</strong></span> <span class='ocrx_word' id='word_1_8' title='bbox 622 389 742 449; x_wconf 83' lang='lat' dir='ltr'><strong>illos</strong></span> <span class='ocrx_word' id='word_1_9' title='bbox 772 392 1006 448; x_wconf 83' lang='lat' dir='ltr'><strong>terrebat</strong></span> <span class='ocrx_word' id='word_1_10' title='bbox 1035 409 1048 446; x_wconf 90' lang='lat'><strong>:</strong></span> <span class='ocrx_word' id='word_1_11' title='bbox 1082 391 1206 459; x_wconf 80' lang='lat' dir='ltr'><strong>Ipse</strong></span> <span class='ocrx_word' id='word_1_12' title='bbox 1240 401 1313 446; x_wconf 85' lang='lat' dir='ltr'><strong>est</strong></span> <span class='ocrx_word' id='word_1_13' title='bbox 1333 433 1348 458; x_wconf 94' lang='lat'><strong>,</strong></span> <span class='ocrx_word' id='word_1_14' title='bbox 1377 392 1463 460; x_wconf 90' lang='lat' dir='ltr'><strong>qui</strong></span> <span class='ocrx_word' id='word_1_15' title='bbox 1488 392 1784 446; x_wconf 79' lang='lat' dir='ltr'><strong>constitutus</strong></span> <span class='ocrx_word' id='word_1_16' title='bbox 1824 401 1895 443; x_wconf 82' lang='lat' dir='ltr'><strong>est</strong></span> <span class='ocrx_word' id='word_1_17' title='bbox 1919 407 1952 442; x_wconf 89' lang='lat' dir='ltr'><strong>a</strong></span> 
     </span>
    </p>
   </div>
   <div class='ocr_carea' id='block_1_3' title="bbox 370 484 1949 554">
    <p class='ocr_par' dir='ltr' id='par_1_3' title="bbox 370 484 1949 554">
     <span class='ocr_line' id='line_1_3' title="bbox 370 484 1949 554; baseline -0.004 -11"><span class='ocrx_word' id='word_1_18' title='bbox 370 491 474 543; x_wconf 84' lang='lat' dir='ltr'><strong>Deo</strong></span> <span class='ocrx_word' id='word_1_19' title='bbox 500 489 658 554; x_wconf 74' lang='lat' dir='ltr'><strong>iudex</strong></span> <span class='ocrx_word' id='word_1_20' title='bbox 684 488 907 541; x_wconf 77' lang='lat' dir='ltr'><strong>uiuorum</strong></span> <span class='ocrx_word' id='word_1_21' title='bbox 929 496 978 539; x_wconf 85' lang='lat' dir='ltr'><strong>et</strong></span> <span class='ocrx_word' id='word_1_22' title='bbox 1004 495 1339 538; x_wconf 86' lang='lat' dir='ltr'><strong>mortuorum.</strong></span> <span class='ocrx_word' id='word_1_23' title='bbox 1373 484 1507 538; x_wconf 81' lang='lat' dir='ltr'><strong>Hinc</strong></span> <span class='ocrx_word' id='word_1_24' title='bbox 1547 485 1788 553; x_wconf 91' lang='lat' dir='ltr'><strong>sequitur</strong></span> <span class='ocrx_word' id='word_1_25' title='bbox 1814 484 1949 537; x_wconf 84' lang='lat' dir='ltr'><strong>vali-</strong></span> 
     </span>
    </p>
   </div>
   <div class='ocr_carea' id='block_1_4' title="bbox 362 577 1951 652">
    <p class='ocr_par' dir='ltr' id='par_1_4' title="bbox 362 577 1951 652">
     <span class='ocr_line' id='line_1_4' title="bbox 362 577 1951 652; baseline -0.006 -16"><span class='ocrx_word' id='word_1_26' title='bbox 362 583 491 638; x_wconf 86' lang='lat' dir='ltr'><strong>dum</strong></span> <span class='ocrx_word' id='word_1_27' title='bbox 537 590 910 652; x_wconf 74' lang='lat' dir='ltr'><strong>argumentum</strong></span> <span class='ocrx_word' id='word_1_28' title='bbox 946 595 976 634; x_wconf 90' lang='lat' dir='ltr'><strong>a</strong></span> <span class='ocrx_word' id='word_1_29' title='bbox 1016 578 1292 648; x_wconf 75' lang='lat' dir='ltr'><strong>prophetis</strong></span> <span class='ocrx_word' id='word_1_30' title='bbox 1333 597 1347 634; x_wconf 94' lang='lat'><strong>:</strong></span> <span class='ocrx_word' id='word_1_31' title='bbox 1381 577 1456 632; x_wconf 91' lang='lat' dir='ltr'><strong>illi</strong></span> <span class='ocrx_word' id='word_1_32' title='bbox 1495 580 1635 630; x_wconf 92' lang='lat' dir='ltr'><strong>enim</strong></span> <span class='ocrx_word' id='word_1_33' title='bbox 1671 578 1722 630; x_wconf 92' lang='lat' dir='ltr'><strong>in</strong></span> <span class='ocrx_word' id='word_1_34' title='bbox 1763 589 1951 644; x_wconf 86' lang='lat' dir='ltr'><strong>magna</strong></span> 
     </span>
    </p>
   </div>
   <div class='ocr_carea' id='block_1_5' title="bbox 364 665 1954 736">
    <p class='ocr_par' dir='ltr' id='par_1_5' title="bbox 364 665 1954 736">
     <span class='ocr_line' id='line_1_5' title="bbox 364 665 1954 736; baseline -0.007 -10"><span class='ocrx_word' id='word_1_35' title='bbox 364 672 758 726; x_wconf 81' lang='lat' dir='ltr'><strong>existimatione</strong></span> <span class='ocrx_word' id='word_1_36' title='bbox 781 681 953 724; x_wconf 87' lang='lat' dir='ltr'><strong>erant.</strong></span> <span class='ocrx_word' id='word_1_37' title='bbox 979 667 1118 722; x_wconf 85' lang='lat' dir='ltr'><strong>Huic</strong></span> <span class='ocrx_word' id='word_1_38' title='bbox 1137 684 1310 721; x_wconf 87' lang='lat' dir='ltr'><strong>omnes</strong></span> <span class='ocrx_word' id='word_1_39' title='bbox 1337 667 1595 736; x_wconf 76' lang='lat' dir='ltr'><strong>prapheta:</strong></span> <span class='ocrx_word' id='word_1_40' title='bbox 1618 665 1954 718; x_wconf 84' lang='lat' dir='ltr'><strong>testimonium</strong></span> 
     </span>
    </p>
   </div>
   <div class='ocr_carea' id='block_1_6' title="bbox 368 754 1952 832">
    <p class='ocr_par' dir='ltr' id='par_1_6' title="bbox 368 754 1952 832">
     <span class='ocr_line' id='line_1_6' title="bbox 368 754 1952 832; baseline -0.006 -16"><span class='ocrx_word' id='word_1_41' title='bbox 368 763 648 832; x_wconf 73' lang='lat' dir='ltr'><strong>perhibent.</strong></span> <span class='ocrx_word' id='word_1_42' title='bbox 686 761 975 830; x_wconf 82' lang='lat' dir='ltr'><strong>Postquam</strong></span> <span class='ocrx_word' id='word_1_43' title='bbox 1010 760 1200 813; x_wconf 86' lang='lat' dir='ltr'><strong>timore</strong></span> <span class='ocrx_word' id='word_1_44' title='bbox 1229 759 1520 827; x_wconf 90' lang='lat' dir='ltr'><strong>perculsit,</strong></span> <span class='ocrx_word' id='word_1_45' title='bbox 1567 765 1694 808; x_wconf 91' lang='lat' dir='ltr'><strong>tunc</strong></span> <span class='ocrx_word' id='word_1_46' title='bbox 1740 754 1952 808; x_wconf 84' lang='lat' dir='ltr'><strong>veniam</strong></span> 
     </span>
    </p>
   </div>
   <div class='ocr_carea' id='block_1_7' title="bbox 368 844 1952 919">
    <p class='ocr_par' dir='ltr' id='par_1_7' title="bbox 368 844 1952 919">
     <span class='ocr_line' id='line_1_7' title="bbox 368 844 1952 919; baseline -0.008 -10"><span class='ocrx_word' id='word_1_47' title='bbox 368 857 590 919; x_wconf 85' lang='lat' dir='ltr'><strong>inducit,</strong></span> <span class='ocrx_word' id='word_1_48' title='bbox 619 871 725 907; x_wconf 91' lang='lat' dir='ltr'><strong>non</strong></span> <span class='ocrx_word' id='word_1_49' title='bbox 754 854 821 907; x_wconf 88' lang='lat' dir='ltr'><strong>ab</strong></span> <span class='ocrx_word' id='word_1_50' title='bbox 850 854 963 916; x_wconf 92' lang='lat' dir='ltr'><strong>illo,</strong></span> <span class='ocrx_word' id='word_1_51' title='bbox 992 852 1083 906; x_wconf 89' lang='lat' dir='ltr'><strong>sed</strong></span> <span class='ocrx_word' id='word_1_52' title='bbox 1112 866 1140 904; x_wconf 89' lang='lat' dir='ltr'><strong>a</strong></span> <span class='ocrx_word' id='word_1_53' title='bbox 1173 850 1444 919; x_wconf 84' lang='lat' dir='ltr'><strong>prophetis</strong></span> <span class='ocrx_word' id='word_1_54' title='bbox 1467 848 1682 900; x_wconf 83' lang='lat' dir='ltr'><strong>dictam.</strong></span> <span class='ocrx_word' id='word_1_55' title='bbox 1717 845 1782 898; x_wconf 89' lang='lat' dir='ltr'><strong>Et</strong></span> <span class='ocrx_word' id='word_1_56' title='bbox 1809 844 1952 913; x_wconf 86' lang='lat' dir='ltr'><strong>quod</strong></span> 
     </span>
    </p>
   </div>
   <div class='ocr_carea' id='block_1_8' title="bbox 367 935 1955 1012">
    <p class='ocr_par' dir='ltr' id='par_1_8' title="bbox 367 935 1955 1012">
     <span class='ocr_line' id='line_1_8' title="bbox 367 935 1955 1012; baseline -0.007 -14"><span class='ocrx_word' id='word_1_57' title='bbox 367 945 603 1000; x_wconf 88' lang='lat' dir='ltr'><strong>terribile</strong></span> <span class='ocrx_word' id='word_1_58' title='bbox 629 955 767 1011; x_wconf 87' lang='lat' dir='ltr'><strong>erat,</strong></span> <span class='ocrx_word' id='word_1_59' title='bbox 795 944 862 998; x_wconf 88' lang='lat' dir='ltr'><strong>ab</strong></span> <span class='ocrx_word' id='word_1_60' title='bbox 893 943 983 996; x_wconf 91' lang='lat' dir='ltr'><strong>illo</strong></span> <span class='ocrx_word' id='word_1_61' title='bbox 1007 960 1022 1007; x_wconf 88' lang='lat'><strong>;</strong></span> <span class='ocrx_word' id='word_1_62' title='bbox 1051 942 1190 1012; x_wconf 90' lang='lat' dir='ltr'><strong>quod</strong></span> <span class='ocrx_word' id='word_1_63' title='bbox 1223 949 1399 994; x_wconf 90' lang='lat' dir='ltr'><strong>autem</strong></span> <span class='ocrx_word' id='word_1_64' title='bbox 1432 939 1634 1001; x_wconf 91' lang='lat' dir='ltr'><strong>mitius,</strong></span> <span class='ocrx_word' id='word_1_65' title='bbox 1663 952 1694 991; x_wconf 89' lang='lat' dir='ltr'><strong>a</strong></span> <span class='ocrx_word' id='word_1_66' title='bbox 1725 935 1955 1005; x_wconf 80' lang='lat' dir='ltr'><strong>prophe-</strong></span> 
     </span>
    </p>
   </div>
   <div class='ocr_carea' id='block_1_9' title="bbox 367 1031 1951 1109">
    <p class='ocr_par' dir='ltr' id='par_1_9' title="bbox 367 1031 1951 1109">
     <span class='ocr_line' id='line_1_9' title="bbox 367 1031 1951 1109; baseline -0.008 -16"><span class='ocrx_word' id='word_1_67' title='bbox 367 1042 431 1093; x_wconf 87' lang='lat' dir='ltr'><strong>tis</strong></span> <span class='ocrx_word' id='word_1_68' title='bbox 459 1039 915 1109; x_wconf 88' lang='lat' dir='ltr'><strong>proficiscebatur.</strong></span> <span class='ocrx_word' id='word_1_69' title='bbox 945 1036 1216 1105; x_wconf 86' lang='lat' dir='ltr'><strong>Quotquot</strong></span> <span class='ocrx_word' id='word_1_70' title='bbox 1243 1035 1382 1088; x_wconf 90' lang='lat' dir='ltr'><strong>hanc</strong></span> <span class='ocrx_word' id='word_1_71' title='bbox 1407 1031 1778 1087; x_wconf 74' lang='lat' dir='ltr'><strong>remissionem</strong></span> <span class='ocrx_word' id='word_1_72' title='bbox 1817 1041 1951 1082; x_wconf 85' lang='lat' dir='ltr'><strong>con-</strong></span> 
     </span>
    </p>
   </div>
   <div class='ocr_carea' id='block_1_10' title="bbox 366 1119 1951 1201">
    <p class='ocr_par' dir='ltr' id='par_1_10' title="bbox 366 1119 1951 1201">
     <span class='ocr_line' id='line_1_10' title="bbox 366 1119 1951 1201; baseline -0.008 -17"><span class='ocrx_word' id='word_1_73' title='bbox 366 1131 575 1201; x_wconf 80' lang='lat' dir='ltr'><strong>sequuti</strong></span> <span class='ocrx_word' id='word_1_74' title='bbox 604 1137 733 1184; x_wconf 66' lang='lat' dir='ltr'><strong>estis</strong></span> <span class='ocrx_word' id='word_1_75' title='bbox 756 1169 772 1195; x_wconf 93' lang='lat'><strong>,</strong></span> <span class='ocrx_word' id='word_1_76' title='bbox 819 1138 1076 1198; x_wconf 86' lang='lat' dir='ltr'><strong>quotquot</strong></span> <span class='ocrx_word' id='word_1_77' title='bbox 1107 1127 1262 1180; x_wconf 87' lang='lat' dir='ltr'><strong>tidem</strong></span> <span class='ocrx_word' id='word_1_78' title='bbox 1308 1125 1447 1179; x_wconf 90' lang='lat' dir='ltr'><strong>nacti</strong></span> <span class='ocrx_word' id='word_1_79' title='bbox 1483 1125 1611 1176; x_wconf 80' lang='lat' dir='ltr'><strong>estis</strong></span> <span class='ocrx_word' id='word_1_80' title='bbox 1637 1139 1650 1186; x_wconf 94' lang='lat'><strong>;</strong></span> <span class='ocrx_word' id='word_1_81' title='bbox 1675 1137 1796 1174; x_wconf 92' lang='lat' dir='ltr'><strong>cum</strong></span> <span class='ocrx_word' id='word_1_82' title='bbox 1824 1119 1951 1173; x_wconf 90' lang='lat' dir='ltr'><strong>doni</strong></span> 
     </span>
    </p>
   </div>
   <div class='ocr_carea' id='block_1_11' title="bbox 367 1218 1952 1294">
    <p class='ocr_par' dir='ltr' id='par_1_11' title="bbox 367 1218 1952 1294">
     <span class='ocr_line' id='line_1_11' title="bbox 367 1218 1952 1294; baseline -0.006 -16"><span class='ocrx_word' id='word_1_83' title='bbox 367 1223 785 1294; x_wconf 82' lang='lat' dir='ltr'><strong>magnitudinem</strong></span> <span class='ocrx_word' id='word_1_84' title='bbox 816 1221 1108 1276; x_wconf 89' lang='lat' dir='ltr'><strong>didiceritis</strong></span> <span class='ocrx_word' id='word_1_85' title='bbox 1129 1262 1144 1283; x_wconf 90' lang='lat'><strong>,</strong></span> <span class='ocrx_word' id='word_1_86' title='bbox 1175 1221 1420 1283; x_wconf 84' lang='lat' dir='ltr'><strong>obsecro,</strong></span> <span class='ocrx_word' id='word_1_87' title='bbox 1457 1218 1580 1271; x_wconf 86' lang='lat' dir='ltr'><strong>date</strong></span> <span class='ocrx_word' id='word_1_88' title='bbox 1616 1230 1855 1284; x_wconf 89' lang='lat' dir='ltr'><strong>operam,</strong></span> <span class='ocrx_word' id='word_1_89' title='bbox 1884 1228 1952 1268; x_wconf 87' lang='lat' dir='ltr'><strong>ne</strong></span> 
     </span>
    </p>
   </div>
   <div class='ocr_carea' id='block_1_12' title="bbox 368 1306 1948 1370">
    <p class='ocr_par' dir='ltr' id='par_1_12' title="bbox 368 1306 1948 1370">
     <span class='ocr_line' id='line_1_12' title="bbox 368 1306 1948 1370; baseline -0.008 -1"><span class='ocrx_word' id='word_1_90' title='bbox 368 1315 771 1370; x_wconf 80' lang='lat' dir='ltr'><strong>Bent-factorem</strong></span> <span class='ocrx_word' id='word_1_91' title='bbox 837 1313 1156 1367; x_wconf 83' lang='lat' dir='ltr'><strong>contumelia</strong></span> <span class='ocrx_word' id='word_1_92' title='bbox 1221 1311 1487 1364; x_wconf 86' lang='lat' dir='ltr'><strong>alliciatis.</strong></span> <span class='ocrx_word' id='word_1_93' title='bbox 1559 1306 1948 1362; x_wconf 79' lang='lat' dir='ltr'><strong>Remissionem</strong></span> 
     </span>
    </p>
   </div>
   <div class='ocr_carea' id='block_1_13' title="bbox 371 1397 1950 1474">
    <p class='ocr_par' dir='ltr' id='par_1_13' title="bbox 371 1397 1950 1474">
     <span class='ocr_line' id='line_1_13' title="bbox 371 1397 1950 1474; baseline -0.005 -16"><span class='ocrx_word' id='word_1_94' title='bbox 371 1420 600 1474; x_wconf 85' lang='lat' dir='ltr'><strong>namque</strong></span> <span class='ocrx_word' id='word_1_95' title='bbox 627 1406 944 1472; x_wconf 88' lang='lat' dir='ltr'><strong>consequuti</strong></span> <span class='ocrx_word' id='word_1_96' title='bbox 973 1420 1177 1467; x_wconf 86' lang='lat' dir='ltr'><strong>smnus,</strong></span> <span class='ocrx_word' id='word_1_97' title='bbox 1208 1419 1311 1455; x_wconf 92' lang='lat' dir='ltr'><strong>non</strong></span> <span class='ocrx_word' id='word_1_98' title='bbox 1343 1410 1398 1455; x_wconf 88' lang='lat' dir='ltr'><strong>ut</strong></span> <span class='ocrx_word' id='word_1_99' title='bbox 1423 1401 1717 1456; x_wconf 87' lang='lat' dir='ltr'><strong>deteriores</strong></span> <span class='ocrx_word' id='word_1_100' title='bbox 1748 1397 1950 1453; x_wconf 80' lang='lat' dir='ltr'><strong>efﬁcia-</strong></span> 
     </span>
    </p>
   </div>
   <div class='ocr_carea' id='block_1_14' title="bbox 367 1494 1709 1561">
    <p class='ocr_par' dir='ltr' id='par_1_14' title="bbox 367 1494 1709 1561">
     <span class='ocr_line' id='line_1_14' title="bbox 367 1494 1709 1561; baseline -0.004 -12"><span class='ocrx_word' id='word_1_101' title='bbox 367 1511 508 1559; x_wconf 89' lang='lat' dir='ltr'><strong>mur,</strong></span> <span class='ocrx_word' id='word_1_102' title='bbox 541 1495 633 1548; x_wconf 89' lang='lat' dir='ltr'><strong>sed</strong></span> <span class='ocrx_word' id='word_1_103' title='bbox 661 1503 717 1548; x_wconf 93' lang='lat' dir='ltr'><strong>ut</strong></span> <span class='ocrx_word' id='word_1_104' title='bbox 745 1495 914 1548; x_wconf 92' lang='lat' dir='ltr'><strong>multo</strong></span> <span class='ocrx_word' id='word_1_105' title='bbox 937 1494 1186 1547; x_wconf 88' lang='lat' dir='ltr'><strong>meliores</strong></span> <span class='ocrx_word' id='word_1_106' title='bbox 1212 1504 1264 1548; x_wconf 90' lang='lat' dir='ltr'><strong>et</strong></span> <span class='ocrx_word' id='word_1_107' title='bbox 1295 1494 1709 1561; x_wconf 67' lang='lat' dir='ltr'><strong>praestautiores.</strong></span> 
     </span>
    </p>
   </div>
   <div class='ocr_carea' id='block_1_15' title="bbox 439 1581 1948 1654">
    <p class='ocr_par' dir='ltr' id='par_1_15' title="bbox 439 1581 1948 1654">
     <span class='ocr_line' id='line_1_15' title="bbox 439 1581 1948 1654; baseline -0.003 -14"><span class='ocrx_word' id='word_1_108' title='bbox 439 1586 578 1640; x_wconf 82' lang='lat' dir='ltr'><strong>Deus</strong></span> <span class='ocrx_word' id='word_1_109' title='bbox 598 1603 698 1640; x_wconf 86' lang='lat' dir='ltr'><strong>non</strong></span> <span class='ocrx_word' id='word_1_110' title='bbox 722 1597 795 1640; x_wconf 83' lang='lat' dir='ltr'><strong>est</strong></span> <span class='ocrx_word' id='word_1_111' title='bbox 822 1603 976 1638; x_wconf 88' lang='lat' dir='ltr'><strong>causa</strong></span> <span class='ocrx_word' id='word_1_112' title='bbox 1004 1585 1271 1638; x_wconf 83' lang='lat' dir='ltr'><strong>mulorum.</strong></span> <span class='ocrx_word' id='word_1_113' title='bbox 1299 1613 1370 1624; x_wconf 90' lang='lat'><strong>—</strong></span> <span class='ocrx_word' id='word_1_114' title='bbox 1398 1584 1565 1639; x_wconf 88' lang='lat' dir='ltr'><strong>Nemo</strong></span> <span class='ocrx_word' id='word_1_115' title='bbox 1591 1583 1749 1654; x_wconf 82' lang='lat' dir='ltr'><strong>igitur</strong></span> <span class='ocrx_word' id='word_1_116' title='bbox 1773 1581 1948 1646; x_wconf 85' lang='lat' dir='ltr'><strong>dicat,</strong></span> 
     </span>
    </p>
   </div>
   <div class='ocr_carea' id='block_1_16' title="bbox 370 1674 1946 1746">
    <p class='ocr_par' dir='ltr' id='par_1_16' title="bbox 370 1674 1946 1746">
     <span class='ocr_line' id='line_1_16' title="bbox 370 1674 1946 1746; baseline -0.004 -15"><span class='ocrx_word' id='word_1_117' title='bbox 370 1678 537 1731; x_wconf 91' lang='lat' dir='ltr'><strong>Deum</strong></span> <span class='ocrx_word' id='word_1_118' title='bbox 561 1691 681 1731; x_wconf 91' lang='lat' dir='ltr'><strong>esse</strong></span> <span class='ocrx_word' id='word_1_119' title='bbox 707 1677 862 1730; x_wconf 91' lang='lat' dir='ltr'><strong>nobis</strong></span> <span class='ocrx_word' id='word_1_120' title='bbox 882 1691 1099 1731; x_wconf 86' lang='lat' dir='ltr'><strong>causam</strong></span> <span class='ocrx_word' id='word_1_121' title='bbox 1126 1677 1407 1741; x_wconf 90' lang='lat' dir='ltr'><strong>malorum,</strong></span> <span class='ocrx_word' id='word_1_122' title='bbox 1437 1676 1577 1746; x_wconf 91' lang='lat' dir='ltr'><strong>quod</strong></span> <span class='ocrx_word' id='word_1_123' title='bbox 1610 1690 1714 1730; x_wconf 93' lang='lat' dir='ltr'><strong>non</strong></span> <span class='ocrx_word' id='word_1_124' title='bbox 1743 1674 1946 1743; x_wconf 86' lang='lat' dir='ltr'><strong>puniat,</strong></span> 
     </span>
    </p>
   </div>
   <div class='ocr_carea' id='block_1_17' title="bbox 367 1767 1950 1836">
    <p class='ocr_par' dir='ltr' id='par_1_17' title="bbox 367 1767 1950 1836">
     <span class='ocr_line' id='line_1_17' title="bbox 367 1767 1950 1836; baseline -0.001 -14"><span class='ocrx_word' id='word_1_125' title='bbox 367 1783 468 1822; x_wconf 89' lang='lat' dir='ltr'><strong>nec</strong></span> <span class='ocrx_word' id='word_1_126' title='bbox 510 1768 827 1836; x_wconf 83' lang='lat' dir='ltr'><strong>supplicium</strong></span> <span class='ocrx_word' id='word_1_127' title='bbox 874 1767 1089 1822; x_wconf 80' lang='lat' dir='ltr'><strong>inferat.</strong></span> <span class='ocrx_word' id='word_1_128' title='bbox 1133 1769 1225 1821; x_wconf 74' lang='lat' dir='ltr'><strong>llic</strong></span> <span class='ocrx_word' id='word_1_129' title='bbox 1263 1769 1403 1822; x_wconf 91' lang='lat' dir='ltr'><strong>enim</strong></span> <span class='ocrx_word' id='word_1_130' title='bbox 1445 1767 1596 1831; x_wconf 89' lang='lat' dir='ltr'><strong>mihi,</strong></span> <span class='ocrx_word' id='word_1_131' title='bbox 1626 1768 1670 1821; x_wconf 89' lang='lat' dir='ltr'><strong>si</strong></span> <span class='ocrx_word' id='word_1_132' title='bbox 1702 1767 1950 1835; x_wconf 83' lang='lat' dir='ltr'><strong>princeps</strong></span> 
     </span>
    </p>
   </div>
   <div class='ocr_carea' id='block_1_18' title="bbox 367 1858 1947 1929">
    <p class='ocr_par' dir='ltr' id='par_1_18' title="bbox 367 1858 1947 1929">
     <span class='ocr_line' id='line_1_18' title="bbox 367 1858 1947 1929; baseline -0.001 -17"><span class='ocrx_word' id='word_1_133' title='bbox 367 1860 628 1929; x_wconf 87' lang='lat' dir='ltr'><strong>quispiam</strong></span> <span class='ocrx_word' id='word_1_134' title='bbox 672 1868 883 1928; x_wconf 90' lang='lat' dir='ltr'><strong>captum</strong></span> <span class='ocrx_word' id='word_1_135' title='bbox 931 1858 1252 1912; x_wconf 81' lang='lat' dir='ltr'><strong>homicidam</strong></span> <span class='ocrx_word' id='word_1_136' title='bbox 1291 1858 1580 1923; x_wconf 84' lang='lat' dir='ltr'><strong>dimiserit,</strong></span> <span class='ocrx_word' id='word_1_137' title='bbox 1611 1873 1676 1911; x_wconf 91' lang='lat' dir='ltr'><strong>an</strong></span> <span class='ocrx_word' id='word_1_138' title='bbox 1716 1873 1947 1927; x_wconf 82' lang='lat' dir='ltr'><strong>sequen-</strong></span> 
     </span>
    </p>
   </div>
   <div class='ocr_carea' id='block_1_19' title="bbox 368 1951 1951 2025">
    <p class='ocr_par' dir='ltr' id='par_1_19' title="bbox 368 1951 1951 2025">
     <span class='ocr_line' id='line_1_19' title="bbox 368 1951 1951 2025; baseline -0.001 -20"><span class='ocrx_word' id='word_1_139' title='bbox 368 1953 497 2005; x_wconf 84' lang='lat' dir='ltr'><strong>tium</strong></span> <span class='ocrx_word' id='word_1_140' title='bbox 547 1951 777 2006; x_wconf 70' lang='lat' dir='ltr'><strong>cardium</strong></span> <span class='ocrx_word' id='word_1_141' title='bbox 823 1961 1009 2025; x_wconf 73' lang='lat' dir='ltr'><strong>auctor</strong></span> <span class='ocrx_word' id='word_1_142' title='bbox 1049 1967 1170 2007; x_wconf 91' lang='lat' dir='ltr'><strong>esse</strong></span> <span class='ocrx_word' id='word_1_143' title='bbox 1207 1952 1568 2022; x_wconf 75' lang='lat' dir='ltr'><strong>iudicabitur?</strong></span> <span class='ocrx_word' id='word_1_144' title='bbox 1606 1951 1840 2006; x_wconf 86' lang='lat' dir='ltr'><strong>Minime.</strong></span> <span class='ocrx_word' id='word_1_145' title='bbox 1887 1951 1951 2004; x_wconf 87' lang='lat' dir='ltr'><strong>Et</strong></span> 
     </span>
    </p>
   </div>
   <div class='ocr_carea' id='block_1_20' title="bbox 368 2043 1950 2113">
    <p class='ocr_par' dir='ltr' id='par_1_20' title="bbox 368 2043 1950 2113">
     <span class='ocr_line' id='line_1_20' title="bbox 368 2043 1950 2113; baseline 0 -17"><span class='ocrx_word' id='word_1_146' title='bbox 368 2043 668 2111; x_wconf 87' lang='lat' dir='ltr'><strong>quomodo,</strong></span> <span class='ocrx_word' id='word_1_147' title='bbox 696 2043 824 2097; x_wconf 85' lang='lat' dir='ltr'><strong>dum</strong></span> <span class='ocrx_word' id='word_1_148' title='bbox 867 2044 1042 2113; x_wconf 87' lang='lat' dir='ltr'><strong>impiis</strong></span> <span class='ocrx_word' id='word_1_149' title='bbox 1085 2044 1280 2113; x_wconf 88' lang='lat' dir='ltr'><strong>linguis</strong></span> <span class='ocrx_word' id='word_1_150' title='bbox 1320 2044 1578 2098; x_wconf 88' lang='lat' dir='ltr'><strong>audemus</strong></span> <span class='ocrx_word' id='word_1_151' title='bbox 1613 2043 1723 2098; x_wconf 92' lang='lat' dir='ltr'><strong>Deo</strong></span> <span class='ocrx_word' id='word_1_152' title='bbox 1761 2053 1950 2098; x_wconf 84' lang='lat' dir='ltr'><strong>contu-</strong></span> 
     </span>
    </p>
   </div>
   <div class='ocr_carea' id='block_1_21' title="bbox 369 2133 1950 2200">
    <p class='ocr_par' dir='ltr' id='par_1_21' title="bbox 369 2133 1950 2200">
     <span class='ocr_line' id='line_1_21' title="bbox 369 2133 1950 2200; baseline 0.001 -15"><span class='ocrx_word' id='word_1_153' title='bbox 369 2134 581 2188; x_wconf 85' lang='lat' dir='ltr'><strong>meliam</strong></span> <span class='ocrx_word' id='word_1_154' title='bbox 623 2133 855 2200; x_wconf 88' lang='lat' dir='ltr'><strong>inferre,</strong></span> <span class='ocrx_word' id='word_1_155' title='bbox 887 2150 990 2188; x_wconf 91' lang='lat' dir='ltr'><strong>non</strong></span> <span class='ocrx_word' id='word_1_156' title='bbox 1024 2134 1304 2199; x_wconf 84' lang='lat' dir='ltr'><strong>timemus,</strong></span> <span class='ocrx_word' id='word_1_157' title='bbox 1336 2150 1435 2189; x_wconf 90' lang='lat' dir='ltr'><strong>nec</strong></span> <span class='ocrx_word' id='word_1_158' title='bbox 1475 2133 1950 2190; x_wconf 83' lang='lat' dir='ltr'><strong>exhorrescimos?</strong></span> 
     </span>
    </p>
   </div>
   <div class='ocr_carea' id='block_1_22' title="bbox 367 2225 1948 2296">
    <p class='ocr_par' dir='ltr' id='par_1_22' title="bbox 367 2225 1948 2296">
     <span class='ocr_line' id='line_1_22' title="bbox 367 2225 1948 2296; baseline 0.001 -18"><span class='ocrx_word' id='word_1_159' title='bbox 367 2226 501 2292; x_wconf 81' lang='lat' dir='ltr'><strong>Quid</strong></span> <span class='ocrx_word' id='word_1_160' title='bbox 531 2226 673 2280; x_wconf 89' lang='lat' dir='ltr'><strong>enim</strong></span> <span class='ocrx_word' id='word_1_161' title='bbox 699 2243 807 2280; x_wconf 89' lang='lat' dir='ltr'><strong>non</strong></span> <span class='ocrx_word' id='word_1_162' title='bbox 832 2225 1047 2281; x_wconf 85' lang='lat' dir='ltr'><strong>dicent?</strong></span> <span class='ocrx_word' id='word_1_163' title='bbox 1066 2226 1190 2296; x_wconf 91' lang='lat' dir='ltr'><strong>quid</strong></span> <span class='ocrx_word' id='word_1_164' title='bbox 1215 2243 1318 2280; x_wconf 94' lang='lat' dir='ltr'><strong>non</strong></span> <span class='ocrx_word' id='word_1_165' title='bbox 1345 2227 1665 2296; x_wconf 83' lang='lat' dir='ltr'><strong>loquentur?</strong></span> <span class='ocrx_word' id='word_1_166' title='bbox 1692 2227 1809 2296; x_wconf 89' lang='lat' dir='ltr'><strong>Ipse</strong></span> <span class='ocrx_word' id='word_1_167' title='bbox 1831 2242 1948 2295; x_wconf 90' lang='lat' dir='ltr'><strong>per-</strong></span> 
     </span>
    </p>
   </div>
   <div class='ocr_carea' id='block_1_23' title="bbox 367 2318 1948 2392">
    <p class='ocr_par' dir='ltr' id='par_1_23' title="bbox 367 2318 1948 2392">
     <span class='ocr_line' id='line_1_23' title="bbox 367 2318 1948 2392; baseline 0.004 -22"><span class='ocrx_word' id='word_1_168' title='bbox 367 2318 531 2384; x_wconf 87' lang='lat' dir='ltr'><strong>misit,</strong></span> <span class='ocrx_word' id='word_1_169' title='bbox 559 2319 804 2389; x_wconf 91' lang='lat' dir='ltr'><strong>inquiunt</strong></span> <span class='ocrx_word' id='word_1_170' title='bbox 831 2337 845 2373; x_wconf 88' lang='lat'>:</span> <span class='ocrx_word' id='word_1_171' title='bbox 869 2321 1147 2389; x_wconf 87' lang='lat' dir='ltr'><strong>oportebat</strong></span> <span class='ocrx_word' id='word_1_172' title='bbox 1171 2321 1314 2375; x_wconf 90' lang='lat' dir='ltr'><strong>enim</strong></span> <span class='ocrx_word' id='word_1_173' title='bbox 1346 2321 1536 2392; x_wconf 89' lang='lat' dir='ltr'><strong>dignos</strong></span> <span class='ocrx_word' id='word_1_174' title='bbox 1555 2323 1820 2392; x_wconf 83' lang='lat' dir='ltr'><strong>supplicio</strong></span> <span class='ocrx_word' id='word_1_175' title='bbox 1843 2339 1948 2377; x_wconf 90' lang='lat' dir='ltr'><strong>non</strong></span> 
     </span>
    </p>
   </div>
   <div class='ocr_carea' id='block_1_24' title="bbox 368 2408 1948 2482">
    <p class='ocr_par' dir='ltr' id='par_1_24' title="bbox 368 2408 1948 2482">
     <span class='ocr_line' id='line_1_24' title="bbox 368 2408 1948 2482; baseline 0.003 -20"><span class='ocrx_word' id='word_1_176' title='bbox 368 2408 653 2474; x_wconf 85' lang='lat' dir='ltr'><strong>honorare,</strong></span> <span class='ocrx_word' id='word_1_177' title='bbox 703 2426 809 2464; x_wconf 91' lang='lat' dir='ltr'><strong>non</strong></span> <span class='ocrx_word' id='word_1_178' title='bbox 853 2426 1134 2479; x_wconf 90' lang='lat' dir='ltr'><strong>coronare,</strong></span> <span class='ocrx_word' id='word_1_179' title='bbox 1159 2427 1265 2465; x_wconf 92' lang='lat' dir='ltr'><strong>non</strong></span> <span class='ocrx_word' id='word_1_180' title='bbox 1317 2414 1542 2481; x_wconf 86' lang='lat' dir='ltr'><strong>primatu</strong></span> <span class='ocrx_word' id='word_1_181' title='bbox 1573 2413 1809 2482; x_wconf 82' lang='lat' dir='ltr'><strong>dignari,</strong></span> <span class='ocrx_word' id='word_1_182' title='bbox 1852 2413 1948 2467; x_wconf 90' lang='lat' dir='ltr'><strong>sed</strong></span> 
     </span>
    </p>
   </div>
   <div class='ocr_carea' id='block_1_25' title="bbox 367 2502 1948 2570">
    <p class='ocr_par' dir='ltr' id='par_1_25' title="bbox 367 2502 1948 2570">
     <span class='ocr_line' id='line_1_25' title="bbox 367 2502 1948 2570; baseline 0.004 -19"><span class='ocrx_word' id='word_1_183' title='bbox 367 2502 557 2568; x_wconf 87' lang='lat' dir='ltr'><strong>punire</strong></span> <span class='ocrx_word' id='word_1_184' title='bbox 578 2512 631 2554; x_wconf 93' lang='lat' dir='ltr'><strong>et</strong></span> <span class='ocrx_word' id='word_1_185' title='bbox 654 2503 870 2568; x_wconf 85' lang='lat' dir='ltr'><strong>ulcisci;</strong></span> <span class='ocrx_word' id='word_1_186' title='bbox 907 2503 994 2557; x_wconf 90' lang='lat' dir='ltr'><strong>ille</strong></span> <span class='ocrx_word' id='word_1_187' title='bbox 1019 2518 1148 2558; x_wconf 86' lang='lat' dir='ltr'><strong>vero</strong></span> <span class='ocrx_word' id='word_1_188' title='bbox 1174 2514 1381 2568; x_wconf 86' lang='lat' dir='ltr'><strong>contra,</strong></span> <span class='ocrx_word' id='word_1_189' title='bbox 1405 2505 1530 2558; x_wconf 91' lang='lat' dir='ltr'><strong>dum</strong></span> <span class='ocrx_word' id='word_1_190' title='bbox 1557 2505 1678 2560; x_wconf 90' lang='lat' dir='ltr'><strong>illos</strong></span> <span class='ocrx_word' id='word_1_191' title='bbox 1702 2506 1948 2570; x_wconf 88' lang='lat' dir='ltr'><strong>honorat,</strong></span> 
     </span>
    </p>
   </div>
   <div class='ocr_carea' id='block_1_26' title="bbox 366 2590 1952 2665">
    <p class='ocr_par' dir='ltr' id='par_1_26' title="bbox 366 2590 1952 2665">
     <span class='ocr_line' id='line_1_26' title="bbox 366 2590 1952 2665; baseline 0.003 -22"><span class='ocrx_word' id='word_1_192' title='bbox 366 2590 504 2644; x_wconf 87' lang='lat' dir='ltr'><strong>tales</strong></span> <span class='ocrx_word' id='word_1_193' title='bbox 534 2592 678 2660; x_wconf 87' lang='lat' dir='ltr'><strong>ipsos</strong></span> <span class='ocrx_word' id='word_1_194' title='bbox 704 2593 888 2648; x_wconf 86' lang='lat' dir='ltr'><strong>efficit.</strong></span> <span class='ocrx_word' id='word_1_195' title='bbox 918 2593 1014 2660; x_wconf 84' lang='lat' dir='ltr'><strong>Ne,</strong></span> <span class='ocrx_word' id='word_1_196' title='bbox 1043 2610 1225 2665; x_wconf 67' lang='lat' dir='ltr'><strong>qumso</strong></span> <span class='ocrx_word' id='word_1_197' title='bbox 1253 2604 1307 2650; x_wconf 89' lang='lat' dir='ltr'><strong>et</strong></span> <span class='ocrx_word' id='word_1_198' title='bbox 1332 2611 1448 2658; x_wconf 89' lang='lat' dir='ltr'><strong>oro,</strong></span> <span class='ocrx_word' id='word_1_199' title='bbox 1479 2611 1548 2651; x_wconf 89' lang='lat' dir='ltr'><strong>ne</strong></span> <span class='ocrx_word' id='word_1_200' title='bbox 1568 2596 1827 2665; x_wconf 88' lang='lat' dir='ltr'><strong>quispiam</strong></span> <span class='ocrx_word' id='word_1_201' title='bbox 1856 2612 1952 2650; x_wconf 85' lang='lat' dir='ltr'><strong>no-</strong></span> 
     </span>
    </p>
   </div>
   <div class='ocr_carea' id='block_1_27' title="bbox 366 2685 1950 2744">
    <p class='ocr_par' dir='ltr' id='par_1_27' title="bbox 366 2685 1950 2744">
     <span class='ocr_line' id='line_1_27' title="bbox 366 2685 1950 2744; baseline 0.006 -9"><span class='ocrx_word' id='word_1_202' title='bbox 366 2694 534 2736; x_wconf 89' lang='lat' dir='ltr'><strong>strum</strong></span> <span class='ocrx_word' id='word_1_203' title='bbox 568 2685 726 2738; x_wconf 87' lang='lat' dir='ltr'><strong>talem</strong></span> <span class='ocrx_word' id='word_1_204' title='bbox 767 2688 975 2741; x_wconf 83' lang='lat' dir='ltr'><strong>emittat</strong></span> <span class='ocrx_word' id='word_1_205' title='bbox 1013 2703 1218 2742; x_wconf 90' lang='lat' dir='ltr'><strong>vocem.</strong></span> <span class='ocrx_word' id='word_1_206' title='bbox 1254 2688 1434 2744; x_wconf 89' lang='lat' dir='ltr'><strong>Satius</strong></span> <span class='ocrx_word' id='word_1_207' title='bbox 1459 2689 1618 2744; x_wconf 81' lang='lat' dir='ltr'><strong>fuerit</strong></span> <span class='ocrx_word' id='word_1_208' title='bbox 1652 2691 1950 2744; x_wconf 82' lang='lat' dir='ltr'><strong>sexcenties</strong></span> 
     </span>
    </p>
   </div>
   <div class='ocr_carea' id='block_1_28' title="bbox 364 2773 1949 2848">
    <p class='ocr_par' dir='ltr' id='par_1_28' title="bbox 364 2773 1949 2848">
     <span class='ocr_line' id='line_1_28' title="bbox 364 2773 1949 2848; baseline 0.004 -22"><span class='ocrx_word' id='word_1_209' title='bbox 364 2773 567 2839; x_wconf 89' lang='lat' dir='ltr'><strong>defodi,</strong></span> <span class='ocrx_word' id='word_1_210' title='bbox 589 2791 748 2844; x_wconf 88' lang='lat' dir='ltr'><strong>quam</strong></span> <span class='ocrx_word' id='word_1_211' title='bbox 776 2776 941 2832; x_wconf 91' lang='lat' dir='ltr'><strong>Deum</strong></span> <span class='ocrx_word' id='word_1_212' title='bbox 973 2794 1068 2848; x_wconf 89' lang='lat' dir='ltr'><strong>per</strong></span> <span class='ocrx_word' id='word_1_213' title='bbox 1095 2795 1192 2834; x_wconf 89' lang='lat' dir='ltr'><strong>nos</strong></span> <span class='ocrx_word' id='word_1_214' title='bbox 1219 2781 1342 2834; x_wconf 88' lang='lat' dir='ltr'><strong>talia</strong></span> <span class='ocrx_word' id='word_1_215' title='bbox 1367 2781 1570 2836; x_wconf 90' lang='lat' dir='ltr'><strong>audire.</strong></span> <span class='ocrx_word' id='word_1_216' title='bbox 1603 2781 1853 2835; x_wconf 88' lang='lat' dir='ltr'><strong>Dicebant</strong></span> <span class='ocrx_word' id='word_1_217' title='bbox 1875 2780 1949 2833; x_wconf 88' lang='lat' dir='ltr'><strong>illi</strong></span> 
     </span>
    </p>
   </div>
   <div class='ocr_carea' id='block_1_29' title="bbox 366 2868 1951 2941">
    <p class='ocr_par' dir='ltr' id='par_1_29' title="bbox 366 2868 1951 2941">
     <span class='ocr_line' id='line_1_29' title="bbox 366 2868 1951 2941; baseline 0.003 -21"><span class='ocrx_word' id='word_1_218' title='bbox 366 2877 422 2920; x_wconf 90' lang='lat' dir='ltr'><strong>et</strong></span> <span class='ocrx_word' id='word_1_219' title='bbox 459 2868 626 2922; x_wconf 71' lang='lat' dir='ltr'><strong>Judaei</strong></span> <span class='ocrx_word' id='word_1_220' title='bbox 663 2885 678 2922; x_wconf 89' lang='lat'><strong>:</strong></span> <span class='ocrx_word' id='word_1_221' title='bbox 724 2869 826 2935; x_wconf 86' lang='lat' dir='ltr'><strong>Qui</strong></span> <span class='ocrx_word' id='word_1_222' title='bbox 865 2871 1078 2925; x_wconf 84' lang='lat' dir='ltr'><strong>destruis</strong></span> <span class='ocrx_word' id='word_1_223' title='bbox 1114 2873 1389 2941; x_wconf 81' lang='lat' dir='ltr'><strong>templum,</strong></span> <span class='ocrx_word' id='word_1_224' title='bbox 1421 2882 1468 2927; x_wconf 88' lang='lat' dir='ltr'><strong>et</strong></span> <span class='ocrx_word' id='word_1_225' title='bbox 1503 2873 1556 2927; x_wconf 89' lang='lat' dir='ltr'><strong>in</strong></span> <span class='ocrx_word' id='word_1_226' title='bbox 1587 2874 1743 2927; x_wconf 84' lang='lat' dir='ltr'><strong>tribus</strong></span> <span class='ocrx_word' id='word_1_227' title='bbox 1777 2874 1951 2926; x_wconf 85' lang='lat' dir='ltr'><strong>diebus</strong></span> 
     </span>
    </p>
   </div>
   <div class='ocr_carea' id='block_1_30' title="bbox 367 2958 1949 3026">
    <p class='ocr_par' dir='ltr' id='par_1_30' title="bbox 367 2958 1949 3026">
     <span class='ocr_line' id='line_1_30' title="bbox 367 2958 1949 3026; baseline 0.005 -18"><span class='ocrx_word' id='word_1_228' title='bbox 367 2958 649 3024; x_wconf 72' lang='lat' dir='ltr'><strong>rewdiﬁcas</strong></span> <span class='ocrx_word' id='word_1_229' title='bbox 688 2959 835 3024; x_wconf 85' lang='lat' dir='ltr'><strong>illud,</strong></span> <span class='ocrx_word' id='word_1_230' title='bbox 870 2960 1010 3013; x_wconf 80' lang='lat' dir='ltr'><strong>salva</strong></span> <span class='ocrx_word' id='word_1_231' title='bbox 1037 2964 1384 3026; x_wconf 82' lang='lat' dir='ltr'><strong>temetipsum;</strong></span> <span class='ocrx_word' id='word_1_232' title='bbox 1408 2971 1462 3017; x_wconf 91' lang='lat' dir='ltr'><strong>et</strong></span> <span class='ocrx_word' id='word_1_233' title='bbox 1493 2979 1700 3018; x_wconf 91' lang='lat' dir='ltr'><strong>rursum</strong></span> <span class='ocrx_word' id='word_1_234' title='bbox 1728 2982 1741 3017; x_wconf 90' lang='lat'><strong>:</strong></span> <span class='ocrx_word' id='word_1_235' title='bbox 1768 2963 1829 3019; x_wconf 87' lang='lat' dir='ltr'><strong>Si</strong></span> <span class='ocrx_word' id='word_1_236' title='bbox 1857 2963 1949 3016; x_wconf 83' lang='lat' dir='ltr'><strong>Fi-</strong></span> 
     </span>
    </p>
   </div>
   <div class='ocr_carea' id='block_1_31' title="bbox 369 3046 1949 3124">
    <p class='ocr_par' dir='ltr' id='par_1_31' title="bbox 369 3046 1949 3124">
     <span class='ocr_line' id='line_1_31' title="bbox 369 3046 1949 3124; baseline 0.006 -25"><span class='ocrx_word' id='word_1_237' title='bbox 369 3047 466 3100; x_wconf 87' lang='lat' dir='ltr'><strong>lius</strong></span> <span class='ocrx_word' id='word_1_238' title='bbox 501 3046 599 3100; x_wconf 82' lang='lat' dir='ltr'><strong>Dei</strong></span> <span class='ocrx_word' id='word_1_239' title='bbox 641 3065 722 3114; x_wconf 89' lang='lat' dir='ltr'><strong>es,</strong></span> <span class='ocrx_word' id='word_1_240' title='bbox 756 3049 1000 3104; x_wconf 82' lang='lat' dir='ltr'><strong>descende</strong></span> <span class='ocrx_word' id='word_1_241' title='bbox 1026 3051 1089 3105; x_wconf 83' lang='lat' dir='ltr'><strong>de</strong></span> <span class='ocrx_word' id='word_1_242' title='bbox 1113 3069 1262 3106; x_wconf 88' lang='lat' dir='ltr'><strong>cruce</strong></span> <span class='ocrx_word' id='word_1_243' title='bbox 1303 3051 1510 3124; x_wconf 83' lang='lat' dir='ltr'><strong>(Matth.</strong></span> <span class='ocrx_word' id='word_1_244' title='bbox 1548 3053 1640 3108; x_wconf 73' lang='lat'><strong>27.</strong></span> <span class='ocrx_word' id='word_1_245' title='bbox 1682 3053 1797 3124; x_wconf 71' lang='grc'><strong>40),</strong></span> <span class='ocrx_word' id='word_1_246' title='bbox 1843 3053 1949 3108; x_wconf 82' lang='lat' dir='ltr'><strong>Sed</strong></span> 
     </span>
    </p>
   </div>
   <div class='ocr_carea' id='block_1_32' title="bbox 369 3139 1950 3214">
    <p class='ocr_par' dir='ltr' id='par_1_32' title="bbox 369 3139 1950 3214">
     <span class='ocr_line' id='line_1_32' title="bbox 369 3139 1950 3214; baseline 0.006 -23"><span class='ocrx_word' id='word_1_247' title='bbox 369 3139 484 3194; x_wconf 71' lang='lat' dir='ltr'><strong>hmc</strong></span> <span class='ocrx_word' id='word_1_248' title='bbox 522 3140 625 3194; x_wconf 90' lang='lat' dir='ltr'><strong>illis</strong></span> <span class='ocrx_word' id='word_1_249' title='bbox 671 3151 795 3195; x_wconf 90' lang='lat' dir='ltr'><strong>sunt</strong></span> <span class='ocrx_word' id='word_1_250' title='bbox 823 3143 1090 3211; x_wconf 83' lang='lat' dir='ltr'><strong>graviora.</strong></span> <span class='ocrx_word' id='word_1_251' title='bbox 1142 3142 1220 3197; x_wconf 87' lang='lat' dir='ltr'><strong>Ne</strong></span> <span class='ocrx_word' id='word_1_252' title='bbox 1269 3145 1447 3214; x_wconf 89' lang='lat' dir='ltr'><strong>itaque</strong></span> <span class='ocrx_word' id='word_1_253' title='bbox 1497 3160 1593 3214; x_wconf 89' lang='lat' dir='ltr'><strong>per</strong></span> <span class='ocrx_word' id='word_1_254' title='bbox 1648 3159 1746 3199; x_wconf 92' lang='lat' dir='ltr'><strong>nos</strong></span> <span class='ocrx_word' id='word_1_255' title='bbox 1792 3145 1950 3202; x_wconf 89' lang='lat' dir='ltr'><strong>liceat</strong></span> 
     </span>
    </p>
   </div>
   <div class='ocr_carea' id='block_1_33' title="bbox 369 3231 1950 3305">
    <p class='ocr_par' dir='ltr' id='par_1_33' title="bbox 369 3231 1950 3305">
     <span class='ocr_line' id='line_1_33' title="bbox 369 3231 1950 3305; baseline 0.004 -22"><span class='ocrx_word' id='word_1_256' title='bbox 369 3231 540 3299; x_wconf 87' lang='lat' dir='ltr'><strong>ipsum</strong></span> <span class='ocrx_word' id='word_1_257' title='bbox 583 3232 686 3285; x_wconf 90' lang='lat' dir='ltr'><strong>dici</strong></span> <span class='ocrx_word' id='word_1_258' title='bbox 719 3233 1008 3301; x_wconf 85' lang='lat' dir='ltr'><strong>iniquitatis</strong></span> <span class='ocrx_word' id='word_1_259' title='bbox 1037 3233 1308 3288; x_wconf 89' lang='lat' dir='ltr'><strong>doctorem</strong></span> <span class='ocrx_word' id='word_1_260' title='bbox 1333 3276 1347 3299; x_wconf 93' lang='lat'><strong>,</strong></span> <span class='ocrx_word' id='word_1_261' title='bbox 1381 3251 1554 3305; x_wconf 86' lang='lat' dir='ltr'><strong>neque</strong></span> <span class='ocrx_word' id='word_1_262' title='bbox 1581 3252 1648 3290; x_wconf 82' lang='lat' dir='ltr'><strong>ex</strong></span> <span class='ocrx_word' id='word_1_263' title='bbox 1683 3237 1812 3305; x_wconf 83' lang='lat' dir='ltr'><strong>ipsis</strong></span> <span class='ocrx_word' id='word_1_264' title='bbox 1833 3237 1950 3290; x_wconf 89' lang='lat' dir='ltr'><strong>hla-</strong></span> 
     </span>
    </p>
   </div>
   <div class='ocr_carea' id='block_1_34' title="bbox 369 3322 1952 3396">
    <p class='ocr_par' dir='ltr' id='par_1_34' title="bbox 369 3322 1952 3396">
     <span class='ocr_line' id='line_1_34' title="bbox 369 3322 1952 3396; baseline 0.005 -23"><span class='ocrx_word' id='word_1_265' title='bbox 369 3322 625 3388; x_wconf 86' lang='lat' dir='ltr'><strong>spliemiis</strong></span> <span class='ocrx_word' id='word_1_266' title='bbox 656 3323 918 3393; x_wconf 89' lang='lat' dir='ltr'><strong>supplicio</strong></span> <span class='ocrx_word' id='word_1_267' title='bbox 945 3323 1165 3377; x_wconf 82' lang='lat' dir='ltr'><strong>obnoxii</strong></span> <span class='ocrx_word' id='word_1_268' title='bbox 1188 3325 1486 3379; x_wconf 86' lang='lat' dir='ltr'><strong>efficiamur</strong></span> <span class='ocrx_word' id='word_1_269' title='bbox 1516 3327 1660 3396; x_wconf 85' lang='lat' dir='ltr'><strong>(nam</strong></span> <span class='ocrx_word' id='word_1_270' title='bbox 1693 3328 1784 3387; x_wconf 87' lang='lat' dir='ltr'><strong>ait.</strong></span> <span class='ocrx_word' id='word_1_271' title='bbox 1818 3326 1952 3381; x_wconf 87' lang='lat' dir='ltr'><strong>Pro-</strong></span> 
     </span>
    </p>
   </div>
   <div class='ocr_carea' id='block_1_35' title="bbox 370 3417 1946 3491">
    <p class='ocr_par' dir='ltr' id='par_1_35' title="bbox 370 3417 1946 3491">
     <span class='ocr_line' id='line_1_35' title="bbox 370 3417 1946 3491; baseline 0.006 -27"><span class='ocrx_word' id='word_1_272' title='bbox 370 3422 479 3479; x_wconf 85' lang='lat' dir='ltr'><strong>pter</strong></span> <span class='ocrx_word' id='word_1_273' title='bbox 515 3429 598 3467; x_wconf 81' lang='lat' dir='ltr'><strong>vos</strong></span> <span class='ocrx_word' id='word_1_274' title='bbox 625 3430 805 3468; x_wconf 84' lang='lat' dir='ltr'><strong>nomen</strong></span> <span class='ocrx_word' id='word_1_275' title='bbox 833 3432 996 3468; x_wconf 86' lang='lat' dir='ltr'><strong>meum</strong></span> <span class='ocrx_word' id='word_1_276' title='bbox 1021 3417 1400 3486; x_wconf 79' lang='lat' dir='ltr'><strong>blasphematur</strong></span> <span class='ocrx_word' id='word_1_277' title='bbox 1436 3419 1488 3471; x_wconf 89' lang='lat' dir='ltr'><strong>in</strong></span> <span class='ocrx_word' id='word_1_278' title='bbox 1515 3420 1740 3488; x_wconf 83' lang='lat' dir='ltr'><strong>gentibus</strong></span> <span class='ocrx_word' id='word_1_279' title='bbox 1771 3419 1946 3491; x_wconf 81' lang='lat' dir='ltr'><strong>[Rom.</strong></span> 
     </span>
    </p>
   </div>
   <div class='ocr_carea' id='block_1_36' title="bbox 370 3503 1948 3577">
    <p class='ocr_par' dir='ltr' id='par_1_36' title="bbox 370 3503 1948 3577">
     <span class='ocr_line' id='line_1_36' title="bbox 370 3503 1948 3577; baseline 0.003 -19"><span class='ocrx_word' id='word_1_280' title='bbox 370 3505 421 3558; x_wconf 74' lang='lat'><strong>2.</strong></span> <span class='ocrx_word' id='word_1_281' title='bbox 444 3503 535 3577; x_wconf 72' lang='grc'><strong>24]</strong></span> <span class='ocrx_word' id='word_1_282' title='bbox 563 3507 581 3574; x_wconf 83' lang='grc'><strong>)</strong></span> <span class='ocrx_word' id='word_1_283' title='bbox 615 3523 628 3557; x_wconf 93' lang='lat'>:</span> <span class='ocrx_word' id='word_1_284' title='bbox 657 3505 847 3560; x_wconf 83' lang='lat' dir='ltr'><strong>demus</strong></span> <span class='ocrx_word' id='word_1_285' title='bbox 875 3522 1123 3576; x_wconf 89' lang='lat' dir='ltr'><strong>operam,</strong></span> <span class='ocrx_word' id='word_1_286' title='bbox 1155 3518 1212 3563; x_wconf 91' lang='lat' dir='ltr'><strong>ut</strong></span> <span class='ocrx_word' id='word_1_287' title='bbox 1255 3509 1521 3564; x_wconf 88' lang='lat' dir='ltr'><strong>contraria</strong></span> <span class='ocrx_word' id='word_1_288' title='bbox 1563 3509 1832 3573; x_wconf 90' lang='lat' dir='ltr'><strong>dicantur,</strong></span> <span class='ocrx_word' id='word_1_289' title='bbox 1865 3510 1948 3563; x_wconf 92' lang='lat' dir='ltr'><strong>di-</strong></span> 
     </span>
    </p>
   </div>
   <div class='ocr_carea' id='block_1_37' title="bbox 372 3599 1949 3670">
    <p class='ocr_par' dir='ltr' id='par_1_37' title="bbox 372 3599 1949 3670">
     <span class='ocr_line' id='line_1_37' title="bbox 372 3599 1949 3670; baseline 0.004 -21"><span class='ocrx_word' id='word_1_290' title='bbox 372 3612 522 3664; x_wconf 82' lang='lat' dir='ltr'><strong>gnam</strong></span> <span class='ocrx_word' id='word_1_291' title='bbox 563 3599 846 3652; x_wconf 89' lang='lat' dir='ltr'><strong>vocatione</strong></span> <span class='ocrx_word' id='word_1_292' title='bbox 888 3609 1064 3654; x_wconf 89' lang='lat' dir='ltr'><strong>nostra</strong></span> <span class='ocrx_word' id='word_1_293' title='bbox 1097 3600 1255 3653; x_wconf 84' lang='lat' dir='ltr'><strong>vitam</strong></span> <span class='ocrx_word' id='word_1_294' title='bbox 1287 3600 1563 3666; x_wconf 82' lang='lat' dir='ltr'><strong>ducentes,</strong></span> <span class='ocrx_word' id='word_1_295' title='bbox 1601 3611 1654 3655; x_wconf 86' lang='lat' dir='ltr'><strong>et</strong></span> <span class='ocrx_word' id='word_1_296' title='bbox 1677 3603 1743 3656; x_wconf 89' lang='lat' dir='ltr'><strong>ad</strong></span> <span class='ocrx_word' id='word_1_297' title='bbox 1777 3601 1949 3670; x_wconf 87' lang='lat' dir='ltr'><strong>bapti-</strong></span> 
     </span>
    </p>
   </div>
   <div class='ocr_carea' id='block_1_38' title="bbox 373 3689 1951 3762">
    <p class='ocr_par' dir='ltr' id='par_1_38' title="bbox 373 3689 1951 3762">
     <span class='ocr_line' id='line_1_38' title="bbox 373 3689 1951 3762; baseline 0.004 -20"><span class='ocrx_word' id='word_1_298' title='bbox 373 3704 482 3742; x_wconf 88' lang='lat' dir='ltr'><strong>sma</strong></span> <span class='ocrx_word' id='word_1_299' title='bbox 511 3689 820 3759; x_wconf 87' lang='lat' dir='ltr'><strong>adoptionis</strong></span> <span class='ocrx_word' id='word_1_300' title='bbox 857 3691 1192 3744; x_wconf 88' lang='lat' dir='ltr'><strong>accedentes.</strong></span> <span class='ocrx_word' id='word_1_301' title='bbox 1230 3690 1365 3746; x_wconf 82' lang='lat' dir='ltr'><strong>Vere</strong></span> <span class='ocrx_word' id='word_1_302' title='bbox 1397 3708 1626 3762; x_wconf 88' lang='lat' dir='ltr'><strong>namque</strong></span> <span class='ocrx_word' id='word_1_303' title='bbox 1652 3708 1839 3762; x_wconf 90' lang='lat' dir='ltr'><strong>magna</strong></span> <span class='ocrx_word' id='word_1_304' title='bbox 1866 3702 1951 3748; x_wconf 91' lang='lat' dir='ltr'><strong>est</strong></span> 
     </span>
    </p>
   </div>
   <div class='ocr_carea' id='block_1_39' title="bbox 375 3781 1946 3850">
    <p class='ocr_par' dir='ltr' id='par_1_39' title="bbox 375 3781 1946 3850">
     <span class='ocr_line' id='line_1_39' title="bbox 375 3781 1946 3850; baseline 0.003 -19"><span class='ocrx_word' id='word_1_305' title='bbox 375 3781 448 3834; x_wconf 93' lang='lat' dir='ltr'><strong>vis</strong></span> <span class='ocrx_word' id='word_1_306' title='bbox 475 3781 743 3849; x_wconf 82' lang='lat' dir='ltr'><strong>baptismi,</strong></span> <span class='ocrx_word' id='word_1_307' title='bbox 769 3796 886 3850; x_wconf 81' lang='lat' dir='ltr'><strong>quae</strong></span> <span class='ocrx_word' id='word_1_308' title='bbox 907 3781 1031 3835; x_wconf 91' lang='lat' dir='ltr'><strong>doni</strong></span> <span class='ocrx_word' id='word_1_309' title='bbox 1054 3792 1330 3836; x_wconf 89' lang='lat' dir='ltr'><strong>consortes</strong></span> <span class='ocrx_word' id='word_1_310' title='bbox 1351 3784 1486 3836; x_wconf 90' lang='lat' dir='ltr'><strong>alios</strong></span> <span class='ocrx_word' id='word_1_311' title='bbox 1509 3800 1573 3837; x_wconf 83' lang='lat' dir='ltr'><strong>ex</strong></span> <span class='ocrx_word' id='word_1_312' title='bbox 1603 3784 1721 3837; x_wconf 90' lang='lat' dir='ltr'><strong>aliis</strong></span> <span class='ocrx_word' id='word_1_313' title='bbox 1744 3781 1908 3838; x_wconf 86' lang='lat' dir='ltr'><strong>efficit</strong></span> <span class='ocrx_word' id='word_1_314' title='bbox 1931 3798 1946 3836; x_wconf 91' lang='lat'>:</span> 
     </span>
    </p>
   </div>
   <div class='ocr_carea' id='block_1_40' title="bbox 374 3870 1950 3941">
    <p class='ocr_par' dir='ltr' id='par_1_40' title="bbox 374 3870 1950 3941">
     <span class='ocr_line' id='line_1_40' title="bbox 374 3870 1950 3941; baseline 0.003 -20"><span class='ocrx_word' id='word_1_315' title='bbox 374 3885 472 3922; x_wconf 86' lang='lat' dir='ltr'><strong>non</strong></span> <span class='ocrx_word' id='word_1_316' title='bbox 516 3871 648 3924; x_wconf 86' lang='lat' dir='ltr'><strong>sinit</strong></span> <span class='ocrx_word' id='word_1_317' title='bbox 693 3870 935 3925; x_wconf 90' lang='lat' dir='ltr'><strong>homines</strong></span> <span class='ocrx_word' id='word_1_318' title='bbox 962 3886 1086 3926; x_wconf 89' lang='lat' dir='ltr'><strong>esse</strong></span> <span class='ocrx_word' id='word_1_319' title='bbox 1131 3871 1396 3926; x_wconf 89' lang='lat' dir='ltr'><strong>homines.</strong></span> <span class='ocrx_word' id='word_1_320' title='bbox 1443 3873 1582 3935; x_wconf 84' lang='lat' dir='ltr'><strong>Fac,</strong></span> <span class='ocrx_word' id='word_1_321' title='bbox 1636 3881 1693 3926; x_wconf 90' lang='lat' dir='ltr'><strong>ut</strong></span> <span class='ocrx_word' id='word_1_322' title='bbox 1736 3873 1950 3941; x_wconf 78' lang='lat' dir='ltr'><strong>gentilis</strong></span> 
     </span>
    </p>
   </div>
   <div class='ocr_carea' id='block_1_41' title="bbox 371 3963 1946 4034">
    <p class='ocr_par' dir='ltr' id='par_1_41' title="bbox 371 3963 1946 4034">
     <span class='ocr_line' id='line_1_41' title="bbox 371 3963 1946 4034; baseline 0.001 -18"><span class='ocrx_word' id='word_1_323' title='bbox 371 3963 553 4019; x_wconf 86' lang='lat' dir='ltr'><strong>credat</strong></span> <span class='ocrx_word' id='word_1_324' title='bbox 582 3980 827 4034; x_wconf 87' lang='lat' dir='ltr'><strong>magnam</strong></span> <span class='ocrx_word' id='word_1_325' title='bbox 854 3979 972 4019; x_wconf 88' lang='lat' dir='ltr'><strong>esse</strong></span> <span class='ocrx_word' id='word_1_326' title='bbox 997 3965 1225 4031; x_wconf 89' lang='lat' dir='ltr'><strong>Spiritus</strong></span> <span class='ocrx_word' id='word_1_327' title='bbox 1254 3966 1520 4028; x_wconf 77' lang='lat' dir='ltr'><strong>virtutem,</strong></span> <span class='ocrx_word' id='word_1_328' title='bbox 1548 3981 1667 4034; x_wconf 74' lang='lat' dir='ltr'><strong>qua:</strong></span> <span class='ocrx_word' id='word_1_329' title='bbox 1694 3964 1946 4018; x_wconf 86' lang='lat' dir='ltr'><strong>transfor-</strong></span> 
     </span>
    </p>
   </div>
   <div class='ocr_carea' id='block_1_42' title="bbox 372 4055 1950 4124">
    <p class='ocr_par' dir='ltr' id='par_1_42' title="bbox 372 4055 1950 4124">
     <span class='ocr_line' id='line_1_42' title="bbox 372 4055 1950 4124; baseline 0.001 -17"><span class='ocrx_word' id='word_1_330' title='bbox 372 4063 497 4115; x_wconf 85' lang='lat' dir='ltr'><strong>met,</strong></span> <span class='ocrx_word' id='word_1_331' title='bbox 521 4071 642 4124; x_wconf 71' lang='lat' dir='ltr'><strong>qua:</strong></span> <span class='ocrx_word' id='word_1_332' title='bbox 674 4064 1011 4109; x_wconf 81' lang='lat' dir='ltr'><strong>transmutet.</strong></span> <span class='ocrx_word' id='word_1_333' title='bbox 1039 4055 1146 4110; x_wconf 89' lang='lat' dir='ltr'><strong>Cur</strong></span> <span class='ocrx_word' id='word_1_334' title='bbox 1166 4065 1435 4110; x_wconf 77' lang='lat' dir='ltr'><strong>extremos</strong></span> <span class='ocrx_word' id='word_1_335' title='bbox 1456 4056 1650 4109; x_wconf 89' lang='lat' dir='ltr'><strong>halitus</strong></span> <span class='ocrx_word' id='word_1_336' title='bbox 1671 4066 1950 4124; x_wconf 80' lang='lat' dir='ltr'><strong>exspectas</strong></span> 
     </span>
    </p>
   </div>
   <div class='ocr_carea' id='block_1_43' title="bbox 373 4144 1951 4216">
    <p class='ocr_par' dir='ltr' id='par_1_43' title="bbox 373 4144 1951 4216">
     <span class='ocr_line' id='line_1_43' title="bbox 373 4144 1951 4216; baseline 0.002 -19"><span class='ocrx_word' id='word_1_337' title='bbox 373 4154 429 4197; x_wconf 90' lang='lat' dir='ltr'><strong>ut</strong></span> <span class='ocrx_word' id='word_1_338' title='bbox 471 4144 741 4215; x_wconf 74' lang='lat' dir='ltr'><strong>fugitivus,</strong></span> <span class='ocrx_word' id='word_1_339' title='bbox 790 4154 848 4199; x_wconf 93' lang='lat' dir='ltr'><strong>ut</strong></span> <span class='ocrx_word' id='word_1_340' title='bbox 884 4147 1196 4209; x_wconf 88' lang='lat' dir='ltr'><strong>sceleratus,</strong></span> <span class='ocrx_word' id='word_1_341' title='bbox 1244 4156 1298 4199; x_wconf 88' lang='lat' dir='ltr'><strong>ut</strong></span> <span class='ocrx_word' id='word_1_342' title='bbox 1337 4149 1427 4216; x_wconf 89' lang='lat' dir='ltr'><strong>qui</strong></span> <span class='ocrx_word' id='word_1_343' title='bbox 1470 4162 1573 4200; x_wconf 93' lang='lat' dir='ltr'><strong>non</strong></span> <span class='ocrx_word' id='word_1_344' title='bbox 1613 4146 1811 4200; x_wconf 86' lang='lat' dir='ltr'><strong>debeas</strong></span> <span class='ocrx_word' id='word_1_345' title='bbox 1840 4144 1951 4200; x_wconf 89' lang='lat' dir='ltr'><strong>Deo</strong></span> 
     </span>
    </p>
   </div>
   <div class='ocr_carea' id='block_1_44' title="bbox 373 4234 1948 4298">
    <p class='ocr_par' dir='ltr' id='par_1_44' title="bbox 373 4234 1948 4298">
     <span class='ocr_line' id='line_1_44' title="bbox 373 4234 1948 4298; baseline 0.001 -12"><span class='ocrx_word' id='word_1_346' title='bbox 373 4236 590 4290; x_wconf 82' lang='lat' dir='ltr'><strong>vivere?</strong></span> <span class='ocrx_word' id='word_1_347' title='bbox 617 4251 713 4289; x_wconf 87' lang='lat' dir='ltr'><strong>cur</strong></span> <span class='ocrx_word' id='word_1_348' title='bbox 742 4236 810 4288; x_wconf 90' lang='lat' dir='ltr'><strong>ita</strong></span> <span class='ocrx_word' id='word_1_349' title='bbox 839 4234 1058 4290; x_wconf 79' lang='lat' dir='ltr'><strong>affectus</strong></span> <span class='ocrx_word' id='word_1_350' title='bbox 1088 4252 1170 4298; x_wconf 86' lang='lat' dir='ltr'><strong>es,</strong></span> <span class='ocrx_word' id='word_1_351' title='bbox 1199 4251 1262 4289; x_wconf 90' lang='lat' dir='ltr'><strong>ac</strong></span> <span class='ocrx_word' id='word_1_352' title='bbox 1290 4236 1335 4290; x_wconf 89' lang='lat' dir='ltr'><strong>si</strong></span> <span class='ocrx_word' id='word_1_353' title='bbox 1366 4235 1711 4289; x_wconf 90' lang='lat' dir='ltr'><strong>inhumanum</strong></span> <span class='ocrx_word' id='word_1_354' title='bbox 1743 4243 1796 4289; x_wconf 90' lang='lat' dir='ltr'><strong>et</strong></span> <span class='ocrx_word' id='word_1_355' title='bbox 1824 4251 1948 4288; x_wconf 83' lang='lat' dir='ltr'><strong>cru-</strong></span> 
     </span>
    </p>
   </div>
   <div class='ocr_carea' id='block_1_45' title="bbox 373 4327 1952 4398">
    <p class='ocr_par' dir='ltr' id='par_1_45' title="bbox 373 4327 1952 4398">
     <span class='ocr_line' id='line_1_45' title="bbox 373 4327 1952 4398; baseline -0.001 -17"><span class='ocrx_word' id='word_1_356' title='bbox 373 4328 540 4382; x_wconf 88' lang='lat' dir='ltr'><strong>delem</strong></span> <span class='ocrx_word' id='word_1_357' title='bbox 566 4328 792 4382; x_wconf 88' lang='lat' dir='ltr'><strong>haberes</strong></span> <span class='ocrx_word' id='word_1_358' title='bbox 820 4328 1146 4382; x_wconf 86' lang='lat' dir='ltr'><strong>Dominum?</strong></span> <span class='ocrx_word' id='word_1_359' title='bbox 1175 4328 1302 4396; x_wconf 82' lang='lat' dir='ltr'><strong>quid</strong></span> <span class='ocrx_word' id='word_1_360' title='bbox 1329 4327 1569 4398; x_wconf 87' lang='lat' dir='ltr'><strong>frigidius</strong></span> <span class='ocrx_word' id='word_1_361' title='bbox 1589 4369 1604 4393; x_wconf 94' lang='lat'><strong>,</strong></span> <span class='ocrx_word' id='word_1_362' title='bbox 1633 4328 1756 4397; x_wconf 89' lang='lat' dir='ltr'><strong>quid</strong></span> <span class='ocrx_word' id='word_1_363' title='bbox 1787 4328 1952 4380; x_wconf 89' lang='lat' dir='ltr'><strong>misc-</strong></span> 
     </span>
    </p>
   </div>
   <div class='ocr_carea' id='block_1_46' title="bbox 373 4418 1950 4488">
    <p class='ocr_par' dir='ltr' id='par_1_46' title="bbox 373 4418 1950 4488">
     <span class='ocr_line' id='line_1_46' title="bbox 373 4418 1950 4488; baseline 0.001 -16"><span class='ocrx_word' id='word_1_364' title='bbox 373 4419 592 4472; x_wconf 86' lang='lat' dir='ltr'><strong>rabilius</strong></span> <span class='ocrx_word' id='word_1_365' title='bbox 639 4419 738 4484; x_wconf 93' lang='lat' dir='ltr'><strong>iis,</strong></span> <span class='ocrx_word' id='word_1_366' title='bbox 779 4418 868 4488; x_wconf 90' lang='lat' dir='ltr'><strong>qui</strong></span> <span class='ocrx_word' id='word_1_367' title='bbox 911 4427 1036 4471; x_wconf 93' lang='lat' dir='ltr'><strong>tunc</strong></span> <span class='ocrx_word' id='word_1_368' title='bbox 1067 4419 1327 4487; x_wconf 89' lang='lat' dir='ltr'><strong>baptisma</strong></span> <span class='ocrx_word' id='word_1_369' title='bbox 1367 4419 1679 4487; x_wconf 87' lang='lat' dir='ltr'><strong>accipiunt?</strong></span> <span class='ocrx_word' id='word_1_370' title='bbox 1708 4421 1950 4473; x_wconf 88' lang='lat' dir='ltr'><strong>Amicum</strong></span> 
     </span>
    </p>
   </div>
   <div class='ocr_carea' id='block_1_47' title="bbox 374 4507 1954 4578">
    <p class='ocr_par' dir='ltr' id='par_1_47' title="bbox 374 4507 1954 4578">
     <span class='ocr_line' id='line_1_47' title="bbox 374 4507 1954 4578; baseline 0.002 -19"><span class='ocrx_word' id='word_1_371' title='bbox 374 4519 424 4560; x_wconf 89' lang='lat' dir='ltr'><strong>te</strong></span> <span class='ocrx_word' id='word_1_372' title='bbox 465 4507 591 4562; x_wconf 91' lang='lat' dir='ltr'><strong>fecit</strong></span> <span class='ocrx_word' id='word_1_373' title='bbox 628 4507 791 4574; x_wconf 88' lang='lat' dir='ltr'><strong>Deus,</strong></span> <span class='ocrx_word' id='word_1_374' title='bbox 831 4520 885 4561; x_wconf 89' lang='lat' dir='ltr'><strong>et</strong></span> <span class='ocrx_word' id='word_1_375' title='bbox 926 4507 1176 4561; x_wconf 89' lang='lat' dir='ltr'><strong>omnibus</strong></span> <span class='ocrx_word' id='word_1_376' title='bbox 1203 4508 1449 4578; x_wconf 90' lang='lat' dir='ltr'><strong>dignatus</strong></span> <span class='ocrx_word' id='word_1_377' title='bbox 1476 4519 1558 4561; x_wconf 81' lang='lat' dir='ltr'><strong>est</strong></span> <span class='ocrx_word' id='word_1_378' title='bbox 1588 4509 1761 4574; x_wconf 89' lang='lat' dir='ltr'><strong>bonis,</strong></span> <span class='ocrx_word' id='word_1_379' title='bbox 1805 4518 1862 4562; x_wconf 91' lang='lat' dir='ltr'><strong>ut</strong></span> <span class='ocrx_word' id='word_1_380' title='bbox 1897 4518 1954 4564; x_wconf 91' lang='lat' dir='ltr'><strong>et</strong></span> 
     </span>
    </p>
   </div>
   <div class='ocr_carea' id='block_1_48' title="bbox 372 4599 1955 4672">
    <p class='ocr_par' dir='ltr' id='par_1_48' title="bbox 372 4599 1955 4672">
     <span class='ocr_line' id='line_1_48' title="bbox 372 4599 1955 4672; baseline 0.003 -20"><span class='ocrx_word' id='word_1_381' title='bbox 372 4599 482 4668; x_wconf 87' lang='lat' dir='ltr'><strong>ipse</strong></span> <span class='ocrx_word' id='word_1_382' title='bbox 502 4613 585 4664; x_wconf 87' lang='lat' dir='ltr'><strong>ea,</strong></span> <span class='ocrx_word' id='word_1_383' title='bbox 614 4613 735 4668; x_wconf 67' lang='lat' dir='ltr'><strong>quae</strong></span> <span class='ocrx_word' id='word_1_384' title='bbox 760 4600 914 4653; x_wconf 91' lang='lat' dir='ltr'><strong>amici</strong></span> <span class='ocrx_word' id='word_1_385' title='bbox 941 4609 1086 4666; x_wconf 90' lang='lat' dir='ltr'><strong>sunt,</strong></span> <span class='ocrx_word' id='word_1_386' title='bbox 1109 4600 1384 4656; x_wconf 84' lang='lat' dir='ltr'><strong>exhibeas.</strong></span> <span class='ocrx_word' id='word_1_387' title='bbox 1414 4600 1507 4655; x_wconf 89' lang='lat' dir='ltr'><strong>Dic</strong></span> <span class='ocrx_word' id='word_1_388' title='bbox 1527 4601 1677 4667; x_wconf 91' lang='lat' dir='ltr'><strong>mihi,</strong></span> <span class='ocrx_word' id='word_1_389' title='bbox 1701 4603 1744 4656; x_wconf 92' lang='lat' dir='ltr'><strong>si</strong></span> <span class='ocrx_word' id='word_1_390' title='bbox 1769 4618 1955 4672; x_wconf 83' lang='lat' dir='ltr'><strong>quem-</strong></span> 
     </span>
    </p>
   </div>
   <div class='ocr_carea' id='block_1_49' title="bbox 373 4689 1953 4762">
    <p class='ocr_par' dir='ltr' id='par_1_49' title="bbox 373 4689 1953 4762">
     <span class='ocr_line' id='line_1_49' title="bbox 373 4689 1953 4762; baseline 0.004 -22"><span class='ocrx_word' id='word_1_391' title='bbox 373 4690 506 4756; x_wconf 87' lang='lat' dir='ltr'><strong>piam</strong></span> <span class='ocrx_word' id='word_1_392' title='bbox 553 4689 762 4757; x_wconf 84' lang='lat' dir='ltr'><strong>injuriis</strong></span> <span class='ocrx_word' id='word_1_393' title='bbox 799 4699 853 4743; x_wconf 88' lang='lat' dir='ltr'><strong>et</strong></span> <span class='ocrx_word' id='word_1_394' title='bbox 892 4691 1099 4758; x_wconf 80' lang='lat' dir='ltr'><strong>probris</strong></span> <span class='ocrx_word' id='word_1_395' title='bbox 1128 4691 1398 4746; x_wconf 80' lang='lat' dir='ltr'><strong>affecisses</strong></span> <span class='ocrx_word' id='word_1_396' title='bbox 1425 4693 1797 4762; x_wconf 81' lang='lat' dir='ltr'><strong>sexeentisque</strong></span> <span class='ocrx_word' id='word_1_397' title='bbox 1823 4708 1953 4747; x_wconf 85' lang='lat' dir='ltr'><strong>con-</strong></span> 
     </span>
    </p>
   </div>
   <div class='ocr_carea' id='block_1_50' title="bbox 371 4779 1953 4852">
    <p class='ocr_par' dir='ltr' id='par_1_50' title="bbox 371 4779 1953 4852">
     <span class='ocr_line' id='line_1_50' title="bbox 371 4779 1953 4852; baseline 0.004 -21"><span class='ocrx_word' id='word_1_398' title='bbox 371 4779 518 4833; x_wconf 83' lang='lat' dir='ltr'><strong>victis</strong></span> <span class='ocrx_word' id='word_1_399' title='bbox 546 4794 856 4847; x_wconf 90' lang='lat' dir='ltr'><strong>onerasses,</strong></span> <span class='ocrx_word' id='word_1_400' title='bbox 885 4790 940 4834; x_wconf 91' lang='lat' dir='ltr'><strong>et</strong></span> <span class='ocrx_word' id='word_1_401' title='bbox 968 4782 1019 4834; x_wconf 92' lang='lat' dir='ltr'><strong>in</strong></span> <span class='ocrx_word' id='word_1_402' title='bbox 1049 4797 1238 4836; x_wconf 87' lang='lat' dir='ltr'><strong>manus</strong></span> <span class='ocrx_word' id='word_1_403' title='bbox 1276 4784 1391 4852; x_wconf 90' lang='lat' dir='ltr'><strong>ejus</strong></span> <span class='ocrx_word' id='word_1_404' title='bbox 1418 4783 1739 4838; x_wconf 90' lang='lat' dir='ltr'><strong>incidentem</strong></span> <span class='ocrx_word' id='word_1_405' title='bbox 1784 4796 1833 4839; x_wconf 92' lang='lat' dir='ltr'><strong>te</strong></span> <span class='ocrx_word' id='word_1_406' title='bbox 1864 4786 1953 4838; x_wconf 89' lang='lat' dir='ltr'><strong>ille</strong></span> 
     </span>
    </p>
   </div>
   <div class='ocr_carea' id='block_1_51' title="bbox 371 4870 1950 4935">
    <p class='ocr_par' dir='ltr' id='par_1_51' title="bbox 371 4870 1950 4935">
     <span class='ocr_line' id='line_1_51' title="bbox 371 4870 1950 4935; baseline 0.006 -14"><span class='ocrx_word' id='word_1_407' title='bbox 371 4870 607 4924; x_wconf 80' lang='lat' dir='ltr'><strong>vicissim</strong></span> <span class='ocrx_word' id='word_1_408' title='bbox 655 4870 964 4935; x_wconf 77' lang='lat' dir='ltr'><strong>honorat-et,</strong></span> <span class='ocrx_word' id='word_1_409' title='bbox 1012 4883 1068 4926; x_wconf 91' lang='lat' dir='ltr'><strong>et</strong></span> <span class='ocrx_word' id='word_1_410' title='bbox 1112 4888 1328 4927; x_wconf 88' lang='lat' dir='ltr'><strong>suorum</strong></span> <span class='ocrx_word' id='word_1_411' title='bbox 1377 4876 1614 4928; x_wconf 91' lang='lat' dir='ltr'><strong>omnium</strong></span> <span class='ocrx_word' id='word_1_412' title='bbox 1645 4885 1950 4930; x_wconf 89' lang='lat' dir='ltr'><strong>consortem</strong></span> 
     </span>
    </p>
   </div>
   <div class='ocr_carea' id='block_1_52' title="bbox 368 4960 1952 5032">
    <p class='ocr_par' dir='ltr' id='par_1_52' title="bbox 368 4960 1952 5032">
     <span class='ocr_line' id='line_1_52' title="bbox 368 4960 1952 5032; baseline 0.006 -22"><span class='ocrx_word' id='word_1_413' title='bbox 368 4960 591 5026; x_wconf 84' lang='lat' dir='ltr'><strong>faceret,</strong></span> <span class='ocrx_word' id='word_1_414' title='bbox 622 4969 678 5014; x_wconf 89' lang='lat' dir='ltr'><strong>et</strong></span> <span class='ocrx_word' id='word_1_415' title='bbox 705 4962 844 5014; x_wconf 91' lang='lat' dir='ltr'><strong>inter</strong></span> <span class='ocrx_word' id='word_1_416' title='bbox 869 4965 1069 5016; x_wconf 91' lang='lat' dir='ltr'><strong>amicos</strong></span> <span class='ocrx_word' id='word_1_417' title='bbox 1098 4979 1196 5032; x_wconf 88' lang='lat' dir='ltr'><strong>pro</strong></span> <span class='ocrx_word' id='word_1_418' title='bbox 1222 4965 1384 5019; x_wconf 86' lang='lat' dir='ltr'><strong>illatis</strong></span> <span class='ocrx_word' id='word_1_419' title='bbox 1411 4965 1616 5032; x_wconf 81' lang='lat' dir='ltr'><strong>iniuriis</strong></span> <span class='ocrx_word' id='word_1_420' title='bbox 1644 4975 1694 5020; x_wconf 91' lang='lat' dir='ltr'><strong>te</strong></span> <span class='ocrx_word' id='word_1_421' title='bbox 1721 4982 1952 5022; x_wconf 89' lang='lat' dir='ltr'><strong>corona-</strong></span> 
     </span>
    </p>
   </div>
   <div class='ocr_carea' id='block_1_53' title="bbox 372 5035 1954 5123">
    <p class='ocr_par' dir='ltr' id='par_1_53' title="bbox 372 5035 1954 5123">
     <span class='ocr_line' id='line_1_53' title="bbox 372 5035 1954 5123; baseline 0.008 -24"><span class='ocrx_word' id='word_1_422' title='bbox 372 5059 472 5112; x_wconf 90' lang='lat' dir='ltr'><strong>ret,</strong></span> <span class='ocrx_word' id='word_1_423' title='bbox 505 5059 665 5118; x_wconf 86' lang='lat' dir='ltr'><strong>teque</strong></span> <span class='ocrx_word' id='word_1_424' title='bbox 696 5061 752 5104; x_wconf 91' lang='lat' dir='ltr'><strong>ut</strong></span> <span class='ocrx_word' id='word_1_425' title='bbox 779 5035 1288 5120; x_wconf 36' lang='lat' dir='ltr'><strong>germannm‘filium</strong></span> <span class='ocrx_word' id='word_1_426' title='bbox 1326 5057 1521 5110; x_wconf 87' lang='lat' dir='ltr'><strong>habere</strong></span> <span class='ocrx_word' id='word_1_427' title='bbox 1544 5057 1765 5123; x_wconf 87' lang='lat' dir='ltr'><strong>diceret,</strong></span> <span class='ocrx_word' id='word_1_428' title='bbox 1798 5058 1954 5112; x_wconf 91' lang='lat' dir='ltr'><strong>dein-</strong></span> 
     </span>
    </p>
   </div>
   <div class='ocr_carea' id='block_1_54' title="bbox 371 5137 1953 5206">
    <p class='ocr_par' dir='ltr' id='par_1_54' title="bbox 371 5137 1953 5206">
     <span class='ocr_line' id='line_1_54' title="bbox 371 5137 1953 5206; baseline 0.01 -18"><span class='ocrx_word' id='word_1_429' title='bbox 371 5137 544 5206; x_wconf 88' lang='lat' dir='ltr'><strong>deque</strong></span> <span class='ocrx_word' id='word_1_430' title='bbox 573 5139 749 5192; x_wconf 82' lang='lat' dir='ltr'><strong>subito</strong></span> <span class='ocrx_word' id='word_1_431' title='bbox 789 5154 1088 5196; x_wconf 89' lang='lat' dir='ltr'><strong>moreretur</strong></span> <span class='ocrx_word' id='word_1_432' title='bbox 1121 5161 1134 5196; x_wconf 89' lang='lat'><strong>:</strong></span> <span class='ocrx_word' id='word_1_433' title='bbox 1165 5159 1339 5197; x_wconf 87' lang='lat' dir='ltr'><strong>annon</strong></span> <span class='ocrx_word' id='word_1_434' title='bbox 1371 5146 1622 5200; x_wconf 91' lang='lat' dir='ltr'><strong>damnum</strong></span> <span class='ocrx_word' id='word_1_435' title='bbox 1669 5149 1793 5202; x_wconf 90' lang='lat' dir='ltr'><strong>illud</strong></span> <span class='ocrx_word' id='word_1_436' title='bbox 1833 5165 1953 5204; x_wconf 89' lang='lat' dir='ltr'><strong>esse</strong></span> 
     </span>
    </p>
   </div>
   <div class='ocr_carea' id='block_1_55' title="bbox 372 5229 1956 5304">
    <p class='ocr_par' dir='ltr' id='par_1_55' title="bbox 372 5229 1956 5304">
     <span class='ocr_line' id='line_1_55' title="bbox 372 5229 1956 5304; baseline 0.008 -23"><span class='ocrx_word' id='word_1_437' title='bbox 372 5229 750 5284; x_wconf 79' lang='lat' dir='ltr'><strong>existimares?</strong></span> <span class='ocrx_word' id='word_1_438' title='bbox 778 5246 954 5286; x_wconf 92' lang='lat' dir='ltr'><strong>annon</strong></span> <span class='ocrx_word' id='word_1_439' title='bbox 987 5233 1215 5297; x_wconf 88' lang='lat' dir='ltr'><strong>diceres,</strong></span> <span class='ocrx_word' id='word_1_440' title='bbox 1254 5236 1452 5291; x_wconf 88' lang='lat' dir='ltr'><strong>Vellem</strong></span> <span class='ocrx_word' id='word_1_441' title='bbox 1486 5238 1632 5292; x_wconf 91' lang='lat' dir='ltr'><strong>illum</strong></span> <span class='ocrx_word' id='word_1_442' title='bbox 1661 5240 1866 5304; x_wconf 87' lang='lat' dir='ltr'><strong>vivere,</strong></span> <span class='ocrx_word' id='word_1_443' title='bbox 1899 5251 1956 5294; x_wconf 91' lang='lat' dir='ltr'><strong>ut</strong></span> 
     </span>
    </p>
   </div>
   <div class='ocr_carea' id='block_1_56' title="bbox 373 5325 1955 5403">
    <p class='ocr_par' dir='ltr' id='par_1_56' title="bbox 373 5325 1955 5403">
     <span class='ocr_line' id='line_1_56' title="bbox 373 5325 1955 5403; baseline 0.008 -29"><span class='ocrx_word' id='word_1_444' title='bbox 373 5336 580 5388; x_wconf 83' lang='lat' dir='ltr'><strong>possem</strong></span> <span class='ocrx_word' id='word_1_445' title='bbox 629 5325 801 5378; x_wconf 87' lang='lat' dir='ltr'><strong>vicem</strong></span> <span class='ocrx_word' id='word_1_446' title='bbox 851 5326 1078 5380; x_wconf 88' lang='lat' dir='ltr'><strong>reddere</strong></span> <span class='ocrx_word' id='word_1_447' title='bbox 1127 5343 1190 5381; x_wconf 90' lang='lat' dir='ltr'><strong>ac</strong></span> <span class='ocrx_word' id='word_1_448' title='bbox 1233 5332 1546 5398; x_wconf 84' lang='lat' dir='ltr'><strong>rependere,</strong></span> <span class='ocrx_word' id='word_1_449' title='bbox 1598 5348 1666 5386; x_wconf 91' lang='lat' dir='ltr'><strong>ne</strong></span> <span class='ocrx_word' id='word_1_450' title='bbox 1718 5335 1955 5403; x_wconf 87' lang='lat' dir='ltr'><strong>ingratus</strong></span> 
     </span>
    </p>
   </div>
   <div class='ocr_carea' id='block_1_57' title="bbox 371 5415 1951 5492">
    <p class='ocr_par' dir='ltr' id='par_1_57' title="bbox 371 5415 1951 5492">
     <span class='ocr_line' id='line_1_57' title="bbox 371 5415 1951 5492; baseline 0.008 -26"><span class='ocrx_word' id='word_1_451' title='bbox 371 5429 493 5483; x_wconf 85' lang='lat' dir='ltr'><strong>erga</strong></span> <span class='ocrx_word' id='word_1_452' title='bbox 538 5415 938 5471; x_wconf 88' lang='lat' dir='ltr'><strong>benefactorum</strong></span> <span class='ocrx_word' id='word_1_453' title='bbox 982 5419 1240 5472; x_wconf 87' lang='lat' dir='ltr'><strong>viderer?</strong></span> <span class='ocrx_word' id='word_1_454' title='bbox 1269 5420 1382 5474; x_wconf 84' lang='lat' dir='ltr'><strong>Jam</strong></span> <span class='ocrx_word' id='word_1_455' title='bbox 1414 5423 1491 5475; x_wconf 92' lang='lat' dir='ltr'><strong>sic</strong></span> <span class='ocrx_word' id='word_1_456' title='bbox 1527 5439 1650 5492; x_wconf 88' lang='lat' dir='ltr'><strong>erga</strong></span> <span class='ocrx_word' id='word_1_457' title='bbox 1683 5424 1951 5480; x_wconf 85' lang='lat' dir='ltr'><strong>hominem</strong></span> 
     </span>
    </p>
   </div>
   <div class='ocr_carea' id='block_1_58' title="bbox 371 5506 1957 5580">
    <p class='ocr_par' dir='ltr' id='par_1_58' title="bbox 371 5506 1957 5580">
     <span class='ocr_line' id='line_1_58' title="bbox 371 5506 1957 5580; baseline 0.009 -24"><span class='ocrx_word' id='word_1_458' title='bbox 371 5506 590 5560; x_wconf 84' lang='lat' dir='ltr'><strong>affectus</strong></span> <span class='ocrx_word' id='word_1_459' title='bbox 627 5523 728 5572; x_wconf 85' lang='lat' dir='ltr'><strong>es;</strong></span> <span class='ocrx_word' id='word_1_460' title='bbox 763 5517 816 5562; x_wconf 91' lang='lat' dir='ltr'><strong>et</strong></span> <span class='ocrx_word' id='word_1_461' title='bbox 853 5523 973 5562; x_wconf 89' lang='lat' dir='ltr'><strong>cum</strong></span> <span class='ocrx_word' id='word_1_462' title='bbox 1005 5510 1072 5563; x_wconf 89' lang='lat' dir='ltr'><strong>de</strong></span> <span class='ocrx_word' id='word_1_463' title='bbox 1105 5511 1212 5565; x_wconf 91' lang='lat' dir='ltr'><strong>Deo</strong></span> <span class='ocrx_word' id='word_1_464' title='bbox 1239 5513 1432 5580; x_wconf 77' lang='lat' dir='ltr'><strong>agitur,</strong></span> <span class='ocrx_word' id='word_1_465' title='bbox 1476 5514 1544 5566; x_wconf 92' lang='lat' dir='ltr'><strong>ita</strong></span> <span class='ocrx_word' id='word_1_466' title='bbox 1577 5515 1837 5570; x_wconf 88' lang='lat' dir='ltr'><strong>decedere</strong></span> <span class='ocrx_word' id='word_1_467' title='bbox 1865 5533 1957 5570; x_wconf 91' lang='lat' dir='ltr'><strong>cu-</strong></span> 
     </span>
    </p>
   </div>
   <div class='ocr_carea' id='block_1_59' title="bbox 369 5605 1953 5678">
    <p class='ocr_par' dir='ltr' id='par_1_59' title="bbox 369 5605 1953 5678">
     <span class='ocr_line' id='line_1_59' title="bbox 369 5605 1953 5678; baseline 0.01 -30"><span class='ocrx_word' id='word_1_468' title='bbox 369 5611 476 5659; x_wconf 85' lang='lat' dir='ltr'><strong>ras,</strong></span> <span class='ocrx_word' id='word_1_469' title='bbox 526 5609 582 5652; x_wconf 82' lang='lat' dir='ltr'><strong>nt</strong></span> <span class='ocrx_word' id='word_1_470' title='bbox 613 5609 688 5653; x_wconf 88' lang='lat' dir='ltr'><strong>tot</strong></span> <span class='ocrx_word' id='word_1_471' title='bbox 731 5615 1014 5656; x_wconf 88' lang='lat' dir='ltr'><strong>munerum</strong></span> <span class='ocrx_word' id='word_1_472' title='bbox 1060 5605 1232 5658; x_wconf 89' lang='lat' dir='ltr'><strong>datori</strong></span> <span class='ocrx_word' id='word_1_473' title='bbox 1280 5606 1447 5659; x_wconf 87' lang='lat' dir='ltr'><strong>vicem</strong></span> <span class='ocrx_word' id='word_1_474' title='bbox 1497 5623 1602 5661; x_wconf 92' lang='lat' dir='ltr'><strong>non</strong></span> <span class='ocrx_word' id='word_1_475' title='bbox 1651 5611 1953 5678; x_wconf 82' lang='lat' dir='ltr'><strong>rcpendas?</strong></span> 
     </span>
    </p>
   </div>
   <div class='ocr_carea' id='block_1_60' title="bbox 370 5685 1951 5772">
    <p class='ocr_par' dir='ltr' id='par_1_60' title="bbox 370 5685 1951 5772">
     <span class='ocr_line' id='line_1_60' title="bbox 370 5685 1951 5772; baseline 0.01 -33"><span class='ocrx_word' id='word_1_476' title='bbox 370 5685 502 5753; x_wconf 86' lang='lat' dir='ltr'><strong>Quin</strong></span> <span class='ocrx_word' id='word_1_477' title='bbox 547 5690 723 5759; x_wconf 89' lang='lat' dir='ltr'><strong>potius</strong></span> <span class='ocrx_word' id='word_1_478' title='bbox 757 5701 879 5747; x_wconf 90' lang='lat' dir='ltr'><strong>tunc</strong></span> <span class='ocrx_word' id='word_1_479' title='bbox 907 5694 1124 5761; x_wconf 87' lang='lat' dir='ltr'><strong>accede,</strong></span> <span class='ocrx_word' id='word_1_480' title='bbox 1167 5711 1287 5751; x_wconf 91' lang='lat' dir='ltr'><strong>cum</strong></span> <span class='ocrx_word' id='word_1_481' title='bbox 1331 5708 1484 5768; x_wconf 85' lang='lat' dir='ltr'><strong>poles</strong></span> <span class='ocrx_word' id='word_1_482' title='bbox 1522 5701 1667 5772; x_wconf 86' lang='lat' dir='ltr'><strong>paria</strong></span> <span class='ocrx_word' id='word_1_483' title='bbox 1711 5700 1951 5757; x_wconf 89' lang='lat' dir='ltr'><strong>reddere.</strong></span> 
     </span>
    </p>
   </div>
   <div class='ocr_carea' id='block_1_61' title="bbox 2058 390 3640 487">
    <p class='ocr_par' dir='ltr' id='par_1_61' title="bbox 2058 390 3640 487">
     <span class='ocr_line' id='line_1_61' title="bbox 2058 390 3640 487; baseline 0.027 -45"><span class='ocrx_word' id='word_1_484' title='bbox 2058 390 2167 444; x_wconf 87' lang='lat' dir='ltr'><strong>Cur</strong></span> <span class='ocrx_word' id='word_1_485' title='bbox 2193 390 2369 462; x_wconf 84' lang='lat' dir='ltr'><strong>fugis?</strong></span> <span class='ocrx_word' id='word_1_486' title='bbox 2407 397 2598 464; x_wconf 84' lang='lat' dir='ltr'><strong>Etiam,</strong></span> <span class='ocrx_word' id='word_1_487' title='bbox 2628 403 2871 472; x_wconf 86' lang='lat' dir='ltr'><strong>inquies;</strong></span> <span class='ocrx_word' id='word_1_488' title='bbox 2905 409 2998 465; x_wconf 87' lang='lat' dir='ltr'><strong>sed</strong></span> <span class='ocrx_word' id='word_1_489' title='bbox 3022 429 3126 469; x_wconf 91' lang='lat' dir='ltr'><strong>non</strong></span> <span class='ocrx_word' id='word_1_490' title='bbox 3158 433 3370 487; x_wconf 81' lang='lat' dir='ltr'><strong>possum</strong></span> <span class='ocrx_word' id='word_1_491' title='bbox 3399 441 3483 480; x_wconf 88' lang='lat' dir='ltr'><strong>me</strong></span> <span class='ocrx_word' id='word_1_492' title='bbox 3508 443 3640 483; x_wconf 85' lang='lat' dir='ltr'><strong>con-</strong></span> 
     </span>
    </p>
   </div>
   <div class='ocr_carea' id='block_1_62' title="bbox 2059 483 3638 578">
    <p class='ocr_par' dir='ltr' id='par_1_62' title="bbox 2059 483 3638 578">
     <span class='ocr_line' id='line_1_62' title="bbox 2059 483 3638 578; baseline 0.027 -42"><span class='ocrx_word' id='word_1_493' title='bbox 2059 483 2249 578; x_wconf 85' lang='lat' dir='ltr'><strong>tinere.</strong></span> <span class='ocrx_word' id='word_1_494' title='bbox 2279 487 2419 558; x_wconf 88' lang='lat' dir='ltr'><strong>Ergo</strong></span> <span class='ocrx_word' id='word_1_495' title='bbox 2449 491 2796 562; x_wconf 85' lang='lat' dir='ltr'><strong>impossibilia</strong></span> <span class='ocrx_word' id='word_1_496' title='bbox 2826 509 3072 575; x_wconf 73' lang='lat' dir='ltr'><strong>praecepit</strong></span> <span class='ocrx_word' id='word_1_497' title='bbox 3105 483 3277 567; x_wconf 84' lang='lat' dir='ltr'><strong>Deus?</strong></span> <span class='ocrx_word' id='word_1_498' title='bbox 3306 515 3441 573; x_wconf 92' lang='lat' dir='ltr'><strong>Hinc</strong></span> <span class='ocrx_word' id='word_1_499' title='bbox 3463 525 3638 578; x_wconf 82' lang='lat' dir='ltr'><strong>omnia</strong></span> 
     </span>
    </p>
   </div>
   <div class='ocr_carea' id='block_1_63' title="bbox 2057 577 3644 678">
    <p class='ocr_par' dir='ltr' id='par_1_63' title="bbox 2057 577 3644 678">
     <span class='ocr_line' id='line_1_63' title="bbox 2057 577 3644 678; baseline 0.026 -50"><span class='ocrx_word' id='word_1_500' title='bbox 2057 577 2312 634; x_wconf 86' lang='lat' dir='ltr'><strong>subversa</strong></span> <span class='ocrx_word' id='word_1_501' title='bbox 2339 592 2483 650; x_wconf 91' lang='lat' dir='ltr'><strong>sunt,</strong></span> <span class='ocrx_word' id='word_1_502' title='bbox 2508 586 2630 642; x_wconf 90' lang='lat' dir='ltr'><strong>hinc</strong></span> <span class='ocrx_word' id='word_1_503' title='bbox 2654 591 2883 648; x_wconf 87' lang='lat' dir='ltr'><strong>mundus</strong></span> <span class='ocrx_word' id='word_1_504' title='bbox 2909 611 3190 668; x_wconf 89' lang='lat' dir='ltr'><strong>corruptus</strong></span> <span class='ocrx_word' id='word_1_505' title='bbox 3211 616 3312 672; x_wconf 86' lang='lat' dir='ltr'><strong>est,</strong></span> <span class='ocrx_word' id='word_1_506' title='bbox 3335 611 3455 678; x_wconf 88' lang='lat' dir='ltr'><strong>quia</strong></span> <span class='ocrx_word' id='word_1_507' title='bbox 3484 629 3644 668; x_wconf 86' lang='lat' dir='ltr'><strong>nemo</strong></span> 
     </span>
    </p>
   </div>
   <div class='ocr_carea' id='block_1_64' title="bbox 2071 677 3644 760">
    <p class='ocr_par' dir='ltr' id='par_1_64' title="bbox 2071 677 3644 760">
     <span class='ocr_line' id='line_1_64' title="bbox 2071 677 3644 760; baseline 0.026 -40"><span class='ocrx_word' id='word_1_508' title='bbox 2071 679 2208 722; x_wconf 87' lang='lat' dir='ltr'><strong>:urat</strong></span> <span class='ocrx_word' id='word_1_509' title='bbox 2244 677 2535 730; x_wconf 87' lang='lat' dir='ltr'><strong>secundum</strong></span> <span class='ocrx_word' id='word_1_510' title='bbox 2569 680 2731 735; x_wconf 82' lang='lat' dir='ltr'><strong>Deum</strong></span> <span class='ocrx_word' id='word_1_511' title='bbox 2771 685 2971 742; x_wconf 86' lang='lat' dir='ltr'><strong>vivere.</strong></span> <span class='ocrx_word' id='word_1_512' title='bbox 3001 677 3376 755; x_wconf 82' lang='lat' dir='ltr'><strong>Cateclnnneni</strong></span> <span class='ocrx_word' id='word_1_513' title='bbox 3413 703 3514 759; x_wconf 88' lang='lat' dir='ltr'><strong>hoc</strong></span> <span class='ocrx_word' id='word_1_514' title='bbox 3549 721 3644 760; x_wconf 87' lang='lat' dir='ltr'><strong>cu-</strong></span> 
     </span>
    </p>
   </div>
   <div class='ocr_carea' id='block_1_65' title="bbox 2059 767 3639 862">
    <p class='ocr_par' dir='ltr' id='par_1_65' title="bbox 2059 767 3639 862">
     <span class='ocr_line' id='line_1_65' title="bbox 2059 767 3639 862; baseline 0.027 -53"><span class='ocrx_word' id='word_1_515' title='bbox 2059 771 2239 815; x_wconf 89' lang='lat' dir='ltr'><strong>rantes</strong></span> <span class='ocrx_word' id='word_1_516' title='bbox 2265 803 2280 827; x_wconf 91' lang='lat'><strong>,</strong></span> <span class='ocrx_word' id='word_1_517' title='bbox 2313 767 2516 820; x_wconf 90' lang='lat' dir='ltr'><strong>nullam</strong></span> <span class='ocrx_word' id='word_1_518' title='bbox 2559 770 2626 825; x_wconf 88' lang='lat' dir='ltr'><strong>de</strong></span> <span class='ocrx_word' id='word_1_519' title='bbox 2655 784 2798 828; x_wconf 88' lang='lat' dir='ltr'><strong>recta</strong></span> <span class='ocrx_word' id='word_1_520' title='bbox 2831 780 2934 832; x_wconf 93' lang='lat' dir='ltr'><strong>vita</strong></span> <span class='ocrx_word' id='word_1_521' title='bbox 2975 780 3172 838; x_wconf 89' lang='lat' dir='ltr'><strong>habent</strong></span> <span class='ocrx_word' id='word_1_522' title='bbox 3197 790 3639 862; x_wconf 89' lang='lat' dir='ltr'><strong>sollicitudinem;</strong></span> 
     </span>
    </p>
   </div>
   <div class='ocr_carea' id='block_1_66' title="bbox 2058 855 3642 953">
    <p class='ocr_par' dir='ltr' id='par_1_66' title="bbox 2058 855 3642 953">
     <span class='ocr_line' id='line_1_66' title="bbox 2058 855 3642 953; baseline 0.027 -50"><span class='ocrx_word' id='word_1_523' title='bbox 2058 855 2147 920; x_wconf 87' lang='lat' dir='ltr'><strong>qui</strong></span> <span class='ocrx_word' id='word_1_524' title='bbox 2175 869 2302 909; x_wconf 85' lang='lat' dir='ltr'><strong>vero</strong></span> <span class='ocrx_word' id='word_1_525' title='bbox 2327 857 2436 926; x_wconf 88' lang='lat' dir='ltr'><strong>jam</strong></span> <span class='ocrx_word' id='word_1_526' title='bbox 2465 873 2589 916; x_wconf 91' lang='lat' dir='ltr'><strong>sunt</strong></span> <span class='ocrx_word' id='word_1_527' title='bbox 2617 865 2917 936; x_wconf 89' lang='lat' dir='ltr'><strong>illuminati,</strong></span> <span class='ocrx_word' id='word_1_528' title='bbox 2947 872 3136 930; x_wconf 90' lang='lat' dir='ltr'><strong>horum</strong></span> <span class='ocrx_word' id='word_1_529' title='bbox 3167 879 3278 942; x_wconf 88' lang='lat' dir='ltr'><strong>alii,</strong></span> <span class='ocrx_word' id='word_1_530' title='bbox 3310 885 3428 953; x_wconf 90' lang='lat' dir='ltr'><strong>quia</strong></span> <span class='ocrx_word' id='word_1_531' title='bbox 3468 855 3642 945; x_wconf 78' lang='lat' dir='ltr'><strong>adhuc</strong></span> 
     </span>
    </p>
   </div>
   <div class='ocr_carea' id='block_1_67' title="bbox 2057 949 3640 1048">
    <p class='ocr_par' dir='ltr' id='par_1_67' title="bbox 2057 949 3640 1048">
     <span class='ocr_line' id='line_1_67' title="bbox 2057 949 3640 1048; baseline 0.025 -56"><span class='ocrx_word' id='word_1_532' title='bbox 2223 949 2371 1013; x_wconf 89' lang='lat' dir='ltr'><strong>pueri</strong></span> <span class='ocrx_word' id='word_1_533' title='bbox 2423 963 2604 1006; x_wconf 83' lang='lat' dir='ltr'><strong>essent</strong></span> <span class='ocrx_word' id='word_1_534' title='bbox 2651 955 2911 1026; x_wconf 88' lang='lat' dir='ltr'><strong>baptisma</strong></span> <span class='ocrx_word' id='word_1_535' title='bbox 2959 949 3475 1038; x_wconf 37' lang='lat' dir='ltr'><strong>acceperuntpalii,</strong></span> <span class='ocrx_word' id='word_1_536' title='bbox 3519 981 3640 1048; x_wconf 87' lang='lat' dir='ltr'><strong>quia</strong></span> 
     </span>
    </p>
   </div>
   <div class='ocr_carea' id='block_1_68' title="bbox 2057 1031 3640 1134">
    <p class='ocr_par' dir='ltr' id='par_1_68' title="bbox 2057 1031 3640 1134">
     <span class='ocr_line' id='line_1_68' title="bbox 2057 1031 3640 1134; baseline 0.025 -50"><span class='ocrx_word' id='word_1_537' title='bbox 2057 1031 2372 1091; x_wconf 70' lang='lat' dir='ltr'><strong>differebant</strong></span> <span class='ocrx_word' id='word_1_538' title='bbox 2403 1049 2456 1094; x_wconf 90' lang='lat' dir='ltr'><strong>et</strong></span> <span class='ocrx_word' id='word_1_539' title='bbox 2485 1042 2537 1095; x_wconf 92' lang='lat' dir='ltr'><strong>in</strong></span> <span class='ocrx_word' id='word_1_540' title='bbox 2563 1047 2754 1102; x_wconf 87' lang='lat' dir='ltr'><strong>morbo</strong></span> <span class='ocrx_word' id='word_1_541' title='bbox 2783 1050 2997 1106; x_wconf 89' lang='lat' dir='ltr'><strong>demum</strong></span> <span class='ocrx_word' id='word_1_542' title='bbox 3044 1031 3101 1109; x_wconf 85' lang='lat' dir='ltr'><strong>id</strong></span> <span class='ocrx_word' id='word_1_543' title='bbox 3136 1031 3487 1129; x_wconf 53' lang='lat' dir='ltr'><strong>acceperunt,</strong></span> <span class='ocrx_word' id='word_1_544' title='bbox 3519 1031 3640 1134; x_wconf 63' lang='lat' dir='ltr'><strong>quia</strong></span> 
     </span>
    </p>
   </div>
   <div class='ocr_carea' id='block_1_69' title="bbox 2058 1125 3636 1222">
    <p class='ocr_par' dir='ltr' id='par_1_69' title="bbox 2058 1125 3636 1222">
     <span class='ocr_line' id='line_1_69' title="bbox 2058 1125 3636 1222; baseline 0.023 -46"><span class='ocrx_word' id='word_1_545' title='bbox 2058 1125 2261 1181; x_wconf 90' lang='lat' dir='ltr'><strong>nullum</strong></span> <span class='ocrx_word' id='word_1_546' title='bbox 2294 1129 2561 1190; x_wconf 89' lang='lat' dir='ltr'><strong>habebant</strong></span> <span class='ocrx_word' id='word_1_547' title='bbox 2599 1140 2832 1194; x_wconf 88' lang='lat' dir='ltr'><strong>studium</strong></span> <span class='ocrx_word' id='word_1_548' title='bbox 2863 1144 3075 1200; x_wconf 85' lang='lat' dir='ltr'><strong>vivendi</strong></span> <span class='ocrx_word' id='word_1_549' title='bbox 3107 1125 3402 1208; x_wconf 48' lang='lat' dir='ltr'><strong>secuti—dum</strong></span> <span class='ocrx_word' id='word_1_550' title='bbox 3434 1125 3599 1212; x_wconf 75' lang='lat' dir='ltr'><strong>Deum</strong></span> <span class='ocrx_word' id='word_1_551' title='bbox 3622 1202 3636 1222; x_wconf 93' lang='lat'><strong>,</strong></span> 
     </span>
    </p>
   </div>
   <div class='ocr_carea' id='block_1_70' title="bbox 2057 1219 3682 1304">
    <p class='ocr_par' dir='ltr' id='par_1_70' title="bbox 2057 1219 3682 1304">
     <span class='ocr_line' id='line_1_70' title="bbox 2057 1219 3682 1304; baseline 0.023 -36"><span class='ocrx_word' id='word_1_552' title='bbox 2057 1231 2230 1286; x_wconf 89' lang='lat' dir='ltr'><strong>neque</strong></span> <span class='ocrx_word' id='word_1_553' title='bbox 2281 1219 2336 1274; x_wconf 90' lang='lat' dir='ltr'><strong>hi</strong></span> <span class='ocrx_word' id='word_1_554' title='bbox 2380 1225 2605 1280; x_wconf 90' lang='lat' dir='ltr'><strong>studiosi</strong></span> <span class='ocrx_word' id='word_1_555' title='bbox 2653 1240 2812 1298; x_wconf 90' lang='lat' dir='ltr'><strong>sunt;</strong></span> <span class='ocrx_word' id='word_1_556' title='bbox 2859 1235 2948 1303; x_wconf 91' lang='lat' dir='ltr'><strong>qui</strong></span> <span class='ocrx_word' id='word_1_557' title='bbox 2997 1247 3173 1293; x_wconf 88' lang='lat' dir='ltr'><strong>autem</strong></span> <span class='ocrx_word' id='word_1_558' title='bbox 3217 1243 3357 1299; x_wconf 85' lang='lat' dir='ltr'><strong>bene</strong></span> <span class='ocrx_word' id='word_1_559' title='bbox 3406 1219 3642 1304; x_wconf 79' lang='lat' dir='ltr'><strong>valentes</strong></span> <span class='ocrx_word' id='word_1_560' title='bbox 3680 1262 3682 1266; x_wconf 80' lang='lat'>&#39;</span> 
     </span>
    </p>
   </div>
   <div class='ocr_carea' id='block_1_71' title="bbox 2055 1322 3640 1397">
    <p class='ocr_par' dir='ltr' id='par_1_71' title="bbox 2055 1322 3640 1397">
     <span class='ocr_line' id='line_1_71' title="bbox 2055 1322 3640 1397; baseline 0.021 -37"><span class='ocrx_word' id='word_1_561' title='bbox 2055 1322 2398 1378; x_wconf 84' lang='lat' dir='ltr'><strong>acceperunt,</strong></span> <span class='ocrx_word' id='word_1_562' title='bbox 2433 1331 2616 1383; x_wconf 88' lang='lat' dir='ltr'><strong>parum</strong></span> <span class='ocrx_word' id='word_1_563' title='bbox 2646 1330 2698 1374; x_wconf 92' lang='lat' dir='ltr'><strong>et</strong></span> <span class='ocrx_word' id='word_1_564' title='bbox 2726 1322 2825 1390; x_wconf 91' lang='lat' dir='ltr'><strong>ipsi</strong></span> <span class='ocrx_word' id='word_1_565' title='bbox 2872 1326 3032 1380; x_wconf 83' lang='lat' dir='ltr'><strong>studii</strong></span> <span class='ocrx_word' id='word_1_566' title='bbox 3071 1331 3344 1397; x_wconf 82' lang='lat' dir='ltr'><strong>exhibent,</strong></span> <span class='ocrx_word' id='word_1_567' title='bbox 3377 1345 3430 1389; x_wconf 89' lang='lat' dir='ltr'><strong>et</strong></span> <span class='ocrx_word' id='word_1_568' title='bbox 3461 1341 3640 1394; x_wconf 87' lang='lat' dir='ltr'><strong>statim</strong></span> 
     </span>
    </p>
   </div>
   <div class='ocr_carea' id='block_1_72' title="bbox 2055 1400 3636 1490">
    <p class='ocr_par' dir='ltr' id='par_1_72' title="bbox 2055 1400 3636 1490">
     <span class='ocr_line' id='line_1_72' title="bbox 2055 1400 3636 1490; baseline 0.02 -38"><span class='ocrx_word' id='word_1_569' title='bbox 2055 1400 2304 1457; x_wconf 85' lang='lat' dir='ltr'><strong>ardentes</strong></span> <span class='ocrx_word' id='word_1_570' title='bbox 2338 1406 2547 1475; x_wconf 74' lang='lat' dir='ltr'><strong>eﬂecti,</strong></span> <span class='ocrx_word' id='word_1_571' title='bbox 2581 1423 2761 1479; x_wconf 89' lang='lat' dir='ltr'><strong>postea</strong></span> <span class='ocrx_word' id='word_1_572' title='bbox 2807 1425 2860 1469; x_wconf 87' lang='lat' dir='ltr'><strong>et</strong></span> <span class='ocrx_word' id='word_1_573' title='bbox 2907 1419 3002 1486; x_wconf 89' lang='lat' dir='ltr'><strong>ipsi</strong></span> <span class='ocrx_word' id='word_1_574' title='bbox 3047 1422 3219 1490; x_wconf 83' lang='lat' dir='ltr'><strong>ignem</strong></span> <span class='ocrx_word' id='word_1_575' title='bbox 3247 1428 3636 1484; x_wconf 79' lang='lat' dir='ltr'><strong>exstinxernut.</strong></span> 
     </span>
    </p>
   </div>
   <div class='ocr_carea' id='block_1_73' title="bbox 2055 1494 3643 1584">
    <p class='ocr_par' dir='ltr' id='par_1_73' title="bbox 2055 1494 3643 1584">
     <span class='ocr_line' id='line_1_73' title="bbox 2055 1494 3643 1584; baseline 0.02 -40"><span class='ocrx_word' id='word_1_576' title='bbox 2055 1494 2247 1548; x_wconf 89' lang='lat' dir='ltr'><strong>Annon</strong></span> <span class='ocrx_word' id='word_1_577' title='bbox 2281 1507 2430 1564; x_wconf 90' lang='lat' dir='ltr'><strong>potes</strong></span> <span class='ocrx_word' id='word_1_578' title='bbox 2461 1505 2762 1570; x_wconf 88' lang='lat' dir='ltr'><strong>negotiari?</strong></span> <span class='ocrx_word' id='word_1_579' title='bbox 2785 1521 2850 1560; x_wconf 88' lang='lat' dir='ltr'><strong>an</strong></span> <span class='ocrx_word' id='word_1_580' title='bbox 2879 1509 2947 1562; x_wconf 87' lang='lat' dir='ltr'><strong>ab</strong></span> <span class='ocrx_word' id='word_1_581' title='bbox 2969 1527 3137 1566; x_wconf 81' lang='lat' dir='ltr'><strong>uxore</strong></span> <span class='ocrx_word' id='word_1_582' title='bbox 3165 1524 3214 1567; x_wconf 90' lang='lat' dir='ltr'><strong>te</strong></span> <span class='ocrx_word' id='word_1_583' title='bbox 3239 1518 3456 1584; x_wconf 87' lang='lat' dir='ltr'><strong>separo?</strong></span> <span class='ocrx_word' id='word_1_584' title='bbox 3477 1523 3516 1572; x_wconf 82' lang='lat' dir='ltr'><strong>A</strong></span> <span class='ocrx_word' id='word_1_585' title='bbox 3543 1521 3643 1574; x_wconf 88' lang='lat' dir='ltr'><strong>for-</strong></span> 
     </span>
    </p>
   </div>
   <div class='ocr_carea' id='block_1_74' title="bbox 2057 1587 3640 1668">
    <p class='ocr_par' dir='ltr' id='par_1_74' title="bbox 2057 1587 3640 1668">
     <span class='ocr_line' id='line_1_74' title="bbox 2057 1587 3640 1668; baseline 0.018 -30"><span class='ocrx_word' id='word_1_586' title='bbox 2057 1587 2320 1642; x_wconf 89' lang='lat' dir='ltr'><strong>nicatione</strong></span> <span class='ocrx_word' id='word_1_587' title='bbox 2342 1591 2580 1649; x_wconf 91' lang='lat' dir='ltr'><strong>sccludo.</strong></span> <span class='ocrx_word' id='word_1_588' title='bbox 2611 1595 2743 1650; x_wconf 87' lang='lat' dir='ltr'><strong>Num</strong></span> <span class='ocrx_word' id='word_1_589' title='bbox 2770 1613 2798 1650; x_wconf 91' lang='lat' dir='ltr'><strong>a</strong></span> <span class='ocrx_word' id='word_1_590' title='bbox 2829 1604 3172 1668; x_wconf 88' lang='lat' dir='ltr'><strong>pecuniarum</strong></span> <span class='ocrx_word' id='word_1_591' title='bbox 3203 1622 3299 1660; x_wconf 89' lang='lat' dir='ltr'><strong>usu</strong></span> <span class='ocrx_word' id='word_1_592' title='bbox 3325 1611 3526 1664; x_wconf 84' lang='lat' dir='ltr'><strong>arceo?</strong></span> <span class='ocrx_word' id='word_1_593' title='bbox 3559 1613 3640 1666; x_wconf 89' lang='lat' dir='ltr'><strong>Ab</strong></span> 
     </span>
    </p>
   </div>
   <div class='ocr_carea' id='block_1_75' title="bbox 2055 1681 3635 1767">
    <p class='ocr_par' dir='ltr' id='par_1_75' title="bbox 2055 1681 3635 1767">
     <span class='ocr_line' id='line_1_75' title="bbox 2055 1681 3635 1767; baseline 0.019 -39"><span class='ocrx_word' id='word_1_594' title='bbox 2055 1681 2274 1734; x_wconf 88' lang='lat' dir='ltr'><strong>avaritia</strong></span> <span class='ocrx_word' id='word_1_595' title='bbox 2323 1692 2524 1738; x_wconf 91' lang='lat' dir='ltr'><strong>tantum</strong></span> <span class='ocrx_word' id='word_1_596' title='bbox 2573 1697 2628 1741; x_wconf 90' lang='lat' dir='ltr'><strong>et</strong></span> <span class='ocrx_word' id='word_1_597' title='bbox 2670 1692 2874 1758; x_wconf 90' lang='lat' dir='ltr'><strong>rapina.</strong></span> <span class='ocrx_word' id='word_1_598' title='bbox 2918 1694 3054 1749; x_wconf 80' lang='lat' dir='ltr'><strong>Num</strong></span> <span class='ocrx_word' id='word_1_599' title='bbox 3083 1713 3218 1767; x_wconf 87' lang='lat' dir='ltr'><strong>cogo</strong></span> <span class='ocrx_word' id='word_1_600' title='bbox 3245 1710 3314 1762; x_wconf 89' lang='lat' dir='ltr'><strong>te,</strong></span> <span class='ocrx_word' id='word_1_601' title='bbox 3364 1713 3420 1756; x_wconf 92' lang='lat' dir='ltr'><strong>ut</strong></span> <span class='ocrx_word' id='word_1_602' title='bbox 3461 1706 3635 1758; x_wconf 90' lang='lat' dir='ltr'><strong>omnia</strong></span> 
     </span>
    </p>
   </div>
   <div class='ocr_carea' id='block_1_76' title="bbox 2055 1768 3638 1861">
    <p class='ocr_par' dir='ltr' id='par_1_76' title="bbox 2055 1768 3638 1861">
     <span class='ocr_line' id='line_1_76' title="bbox 2055 1768 3638 1861; baseline 0.018 -40"><span class='ocrx_word' id='word_1_603' title='bbox 2055 1768 2337 1826; x_wconf 72' lang='lat' dir='ltr'><strong>ell’nndas?</strong></span> <span class='ocrx_word' id='word_1_604' title='bbox 2366 1774 2540 1831; x_wconf 88' lang='lat' dir='ltr'><strong>Pauca</strong></span> <span class='ocrx_word' id='word_1_605' title='bbox 2573 1788 2775 1836; x_wconf 88' lang='lat' dir='ltr'><strong>tantum</strong></span> <span class='ocrx_word' id='word_1_606' title='bbox 2815 1799 2879 1837; x_wconf 83' lang='lat' dir='ltr'><strong>ex</strong></span> <span class='ocrx_word' id='word_1_607' title='bbox 2922 1785 3261 1844; x_wconf 77' lang='lat' dir='ltr'><strong>facultatibus</strong></span> <span class='ocrx_word' id='word_1_608' title='bbox 3295 1793 3478 1861; x_wconf 88' lang='lat' dir='ltr'><strong>egenis</strong></span> <span class='ocrx_word' id='word_1_609' title='bbox 3519 1811 3638 1849; x_wconf 63' lang='grc' dir='ltr'><strong>ενοι</strong></span> 
     </span>
    </p>
   </div>
   <div class='ocr_carea' id='block_1_77' title="bbox 2055 1863 3638 1950">
    <p class='ocr_par' dir='ltr' id='par_1_77' title="bbox 2055 1863 3638 1950">
     <span class='ocr_line' id='line_1_77' title="bbox 2055 1863 3638 1950; baseline 0.018 -37"><span class='ocrx_word' id='word_1_610' title='bbox 2055 1876 2179 1930; x_wconf 88' lang='lat' dir='ltr'><strong>gare</strong></span> <span class='ocrx_word' id='word_1_611' title='bbox 2201 1863 2366 1932; x_wconf 87' lang='lat' dir='ltr'><strong>juheo</strong></span> <span class='ocrx_word' id='word_1_612' title='bbox 2397 1867 2744 1934; x_wconf 83' lang='lat' dir='ltr'><strong>(Abundantia</strong></span> <span class='ocrx_word' id='word_1_613' title='bbox 2773 1886 2954 1942; x_wconf 83' lang='lat' dir='ltr'><strong>uestra,</strong></span> <span class='ocrx_word' id='word_1_614' title='bbox 2986 1879 3172 1950; x_wconf 90' lang='lat' dir='ltr'><strong>inquit,</strong></span> <span class='ocrx_word' id='word_1_615' title='bbox 3195 1882 3264 1934; x_wconf 83' lang='lat' dir='ltr'><strong>ad</strong></span> <span class='ocrx_word' id='word_1_616' title='bbox 3308 1883 3513 1939; x_wconf 81' lang='lat' dir='ltr'><strong>illorum</strong></span> <span class='ocrx_word' id='word_1_617' title='bbox 3555 1890 3638 1940; x_wconf 88' lang='lat' dir='ltr'><strong>in-</strong></span> 
     </span>
    </p>
   </div>
   <div class='ocr_carea' id='block_1_78' title="bbox 2053 1954 3637 2040">
    <p class='ocr_par' dir='ltr' id='par_1_78' title="bbox 2053 1954 3637 2040">
     <span class='ocr_line' id='line_1_78' title="bbox 2053 1954 3637 2040; baseline 0.019 -36"><span class='ocrx_word' id='word_1_618' title='bbox 2053 1955 2220 2020; x_wconf 84' lang='lat' dir='ltr'><strong>opiam</strong></span> <span class='ocrx_word' id='word_1_619' title='bbox 2243 1954 2316 2026; x_wconf 73' lang='lat'><strong>[2.</strong></span> <span class='ocrx_word' id='word_1_620' title='bbox 2343 1956 2458 2012; x_wconf 85' lang='lat' dir='ltr'><strong>Cor.</strong></span> <span class='ocrx_word' id='word_1_621' title='bbox 2479 1959 2532 2014; x_wconf 91' lang='lat'><strong>8.</strong></span> <span class='ocrx_word' id='word_1_622' title='bbox 2561 1962 2768 2034; x_wconf 78' lang='lat' dir='ltr'><strong>M]):ac</strong></span> <span class='ocrx_word' id='word_1_623' title='bbox 2787 1982 2959 2035; x_wconf 88' lang='lat' dir='ltr'><strong>neque</strong></span> <span class='ocrx_word' id='word_1_624' title='bbox 2987 1971 3054 2023; x_wconf 90' lang='lat' dir='ltr'><strong>ita</strong></span> <span class='ocrx_word' id='word_1_625' title='bbox 3077 1977 3477 2040; x_wconf 86' lang='lat' dir='ltr'><strong>persuademus.</strong></span> <span class='ocrx_word' id='word_1_626' title='bbox 3502 1980 3637 2034; x_wconf 82' lang='lat' dir='ltr'><strong>Num</strong></span> 
     </span>
    </p>
   </div>
   <div class='ocr_carea' id='block_1_79' title="bbox 2053 2046 3640 2139">
    <p class='ocr_par' dir='ltr' id='par_1_79' title="bbox 2053 2046 3640 2139">
     <span class='ocr_line' id='line_1_79' title="bbox 2053 2046 3640 2139; baseline 0.018 -40"><span class='ocrx_word' id='word_1_627' title='bbox 2053 2046 2116 2139; x_wconf 86' lang='lat' dir='ltr'><strong>ad</strong></span> <span class='ocrx_word' id='word_1_628' title='bbox 2141 2047 2486 2117; x_wconf 70' lang='lat' dir='ltr'><strong>jejunaudum</strong></span> <span class='ocrx_word' id='word_1_629' title='bbox 2516 2057 2802 2125; x_wconf 84' lang='lat' dir='ltr'><strong>cogimus?</strong></span> <span class='ocrx_word' id='word_1_630' title='bbox 2828 2061 3150 2119; x_wconf 84' lang='lat' dir='ltr'><strong>Ebrietatem</strong></span> <span class='ocrx_word' id='word_1_631' title='bbox 3178 2078 3231 2122; x_wconf 91' lang='lat' dir='ltr'><strong>et</strong></span> <span class='ocrx_word' id='word_1_632' title='bbox 3268 2071 3443 2139; x_wconf 89' lang='lat' dir='ltr'><strong>gulam</strong></span> <span class='ocrx_word' id='word_1_633' title='bbox 3491 2073 3640 2126; x_wconf 89' lang='lat' dir='ltr'><strong>cohi-</strong></span> 
     </span>
    </p>
   </div>
   <div class='ocr_carea' id='block_1_80' title="bbox 2054 2138 3640 2227">
    <p class='ocr_par' dir='ltr' id='par_1_80' title="bbox 2054 2138 3640 2227">
     <span class='ocr_line' id='line_1_80' title="bbox 2054 2138 3640 2227; baseline 0.019 -36"><span class='ocrx_word' id='word_1_634' title='bbox 2054 2138 2260 2194; x_wconf 81' lang='lat' dir='ltr'><strong>bentns.</strong></span> <span class='ocrx_word' id='word_1_635' title='bbox 2307 2142 2398 2197; x_wconf 91' lang='lat' dir='ltr'><strong>llla</strong></span> <span class='ocrx_word' id='word_1_636' title='bbox 2442 2157 2779 2216; x_wconf 88' lang='lat' dir='ltr'><strong>ampttlamus</strong></span> <span class='ocrx_word' id='word_1_637' title='bbox 2821 2169 2938 2222; x_wconf 74' lang='lat' dir='ltr'><strong>qua:</strong></span> <span class='ocrx_word' id='word_1_638' title='bbox 2971 2157 3060 2209; x_wconf 91' lang='lat' dir='ltr'><strong>tibi</strong></span> <span class='ocrx_word' id='word_1_639' title='bbox 3095 2138 3471 2227; x_wconf 88' lang='lat' dir='ltr'><strong>turpitudinem</strong></span> <span class='ocrx_word' id='word_1_640' title='bbox 3511 2166 3640 2220; x_wconf 81' lang='lat' dir='ltr'><strong>affe-</strong></span> 
     </span>
    </p>
   </div>
   <div class='ocr_carea' id='block_1_81' title="bbox 2053 2238 3636 2316">
    <p class='ocr_par' dir='ltr' id='par_1_81' title="bbox 2053 2238 3636 2316">
     <span class='ocr_line' id='line_1_81' title="bbox 2053 2238 3636 2316; baseline 0.018 -32"><span class='ocrx_word' id='word_1_641' title='bbox 2053 2242 2177 2284; x_wconf 89' lang='lat' dir='ltr'><strong>runt</strong></span> <span class='ocrx_word' id='word_1_642' title='bbox 2201 2249 2214 2286; x_wconf 88' lang='lat'>:</span> <span class='ocrx_word' id='word_1_643' title='bbox 2238 2251 2355 2302; x_wconf 76' lang='lat' dir='ltr'><strong>qua:</strong></span> <span class='ocrx_word' id='word_1_644' title='bbox 2375 2238 2458 2291; x_wconf 89' lang='lat' dir='ltr'><strong>vel</strong></span> <span class='ocrx_word' id='word_1_645' title='bbox 2474 2249 2596 2292; x_wconf 88' lang='lat' dir='ltr'><strong>ante</strong></span> <span class='ocrx_word' id='word_1_646' title='bbox 2619 2242 2917 2310; x_wconf 86' lang='lat' dir='ltr'><strong>gehennam</strong></span> <span class='ocrx_word' id='word_1_647' title='bbox 2944 2247 3636 2316; x_wconf 82' lang='lat' dir='ltr'><strong>fugit-udaetodiohabenda</strong></span> 
     </span>
    </p>
   </div>
   <div class='ocr_carea' id='block_1_82' title="bbox 2053 2325 3638 2415">
    <p class='ocr_par' dir='ltr' id='par_1_82' title="bbox 2053 2325 3638 2415">
     <span class='ocr_line' id='line_1_82' title="bbox 2053 2325 3638 2415; baseline 0.019 -42"><span class='ocrx_word' id='word_1_648' title='bbox 2053 2335 2172 2375; x_wconf 89' lang='lat' dir='ltr'><strong>esse</strong></span> <span class='ocrx_word' id='word_1_649' title='bbox 2213 2332 2264 2377; x_wconf 92' lang='lat' dir='ltr'><strong>tu</strong></span> <span class='ocrx_word' id='word_1_650' title='bbox 2311 2325 2425 2394; x_wconf 85' lang='lat' dir='ltr'><strong>ipse</strong></span> <span class='ocrx_word' id='word_1_651' title='bbox 2461 2328 2664 2385; x_wconf 84' lang='lat' dir='ltr'><strong>fateris.</strong></span> <span class='ocrx_word' id='word_1_652' title='bbox 2699 2333 2835 2388; x_wconf 89' lang='lat' dir='ltr'><strong>Num</strong></span> <span class='ocrx_word' id='word_1_653' title='bbox 2875 2337 2943 2390; x_wconf 88' lang='lat' dir='ltr'><strong>ab</strong></span> <span class='ocrx_word' id='word_1_654' title='bbox 2977 2339 3330 2398; x_wconf 88' lang='lat' dir='ltr'><strong>oblectatione</strong></span> <span class='ocrx_word' id='word_1_655' title='bbox 3358 2355 3412 2399; x_wconf 91' lang='lat' dir='ltr'><strong>et</strong></span> <span class='ocrx_word' id='word_1_656' title='bbox 3444 2348 3638 2415; x_wconf 85' lang='lat' dir='ltr'><strong>gaudio</strong></span> 
     </span>
    </p>
   </div>
   <div class='ocr_carea' id='block_1_83' title="bbox 2052 2415 2973 2495">
    <p class='ocr_par' dir='ltr' id='par_1_83' title="bbox 2052 2415 2973 2495">
     <span class='ocr_line' id='line_1_83' title="bbox 2052 2415 2973 2495; baseline 0.02 -35"><span class='ocrx_word' id='word_1_657' title='bbox 2052 2415 2244 2465; x_wconf 80' lang='lat' dir='ltr'><strong>arceo?</strong></span> <span class='ocrx_word' id='word_1_658' title='bbox 2265 2417 2304 2466; x_wconf 88' lang='lat' dir='ltr'><strong>A</strong></span> <span class='ocrx_word' id='word_1_659' title='bbox 2331 2419 2467 2486; x_wconf 89' lang='lat' dir='ltr'><strong>turpi</strong></span> <span class='ocrx_word' id='word_1_660' title='bbox 2490 2431 2636 2474; x_wconf 90' lang='lat' dir='ltr'><strong>certe</strong></span> <span class='ocrx_word' id='word_1_661' title='bbox 2667 2431 2718 2476; x_wconf 89' lang='lat' dir='ltr'><strong>ct</strong></span> <span class='ocrx_word' id='word_1_662' title='bbox 2741 2424 2973 2495; x_wconf 90' lang='lat' dir='ltr'><strong>indigno.</strong></span> 
     </span>
    </p>
   </div>
   <div class='ocr_carea' id='block_1_84' title="bbox 2124 2504 3635 2588">
    <p class='ocr_par' dir='ltr' id='par_1_84' title="bbox 2124 2504 3635 2588">
     <span class='ocr_line' id='line_1_84' title="bbox 2124 2504 3635 2588; baseline 0.019 -32"><span class='ocrx_word' id='word_1_663' title='bbox 2124 2504 2178 2557; x_wconf 76' lang='grc'><strong>4.</strong></span> <span class='ocrx_word' id='word_1_664' title='bbox 2219 2505 2355 2570; x_wconf 86' lang='lat' dir='ltr'><strong>Quid</strong></span> <span class='ocrx_word' id='word_1_665' title='bbox 2397 2509 2596 2564; x_wconf 81' lang='lat' dir='ltr'><strong>times?</strong></span> <span class='ocrx_word' id='word_1_666' title='bbox 2623 2514 2748 2582; x_wconf 91' lang='lat' dir='ltr'><strong>quid</strong></span> <span class='ocrx_word' id='word_1_667' title='bbox 2776 2515 3075 2572; x_wconf 90' lang='lat' dir='ltr'><strong>formidas?</strong></span> <span class='ocrx_word' id='word_1_668' title='bbox 3105 2520 3242 2588; x_wconf 86' lang='lat' dir='ltr'><strong>Quid</strong></span> <span class='ocrx_word' id='word_1_669' title='bbox 3285 2526 3504 2580; x_wconf 90' lang='lat' dir='ltr'><strong>tremis?</strong></span> <span class='ocrx_word' id='word_1_670' title='bbox 3532 2527 3635 2584; x_wconf 87' lang='lat' dir='ltr'><strong>Ubi</strong></span> 
     </span>
    </p>
   </div>
   <div class='ocr_carea' id='block_1_85' title="bbox 2052 2599 3636 2685">
    <p class='ocr_par' dir='ltr' id='par_1_85' title="bbox 2052 2599 3636 2685">
     <span class='ocr_line' id='line_1_85' title="bbox 2052 2599 3636 2685; baseline 0.015 -33"><span class='ocrx_word' id='word_1_671' title='bbox 2052 2599 2401 2667; x_wconf 89' lang='lat' dir='ltr'><strong>connubium,</strong></span> <span class='ocrx_word' id='word_1_672' title='bbox 2430 2601 2517 2656; x_wconf 90' lang='lat' dir='ltr'><strong>ubi</strong></span> <span class='ocrx_word' id='word_1_673' title='bbox 2553 2618 2713 2672; x_wconf 89' lang='lat' dir='ltr'><strong>opum</strong></span> <span class='ocrx_word' id='word_1_674' title='bbox 2743 2607 2986 2675; x_wconf 87' lang='lat' dir='ltr'><strong>facultas,</strong></span> <span class='ocrx_word' id='word_1_675' title='bbox 3019 2611 3106 2665; x_wconf 83' lang='lat' dir='ltr'><strong>tibi</strong></span> <span class='ocrx_word' id='word_1_676' title='bbox 3135 2615 3443 2671; x_wconf 90' lang='lat' dir='ltr'><strong>moderatus</strong></span> <span class='ocrx_word' id='word_1_677' title='bbox 3463 2620 3636 2685; x_wconf 90' lang='lat' dir='ltr'><strong>cibus,</strong></span> 
     </span>
    </p>
   </div>
   <div class='ocr_carea' id='block_1_86' title="bbox 2053 2691 3638 2768">
    <p class='ocr_par' dir='ltr' id='par_1_86' title="bbox 2053 2691 3638 2768">
     <span class='ocr_line' id='line_1_86' title="bbox 2053 2691 3638 2768; baseline 0.016 -28"><span class='ocrx_word' id='word_1_678' title='bbox 2053 2703 2172 2757; x_wconf 66' lang='lat' dir='ltr'><strong>qum</strong></span> <span class='ocrx_word' id='word_1_679' title='bbox 2198 2691 2400 2758; x_wconf 88' lang='lat' dir='ltr'><strong>peccati</strong></span> <span class='ocrx_word' id='word_1_680' title='bbox 2426 2695 2636 2748; x_wconf 90' lang='lat' dir='ltr'><strong>occasio</strong></span> <span class='ocrx_word' id='word_1_681' title='bbox 2665 2698 2781 2750; x_wconf 88' lang='lat' dir='ltr'><strong>est?</strong></span> <span class='ocrx_word' id='word_1_682' title='bbox 2816 2701 2974 2768; x_wconf 85' lang='lat' dir='ltr'><strong>Atqui</strong></span> <span class='ocrx_word' id='word_1_683' title='bbox 3015 2705 3180 2758; x_wconf 79' lang='lat' dir='ltr'><strong>exteri</strong></span> <span class='ocrx_word' id='word_1_684' title='bbox 3224 2711 3489 2761; x_wconf 88' lang='lat' dir='ltr'><strong>contraria</strong></span> <span class='ocrx_word' id='word_1_685' title='bbox 3537 2712 3638 2764; x_wconf 89' lang='lat' dir='ltr'><strong>im-</strong></span> 
     </span>
    </p>
   </div>
   <div class='ocr_carea' id='block_1_87' title="bbox 2055 2783 3638 2870">
    <p class='ocr_par' dir='ltr' id='par_1_87' title="bbox 2055 2783 3638 2870">
     <span class='ocr_line' id='line_1_87' title="bbox 2055 2783 3638 2870; baseline 0.016 -39"><span class='ocrx_word' id='word_1_686' title='bbox 2055 2790 2265 2848; x_wconf 89' lang='lat' dir='ltr'><strong>perant,</strong></span> <span class='ocrx_word' id='word_1_687' title='bbox 2298 2792 2351 2836; x_wconf 91' lang='lat' dir='ltr'><strong>et</strong></span> <span class='ocrx_word' id='word_1_688' title='bbox 2378 2783 2506 2852; x_wconf 87' lang='lat' dir='ltr'><strong>ipsis</strong></span> <span class='ocrx_word' id='word_1_689' title='bbox 2535 2786 2954 2856; x_wconf 86' lang='lat' dir='ltr'><strong>obtemperatur.</strong></span> <span class='ocrx_word' id='word_1_690' title='bbox 2984 2791 3096 2845; x_wconf 83' lang='lat' dir='ltr'><strong>Non</strong></span> <span class='ocrx_word' id='word_1_691' title='bbox 3125 2797 3266 2848; x_wconf 91' lang='lat' dir='ltr'><strong>enim</strong></span> <span class='ocrx_word' id='word_1_692' title='bbox 3307 2814 3370 2851; x_wconf 84' lang='lat' dir='ltr'><strong>ex</strong></span> <span class='ocrx_word' id='word_1_693' title='bbox 3401 2799 3485 2862; x_wconf 88' lang='lat' dir='ltr'><strong>iis,</strong></span> <span class='ocrx_word' id='word_1_694' title='bbox 3519 2818 3638 2870; x_wconf 65' lang='lat' dir='ltr'><strong>quas</strong></span> 
     </span>
    </p>
   </div>
   <div class='ocr_carea' id='block_1_88' title="bbox 2053 2880 3640 2962">
    <p class='ocr_par' dir='ltr' id='par_1_88' title="bbox 2053 2880 3640 2962">
     <span class='ocr_line' id='line_1_88' title="bbox 2053 2880 3640 2962; baseline 0.016 -37"><span class='ocrx_word' id='word_1_695' title='bbox 2053 2884 2343 2943; x_wconf 84' lang='lat' dir='ltr'><strong>suppetunt</strong></span> <span class='ocrx_word' id='word_1_696' title='bbox 2364 2917 2381 2942; x_wconf 94' lang='lat'><strong>,</strong></span> <span class='ocrx_word' id='word_1_697' title='bbox 2421 2880 2673 2947; x_wconf 80' lang='lat' dir='ltr'><strong>exigunt;</strong></span> <span class='ocrx_word' id='word_1_698' title='bbox 2715 2883 2810 2936; x_wconf 86' lang='lat' dir='ltr'><strong>sed</strong></span> <span class='ocrx_word' id='word_1_699' title='bbox 2839 2883 3042 2950; x_wconf 89' lang='lat' dir='ltr'><strong>dicunt,</strong></span> <span class='ocrx_word' id='word_1_700' title='bbox 3069 2886 3296 2942; x_wconf 85' lang='lat' dir='ltr'><strong>Tantum</strong></span> <span class='ocrx_word' id='word_1_701' title='bbox 3325 2895 3454 2946; x_wconf 91' lang='lat' dir='ltr'><strong>dare</strong></span> <span class='ocrx_word' id='word_1_702' title='bbox 3479 2909 3640 2962; x_wconf 87' lang='lat' dir='ltr'><strong>opor-</strong></span> 
     </span>
    </p>
   </div>
   <div class='ocr_carea' id='block_1_89' title="bbox 2056 2968 3637 3049">
    <p class='ocr_par' dir='ltr' id='par_1_89' title="bbox 2056 2968 3637 3049">
     <span class='ocr_line' id='line_1_89' title="bbox 2056 2968 3637 3049; baseline 0.015 -30"><span class='ocrx_word' id='word_1_703' title='bbox 2056 2976 2130 3020; x_wconf 91' lang='lat' dir='ltr'><strong>tet</strong></span> <span class='ocrx_word' id='word_1_704' title='bbox 2172 2984 2186 3019; x_wconf 90' lang='lat'><strong>:</strong></span> <span class='ocrx_word' id='word_1_705' title='bbox 2228 2968 2274 3021; x_wconf 91' lang='lat' dir='ltr'><strong>si</strong></span> <span class='ocrx_word' id='word_1_706' title='bbox 2318 2983 2680 3040; x_wconf 89' lang='lat' dir='ltr'><strong>paupertatem</strong></span> <span class='ocrx_word' id='word_1_707' title='bbox 2708 2975 2987 3044; x_wconf 90' lang='lat' dir='ltr'><strong>obtendas,</strong></span> <span class='ocrx_word' id='word_1_708' title='bbox 3031 2995 3205 3049; x_wconf 91' lang='lat' dir='ltr'><strong>neque</strong></span> <span class='ocrx_word' id='word_1_709' title='bbox 3247 2983 3324 3037; x_wconf 90' lang='lat' dir='ltr'><strong>sic</strong></span> <span class='ocrx_word' id='word_1_710' title='bbox 3353 2985 3637 3044; x_wconf 84' lang='lat' dir='ltr'><strong>desistunt.</strong></span> 
     </span>
    </p>
   </div>
   <div class='ocr_carea' id='block_1_90' title="bbox 2052 3057 3640 3147">
    <p class='ocr_par' dir='ltr' id='par_1_90' title="bbox 2052 3057 3640 3147">
     <span class='ocr_line' id='line_1_90' title="bbox 2052 3057 3640 3147; baseline 0.014 -33"><span class='ocrx_word' id='word_1_711' title='bbox 2052 3057 2299 3115; x_wconf 89' lang='lat' dir='ltr'><strong>Christus</strong></span> <span class='ocrx_word' id='word_1_712' title='bbox 2324 3072 2501 3117; x_wconf 91' lang='lat' dir='ltr'><strong>autem</strong></span> <span class='ocrx_word' id='word_1_713' title='bbox 2531 3080 2636 3118; x_wconf 93' lang='lat' dir='ltr'><strong>non</strong></span> <span class='ocrx_word' id='word_1_714' title='bbox 2680 3068 2795 3130; x_wconf 90' lang='lat' dir='ltr'><strong>sic;</strong></span> <span class='ocrx_word' id='word_1_715' title='bbox 2825 3070 2918 3123; x_wconf 90' lang='lat' dir='ltr'><strong>sed</strong></span> <span class='ocrx_word' id='word_1_716' title='bbox 2963 3072 3056 3136; x_wconf 91' lang='lat' dir='ltr'><strong>ait,</strong></span> <span class='ocrx_word' id='word_1_717' title='bbox 3100 3071 3181 3125; x_wconf 78' lang='lat' dir='ltr'><strong>Ex</strong></span> <span class='ocrx_word' id='word_1_718' title='bbox 3222 3075 3286 3130; x_wconf 90' lang='lat' dir='ltr'><strong>iis</strong></span> <span class='ocrx_word' id='word_1_719' title='bbox 3326 3092 3445 3147; x_wconf 73' lang='lat' dir='ltr'><strong>quae</strong></span> <span class='ocrx_word' id='word_1_720' title='bbox 3475 3079 3640 3137; x_wconf 87' lang='lat' dir='ltr'><strong>habes</strong></span> 
     </span>
    </p>
   </div>
   <div class='ocr_carea' id='block_1_91' title="bbox 2053 3150 3637 3240">
    <p class='ocr_par' dir='ltr' id='par_1_91' title="bbox 2053 3150 3637 3240">
     <span class='ocr_line' id='line_1_91' title="bbox 2053 3150 3637 3240; baseline 0.014 -35"><span class='ocrx_word' id='word_1_721' title='bbox 2053 3150 2200 3217; x_wconf 91' lang='lat' dir='ltr'><strong>dato,</strong></span> <span class='ocrx_word' id='word_1_722' title='bbox 2229 3161 2388 3221; x_wconf 84' lang='lat' dir='ltr'><strong>teque</strong></span> <span class='ocrx_word' id='word_1_723' title='bbox 2419 3155 2468 3207; x_wconf 93' lang='lat' dir='ltr'><strong>in</strong></span> <span class='ocrx_word' id='word_1_724' title='bbox 2498 3158 2671 3224; x_wconf 91' lang='lat' dir='ltr'><strong>primo</strong></span> <span class='ocrx_word' id='word_1_725' title='bbox 2696 3159 2884 3214; x_wconf 91' lang='lat' dir='ltr'><strong>ordine</strong></span> <span class='ocrx_word' id='word_1_726' title='bbox 2905 3165 3244 3219; x_wconf 86' lang='lat' dir='ltr'><strong>constituam.</strong></span> <span class='ocrx_word' id='word_1_727' title='bbox 3281 3168 3507 3224; x_wconf 80' lang='lat' dir='ltr'><strong>Rursum</strong></span> <span class='ocrx_word' id='word_1_728' title='bbox 3537 3172 3637 3240; x_wconf 90' lang='lat' dir='ltr'><strong>illi,</strong></span> 
     </span>
    </p>
   </div>
   <div class='ocr_carea' id='block_1_92' title="bbox 2054 3239 3637 3328">
    <p class='ocr_par' dir='ltr' id='par_1_92' title="bbox 2054 3239 3637 3328">
     <span class='ocr_line' id='line_1_92' title="bbox 2054 3239 3637 3328; baseline 0.015 -35"><span class='ocrx_word' id='word_1_729' title='bbox 2054 3239 2109 3294; x_wconf 90' lang='lat' dir='ltr'><strong>Si</strong></span> <span class='ocrx_word' id='word_1_730' title='bbox 2139 3243 2240 3306; x_wconf 89' lang='lat' dir='ltr'><strong>vis,</strong></span> <span class='ocrx_word' id='word_1_731' title='bbox 2273 3245 2442 3307; x_wconf 87' lang='lat' dir='ltr'><strong>aittut,</strong></span> <span class='ocrx_word' id='word_1_732' title='bbox 2475 3246 2653 3300; x_wconf 88' lang='lat' dir='ltr'><strong>clarus</strong></span> <span class='ocrx_word' id='word_1_733' title='bbox 2681 3262 2820 3312; x_wconf 88' lang='lat' dir='ltr'><strong>esse,</strong></span> <span class='ocrx_word' id='word_1_734' title='bbox 2852 3251 3096 3322; x_wconf 87' lang='lat' dir='ltr'><strong>relinque</strong></span> <span class='ocrx_word' id='word_1_735' title='bbox 3125 3265 3352 3324; x_wconf 87' lang='lat' dir='ltr'><strong>patrem,</strong></span> <span class='ocrx_word' id='word_1_736' title='bbox 3391 3239 3637 3328; x_wconf 86' lang='lat' dir='ltr'><strong>matrem,</strong></span> 
     </span>
    </p>
   </div>
   <div class='ocr_carea' id='block_1_93' title="bbox 2051 3335 3634 3418">
    <p class='ocr_par' dir='ltr' id='par_1_93' title="bbox 2051 3335 3634 3418">
     <span class='ocr_line' id='line_1_93' title="bbox 2051 3335 3634 3418; baseline 0.015 -34"><span class='ocrx_word' id='word_1_737' title='bbox 2051 3345 2328 3402; x_wconf 83' lang='lat' dir='ltr'><strong>cognatos,</strong></span> <span class='ocrx_word' id='word_1_738' title='bbox 2360 3335 2707 3405; x_wconf 88' lang='lat' dir='ltr'><strong>domesticos,</strong></span> <span class='ocrx_word' id='word_1_739' title='bbox 2747 3349 2802 3393; x_wconf 90' lang='lat' dir='ltr'><strong>et</strong></span> <span class='ocrx_word' id='word_1_740' title='bbox 2835 3341 2887 3395; x_wconf 90' lang='lat' dir='ltr'><strong>in</strong></span> <span class='ocrx_word' id='word_1_741' title='bbox 2916 3346 3057 3410; x_wconf 78' lang='lat' dir='ltr'><strong>regia</strong></span> <span class='ocrx_word' id='word_1_742' title='bbox 3089 3346 3297 3412; x_wconf 89' lang='lat' dir='ltr'><strong>adesto,</strong></span> <span class='ocrx_word' id='word_1_743' title='bbox 3333 3351 3383 3403; x_wconf 91' lang='lat' dir='ltr'><strong>in</strong></span> <span class='ocrx_word' id='word_1_744' title='bbox 3417 3352 3596 3409; x_wconf 88' lang='lat' dir='ltr'><strong>labore</strong></span> <span class='ocrx_word' id='word_1_745' title='bbox 3617 3396 3634 3418; x_wconf 92' lang='lat'><strong>,</strong></span> 
     </span>
    </p>
   </div>
   <div class='ocr_carea' id='block_1_94' title="bbox 2055 3426 3639 3511">
    <p class='ocr_par' dir='ltr' id='par_1_94' title="bbox 2055 3426 3639 3511">
     <span class='ocr_line' id='line_1_94' title="bbox 2055 3426 3639 3511; baseline 0.015 -34"><span class='ocrx_word' id='word_1_746' title='bbox 2055 3426 2293 3490; x_wconf 87' lang='lat' dir='ltr'><strong>miseria,</strong></span> <span class='ocrx_word' id='word_1_747' title='bbox 2317 3431 2592 3497; x_wconf 88' lang='lat' dir='ltr'><strong>servitute,</strong></span> <span class='ocrx_word' id='word_1_748' title='bbox 2613 3436 2867 3489; x_wconf 55' lang='lat' dir='ltr'><strong>aerumnis</strong></span> <span class='ocrx_word' id='word_1_749' title='bbox 2883 3441 3257 3511; x_wconf 85' lang='lat' dir='ltr'><strong>sexcentisqoe</strong></span> <span class='ocrx_word' id='word_1_750' title='bbox 3277 3445 3433 3498; x_wconf 88' lang='lat' dir='ltr'><strong>malis</strong></span> <span class='ocrx_word' id='word_1_751' title='bbox 3458 3464 3470 3500; x_wconf 95' lang='lat'>:</span> <span class='ocrx_word' id='word_1_752' title='bbox 3492 3447 3639 3501; x_wconf 78' lang='lat' dir='ltr'><strong>Chri-</strong></span> 
     </span>
    </p>
   </div>
   <div class='ocr_carea' id='block_1_95' title="bbox 2054 3522 3637 3597">
    <p class='ocr_par' dir='ltr' id='par_1_95' title="bbox 2054 3522 3637 3597">
     <span class='ocr_line' id='line_1_95' title="bbox 2054 3522 3637 3597; baseline 0.016 -29"><span class='ocrx_word' id='word_1_753' title='bbox 2054 3527 2167 3569; x_wconf 90' lang='lat' dir='ltr'><strong>stus</strong></span> <span class='ocrx_word' id='word_1_754' title='bbox 2193 3534 2321 3572; x_wconf 91' lang='lat' dir='ltr'><strong>vero</strong></span> <span class='ocrx_word' id='word_1_755' title='bbox 2345 3536 2448 3575; x_wconf 90' lang='lat' dir='ltr'><strong>non</strong></span> <span class='ocrx_word' id='word_1_756' title='bbox 2476 3522 2570 3587; x_wconf 92' lang='lat' dir='ltr'><strong>sic,</strong></span> <span class='ocrx_word' id='word_1_757' title='bbox 2602 3526 2694 3578; x_wconf 87' lang='lat' dir='ltr'><strong>sed</strong></span> <span class='ocrx_word' id='word_1_758' title='bbox 2712 3566 2726 3590; x_wconf 94' lang='lat'><strong>,</strong></span> <span class='ocrx_word' id='word_1_759' title='bbox 2751 3526 2880 3580; x_wconf 87' lang='lat' dir='ltr'><strong>Esto</strong></span> <span class='ocrx_word' id='word_1_760' title='bbox 2909 3528 3050 3583; x_wconf 92' lang='lat' dir='ltr'><strong>domi</strong></span> <span class='ocrx_word' id='word_1_761' title='bbox 3078 3547 3200 3586; x_wconf 88' lang='lat' dir='ltr'><strong>cum</strong></span> <span class='ocrx_word' id='word_1_762' title='bbox 3231 3549 3395 3589; x_wconf 77' lang='lat' dir='ltr'><strong>uxore</strong></span> <span class='ocrx_word' id='word_1_763' title='bbox 3421 3547 3474 3590; x_wconf 91' lang='lat' dir='ltr'><strong>et</strong></span> <span class='ocrx_word' id='word_1_764' title='bbox 3500 3537 3637 3597; x_wconf 84' lang='lat' dir='ltr'><strong>libe-</strong></span> 
     </span>
    </p>
   </div>
   <div class='ocr_carea' id='block_1_96' title="bbox 2054 3609 3640 3696">
    <p class='ocr_par' dir='ltr' id='par_1_96' title="bbox 2054 3609 3640 3696">
     <span class='ocr_line' id='line_1_96' title="bbox 2054 3609 3640 3696; baseline 0.014 -36"><span class='ocrx_word' id='word_1_765' title='bbox 2054 3609 2149 3671; x_wconf 87' lang='lat' dir='ltr'><strong>ris.</strong></span> <span class='ocrx_word' id='word_1_766' title='bbox 2175 3620 2223 3662; x_wconf 91' lang='lat' dir='ltr'><strong>et</strong></span> <span class='ocrx_word' id='word_1_767' title='bbox 2251 3612 2329 3664; x_wconf 88' lang='lat' dir='ltr'><strong>sic</strong></span> <span class='ocrx_word' id='word_1_768' title='bbox 2384 3621 2471 3665; x_wconf 90' lang='lat' dir='ltr'><strong>tua</strong></span> <span class='ocrx_word' id='word_1_769' title='bbox 2519 3614 2762 3683; x_wconf 90' lang='lat' dir='ltr'><strong>dispone,</strong></span> <span class='ocrx_word' id='word_1_770' title='bbox 2806 3627 2864 3671; x_wconf 91' lang='lat' dir='ltr'><strong>ut</strong></span> <span class='ocrx_word' id='word_1_771' title='bbox 2901 3620 3079 3688; x_wconf 87' lang='lat' dir='ltr'><strong>quiete</strong></span> <span class='ocrx_word' id='word_1_772' title='bbox 3125 3632 3173 3675; x_wconf 90' lang='lat' dir='ltr'><strong>et</strong></span> <span class='ocrx_word' id='word_1_773' title='bbox 3226 3625 3342 3678; x_wconf 90' lang='lat' dir='ltr'><strong>sine</strong></span> <span class='ocrx_word' id='word_1_774' title='bbox 3387 3628 3640 3696; x_wconf 85' lang='lat' dir='ltr'><strong>periculis</strong></span> 
     </span>
    </p>
   </div>
   <div class='ocr_carea' id='block_1_97' title="bbox 2055 3700 3636 3790">
    <p class='ocr_par' dir='ltr' id='par_1_97' title="bbox 2055 3700 3636 3790">
     <span class='ocr_line' id='line_1_97' title="bbox 2055 3700 3636 3790; baseline 0.016 -39"><span class='ocrx_word' id='word_1_775' title='bbox 2055 3700 2217 3755; x_wconf 85' lang='lat' dir='ltr'><strong>vivas.</strong></span> <span class='ocrx_word' id='word_1_776' title='bbox 2250 3703 2443 3771; x_wconf 86' lang='lat' dir='ltr'><strong>Etiam,</strong></span> <span class='ocrx_word' id='word_1_777' title='bbox 2469 3705 2694 3776; x_wconf 83' lang='lat' dir='ltr'><strong>inquies,</strong></span> <span class='ocrx_word' id='word_1_778' title='bbox 2723 3709 2816 3764; x_wconf 88' lang='lat' dir='ltr'><strong>sed</strong></span> <span class='ocrx_word' id='word_1_779' title='bbox 2849 3712 2938 3766; x_wconf 90' lang='lat' dir='ltr'><strong>ille</strong></span> <span class='ocrx_word' id='word_1_780' title='bbox 2970 3729 3101 3782; x_wconf 90' lang='lat' dir='ltr'><strong>opes</strong></span> <span class='ocrx_word' id='word_1_781' title='bbox 3127 3715 3454 3784; x_wconf 88' lang='lat' dir='ltr'><strong>pollicetur?</strong></span> <span class='ocrx_word' id='word_1_782' title='bbox 3479 3721 3636 3790; x_wconf 85' lang='lat' dir='ltr'><strong>Atqui</strong></span> 
     </span>
    </p>
   </div>
   <div class='ocr_carea' id='block_1_98' title="bbox 2056 3792 3637 3874">
    <p class='ocr_par' dir='ltr' id='par_1_98' title="bbox 2056 3792 3637 3874">
     <span class='ocr_line' id='line_1_98' title="bbox 2056 3792 3637 3874; baseline 0.014 -30"><span class='ocrx_word' id='word_1_783' title='bbox 2056 3792 2142 3846; x_wconf 90' lang='lat' dir='ltr'><strong>hic</strong></span> <span class='ocrx_word' id='word_1_784' title='bbox 2182 3810 2401 3862; x_wconf 84' lang='lat' dir='ltr'><strong>regnum</strong></span> <span class='ocrx_word' id='word_1_785' title='bbox 2451 3800 2728 3865; x_wconf 88' lang='lat' dir='ltr'><strong>promittit,</strong></span> <span class='ocrx_word' id='word_1_786' title='bbox 2780 3800 2887 3855; x_wconf 91' lang='lat' dir='ltr'><strong>imo</strong></span> <span class='ocrx_word' id='word_1_787' title='bbox 2933 3812 2987 3857; x_wconf 89' lang='lat' dir='ltr'><strong>et</strong></span> <span class='ocrx_word' id='word_1_788' title='bbox 3029 3821 3156 3874; x_wconf 89' lang='lat' dir='ltr'><strong>opes</strong></span> <span class='ocrx_word' id='word_1_789' title='bbox 3198 3822 3317 3861; x_wconf 91' lang='lat' dir='ltr'><strong>cum</strong></span> <span class='ocrx_word' id='word_1_790' title='bbox 3349 3810 3479 3867; x_wconf 85' lang='lat' dir='ltr'><strong>illo:</strong></span> <span class='ocrx_word' id='word_1_791' title='bbox 3513 3828 3637 3866; x_wconf 90' lang='lat' dir='ltr'><strong>nam</strong></span> 
     </span>
    </p>
   </div>
   <div class='ocr_carea' id='block_1_99' title="bbox 2053 3884 3640 3962">
    <p class='ocr_par' dir='ltr' id='par_1_99' title="bbox 2053 3884 3640 3962">
     <span class='ocr_line' id='line_1_99' title="bbox 2053 3884 3640 3962; baseline 0.013 -27"><span class='ocrx_word' id='word_1_792' title='bbox 2053 3884 2126 3936; x_wconf 88' lang='lat' dir='ltr'><strong>ait</strong></span> <span class='ocrx_word' id='word_1_793' title='bbox 2157 3901 2169 3937; x_wconf 91' lang='lat'><strong>:</strong></span> <span class='ocrx_word' id='word_1_794' title='bbox 2207 3885 2426 3949; x_wconf 73' lang='lat' dir='ltr'><strong>Quwrite</strong></span> <span class='ocrx_word' id='word_1_795' title='bbox 2469 3888 2686 3956; x_wconf 84' lang='lat' dir='ltr'><strong>primunt</strong></span> <span class='ocrx_word' id='word_1_796' title='bbox 2715 3907 2925 3961; x_wconf 89' lang='lat' dir='ltr'><strong>regnum</strong></span> <span class='ocrx_word' id='word_1_797' title='bbox 2952 3896 3189 3949; x_wconf 66' lang='lat' dir='ltr'><strong>caelorum</strong></span> <span class='ocrx_word' id='word_1_798' title='bbox 3213 3939 3228 3962; x_wconf 94' lang='lat'><strong>,</strong></span> <span class='ocrx_word' id='word_1_799' title='bbox 3257 3908 3305 3951; x_wconf 92' lang='lat' dir='ltr'><strong>et</strong></span> <span class='ocrx_word' id='word_1_800' title='bbox 3335 3899 3441 3953; x_wconf 69' lang='lat' dir='ltr'><strong>[nec</strong></span> <span class='ocrx_word' id='word_1_801' title='bbox 3469 3903 3640 3954; x_wconf 80' lang='lat' dir='ltr'><strong>omnia</strong></span> 
     </span>
    </p>
   </div>
   <div class='ocr_carea' id='block_1_100' title="bbox 2055 3975 3639 4062">
    <p class='ocr_par' dir='ltr' id='par_1_100' title="bbox 2055 3975 3639 4062">
     <span class='ocr_line' id='line_1_100' title="bbox 2055 3975 3639 4062; baseline 0.015 -36"><span class='ocrx_word' id='word_1_802' title='bbox 2055 3975 2359 4044; x_wconf 82' lang='lat' dir='ltr'><strong>adjicientur</strong></span> <span class='ocrx_word' id='word_1_803' title='bbox 2392 3980 2526 4032; x_wconf 78' lang='lat' dir='ltr'><strong>vobis</strong></span> <span class='ocrx_word' id='word_1_804' title='bbox 2555 3981 2574 4051; x_wconf 90' lang='lat'>(</span> <span class='ocrx_word' id='word_1_805' title='bbox 2600 3981 2784 4036; x_wconf 80' lang='lat' dir='ltr'><strong>Matth.</strong></span> <span class='ocrx_word' id='word_1_806' title='bbox 2818 3984 2870 4038; x_wconf 87' lang='lat'><strong>6.</strong></span> <span class='ocrx_word' id='word_1_807' title='bbox 2908 3987 3038 4055; x_wconf 78' lang='grc'><strong>55).</strong></span> <span class='ocrx_word' id='word_1_808' title='bbox 3071 3989 3159 4042; x_wconf 84' lang='lat' dir='ltr'><strong>Ille</strong></span> <span class='ocrx_word' id='word_1_809' title='bbox 3190 4007 3256 4044; x_wconf 91' lang='lat' dir='ltr'><strong>ne</strong></span> <span class='ocrx_word' id='word_1_810' title='bbox 3287 3992 3338 4045; x_wconf 90' lang='lat' dir='ltr'><strong>in</strong></span> <span class='ocrx_word' id='word_1_811' title='bbox 3367 3996 3639 4062; x_wconf 85' lang='lat' dir='ltr'><strong>augmenti</strong></span> 
     </span>
    </p>
   </div>
   <div class='ocr_carea' id='block_1_101' title="bbox 2054 4066 3636 4151">
    <p class='ocr_par' dir='ltr' id='par_1_101' title="bbox 2054 4066 3636 4151">
     <span class='ocr_line' id='line_1_101' title="bbox 2054 4066 3636 4151; baseline 0.011 -34"><span class='ocrx_word' id='word_1_812' title='bbox 2054 4066 2266 4132; x_wconf 89' lang='lat' dir='ltr'><strong>quidem</strong></span> <span class='ocrx_word' id='word_1_813' title='bbox 2299 4079 2538 4135; x_wconf 88' lang='lat' dir='ltr'><strong>partem,</strong></span> <span class='ocrx_word' id='word_1_814' title='bbox 2582 4070 2667 4127; x_wconf 88' lang='lat' dir='ltr'><strong>hic</strong></span> <span class='ocrx_word' id='word_1_815' title='bbox 2706 4089 2831 4128; x_wconf 88' lang='lat' dir='ltr'><strong>vero</strong></span> <span class='ocrx_word' id='word_1_816' title='bbox 2871 4077 3269 4132; x_wconf 86' lang='lat' dir='ltr'><strong>anteeedenter.</strong></span> <span class='ocrx_word' id='word_1_817' title='bbox 3311 4080 3500 4134; x_wconf 85' lang='lat' dir='ltr'><strong>Junior</strong></span> <span class='ocrx_word' id='word_1_818' title='bbox 3540 4085 3636 4151; x_wconf 84' lang='lat' dir='ltr'><strong>fui,</strong></span> 
     </span>
    </p>
   </div>
   <div class='ocr_carea' id='block_1_102' title="bbox 2057 4156 3636 4236">
    <p class='ocr_par' dir='ltr' id='par_1_102' title="bbox 2057 4156 3636 4236">
     <span class='ocr_line' id='line_1_102' title="bbox 2057 4156 3636 4236; baseline 0.011 -27"><span class='ocrx_word' id='word_1_819' title='bbox 2057 4156 2256 4226; x_wconf 89' lang='lat' dir='ltr'><strong>inquit;</strong></span> <span class='ocrx_word' id='word_1_820' title='bbox 2289 4162 2468 4212; x_wconf 86' lang='lat' dir='ltr'><strong>etenim</strong></span> <span class='ocrx_word' id='word_1_821' title='bbox 2507 4165 2646 4215; x_wconf 78' lang='lat' dir='ltr'><strong>senui</strong></span> <span class='ocrx_word' id='word_1_822' title='bbox 2674 4182 2693 4217; x_wconf 91' lang='lat'><strong><em>:</em></strong></span> <span class='ocrx_word' id='word_1_823' title='bbox 2720 4175 2764 4219; x_wconf 84' lang='lat' dir='ltr'><strong>et</strong></span> <span class='ocrx_word' id='word_1_824' title='bbox 2795 4183 2894 4218; x_wconf 83' lang='lat' dir='ltr'><strong>non</strong></span> <span class='ocrx_word' id='word_1_825' title='bbox 2933 4169 3036 4220; x_wconf 81' lang='lat' dir='ltr'><strong>vidi</strong></span> <span class='ocrx_word' id='word_1_826' title='bbox 3069 4171 3265 4236; x_wconf 84' lang='lat' dir='ltr'><strong>justum</strong></span> <span class='ocrx_word' id='word_1_827' title='bbox 3305 4173 3596 4226; x_wconf 87' lang='lat' dir='ltr'><strong>derelictum</strong></span> <span class='ocrx_word' id='word_1_828' title='bbox 3620 4215 3636 4236; x_wconf 90' lang='lat'><strong>,</strong></span> 
     </span>
    </p>
   </div>
   <div class='ocr_carea' id='block_1_103' title="bbox 2056 4254 3642 4334">
    <p class='ocr_par' dir='ltr' id='par_1_103' title="bbox 2056 4254 3642 4334">
     <span class='ocr_line' id='line_1_103' title="bbox 2056 4254 3642 4334; baseline 0.012 -33"><span class='ocrx_word' id='word_1_829' title='bbox 2056 4265 2146 4302; x_wconf 88' lang='lat' dir='ltr'><strong>nec</strong></span> <span class='ocrx_word' id='word_1_830' title='bbox 2174 4266 2339 4304; x_wconf 86' lang='lat' dir='ltr'><strong>semen</strong></span> <span class='ocrx_word' id='word_1_831' title='bbox 2363 4254 2473 4320; x_wconf 87' lang='lat' dir='ltr'><strong>ejus</strong></span> <span class='ocrx_word' id='word_1_832' title='bbox 2502 4270 2729 4322; x_wconf 81' lang='lat' dir='ltr'><strong>quwrens</strong></span> <span class='ocrx_word' id='word_1_833' title='bbox 2756 4275 2936 4324; x_wconf 86' lang='lat' dir='ltr'><strong>panem</strong></span> <span class='ocrx_word' id='word_1_834' title='bbox 2957 4259 3126 4328; x_wconf 82' lang='lat' dir='ltr'><strong>(Psal.</strong></span> <span class='ocrx_word' id='word_1_835' title='bbox 3157 4263 3242 4315; x_wconf 84' lang='lat'><strong>56.</strong></span> <span class='ocrx_word' id='word_1_836' title='bbox 3271 4263 3385 4334; x_wconf 65' lang='lat'><strong>25&#39;).</strong></span> <span class='ocrx_word' id='word_1_837' title='bbox 3419 4265 3642 4333; x_wconf 81' lang='lat' dir='ltr'><strong>Incipia-</strong></span> 
     </span>
    </p>
   </div>
   <div class='ocr_carea' id='block_1_104' title="bbox 2057 4343 3640 4417">
    <p class='ocr_par' dir='ltr' id='par_1_104' title="bbox 2057 4343 3640 4417">
     <span class='ocr_line' id='line_1_104' title="bbox 2057 4343 3640 4417; baseline 0.011 -25"><span class='ocrx_word' id='word_1_838' title='bbox 2057 4355 2177 4393; x_wconf 90' lang='lat' dir='ltr'><strong>mus</strong></span> <span class='ocrx_word' id='word_1_839' title='bbox 2205 4357 2335 4410; x_wconf 86' lang='lat' dir='ltr'><strong>ergo</strong></span> <span class='ocrx_word' id='word_1_840' title='bbox 2366 4343 2589 4398; x_wconf 88' lang='lat' dir='ltr'><strong>virtutes</strong></span> <span class='ocrx_word' id='word_1_841' title='bbox 2623 4346 2788 4408; x_wconf 90' lang='lat' dir='ltr'><strong>adire,</strong></span> <span class='ocrx_word' id='word_1_842' title='bbox 2823 4349 3026 4400; x_wconf 89' lang='lat' dir='ltr'><strong>initintn</strong></span> <span class='ocrx_word' id='word_1_843' title='bbox 3059 4364 3346 4417; x_wconf 89' lang='lat' dir='ltr'><strong>ponamus,</strong></span> <span class='ocrx_word' id='word_1_844' title='bbox 3383 4355 3524 4409; x_wconf 90' lang='lat' dir='ltr'><strong>illam</strong></span> <span class='ocrx_word' id='word_1_845' title='bbox 3550 4372 3640 4409; x_wconf 89' lang='lat' dir='ltr'><strong>so-</strong></span> 
     </span>
    </p>
   </div>
   <div class='ocr_carea' id='block_1_105' title="bbox 2056 4430 3641 4514">
    <p class='ocr_par' dir='ltr' id='par_1_105' title="bbox 2056 4430 3641 4514">
     <span class='ocr_line' id='line_1_105' title="bbox 2056 4430 3641 4514; baseline 0.012 -32"><span class='ocrx_word' id='word_1_846' title='bbox 2056 4430 2159 4483; x_wconf 90' lang='lat' dir='ltr'><strong>lam</strong></span> <span class='ocrx_word' id='word_1_847' title='bbox 2190 4433 2562 4501; x_wconf 87' lang='lat' dir='ltr'><strong>suscipiamus,</strong></span> <span class='ocrx_word' id='word_1_848' title='bbox 2592 4443 2646 4488; x_wconf 85' lang='lat' dir='ltr'><strong>et</strong></span> <span class='ocrx_word' id='word_1_849' title='bbox 2676 4435 2878 4490; x_wconf 90' lang='lat' dir='ltr'><strong>videbis</strong></span> <span class='ocrx_word' id='word_1_850' title='bbox 2903 4438 3077 4506; x_wconf 87' lang='lat' dir='ltr'><strong>qualia</strong></span> <span class='ocrx_word' id='word_1_851' title='bbox 3103 4440 3259 4494; x_wconf 84' lang='lat' dir='ltr'><strong>bona.</strong></span> <span class='ocrx_word' id='word_1_852' title='bbox 3282 4441 3416 4496; x_wconf 88' lang='lat' dir='ltr'><strong>Num</strong></span> <span class='ocrx_word' id='word_1_853' title='bbox 3440 4445 3641 4514; x_wconf 88' lang='lat' dir='ltr'><strong>absque</strong></span> 
     </span>
    </p>
   </div>
   <div class='ocr_carea' id='block_1_106' title="bbox 2057 4520 3638 4600">
    <p class='ocr_par' dir='ltr' id='par_1_106' title="bbox 2057 4520 3638 4600">
     <span class='ocr_line' id='line_1_106' title="bbox 2057 4520 3638 4600; baseline 0.009 -27"><span class='ocrx_word' id='word_1_854' title='bbox 2057 4520 2240 4574; x_wconf 91' lang='lat' dir='ltr'><strong>labore</strong></span> <span class='ocrx_word' id='word_1_855' title='bbox 2270 4522 2354 4576; x_wconf 89' lang='lat' dir='ltr'><strong>illa</strong></span> <span class='ocrx_word' id='word_1_856' title='bbox 2384 4525 2656 4591; x_wconf 83' lang='lat' dir='ltr'><strong>operaris,</strong></span> <span class='ocrx_word' id='word_1_857' title='bbox 2699 4528 2786 4596; x_wconf 92' lang='lat' dir='ltr'><strong>qui</strong></span> <span class='ocrx_word' id='word_1_858' title='bbox 2815 4527 2867 4580; x_wconf 92' lang='lat' dir='ltr'><strong>in</strong></span> <span class='ocrx_word' id='word_1_859' title='bbox 2897 4529 2978 4581; x_wconf 91' lang='lat' dir='ltr'><strong>his</strong></span> <span class='ocrx_word' id='word_1_860' title='bbox 3017 4529 3085 4582; x_wconf 87' lang='lat' dir='ltr'><strong>ita</strong></span> <span class='ocrx_word' id='word_1_861' title='bbox 3118 4532 3292 4584; x_wconf 89' lang='lat' dir='ltr'><strong>mollis</strong></span> <span class='ocrx_word' id='word_1_862' title='bbox 3320 4534 3418 4587; x_wconf 84' lang='lat' dir='ltr'><strong>es?</strong></span> <span class='ocrx_word' id='word_1_863' title='bbox 3445 4534 3638 4600; x_wconf 86' lang='lat' dir='ltr'><strong>Etiam,</strong></span> 
     </span>
    </p>
   </div>
   <div class='ocr_carea' id='block_1_107' title="bbox 2058 4609 3640 4693">
    <p class='ocr_par' dir='ltr' id='par_1_107' title="bbox 2058 4609 3640 4693">
     <span class='ocr_line' id='line_1_107' title="bbox 2058 4609 3640 4693; baseline 0.011 -30"><span class='ocrx_word' id='word_1_864' title='bbox 2058 4609 2285 4680; x_wconf 87' lang='lat' dir='ltr'><strong>inquies,</strong></span> <span class='ocrx_word' id='word_1_865' title='bbox 2316 4613 2401 4666; x_wconf 87' lang='lat' dir='ltr'><strong>illa</strong></span> <span class='ocrx_word' id='word_1_866' title='bbox 2426 4614 2542 4669; x_wconf 90' lang='lat' dir='ltr'><strong>sine</strong></span> <span class='ocrx_word' id='word_1_867' title='bbox 2567 4615 2764 4681; x_wconf 90' lang='lat' dir='ltr'><strong>labore,</strong></span> <span class='ocrx_word' id='word_1_868' title='bbox 2792 4619 2904 4671; x_wconf 66' lang='lat' dir='ltr'><strong>haec</strong></span> <span class='ocrx_word' id='word_1_869' title='bbox 2922 4633 3040 4672; x_wconf 93' lang='lat' dir='ltr'><strong>cum</strong></span> <span class='ocrx_word' id='word_1_870' title='bbox 3066 4619 3267 4676; x_wconf 89' lang='lat' dir='ltr'><strong>labore.</strong></span> <span class='ocrx_word' id='word_1_871' title='bbox 3293 4625 3474 4693; x_wconf 85' lang='lat' dir='ltr'><strong>Apage</strong></span> <span class='ocrx_word' id='word_1_872' title='bbox 3497 4643 3510 4679; x_wconf 92' lang='lat'><strong>:</strong></span> <span class='ocrx_word' id='word_1_873' title='bbox 3535 4641 3640 4680; x_wconf 89' lang='lat' dir='ltr'><strong>non</strong></span> 
     </span>
    </p>
   </div>
   <div class='ocr_carea' id='block_1_108' title="bbox 2058 4703 3641 4784">
    <p class='ocr_par' dir='ltr' id='par_1_108' title="bbox 2058 4703 3641 4784">
     <span class='ocr_line' id='line_1_108' title="bbox 2058 4703 3641 4784; baseline 0.009 -29"><span class='ocrx_word' id='word_1_874' title='bbox 2058 4703 2127 4756; x_wconf 89' lang='lat' dir='ltr'><strong>ita</strong></span> <span class='ocrx_word' id='word_1_875' title='bbox 2160 4719 2246 4759; x_wconf 90' lang='lat' dir='ltr'><strong>res</strong></span> <span class='ocrx_word' id='word_1_876' title='bbox 2277 4714 2379 4771; x_wconf 85' lang='lat' dir='ltr'><strong>est,</strong></span> <span class='ocrx_word' id='word_1_877' title='bbox 2411 4722 2516 4760; x_wconf 94' lang='lat' dir='ltr'><strong>non</strong></span> <span class='ocrx_word' id='word_1_878' title='bbox 2545 4709 2616 4762; x_wconf 89' lang='lat' dir='ltr'><strong>ita</strong></span> <span class='ocrx_word' id='word_1_879' title='bbox 2647 4711 2826 4779; x_wconf 88' lang='lat' dir='ltr'><strong>utique</strong></span> <span class='ocrx_word' id='word_1_880' title='bbox 2851 4726 2866 4774; x_wconf 91' lang='lat'><strong>;</strong></span> <span class='ocrx_word' id='word_1_881' title='bbox 2895 4713 2988 4765; x_wconf 91' lang='lat' dir='ltr'><strong>sed</strong></span> <span class='ocrx_word' id='word_1_882' title='bbox 3015 4713 3058 4766; x_wconf 90' lang='lat' dir='ltr'><strong>si</strong></span> <span class='ocrx_word' id='word_1_883' title='bbox 3088 4729 3214 4767; x_wconf 88' lang='lat' dir='ltr'><strong>vere</strong></span> <span class='ocrx_word' id='word_1_884' title='bbox 3241 4714 3482 4771; x_wconf 87' lang='lat' dir='ltr'><strong>dicamus</strong></span> <span class='ocrx_word' id='word_1_885' title='bbox 3505 4759 3520 4784; x_wconf 92' lang='lat'><strong>,</strong></span> <span class='ocrx_word' id='word_1_886' title='bbox 3556 4717 3641 4770; x_wconf 91' lang='lat' dir='ltr'><strong>illa</strong></span> 
     </span>
    </p>
   </div>
   <div class='ocr_carea' id='block_1_109' title="bbox 2057 4794 3640 4872">
    <p class='ocr_par' dir='ltr' id='par_1_109' title="bbox 2057 4794 3640 4872">
     <span class='ocr_line' id='line_1_109' title="bbox 2057 4794 3640 4872; baseline 0.01 -27"><span class='ocrx_word' id='word_1_887' title='bbox 2057 4809 2176 4846; x_wconf 90' lang='lat' dir='ltr'><strong>cum</strong></span> <span class='ocrx_word' id='word_1_888' title='bbox 2206 4794 2389 4850; x_wconf 88' lang='lat' dir='ltr'><strong>labore</strong></span> <span class='ocrx_word' id='word_1_889' title='bbox 2418 4805 2473 4851; x_wconf 90' lang='lat' dir='ltr'><strong>et</strong></span> <span class='ocrx_word' id='word_1_890' title='bbox 2497 4798 2697 4854; x_wconf 90' lang='lat' dir='ltr'><strong>sudore</strong></span> <span class='ocrx_word' id='word_1_891' title='bbox 2725 4801 2946 4869; x_wconf 88' lang='lat' dir='ltr'><strong>majori;</strong></span> <span class='ocrx_word' id='word_1_892' title='bbox 2977 4801 3092 4857; x_wconf 67' lang='lat' dir='ltr'><strong>haec</strong></span> <span class='ocrx_word' id='word_1_893' title='bbox 3118 4819 3276 4870; x_wconf 90' lang='lat' dir='ltr'><strong>vero,</strong></span> <span class='ocrx_word' id='word_1_894' title='bbox 3309 4806 3353 4858; x_wconf 92' lang='lat' dir='ltr'><strong>si</strong></span> <span class='ocrx_word' id='word_1_895' title='bbox 3380 4807 3604 4860; x_wconf 89' lang='lat' dir='ltr'><strong>velimus</strong></span> <span class='ocrx_word' id='word_1_896' title='bbox 3625 4846 3640 4872; x_wconf 95' lang='lat'><strong>,</strong></span> 
     </span>
    </p>
   </div>
   <div class='ocr_carea' id='block_1_110' title="bbox 2058 4884 2603 4955">
    <p class='ocr_par' dir='ltr' id='par_1_110' title="bbox 2058 4884 2603 4955">
     <span class='ocr_line' id='line_1_110' title="bbox 2058 4884 2603 4955; baseline 0.009 -17"><span class='ocrx_word' id='word_1_897' title='bbox 2058 4884 2209 4939; x_wconf 88' lang='lat' dir='ltr'><strong>facile</strong></span> <span class='ocrx_word' id='word_1_898' title='bbox 2238 4887 2603 4955; x_wconf 88' lang='lat' dir='ltr'><strong>perficiuntur.</strong></span> 
     </span>
    </p>
   </div>
   <div class='ocr_carea' id='block_1_111' title="bbox 2127 4975 3640 5060">
    <p class='ocr_par' dir='ltr' id='par_1_111' title="bbox 2127 4975 3640 5060">
     <span class='ocr_line' id='line_1_111' title="bbox 2127 4975 3640 5060; baseline 0.008 -32"><span class='ocrx_word' id='word_1_899' title='bbox 2127 4975 2393 5045; x_wconf 85' lang='lat' dir='ltr'><strong>Baptisma</strong></span> <span class='ocrx_word' id='word_1_900' title='bbox 2419 4995 2518 5031; x_wconf 88' lang='lat' dir='ltr'><strong>non</strong></span> <span class='ocrx_word' id='word_1_901' title='bbox 2545 4978 2899 5045; x_wconf 80' lang='lat' dir='ltr'><strong>di/I&#39;erendum.</strong></span> <span class='ocrx_word' id='word_1_902' title='bbox 2932 5014 3002 5023; x_wconf 96' lang='lat'><strong>—</strong></span> <span class='ocrx_word' id='word_1_903' title='bbox 3031 4985 3107 5039; x_wconf 77' lang='lat' dir='ltr'><strong>Ne</strong></span> <span class='ocrx_word' id='word_1_904' title='bbox 3136 4988 3455 5056; x_wconf 88' lang='lat' dir='ltr'><strong>resiliamus,</strong></span> <span class='ocrx_word' id='word_1_905' title='bbox 3485 5006 3640 5060; x_wconf 84' lang='lat' dir='ltr'><strong>rogo,</strong></span> 
     </span>
    </p>
   </div>
   <div class='ocr_carea' id='block_1_112' title="bbox 2057 5067 3640 5150">
    <p class='ocr_par' dir='ltr' id='par_1_112' title="bbox 2057 5067 3640 5150">
     <span class='ocr_line' id='line_1_112' title="bbox 2057 5067 3640 5150; baseline 0.011 -32"><span class='ocrx_word' id='word_1_906' title='bbox 2057 5082 2086 5118; x_wconf 88' lang='lat' dir='ltr'><strong>a</strong></span> <span class='ocrx_word' id='word_1_907' title='bbox 2112 5067 2304 5123; x_wconf 88' lang='lat' dir='ltr'><strong>divinis</strong></span> <span class='ocrx_word' id='word_1_908' title='bbox 2339 5071 2627 5139; x_wconf 89' lang='lat' dir='ltr'><strong>mysteriis.</strong></span> <span class='ocrx_word' id='word_1_909' title='bbox 2664 5071 2740 5126; x_wconf 89' lang='lat' dir='ltr'><strong>Ne</strong></span> <span class='ocrx_word' id='word_1_910' title='bbox 2771 5075 2820 5128; x_wconf 90' lang='lat' dir='ltr'><strong>id</strong></span> <span class='ocrx_word' id='word_1_911' title='bbox 2861 5084 3090 5143; x_wconf 86' lang='lat' dir='ltr'><strong>spectes,</strong></span> <span class='ocrx_word' id='word_1_912' title='bbox 3120 5079 3261 5147; x_wconf 91' lang='lat' dir='ltr'><strong>quod</strong></span> <span class='ocrx_word' id='word_1_913' title='bbox 3304 5081 3368 5147; x_wconf 92' lang='lat' dir='ltr'><strong>is,</strong></span> <span class='ocrx_word' id='word_1_914' title='bbox 3398 5083 3486 5150; x_wconf 91' lang='lat' dir='ltr'><strong>qui</strong></span> <span class='ocrx_word' id='word_1_915' title='bbox 3517 5092 3640 5135; x_wconf 88' lang='lat' dir='ltr'><strong>ante</strong></span> 
     </span>
    </p>
   </div>
   <div class='ocr_carea' id='block_1_113' title="bbox 2061 5159 3639 5241">
    <p class='ocr_par' dir='ltr' id='par_1_113' title="bbox 2061 5159 3639 5241">
     <span class='ocr_line' id='line_1_113' title="bbox 2061 5159 3639 5241; baseline 0.01 -31"><span class='ocrx_word' id='word_1_916' title='bbox 2061 5168 2111 5219; x_wconf 87' lang='lat' dir='ltr'><strong>te</strong></span> <span class='ocrx_word' id='word_1_917' title='bbox 2143 5159 2472 5215; x_wconf 89' lang='lat' dir='ltr'><strong>illuminatus</strong></span> <span class='ocrx_word' id='word_1_918' title='bbox 2501 5171 2602 5230; x_wconf 70' lang='lat' dir='ltr'><strong>est,</strong></span> <span class='ocrx_word' id='word_1_919' title='bbox 2642 5164 2914 5233; x_wconf 87' lang='lat' dir='ltr'><strong>improbos</strong></span> <span class='ocrx_word' id='word_1_920' title='bbox 2941 5168 3009 5220; x_wconf 94' lang='lat' dir='ltr'><strong>sit</strong></span> <span class='ocrx_word' id='word_1_921' title='bbox 3034 5168 3253 5224; x_wconf 73' lang='lat' dir='ltr'><strong>effectus</strong></span> <span class='ocrx_word' id='word_1_922' title='bbox 3282 5184 3335 5225; x_wconf 89' lang='lat' dir='ltr'><strong>et</strong></span> <span class='ocrx_word' id='word_1_923' title='bbox 3364 5187 3392 5225; x_wconf 91' lang='lat' dir='ltr'><strong>a</strong></span> <span class='ocrx_word' id='word_1_924' title='bbox 3420 5188 3516 5241; x_wconf 89' lang='lat' dir='ltr'><strong>spe</strong></span> <span class='ocrx_word' id='word_1_925' title='bbox 3545 5188 3639 5227; x_wconf 89' lang='lat' dir='ltr'><strong>sua</strong></span> 
     </span>
    </p>
   </div>
   <div class='ocr_carea' id='block_1_114' title="bbox 2058 5249 3642 5326">
    <p class='ocr_par' dir='ltr' id='par_1_114' title="bbox 2058 5249 3642 5326">
     <span class='ocr_line' id='line_1_114' title="bbox 2058 5249 3642 5326; baseline 0.012 -24"><span class='ocrx_word' id='word_1_926' title='bbox 2058 5249 2338 5317; x_wconf 81' lang='lat' dir='ltr'><strong>exciderit,</strong></span> <span class='ocrx_word' id='word_1_927' title='bbox 2375 5269 2476 5306; x_wconf 88' lang='lat' dir='ltr'><strong>neu</strong></span> <span class='ocrx_word' id='word_1_928' title='bbox 2509 5263 2559 5308; x_wconf 90' lang='lat' dir='ltr'><strong>te</strong></span> <span class='ocrx_word' id='word_1_929' title='bbox 2587 5255 2701 5322; x_wconf 87' lang='lat' dir='ltr'><strong>ipso</strong></span> <span class='ocrx_word' id='word_1_930' title='bbox 2730 5259 2943 5326; x_wconf 87' lang='lat' dir='ltr'><strong>segnior</strong></span> <span class='ocrx_word' id='word_1_931' title='bbox 2973 5259 3088 5314; x_wconf 90' lang='lat' dir='ltr'><strong>fias.</strong></span> <span class='ocrx_word' id='word_1_932' title='bbox 3120 5261 3252 5316; x_wconf 89' lang='lat' dir='ltr'><strong>Nam</strong></span> <span class='ocrx_word' id='word_1_933' title='bbox 3280 5265 3421 5318; x_wconf 91' lang='lat' dir='ltr'><strong>inter</strong></span> <span class='ocrx_word' id='word_1_934' title='bbox 3447 5267 3642 5322; x_wconf 88' lang='lat' dir='ltr'><strong>milites</strong></span> 
     </span>
    </p>
   </div>
   <div class='ocr_carea' id='block_1_115' title="bbox 2061 5340 3637 5425">
    <p class='ocr_par' dir='ltr' id='par_1_115' title="bbox 2061 5340 3637 5425">
     <span class='ocr_line' id='line_1_115' title="bbox 2061 5340 3637 5425; baseline 0.013 -35"><span class='ocrx_word' id='word_1_935' title='bbox 2061 5341 2304 5396; x_wconf 89' lang='lat' dir='ltr'><strong>videmus</strong></span> <span class='ocrx_word' id='word_1_936' title='bbox 2351 5340 2501 5410; x_wconf 88' lang='lat' dir='ltr'><strong>alios,</strong></span> <span class='ocrx_word' id='word_1_937' title='bbox 2548 5346 2636 5414; x_wconf 88' lang='lat' dir='ltr'><strong>qui</strong></span> <span class='ocrx_word' id='word_1_938' title='bbox 2681 5362 2785 5400; x_wconf 89' lang='lat' dir='ltr'><strong>non</strong></span> <span class='ocrx_word' id='word_1_939' title='bbox 2828 5358 3044 5405; x_wconf 89' lang='lat' dir='ltr'><strong>strenue</strong></span> <span class='ocrx_word' id='word_1_940' title='bbox 3085 5353 3266 5405; x_wconf 91' lang='lat' dir='ltr'><strong>militia</strong></span> <span class='ocrx_word' id='word_1_941' title='bbox 3312 5353 3637 5425; x_wconf 89' lang='lat' dir='ltr'><strong>funguntur,</strong></span> 
     </span>
    </p>
   </div>
   <div class='ocr_carea' id='block_1_116' title="bbox 2061 5431 3638 5510">
    <p class='ocr_par' dir='ltr' id='par_1_116' title="bbox 2061 5431 3638 5510">
     <span class='ocr_line' id='line_1_116' title="bbox 2061 5431 3638 5510; baseline 0.011 -27"><span class='ocrx_word' id='word_1_942' title='bbox 2061 5431 2195 5485; x_wconf 82' lang='lat' dir='ltr'><strong>alios</strong></span> <span class='ocrx_word' id='word_1_943' title='bbox 2225 5443 2400 5487; x_wconf 87' lang='lat' dir='ltr'><strong>autem</strong></span> <span class='ocrx_word' id='word_1_944' title='bbox 2433 5437 2789 5504; x_wconf 87' lang='lat' dir='ltr'><strong>conspicuos:</strong></span> <span class='ocrx_word' id='word_1_945' title='bbox 2838 5456 3009 5508; x_wconf 88' lang='lat' dir='ltr'><strong>neque</strong></span> <span class='ocrx_word' id='word_1_946' title='bbox 3041 5442 3243 5510; x_wconf 86' lang='lat' dir='ltr'><strong>ignavis</strong></span> <span class='ocrx_word' id='word_1_947' title='bbox 3268 5444 3373 5497; x_wconf 91' lang='lat' dir='ltr'><strong>illis</strong></span> <span class='ocrx_word' id='word_1_948' title='bbox 3406 5448 3638 5502; x_wconf 87' lang='lat' dir='ltr'><strong>attendi-</strong></span> 
     </span>
    </p>
   </div>
   <div class='ocr_carea' id='block_1_117' title="bbox 2061 5525 3638 5607">
    <p class='ocr_par' dir='ltr' id='par_1_117' title="bbox 2061 5525 3638 5607">
     <span class='ocr_line' id='line_1_117' title="bbox 2061 5525 3638 5607; baseline 0.012 -31"><span class='ocrx_word' id='word_1_949' title='bbox 2061 5538 2200 5589; x_wconf 89' lang='lat' dir='ltr'><strong>mus,</strong></span> <span class='ocrx_word' id='word_1_950' title='bbox 2237 5525 2329 5579; x_wconf 90' lang='lat' dir='ltr'><strong>sed</strong></span> <span class='ocrx_word' id='word_1_951' title='bbox 2362 5526 2648 5594; x_wconf 80' lang='lat' dir='ltr'><strong>pra-claros</strong></span> <span class='ocrx_word' id='word_1_952' title='bbox 2672 5530 3006 5585; x_wconf 56' lang='lat' dir='ltr'><strong>cernulamur.</strong></span> <span class='ocrx_word' id='word_1_953' title='bbox 3056 5534 3137 5587; x_wconf 88' lang='lat' dir='ltr'><strong>Ad</strong></span> <span class='ocrx_word' id='word_1_954' title='bbox 3182 5535 3296 5588; x_wconf 76' lang='lat' dir='ltr'><strong>lucc</strong></span> <span class='ocrx_word' id='word_1_955' title='bbox 3336 5540 3638 5607; x_wconf 87' lang='lat' dir='ltr'><strong>considera,</strong></span> 
     </span>
    </p>
   </div>
   <div class='ocr_carea' id='block_1_118' title="bbox 2060 5619 3636 5692">
    <p class='ocr_par' dir='ltr' id='par_1_118' title="bbox 2060 5619 3636 5692">
     <span class='ocr_line' id='line_1_118' title="bbox 2060 5619 3636 5692; baseline 0.012 -24"><span class='ocrx_word' id='word_1_956' title='bbox 2060 5627 2187 5683; x_wconf 90' lang='lat' dir='ltr'><strong>quot</strong></span> <span class='ocrx_word' id='word_1_957' title='bbox 2219 5627 2335 5688; x_wconf 88' lang='lat' dir='ltr'><strong>post</strong></span> <span class='ocrx_word' id='word_1_958' title='bbox 2371 5619 2624 5688; x_wconf 86' lang='lat' dir='ltr'><strong>baptisma</strong></span> <span class='ocrx_word' id='word_1_959' title='bbox 2668 5623 2843 5691; x_wconf 89' lang='lat' dir='ltr'><strong>angeli</strong></span> <span class='ocrx_word' id='word_1_960' title='bbox 2891 5640 2985 5692; x_wconf 87' lang='lat' dir='ltr'><strong>pro</strong></span> <span class='ocrx_word' id='word_1_961' title='bbox 3021 5625 3324 5683; x_wconf 89' lang='lat' dir='ltr'><strong>hominibus</strong></span> <span class='ocrx_word' id='word_1_962' title='bbox 3363 5631 3482 5685; x_wconf 86' lang='lat' dir='ltr'><strong>facti</strong></span> <span class='ocrx_word' id='word_1_963' title='bbox 3509 5633 3636 5687; x_wconf 90' lang='lat' dir='ltr'><strong>sint.</strong></span> 
     </span>
    </p>
   </div>
   <div class='ocr_carea' id='block_1_119' title="bbox 2061 5705 3640 5791">
    <p class='ocr_par' dir='ltr' id='par_1_119' title="bbox 2061 5705 3640 5791">
     <span class='ocr_line' id='line_1_119' title="bbox 2061 5705 3640 5791; baseline 0.013 -30"><span class='ocrx_word' id='word_1_964' title='bbox 2061 5705 2213 5761; x_wconf 86' lang='lat' dir='ltr'><strong>Time</strong></span> <span class='ocrx_word' id='word_1_965' title='bbox 2243 5708 2497 5764; x_wconf 82' lang='lat' dir='ltr'><strong>incertam</strong></span> <span class='ocrx_word' id='word_1_966' title='bbox 2529 5711 2689 5766; x_wconf 85' lang='lat' dir='ltr'><strong>futuri</strong></span> <span class='ocrx_word' id='word_1_967' title='bbox 2720 5715 3097 5771; x_wconf 86' lang='lat' dir='ltr'><strong>conditionem.</strong></span> <span class='ocrx_word' id='word_1_968' title='bbox 3135 5718 3200 5774; x_wconf 85' lang='lat' dir='ltr'><strong>Ut</strong></span> <span class='ocrx_word' id='word_1_969' title='bbox 3244 5721 3325 5775; x_wconf 91' lang='lat' dir='ltr'><strong>fur</strong></span> <span class='ocrx_word' id='word_1_970' title='bbox 3352 5735 3530 5791; x_wconf 79' lang='lat' dir='ltr'><strong>noctu,</strong></span> <span class='ocrx_word' id='word_1_971' title='bbox 3562 5727 3640 5781; x_wconf 73' lang='lat' dir='ltr'><strong>sic</strong></span> 
     </span>
    </p>
   </div>
  </div>
