4084 6174
430 327 533 382 185

427 455 574 492 ιιιιινε
599 436 775 490 veniet
795 433 869 504 (2.
900 431 1040 485 Petr.
1069 430 1122 484 5.
1156 428 1280 496 10);
1306 441 1479 496 neque
1508 426 1678 480 solum
1708 432 1763 478 ut
1792 424 1896 482 fur,
1919 418 2015 475 sed

428 531 579 585 nobis
610 527 999 582 dormientibus
1031 521 1265 586 invadet,
1296 529 1352 575 et
1399 519 1730 588 negligentes
1761 516 2013 584 abripiet.

432 624 558 678 Ideo
589 623 728 676 Deus
766 619 1000 674 futnrmn
1032 615 1249 684 reliquit
1288 614 1572 674 incertum,
1614 618 1671 664 ut
1695 623 1910 677 semper
1947 607 2019 660 ob

431 716 692 771 incertam
715 709 1167 779 exspectationem
1199 707 1248 759 in
1269 705 1463 759 virtute
1478 703 1752 772 degamus.
1767 699 1873 754 Sed
1902 698 2016 753 cle-

433 820 585 859 meus
609 811 713 868 est,
747 801 975 870 inquies.
1010 799 1299 866 Quousque
1320 794 1564 865 frigidum
1592 792 1716 847 illud
1743 801 1793 847 et
1825 790 2021 844 ridicu-

433 897 542 949 lum
583 894 783 949 dictum
832 887 1195 958 proferemus?
1242 885 1352 954 Ego
1392 899 1495 938 non
1536 883 1694 937 modo
1734 881 2018 950 benignum

435 1002 557 1041 esse
586 986 749 1039 Deum
783 982 926 1043 dico,
955 979 1048 1034 sed
1084 989 1137 1032 et
1169 976 1295 1030 nihil
1324 991 1445 1031 esse
1475 975 1564 1029 illo
1596 972 1897 1043 benignius,
1929 971 2018 1041 qui

437 1077 639 1129 utiliter
660 1072 837 1125 omnia
870 1078 1050 1124 nostra
1081 1069 1376 1137 dispenset.
1422 1066 1564 1132 Quot
1597 1065 1747 1119 vides
1777 1062 2022 1117 homines

439 1183 533 1237 per
562 1180 776 1218 onmem
817 1172 1027 1216 :etatem
1072 1160 1423 1229 elephantiasi
1474 1157 1815 1212 laborantes?
1839 1166 1963 1226 quot
1993 1172 2023 1211 a

437 1267 607 1328 pruna
644 1265 801 1309 :etate
830 1253 894 1306 ad
925 1259 1193 1307 senectam
1224 1266 1391 1320 usque
1430 1264 1600 1304 caecos
1623 1291 1636 1312 ,
1669 1250 1804 1305 alios
1842 1258 2024 1317 postea

436 1366 610 1405 ca:cos
634 1346 844 1415 factos,
874 1346 1008 1400 alios
1051 1346 1100 1397 iu
1134 1351 1482 1412 paupertate,
1518 1342 1652 1394 alios
1688 1342 1740 1394 in
1776 1340 2023 1403 vinculis,

440 1442 575 1494 alios
602 1440 655 1493 in
684 1437 933 1501 metallis,
957 1436 1094 1490 alios
1135 1434 1260 1489 inibi
1282 1433 1693 1492 contumulatos.
1725 1433 1858 1487 alios
1889 1432 2028 1487 bello

441 1530 832 1600 interemptos?
859 1531 1278 1597 Annon,qua.-so,
1313 1525 1427 1580 lucc
1454 1541 1522 1580 ex
1552 1525 1880 1594 benignitate
1906 1538 2029 1593 pro-

446 1623 793 1677 ficiscuntur?
817 1637 992 1674 annon
1019 1620 1130 1673 lucc
1159 1625 1368 1687 poterat
1389 1617 1649 1687 impedire
1674 1617 1716 1670 si
1741 1615 2029 1671 voluisset?

444 1715 539 1770 sed
567 1715 827 1783 permisit.
860 1712 1053 1769 Etiam.
1079 1710 1307 1780 inquies.
1331 1708 1410 1764 'l‘u
1433 1724 1561 1762 vero
1581 1708 1669 1763 die
1691 1706 1840 1773 mibi,
1865 1722 2029 1776 quare

443 1805 659 1873 quidam
692 1817 794 1857 non
825 1818 853 1856 a
884 1803 1050 1871 prima
1094 1810 1252 1855 aetate
1278 1800 1449 1854 cmci?
1489 1799 1603 1854 Non
1631 1799 1830 1859 dicam,
1856 1798 2031 1852 donec

445 1895 751 1964 pollicearis
777 1894 921 1962 mihi
955 1904 1006 1947 te
1037 1891 1440 1947 illuminandum
1469 1906 1590 1946 esse
1616 1931 1630 1953 ,
1663 1901 1716 1944 et
1758 1891 2031 1944 illumina-

453 1996 565 2042 tum
595 1996 741 2041 recte
770 1987 929 2039 vitam
963 1985 1326 2040 institutarum
1359 1999 1498 2039 esse.
1537 1982 1650 2037 Non
1682 1983 1801 2037 licet
1830 1981 1921 2036 tibi
1949 1993 2031 2035 ta-

444 2077 512 2130 lia
545 2077 756 2131 solvere
782 2091 797 2132 :
829 2092 1001 2145 neque
1029 2076 1172 2128 enim
1218 2074 1502 2142 voluptatis
1527 2074 1693 2143 gratia
1722 2087 1902 2127 sermo
1925 2081 2027 2126 est.

442 2167 574 2222 Nam
601 2167 728 2222 licet
754 2166 889 2220 lianc
918 2166 1141 2229 Salvam,
1170 2165 1273 2217 alia
1298 2164 1548 2219 succedet
1573 2165 1800 2233 qua-stic
1830 2182 1847 2220 :
1877 2164 2037 2236 abys-

442 2273 537 2313 sus
561 2259 703 2313 enim
732 2257 1086 2327 qua-stiouum
1111 2266 1191 2310 cst
1209 2254 1504 2323 Scriptura.
1523 2253 1700 2320 Quare
1727 2269 1830 2308 non
1860 2254 2035 2308 solum

447 2367 515 2404 ne
540 2349 904 2404 assuefaeiatis
924 2362 1040 2411 vos,
1075 2356 1131 2400 nt
1156 2347 1476 2401 solutionem
1501 2346 1772 2414 qtueratis,
1797 2344 1892 2399 sed
1914 2360 2032 2399 om-

447 2444 598 2505 nino,
633 2451 689 2494 ut
720 2457 787 2494 ne
817 2441 1067 2509 quarratis
1098 2457 1109 2491 :
1142 2439 1375 2508 alioquin
1427 2454 1713 2504 numquam
1743 2437 1863 2492 linis
1892 2453 2037 2507 qua:-

445 2534 677 2587 stionum
705 2533 824 2586 crit.
855 2530 985 2584 Nam
1008 2531 1052 2584 si
1087 2531 1221 2584 hanc
1244 2530 1469 2590 solvam,
1487 2529 1632 2583 mille
1649 2528 2035 2599 qtuestiouibus

450 2624 588 2677 viam
633 2622 892 2690 aperiant.
928 2621 1081 2676 Unde
1117 2620 1386 2676 discamus
1412 2621 1586 2691 magis
1627 2622 1727 2675 hoc
1768 2636 2030 2691 quaerere,

447 2730 607 2782 quam
637 2713 858 2781 quaesita
885 2714 1115 2765 solvere.
1147 2712 1328 2782 Neque
1353 2714 1495 2767 enim
1527 2714 1568 2767 si
1598 2714 1885 2777 solvamus,
1919 2728 2038 2767 om-

448 2805 577 2858 nino
603 2803 895 2866 solvimus;
924 2805 1017 2857 sed
1053 2806 1345 2857 secundum
1376 2805 1665 2858 luunanum
1699 2804 2033 2859 ratiocinium

448 2897 663 2966 propria
687 2895 874 2950 talium
896 2895 1091 2949 solutio
1123 2896 1253 2951 fides
1291 2906 1402 2962 est;
1444 2898 1583 2951 scire
1620 2912 1830 2967 nempe,
1870 2897 2033 2950 Deum

365 3032 369 3036 .
449 2989 629 3040 eninia
655 2987 830 3053 juste,
874 2987 1099 3055 benigne
1126 2997 1182 3040 et
1214 2988 1417 3041 utiliter
1447 2986 1642 3050 facere,
1673 3002 1846 3058 neque
1875 3002 2035 3058 posse

453 3077 572 3144 ejus
625 3077 885 3130 rationem
936 3079 1339 3147 comprehendi.
1393 3079 1518 3132 llaec
1554 3094 1656 3132 una
1696 3079 1890 3133 solutio
1927 3087 2031 3144 est,

450 3184 622 3238 neque
649 3169 750 3222 alia
785 3169 975 3224 melior
1019 3171 1265 3229 habetur.
1296 3172 1428 3237 Quae
1457 3172 1622 3237 enim,
1653 3185 1854 3241 quaeso,
1886 3171 2036 3226 solu-

452 3264 525 3315 tio
554 3272 635 3316 est
657 3264 681 3314 ?
704 3260 936 3316 Omnino
964 3278 1067 3317 non
1101 3263 1237 3316 ultra
1259 3278 1503 3333 quaerere
1529 3263 1601 3324 id,
1631 3261 1770 3329 quod
1799 3262 2035 3316 solutum

453 3364 557 3421 est.
586 3352 640 3408 Si
673 3353 774 3407 huc
803 3354 896 3407 tibi
942 3353 1270 3424 persuadeas
1291 3395 1306 3418 ,
1349 3368 1542 3422 nempe
1572 3352 1899 3422 providentia
1940 3351 2034 3407 Dei

449 3443 628 3497 omnia
670 3443 1055 3504 administrari,
1102 3443 1191 3513 qui
1241 3443 1345 3496 alia
1390 3444 1646 3512 permittit
1685 3458 1785 3512 qua
1828 3442 2037 3497 ratione

449 3537 565 3606 ipse
592 3538 758 3603 novit,
788 3538 889 3591 alia
927 3546 1104 3592 autem
1150 3545 1421 3607 Operatur,
1448 3536 1518 3590 ab
1554 3535 1699 3590 omni
1737 3535 2033 3606 quaestione

1175 313 1234 370 S.
1263 308 1542 368 JO.\NNlS
1578 303 2051 364 CllRYSOSTOMI
2077 302 2393 360 AliClllEl’.
2434 301 2967 358 CONSTANT-INOP.

3609 305 3706 361 18%

2128 420 2380 474 liberatus
2408 434 2488 486 es,
2517 429 2571 474 et
2612 420 2892 474 solutionis
2927 419 3132 475 lucrum
3165 420 3470 492 percepisti.
3512 419 3617 476 Sed
3646 425 3713 476 ad

2129 511 2465 581 propositutn
2496 522 2849 566 revertamur.
2880 512 3012 579 Quia
3042 514 3202 583 igitur
3225 514 3373 567 vides
3396 524 3476 568 tot
3501 516 3552 568 itt
3584 529 3716 583 Sup-

2129 602 2297 673 pliciis
2322 618 2463 669 esse,
2496 602 2773 673 Deumque
2815 603 2932 658 hmc
2969 607 3147 659 omnia
3193 614 3543 673 permittere:
3576 611 3721 661 vale-

2128 692 2312 747 tudine
2339 694 2582 762 corporis
2610 703 2760 747 utere
2780 694 2845 746 ad
2868 694 3061 748 animm
3090 694 3469 750 valetudinem.
3498 695 3603 752 Sed
3632 696 3720 752 di-

2127 801 2218 841 ces
2245 802 2258 838 :
2290 785 2425 852 Quid
2456 785 2584 840 mihi
2613 801 2749 855 Opus
2789 795 2871 840 est
2909 786 3181 840 laboribus
3224 795 3280 842 et
3323 788 3558 851 miseria,
3595 803 3718 843 cum

2130 877 2259 931 mihi
2287 878 2445 933 liceat
2465 878 2642 931 omnia
2671 878 2786 932 sine
2816 879 2999 932 labore
3029 879 3279 933 solvere?
3310 878 3420 933 Iloc
3443 890 3589 934 certe
3610 896 3719 935 non

2130 968 2468 1023 manifestum
2517 978 2620 1023 est.
2669 967 2939 1038 Contingit
2979 972 3121 1023 enim
3161 980 3218 1023 ut
3261 987 3365 1023 non
3413 970 3576 1024 modo
3612 987 3718 1025 non

2130 1061 2248 1114 sine
2273 1058 2456 1113 labore
2477 1059 2673 1124 solvas,
2708 1059 2800 1112 sed
2827 1060 2987 1113 etiam
3016 1068 3071 1112 ut
3095 1060 3344 1114 onmibus
3369 1070 3597 1115 Onustus
3619 1059 3718 1114 de-

2131 1149 2310 1204 cedas.
2337 1148 2601 1204 Caeterum
2633 1149 2843 1205 etiamsi
2877 1150 2978 1203 hoc
3009 1149 3348 1204 manifestmn
3380 1160 3565 1215 esset,
3611 1164 3715 1204 non

2134 1239 2385 1295 ferendus
2417 1250 2591 1295 tamen
2621 1240 2705 1295 hic
2723 1256 2913 1299 sermo
2934 1249 3097 1295 esset.
3130 1241 3183 1293 In
3204 1240 3493 1295 certamina
3519 1242 3715 1296 traxit:

2132 1347 2279 1386 arma
2321 1331 2490 1402 posita
2529 1340 2652 1386 sunt
2691 1348 2873 1388 aurea.
2920 1332 3053 1388 Cum
3088 1342 3362 1402 oporteret
3389 1335 3473 1387 illa
3507 1349 3720 1390 sumi-re

2134 1434 2190 1480 et.
2234 1435 2485 1490 tractare,
2530 1436 2584 1480 tu
2635 1426 2712 1480 vis
2764 1426 3017 1494 inglorius
3061 1427 3286 1491 servari,
3320 1426 3556 1496 nihilque
3595 1427 3719 1481 buni

2134 1519 2367 1588 Operari.
2399 1518 2495 1572 Dic
2523 1517 2673 1583 mihi,
2694 1518 2737 1574 si
2766 1519 2963 1572 bellum
2988 1520 3231 1585 instaret,
3261 1535 3459 1589 rexque
3485 1521 3715 1586 adesset,

2135 1622 2191 1667 et
2221 1613 2357 1666 alios
2395 1614 2604 1668 videres
2635 1613 2686 1666 in
2734 1613 2937 1667 medias
2980 1615 3269 1684 phalangas
3312 1630 3372 1668 se
3410 1615 3719 1676 immittere.

2135 1703 2404 1758 candentes
2440 1710 2496 1759 et
2533 1704 2842 1757 innumeros
2868 1704 3176 1758 vulneribus
3215 1704 3530 1770 aflicientes,
3561 1706 3724 1760 alios-

2136 1811 2241 1866 que
2268 1797 2318 1850 in
2350 1797 2617 1865 singulare
2636 1807 2904 1852 certamen
2926 1798 3331 1865 descendentes,
3364 1800 3498 1855 alios
3519 1802 3723 1855 saltan-

2138 1897 2242 1955 tes,
2270 1890 2403 1943 alios
2432 1904 2601 1958 equos
2629 1890 2914 1959 agitantes,
2938 1905 2966 1943 a
3000 1905 3124 1961 rege
3152 1891 3375 1954 laudari,
3405 1894 3456 1947 in
3488 1893 3724 1948 admira-

2142 1981 2284 2034 tione
2325 1980 2528 2042 ltaberi,
2564 1981 2836 2048 plausibus
2865 1982 3060 2049 excipi,
3107 1984 3384 2049 eorunari;
3429 1985 3563 2039 alios
3591 2000 3725 2038 con-

2142 2080 2247 2133 tra,
2279 2071 2367 2141 qui
2396 2080 2644 2139 optarent
2671 2071 2801 2124 nihil
2836 2072 2956 2125 mali
2987 2073 3115 2141 pati,
3153 2083 3208 2127 et
3243 2074 3457 2128 ultimos
3484 2079 3723 2130 tenerent

2140 2163 2393 2218 ordines:
2424 2162 2724 2232 deindeqne
2744 2163 2919 2217 soluto
2947 2164 3106 2231 bello,
3134 2165 3269 2220 alios
3294 2167 3493 2231 vocari,
3523 2168 3727 2237 magnis

2141 2254 2455 2307 muneribus
2484 2252 2678 2323 excipi,
2711 2261 2765 2307 et
2793 2254 3083 2315 eelebrari;
3132 2254 3343 2310 illorum
3369 2271 3496 2311 vero
3523 2272 3590 2311 ne
3627 2272 3725 2311 no-

2141 2361 2262 2399 men
2293 2344 2509 2414 quidem
2533 2346 2779 2413 proferri,
2808 2345 2902 2400 sed
2928 2361 3084 2399 unam
3110 2347 3336 2402 salutem
3365 2348 3609 2417 accipere
3635 2348 3729 2402 bo-

2141 2452 2331 2491 norum
2374 2436 2676 2491 mercedem
2709 2454 2722 2492 :
2754 2452 2824 2492 ex
2856 2445 3097 2492 utrorum
3131 2453 3355 2492 numero
3380 2454 3502 2494 esse
3528 2439 3728 2494 velles?

2142 2526 2360 2581 Etiamsi
2397 2525 2638 2595 lapideus
2660 2541 2830 2591 esses,
2863 2527 3070 2582 etiamsi
3102 2527 3500 2583 insensibilibus
3540 2539 3597 2583 et
3644 2529 3727 2582 in-

2142 2617 2392 2671 auimatis
2423 2617 2694 2687 ignavior;
2736 2633 2915 2672 annon
2943 2618 3139 2673 millies
3179 2630 3392 2688 optares
3422 2636 3487 2674 ex
3518 2620 3727 2676 illorum

2141 2722 2368 2763 numero
2393 2709 2555 2763 esse?
2599 2709 2767 2764 Etiam
2805 2725 2901 2763 oro
2939 2719 2992 2765 et
3021 2711 3266 2765 obsecro.
3317 2711 3537 2765 Etiamsi
3585 2714 3727 2766 enim

2142 2810 2465 2872 pugnantem
2494 2801 2687 2857 cadere
2712 2811 3006 2872 oporteret,
3031 2818 3206 2857 annon
3230 2804 3357 2859 illud
3380 2814 3596 2859 strenue
3615 2815 3732 2861 erat

2140 2895 2486 2965 eligendum?
2515 2895 2628 2949 Non
2664 2895 2816 2950 vides
2845 2909 2958 2959 eos,
2987 2896 3077 2966 qui
3122 2896 3174 2949 in
3214 2896 3295 2950 his
3325 2897 3478 2951 bellis
3507 2897 3729 2960 cadunt.

2139 3003 2299 3058 quam
2329 2987 2437 3042 sint
2463 2988 2595 3042 clari
2627 2996 2682 3041 et
2719 2988 2984 3058 gloriosi?
3019 2988 3178 3057 Atqui
3218 2998 3337 3058 post
3363 2999 3591 3044 mortem
3624 3005 3731 3044 non

2142 3087 2369 3149 possunt
2395 3094 2424 3133 a
2455 3094 2583 3150 rege
2613 3080 2885 3135 honorari.
2916 3079 2971 3135 In
3003 3081 3093 3136 illo
3117 3089 3297 3136 autem
3330 3082 3470 3137 bello
3498 3082 3630 3137 nihil
3657 3093 3733 3138 ta-

2144 3168 2217 3235 le,
2243 3170 2340 3224 sed
2368 3171 2587 3224 omnino
2613 3172 2935 3241 conspicuus
2954 3171 3084 3236 eris,
3112 3172 3156 3226 si
3184 3173 3463 3227 cicatrices
3488 3173 3688 3228 habeas
3715 3192 3730 3227 :

2140 3276 2272 3330 quas
2288 3262 2489 3316 utinam
2508 3278 2605 3316 nos
2621 3278 2808 3317 omnes
2822 3263 3080 3318 exhibere
3103 3264 3389 3332 possimus,
3408 3266 3568 3320 etiam
3583 3277 3731 3321 extra

2104 3362 2111 3363 ’
2141 3356 2604 3423 persequutiones,
2630 3356 2682 3408 in
2703 3354 2919 3410 Christo
2944 3355 3072 3410 Jesu
3112 3356 3338 3410 Domino
3379 3365 3591 3421 nostro,
3616 3358 3733 3427 qui-

2139 3462 2260 3501 cum
2281 3446 2420 3500 Patri
2441 3456 2496 3501 et
2519 3446 2738 3516 Spiritui
2761 3456 2950 3501 sancto
2977 3446 3165 3516 gloria,
3198 3447 3506 3515 imperium,
3537 3446 3732 3514 honor,

2143 3552 2288 3593 nunc
2315 3545 2370 3591 et
2398 3552 2633 3607 semper,
2677 3544 2732 3591 et
2774 3537 2827 3591 in
2868 3536 3063 3592 saecula
3094 3537 3434 3592 saeculorum.
3467 3540 3660 3593 Arnen.

1838 3743 2188 3805 HOMILIA
2220 3743 2461 3805 XXIV.

450 3905 580 3961 Car.
612 3907 699 3961 i0.
729 3921 780 3961 ν.
811 3908 901 3962 Η.
926 3908 1106 3962 Adhuc
1134 3909 1363 3979 loquente
1394 3906 1547 3961 Petro
1581 3906 1728 3961 verba
1756 3906 1884 3972 lucc,
1912 3906 2041 3959 ceci-

525 3999 601 4052 dit
626 3999 854 4071 Spiritus
889 4014 1094 4055 sanctus
1128 4017 1282 4069 super
1317 4016 1492 4055 omnes
1516 4000 1602 4069 qui
1633 3999 1903 4052 audiebant
1930 4013 2041 4053 ver-

524 4093 661 4149 bum.
690 4096 781 4150 45.
814 4093 884 4148 Et
911 4095 1274 4166 obstupuerunt
1315 4111 1379 4149 ea:
1420 4093 1798 4147 circumcisione
1842 4092 2036 4159 ﬁdeles,

523 4186 612 4255 qui
647 4197 886 4241 venerant
924 4203 1038 4241 cum
1076 4185 1249 4251 Petro,
1280 4186 1399 4257 quia
1426 4185 1553 4239 etin
1592 4185 1821 4239 nationes
1849 4183 2041 4237 donum

530 4279 758 4347 Spiritus
783 4280 944 4333 sancti
968 4277 1185 4347 effusum
1211 4288 1284 4333 est
1307 4294 1327 4332 :
1354 4277 1442 4334 46.
1471 4276 1744 4331 audiebant
1768 4276 1900 4331 enim
1924 4275 2042 4331 illos

525 4372 783 4441 loquentes
808 4373 1016 4444 linguis,
1044 4382 1090 4427 rt
1119 4372 1502 4443 magni/icantcs
1529 4370 1713 4426 Deum.

523 4464 576 4518 1.
628 4463 759 4518 Vide
808 4464 901 4519 Dei
945 4464 1324 4520 (economiam.
1375 4461 1492 4518 Non
1539 4462 1782 4532 permisit
1834 4458 2039 4515 absolvi

449 4569 775 4617 sermonem,
809 4569 982 4623 neque
1004 4570 1069 4609 ex
1102 4562 1373 4623 prtecepto
1395 4553 1539 4607 Petri
1561 4552 1885 4621 baptismum
1900 4550 2036 4615 dari;

451 4644 545 4698 sed
577 4644 698 4712 quia
728 4654 961 4698 mentem
992 4643 1315 4698 exhibebant
1352 4642 1672 4701 mirabilem.
1699 4650 1754 4696 et
1782 4641 2040 4696 doctrina:

452 4735 771 4804 principium
801 4742 1135 4803 acceperant,
1159 4734 1554 4801 credebantque
1577 4732 1897 4801 baptismum
1920 4747 2041 4788 esse

452 4826 826 4882 remissionem
850 4836 1215 4896 peccatorum,
1249 4838 1374 4881 tunc
1399 4826 1615 4882 advenit
1642 4825 1892 4895 Spiritus.
1925 4826 2040 4882 Hoc

452 4927 632 4973 autem
663 4916 843 4979 fielutt,
874 4919 995 4987 quia
1031 4918 1170 4972 Deus
1200 4916 1579 4986 prospiciebat,
1614 4926 1671 4973 ut
1700 4917 1890 4972 Petrus
1919 4933 2038 4973 ma-

452 5023 612 5079 gnam
635 5007 1003 5064 defensionem
1036 5008 1272 5065 haberet.
1320 5008 1436 5064 Non
1476 5009 1635 5063 modo
1675 5017 1850 5065 autem
1882 5011 2041 5080 Spiri-

454 5110 567 5153 tum
597 5100 885 5168 accipiunt,
920 5099 1014 5155 sed
1041 5100 1233 5169 linguis
1268 5100 1638 5168 loquebantur,
1668 5100 1721 5154 id
1746 5099 1888 5170 quod
1918 5115 2035 5165 eos,

453 5192 543 5262 qui
574 5199 959 5255 convenerant,
999 5192 1375 5261 obstupefecit.
1407 5190 1516 5247 Cur
1547 5193 1615 5246 ita
1649 5207 1735 5247 res
1764 5192 2044 5263 dispensa-

455 5288 578 5339 tur?
604 5285 828 5354 Propter
854 5283 1070 5339 Judreos
1095 5304 1109 5340 :
1134 5284 1333 5340 etenim
1365 5285 1467 5340 ltoc
1495 5284 1601 5340 illis
1625 5300 1873 5355 perosum
1901 5294 2037 5340 erat.

456 5376 580 5432 ideo
618 5378 815 5449 ubique
853 5392 881 5431 a
917 5376 1025 5432 Deo
1063 5386 1229 5432 totum
1258 5376 1505 5432 efficitur.
1558 5378 1618 5432 Et
1659 5378 1848 5433 Petrus
1887 5377 2038 5447 quasi

453 5467 677 5523 fortuito
702 5468 873 5534 adest,
900 5467 1103 5524 docens
1120 5475 1371 5536 oportere
1386 5468 1603 5524 demttm
1628 5469 1747 5522 illos
1767 5469 1830 5523 ad
1852 5480 2041 5539 gentes

450 5561 733 5629 accedere,
760 5572 814 5618 et
841 5561 984 5633 quod
1017 5573 1235 5631 propter
1263 5576 1358 5616 eos
1384 5560 1434 5616 id
1460 5562 1571 5615 fieri
1603 5577 1698 5630 par
1715 5562 1785 5615 sit
1817 5578 1830 5614 :
1868 5576 2041 5629 neque

453 5654 689 5706 mireris.
718 5656 847 5707 Cum
880 5656 1023 5710 enim
1071 5662 1188 5724 post
1223 5661 1388 5717 tanta,
1420 5664 1474 5709 et
1502 5654 1761 5709 (Ziesarea:
1790 5664 1844 5708 et
1882 5651 2037 5707 Jcro-

455 5741 679 5812 solymis
705 5745 1072 5801 controversia
1102 5744 1277 5811 fuerit,
1311 5744 1438 5817 quid
1471 5762 1574 5800 non
1605 5746 1801 5799 factum
1832 5745 2036 5806 fuisset,

2146 3905 2192 3960 si
2234 3905 2347 3960 luec
2386 3921 2493 3960 non
2534 3905 2855 3977 subseqnnta
2882 3910 3103 3964 essent?
3134 3909 3258 3965 Ideo
3286 3910 3398 3966 Iure
3436 3912 3596 3967 modo
3624 3914 3735 3969 sin.

2145 3996 2316 4068 gulari
2347 3996 2500 4052 llunt.
2533 3996 2668 4052 Vide
2703 4006 2883 4052 autem
2923 4000 3192 4068 quomodo
3222 3999 3415 4056 Petrus
3450 4003 3735 4059 occasione

2144 4099 2362 4160 accepta
2385 4104 2446 4146 se
2472 4090 2746 4146 defendat.
2782 4093 2935 4158 Quod
2962 4104 3137 4148 autem
3180 4104 3299 4164 post
3331 4095 3471 4149 illam
3503 4097 3736 4151 occasio-
3782 4098 3791 4103 ’

2144 4196 2271 4237 nem
2298 4181 2636 4252 respondeat,
2678 4182 2801 4238 audi
2829 4185 3208 4254 evangelistam
3235 4194 3540 4242 narrantem
3566 4197 3621 4242 et
3649 4189 3736 4242 di-

2143 4282 2355 4328 centem
2385 4291 2399 4326 :
2428 4275 2518 4328 47.
2551 4273 2693 4328 Tunc
2719 4277 2979 4346 respondit
3002 4276 3185 4332 Petrus
3218 4295 3238 4334 :
3266 4277 3529 4350 Numquid
3549 4297 3734 4347 aquam

2143 4365 2255 4434 quis
2283 4364 2547 4434 prohibere
2568 4375 2749 4433 potest,
2792 4376 2848 4419 ut
2873 4351 2973 4422 non
3002 4368 3317 4436 baptizeutur
3344 4370 3416 4437 lii,
3446 4370 3534 4441 qui
3556 4372 3734 4440 Spiri-

2144 4466 2252 4510 tum
2277 4466 2505 4510 sanctum
2531 4468 2852 4530 acceperunt,
2879 4460 3011 4513 sicut
3038 4469 3084 4513 et
3111 4461 3239 4514 nos?
3269 4460 3456 4516 ‘l’iden‘
3483 4477 3590 4533 quo
3618 4480 3733 4519 rem

2144 4546 2382 4615 deduxit,
2405 4556 2460 4603 et
2478 4565 2635 4619 quam
2658 4558 2878 4617 cuperet
2905 4549 3004 4604 hoc
3026 4549 3260 4607 ell‘erre?
3302 4552 3391 4607 Sic
3414 4553 3733 4622 jamdudum

2143 4638 2197 4691 in
2224 4639 2403 4693 animo
2432 4637 2681 4694 habebat.
2717 4637 2981 4711 Numquid
3009 4657 3213 4712 aquam,
3252 4642 3446 4713 inquit,
3478 4645 3590 4714 quis
3615 4662 3738 4714 pro-

2145 4730 2314 4785 hibere
2350 4733 2556 4803 potest?
2586 4732 2698 4787 lloc
2743 4733 2855 4787 fere
2886 4741 2969 4787 est
3014 4732 3339 4804 insurgentis
3381 4734 3433 4788 in
3477 4750 3603 4797 eos.
3641 4739 3733 4804 qui

2146 4824 2513 4893 prohiberent,
2541 4839 2603 4878 ac
2628 4825 2871 4879 dicerent
2907 4824 3008 4880 hoc
3049 4841 3151 4879 non
3193 4837 3441 4895 oportere
3466 4825 3601 4881 fieri.
3628 4826 3726 4881 To-

2146 4924 2256 4970 tum
2284 4914 2477 4970 factum
2500 4925 2606 4979 est,
2637 4915 2827 4984 inquit.
2850 4915 2992 4984 quod
3016 4916 3186 4986 magis
3208 4918 3570 4972 necessarium
3593 4928 3728 4983 erat,

2143 5007 2403 5076 baptisma
2433 5020 2645 5075 nempe,
2670 5022 2778 5075 quo
2805 5021 2902 5061 nos
2933 5007 3181 5076 baptizati
3207 5023 3411 5062 sumus.
3444 5009 3535 5063 48.
3567 5007 3737 5063 Iussit

2142 5098 2259 5151 illos
2296 5096 2543 5166 baptizari
2583 5098 2637 5149 in
2667 5097 2868 5151 nomine
2893 5096 3017 5152 Jesu
3047 5098 3251 5153 Christi.
3300 5099 3587 5170 Postquam
3613 5115 3737 5155 sese

2146 5191 2409 5260 purgavit,
2458 5188 2619 5258 jussit
2660 5189 2780 5244 illos
2824 5188 3105 5260 baptizari,
3154 5191 3277 5248 illos
3317 5207 3415 5261 per
3458 5205 3545 5246 res
3591 5191 3737 5259 ipsas

2144 5280 2430 5335 instituens
2463 5298 2476 5333 :
2520 5281 2654 5335 adeo
2687 5296 2871 5349 perosa
2914 5298 3003 5336 res
3042 5289 3158 5337 erat
3186 5281 3407 5338 Judusis.
3440 5281 3564 5337 Ideo
3585 5281 3736 5351 prius

2143 5386 2264 5426 sese
2297 5380 2504 5440 purgat,
2536 5374 2779 5440 quamvis
2828 5389 2917 5429 res
2956 5375 3086 5443 ipsa:
3137 5375 3461 5435 clamarent,
3505 5383 3562 5429 et
3606 5383 3734 5429 tunc

2145 5465 2415 5533 praecepit.
2437 5464 2583 5518 Tunc
2596 5476 2898 5537 rogaverunt
2922 5483 3055 5532 eum,
3084 5475 3141 5518 ut
3164 5476 3385 5521 indueret
3413 5468 3604 5528 aliquot
3624 5468 3732 5520 die-

2142 5555 2251 5611 bus.
2281 5555 2413 5611 lliuc
2434 5559 2556 5625 jure
2582 5556 2672 5612 ille
2693 5571 2813 5611 cum
2833 5556 3022 5611 ﬁducia
3045 5567 3244 5611 manet.
3273 5556 3425 5626 (Cap.
3441 5556 3604 5627 ΗΜ.
3623 5558 3732 5609 ,ιαμ

2142 5651 2342 5704 dierum
2370 5660 2537 5704 autem
2576 5649 2794 5721 apostoli
2830 5659 2876 5704 et
2904 5654 3105 5720 fratres,
3138 5650 3225 5717 qui
3264 5658 3405 5704 erant
3434 5650 3488 5704 in
3519 5648 3729 5715 Judcra,

2140 5742 2380 5811 quoniam
2414 5749 2461 5797 et
2490 5751 2658 5812 gentes
2691 5748 2984 5810 receperant
3013 5740 3215 5795 verbum
3247 5738 3357 5795 Dei.
3392 5739 3446 5793 2.
3478 5738 3602 5794 Cum
3627 5757 3730 5791 au-
