4088 6142
419 342 517 395 135

407 467 508 509 tem
533 451 826 506 ascendisset
868 448 1052 501 Petrus
1089 445 1485 515 Jerosolymant,
1517 445 1858 514 disceptabant
1883 445 1980 496 ad-

407 560 576 598 versus
620 542 766 595 illum
801 541 885 608 qui
915 547 1057 592 erant
1102 553 1164 591 ea:
1202 537 1600 602 circumcisione,
1639 536 1858 590 dicentes
1882 551 1900 588 :
1927 537 1980 590 5.

409 637 575 702 Quare
594 634 808 687 introisti
839 633 906 684 ad
931 632 1059 684 viros
1085 630 1387 699 prteputium
1416 629 1668 691 habentes,
1697 637 1744 680 et
1769 627 1984 680 mandu-

405 727 533 780 casti
555 740 668 777 cum
692 722 838 776 illis?
879 722 1067 775 Postea
1115 719 1473 790 Disceptabant
1515 719 1599 787 qui
1629 734 1690 771 ea:
1719 718 1981 771 circumci-

404 819 562 883 sione,
593 830 696 869 non
723 813 966 882 apostoli.
997 811 1133 880 Quid
1157 819 1238 865 est
1265 809 1412 876 illud,
1439 809 1797 878 Disceptabant
1818 810 1842 862 ?
1867 809 1981 862 Non

404 923 612 978 parum,
646 907 835 975 inquit,
864 903 1287 959 oll'endebantur.
1323 903 1388 956 Et
1415 901 1535 959 vide
1555 901 1680 970 quid
1707 899 1978 970 obiiciant.

402 1000 517 1054 Non
546 999 745 1063 dicunt,
778 996 885 1051 Cur
929 993 1304 1049 annuntiaSIi?
1344 992 1462 1055 sed,
1506 991 1607 1045 Cur
1636 1008 1737 1044 una
1768 991 1982 1044 mandu-

402 1091 572 1145 casti?
600 1091 790 1144 Petrus
832 1103 958 1143 vero
995 1103 1100 1140 non
1129 1086 1181 1138 in
1212 1085 1313 1139 hoc
1352 1082 1544 1153 frigido
1574 1083 1718 1137 dioto
1746 1090 1984 1136 moratur

405 1183 549 1251 (nam
577 1179 822 1250 frigidum
852 1193 978 1232 vere
1003 1174 1171 1247 erat);
1201 1175 1294 1230 sed
1322 1175 1372 1228 in
1405 1189 1597 1244 magno
1623 1174 1736 1240 illo,
1757 1173 1941 1228 dicens
1970 1193 1980 1226 :

406 1273 464 1327 Si
503 1271 756 1341 Spiritum
804 1270 876 1324 illi
915 1276 1248 1337 acceperant,
1289 1267 1558 1336 quomodo
1603 1265 1703 1319 hoc
1743 1279 1850 1318 non
1881 1265 1984 1318 illis

403 1360 802 1417 concedendum
847 1359 1000 1414 erat?
1042 1357 1320 1425 Quomodo
1368 1371 1496 1426 ergo
1536 1356 1588 1410 in
1635 1354 1983 1412 Samaritauis

407 1456 505 1509 hoc
537 1455 726 1508 factum
757 1469 861 1506 non
889 1460 990 1515 est,
1022 1451 1129 1506 imo
1155 1450 1502 1515 contrarium,
1531 1465 1636 1504 non
1661 1448 1820 1503 modo
1835 1457 1976 1512 ante,

405 1545 495 1599 sed
542 1546 701 1600 etiam
743 1552 861 1613 post
902 1542 1262 1612 baptismum?
1302 1541 1481 1610 Neque
1513 1539 1769 1610 indignati
1811 1549 1978 1592 sunt:

406 1639 512 1692 imo
541 1636 701 1691 etiam
735 1635 799 1688 ad
834 1649 952 1690 eam
994 1633 1162 1704 ipsam
1193 1649 1304 1688 rem
1352 1635 1632 1686 miserunt.
1667 1632 1864 1686 Verum
1898 1630 1982 1685 hic

407 1744 513 1781 non
543 1742 601 1780 ea
633 1726 698 1781 de
739 1741 798 1780 re
844 1735 1097 1780 accusant
1123 1741 1136 1789 ;
1167 1723 1407 1779 sciebant
1453 1724 1596 1778 enim
1643 1722 1744 1778 hoc
1784 1722 1983 1776 divinae

403 1821 587 1889 gratia:
628 1834 784 1885 esse;
813 1819 929 1886 sed,
966 1819 1154 1886 Quare,
1199 1819 1474 1887 inquiunt,
1525 1816 1839 1870 manducasti
1866 1832 1982 1868 cum

403 1911 546 1964 illis?
574 1911 822 1980 Alioquin
845 1925 973 1964 vero
1001 1924 1246 1978 magnum
1270 1917 1322 1962 et
1353 1908 1670 1961 immensum
1693 1906 1981 1960 discrimen

403 2013 520 2057 erat
547 2003 910 2056 Samaritanos
937 2003 1074 2057 inter
1120 2012 1173 2055 et
1214 2010 1420 2072 gentes.
1450 2001 1540 2055 γει
1571 2002 1727 2055 etiam
1762 2015 1854 2068 per
1874 1999 1984 2053 dis-

405 2096 773 2163 pensationem
805 2095 1016 2160 accidit,
1045 2093 1184 2164 quod
1239 2094 1283 2147 is
1338 2102 1639 2157 accusetur,
1683 2100 1739 2144 ut
1779 2091 1851 2144 illi
1897 2089 1980 2144 di-

403 2197 554 2260 scpnt
583 2205 596 2240 :
622 2201 794 2256 neque
825 2186 968 2240 enim
1006 2184 1196 2239 Petrus
1239 2200 1350 2238 rem
1392 2183 1507 2237 sine
1537 2197 1694 2236 causa
1728 2182 1980 2237 narravit.

410 2278 540 2333 Vide
568 2288 768 2342 autem,
796 2294 955 2348 quam
985 2278 1053 2331 sit
1079 2293 1107 2331 a
1137 2277 1276 2332 fastu
1315 2285 1370 2331 et
1397 2291 1528 2330 vana
1555 2276 1723 2345 gloria
1755 2275 1978 2329 alienus.

404 2371 540 2426 Nam
568 2373 641 2426 ait
665 2390 676 2423 :
702 2373 753 2425 4.
788 2370 1046 2438 Incipiens
1075 2371 1272 2435 Petrus,
1303 2369 1580 2440 exponebat
1606 2369 1708 2422 illis
1732 2385 1820 2437 per
1840 2367 1983 2421 ordi-

405 2483 540 2530 nem,
566 2466 735 2518 dicens
756 2481 774 2517 :
796 2465 846 2518 5.
880 2463 990 2533 Ego
1011 2481 1145 2517 eram
1172 2465 1224 2517 in
1249 2463 1446 2516 civitate
1471 2463 1640 2530 lappa
1667 2478 1833 2514 orans.
1868 2460 1981 2514 Non

404 2558 536 2611 dicit
565 2572 750 2626 quare,
781 2556 862 2610 vel
888 2571 988 2624 qua
1026 2555 1325 2609 occasione.
1379 2553 1445 2607 Et
1477 2555 1576 2608 vidi
1603 2554 1654 2606 in
1684 2553 1864 2606 mentis
1898 2569 1984 2606 ea:-

405 2663 547 2701 cessu
580 2648 839 2711 visionem,
886 2646 1190 2700 descendens
1216 2662 1302 2698 vas
1330 2645 1585 2714 quoddam
1616 2645 1745 2698 velut
1777 2644 1984 2696 linteum

405 2755 668 2809 magnum,
708 2749 924 2808 quatuor
953 2739 1110 2792 initiis
1149 2739 1417 2792 demissum
1459 2740 1521 2791 de
1553 2739 1716 2804 cwlo,
1760 2746 1806 2792 et
1852 2737 1984 2790 venit

403 2845 560 2898 usque
587 2828 654 2880 ad
679 2845 773 2881 me.
807 2827 859 2881 6.
892 2827 956 2880 In
982 2828 1116 2894 quod
1139 2829 1339 2881 intuens
1369 2817 1781 2890 considerabam;
1809 2835 1856 2879 et
1883 2827 1986 2878 vidi

401 2920 754 2988 quadrupedia
793 2929 958 2983 terra,
1000 2929 1046 2972 et
1093 2919 1292 2983 bestias,
1343 2927 1388 2971 et
1428 2918 1647 2986 reptilia,
1689 2927 1733 2970 et
1761 2917 1986 2970 volatilia

404 3010 540 3062 cteli.
573 3010 626 3062 7.
669 3009 851 3063 Audivi
896 3018 1068 3062 autem
1107 3024 1274 3062 vocem
1314 3010 1556 3063 dicentem
1599 3009 1765 3063 mihi:
1797 3010 1983 3080 Surge,

405 3097 576 3159 Petre,
605 3099 775 3152 occide
798 3108 843 3152 et
873 3099 1145 3152 manduca.
1178 3099 1313 3166 Quid
1360 3115 1455 3168 per
1485 3101 1597 3154 hazc
1623 3101 1803 3156 dicere
1831 3101 1986 3155 vult?

404 3189 548 3245 Satis
575 3199 710 3254 erat,
746 3191 934 3260 inquit,
967 3191 1161 3246 vidisse
1184 3193 1403 3246 linteum
1433 3193 1499 3246 ad
1531 3193 1630 3248 hoc
1660 3194 1986 3261 persuaden-

402 3281 531 3334 dum
556 3299 571 3345 ;
601 3290 832 3336 attamen
861 3297 961 3335 vox
986 3297 1196 3351 quoque
1221 3283 1424 3352 adjecta
1446 3292 1545 3338 est.
1567 3283 1618 3338 8.
1649 3283 1768 3338 Dixi
1784 3295 1946 3338 autem
1965 3285 1998 3338 τ’

409 3371 766 3441 Nequaquam,
821 3371 1065 3438 Domine,
1115 3375 1232 3439 quia
1280 3389 1543 3428 commune
1584 3385 1630 3426 et
1673 3374 1986 3428 immundum

404 3480 680 3533 numquam
712 3465 933 3518 introivit
972 3466 1023 3518 in
1053 3481 1108 3518 os
1139 3481 1324 3519 meum.
1366 3465 1597 3520 Viden’?
1625 3467 1768 3536 quod
1806 3483 1982 3523 meum

401 3560 542 3619 erat,
571 3555 761 3624 inquit,
803 3554 904 3609 feci
935 3573 947 3608 :
980 3555 1112 3618 dixi,
1151 3555 1448 3625 Numquam
1496 3557 1725 3612 comedi.
1767 3558 1880 3612 Hoc
1917 3558 1984 3612 ad

404 3644 475 3708 id,
509 3645 648 3714 quod
677 3645 922 3699 dicebant
953 3647 1022 3700 illi
1052 3664 1064 3700 :
1099 3645 1344 3712 Introisti,
1375 3657 1421 3701 et
1447 3648 1705 3702 concediin
1728 3665 1840 3702 cum
1860 3650 1981 3702 illis.

405 3734 522 3789 lloc
560 3751 692 3790 vero
737 3752 842 3789 non
884 3736 1016 3790 dixit
1045 3738 1333 3792 Cornelio:
1374 3754 1546 3808 neque
1577 3739 1720 3794 enim
1761 3755 1985 3796 necesse

405 3835 538 3879 erat.
573 3827 626 3880 9.
680 3826 955 3896 Respondit
986 3837 1150 3882 autent
1181 3831 1304 3883 nti/ti
1338 3845 1435 3883 v01:
1466 3831 1704 3884 secundo
1727 3832 1791 3884 de
1819 3832 1941 3886 ca’lo
1967 3847 1985 3886 :

408 3917 536 3982 Qute
561 3917 700 3972 Deus
729 3921 1006 3985 mandavit,
1040 3930 1094 3973 tu
1128 3938 1188 3974 ne
1215 3923 1500 3975 communia
1525 3923 1734 3976 dixeris.
1763 3924 1849 3977 10.
1874 3922 1985 3976 [Ioc

405 4020 574 4062 autem
614 4011 807 4080 factmn
839 4021 911 4065 est
955 4021 1028 4065 ter
1053 4029 1072 4066 :
1104 4023 1148 4066 et
1187 4025 1406 4066 retracta
1433 4023 1550 4067 sunt
1579 4016 1747 4068 omnia
1785 4032 1986 4068 rursum

405 4103 457 4156 in
483 4103 678 4156 caelum.
707 4105 794 4158 11.
840 4103 908 4157 Et
934 4121 1046 4158 ecce
1065 4107 1159 4158 viri
1182 4116 1279 4160 tres
1317 4106 1580 4176 confestim
1609 4109 1903 4160 adstiterunt
1932 4110 1986 4162 in

407 4197 576 4259 domo,
602 4197 651 4248 in
681 4213 782 4265 qua
809 4213 968 4261 erant,
992 4199 1130 4252 missi
1156 4215 1188 4252 a
1212 4199 1439 4254 Ctesarea
1460 4200 1526 4252 ad
1552 4216 1648 4253 me.
1682 4199 1872 4254 Narrat
1899 4215 1979 4264 ea,

407 4305 527 4356 ane
555 4289 853 4343 necessaria
883 4301 1033 4344 erant
1059 4308 1071 4355 ;
1101 4292 1202 4345 alia
1235 4299 1392 4357 tacet,
1424 4292 1531 4346 imo
1561 4301 1614 4347 et
1638 4307 1732 4361 per
1756 4291 1869 4347 hcce
1897 4292 1984 4347 illa

410 4381 617 4446 prohat.
653 4380 718 4434 Et
743 4381 883 4446 vide,
917 4382 1185 4450 quomodo
1215 4398 1334 4437 sese
1356 4393 1564 4453 purget,
1590 4385 1776 4439 nolens
1804 4384 1988 4438 docto-

408 4470 481 4524 ris
501 4471 817 4525 auctoritate
841 4472 913 4524 uti
942 4493 954 4526 :
987 4471 1191 4525 sciebat
1215 4473 1356 4525 enim
1387 4487 1446 4526 se
1471 4483 1668 4542 quanto
1695 4475 1985 4529 modestius

406 4561 736 4630 loquebatur,
774 4572 918 4616 tznito
961 4564 1127 4632 magis
1174 4563 1294 4617 illos
1333 4574 1611 4634 capturum
1641 4582 1784 4624 esse.
1816 4567 1982 4621 Num-

406 4670 553 4724 quam
589 4655 830 4722 introivit,
883 4656 1074 4726 inquit,
1113 4657 1163 4708 in
1206 4672 1262 4709 os
1300 4673 1464 4709 meum
1493 4673 1752 4711 commune
1786 4660 1864 4713 vel
1891 4660 1986 4712 im-

407 4748 664 4800 mundum.
705 4748 768 4801 Et
799 4748 875 4802 sic
917 4758 1084 4802 totum
1128 4750 1442 4804 oeconomiae
1472 4749 1710 4804 defensio
1741 4761 1874 4805 erat.
1923 4751 1985 4805 Et

407 4857 518 4895 ecce
542 4852 640 4895 tres
668 4843 762 4894 viri
779 4843 1039 4914 confestim
1060 4843 1360 4897 adstiterant
1381 4844 1431 4896 in
1453 4845 1620 4905 domo,
1643 4844 1810 4914 inqua
1825 4862 1981 4898 erant.

409 4931 493 4985 Η.
525 4932 667 4986 Diait
702 4944 866 4988 autem
897 4935 1019 4987 milii
1046 4935 1292 5004 Spiritus,
1337 4946 1387 4988 ut
1421 4937 1544 4989 irem
1579 4951 1688 4988 cum
1728 4937 1828 4991 illis
1859 4937 1986 4990 nihil

412 5024 666 5079 liwsitaiis.

476 5115 528 5168 9..
572 5116 760 5170 Viden’
799 5116 940 5186 quod
985 5116 1212 5185 Spiritus
1252 5117 1322 5171 sit
1368 5117 1675 5186 legislatio?
1727 5115 1984 5171 Venerunt

409 5218 568 5260 autem
598 5226 792 5262 mecum
813 5221 858 5262 et
886 5227 974 5264 sex
1000 5210 1182 5270 fratres
1210 5210 1312 5262 isti.
1344 5210 1480 5277 Quid
1509 5210 1667 5264 Petro
1694 5210 1979 5274 humilius,

409 5299 687 5366 quietiam
729 5300 816 5354 hic
868 5301 1092 5354 fratrum
1139 5301 1498 5354 testimonium
1524 5301 1780 5355 adhibet?
1823 5301 1984 5354 Vene-

410 5401 518 5442 runt
548 5402 714 5444 autem
758 5408 949 5445 mecum
981 5408 1069 5445 sea:
1100 5396 1321 5460 fratres,
1371 5401 1417 5444 et
1461 5392 1674 5460 ingressi
1714 5410 1888 5446 sumus
1933 5393 1986 5445 in

413 5479 606 5534 domum
637 5483 752 5537 viri.
803 5484 887 5536 15.
915 5483 1156 5536 Narravit
1181 5493 1346 5534 autem
1368 5482 1530 5548 nobis,
1560 5484 1808 5550 quomodo
1834 5483 1987 5536 vidis-

412 5579 480 5622 set
505 5571 740 5641 angelum
782 5574 835 5625 in
882 5573 1031 5626 domo
1076 5589 1170 5626 sua
1213 5582 1448 5636 stantem,
1491 5581 1536 5624 et
1562 5573 1806 5626 dicentem
1843 5574 1986 5627 sibi:

418 5658 554 5715 Mitte
581 5664 633 5716 in
660 5663 864 5733 Joppen
892 5666 1043 5729 viros,
1075 5674 1120 5717 et
1149 5664 1336 5717 accersi
1363 5662 1624 5717 Simonem
1651 5665 1983 5732 coquomina-

419 5760 515 5806 tum
547 5755 780 5822 Petrum,
811 5756 897 5810 14.
927 5756 1012 5825 qui
1038 5757 1268 5826 loquetur
1290 5754 1376 5808 tibi
1405 5753 1573 5823 verba,
1601 5755 1654 5808 in
1679 5756 1859 5825 quibus
1877 5756 1985 5810 sal-

1357 333 1421 388 IN
1461 332 1635 387 ACTA
1678 330 2194 388 APOSTOLORUM.
2239 331 2464 386 IIOMIL.
2508 329 2694 386 XXIV.

3569 335 3670 389 £86

2094 461 2183 498 vus
2210 447 2308 498 eris
2337 455 2389 498 tu
2417 456 2462 500 et
2493 447 2721 500 universa
2749 448 2926 501 domus
2956 458 3062 502 tua.
3093 447 3208 502 Non
3250 448 3380 503 dixit
3417 465 3477 504 ea
3501 493 3514 514 ,
3553 469 3667 521 quae

2090 538 2158 591 ab
2186 539 2375 608 angelo
2419 538 2556 592 dicta
2603 539 2812 593 fuerant
2856 540 3106 596 Cornelio
3137 561 3149 594 :
3186 543 3454 598 Orationes
3486 554 3589 598 ture
3622 554 3668 597 et

2090 627 2416 698 eleemosgua.’
2439 637 2538 682 tua:
2559 631 2893 684 ascenderunt
2919 632 2969 685 in
3001 635 3291 687 memoriam
3318 635 3371 687 in
3397 646 3666 704 conspectu

2089 715 2208 783 Dei,
2238 734 2305 772 ne
2334 719 2450 773 illos
2471 719 2761 774 offenderet
2787 737 2800 781 ;
2829 720 2923 774 sed
2949 737 3009 775 ea
3040 723 3222 787 verba,
3253 740 3372 794 quae
3399 723 3528 778 nihil
3557 739 3670 777 ma-

2089 807 2176 876 gni
2206 809 2558 877 prteferebaut
2591 828 2603 864 :
2637 809 2890 880 Loquetur
2915 812 3002 864 tibi
3025 813 3191 877 verba,
3221 814 3471 883 inquibus
3496 815 3668 870 salvus

2089 900 2186 953 eris
2217 911 2268 953 tu
2305 909 2352 954 et
2395 902 2626 956 universa
2664 903 2844 957 domus
2887 914 2994 958 tua.
3042 904 3245 971 Viden’,
3288 907 3556 976 quomodo
3599 924 3664 961 ea

2087 1007 2244 1062 quam
2286 994 2391 1047 dixi
2423 995 2491 1049 de
2519 1010 2675 1050 causa
2709 995 2964 1050 festinet?
3011 996 3078 1050 Et
3106 997 3236 1052 nihil
3269 998 3336 1053 de
3366 1000 3464 1052 viri
3508 1015 3646 1053 man.

2087 1084 2367 1140 suetudine
2393 1085 2538 1141 dicit.
2573 1086 2712 1156 Ergo
2742 1087 2943 1156 Spiritu
2972 1087 3244 1154 mittente,
3281 1087 3392 1142 Deo
3416 1088 3661 1156 iubente,

2088 1190 2182 1244 per
2211 1178 2455 1246 angelum
2485 1179 2607 1232 inde
2633 1190 2875 1243 vocante,
2908 1178 3031 1234 hinc
3058 1189 3279 1248 urgente
3299 1222 3314 1245 ,
3345 1196 3520 1235 rerum
3558 1181 3668 1236 dis-

2084 1267 2286 1322 erituen
2314 1269 2582 1334 solvente,
2609 1271 2734 1339 quid
2763 1269 3060 1325 faciendum
3089 1271 3248 1325 erat?
3275 1271 3379 1326 Sed
3410 1271 3538 1326 nihil
3564 1272 3662 1326 ho-

2087 1373 2202 1410 rum
2231 1357 2383 1424 dixit,
2408 1376 2592 1414 verum
2617 1376 2644 1413 a
2669 1362 2963 1430 posteriore
2985 1362 3268 1416 conﬁrmat
3291 1379 3306 1417 :
3334 1363 3478 1432 quod
3500 1364 3659 1418 etiam

2090 1461 2184 1516 per
2202 1462 2260 1504 se
2283 1449 2635 1505 indubitatum
2660 1461 2774 1506 erat
2797 1453 3178 1506 testimonium.
3207 1452 3271 1506 Et
3290 1467 3406 1514 cur,
3431 1453 3664 1523 inquies,

2089 1556 2192 1594 non
2224 1540 2324 1596 hoc
2354 1541 2548 1597 factum
2581 1553 2663 1598 est
2691 1545 2907 1598 solum?
2945 1545 3019 1599 Ex
3049 1543 3338 1599 abundanti
3372 1545 3424 1600 lit
3463 1561 3492 1598 a
3522 1548 3664 1608 Deo,

2089 1640 2146 1684 ut
2172 1631 2571 1688 demonstretur
2596 1635 2915 1704 principium
2940 1650 3046 1690 non
3073 1636 3140 1690 ab
3164 1637 3409 1705 apostolo
3437 1652 3578 1691 esse.
3609 1637 3664 1692 Si

2088 1732 2264 1778 autem
2291 1740 2385 1779 sua
2410 1736 2598 1796 sponte
2624 1728 2714 1782 illo
2744 1728 3009 1796 profectus
3038 1737 3214 1795 esset,
3239 1737 3292 1784 et
3318 1730 3445 1783 nihil
3477 1731 3664 1784 horum

2089 1815 2284 1871 factum
2331 1817 2546 1883 fuisset,
2597 1820 2882 1875 admodum
2923 1821 3112 1876 offensi
3151 1821 3396 1878 fuissent.
3442 1825 3482 1876 A
3519 1824 3668 1892 prin-

2089 1909 2227 1979 cipio
2252 1911 2349 1964 sibi
2377 1921 2608 1966 mentem
2637 1913 2845 1966 illorum
2883 1914 3158 1978 conciliat,
3189 1913 3315 1968 dum
3345 1914 3474 1968 dicit
3510 1914 3615 1967 illis
3650 1931 3662 1966 :

2091 2000 2190 2065 Qui
2227 1999 2476 2072 Spiritum
2507 2013 2734 2056 sanctum
2782 2013 3101 2073 acceperunt,
3125 2007 3252 2058 sicut
3277 2015 3322 2058 et
3349 2022 3458 2058 nos.
3487 2005 3552 2058 Et
3573 2005 3670 2058 ite-

2089 2108 2204 2145 rum
2237 2110 2250 2145 :
2282 2092 2519 2167 15._Cum
2551 2104 2717 2148 autent
2743 2098 2998 2164 erupissent
3025 2098 3182 2168 loqui,
3218 2098 3401 2152 cecidit
3444 2097 3669 2166 Spiritus

2087 2193 2288 2238 sanctus
2316 2202 2467 2254 super
2493 2187 2629 2250 illos,
2659 2189 2784 2242 sicut
2810 2197 2854 2241 et
2881 2189 2933 2242 in
2964 2205 3054 2243 nos
3082 2191 3133 2242 iu
3165 2189 3333 2242 initio.
3362 2189 3544 2257 Neque
3570 2188 3671 2242 hoc

2088 2285 2369 2330 contentus
2389 2319 2402 2341 ,
2434 2279 2652 2331 verbum
2679 2279 2885 2332 Domini
2915 2289 3321 2334 commemorat.
3351 2279 3438 2334 16.
3471 2278 3663 2332 Recor-

2090 2366 2237 2420 datus
2257 2377 2422 2421 autem
2457 2386 2567 2422 sum
2593 2371 2727 2423 verbi
2754 2369 2958 2424 Domini
2985 2371 3112 2424 sicut
3151 2371 3347 2424 dicebat
3375 2387 3393 2423 :
3435 2369 3663 2423 Joannes

2087 2457 2286 2525 quidem
2308 2459 2572 2528 baptizavit
2593 2476 2744 2529 aqua,
2774 2476 2858 2513 vos
2883 2469 3048 2514 autem
3075 2460 3450 2530 baptizabimini
3470 2461 3523 2512 in
3547 2460 3671 2528 Spi-

2088 2553 2189 2601 ritu
2208 2559 2380 2602 sancto
2410 2551 2428 2618 (
2457 2549 2639 2603 Matth.
2667 2551 2720 2605 ὅ.
2753 2551 2811 2604 Η
2844 2553 2883 2620 ).
2927 2551 3110 2620 Itaque
3143 2551 3272 2604 nihil
3300 2552 3420 2603 novi
3450 2551 3666 2615 accidit,

2089 2639 2181 2693 sed
2218 2639 2268 2692 id
2295 2640 2434 2709 quod
2465 2641 2806 2710 prmdixerat.
2841 2645 2910 2695 At
2941 2658 3044 2696 non
3076 2645 3392 2712 oportebat,
3427 2643 3633 2712 inquies
3653 2685 3666 2705 ,

2090 2730 2342 2799 baptizari
2373 2749 2387 2784 :
2418 2732 2675 2801 baptisma
2705 2735 2846 2788 enim
2893 2735 3186 2802 perfectum
3219 2743 3366 2799 erat,
3401 2749 3521 2788 cum
3552 2732 3670 2804 Spi-

2090 2823 2223 2877 ritus
2252 2833 2466 2877 sanctus
2495 2825 2543 2877 in
2574 2824 2690 2878 illos
2717 2824 3014 2878 descendit.
3055 2824 3180 2880 Ideo
3219 2841 3324 2878 non
3357 2825 3508 2891 dicit,
3531 2825 3671 2880 Jussi

2090 2911 2207 2966 illos
2235 2913 2380 2983 prius
2406 2913 2696 2982 baptizari;
2728 2915 2820 2968 sed
2849 2914 3013 2983 quid?
3053 2915 3314 2984 Numquid
3340 2931 3526 2984 aquam
3554 2931 3672 2984 pro-

2089 3004 2256 3056 hibere
2279 3005 2391 3074 quis
2420 3013 2598 3074 potest,
2632 3014 2685 3057 ut
2715 3020 2815 3058 non
2856 3006 3170 3073 baptizentur
3209 3005 3303 3059 lii?
3331 3006 3454 3059 hinc
3484 3015 3670 3060 osten-

2089 3095 2255 3160 dens,
2308 3111 2367 3151 se
2394 3112 2490 3151 suo
2527 3107 2672 3150 motu
2713 3096 2843 3150 nihil
2891 3095 3100 3152 fecisse.
3147 3096 3298 3164 Quod
3360 3097 3517 3167 igitur
3569 3112 3665 3152 nos

2090 3186 2439 3251 habebamus,
2471 3187 2542 3240 illi
2567 3197 2910 3257 acceperunt.
2951 3189 3037 3241 l7.
3072 3188 3132 3242 Si
3158 3205 3274 3258 ergo
3299 3189 3526 3242 eamdem
3554 3205 3671 3258 gra-

2089 3280 2210 3333 tiam
2236 3280 2371 3334 dedit
2399 3279 2556 3346 Deus,
2592 3283 2780 3351 inquit.
2822 3283 2948 3334 sicut
2977 3292 3022 3335 et
3052 3283 3211 3348 nobis,
3245 3283 3331 3351 qui
3359 3283 3667 3336 credidimus

2088 3372 2140 3424 in
2166 3370 2438 3424 Dominum
2464 3371 2636 3425 Jesum
2668 3388 2684 3424 :
2712 3389 2800 3442 ego
2829 3373 2940 3442 quis
2969 3389 3126 3438 eram,
3158 3373 3243 3441 qui
3273 3389 3466 3441 possem
3495 3374 3672 3443 prohi-

2089 3460 2200 3515 bere
2229 3461 2428 3516 Deum?
2460 3461 2524 3516 Ut
2553 3479 2616 3516 ex
2645 3463 2933 3516 abundanti
2966 3463 3174 3516 illorum
3207 3477 3300 3516 ora
3330 3463 3632 3517 obstrueret
3654 3503 3670 3528 ,

2091 3552 2210 3608 ideo
2237 3553 2456 3607 addidit.
2491 3551 2740 3608 Eamdem
2764 3556 3002 3624 gratiam.
3034 3553 3243 3618 Viden’,
3269 3554 3538 3624 quomodo
3565 3570 3668 3608 non

2091 3646 2330 3712 permisit
2359 3645 2479 3700 illos
2503 3646 2678 3700 minus
2707 3646 2934 3712 habere,
2969 3646 3059 3716 qui
3089 3647 3255 3700 semel
3287 3646 3670 3701 credidissent?

2089 3738 2277 3793 Parem
2307 3740 2531 3808 gratiam
2560 3738 2706 3794 dedit
2748 3739 2852 3794 illis
2883 3740 3022 3794 Deus
3048 3782 3061 3805 ,
3107 3740 3320 3810 qualem
3352 3740 3506 3794 nobis
3526 3779 3540 3803 ,
3577 3741 3668 3809 qui

2091 3831 2409 3886 credidimus
2441 3832 2492 3885 in
2526 3831 2804 3884 Dominum
2855 3849 2866 3883 :
2910 3831 3087 3900 itaque
3135 3832 3248 3900 ipse
3291 3841 3481 3902 purgat
3530 3831 3670 3886 illos.

2089 3921 2270 3992 Neque
2311 3922 2474 3987 dicit,
2528 3921 2690 3977 Vobis
2713 3963 2728 3985 ,
2780 3922 2872 3976 sed
2895 3963 2909 3988 ,
2945 3922 3150 3984 Nobis;
3196 3923 3317 3976 hinc
3347 3924 3509 3977 etiam
3552 3939 3671 3977 scr.

2089 4027 2302 4068 monem
2335 4013 2599 4082 mitigans.
2649 4013 2785 4081 Quid
2823 4028 2950 4083 ergo
2991 4013 3376 4082 indignamini,
3409 4027 3528 4067 cum
3569 4027 3666 4066 nos

2090 4104 2232 4173 ipsos
2262 4105 2543 4173 participes
2563 4103 2836 4157 dicamus?
2860 4104 2946 4157 18.
2981 4102 3078 4155 llis
3101 4103 3311 4167 auditis,
3344 4103 3658 4170 quieverunt,

2090 4204 2135 4247 et
2164 4195 2571 4263 gloriﬁcaverunt
2613 4193 2818 4257 Deum,
2865 4195 3084 4248 dicentes
3126 4211 3144 4246 :
3177 4193 3338 4262 Igitur
3371 4202 3414 4246 et
3443 4193 3670 4262 gentibus

2092 4285 2431 4355 paenitentiam
2457 4286 2591 4337 dedit
2625 4285 2757 4338 Deus
2781 4286 2849 4337 ad
2876 4285 3045 4337 vitam.
3092 4285 3272 4338 Viden'
3302 4285 3570 4354 quomodo
3599 4299 3666 4340 ex

2090 4375 2347 4430 concione
2377 4375 2518 4429 Petri
2549 4384 2716 4428 totum
2757 4375 2954 4429 factum
2987 4376 3091 4440 sit,
3125 4375 3211 4443 qui
3244 4390 3304 4428 ea
3325 4417 3340 4440 ,
3387 4392 3504 4444 qua:
3537 4375 3670 4430 facta

2092 4465 2319 4530 fuerant,
2350 4475 2494 4520 recte
2517 4467 2854 4519 narraverit?
2881 4466 3003 4519 Ideo
3025 4466 3453 4534 gloriﬁcaverunt
3479 4466 3668 4528 Deum,

2089 4555 2231 4625 quod
2261 4557 2419 4610 etiam
2451 4557 2557 4610 illis
2589 4557 2952 4625 ptenitentiam
2993 4556 3202 4611 dederit
3236 4575 3248 4611 :
3291 4560 3363 4610 ita
3408 4557 3668 4612 Innniliati

2089 4657 2212 4702 sunt
2231 4647 2297 4702 ab
2318 4648 2402 4703 his
2423 4650 2776 4704 sermonibus.
2811 4649 2943 4702 Hinc
2970 4659 3150 4718 aperta
3175 4649 3391 4703 demum
3421 4649 3670 4718 gentibus

2085 4741 2245 4811 janua
2274 4741 2389 4795 fuit.
2424 4741 2550 4809 Sed,
2584 4743 2626 4796 si
2661 4743 2854 4810 placet,
2885 4742 3161 4810 superiora
3194 4753 3520 4811 repetamus.
3556 4741 3668 4795 Non

2089 4834 2241 4899 dixit,
2275 4833 2610 4903 Disceptabat
2638 4835 2826 4888 Petrus
2849 4874 2863 4897 ,
2895 4835 2988 4888 sed
3011 4874 3025 4898 ,
3063 4834 3159 4899 Qui
3186 4845 3328 4887 erant
3358 4851 3420 4887 ex
3445 4835 3662 4887 circurn-

2089 4925 2274 4978 cisione
2296 4940 2314 4977 :
2340 4925 2587 4994 quoniam
2618 4925 2730 4992 ipse
2755 4925 2983 4988 sciebat,
3010 4925 3149 4993 quod
3176 4927 3476 4991 parabatur.
3504 4923 3664 4992 Atqui

2091 5014 2219 5069 illud
2249 5017 2528 5084 oportebat
2559 5016 2773 5081 mirari,
2813 5015 3080 5084 quomodo
3107 5024 3158 5068 ct
3187 5014 3262 5068 illi
3292 5012 3662 5068 credidissent.

2090 5106 2314 5171 Quando
2346 5106 2504 5174 igitur
2545 5106 2855 5170 audierunt,
2912 5105 3052 5176 quod
3100 5105 3486 5164 credidissent,
3538 5103 3670 5154 nihil

2091 5197 2229 5266 passi
2278 5206 2433 5262 sunt;
2477 5197 2570 5251 sed
2617 5213 2736 5251 cum
2787 5198 2923 5251 Deus
2968 5197 3188 5266 largitus
3233 5204 3318 5249 est
3366 5193 3665 5262 Spiritum,

2089 5288 2301 5358 quando
2332 5288 2520 5343 Petrus
2563 5289 2864 5356 exponebat
2897 5289 3154 5342 visiooem
3204 5301 3354 5339 suam
3377 5325 3389 5348 ,
3431 5285 3616 5338 dicens
3651 5301 3664 5336 :

2091 5381 2232 5435 Deus
2253 5380 2485 5434 ostendit
2509 5381 2656 5446 mihi,
2691 5396 2758 5433 ne
2782 5395 2934 5448 quem
2964 5379 3234 5432 hominem
3261 5377 3492 5430 dicerem
3519 5391 3635 5429 com
3653 5405 3666 5414 -

2090 5489 2302 5528 munem
2333 5474 2414 5527 vel
2447 5473 2796 5527 immundum.
2844 5473 2930 5528 Sic
2961 5472 3048 5526 ille
3075 5472 3181 5539 jam
3212 5479 3365 5524 antea
3401 5469 3501 5522 hoc
3531 5468 3670 5521 scie-

2091 5568 2198 5622 bat.
2259 5565 2462 5621 ldcirco
2514 5581 2608 5635 pro
2652 5564 2899 5635 gentibus
2956 5576 3260 5618 sermonem
3314 5559 3666 5630 praeparavit,

2091 5659 2378 5714 ostendens
2421 5659 2537 5713 illas
2581 5658 2898 5712 adveniente
2947 5656 3050 5709 fide
3079 5671 3182 5708 non
3228 5655 3456 5723 amplius
3485 5662 3669 5722 genitos

2093 5753 2316 5824 futuras.
2343 5751 2482 5807 Nihil
2507 5751 2696 5805 mirum
2727 5764 2873 5818 ergo,
2901 5749 2945 5805 si
2974 5756 3097 5804 ante
3126 5747 3385 5820 baptisma
3413 5745 3667 5816 Spiritum
