4088 6142
379 365 479 420 I87

379 473 726 541 acceperint:
769 477 951 520 nostro
976 479 1190 535 quoque
1214 471 1458 532 tempore
1489 460 1591 514 hoc
1623 459 1817 512 factum
1847 464 1950 509 est.

377 564 474 618 llic
502 560 731 616 ostendit
761 558 973 621 Petrus,
1003 555 1141 624 quod
1171 555 1247 607 illi
1277 569 1384 607 non
1416 553 1554 605 sicut
1582 549 1672 604 alii
1706 544 1956 616 baptizati

371 656 516 716 sint,
561 649 656 704 sed
699 645 866 702 multo
905 645 1118 700 melius.
1160 643 1286 699 Ideo
1316 644 1392 697 sic
1421 657 1488 696 ex
1519 637 1809 694 abundanti
1843 649 1956 688 rem

376 740 629 809 disponit,
660 753 728 792 ne
753 736 878 807 quid
900 736 1080 790 dicere
1111 734 1336 803 possint,
1369 731 1462 785 sed
1493 739 1548 784 ut
1576 729 1655 784 sic
1682 727 1781 783 sibi
1806 741 1958 796 pares

379 833 608 886 habeant
639 830 778 883 illos.
821 826 886 880 Et
917 834 1216 897 rogaverunt
1257 825 1402 878 illum
1427 864 1440 888 ,
1493 821 1694 890 inquit,
1751 826 1806 871 ut
1852 833 1962 868 ma-

380 931 534 976 neret.
583 919 765 975 Viden’
812 917 1080 988 quomodo
1107 931 1212 970 non
1259 913 1589 968 familiariter
1641 925 1766 978 erga
1815 909 1959 962 illum

379 1013 557 1069 affecti
587 1011 809 1066 essent?
837 1009 1010 1064 viden’
1040 1017 1294 1078 quantum
1322 1005 1493 1059 zelum
1522 1018 1616 1073 pro
1654 1002 1769 1071 lege
1797 999 1962 1053 habe-

377 1105 540 1160 rent?
567 1103 682 1158 Non
712 1102 1021 1172 dignitatem
1055 1100 1198 1155 Petri
1225 1097 1441 1154 reveriti
1474 1103 1638 1162 sunt,
1685 1109 1789 1148 non
1821 1092 1960 1146 edita

382 1199 532 1265 signa
553 1237 568 1259 ,
601 1211 704 1250 non
735 1202 938 1248 tantum
967 1191 1094 1246 illud
1117 1204 1270 1260 opus,
1301 1188 1444 1259 quod
1493 1193 1797 1256 susceptum
1821 1191 1964 1239 esset

382 1290 637 1354 verbum;
684 1286 778 1343 sed
827 1287 897 1342 ob
941 1299 1100 1355 parva
1140 1283 1234 1338 illa
1282 1279 1651 1350 disceptabant
1715 1275 1771 1332 Si
1820 1277 1962 1331 enim

383 1383 515 1438 nihil
549 1382 736 1436 horum
768 1379 993 1444 fuisset,
1038 1392 1146 1432 non
1189 1384 1271 1430 sat
1311 1374 1498 1428 fuisset
1534 1370 1854 1442 prazstitum.
1897 1370 1965 1422 At

382 1489 490 1529 non
523 1475 590 1528 ita
621 1487 679 1527 se
708 1478 898 1541 purgat
924 1470 1112 1524 Petrus
1145 1484 1156 1520 :
1184 1465 1421 1536 prudens
1446 1464 1645 1534 quippe
1674 1470 1825 1527 erat;
1855 1460 1964 1515 imo

383 1581 492 1620 non
521 1579 588 1620 ex
619 1562 896 1633 prudentia
941 1561 1108 1631 ipsius
1127 1601 1142 1624 ,
1185 1557 1281 1613 sed
1311 1573 1375 1611 ex
1403 1557 1606 1625 Spiritu
1635 1554 1796 1610 verba
1829 1568 1955 1623 pro-

394 1654 785 1708 liciseebantur.
831 1651 896 1706 Et
923 1651 975 1705 in
999 1649 1318 1705 defensione
1347 1662 1441 1702 sua
1469 1661 1530 1701 se
1557 1661 1663 1701 non
1692 1652 1964 1699 auctorem

373 1735 652 1810 ostendit,
684 1743 778 1798 sed
806 1742 999 1812 ubique
1027 1741 1213 1796 Deum.
1263 1738 1331 1793 Et
1355 1746 1566 1792 tantum
1607 1750 1714 1790 non
1747 1735 1864 1790 illos
1889 1735 1968 1789 sic

383 1835 572 1890 aﬂ‘atur
597 1851 610 1887 :
641 1835 757 1902 Ipse
785 1833 930 1897 fecit,
963 1841 1020 1886 ut
1049 1832 1100 1885 in
1129 1844 1355 1885 excessu
1385 1827 1580 1882 mentis
1609 1840 1786 1881 essem
1819 1843 1832 1879 :
1867 1838 1968 1892 ego

385 1926 528 1980 enim
559 1923 874 1994 simpliciter
901 1923 1121 1977 orabam
1157 1938 1168 1973 :
1203 1920 1294 1974 ille
1325 1932 1418 1973 vas
1449 1916 1575 1972 illud
1603 1914 1919 1970 monstravit
1950 1929 1964 1965 :

387 2033 488 2086 ego
515 2014 945 2071 contradicebam
977 2032 989 2067 :
1018 2027 1232 2068 rursum
1255 2012 1342 2066 ille
1367 2009 1538 2076 dixit,
1571 2022 1746 2078 neque
1769 2007 1847 2062 sic
1868 2021 1968 2076 ego

384 2106 562 2160 audivi
598 2123 610 2159 :
643 2104 870 2175 Spiritus
881 2105 1037 2176 jussit
1061 2103 1201 2157 abire
1228 2118 1246 2156 :
1277 2111 1332 2157 et
1359 2101 1547 2156 abiens
1572 2114 1678 2154 non
1709 2113 1969 2152 accurre-

384 2199 505 2253 bam
537 2217 549 2252 :
583 2198 689 2254 dixi
718 2198 862 2269 quod
893 2199 1033 2253 Deus
1075 2197 1322 2260 miserit;
1371 2204 1426 2250 et
1455 2203 1637 2264 postea
1681 2207 1852 2263 neque
1892 2191 1971 2246 sic

385 2291 680 2360 baptizavi,
712 2291 806 2346 sed
835 2305 1046 2345 rursum
1077 2289 1217 2343 Deus
1241 2297 1410 2342 totum
1433 2287 1629 2341 effecit.
1663 2286 1802 2355 Ergo
1831 2285 1970 2338 Deus

356 2399 360 2401 ’
387 2373 509 2436 illos
536 2381 844 2450 baptizavit,
876 2396 982 2436 non
1007 2395 1127 2450 ego.
1156 2379 1266 2435 Nec
1291 2379 1458 2446 dixit,
1492 2379 1621 2433 Post
1648 2378 1762 2432 lucc
1789 2375 1967 2431 omnia

390 2485 567 2526 annon
598 2472 879 2540 Oportebat
913 2471 1127 2526 denmm
1171 2485 1362 2540 aquam
1394 2469 1640 2525 addere?
1679 2467 1774 2524 sed
1817 2467 1969 2538 quasi

388 2561 522 2619 nihil
551 2563 824 2628 deficeret,
858 2560 968 2634 Ego
998 2563 1107 2631 quis
1129 2577 1289 2627 erant,
1319 2561 1522 2631 inquit,
1550 2559 1635 2630 qui
1657 2559 1971 2629 prohiberent

390 2653 550 2707 Deum
571 2654 596 2706 ?
635 2654 820 2722 Papae,
868 2654 1041 2722 qualis
1067 2653 1343 2709 defensio!
1395 2652 1579 2723 Neque
1609 2652 1751 2707 enim
1785 2651 1922 2706 dixit
1955 2669 1966 2704 :

390 2745 515 2800 Ilaec
542 2761 669 2816 ergo
699 2761 822 2800 eum
849 2745 1029 2799 sciatis
1052 2787 1065 2811 ,
1097 2745 1396 2816 quiescite;
1429 2744 1524 2801 sed
1551 2744 1723 2815 quid?
1757 2743 1973 2814 Excipit

387 2839 598 2893 illorum
649 2840 925 2908 impetum,
978 2848 1032 2893 et
1072 2839 1176 2892 illis
1206 2839 1577 2894 accusantibus
1634 2852 1694 2893 se
1734 2847 1966 2908 purgat:

392 2929 518 2994 Quia
545 2948 683 2985 eram
720 2933 806 3000 qui
833 2948 1028 2998 possem
1057 2931 1320 3000 prohibere
1357 2930 1522 2985 Deum
1551 2933 1574 2986 ?
1605 2930 1758 2985 dixit.
1793 2931 1971 2985 Vehe-

389 3030 595 3076 menter
622 3031 676 3076 et
704 3024 937 3092 graviter
962 3037 1022 3076 se
1051 3021 1289 3076 defendit
1320 3039 1332 3074 :
1366 3021 1479 3075 Non
1512 3030 1752 3090 poteram
1787 3022 1972 3091 prohi-

390 3111 535 3165 bere.
569 3111 720 3166 Unde
749 3111 961 3167 tandem
991 3110 1231 3167 deterriti
1257 3113 1607 3181 quieverunt,
1633 3120 1688 3167 et
1711 3112 1977 3182 glorifica-

393 3211 585 3256 verunt
615 3203 804 3256 Deum.

462 3295 518 3348 5.
549 3295 635 3348 Sic
659 3304 713 3348 et
741 3309 837 3350 nos
861 3302 1073 3365 oportet
1095 3294 1145 3348 in
1177 3293 1539 3364 proximorum
1577 3295 1732 3349 bouis
1759 3294 1964 3363 glorifi-

388 3374 516 3442 care
549 3387 735 3451 Deum,
768 3402 872 3442 non
907 3395 1086 3442 autem
1118 3387 1376 3441 insultare
1403 3387 1531 3454 illis,
1563 3387 1702 3441 sicut
1733 3387 1880 3441 multi
1908 3403 1974 3441 ex

392 3496 580 3535 recens
611 3480 928 3535 illuminatis
967 3481 1258 3545 insultant,
1290 3479 1502 3549 quando
1535 3479 1718 3534 vident
1753 3479 1889 3534 alios
1914 3479 1974 3533 il-

394 3573 680 3636 luminari,
713 3581 767 3627 et
811 3572 991 3626 statim
1037 3570 1355 3640 demigrare.
1401 3569 1716 3625 Glorilicare
1764 3578 1977 3639 Oportet

399 3663 562 3715 Deum
592 3661 674 3715 vel
701 3661 841 3730 quod
871 3675 1091 3714 manere
1133 3676 1239 3714 non
1267 3659 1545 3714 concedat.
1590 3660 1774 3729 Itaque
1813 3670 1899 3724 tu,
1928 3659 1976 3713 si

403 3752 536 3804 velis
559 3792 572 3813 ,
607 3752 777 3819 majus
800 3749 1057 3819 accepisti
1085 3749 1314 3813 denum;
1340 3763 1443 3802 non
1473 3748 1616 3818 quod
1646 3749 1976 3803 illuminatus

397 3843 508 3909 sis(
534 3843 632 3896 hoc
655 3841 801 3896 enim
825 3843 938 3910 ipse
963 3850 1132 3896 tecum
1155 3857 1441 3897 commune
1467 3841 1686 3912 habet);
1716 3841 1810 3897 sed
1833 3841 1974 3912 quod

397 3932 464 3986 ad
512 3932 766 4001 prieclare
800 3932 1062 4003 agendum
1104 3943 1315 4003 tempus
1338 3933 1629 4003 acceperis.
1665 3933 1757 3987 Ille
1783 3933 1974 3987 stolam

401 4022 591 4086 induit,
624 4038 722 4077 nee
761 4023 1078 4095 permissum
1103 4023 1151 4078 ei
1179 4023 1311 4088 fuit,
1342 4034 1396 4076 ut
1427 4023 1514 4076 illa
1543 4037 1601 4077 se
1627 4023 1974 4091 spectabilem

398 4115 653 4171 redderet
684 4133 696 4168 :
725 4116 816 4168 tibi
856 4116 1078 4169 multam
1108 4114 1256 4169 dedit
1287 4115 1426 4169 Deus
1453 4115 1761 4168 facultatem
1794 4114 1975 4167 utendi

399 4207 565 4260 armis
595 4215 652 4258 ut
679 4215 922 4275 oportet,
947 4215 1000 4260 et
1032 4206 1155 4259 hinc
1197 4205 1282 4258 illa
1316 4204 1568 4272 experiri.
1616 4205 1708 4258 Ille
1747 4213 1934 4274 migrat
1957 4245 1974 4271 ,

401 4297 520 4358 fidei
551 4307 754 4350 tantum
779 4297 1080 4352 mercedem
1110 4296 1314 4352 habens
1345 4314 1358 4348 :
1391 4305 1443 4350 tu
1469 4307 1582 4351 stas
1607 4296 1659 4350 in
1686 4296 1880 4362 stadio,
1923 4304 1977 4350 et

401 4388 592 4442 multas
621 4403 843 4457 operum
873 4387 1150 4443 mercedes
1174 4389 1417 4457 accipere
1444 4397 1616 4457 potes,
1645 4397 1802 4456 atque
1828 4394 1974 4440 tanto

405 4477 498 4532 illo
528 4478 856 4546 splendidior
881 4493 1140 4548 apparere
1161 4520 1175 4543 ,
1199 4487 1399 4548 quanto
1427 4478 1507 4532 sol
1535 4477 1754 4530 minima
1781 4476 1935 4530 stella
1959 4516 1974 4540 ,

399 4577 599 4637 quanto
625 4567 730 4623 dux
763 4568 949 4622 ultimo
976 4568 1162 4633 milite,
1205 4567 1310 4622 imo
1336 4575 1536 4636 quanto
1565 4583 1678 4621 rex.
1712 4567 1872 4636 Igitur
1900 4577 1980 4621 te-

400 4659 572 4725 ipsum
622 4659 945 4722 eriminare;
995 4658 1103 4710 imo
1149 4671 1216 4710 ne
1265 4657 1600 4722 crimineris,
1645 4656 1739 4710 sed
1769 4656 1978 4726 corrige

397 4764 612 4818 semper
638 4767 651 4802 :
681 4763 786 4802 non
812 4750 954 4803 enim
983 4747 1181 4803 sufficit
1201 4748 1470 4802 criminari
1492 4787 1508 4811 ,
1535 4747 1657 4802 licet
1677 4746 1972 4802 decertare.

400 4842 646 4910 Ih-jectus
675 4841 773 4895 es?
798 4841 976 4910 gravia
1007 4856 1194 4911 passus
1221 4841 1318 4896 es?
1340 4840 1602 4910 Resurge,
1630 4840 1860 4909 tcipsum
1884 4855 1974 4896 re-

399 4949 521 4988 crea
551 4951 563 4987 :
593 4943 702 4988 stas
730 4932 907 4986 adhuc
954 4932 1006 4985 in
1055 4931 1228 4985 Stadio
1247 4971 1262 4993 ,
1305 4930 1479 4985 adhuc
1510 4931 1774 4985 theatrum
1803 4930 1973 4985 adest.

401 5025 514 5080 Non
545 5025 712 5091 vides,
744 5034 870 5095 quot
901 5024 953 5078 in
982 5039 1154 5094 pugna
1184 5024 1471 5094 prostrati,
1502 5040 1712 5078 rursum
1735 5024 1978 5079 decerta-

399 5119 557 5172 runt?
597 5119 822 5173 Tantum
871 5135 938 5174 ne
983 5130 1172 5190 sponte
1218 5120 1556 5175 snccumbas.
1598 5121 1818 5175 Beatum
1847 5121 1978 5178 dicis

397 5223 518 5264 eum
571 5212 657 5280 qui
712 5211 994 5266 defunctus
1046 5211 1172 5266 est?
1232 5211 1486 5281 Teipsum
1544 5214 1710 5283 magis
1764 5213 1973 5269 beatum

399 5299 584 5355 dicito.
616 5300 832 5355 Solutus
854 5310 935 5356 est
961 5316 991 5356 a
1022 5301 1251 5370 peccatis
1291 5301 1416 5356 ille?
1442 5301 1547 5357 Sed
1567 5345 1582 5368 ,
1611 5305 1654 5356 si
1687 5305 1838 5371 velis,
1871 5321 1974 5359 non

403 5390 562 5445 modo
591 5401 807 5460 peccata
849 5393 1073 5457 ablues,
1132 5393 1240 5460 imo
1295 5395 1457 5448 etiam
1514 5393 1669 5450 bonis
1724 5396 1975 5466 operibus

402 5482 688 5538 instructus
717 5487 846 5552 eris,
883 5486 1025 5557 quod
1067 5486 1156 5542 ille
1181 5503 1285 5543 non
1316 5499 1511 5559 potest.
1560 5489 1851 5546 Passumus
1878 5504 1976 5545 nos

400 5587 544 5640 ipsos
574 5591 844 5634 revocare.

476 5663 788 5722 l’muitcntiw
830 5670 1106 5739 pharmaca
1153 5688 1338 5742 magna
1382 5682 1518 5727 sunt.
1544 5703 1616 5716 —
1636 5671 1822 5741 Magna
1852 5680 1976 5726 sunt

400 5752 732 5823 poenitentiae
781 5758 1065 5826 pharmaea
1097 5779 1110 5816 :
1141 5776 1302 5817 nemo
1339 5763 1405 5817 de
1445 5777 1504 5818 se
1547 5763 1814 5832 desiperet.
1877 5761 1970 5817 Ille

1120 352 1175 405 S.
1215 348 1491 405 JOANNIS
1527 343 1996 403 CIIRYSOSTOMI
2039 338 2352 394 ARCIIIEP.
2398 335 2928 391 CONSTANTINOP.

3552 338 3648 387 IRS

2070 466 2192 505 vere
2224 431 2601 519 desperatione
2629 450 2819 520 dignus
2840 490 2855 516 ,
2889 450 2976 520 qui
3007 449 3256 517 desperat
3282 489 3296 502 .
3327 447 3414 501 ille
3441 463 3546 501 non
3568 451 3649 502 ut-

2069 552 2147 597 tra
2170 555 2318 610 spem
2360 541 2547 594 salutis
2577 539 2737 594 habet
2763 541 2802 593 ‘.
2852 540 2968 593 Non
2997 549 3102 593 tam
3131 555 3294 609 grave
3325 550 3406 593 est
3437 539 3488 592 in
3523 553 3648 608 pro-

2067 634 2289 689 fundum
2334 634 2597 688 malorum
2625 634 2810 687 venire
2832 673 2848 700 ,
2878 648 3036 703 quam
3063 641 3246 702 postea
3279 632 3389 687 illic
3423 634 3606 700 jacere
3635 651 3649 686 :

2069 741 2174 781 non
2202 726 2420 794 impium
2450 735 2531 780 est
2559 726 2610 780 in
2643 724 2962 794 profundum
2996 725 3255 778 malorum
3283 723 3646 792 descendere.

2069 816 2160 871 sed
2189 816 2258 870 ibi
2291 817 2523 886 positum
2545 826 2913 872 contemnere.
2937 817 3096 883 Num,
3121 832 3334 886 qtneso,
3371 818 3460 870 ubi
3484 821 3653 890 magis

2068 907 2354 961 sollicitum
2407 923 2528 963 esse
2556 916 2849 977 oporteret,
2898 909 2969 962 ibi
3013 909 3362 963 contemnis?
3389 909 3493 964 Tot
3518 925 3653 965 con-

2070 1001 2246 1056 fossus
2271 1002 2579 1056 vulneribus
2603 1042 2618 1068 ,
2649 1001 2927 1057 cecidisti?
2971 1001 3186 1056 Nullum
3233 1003 3428 1057 ani-ma:
3458 1004 3652 1058 vulnus

2071 1094 2367 1149 insanabile
2396 1104 2480 1149 est
2511 1111 2524 1148 :
2555 1093 2649 1149 sed
2702 1095 2754 1148 in
2793 1109 3020 1164 corpore
3061 1095 3223 1148 multa
3255 1105 3380 1149 sunt
3404 1095 3528 1150 talia
3549 1137 3565 1164 ,
3598 1097 3652 1150 in

2069 1187 2244 1241 anima
2276 1187 2502 1242 nullum.
2530 1187 2623 1242 lIla
2651 1195 2827 1242 tamen
2875 1187 3158 1258 diligenter
3182 1203 3374 1244 curare
3404 1202 3509 1244 non
3537 1189 3642 1244 de-

2069 1281 2339 1346 sistimus;
2371 1280 2484 1334 haee
2512 1295 2643 1336 vero
2672 1281 3009 1351 negligimus.
3051 1280 3165 1334 Non
3194 1281 3341 1335 vides
3373 1282 3634 1336 latronem

2069 1372 2240 1436 illum,
2269 1388 2424 1442 quam
2452 1373 2596 1428 brevi
2622 1381 2860 1441 tempore
2885 1373 3138 1443 praeclara
3171 1372 3401 1428 fecerit?
3429 1389 3536 1428 non
3562 1375 3646 1429 vi-

2071 1464 2166 1518 des
2214 1473 2506 1535 martyres,
2537 1465 2807 1535 quomodo
2862 1464 3009 1520 brevi
3054 1474 3295 1536 tempore
3335 1474 3502 1522 totum
3531 1482 3656 1536 per-

2073 1555 2358 1610 fecerunt?
2387 1556 2457 1609 At
2485 1571 2591 1609 non
2618 1554 2727 1624 jam
2755 1565 2839 1610 est
2866 1556 3107 1626 martyrii
3137 1556 3384 1626 tempus?
3409 1555 3515 1612 Sed
3537 1572 3656 1613 cer-

2074 1647 2334 1700 taminum
2364 1655 2572 1716 tempus
2598 1653 2681 1700 est
2704 1688 2719 1713 ,
2758 1645 2802 1700 si
2834 1647 3057 1701 velinms
3082 1688 3096 1712 ,
3126 1655 3184 1701 ut
3208 1662 3354 1718 sa'pe
3379 1647 3517 1702 dixi.
3553 1647 3656 1716 Qui

2071 1741 2214 1794 enim
2243 1739 2446 1805 volunt,
2481 1740 2682 1809 inquit,
2712 1740 2762 1792 in
2791 1739 2995 1794 Clu-isto
3022 1739 3145 1794 Jesu
3174 1740 3261 1810 pie,
3275 1741 3455 1808 vivere,
3487 1757 3658 1812 perse-

2073 1833 2360 1900 quutionem
2404 1831 2660 1900 patientur
2686 1831 2761 1902 (2.
2795 1830 2926 1885 Tim.
2956 1833 3008 1886 5.
3042 1829 3152 1903 I2).
3179 1831 3281 1897 Qui
3313 1833 3399 1902 pie
3437 1832 3655 1897 vivunt,

2080 1939 2295 1992 semper
2325 1923 2792 1993 persequutionem
2832 1924 3137 1992 patiuntur:
3183 1923 3228 1978 si
3260 1939 3365 1978 non
3391 1924 3458 1979 ab
3485 1925 3659 1979 homi-

2075 2016 2250 2079 nibus,
2279 2024 2425 2070 certe
2449 2030 2478 2068 a
2503 2015 2856 2081 daemonibus,
2886 2031 3006 2084 qu:e
3032 2029 3160 2069 sane
3187 2016 3402 2086 gravior
3430 2025 3512 2072 est
3539 2032 3658 2087 pcr-

2073 2107 2337 2176 sequutio.
2370 2107 2433 2160 Et
2472 2107 2646 2176 primo
2668 2123 2731 2161 ex
2761 2107 2963 2162 incuria
3001 2107 3139 2162 hanc
3168 2110 3432 2164 sustinent
3463 2110 3536 2177 ii,
3566 2111 3658 2179 qui

2074 2214 2178 2252 non
2210 2198 2447 2268 vigilant.
2481 2199 2564 2252 An
2591 2214 2806 2269 parvam
2839 2206 2992 2268 putas
3022 2203 3498 2270 persequutimiem
3527 2216 3650 2255 cum

2075 2289 2276 2343 incuria
2305 2289 2518 2344 vivere?
2545 2289 2653 2343 IIoc
2697 2291 2936 2344 omnium
2980 2299 3064 2345 est
3107 2293 3513 2359 gravissimum,
3557 2292 3658 2346 hoc

2076 2382 2483 2450 per-equutione
2512 2380 2682 2451 pejus.
2731 2381 2862 2436 Nam
2890 2384 3034 2436 velut
3081 2383 3254 2437 fluxus
3286 2399 3532 2449 m:maus,
3569 2383 3655 2437 in-

2073 2473 2217 2527 curia
2253 2472 2487 2527 animam
2528 2473 2734 2527 emollit
2765 2490 2779 2526 :
2817 2474 3153 2545 idipsumque
3182 2484 3264 2530 est
3315 2477 3660 2546 persequutio

2075 2574 2128 2620 et
2162 2565 2398 2628 incuria,
2429 2563 2571 2634 quod
2615 2575 2774 2620 testas
2821 2575 2876 2620 et
2928 2565 3119 2620 hiems.
3169 2565 3240 2621 Ut
3264 2576 3442 2621 autem
3491 2568 3659 2638 magis

2075 2657 2283 2712 ediscas
2330 2657 2566 2727 pejorem
2611 2672 2734 2713 esse
2787 2657 2924 2712 hanc
2976 2661 3482 2728 persequutionem,
3535 2660 3660 2714 hinc

2076 2747 2659 2816 perpende:somnum
2712 2749 2764 2801 in
2811 2749 3044 2803 animam
3104 2750 3371 2814 immittit,
3424 2751 3660 2804 oscitan-

2079 2840 2202 2892 tiam
2235 2849 2289 2893 et
2320 2839 2695 2911 negligentiam
2723 2855 2969 2910 magnam
3011 2840 3167 2904 indit,
3193 2842 3471 2910 passiones
3505 2841 3658 2894 ntuli-

2077 2945 2178 3000 que
2203 2933 2430 2997 excitat;
2477 2942 2649 2986 armat
2688 2931 2912 2997 fastum,
2961 2941 3136 2986 armat
3165 2933 3492 3002 voluptatem
3515 2975 3529 2999 ,
3564 2950 3656 2988 ar-

2078 3033 2186 3078 mat
2212 3025 2365 3091 iram,
2396 3025 2648 3080 invidiam
2671 3067 2686 3091 ,
2723 3040 2912 3078 vanam
2941 3025 3166 3096 gloriam
3193 3067 3209 3092 ,
3239 3026 3656 3081 :emnlationem.

2078 3118 2146 3172 At
2183 3118 2232 3170 in
2259 3119 2677 3187 persequutione
2722 3117 2853 3172 nihil
2899 3117 3086 3171 horum
3117 3117 3331 3172 turbare
3361 3119 3538 3182 valet;
3569 3133 3662 3174 ve-

2079 3224 2193 3261 rum
2227 3210 2384 3262 timor
2411 3208 2666 3263 invadens
2693 3249 2708 3274 ,
2737 3209 2886 3277 quasi
2915 3208 3142 3278 quodam
3172 3208 3339 3279 ﬂagro
3373 3208 3660 3264 latrantem

2077 3313 2263 3354 canem
2291 3302 2575 3369 impetens,
2609 3299 2708 3354 hos
2733 3315 2922 3355 omnes
2941 3299 3105 3354 animi
3131 3308 3308 3355 motus
3336 3316 3402 3356 ne
3427 3301 3663 3355 suboriri

2078 3393 2290 3461 quidem
2321 3395 2468 3448 sinit.
2499 3393 2628 3461 Quis
2671 3393 2722 3446 in
2767 3393 3179 3462 persequutione
3206 3409 3341 3446 vana
3369 3393 3534 3463 gloria
3577 3392 3660 3447 ef-

2081 3487 2202 3541 ferri
2249 3487 2460 3556 potest?
2489 3488 2607 3556 quis
2657 3487 2708 3540 in
2743 3487 3012 3556 voluptate
3057 3485 3287 3556 degere?
3329 3483 3534 3551 Nemo;
3567 3485 3660 3540 sed

2082 3588 2282 3634 tremor
2327 3579 2523 3632 multus
2555 3587 2605 3633 et
2648 3586 2820 3632 metus
2865 3575 3055 3643 adest,
3091 3577 3178 3646 qui
3221 3591 3468 3647 magnam
3528 3577 3666 3645 parit

2082 3672 2556 3741 tranquillitatem,
2612 3669 2880 3741 placidum
2931 3679 3082 3738 parat
3127 3678 3373 3738 portum,
3429 3669 3662 3723 animam

2092 3763 2232 3833 piam
2254 3763 2444 3818 reddit.
2463 3762 2651 3817 Audivi
2679 3760 2965 3832 aliquando
2986 3775 3164 3831 patres
3189 3769 3403 3816 nostros
3424 3760 3665 3816 dicentes

2083 3854 2176 3923 (id
2210 3854 2349 3925 quod
2389 3869 2455 3909 ne
2483 3863 2664 3908 nostra
2708 3861 2867 3906 :etate
2915 3850 3006 3905 fiat
3030 3851 3471 3921 Opto;jubemur
3513 3851 3658 3905 enim

2082 3946 2428 4000 tentationem
2458 3959 2562 3999 non
2599 3952 2778 4014 petere
2799 3941 2841 4014 ),
2875 3941 3016 4014 quod
3045 3943 3172 3997 olim
3207 3953 3448 4012 tempore
3479 3957 3663 4011 perse-

2081 4041 2351 4109 quutionis
2384 4039 2564 4093 videre
2605 4048 2718 4092 erat
2749 4038 2893 4091 viros
2937 4051 3065 4092 vere
3092 4035 3446 4091 Christianos.
3477 4035 3664 4090 Nullus

2080 4132 2224 4186 enim
2251 4146 2380 4200 opes
2411 4130 2653 4193 curabat,
2685 4145 2791 4184 non
2819 4142 3065 4191 uxorem.
3095 4143 3201 4182 non
3229 4127 3398 4193 filios,
3431 4142 3535 4181 non
3566 4126 3665 4181 do-

2083 4239 2260 4288 mum,
2314 4237 2419 4276 non
2459 4222 2684 4291 patriam
2717 4239 2729 4274 :
2761 4236 2864 4274 una
2903 4221 3151 4276 omnibus
3188 4235 3314 4275 cura
3355 4228 3473 4274 erat
3513 4234 3664 4274 suam

2080 4323 2296 4368 servare
2314 4314 2564 4368 animam.
2593 4313 2695 4368 Alii
2716 4315 2770 4367 in
2793 4314 3155 4369 monumentis
3181 4323 3236 4368 et
3263 4313 3548 4383 sepulcris,
3573 4313 3664 4366 alii

2082 4406 2134 4459 in
2165 4406 2390 4460 desertis
2421 4405 2678 4461 latebant.
2728 4405 2844 4460 Non
2896 4405 3069 4459 solum
3113 4411 3289 4458 autem
3321 4403 3458 4468 viri,
3487 4401 3580 4456 sed
3612 4411 3666 4457 et

2081 4498 2333 4552 mulieres
2362 4507 2564 4552 tenera:
2584 4512 2647 4552 ac
2671 4496 2916 4552 delicata:
2945 4505 3069 4550 tunc
3095 4493 3522 4556 occultabantur,
3541 4508 3662 4546 cum

2085 4599 2342 4660 perpetua
2377 4589 2514 4646 fame
2543 4590 2932 4645 conflictantes.
2981 4589 3164 4659 Cogita
3193 4603 3351 4659 ergo,
3386 4603 3511 4642 num
3542 4601 3662 4641 mu-

2080 4681 2200 4736 lieri
2229 4681 2294 4736 ad
2321 4682 2626 4750 sepulcrum
2671 4683 2859 4737 latenti
2899 4689 2952 4737 et
2981 4681 3227 4734 ancillam
3269 4681 3525 4734 ferentem
3549 4690 3664 4732 coe-

2082 4789 2202 4828 nam
2227 4775 2556 4843 exSpectanti
2579 4813 2594 4839 ,
2629 4787 2692 4827 ae
2730 4788 2797 4827 ne
2823 4779 3107 4840 caperetur
3134 4770 3376 4834 timenti,
3421 4778 3580 4838 atque
3611 4768 3662 4822 in

2081 4864 2327 4934 sepulcro
2349 4863 2499 4934 quasi
2541 4863 2592 4916 in
2633 4861 2851 4917 fornace
2878 4861 3122 4924 sedenti,
3157 4858 3372 4930 aliquod
3399 4860 3486 4914 vel
3512 4873 3662 4913 sum-

2079 4963 2266 5026 ptuum
2291 4954 2378 5009 vel
2407 4953 2721 5008 deliciarum
2752 4945 3077 5006 desidcrium
3124 4950 3284 5006 fuerit
3311 4967 3327 5017 ;
3360 4965 3486 5004 num
3527 4957 3656 5004 tunc

2083 5044 2345 5114 putaverit
2369 5043 2450 5097 vel
2489 5042 2707 5097 delicias
2733 5042 2818 5097 vel
2859 5043 3114 5098 mundum
3142 5042 3448 5099 exsistere?
3477 5041 3666 5096 Viden'

2082 5151 2223 5191 nunc
2251 5135 2508 5205 majorem
2546 5149 2666 5189 esse
2696 5135 3164 5205 persequutionem
3186 5175 3200 5199 ,
3229 5132 3357 5188 dum
3394 5133 3558 5187 animi
3587 5131 3646 5185 af
3649 5161 3665 5170 -

2082 5228 2250 5284 fectus
2269 5228 2421 5298 quasi
2451 5227 2574 5283 fera:
2592 5243 2690 5282 nos
2719 5227 3013 5282 invadunt?
3038 5228 3186 5282 Nunc
3210 5234 3356 5282 certe
3379 5225 3556 5296 gravis
3583 5233 3664 5278 est

2085 5319 2428 5389 persequutio
2454 5359 2468 5382 ,
2497 5319 2624 5374 dum
2655 5327 2871 5388 putatur
2899 5318 3100 5372 nullam
3131 5331 3251 5372 esse
3285 5315 3663 5387 persequutio-

2084 5426 2230 5465 nem.
2261 5414 2330 5464 At
2355 5411 2497 5466 enim
2536 5410 2675 5464 istud
2709 5410 2904 5465 bellum
2933 5409 3033 5465 hoc
3063 5410 3438 5480 gravissimum
3464 5408 3660 5476 habet,

2083 5503 2223 5574 quod
2253 5518 2351 5572 pax
2382 5517 2503 5558 esse
2538 5502 2818 5567 credatur;
2853 5503 2924 5556 ita
2951 5510 3008 5555 ut
3031 5515 3181 5555 arma
3212 5516 3318 5556 non
3347 5514 3619 5556 sumamus
3639 5540 3657 5565 ,

2083 5607 2182 5648 nec
2208 5602 2394 5649 contra
2427 5593 2704 5653 inimicum
2751 5593 3088 5656 insumamus
3119 5607 3133 5645 :
3162 5591 3342 5648 nullus
3373 5590 3658 5658 formidat,

2149 5770 2165 5800 ι
2201 5765 2294 5816 Alii
2318 5766 2520 5828 habent,
2540 5777 2634 5816 non
2667 5761 2799 5814 ultra
2820 5760 3023 5814 salutem
3047 5758 3211 5825 habet,
3233 5773 3389 5827 neque
3405 5773 3530 5824 spes.
