4084 6174
326 341 428 398 187

325 466 439 521 ἀλλ’
490 467 580 523 ὅτε
615 468 645 522 ὁ
681 467 813 532 Θεὸς
854 468 1146 540 ἐχαρίσατο
1198 469 1258 524 τὸ
1304 467 1547 540 Πνεῦμα,
1598 468 1688 522 ὅτε
1724 470 1754 521 6
1785 467 1990 539 Πέτρος

326 553 551 619 ἐξετίθει
578 554 676 625 τὴν
731 554 927 609 ἑαυτοῦ
959 554 1238 619 ἔκστασιν,
1265 554 1442 624 λέγων
1464 571 1478 586 ·
1528 555 1588 609 '0
1642 555 1776 618 Θεὸς
1823 553 1992 621 ἑδειξέ

328 657 417 711 μοι
453 641 657 712 μηδένα
692 643 872 697 κοινὸν
904 641 936 712 ἢ
990 642 1300 715 ἀκάθαρτον
1330 642 1508 711 λέγειν
1546 640 1852 713 ἄνθρωπον.
1882 640 1988 694 Οὔ·

323 744 432 790 τως
462 726 665 782 ἄνωθεν
697 728 811 800 ᾔδει
847 727 1024 782 τοῦτο.
1058 729 1149 782 Διὸ
1197 729 1290 782 καὶ
1331 726 1840 799 προκατασκευάζει
1899 731 1992 782 τὸν

323 813 477 883 λόγον
504 813 594 868 τὸν
631 815 774 886 ὑπὲρ
802 815 911 868 τῶν
929 814 1116 880 ἐθνῶν,
1142 815 1376 879 δεικνὺς,
1403 817 1482 868 ὅτι
1509 816 1628 869 οὐδὲ
1649 815 1779 887 ἔθνη
1805 813 1992 870 λοιπὸν

322 895 389 970 ἦν
450 901 548 972 τῆς
601 902 838 965 πίστεως
867 914 894 942 α
945 902 1420 973 παραγενομένης.
1473 902 1640 957 Οὐδὲν
1680 901 1994 973 θαυμαστὸν

322 989 518 1055 τοίνυν,
554 990 605 1043 εἰ
659 989 765 1061 πρὸ
818 987 913 1043 τοῦ
975 989 1350 1061 βαπτίσματος
1397 988 1460 1043 τὸ
1505 990 1732 1061 Πνεῦμα
1759 990 1991 1045 ἔλαϐονο

322 1083 415 1137 καὶ
473 1084 558 1154 ἐφ’
593 1083 751 1155 ἡμῶν
797 1082 956 1137 τοῦτο
1013 1083 1256 1153 γέγονεν.
1317 1082 1580 1138 Ἐνταῦθα
1634 1083 1903 1138 δείκνυσιν
1966 1086 1996 1137 ὁ

320 1171 548 1242 Πέτρος,
576 1172 658 1225 ὅτι
682 1170 801 1224 οὐδὲ.
828 1170 903 1234 ὼς
929 1171 977 1225 οἱ
1006 1170 1182 1225 λοιποὶ
1205 1169 1632 1241 ἐϐαπτίσθησαν,
1651 1170 1786 1225 ἀλλὰ
1815 1170 1994 1242 πολλῷ

321 1258 553 1328 βέλτιον.
588 1256 689 1312 Διά
706 1257 864 1311 τοῦτο
888 1258 947 1312 δέ
976 1257 1148 1321 οὕτως
1179 1260 1244 1312 ἐκ
1273 1259 1590 1328 περιουσίας
1610 1260 1991 1329 οἰκονομεῖται,

320 1346 406 1399 ἵνα
451 1346 617 1415 μηδὲν
653 1343 817 1414 ἔχωσι
859 1341 1054 1412 λέγειν,
1086 1344 1226 1398 ἀλλὰ
1287 1344 1390 1398 κᾶν
1420 1344 1592 1408 οὕτως
1632 1346 1778 1407 ἴσους
1807 1344 1993 1408 αὐτοῖς

317 1431 604 1502 νομίσωσι.
658 1431 768 1485 Καὶ
827 1430 1146 1500 ἠρώτησαν
1198 1430 1403 1495 αὐτὸν,
1449 1432 1635 1502 φησὶν,
1673 1430 1987 1500 ἐπιμεῖναι.

327 1519 517 1590 Ὁρᾷς,
564 1518 680 1583 πῶς
732 1519 832 1573 οὐκ
863 1519 1079 1582 οἰκείως
1110 1517 1245 1590 πρὸς
1303 1519 1465 1572 αὐτὸν
1515 1518 1812 1584 διέκειντος
1850 1514 1991 1581 εἶδες

315 1607 413 1661 τὸν
461 1605 642 1678 ζῆλον,
694 1601 807 1661 οἷον
836 1601 980 1677 εἶχον
1024 1605 1164 1678 ὑπὲρ
1208 1605 1303 1660 τοῦ
1334 1606 1528 1677 νόμους
1562 1606 1638 1659 06
1675 1605 1735 1660 τὸ
1773 1604 1990 1676 ἀξίωμα

320 1694 527 1765 Πέτρου
551 1693 876 1765 ᾐδέσθησαν,
905 1695 965 1748 οὐ
1008 1694 1078 1747 τὰ
1120 1694 1388 1765 γενόμενα
1423 1696 1644 1764 σημεῖα,
1679 1693 1821 1747 οὐτὸ
1857 1710 1988 1748 κατ-

214 1820 215 1825 η
319 1781 564 1852 όρθωμα,
602 1782 724 1835 ὅσον
771 1776 841 1852 ἦν
890 1780 951 1835 τὸ
995 1780 1252 1846 δέξασθαι
1302 1782 1393 1835 τὸν
1442 1781 1632 1850 λόγον’
1681 1781 1796 1837 ἀλλ’
1848 1781 1988 1849 ὑπὲρ

317 1871 427 1923 τῶν
461 1869 669 1941 μικρῶν
696 1870 919 1924 ἐκείνων
942 1869 1286 1941 διεκρίνοντο.
1349 1869 1414 1923 Εἰ
1450 1870 1560 1941 γὰρ
1592 1870 1756 1941 μηδὲν
1780 1869 1987 1923 τούτων

315 1954 383 2030 ἦν
417 1959 467 2023 δ,
498 1959 596 2012 οὐκ
643 1959 806 2030 ἤρκει
856 1958 918 2013 τὸ
950 1959 1301 2030 κατόρθωμα.
1343 1959 1481 2012 Ἀλλ’
1515 1959 1614 2012 οὐκ
1637 1959 1986 2028 ἀπολογεῖται

315 2046 462 2100 οὕτω
517 2046 754 2119 Πέτρος·
821 2047 1037 2111 συνετὸς
1087 2047 1198 2119 γὰρ
1246 2043 1315 2119 ἦν
1346 2063 1360 2079 ’
1405 2047 1601 2119 μᾶλλον
1662 2047 1719 2100 δὲ
1767 2046 1828 2100 οὐ
1887 2046 1987 2117 τῆς

317 2133 584 2198 συνέσεως
625 2134 788 2188 αὑτοῦ
836 2130 927 2205 ἦν,
963 2135 1099 2188 ἀλλά
1142 2134 1238 2189 τοῦ
1286 2135 1601 2206 Πνεύματος
1635 2136 1704 2189 τά
1744 2136 1981 2206 ῥήματα.

315 2220 426 2273 Καὶ
462 2220 699 2274 δείκνυσι
738 2221 823 2275 διὰ
862 2222 963 2291 τῆς
1025 2222 1317 2291 ἀπολογίας
1355 2222 1545 2275 ἐαυτὸν
1587 2222 1686 2293 μὲν
1744 2220 1983 2292 οὐδαμοῦ

312 2307 504 2371 αῖτιον,
549 2307 825 2379 πανταχοῦ
880 2308 938 2362 δὲ
984 2308 1076 2362 τὸν
1126 2309 1282 2363 Θεόν.
1342 2308 1453 2363 Καὶ
1511 2309 1792 2379 μονονουχὶ
1847 2307 1985 2378 πρὸς

311 2395 513 2459 αὐτοὺς
544 2395 700 2449 τοῦτο
745 2394 921 2464 λέγει·
973 2397 1063 2450 Ἐν
1091 2397 1346 2450 ἐκστάσει
1403 2413 1469 2467 με
1513 2395 1770 2465 γενέσθαι
1821 2393 1984 2456 αὐτὸς

308 2485 568 2557 ἐποίησεν
594 2501 609 2518 ·
671 2485 783 2555 ἐγὼ
834 2486 942 2557 γάρ
999 2486 1185 2550 ἁπλῶς
1224 2486 1656 2557 προσευχόμενος
1691 2487 1839 2557 ἥμην
1865 2500 1881 2515 ·
1921 2484 1984 2538 τὸ

310 2572 509 2637 σκεῦος
566 2571 728 2638 αὐτὸς
794 2573 992 2639 ἔδειξεν
1015 2590 1030 2605 °
1093 2573 1203 2643 ἐγὼ
1265 2576 1550 2629 ἀντεῖπον*
1608 2573 1771 2628 πάλιν
1821 2572 1984 2637 αὐτὸς

305 2654 484 2721 εἶπεν,
517 2659 613 2713 καὶ
655 2659 775 2713 οὐδέ
825 2658 997 2722 οὕτως
1045 2661 1285 2731 ἥκουσαο
1356 2661 1425 2716 Τὸ
1472 2660 1713 2730 Πνεῦμα
1733 2659 1979 2714 ἐκέλευ-

303 2760 423 2801 σεν
450 2747 736 2803 ἀπελθεῖν
760 2765 775 2778 ·
811 2748 906 2801 καὶ
963 2748 1113 2818 ὅμως
1165 2746 1416 2802 ἀπελθὼν
1444 2748 1544 2801 οὐκ
1594 2747 1899 2818 ἐπέδραμον
1929 2758 1976 2786 θ’

302 2831 483 2900 εἷπον,
508 2838 589 2890 ὅτι
618 2837 647 2888 ὁ
683 2836 815 2899 Θεὸς
850 2835 1086 2907 ἔπεμψε,
1118 2836 1214 2889 καὶ
1266 2836 1405 2906 μετά
1450 2835 1624 2889 ταῦτα
1658 2834 1781 2888 οὺδέ
1811 2833 1983 2897 οὕτως

300 2923 579 2978 ἐϐάπτισα
603 2965 618 2988 ,
686 2922 822 2976 ἀλλά
873 2922 1034 2976 πάλιν
1098 2926 1127 2976 6
1182 2922 1316 2985 Θεὸς
1372 2921 1434 2975 τὸ
1484 2923 1594 2975 πᾶν
1663 2921 1980 2992 εἰργάσατο.

302 3014 455 3085 Ἀρα
485 3013 616 3077 Θεὸς
648 3013 844 3076 αὐτοὺς
891 3012 1205 3074 ἐϐάπτισεν,
1259 3011 1361 3065 οὐκ
1413 3009 1543 3079 ἐγώ.
1580 3010 1688 3064 Καὶ
1712 3010 1811 3062 οὑκ
1839 3005 1978 3062 εἴπεο

295 3099 529 3154 Τούτων
574 3099 873 3167 γεγονότων
917 3099 1169 3153 ἁπάντων
1190 3138 1205 3162 ,
1239 3098 1340 3151 οὐκ
1397 3096 1503 3149 ἔδει
1536 3096 1597 3150 τὸ
1634 3096 1778 3165 ὕδωρ
1816 3086 1981 3167 προσ-

292 3185 486 3239 θεῖναι
543 3185 760 3251 λοιπὸν;
796 3185 908 3239 ἀλλ’
953 3185 1029 3250 ὡς
1069 3186 1281 3250 οὐδενὸς
1313 3184 1628 3248 λείποντος,
1679 3182 1828 3254 Ἐγὼ
1887 3170 1981 3250 τίς

288 3274 506 3345 ἥμην,
558 3274 722 3345 φησὶ,
776 3273 1049 3329 κωλῦσαι
1107 3272 1214 3327 τὸν
1268 3271 1464 3339 Θεόν;
1536 3271 1746 3339 Βαϐαῖ,
1801 3273 1887 3325 οῖα
1944 3272 1979 3343 ἠ

290 3359 607 3430 ἀπολογίαί
686 3360 746 3414 οὐ
793 3360 903 3430 γάρ
943 3356 1104 3414 εἶπεν
1156 3359 1344 3414 Ταῦτα
1390 3355 1484 3414 οὖν
1526 3359 1727 3424 εἰδότες
1763 3360 1980 3431 ἡσυχά-

290 3449 419 3515 ζετε
444 3464 462 3478 ’
513 3447 650 3502 ἀλλὰ
678 3447 729 3501 τί
756 3464 772 3513 ;
831 3447 1054 3519 Δέχεται
1098 3446 1276 3501 αὐτῶν
1302 3447 1400 3519 τὴν
1430 3445 1605 3518 ὁρμὴν
1623 3487 1638 3512 ,
1688 3446 1781 3500 καὶ
1809 3448 1978 3514 ἐγκα-

290 3535 491 3591 λοῦσιν
540 3535 891 3605 ἀπολογεῖται
915 3553 931 3567 ο
1004 3536 1101 3603 Τίς
1166 3534 1330 3605 ἤμην
1387 3535 1646 3601 δυνατὸς
1708 3535 1978 3592 κωλῦσαι

288 3625 402 3678 τὸν
459 3625 652 3689 Θεόν;
701 3623 912 3694 λέγων’
967 3622 1174 3694 σφόδρα
1223 3621 1589 3694 ἐντρεπτικῶς
1630 3608 1724 3677 καὶ
1768 3621 1979 3693 βαρέως

287 3712 654 3786 χρησάμενος
703 3715 770 3785 τῇ
817 3710 1119 3784 ἀπολογίᾳ·
1187 3710 1301 3764 υὸκ
1354 3710 1638 3782 ἠδυνάμην
1710 3709 1974 3768 κωλῦσαι.

291 3802 467 3857 Ὅθεν
528 3800 714 3855 λοιπὸν
773 3798 1099 3872 φοϐηθέντες
1121 3840 1136 3866 ,
1185 3798 1501 3870 ἡσύχασαν,
1563 3799 1657 3852 καὶ
1730 3797 1978 3865 ἐδόξαζον

287 3889 381 3945 τὸν
412 3889 583 3946 Θεὸν.
1421 3904 1429 3912 ’

356 3985 432 4049 γ’.
453 3978 621 4034 Οὕτω
635 3978 730 4031 καὶ
750 3977 896 4049 ἡμᾶς
927 3978 1031 4049 χρὴ
1058 3975 1115 4030 ἐν
1138 3978 1250 4041 τοῖς
1276 3974 1384 4031 τῶν
1398 3975 1626 4047 πλησίον
1642 3974 1868 4046 ἀγαθοῖς
1888 3977 1977 4032 δο-

288 4066 487 4132 ξάζειν
512 4065 613 4119 τὸν
638 4064 791 4132 Θεὸν,
827 4064 943 4118 ἀλλ’
967 4065 1067 4118 οὐκ
1089 4064 1436 4136 ἐπηρεάζειν,
1454 4064 1707 4136 καθάπερ
1723 4065 1770 4117 οἱ
1793 4064 1978 4119 πολλοὶ

284 4151 398 4206 τῶν
433 4148 826 4220 νεοφωτίστων
853 4149 1275 4221 ἐπηρεάζουσιν,
1309 4151 1439 4204 ὅταν
1468 4149 1661 4214 ἄλλους
1689 4149 1841 4203 ῖδωσι
1871 4167 1979 4220 φω-

280 4238 591 4301 τισθέντας
623 4237 719 4291 καὶ
759 4236 922 4301 εὐθὺς
960 4236 1245 4301 ἀπιόντας.
1292 4236 1546 4302 Δοξάζειν
1577 4237 1660 4291 δεῖ
1696 4237 1788 4291 τὸν
1820 4237 1973 4303 Θεὸν,

282 4326 379 4381 καὶ
397 4327 488 4380 ὅτι
521 4324 710 4396 μένειν
724 4323 785 4377 06
810 4326 1102 4395 συγχωρεῖ.
1122 4324 1284 4379 Ὥστε
1307 4323 1455 4397 [196]
1476 4324 1570 4378 καὶ
1593 4326 1657 4379 σὺ
1678 4325 1772 4379 ἐὰν
1790 4324 1973 4398 θέλῃς,

285 4413 523 4484 μείζονα
559 4412 757 4477 ἔλαϐες
786 4412 996 4485 δωρεάν
1009 4427 1034 4483 f
1063 4411 1122 4465 οὑ
1159 4413 1301 4466 κατὰ
1334 4412 1395 4466 τὸ
1439 4416 1697 4483 φώτισμα
1742 4413 1885 4482 λέγω
1918 4414 1974 4483 (ἡ

281 4500 394 4573 γὰρ
424 4501 578 4572 αὐτή
611 4501 727 4553 ἐστι
762 4499 1015 4554 κάκείνου
1054 4499 1147 4552 καὶ
1190 4498 1331 4563 σὸῦ),
1368 4499 1504 4553 ἀλλά
1528 4499 1670 4553 κατά
1703 4498 1764 4552 τὸ
1791 4497 1974 4553 λαϐεῖν

282 4588 650 4661 προθεσμίαν
721 4587 1145 4659 εὐδοκιμήσεως.
1214 4588 1454 4651 Ἐκεῖνος
1521 4576 1808 4641 ἐνεδῖῦσατο
1876 4585 1974 4659 τὴν

284 4677 484 4751 στολὴν
513 4677 619 4731 καὶ
641 4675 741 4729 οὐκ
761 4675 935 4747 ἀφέθη
962 4676 1352 4750 ἐμπομπεῦσαι
1382 4676 1439 4728 ἐν
1465 4674 1602 4747 αὐτῇ
1634 4691 1648 4704 ·
1677 4675 1759 4728 σοὶ
1774 4675 1973 4746 πολλὴν

282 4761 489 4819 ἔδωκεν
517 4763 778 4828 ἐξουσίαν
810 4766 838 4818 6
863 4763 995 4827 Θεὸς
1033 4763 1341 4840 χρήσασθαι
1368 4764 1479 4828 τοῖς
1507 4763 1693 4826 ὅπλοις
1712 4764 1792 4828 είς
1831 4763 1970 4832 δέον,

284 4852 375 4905 καλ⁸
399 4852 608 4907 λαϐεῖν
634 4850 813 4904 αὐτῶν
843 4851 1088 4906 ἐντεῦθεν
1125 4852 1226 4924 τὴν
1256 4853 1471 4924 πεῖραν.
1514 4851 1753 4916 Ἐκεῖνος
1785 4851 1972 4906 ἄπεισι

281 4938 379 5011 τῆς
408 4941 670 5004 πίστεως
702 4939 861 5010 μόνον
884 4939 1021 5010 ἔχων
1046 4941 1137 4994 τὸν
1162 4940 1355 5012 μισθόν
1389 4956 1404 4971 ο
1450 4942 1514 4996 σὺ
1546 4941 1783 5014 ἕστηκας
1808 4942 1864 4995 ἐν
1891 4938 1973 5011 τῷ

284 5028 486 5100 σταδίῳ
508 5027 635 5081 τῶν
656 5027 835 5100 ἔργων
860 5028 1154 5099 δυνάμενος
1175 5029 1357 5084 λαϐεῖν
1384 5030 1584 5094 πολλὰς
1598 5031 1695 5094 τὰς
1715 5031 1973 5102 ἀμοιϐάς,

283 5116 375 5168 καὶ
400 5115 679 5170 τοσοῦτον
701 5115 916 5170 ἐκείνου
937 5116 1168 5187 φανῆναι
1189 5117 1586 5191 λαμπρότερος,
1622 5119 1744 5172 ὅσον
1769 5120 1797 5171 ὁ
1820 5118 1972 5189 ἥλιος

280 5202 374 5258 τοῦ
415 5204 770 5277 μικροτάτου
802 5203 1052 5276 ἀστέρος,
1095 5204 1217 5258 ὅσον
1251 5207 1279 5258 6
1298 5204 1599 5276 στρατηγὸς
1619 5205 1714 5259 τοῦ
1739 5205 1969 5276 ἐσχάτου

284 5293 644 5362 στρατιώτου
667 5331 683 5356 ,
721 5291 919 5362 μᾶλλον
947 5292 1003 5344 δέ
1036 5291 1157 5345 ὅσον
1192 5292 1221 5343 6
1252 5291 1520 5361 βασιλεύς.
1558 5294 1759 5348 Σαυτὸν
1792 5295 1971 5349 τοίνυν

281 5378 443 5434 αἰτιῶ
465 5398 479 5412 ·
503 5377 725 5451 μᾶλλον
768 5378 823 5431 δὲ
869 5377 945 5449 μὴ
980 5378 1160 5443 αἰτιῶ,
1192 5379 1327 5432 ἀλλά
1355 5380 1567 5452 διόρθου
1609 5381 1697 5435 ἀεί
1717 5397 1730 5411 ο
1760 5381 1821 5434 06
1862 5382 1971 5454 γάρ

282 5464 445 5535 ἀρκεῖ
480 5466 552 5520 τὸ
607 5465 964 5520 αἰτιάσασθαι
994 5482 1009 5497 ο
1057 5464 1267 5530 ἔξεστιν
1309 5466 1781 5537 ἀναμαχέσασθαι.
1824 5471 1966 5522 Κατ-

282 5550 566 5625 εϐλήθης;
609 5551 764 5606 δεινά
790 5551 1024 5620 Eat-0.03;;
1077 5552 1389 5624 Ἀνάστηθι,
1417 5555 1724 5625 ἀνάκτησαι
1756 5560 1968 5614 σαυτόν’

282 5637 357 5693 ἔτι
389 5642 452 5697 ἐν
487 5639 577 5713 τῷ
614 5639 820 5712 σταδίῳ
850 5639 1122 5713 ἕστηκας,
1157 5639 1236 5695 ἐτι
1265 5640 1327 5695 τὸ
1356 5640 1584 5714 θέατρον
1620 5646 1965 5716 συνέστηκεν.

284 5726 390 5800 Οὐχ
422 5728 570 5803 ὁρᾷς
627 5728 786 5782 πόσοι
844 5729 1397 5795 καταπαλαισθέντες,
1432 5730 1657 5804 ὕστερον
1712 5734 1971 5806 ἀνεμαχέ-

340 5869 566 5935 ‘jdeny,
617 5869 713 5919 Διὸ
758 5873 837 5935 καὶ
873 5874 1127 5935 προκητὸν
1150 5874 1305 5935 λόγον.
1355 5875 1481 5923 Ποῖα
1523 5876 1627 5934 ἔθνη
1669 5878 1850 5932 λοιπὸν.
1882 5882 1968 5929 οὐκ

284 5925 497 6002 εει-ἔθνη-
515 5925 593 6002 ἦνΔ
614 5936 720 6002 Δ’τῇς
740 5925 959 6002 πίστεως.
1085 5925 1228 6002 [λη-ηδ’
1251 5938 1290 5983 εἰ
1314 5938 1493 6002 γάρᾼμή
1525 5925 1706 5987 τούτων
1740 5925 1871 5990 οὐδέν

287 5987 448 6063 τιᾶραι
466 5987 732 6053 ἀπελθεῖν,
757 5994 836 6040 καί
860 5987 1007 6052 οὕτως
1030 5997 1257 6053 ἀπελθὼν,
1279 5987 1364 6045 οῦκ
1379 5987 1598 6060 ἔδραμον.

1416 348 1484 403 IN
1519 347 1701 406 ACTA
1740 347 2274 412 APOSTOLORUM.
2315 353 2552 418 HOMIL.
2595 321 2784 417 xklv.

3660 375 3774 431 188

2101 490 2296 540 σαντο;
2347 477 2522 532 Μόνον
2571 478 2647 549 μὴ
2700 478 2842 534 ἐκὼν
2886 483 3224 557 καταπέσῃς.
3283 486 3627 558 Μακαρίζεις
3674 492 3775 547 τὸν

2096 560 2437 652 ἀπελθόντα;
2491 565 2679 636 Πολλῷ
2730 568 2931 637 μᾶλλον
2967 571 3274 643 μακάρισον
3312 576 3530 630 σαυτόν.
3565 579 3763 652 Ἀφέθη

2099 649 2517 735 ἁμαρτημάτων
2558 655 2798 719 ἐκεῖνος;
2848 655 3009 722 Ἀλλ’,
3054 657 3149 711 ἐὰν
3180 659 3341 732 θέλῃς
3374 663 3473 729 σὺ,
3510 665 3572 716 οὐ
3606 649 3765 735 μόνον

2095 733 2166 787 τά
2202 737 2580 810 ἁμαρτήματα
2608 741 2867 813 ἀπονίψῃ,
2889 742 3027 797 ἀλλὰ
3058 746 3154 798 καὶ
3179 747 3579 819 κατορθώματα
3598 733 3763 819 ἐξεις,

2041 853 2050 867 ι
2096 821 2232 891 ὅπερ
2274 825 2362 878 ἐπ’
2391 826 2599 881 ἐκείνου
2642 828 2705 881 οὐ
2756 828 3002 885 δυνατόν.
3032 831 3282 888 Ἔνεστιν
3321 836 3471 906 ἡμᾶς
3495 837 3765 894 ἀνακαλέ-

2099 909 2295 965 σασθαι
2336 913 2582 980 ἑαυτούς.

2166 998 2393 1066 Μεγάλα
2421 1000 2521 1071 τῆς
2562 1004 2849 1073 μετανοίας
2890 1006 2958 1059 τά
3000 1007 3269 1078 φάρμακα
3294 1027 3308 1040 ’
3343 1011 3534 1083 μηδεὶς
3567 1015 3762 1082 ἀπογι-

2098 1085 2353 1138 νωσκέτω
2378 1086 2592 1142 ἐαυτοῦ.
2638 1088 2876 1153 Ἐκεῖνος
2914 1091 3081 1157 ὅντως
3112 1093 3478 1161 ἀπογνώσεως
3515 1098 3684 1163 ἄξιος,
3732 1103 3761 1152 6

2099 1170 2493 1238 ἀπογινώσκων
2539 1175 2731 1229 ἐαυτοῦ
2758 1178 3002 1241 ’ἐκεῖνος
3050 1180 3151 1233 οὐκ
3201 1180 3282 1234 ἔτι
3341 1183 3612 1254 σωτηρίας
3646 1184 3760 1255 ἔχει

2098 1255 2320 1322 ἐλπίδας
2343 1257 2391 1312 δ.
2417 1260 2492 1313 Οὐ
2523 1261 2583 1314 τὸ
2608 1264 2686 1325 είς
2718 1262 2880 1331 βάθος
2910 1264 3094 1318 κακῶν
3117 1266 3290 1320 ἐλθεῖν
3313 1267 3507 1333 δεινὸν,
3530 1270 3665 1325 ἀλλὰ
3698 1275 3759 1326 τὸ

2097 1343 2311 1399 κεῖσθαι
2358 1346 2499 1415 μετὰ
2530 1347 2593 1401 τὸ
2633 1348 2809 1404 ἐλθεῖν
2837 1367 2850 1381 ’
2873 1351 2935 1405 οὐ
2964 1351 3025 1405 τὸ
3056 1354 3135 1417 εἰς
3164 1353 3326 1423 βάθος
3364 1356 3551 1412 κακῶν
3583 1358 3758 1411 ἐλθεῖν

2095 1429 2311 1495 ἀσεϐὲς,
2362 1432 2501 1487 ἀλλά
2547 1434 2609 1488 τὸ
2658 1438 3069 1509 καταφρονῆσαι
3119 1441 3257 1510 μετὰ
3292 1441 3351 1495 τὸ
3378 1441 3570 1498 ἐλθεῖν.
3614 1445 3691 1498 Δι’
3729 1445 3757 1498 ὁ

2094 1516 2329 1584 ὀφείλεις
2380 1523 2669 1592 μεριμνᾷν,
2729 1523 2852 1577 εἰπέ
2909 1541 3038 1595 μοι,
3078 1527 3294 1597 μᾶλλον
3349 1533 3754 1601 καταφρονεῖς;

2097 1603 2401 1677 Τραύματα
2425 1608 2662 1663 τοσαῦτα
2704 1609 2866 1681 ἔχων,
2909 1613 3204 1681 ἀνέπεσες;
3251 1615 3416 1670 Οὐδέν
3442 1616 3557 1671 ἐστι
3580 1617 3758 1688 ψυχῆς

2094 1691 2313 1747 ἀνίατον
2346 1693 2566 1765 τραῦμα
2594 1710 2608 1724 ’
2638 1696 2755 1750 ἀλλ’
2788 1699 2880 1751 ἐπὶ
2913 1699 3012 1770 μέν
3040 1698 3288 1772 σώματος
3317 1703 3487 1758 πολλά
3512 1705 3755 1770 τοιαῦτα,

2092 1779 2188 1832 ἐπὶ
2215 1778 2275 1832 δὲ
2299 1779 2402 1850 τῆς
2433 1781 2609 1853 ψυχῆς
2656 1783 2809 1837 οὐδέν
2837 1801 2851 1814 ·
2875 1786 2967 1839 καὶ
3001 1785 3141 1858 ὑπὲρ
3177 1788 3399 1843 ἐκείνων
3428 1790 3526 1860 μὲν
3559 1792 3621 1844 οὐ
3643 1791 3758 1844 δια-

2091 1866 2434 1940 λιμπάνομεν
2487 1871 2809 1943 κάμνοντες,
2862 1873 3003 1946 ὑπὲρ
3048 1875 3105 1929 δὲ
3150 1877 3355 1932 τούτων
3383 1879 3753 1951 ρᾳθυμοῦμεν.

2092 1954 2205 2024 Οὐχ
2228 1955 2363 2027 ὁρᾷς
2392 1956 2483 2010 τὸν
2516 1956 2719 2029 λῃστὴν
2738 1998 2753 2023 ,
2793 1958 2909 2024 πῶς
2941 1962 2999 2014 ἐν
3027 1961 3221 2034 βραχεῖ
3248 1964 3423 2036 χρόνῳ
3465 1965 3758 2036 κατώρθω-

2090 2057 2213 2106 σεν;
2242 2042 2342 2112 οὐχ
2378 2044 2511 2114 ὁρᾷς
2543 2044 2670 2108 τοὺς
2720 2046 3005 2118 μάρτυρας
3026 2087 3042 2113 ,
3084 2049 3202 2114 πῶς
3227 2051 3287 2104 ἐν
3325 2050 3518 2123 βραχεῖ
3550 2051 3612 2106 τὸ
3650 2055 3757 2107 πᾶν

2089 2130 2329 2200 ῆνυσαν;
2374 2130 2514 2184 Ἀλλ’
2538 2131 2637 2186 οὐκ
2676 2132 2824 2188 ἔστιν
2856 2134 2979 2205 ἄρτι
3011 2138 3312 2209 μαρτυρίου
3343 2140 3567 2211 καιρός;
3616 2141 3755 2193 Ἀλλ’

2034 2256 2039 2261 .
2088 2216 2315 2284 ἀγώνων
2340 2218 2455 2272 ἐστί
2481 2220 2673 2291 καιρὸς
2694 2259 2709 2284 ,
2740 2220 2768 2274 ὃ
2804 2221 3066 2288 πολλάκις
3092 2219 3245 2278 εἷπον
3268 2265 3283 2289 ,
3302 2227 3371 2280 εεί
3403 2226 3753 2297 βουλοίμεθα.

2092 2306 2156 2356 Οἱ
2185 2304 2293 2372 γὰρ
2315 2304 2613 2372 θέλοντες,
2642 2309 2828 2379 φησὶν,
2862 2309 3124 2376 εὐσεϐῶς
3166 2310 3271 2380 ζῆν
3294 2313 3365 2366 ἐν
3393 2312 3623 2382 Χριστῷ
3644 2315 3756 2383 ’1η-

2087 2390 2224 2457 σοῦ,
2246 2391 2703 2461 διωχθήσονται.
2731 2397 2793 2449 Οί
2823 2396 3064 2460 εὐσεϐῶς
3098 2397 3301 2463 ζῶντες
3329 2400 3416 2453 ἀεὶ
3443 2400 3753 2469 διώκονται,

2088 2475 2189 2531 κᾶν
2239 2476 2314 2549 μὴ
2363 2480 2512 2548 παρὰ
2554 2482 2856 2553 ἀνθρώπων
2876 2526 2892 2552 ,
2924 2484 3060 2540 ἀλλά
3093 2486 3246 2559 παρὰ
3275 2487 3566 2559 δαιμόνων,
3597 2489 3656 2552 ὃς
3687 2489 3753 2561 δὴ

2086 2565 2182 2619 καὶ
2206 2565 2589 2639 χαλεπώτερὸς
2617 2571 2733 2625 ἐστι
2759 2571 3020 2644 διωγμός.
3057 2575 3170 2628 Καὶ
3200 2574 3416 2647 πρῶτον
3457 2577 3548 2631 ὑπ’
3579 2578 3754 2647 αὐτῆς

2090 2652 2324 2723 μάλιστα
2337 2654 2437 2725 τῆς
2452 2655 2691 2720 ἀνέσεως
2711 2658 2900 2713 τοῦτον
2920 2660 3281 2732 ὑπομένουσιν
3306 2666 3352 2717 οἱ
3374 2664 3449 2735 μὴ
3469 2665 3751 2735 νήφοντες.

2089 2739 2161 2790 Ἢ
2190 2739 2386 2808 μικρὸν
2412 2739 2514 2793 οίει
2528 2740 2767 2811 διωγμὸν
2790 2743 2849 2798 τὸ
2872 2741 2928 2798 ἕν
2950 2746 3132 2799 ἀνέσει
3152 2743 3322 2814 sivetu;
3346 2747 3517 2801 Τοῦτο
3536 2748 3754 2803 πάντων

2085 2827 2203 2881 ἐστὶ⁸
2238 2827 2541 2900 βαρύτερον
2564 2869 2580 2894 ,
2629 2831 2787 2885 τοῦτο
2838 2833 2931 2886 καὶ
2976 2833 3220 2905 διωγμοῦ
3255 2837 3458 2906 χεῖρον.
3485 2836 3754 2909 Καθάπερ

2085 2912 2192 2985 γὰρ
2227 2910 2407 2986 ῥεῦμα
2434 2917 2692 2990 ἐπιρρέον
2729 2918 2762 2989 η
2801 2916 2986 2982 ἄνεσις
3020 2922 3210 2990 χαυνοῖ
3235 2921 3335 2992 τὴν
3381 2921 3559 2994 ψυχήν
3602 2940 3616 2957 ο
3661 2925 3753 2978 καὶ

2085 3001 2222 3074 ὅπερ
2253 2998 2371 3056 ἐστὶ
2399 3002 2552 3075 θέρος
2585 3005 2679 3059 καὶ
2714 3004 2944 3077 χειμὼν,
2973 3006 3128 3061 τοῦτο
3156 3007 3395 3078 διωγμὸς
3429 3010 3522 3063 καὶ
3546 3010 3749 3075 ἄνεσις.

2087 3089 2205 3151 Ἵνα
2229 3090 2285 3144 δὲ
2322 3092 2500 3163 μάθῃς
2524 3093 2588 3147 ἐκ
2619 3094 2955 3165 περιουσίας,
2984 3095 3066 3149 ὅτι
3097 3095 3295 3167 χείρων
3321 3092 3478 3161 οὗτος
3515 3100 3543 3152 6
3590 3098 3752 3166 διωγ⁴

2088 3177 2186 3249 μὸς
2206 3190 2253 3243 θ,
2271 3180 2463 3234 σκόπει
2484 3180 2967 3237 ἐντεῦθεν.“Υπνον
2994 3187 3223 3255 καταχεῖ
3246 3187 3311 3257 τῇ
3335 3185 3502 3258 ψυχῇ,
3529 3187 3750 3257 χάσμην

2083 3267 2286 3339 πολλὴν
2319 3269 2416 3322 καὶ
2446 3268 2717 3341 ρᾳθυμίαν
2743 3272 2993 3343 ἐμποιεῖ,
3027 3270 3097 3325 τὰ
3135 3272 3282 3343 πάθη
3319 3273 3577 3344 διεγείρει
3615 3275 3749 3328 πάν-

2081 3355 2258 3421 τοθεν,
2299 3355 2508 3422 ὁπλίζει
2544 3357 2733 3426 τῦφον,
2780 3357 2990 3423 ὁπλίζει
3034 3359 3250 3431 ἡδονὴν,
3299 3361 3511 3425 ὁπλίζει
3554 3361 3747 3432 θυμὸν,

2084 3441 2398 3512 βασκανίαν,
2434 3443 2762 3511 κενοδοξίαν,
2791 3444 2973 3516 ζῆλον.
3015 3445 3155 3500 Ἀλλ’
3184 3448 3242 3501 ἐν
3284 3447 3510 3519 διωγμῷ
3543 3448 3748 3503 τούτων

2085 3530 2236 3585 οὐδὲν
2274 3530 2510 3602 ἐνοχλεῖν
2538 3530 2763 3585 δύναται
2786 3548 2802 3566 ’
2827 3532 2944 3586 ἀλλ’
2976 3534 3004 3585 6
3031 3533 3195 3603 φόϐος
3221 3534 3550 3591 ἐπεισελθὼν
3581 3536 3747 3591 καθά-

2082 3635 2189 3689 περ
2212 3620 2319 3673 τινὶ
2343 3618 2565 3691 μάστιγι
2595 3618 2798 3690 σφόδρα
2816 3618 2952 3674 κύνα
2975 3620 3306 3675 ὑλακτοῦντα
3332 3621 3559 3695 πλήξας,
3574 3623 3745 3679 ταῦτα

2083 3707 2261 3761 πάντα
2285 3706 2353 3759 τὰ
2380 3704 2527 3777 πάθη
2555 3707 2676 3761 οὐδὲ
2704 3705 2900 3776 γρῦξαι
2922 3709 3005 3779 ἐᾷ.
3035 3705 3190 3781 [I97]
3211 3710 3304 3775 Τίς
3330 3712 3388 3764 ἐν
3409 3710 3634 3782 διωγμῷ
3650 3729 3744 3765 κε-

2085 3787 2369 3860 νοδοξῆσαι
2408 3789 2628 3844 δύναται
2652 3806 2666 3855 ;
2698 3789 2784 3855 τίς
2805 3793 2864 3844 ἐν
2883 3790 3040 3863 ἡδονῇ
3063 3791 3351 3861 γενέσθαι;
3379 3793 3586 3857 Οὐδείς
3610 3793 3744 3847 ἀλλὰ

2081 3872 2280 3943 τρόμος
2304 3873 2471 3936 πολὺς
2500 3873 2593 3927 καὶ
2622 3873 2807 3943 φόϐος,
2853 3873 3055 3946 πολλὴν
3096 3875 3196 3946 τὴν
3237 3875 3482 3948 γαλήνην
3511 3876 3743 3946 ἐργαζό-

2085 3974 2266 4029 μενος,
2316 3958 2490 4013 εὗδιον
2540 3960 2633 4014 τὸν
2686 3960 2881 4032 λιμένα
2929 3962 3364 4033 παρασκευάζων
3389 4004 3404 4030 ,
3440 3962 3538 4034 τὴν
3566 3962 3742 4034 ψυχὴν

2082 4041 2284 4115 εὐλαϐῆ
2328 4044 2527 4102 ποιῶν.·
2569 4045 2817 4100 ΙΊΙκουσά
2860 4063 2991 4100 ποτε
3035 4047 3284 4121 πατέρων
3321 4046 3432 4099 τῶν
3460 4047 3742 4117 ἡμετέρων

2080 4129 2346 4199 λεγόντων
2376 4133 2482 4201 (ἐφ’
2511 4132 2669 4203 ἡμῶν
2714 4133 2825 4203 γὰρ
2867 4133 2941 4204 μὴ
2983 4133 3194 4201 γένοιτο
3220 4152 3233 4164 ·
3267 4132 3599 4203 κελευόμεθα
3637 4133 3740 4203 γὰρ

2082 4215 2159 4287 μὴ
2189 4219 2359 4271 αἰτεῖν
2382 4219 2730 4291 πειρασμὸν),
2750 4221 2831 4274 ὅτι
2852 4220 2993 4273 κατὰ
3017 4220 3106 4273 τὸν
3133 4220 3371 4289 διωγμὸν
3400 4219 3491 4273 τὸν
3517 4219 3739 4273 παλαιὸν

2078 4298 2146 4373 ἦν
2172 4304 2298 4357 ίδεῖν
2317 4303 2485 4367 ὄντως
2513 4306 2873 4377 Χριστιανοὺς
2909 4305 3127 4375 ἄνδρας.
3166 4305 3354 4368 Οὐδεὶς
3385 4304 3491 4376 γάρ
3521 4306 3737 4376 χρημάσ

2077 4408 2187 4445 των
2214 4375 2752 4466 ἐφρόντιζενίούδεὶς
2786 4384 3066 4459 γυναικὸς,
3103 4390 3277 4454 οὐδεὶς
3322 4392 3542 4457 παίδων,
3563 4375 3738 4458 οὐδεὶς

2078 4478 2276 4544 οἰκίας,
2305 4478 2480 4543 οὐδεὶς
2500 4478 2757 4549 πατρίδος
2780 4494 2795 4509 ·
2837 4477 2938 4548 μία
2966 4479 3132 4533 πᾶσιν
3157 4473 3225 4550 ἦν
3251 4479 3455 4551 σπουδὴ
3478 4519 3492 4543 ,
3519 4480 3616 4551 τὴν
3643 4480 3738 4551 ψυ-

2078 4567 2179 4639 χὴν
2218 4566 2520 4639 περισῶσαι
2546 4566 2775 4620 ἑαυτῶν.
2823 4566 2885 4619 Ol
2912 4565 3012 4638 μὲν
3034 4566 3093 4619 ἐν
3125 4568 3370 4639 μνήμασι
3405 4566 3498 4620 καὶ
3530 4567 3740 4635 τάφοις,

2077 4653 2215 4707 οἱδέ
2261 4654 2319 4707 ἐν
2358 4653 2618 4724 ἐρημίαις
2668 4652 3023 4723 ἐκρύπτοντο.
3081 4653 3156 4706 Οὐ
3212 4653 3371 4724 μόνον
3421 4653 3477 4706 δὲ
3530 4652 3742 4723 ἄνδρες,

2076 4741 2210 4795 ἀλλὰ
2241 4740 2259 4779 ί
2294 4741 2387 4795 καὶ
2419 4742 2675 4810 γυναῖκες
2708 4740 2913 4795 άπαλαὶ
2961 4741 3052 4795 καὶ
3102 4740 3371 4811 τρυφεραὶ
3409 4739 3529 4795 τότε
3576 4739 3728 4811 ἐκρύ-

2077 4845 2290 4893 πτοντο,
2325 4828 2563 4899 διηνεκεῖ
2590 4827 2895 4899 μαχόμεναι
2935 4826 3101 4899 λιμῷ.
3137 4827 3415 4897 Ἐννόησον
3433 4823 3547 4894 οὖν,
3587 4826 3741 4890 εἴτις

2075 4916 2445 4986 πολυτελείας,
2498 4918 2551 4970 εἴ
2589 4935 2674 4981 τις
2714 4918 2926 4989 τρυφῆς
2971 4917 3294 4987 ἐπεισῆλθεν
3322 4916 3387 4971 ἄν
3414 4935 3541 4971 ποτε
3579 4915 3740 4980 πόθος

2074 5007 2295 5074 γυναικὶ
2312 5007 2464 5072 παρά
2491 5005 2721 5078 λάρνακι
2744 5005 3097 5076 κρυπτομένῃ
3125 5004 3220 5058 καὶ
3247 5003 3617 5076 περιμενούσῃ
3641 5004 3741 5077 τὴν

2075 5092 2453 5165 θεραπαινίδα,
2488 5093 2635 5155 ὅπως
2661 5090 2792 5167 ἔλθῃ
2816 5090 3123 5163 κομίζουσα
3147 5091 3390 5156 δεῖπνον,
3423 5092 3516 5145 καὶ
3545 5091 3741 5162 φοϐου-

2078 5180 2234 5251 μὲνῃ,
2282 5181 2356 5251 μή
2402 5197 2517 5243 πως
2559 5179 2702 5250 ἁλῷ,
2746 5179 2840 5234 καὶ
2867 5178 3119 5250 καθάπερ
3148 5179 3205 5235 ἐν
3234 5178 3450 5250 καμίνῳ
3480 5178 3558 5250 τῷ
3581 5179 3739 5251 τάφῳ

2075 5268 2301 5340 κειμένῃ
2330 5284 2343 5298 ·
2376 5264 2488 5339 ἆρα
2513 5267 2621 5339 γὰρ
2650 5267 3034 5339 ἐνθυμήσεται,
3065 5267 3145 5320 ὅτι
3166 5267 3358 5337 γέγονέ
3388 5284 3517 5319 ποτε
3534 5269 3736 5340 τρυφὴ,

2073 5357 2155 5408 ὅτι
2204 5356 2406 5426 κόσμος
2450 5355 2585 5420 ὅλως
2628 5357 2809 5424 ἐστίν;
2850 5356 3013 5427 Ὀρᾷς
3060 5356 3143 5409 ὅτι
3182 5354 3276 5408 νῦν
3317 5356 3435 5407 ἐστι
3471 5355 3672 5424 μᾶλλον
3703 5357 3732 5408 6

2073 5443 2330 5514 διωγμὸς.
2382 5443 2632 5516 καθάπερ
2688 5442 2892 5514 θηρίων
2941 5441 3050 5498 τῶν
3113 5440 3300 5495 παθῶν
3343 5442 3738 5515 ἐπιτιθεμένων

2075 5534 2203 5604 ἡμῖν
2243 5530 2545 5597 πάντοθεν;
2598 5529 2710 5584 Νῦν
2749 5532 2895 5584 ἐστιν
2940 5533 2968 5584 6
3015 5529 3248 5599 χαλεπὸς
3274 5528 3531 5600 διωγμὸς,
3560 5530 3734 5605 ταύτῃ

2073 5638 2154 5687 τε,
2183 5621 2277 5673 καὶ
2321 5619 2402 5673 ὅτι
2439 5618 2561 5672 οὐδὲ
2587 5616 2864 5689 νομίζεται
2885 5612 3024 5672 εἶναι
3048 5616 3306 5686 διωγμὸς.
3343 5618 3452 5671 Καὶ
3496 5620 3603 5690 γὰρ
3640 5625 3736 5676 καὶ

2073 5707 2232 5760 τοῦτο
2254 5705 2367 5776 ἔχει
2395 5706 2455 5759 τὸ
2482 5706 2714 5776 χαλεπὸν
2745 5699 2896 5768 οὗτος
2924 5706 2952 5757 6
2978 5702 3234 5773 πόλεμος,
3269 5703 3328 5767 ὃς
3359 5706 3547 5777 εἰρήνη
3580 5709 3738 5779 νομί.

2075 5795 2251 5861 ζεται,
2289 5796 2378 5850 ἵνα
2412 5796 2486 5866 μὴ
2513 5793 2860 5864 ὁπλιζώμεθα
2896 5789 3015 5845 κατ’
3051 5790 3239 5855 αὑτοῦ,
3272 5793 3405 5864 μηδέ
3433 5794 3733 5848 διαναστῶ-

2136 5882 2162 5923 δ
2200 5885 2317 5939 Alii,
2339 5885 2495 5933 οὐκέτι
2523 5882 2761 5946 σωτηρίαν
2785 5883 2900 5944 ἔχει,
2932 5882 3040 5930 οὐδὲ
3069 5880 3270 5935 ἐλπίδας.
3292 5939 3307 5946 _
3347 5893 3381 5917 ει
3411 5881 3527 5937 Alii,
3559 5884 3633 5929 ἵνα
3680 5885 3734 5930 δὲ

2074 5946 2181 6006 ὑμῖν
2222 5947 2376 6000 δείξω,
2419 5948 2490 5994 ὅτι
2532 5939 2680 5999 οὕτως
2716 5939 2884 6006 χείρων
2918 5947 2942 5991 ὁ
2988 5945 3206 6004 διωγμὸς.
3289 5939 3307 5975 ¹’
3333 5946 3464 6005 Ila-0,
3508 5946 3560 5992 οὐ
3587 5948 3724 6005 μονον

2085 6027 2136 6064 οε
2156 6015 2333 6074 ἄνδοες,
2357 6016 2493 6074 ἀλλὰ,
2517 6015 2698 6066 desunt
2724 6014 2773 6064 in
2799 6027 2894 6065 uno
2923 6016 3028 6065 cod.
