4084 6174
360 310 460 365 189

360 436 492 493 μεν·
516 418 690 484 οὐδεὶς
724 419 960 473 δέδοικεν
980 458 994 483 ,
1034 417 1211 483 οὐδεὶς
1255 419 1471 490 τρέμει.
1507 421 1570 473 Εἰ
1603 419 1661 472 δέ
1688 412 1970 472 ἀπιστεῖτε
1998 454 2014 480 ,

354 511 482 573 τοὺς
505 509 769 578 ’Έλληνας
792 507 1125 579 ἐρωτήσατε,
1150 508 1279 572 τοὺς
1305 506 1617 570 διώκοντας,
1654 507 1784 559 πότε
1816 505 1884 559 τὰ
1907 505 2017 559 τῶν

356 596 697 669 Χριστιανῶν
718 594 1104 667 ἀκριϐέστερα,
1134 595 1265 649 πότε
1292 592 1898 666 δοκιμώτεροιπάντες;
1921 594 2015 656 Εἰς

355 686 535 754 ὀλίγον
574 683 674 755 μὲν
715 684 1089 754 περιειστήκει
1120 682 1242 736 τότε
1278 682 1339 736 τὸ
1378 682 1579 753 πλῆθος
1613 697 1624 710 ·
1657 683 1738 745 εἰς
1764 680 1930 735 πολὺν
1962 681 2020 734 δὲ

355 773 557 844 ἀρετῆς
585 770 814 824 πλοῦτον
844 767 934 843 ῆν.
954 771 1019 823 Τί
1039 770 1147 841 γάρ
1172 770 1381 841 ὄφελος,
1405 770 1525 823 εἰπέ
1555 787 1666 840 μοι,
1690 769 1859 823 πολὺν
1882 763 2023 822 εἶναι

355 858 568 930 χόρτον,
603 858 777 929 παρὸν
804 857 982 921 λίθους
1007 853 1150 912 εἶναι
1178 857 1395 929 τιμίους
1419 870 1474 921 α;
1496 859 1610 911 Οὐκ
1644 858 1701 910 ἐν
1722 856 1801 926 τῷ
1826 855 2019 927 πλήθει

355 946 449 1000 τοῦ
478 946 738 1017 ἀριθμοῦ,
774 945 888 999 ἀλλ’
917 946 977 998 ἐν
1004 948 1069 1017 τῇ
1096 944 1410 1016 δοκιμόιι-ητι
1438 947 1537 1016 τῆς
1569 946 1767 1017 ἀρετῆς
1789 946 1851 999 τὸ
1878 944 2022 1015 πλῆ-

357 1033 449 1098 θός
472 1033 640 1087 ἐστιν.
674 1034 733 1086 ὐ
765 1032 950 1097 Ἠλίας
976 1029 1058 1096 εἷς
1085 1028 1152 1105 ἦν
1178 1050 1191 1064 ·
1222 1033 1379 1088 ἀλλ’ὁ
1405 1033 1608 1103 κόσμος
1640 1032 1740 1085 οὐκ
1761 1028 1829 1103 ἧν
1856 1032 2021 1085 αὐτοῦ

356 1119 629 1186 ἀντάξιος.
665 1119 778 1175 Καὶ
812 1118 919 1192 μὴν
957 1122 985 1172 6
1020 1120 1224 1191 κόσμος
1255 1119 1516 1191 μυριάδες
1559 1119 1698 1172 εἰσίν
1720 1135 1735 1150 ο
1773 1117 1887 1172 ἀλλ’
1919 1117 2021 1171 οὐκ

357 1208 465 1261 εἰσὶ
486 1206 764 1279 μυριάδες,
780 1208 906 1261 ὅταν
925 1207 1057 1278 μηδέ
1072 1207 1208 1278 πρὸς
1228 1207 1319 1261 τὸν
1339 1207 1437 1261 ἕνα
1466 1206 1748 1271 ἐξισῶνται
1769 1248 1780 1260 .
1815 1206 2019 1273 Κρείσ-

359 1310 489 1350 σων
514 1295 541 1336 δ
568 1293 656 1361 εἷς
679 1294 867 1351 ποιῶν
890 1298 954 1349 τὸ
983 1296 1213 1365 θέλημα
1239 1296 1488 1364 Κυρίου,
1526 1296 1565 1364 ἢ
1597 1296 1796 1365 μύριοι
1830 1295 2018 1363 παρά-

359 1399 549 1452 νομοι.
567 1382 738 1438 Τοῦτο
758 1385 852 1437 καί
867 1401 950 1447 τις
971 1384 1135 1454 σοφὸς
1161 1385 1532 1455 αἰνιττόμενος
1556 1383 1699 1438 οὕτω
1725 1381 1840 1448 πώς
1863 1397 2017 1452 φησι·

356 1471 454 1539 Μὴ
486 1470 757 1541 ἐπιθύμει
796 1470 1031 1540 πλῆθος
1078 1472 1305 1526 τέκνων
1346 1472 1686 1540 ἀχρήστων.
1739 1465 1898 1525 Οὗτοι
1927 1470 2021 1522 καὶ

361 1559 708 1630 βλασφημίαν
736 1558 1151 1630 προστρίϐονται
1175 1559 1253 1631 τῷ
1277 1559 1397 1632 Θεῷ
1425 1561 1644 1631 μᾶλλον,
1661 1559 1695 1630 ἢ
1714 1562 1762 1613 εἰ
1787 1558 1862 1630 μὴ
1880 1553 2019 1630 ἦσαν

358 1647 693 1717 Χριστιανοί.
722 1646 787 1700 Τί
819 1664 909 1717 μοι
933 1646 1012 1700 δεῖ
1032 1647 1295 1718 πλήθους;
1323 1649 1508 1720 Τροφὴ
1536 1646 1736 1701 πλείων
1762 1646 1840 1718 τῷ
1863 1646 2016 1718 πυρί.

358 1731 530 1788 Τοῦτο
558 1735 653 1787 καί
682 1735 746 1788 ἐκ
773 1733 868 1788 τοῦ
900 1733 1150 1805 σώματος
1173 1735 1360 1805 γνοίης
1386 1736 1480 1800 ἂν,
1508 1737 1588 1790 ὅτι
1621 1735 1843 1806 βελτίων
1883 1735 2022 1806 σύμ-

361 1837 559 1891 μετρος
582 1823 754 1893 τροφὴ
789 1823 929 1893 μετά
961 1824 1169 1892 ὑγιείας
1189 1866 1203 1891 ,
1235 1824 1268 1896 ἢ
1301 1824 1481 1895 τρυφὴ
1527 1825 1665 1894 μετά
1702 1824 2016 1887 κακώσεως.

357 1905 506 1975 Αὕτη
545 1908 748 1962 πλείων
771 1910 987 1982 ἐκείνης
1015 1911 1049 1981 ή
1077 1912 1249 1982 τροφή
1278 1928 1292 1942 ο
1319 1910 1479 1965 τοῦτο
1502 1910 1697 1980 τροφὴ,
1737 1912 1913 1964 ἐκεῖνο
1932 1910 2020 1963 v6-

358 2010 472 2058 σος.
507 1994 678 2050 Τοῦτο
727 1997 820 2050 καὶ
868 1998 929 2050 ἐν
974 1997 1198 2069 πολέμῳ
1246 1997 1344 2054 ἴδοι
1388 2015 1473 2061 τις
1529 1998 1617 2064 ἂν,
1649 1997 1857 2069 βέλτιον
1882 1993 2020 2051 εἶναι

356 2082 493 2136 δέκα
518 2083 814 2156 ἐμπείρους
852 2085 947 2138 καὶ
975 2086 1256 2154 γενναίους
1281 2084 1502 2156 ἄνδρας,
1540 2085 1574 2156 ἢ
1613 2084 1837 2157 μυρίους
1863 2086 2022 2140 ἀπείη

362 2186 507 2239 ρους.
537 2165 697 2225 Οὗτοι
736 2172 869 2243 πρὸς
889 2172 966 2243 τῷ
992 2173 1159 2243 μηδὲν
1191 2172 1528 2245 ἐργάσασθαι
1563 2174 1658 2228 καὶ
1694 2173 1820 2237 τοὺς
1850 2174 2020 2247 ἐργα-

358 2256 618 2326 ζομένους
642 2260 992 2326 ἐγκόπτουσι.
1011 2260 1182 2314 Τοῦτο
1201 2260 1295 2314 καί
1324 2260 1416 2315 ἐπὶ
1447 2261 1629 2315 πλοίου
1658 2260 1807 2333 εὖροι
1826 2278 1911 2323 τις
1931 2260 2018 2326 ἂν,

360 2341 571 2410 βέλτιον
603 2339 743 2398 εἶναι
770 2345 864 2399 δύο
898 2344 1099 2409 ναύτας
1142 2347 1462 2418 ἐμπείρους,
1506 2348 1539 2420 ἢ
1587 2347 1778 2420 μυρίον
1816 2346 2021 2418 πλῆθος

358 2431 603 2503 ἀπείρων
628 2447 640 2460 ·
666 2425 812 2485 οῦτοι
840 2431 950 2504 γὰρ
979 2432 1041 2486 τὸ
1073 2432 1255 2488 πλοῖον
1282 2436 1376 2488 καὶ
1408 2435 1796 2490 καταδύσουσι.

433 2517 496 2573 δ’.
526 2518 715 2573 Ταῦτα
735 2519 898 2587 λέγω,
922 2520 1043 2590 οὐχί
1076 2520 1214 2592 πρὸς
1244 2521 1305 2575 τὸ
1339 2521 1538 2593 πλῆθος
1576 2523 1731 2595 ὑμῶν
1767 2522 2020 2594 ἀπεχθῶς

360 2602 521 2674 ἔχων,
551 2603 690 2658 ἀλλά
721 2604 1040 2676 βουλόμενος
1068 2609 1279 2672 πάντας
1317 2604 1457 2663 εἶναι
1484 2609 1740 2680 δοκίμους
1761 2650 1776 2675 ,
1816 2610 1910 2664 καὶ
1946 2611 2021 2683 μὴ

356 2690 436 2761 τῷ
466 2690 664 2763 πλήθει
686 2690 928 2763 θαρρεῖν.
955 2692 1104 2767 [198]
1129 2695 1314 2767 Πολλῷ
1335 2695 1552 2761 πλείους
1568 2697 1705 2750 είσίν
1725 2697 1775 2750 οἰ
1818 2698 1899 2761 εἰς
1923 2696 2023 2770 τὴν

356 2778 582 2847 γέενναν
608 2780 867 2846 εἰσιόντες
888 2799 901 2813 ⁸
924 2782 1060 2836 ἀλλά
1095 2781 1297 2853 μείζων
1327 2785 1498 2856 αὐτῆς
1524 2786 1671 2839 ἐστιν
1694 2787 1727 2856 ἡ
1754 2785 2019 2856 βασιλεία,

358 2866 464 2922 κᾶν
483 2868 696 2937 ὀλίγους
727 2869 847 2942 ἔχῃ.
891 2871 979 2934 Ὣς
1002 2873 1035 2940 ἡ
1068 2871 1252 2943 ἄμμος
1276 2874 1376 2946 τῆς
1407 2873 1680 2945 θαλάσσης
1707 2871 1776 2947 ἦν
1803 2874 1864 2928 τὸ
1885 2876 2021 2946 πλῆ⁴

357 2956 450 3019 θος
472 2954 567 3010 τοῦ
597 2956 751 3021 λαοῦ,
782 2957 897 3011 ἀλλ’
924 2953 1005 3021 εἷς
1034 2958 1236 3013 ἔσωσεν
1260 2955 1588 3024 αὐτούς.Εἴς
1616 2957 1683 3032 ἦν
1710 2964 1738 3014 6
1757 2963 2019 3033 Μωῦσῆς,

357 3044 451 3095 x61
475 3043 693 3097 πάντων
725 3043 949 3115 μείζονα
976 3045 1194 3115 ἴσχυσεν
1217 3063 1232 3077 ο
1252 3041 1334 3109 εἷς
1361 3043 1431 3117 ἦν
1456 3049 1485 3100 6
1523 3047 1749 3118 Ἰησοῦς,
1786 3047 1881 3101 καί
1912 3050 2022 3101 τῶν

359 3129 661 3193 ἑξακοσίων
691 3129 945 3200 χιλιάδων
980 3130 1139 3184 πλέον
1161 3131 1423 3203 ἠδυνήθη.
1473 3132 1565 3205 Μὴ
1596 3133 1754 3187 τοῦτο
1791 3134 2023 3189 σπουδά-

358 3217 563 3289 ζωμεν,
595 3219 744 3282 ὅπως
775 3220 962 3274 πολλοὶ
1005 3219 1246 3290 γένοιντο
1283 3221 1462 3292 μόνον,
1514 3221 1652 3275 6116
1675 3223 1781 3294 πρὸ
1805 3224 2020 3291 τούτου,

358 3306 510 3370 ὅπως
546 3304 760 3378 δόκιμοι
791 3323 805 3336 ·
838 3308 967 3363 ὅταν
989 3309 1148 3363 τοῦτο
1174 3310 1616 3383 κατασκευασθῇ,
1643 3312 1765 3365 τότε
1782 3313 2020 3367 κάκεῖνο.

360 3393 547 3458 Οὐδεὶς
572 3395 751 3450 οίκίαν
772 3395 1082 3468 εὐρύχωρον
1109 3398 1324 3469 πρῶτον
1346 3397 1593 3469 βούλεται
1616 3401 1860 3473 ποιῆσαι,
1888 3403 2024 3457 ἀλλὰ

359 3482 576 3554 πρῶτον
612 3484 838 3556 ἰσχυράν
869 3486 964 3539 καὶ
990 3485 1234 3558 δόκιμον,
1276 3489 1372 3542 καὶ
1393 3489 1515 3542 τότε
1550 3489 1861 3562 εὐρύχωρον
1886 3509 1899 3523 ·
1930 3492 2022 3546 οὐ·

359 3570 472 3634 δεὶς
502 3570 685 3641 βάλλει
714 3571 939 3643 θεμέλια
970 3585 1020 3640 ο,
1048 3575 1135 3629 ἵνα
1161 3576 1563 3649 καταγελασθῇ.
1611 3578 1836 3651 Πρῶτον
1867 3579 2024 3634 τοῦτο

361 3657 639 3729 ζητῶμεν,
668 3659 763 3713 καὶ
795 3661 917 3713 τότε
945 3663 1141 3716 ἐκεῖνο.
1187 3664 1391 3717 Τούτου
1433 3665 1604 3729 ὄντος,
1652 3664 1876 3721 εὔκολον
1920 3669 2022 3722 κά-

361 3747 511 3798 κεῖνο
542 3747 695 3799 ἐσται
721 3764 735 3777 °
762 3748 974 3801 ἐκείνου
1007 3749 1064 3802 δὲ
1093 3750 1194 3804 οὐκ
1218 3749 1401 3816 ὄντος,
1441 3752 1601 3806 τοῦτο
1642 3754 1748 3808 κᾶν
1778 3749 1836 3828 ᾗ,
1869 3756 2024 3810 οὐδὲν

361 3833 577 3904 ὖφελος.
615 3835 824 3893 Ὄντων
866 3836 966 3906 μὲν
1004 3837 1113 3908 γάρ
1153 3838 1263 3893 τῶν
1293 3840 1604 3911 δυναμένων
1629 3843 1688 3895 ἐν
1722 3843 2024 3916 Ἐκκλησία

359 3920 596 3992 λάμψαι,
624 3922 832 3993 ταχέως
851 3923 1001 3979 ἔσται
1035 3926 1131 3979 καὶ
1156 3926 1606 3998 πλῆθοςοτούτων
1630 3929 1684 3982 δὲ
1709 3931 1811 3985 οὐκ
1830 3930 2019 3998 ὄντων,

360 4010 420 4062 :6
451 4007 655 4077 πλῆθος
684 4009 938 4065 οὐδέποτε
965 4012 1119 4066 ἔσται
1150 4013 1392 4084 δόκιμον.

430 4097 642 4162 Πόσους
668 4098 847 4153 οίεσθε
876 4101 933 4153 ἐν
961 4103 1025 4172 τῇ
1058 4101 1209 4155 πόλει
1236 4105 1302 4175 τῇ
1330 4104 1579 4177 ἡμετέρα
1610 4100 1747 4161 εἶναι
1774 4109 1897 4172 τοὺς
1920 4125 2024 4162 σω-

359 4185 650 4257 ζομένους
701 4188 969 4260 Ἐπαχθές
999 4189 1097 4262 μέν
1124 4193 1293 4257 ἐστιν,
1324 4192 1352 4245 6
1381 4192 1559 4264 μέλλω
1587 4193 1767 4263 λέγειν
1790 4212 1804 4227 ·
1834 4197 1944 4270 ἐρῶ
1966 4197 2023 4250 δέ

357 4276 527 4345 ὅμως.
568 4277 682 4330 Οὐκ
721 4276 871 4332 ἐστιν
912 4279 972 4331 ἐν
1007 4278 1301 4345 τοσαύταις
1329 4282 1588 4353 μυριάσιν
1618 4284 1812 4338 ἑκατὸν
1841 4285 2022 4357 εὑρεῖν

356 4365 484 4426 τοὺς
521 4362 863 4434 σωζομένους
888 4383 902 4398 ⁸
925 4366 1061 4421 ἀλλά
1102 4367 1197 4422 καί
1237 4369 1378 4443 ὑπὲρ
1422 4370 1625 4426 τούτων
1665 4373 2018 4445 ἀμφισϐητῶ.

356 4451 502 4522 Πόση
530 4451 659 4524 γὰρ,
689 4452 813 4505 εἰπέ
846 4452 955 4524 μοί,
992 4455 1160 4510 κακία
1186 4457 1245 4510 ἐν
1269 4460 1382 4522 τοῖς
1401 4458 1570 4525 νέοις;
1609 4461 1746 4532 πόση
1779 4461 2023 4532 ῥᾳθυμία

355 4541 415 4591 ἐν
446 4541 561 4602 τοῖς
599 4541 1007 4611 γεγηρακόσιν;
1046 4543 1237 4608 Οὐδεὶς
1283 4545 1358 4607 ὡς
1399 4546 1505 4616 χρὴ
1548 4548 1863 4617 ἐπιμέλειαν
1906 4548 2022 4619 ἔχει

352 4627 448 4681 τοῦ
473 4625 660 4690 παιδὸς
692 4627 786 4680 τοῦ
816 4628 1009 4681 ἐαυτοῦ
1036 4646 1051 4659 ³
1078 4630 1254 4693 οὐδεὶς
1282 4631 1395 4701 ἔχει
1427 4632 1586 4703 ζῆλον
1617 4635 1753 4705 πρὸς
1778 4636 2020 4706 πρεσϐύ-

353 4731 456 4785 την
506 4712 630 4767 ἰδὼν
677 4715 1040 4791 μιμήσασθαι.
1092 4716 1174 4770 Τά
1230 4719 1515 4788 ἀρχέτυπα
1571 4722 2020 4790 ὴφάνισται’διά

353 4802 516 4857 τοῦτο
556 4801 677 4855 οὐδὲ
722 4804 770 4856 οἰ
807 4802 919 4858 νέοι
964 4804 1202 4872 γίνονται
1244 4805 1566 4876 θαυμαστοί.
1600 4810 1689 4881 Μή
1723 4826 1815 4879 μοι
1844 4813 2022 4867 ἐκεῖνο

353 4891 502 4958 λέγε,
543 4891 626 4943 6::
652 4889 1084 4962 Πολυοχλοῦμεν.
1108 4892 1281 4946 Τοῦτο
1310 4893 1534 4966 ψυχρῶν
1558 4896 1654 4951 ἀνθ
1663 4897 1864 4969 ρώπων
1878 4902 2017 4955 ἐστί⁹

354 4980 451 5033 καὶ
484 4978 578 5032 ἐπὶ
613 4978 715 5046 μὲν
748 4977 1053 5050 ἀνθρώπων
1080 4980 1306 5045 εἰκότως
1333 4982 1399 5036 ἀν
1418 4982 1575 5037 τοῦτο
1597 4984 1828 5054 λέγοιτο,
1854 4989 1947 5042 ἐπὶ
1964 4990 2021 5044 δέ

354 5064 491 5117 Θεοῦ
525 5064 623 5117 τοῦ
652 5064 713 5117 οὐ
743 5064 1000 5136 δεομένου
1032 5066 1208 5137 ήμῶν,
1249 5068 1349 5121 οὐκ
1376 5068 1477 5124 ἔτι.
1515 5072 1636 5126 Ὅτι
1679 5074 1735 5127 δὲ
1771 5077 1866 5130 καῖ⁵
1904 5078 2022 5133 ἐκεῖ

353 5151 563 5224 ψυχρόν
600 5154 715 5206 ἐστι
747 5153 809 5206 τὸ
846 5154 1017 5224 ῥῆμα,
1058 5155 1310 5211 ἄκουσον.
1365 5157 1424 5212 '0
1460 5159 1686 5224 πολλοὺς
1710 5161 1849 5233 ἔχων
1874 5168 2020 5221 οἰκέ-

353 5256 475 5303 τας,
516 5239 583 5295 ἀν
611 5239 1038 5313 διεφθαρμένους
1068 5242 1266 5307 αὐτοὺς
1298 5243 1418 5318 ἔχῃ,
1451 5245 1550 5298 ὅσα
1575 5247 1820 5304 πείσεται
1840 5252 2016 5308 δειναί

356 5329 465 5381 Καὶ
496 5331 588 5384 ἐπὶ
629 5332 727 5401 μὲν
765 5329 860 5383 τοῦ
908 5330 1114 5401 μηδένα
1151 5332 1365 5403 ἔχοντος
1412 5332 1571 5388 τοῦτο
1606 5336 1754 5391 δοκεῖ
1781 5335 2018 5396 εἶναιτὸ

353 5414 546 5482 δεινὸν,
578 5418 661 5471 ὅτι
688 5420 787 5489 οὐχ
822 5419 1177 5489 ὐπηρετείται
1202 5436 1216 5450 ·
1262 5421 1355 5474 ἐπὶ
1385 5421 1441 5474 δὲ
1471 5422 1566 5476 τοῦ
1596 5427 1719 5489 τούς
1751 5431 2017 5498 πονηροὶς

357 5502 591 5572 ἔχοντος,
648 5509 741 5559 καὶ
787 5507 978 5560 ἑαυτὸν
1028 5508 1437 5579 προσαπόλλυσι
1490 5512 1610 5580 μετ’
1645 5513 1890 5579 ἐκείνων,
1927 5518 2020 5570 καὶ¹

362 5590 564 5656 μείζων
594 5594 626 5661 ἡ
654 5592 847 5663 ζημία.
882 5594 988 5649 Τοῦ
1019 5596 1127 5667 γάρ
1157 5595 1336 5666 ἑαυτῷ
1363 5596 1630 5653 διακονεῖν
1664 5600 1843 5671 πολλῷ
1865 5603 2020 5673 χαλε-

360 5675 604 5748 πώτερον
647 5681 708 5732 τὸ
751 5684 846 5735 καὶ
884 5684 1089 5755 ἑτέροις
1123 5686 1412 5739 πυκτεύειν
1443 5688 1536 5740 καὶ
1560 5687 1795 5759 πόλεμον
1828 5691 2017 5745 ἀναδέο

424 5842 448 5914 ξ
476 5839 628 5917 Sa‘vil...
655 5844 804 5919 παρὸν
824 5849 852 5904 ἢ
886 5850 1241 5919 λίθους-τιμίους
1263 5854 1292 5909 ἢ
1318 5853 1506 5919 χρυσὸν.
1525 5853 1798 5919 ἀγαγέσθαι.
1865 5852 1892 5894 Ῑ)
1921 5855 2018 5906 Alii

362 5912 474 5969 προ,
496 5912 573 5956 τὸν
607 5912 688 5954 ἕνα
733 5912 974 5969 ξρχωνται.
1022 5912 1285 5976 Κρείσσων.
1319 5912 1324 5915 ⁷
1353 5918 1373 5945 τ
1412 5915 1509 5962 Alii
1542 5914 1761 5972 θεμέλιον.

1122 308 1182 367 S.
1219 308 1505 365 JOANNIS
1539 305 2020 366 CHRYSOSTOMI

2120 308 2393 369 RCHIEP.
2433 306 2982 384 CONSTANTINOP.

3675 308 3780 365 190

2120 416 2332 484 χεσθαι.
2356 416 2539 470 Ταῦτα
2560 417 2725 485 λέγω,
2756 418 2842 471 ἵνα
2874 419 2949 489 μή
2975 435 3058 482 τις
3080 420 3180 490 τὴν
3219 419 3546 492 Ἐκκλησίαν
3571 419 3788 492 θαυμά-

2121 498 2191 572 ζῃ
2222 501 2313 555 διὰ
2340 502 2404 555 τὸ
2437 502 2658 573 πλῆθος,
2687 502 2807 556 ἀλλ’
2840 504 2927 558 ἵνα
2958 505 3348 577 σπουδάζωμεν
3393 506 3524 560 αὐτὸ
3559 507 3783 576 δόκιμον

2120 588 2493 658 ἐργάσασθαι’
2521 589 2609 642 ἕνα
2655 590 2883 653 ἕκαστος
2922 591 3016 645 τοῦ
3064 593 3269 646 οἰκείου
3312 597 3513 666 προνοῇ
3566 593 3781 666 μέλους,

2114 677 2235 747 οὐχὶ
2279 678 2387 732 τῶν
2437 678 2626 748 φίλων,
2672 678 2794 731 οὐδέ
2834 680 2943 733 τῶν
2996 681 3291 749 συγγενῶν,
3324 683 3463 753 ὅπερ
3501 683 3589 736 ἀεὶ
3614 682 3781 752 λέγω,

2114 763 2237 817 οὐδὲ
2267 763 2376 817 τῶν
2410 765 2669 832 γειτόνων
2700 782 2713 796 ·
2746 764 2888 818 ἀλλά
2920 766 3016 819 καὶ
3044 766 3185 819 ὥστε
3222 767 3349 830 τούς
3392 766 3579 832 ξένους
3620 768 3785 839 ἐφέλ-

2117 852 2328 907 κεσθαι.
2363 847 2508 917 Οἴον,
2539 854 2671 924 εὐχὴ
2700 853 2908 922 γίνεται
2928 896 2941 917 ,
2971 857 3178 908 κεῖνται
3215 856 3417 920 πάντες
3446 856 3556 910 νέοι
3581 856 3783 927 ψυχροὶ

2116 941 2211 992 καὶ
2236 939 2491 1010 γέροντες
2509 959 2522 973 ·
2548 941 2875 1012 καθάρματα
2905 941 3102 1011 μᾶλλον
3131 941 3163 1013 ἢ
3187 942 3316 1007 νέοι,
3347 944 3632 1011 γελῶντες,
3654 946 3783 998 ἀνα-

2116 1026 2518 1097 καγχάζοντες,
2553 1028 2925 1100 διαλεγόμενοι
2958 1032 3073 1099 (καὶ
3101 1030 3209 1101 γάρ
3238 1032 3335 1086 καί
3374 1032 3533 1087 τοῦτο
3572 1033 3782 1104 ηκουσα

2116 1114 2454 1186 γινόμενον),
2485 1115 2579 1168 καὶ
2608 1115 2868 1187 ἀλλήλους
2910 1117 3254 1182 σκώπτοντες
3296 1118 3390 1171 ἐπὶ⁵
3426 1120 3631 1188 γόνατα
3669 1119 3782 1173 κείο

2120 1218 2271 1271 μενοι
2299 1218 2313 1234 '
2355 1203 2419 1254 σὺ
2457 1202 2807 1273 παρέστηκας
2834 1204 3008 1268 ὁ,νέος
3042 1205 3074 1276 ἢ
3106 1208 3134 1258 6
3167 1204 3482 1276 πρεσϐύτης
3503 1246 3518 1270 ,
3549 1206 3782 1277 ἐπίπλη-

2119 1287 2227 1352 ξον,
2253 1288 2319 1341 ἂν
2339 1287 2473 1358 ἴδῃς,
2499 1288 2792 1356 ἐγκάλεσον
2815 1290 3187 1363 σφοδρότερον,
3202 1291 3302 1344 οὐκ
3320 1292 3668 1363 ἀνεχόμενον,
3689 1293 3779 1346 τὸν

2116 1374 2364 1429 διάκονον
2387 1376 2635 1441 κάλεσον,
2665 1376 2981 1449 ἀπείλησον,
3010 1377 3079 1431 τὰ
3100 1377 3252 1450 παρά
3278 1376 3477 1433 σαυτοῦ
3507 1379 3730 1450 ποίησον
3762 1396 3778 1410 ·

2117 1463 2212 1515 καὶ
2241 1462 2337 1516 ἐὰν
2362 1462 2609 1538 τολμήσῃ
2634 1481 2686 1517 τι
2715 1466 2794 1527 εἰς
2827 1463 2885 1517 σὲ
2915 1465 3277 1536 ἐργάσασθαι,
3307 1466 3523 1530 πάντως
3555 1466 3781 1528 πολλοὺς

2104 1548 2261 1626 ’ἕξεις
2285 1548 2312 1589 (ι
2350 1550 2476 1614 τοὺς
2512 1550 2953 1622 συναιρομένους.
3004 1552 3100 1615 Τίς
3126 1553 3235 1624 γὰρ
3258 1551 3431 1618 οὕτως
3462 1552 3779 1620 ἀλόγιστος,

2116 1636 2193 1701 ὡς
2225 1637 2348 1692 ἰδών
2376 1655 2437 1691 σε
2460 1638 2796 1708 ἐγκαλοῦντα
2826 1638 2967 1708 ὐπέρ
3002 1639 3259 1693 τοιούτων
3298 1640 3586 1702 κάκείνους
3609 1641 3783 1708 ἐγκα-

2117 1726 2430 1799 λουμένους,
2466 1727 2541 1799 μὴ
2562 1729 2661 1799 τῆς
2690 1729 2788 1799 σῆς
2822 1728 3073 1796 γενέσθαι
3115 1729 3374 1800 μερίδος;
3407 1729 3648 1782 Ἀπελθε
3686 1730 3784 1783 λα-

2117 1815 2250 1893 ϐὼνὴ
2273 1815 2365 1869 τὸν
2413 1814 2605 1885 μισθὸν
2644 1816 2754 1870 ἀπὸ
2797 1814 2895 1885 τῆς
2941 1816 3123 1887 εὐχῆς.
3160 1816 3249 1869 Ἐν
3298 1816 3449 1887 οἰκίᾳ
3488 1816 3782 1888 δεσποτικῇ

2115 1900 2339 1966 τούτους
2369 1902 2756 1974 εὐνουστέρους
2785 1902 2895 1955 τῶν
2924 1901 3126 1956 δούλων
3154 1903 3436 1975 κρίνομεν,
3463 1905 3691 1975 ὅσοιπερ
3715 1904 3783 1958 ἂν

2122 1987 2289 2058 μηδὲν
2326 1987 2641 2063 παρορῶσιν
2668 1988 2923 2052 ἀτάκτως
2965 1988 3219 2059 κείμενον
3268 1988 3480 2054 σκεῦος.
3528 1992 3664 2043 Εἰπὲ
3716 1991 3780 2058 δή

2121 2089 2231 2141 μοι,
2246 2072 2312 2127 ἂν
2325 2072 2438 2145 ἴδῃς
2453 2076 2511 2127 ἐν
2520 2073 2667 2146 οἰκία
2678 2074 2739 2127 τὸ
2753 2073 3022 2146 ἀργύρεον
3036 2074 3223 2139 σκεῦος
3239 2074 3387 2149 [199]
3402 2075 3506 2141 ἔξω
3518 2078 3784 2148 ἐρριμμέ-

2116 2176 2227 2222 νον,
2251 2158 2354 2213 κᾶν
2385 2160 2459 2232 μὴ
2492 2156 2559 2233 ᾗς
2594 2162 3052 2232 ἐπιτεταγμένος,
3089 2158 3177 2234 ἆρ’
3208 2163 3270 2216 οὐ
3298 2163 3445 2236 λήψῃ
3487 2163 3645 2218 τοῦτο
3687 2166 3785 2217 καὶ

2117 2247 2370 2312 εἰσοίσεις
2401 2248 2458 2302 ἐν
2486 2252 2554 2319 τῇ
2582 2248 2769 2320 οἰκίᾳ;
2804 2250 2871 2304 ἂν
2907 2250 3120 2321 ἱμάτιον
3165 2251 3355 2316 ἁπλῶς
3409 2252 3741 2324 ἐρριμμένον
3763 2292 3781 2317 ,

2118 2333 2221 2388 κᾶν
2253 2334 2327 2406 μὴ
2348 2335 2493 2407 έχῃς
2517 2336 2617 2406 τὴν
2648 2337 2933 2407 φροντίδα,
2967 2337 3072 2392 κᾶν
3104 2338 3299 2410 ἐχθρὸς
3327 2334 3397 2412 ᾖς
3421 2339 3517 2393 τοῦ
3548 2356 3782 2411 προστε-

2116 2423 2340 2494 ταχότος
2366 2435 2413 2491 ε,
2445 2423 2534 2478 διά
2555 2424 2655 2495 τὴν
2680 2427 2761 2488 εἰς
2782 2425 2874 2480 τὸν
2900 2425 3165 2497 δεσπότην
3202 2425 3415 2481 εὔνοιαν
3436 2467 3452 2493 ,
3498 2428 3561 2481 οὐ
3596 2426 3782 2498 θήσεις

2116 2507 2278 2564 τοῦτο
2299 2509 2513 2577 καλῶς;
2540 2509 2697 2564 Οὕτω
2718 2511 2812 2565 καὶ
2838 2510 2951 2565 νῦν.
2978 2512 3154 2583 Σκεύη
3180 2512 3352 2567 ταῦτά
3372 2514 3522 2568 ἐστιν
3540 2529 3551 2540 ·
3576 2512 3641 2567 ἂν
3666 2512 3783 2584 ίδῃς

2118 2594 2370 2660 ἀτάκτοις
2399 2597 2660 2668 κείμενα,
2713 2597 3155 2670 μεταρρύθμισον
3183 2616 3196 2630 ·
3233 2600 3353 2670 ἐμοὶ
3382 2597 3648 2671 πρόσελθε
3673 2637 3689 2663 ,
3719 2598 3781 2651 οὐ

2118 2685 2490 2758 παραιτοῦμαι
2516 2701 2529 2715 ·
2557 2686 2680 2757 ἐμοὶ
2701 2686 2845 2752 εἰπὲ,
2866 2686 3026 2756 δῆλον
3051 2686 3393 2757 κατάστησον
3417 2703 3430 2715 ·
3456 2687 3516 2740 οὐ
3547 2686 3783 2756 δύναμαι

2119 2774 2297 2828 πάντα
2326 2775 2490 2844 ὁρᾷν,
2527 2772 2828 2841 σύγγνωτε.
2879 2774 3069 2844 Ὁρᾶτε
3090 2816 3105 2841 ,
3146 2775 3244 2846 ὅση
3279 2774 3450 2828 κακία
3483 2773 3580 2844 τὴν
3604 2775 3786 2827 οἰκου-

2121 2861 2289 2932 μένην
2320 2860 2562 2931 κατέχει.
2616 2862 2766 2932 Μήτι
2794 2861 2980 2924 ἁπλῶς
3004 2862 3216 2931 ἔλεγον,
3264 2862 3345 2915 ὅτι
3381 2861 3587 2931 πλῆθός
3614 2862 3784 2931 ἐσμεν

2118 2947 2336 3019 χόρτου,
2370 2948 2610 3017 πέλαγος
2632 2948 2904 3015 ἀτακτον;
2936 2950 3008 3003 Οὐ
3034 2948 3199 3018 λέγω,
3235 2950 3318 3003 ὅτι
3342 2947 3785 3002 ἐκεῖνοιτοιαῦτα

2120 3034 2385 3102 ποιοῦσιν,
2411 3035 2528 3089 ἀλλ’
2564 3036 2644 3089 ὅτι
2677 3036 2931 3100 τοσοῦτος
2966 3036 3131 3102 ὕπνος
3170 3037 3488 3107 καταχεῖται
3519 3034 3629 3089 τῶν
3667 3038 3786 3089 εἰσ-

2124 3121 2298 3175 ιὸντωι
2327 3160 2342 3181 .
2384 3121 2526 3175 ὥστε
2561 3123 2697 3193 μηδὲ
2730 3122 2906 3177 ταῦτα
2941 3122 3207 3195 διορθοῦν.
3237 3123 3405 3179 Πάλιν
3433 3122 3653 3196 ἐτέρους
3672 3121 3788 3193 ὁρῶ

2118 3207 2531 3279 διαλεγομένους
2581 3210 2857 3275 ἑστῶτας,
2909 3210 3012 3280 τῆς
3062 3210 3231 3282 εὐχῆς
3281 3210 3674 3281 γινομένης·οί
3727 3210 3785 3264 ῐὲ

2119 3295 2512 3366 ἐπιεικέστεροι
2545 3295 2746 3364 αὐτῶν,
2787 3297 2909 3372 οὐδέ
2934 3297 3034 3369 τῆς
3067 3297 3233 3369 εὐχῆς
3263 3297 3553 3368 γινομένης
3602 3296 3783 3367 μόνον,

2119 3382 2254 3437 ἀλλὰ
2308 3383 2404 3436 καὶ
2463 3383 2811 3452 εὐλογοῦντος
2869 3384 2962 3438 τοῦ
3027 3385 3236 3456 ἱερέως.
3278 3385 3344 3437 Ὢ
3385 3384 3489 3454 τῆς
3538 3384 3784 3456 τόλμηςῑ

2120 3470 2251 3522 πότε
2279 3469 2432 3523 ἔσται
2457 3471 2738 3542 σωτηρίας
2765 3471 2882 3535 πῶς
2909 3472 3250 3544 δυνησόμεθα
3273 3472 3366 3527 τὸν
3394 3472 3525 3526 Θεὸν
3557 3472 3781 3539 ἐξιλεὼα

2123 3557 2345 3623 σασθαι;
2376 3560 2468 3622 Εἰς
2487 3558 2703 3613 παιδιὰν
2721 3558 2786 3614 ἂν
2802 3559 3062 3631 ἀπέλθῃς,
3087 3560 3207 3630 ὕψει
3236 3561 3448 3624 πάντας
3474 3560 3788 3630 εὐρύθμους

2121 3639 2441 3710 χορεύοντας
2459 3680 2474 3705 ,
2502 3641 2597 3695 καὶ
2616 3641 2767 3695 οὐδὲν
2801 3642 3281 3713 παρημελημένον.
3318 3643 3405 3706 Ὠς
3430 3638 3526 3696 οὖν
3552 3644 3608 3695 ἐν
3635 3642 3786 3713 λύρα

2122 3728 2475 3800 παναρμονίῳ
2516 3729 2611 3783 καί
2653 3728 2911 3791 ποικίλως
2932 3730 3311 3801 ἐσκευασμένη
3350 3730 3446 3800 μία
3479 3747 3563 3792 τις
3588 3729 3787 3799 εὐηχος

2122 3815 2410 3887 συμφωνία
2457 3815 2797 3870 ἀποτελεῖται
2831 3818 2894 3869 ἐκ
2934 3817 3034 3887 τῆς
3083 3816 3205 3870 καθ’
3249 3817 3478 3871 ἕκαστον
3534 3815 3789 3881 εὐταξίας

2118 3902 2227 3956 τῶν
2259 3903 2629 3974 συγκειμένων
2658 3920 2672 3935 ·
2699 3903 2842 3956 οὕτω
2878 3902 2942 3975 δὴ
2979 3903 3070 3958 καὶ
3093 3904 3324 3960 ἐνταῦθα
3358 3905 3488 3975 μίαν
3522 3904 3580 3968 ἐξ
3613 3903 3787 3957 ἀπάν-

2120 4006 2230 4043 των
2269 3989 2556 4060 σύμφωνον
2606 3990 2871 4060 ἁρμονίαν
2925 3990 3200 4062 προσῆκεν
3237 3990 3633 4044 ἀποτελεῖσθαι.
3675 3990 3787 4044 Μία

2120 4076 2228 4148 γάρ
2264 4077 2566 4148 γεγόναμεν
2613 4075 2904 4149 Ἐκκλησία
2927 4115 2941 4139 ,
2997 4078 3124 4149 μιᾶς
3169 4076 3409 4147 κεφαλῆς
3457 4076 3788 4150 συναρμολο-

2120 4163 2362 4235 γούμενα
2396 4163 2530 4234 μέλη
2565 4164 2827 4235 τελοῦμεν
2850 4207 2865 4231 ,
2896 4164 2953 4220 ἓν
2996 4167 3046 4219 οἰ
3074 4168 3274 4229 πάντες
3302 4165 3645 4235 κατέστημεν
3681 4164 3788 4217 σῶ-

2125 4270 2199 4325 μα
2225 4251 2328 4313 ’ἂν
2358 4251 2602 4323 ἀμεληθῇ
2645 4252 2704 4306 τὸ
2747 4257 2943 4323 τυχὸν,
2986 4254 3049 4306 τὸ
3098 4254 3205 4306 πᾶν
3245 4252 3516 4324 ἠμέληται
3560 4253 3655 4305 καὶ
3711 4253 3792 4306 δι-

2122 4338 2408 4411 έφθαρται.
2428 4339 2661 4411 Οὐτωτῇ
2680 4339 2788 4393 τῶν
2809 4339 3019 4393 πολλῶν
3046 4339 3314 4411 εὐταξίᾳῆ
3336 4339 3428 4394 τοῦ
3454 4339 3570 4403 ἐνὸς
3592 4339 3792 4406 ἀταξία

2119 4427 2460 4499 λυμαίνεται.
2495 4429 2606 4482 Καὶ
2632 4428 2693 4481 τὸ
2723 4428 2786 4497 δὴ
2816 4427 3048 4498 φοϐερὸν
3067 4470 3082 4494 ,
3118 4429 3200 4483 ὅτι
3238 4427 3476 4482 ἐνταῦθα
3503 4428 3622 4497 οὐχὶ
3663 4445 3792 4482 παι-

2119 4514 2236 4568 διὰν
2266 4515 2386 4569 οὐδέ
2411 4515 2628 4586 χορείαν
2660 4514 2794 4586 ἔρχῃ
2824 4514 3118 4586 χορεύσων,
3148 4514 3243 4569 καὶ
3272 4516 3510 4585 ἕστηκας
3530 4514 3788 4580 ἄτακτος.

2121 4602 2235 4656 υύκ
2282 4600 2431 4665 οἶδας
2475 4603 2557 4655 ὅτι
2604 4603 2743 4673 μετά
2787 4602 3036 4671 ἀγγέλων
3089 4601 3362 4672 ἐστηκαςς
3400 4601 3517 4672 μετ’
3563 4601 3794 4655 ἐκείνων

2120 4688 2266 4760 ᾄδεις
2291 4727 2305 4753 ,
2345 4691 2462 4760 μετ’
2496 4690 2720 4742 ἐκείνων
2750 4688 2941 4759 ὐμνεῖς
2961 4726 2977 4752 ,
3008 4689 3104 4742 xa‘:
3145 4688 3383 4758 ἕστηκας
3425 4687 3632 4757 γελῶν;
3668 4688 3792 4742 Ὅτι

2120 4776 2229 4845 γὰρ
2258 4775 2498 4845 σκηπτὸς
2519 4775 2619 4828 οὐκ
2647 4775 2888 4845 ἀφίεται,
2915 4775 3015 4828 οὐκ
3039 4774 3127 4828 ἐπ’
3164 4775 3405 4841 ἐκείνους
3438 4774 3618 4845 μόνον,
3653 4773 3792 4827 ἀλλά

2121 4865 2213 4918 καὶ
2236 4865 2319 4933 ἐφ’
2350 4866 2528 4935 ἡμᾶς,
2557 4865 2617 4916 οὐ
2642 4862 2988 4933 θαυμαστὸν;
3020 4863 3144 4929 ἀξια
3171 4862 3280 4934 γὰρ
3320 4861 3566 4933 σκηπτοῦ
3594 4860 3790 4917 ταῦτα.

2121 4953 2389 5026 Πάρεστιν
2410 4953 2437 5004 6
2465 4950 2734 5021 βασιλεὺς,
2764 4950 2959 5021 θεωρεῖ
2987 4950 3048 5003 :6
3080 4951 3445 5021 στρατόπεδον
3470 4966 3482 4980 ’
3508 4950 3572 5002 σὺ
3598 4949 3656 5003 δὲ
3687 4949 3793 5002 ὐπὸ

2118 5042 2239 5103 ταῖς
2267 5040 2489 5092 ἐκείνων
2528 5037 2713 5107 ὄψεσιν
2742 5038 2979 5108 ἕστηκας
3008 5039 3203 5107 γελῶν,
3236 5040 3270 5110 ἢ
3300 5040 3391 5093 τὸν
3424 5037 3673 5108 γελῶντα
3698 5052 3794 5089 πε-

2122 5122 2353 5193 ριορῶν;
2393 5120 2552 5173 Ἀλλά
2601 5120 2761 5191 μέχρι
2805 5121 2949 5185 τίνος
2995 5122 3370 5193 ἐγκαλοῦμεν;
3427 5122 3591 5192 μέχρι
3647 5121 3796 5184 τίνος

2124 5208 2454 5280 μεμφόμεθα
2474 5226 2489 5274 ;
2513 5207 2589 5262 Οὐ
2615 5207 2724 5280 γάρ
2748 5208 2821 5273 ὠς
2846 5207 3152 5280 λυμεῶνας,
3188 5210 3247 5263 οὐ
3279 5208 3389 5280 γὰρ
3416 5209 3491 5272 ὡς
3520 5208 3756 5278 φθορὲας
3775 5249 3790 5273 ,

2120 5298 2180 5348 οὐ
2214 5296 2321 5367 γὰρ
2348 5296 2424 5360 ὡς
2465 5295 2685 5361 ἐξώλεις
2715 5297 2807 5349 καί
2845 5297 3273 5368 διεφθαρμένους
3314 5298 3440 5360 τοὺς
3477 5296 3792 5359 τοιούτους.

2122 5384 2215 5435 καὶ
2247 5383 2456 5453 μυρίων
2484 5383 2755 5455 γέμοντας
2786 5385 2971 5439 κακῶν
3000 5386 3101 5454 τῆς
3146 5383 3475 5455 Ἐκκλησίας
3495 5383 3795 5437 ἀπελαύνε-

2123 5474 2246 5528 σθαι
2288 5473 2433 5538 ἔδει;
2487 5474 2622 5528 Πότε
2669 5466 2814 5527 οὗτοι
2864 5475 3141 5543 φείσονται
3184 5474 3442 5542 γέλωτος,
3482 5474 3533 5525 οἱ
3572 5474 3629 5524 ἐν
3674 5472 3796 5543 ὥρα

2122 5561 2323 5634 φρίκης
2362 5561 2657 5629 γελῶντες;
2693 5562 2823 5615 πότε
2853 5561 3139 5630 ἀφέξονται
3169 5561 3437 5632 φλυαρίας
3460 5600 3474 5626 ,
3513 5560 3562 5614 οἰ
3603 5562 3661 5612 ἐν
3716 5560 3794 5631 τῷ

2122 5648 2301 5719 καιρῷ
2328 5649 2426 5717 τῆς
2454 5649 2705 5717 εὐλογίας
2730 5648 3100 5719 διαλεγόμενοι
3118 5664 3132 5713 ;
3150 5648 3210 5701 οὐ
3241 5651 3368 5712 τοὺς
3399 5648 3673 5720 παρόντας
3705 5650 3794 5701 αἰ-

2119 5736 2333 5790 δοῦνται
2359 5754 2373 5800 ;
2397 5736 2457 5788 οὐ
2482 5736 2590 5807 γὰρ
2617 5736 2708 5790 τὸν
2730 5735 2861 5789 Θεὸν
2881 5734 3210 5801 δεδοίκασιν;
3243 5736 3305 5789 οὐ
3336 5734 3445 5806 γάρ
3473 5736 3634 5806 ἀρκεῖ
3656 5737 3795 5804 ἡμῖν

2181 5839 2208 5880 d
2243 5841 2337 5888 Alii
2374 5841 2551 5897 πάντας
2585 5842 2698 5896 ἔξεις

2228 5841 2551 5949 inﬁrmium
2585 5842 2698 5896 ἔξεις
2784 5853 2808 5880 ε
2834 5839 2925 5896 Ἦς
2958 5838 3043 5888 τοῦ
3086 5840 3466 5907 ἐπιτεταγμένον,
3496 5841 3567 5889 sic
3592 5839 3793 5901 quidam

2228 5915 2339 5949 μανι
2361 5913 2452 5949 lus.

2132 5910 2184 5954 et
2228 5902 2452 5951 Savilius.
