4104 6148
424 251 522 308 189

423 359 599 416 nullus
639 357 836 414 tremit.
888 354 944 413 Si
993 362 1170 410 autem
1220 369 1326 408 non
1369 354 1613 419 creditis,
1661 353 1983 422 interrogate

417 427 639 524 geniiles
666 450 756 520 qui
782 455 1206 520 persequuntur,
1233 445 1569 516 quandonatn
1612 460 1702 498 res
1727 444 1987 498 Christia-

418 556 604 595 norum
651 539 950 592 accuratius
999 544 1331 606 gererentur,
1365 533 1700 604 quandonam
1731 532 1990 587 clariores

420 633 707 686 illiessent.
735 629 885 684 Tunc
915 626 1194 697 pauciores
1219 641 1441 681 numero
1466 635 1634 687 erant,
1664 623 1757 679 sed
1786 639 1990 693 magnae

417 731 567 776 erant
597 721 850 773 virtutum
879 718 1096 772 divitias.
1127 716 1256 784 Qua:
1285 716 1502 779 utilitas,
1527 730 1729 784 qumso,
1766 713 1986 768 multum

416 828 532 867 esse
559 809 780 876 frenum,
803 808 928 862 dum
953 807 1203 878 possibile
1224 818 1306 860 est
1326 805 1529 876 lapides
1552 807 1813 875 pretiosos
1835 804 1989 858 ades-

415 903 512 958 se?
539 901 654 956 Non
685 901 740 955 in
767 899 1126 965 multitudine,
1155 897 1248 953 sed
1277 898 1326 951 in
1359 893 1569 952 virtutis
1594 895 1882 966 splendore
1909 906 1990 952 to-

417 1003 524 1046 tum
547 992 861 1045 aestimatur.
886 989 1027 1044 Elias
1055 1003 1190 1042 unus
1220 998 1356 1054 erat,
1379 988 1472 1043 sed
1498 987 1726 1042 mundus
1749 1003 1852 1042 non
1875 995 1990 1042 erat

415 1082 504 1134 illo
529 1081 738 1150 dignus.
767 1078 924 1148 Atqui
949 1077 1181 1131 mundus
1207 1078 1373 1131 millia
1402 1078 1566 1131 multa
1589 1078 1985 1146 complectitur;

413 1172 505 1225 sed
535 1172 694 1224 millia
723 1185 833 1235 non
869 1177 993 1222 sunt
1012 1207 1029 1234 ,
1057 1167 1270 1237 quando
1301 1182 1475 1236 neque
1505 1167 1594 1222 uni
1622 1176 1985 1237 coarquantur.

418 1263 597 1316 Melior
645 1278 773 1314 unus
815 1261 1008 1329 faciens
1051 1261 1358 1313 voluntatem
1406 1259 1641 1323 Domini,
1669 1275 1822 1329 quam
1850 1258 1990 1313 mille

413 1355 569 1424 iniqui
593 1353 779 1424 (Eccli.
805 1354 892 1408 16.
927 1354 1004 1424 3).
1031 1353 1143 1407 Hoc
1169 1353 1382 1422 sapiens
1407 1352 1620 1420 quidam
1647 1350 1988 1406 subindicans

414 1445 538 1500 dicit
571 1461 585 1498 :
625 1443 710 1498 Ne
747 1444 996 1498 desideres
1039 1444 1409 1496 multitudinem
1455 1443 1679 1511 ﬁliorum
1730 1443 1987 1496 inutilium

414 1533 575 1601 (Ibid.
617 1552 666 1588 tt.
711 1535 786 1604 l).
819 1535 883 1588 lli
915 1537 1083 1605 magis
1112 1533 1492 1604 blasphemiam
1522 1533 1576 1588 in
1609 1534 1774 1588 Deum
1804 1533 1988 1588 conci-

414 1639 559 1693 tant,
593 1643 750 1697 quam
783 1628 828 1682 si
848 1627 1138 1682 Christiani
1170 1642 1272 1680 non
1305 1636 1505 1681 essent.
1533 1626 1670 1692 Quid
1695 1625 1826 1679 mihi
1855 1640 1988 1694 opus

412 1731 494 1774 est
522 1720 900 1774 multitudine?
927 1719 1249 1774 Alitnentutn
1275 1718 1502 1787 amplius
1544 1718 1670 1788 igni.
1700 1718 1812 1771 [loc
1844 1727 1898 1772 et
1921 1733 1988 1772 ex

411 1826 634 1880 corpore
655 1809 970 1880 cognoveris
996 1828 1009 1863 :
1039 1809 1230 1864 melior
1248 1810 1442 1878 quippe
1465 1817 1545 1864 est
1565 1809 1714 1864 cibus
1740 1807 1987 1863 modera-

410 1913 496 1957 tus
520 1918 642 1958 cum
690 1903 950 1970 sanitate,
982 1917 1142 1972 quam
1187 1901 1394 1955 delicia:
1419 1915 1539 1955 cum
1583 1901 1844 1956 molestia.
1877 1899 1988 1954 lloc

412 1995 725 2048 alimentum
743 1993 834 2047 illo
851 1993 1079 2062 amplius
1106 2008 1121 2045 :
1153 1991 1254 2046 hoc
1269 1991 1600 2057 alimentum,
1619 1990 1748 2046 illttd
1773 1991 1989 2046 morbus

413 2094 517 2139 est.
541 2084 664 2139 llaec
688 2085 807 2139 etin
825 2084 968 2139 bello
986 2084 1102 2154 quis
1131 2082 1322 2138 viderit
1345 2099 1358 2135 :
1383 2083 1631 2138 meliores
1659 2096 1779 2137 esse
1803 2082 1989 2136 decem

421 2175 820 2230 rirosstrenuos
845 2183 900 2228 et
924 2175 1048 2228 belli
1075 2175 1292 2244 peritos,
1312 2189 1469 2243 quam
1489 2175 1796 2228 innumeros
1817 2173 1988 2244 impe-

414 2264 568 2319 ritos.
596 2265 657 2318 lli
685 2273 1038 2334 przeterquam
1061 2264 1202 2334 quod
1234 2265 1367 2318 nihil
1397 2273 1704 2334 operantur,
1733 2265 1868 2319 alios
1899 2265 1988 2334 qui

413 2356 1173 2426 operantur,impediuntJloc
1188 2358 1305 2411 etin
1325 2358 1443 2411 navi
1461 2359 1577 2426 quis
1596 2358 1990 2422 invenerit,me-

411 2447 576 2500 liores
593 2461 712 2500 esse
734 2458 921 2501 nautas
943 2447 1075 2501 duos
1098 2433 1316 2517 peritos,
1338 2463 1497 2518 quant
1517 2464 1759 2518 magnam
1784 2449 1990 2517 imperi-

412 2547 588 2590 torum
609 2539 816 2592 turbam
847 2555 860 2592 :
893 2537 946 2591 hi
979 2553 1206 2607 namque
1233 2540 1404 2591 navim
1433 2539 1591 2592 etiam
1623 2540 1986 2609 submergcnt.

481 2629 537 2682 4.
570 2627 695 2682 llaec
718 2628 858 2692 dico,
893 2644 996 2682 non
1021 2627 1161 2696 quod
1193 2628 1581 2681 multitudinem
1612 2638 1840 2681 vestram
1864 2627 1990 2682 ode-

411 2719 536 2782 rim,
569 2717 662 2772 scd
693 2717 832 2787 quod
865 2718 1024 2771 velim
1055 2733 1243 2772 omnes
1269 2733 1388 2772 esse
1415 2719 1690 2788 probatos,
1723 2733 1820 2773 nec
1851 2719 1988 2772 mul-

413 2810 625 2863 titudini
673 2810 856 2864 fidere.
906 2809 1068 2863 Multo
1099 2809 1274 2878 plures
1304 2819 1466 2874 sunt,
1494 2811 1581 2878 qui
1616 2810 1667 2862 itt
1693 2809 1988 2878 gehennam

414 2902 688 2965 incidunt;
719 2902 812 2956 sed
843 2903 1010 2971 tnajtts
1035 2902 1122 2955 illa
1155 2910 1237 2957 est
1262 2917 1508 2971 regnum,
1539 2903 1636 2956 etsi
1671 2917 1866 2970 paucos
1895 2903 1989 2956 ba-

412 2993 556 3047 heat.
598 2991 747 3047 Sicut
775 3008 935 3045 arena
981 2993 1141 3046 maris
1169 3002 1284 3046 erat
1323 2993 1608 3047 multitudo
1654 2994 1865 3062 populi;
1896 2993 1989 3048 sed

414 3099 553 3137 unus
574 3085 803 3137 servavit
831 3099 944 3138 eos.
979 3083 1122 3139 Unus
1154 3093 1269 3138 erat
1291 3084 1518 3152 Moyses,
1555 3083 1646 3138 sed
1682 3084 1800 3153 plus
1833 3101 1987 3153 quam

413 3193 600 3231 omnes
630 3177 798 3244 potuit
827 3193 840 3227 ε
867 3191 1002 3229 unus
1024 3185 1140 3231 erat
1168 3175 1343 3240 Jesus,
1375 3177 1466 3229 sed
1500 3177 1616 3244 plus
1644 3177 1813 3243 potuit
1834 3192 1989 3246 quant

413 3279 665 3323 sexcenta
697 3269 882 3323 millia.
929 3267 1044 3322 Non
1075 3268 1176 3323 hoc
1215 3269 1385 3322 solum
1430 3283 1710 3331 curemus,
1742 3277 1798 3321 ut
1843 3269 1990 3322 inulti

414 3363 542 3422 sint.
565 3362 655 3416 sed
683 3371 739 3415 et
765 3362 930 3429 magis
955 3401 970 3424 ,
1003 3371 1060 3415 ut
1097 3361 1201 3414 sint
1233 3362 1470 3429 praeclari
1499 3379 1512 3414 :
1539 3375 1660 3414 cum
1690 3360 1793 3415 hoc
1819 3359 1990 3429 perfe-

415 3463 558 3506 ctum
589 3453 764 3516 fuerit,
788 3462 908 3507 tunc
939 3452 1066 3508 illud
1089 3453 1200 3505 lict.
1232 3452 1400 3505 Nemo
1426 3451 1642 3506 dontutn
1669 3452 1848 3505 statim
1871 3466 1994 3520 spa-

418 3545 610 3596 tiosam
639 3532 750 3596 vult
792 3542 997 3606 facere,
1030 3542 1125 3596 sed
1156 3543 1326 3610 primo
1359 3543 1565 3595 lirmam
1593 3551 1645 3595 et
1678 3541 1989 3610 probatam,

416 3633 610 3688 deinde
639 3635 927 3702 spatiosam
964 3651 978 3687 :
1010 3647 1168 3687 nemo
1209 3632 1547 3686 fundamenta
1572 3631 1698 3701 jacit
1721 3673 1736 3698 ,
1771 3640 1827 3685 ut
1854 3631 1994 3686 deri-

417 3725 626 3779 deatur.
658 3725 892 3777 Pritnum
925 3723 1025 3777 hoc
1049 3737 1388 3791 qum-amns,
1421 3720 1614 3777 deinde
1642 3721 1790 3776 illud.
1816 3721 1926 3775 lloc
1947 3721 1993 3774 si

420 3816 490 3867 sit
520 3811 670 3867 facile
691 3822 745 3867 et
768 3812 896 3868 illud
923 3811 1092 3867 aderit
1123 3830 1134 3865 :
1166 3812 1293 3866 illud
1323 3821 1499 3866 autem
1522 3811 1567 3866 si
1592 3827 1696 3865 non
1715 3811 1869 3875 adsit,
1897 3811 1996 3864 hu-

417 3905 505 3971 jus
530 3905 754 3957 etiamsi
781 3905 869 3968 sit,
894 3904 1034 3957 nulla
1065 3905 1283 3958 utilitas.
1317 3903 1448 3957 Nam
1475 3903 1523 3957 si
1549 3904 1602 3957 in
1632 3903 1866 3958 Ecclesia
1889 3903 1996 3958 sint

420 3995 518 4062 qui
540 3995 667 4048 clari
695 4007 818 4049 esse
845 3994 1074 4062 possint,
1109 3994 1214 4048 cito
1250 3995 1352 4048 erit
1396 4002 1450 4048 et
1499 3993 1783 4049 multitudo
1812 4012 1824 4048 :
1855 3994 1907 4047 hi
1949 3994 1994 4048 si

423 4101 528 4139 non
551 4085 676 4150 sint,
703 4101 987 4155 numquam
1017 4087 1118 4140 erit
1141 4087 1281 4140 clara
1301 4086 1603 4140 multitudo.

497 4173 617 4226 Non
645 4184 784 4244 putat
815 4174 1197 4244 Chrysostomus
1227 4191 1290 4228 ea:
1338 4176 1506 4229 multis
1549 4176 1769 4228 millibus
1797 4185 1996 4229 centum

326 4263 332 4267 ’
422 4266 584 4319 salvos
603 4267 709 4334 [ore
724 4268 786 4319 de
805 4268 991 4336 papula
1006 4269 1338 4333 sum—Quot
1358 4268 1551 4334 putatis
1575 4268 1625 4322 in
1659 4269 1787 4322 urbe
1819 4277 1995 4321 nostra

421 4374 572 4424 esse,
611 4359 700 4428 qui
747 4360 972 4414 salutem
1011 4359 1432 4428 consequentur?
1471 4359 1748 4414 Molestum
1781 4359 1994 4428 quidem

422 4463 523 4514 εει,
551 4449 691 4520 quod
717 4451 954 4504 dicturus
985 4465 1124 4513 sum,
1156 4449 1328 4503 dicam
1353 4460 1551 4504 tamen.
1575 4451 1631 4504 In
1663 4462 1739 4506 tot
1769 4452 1998 4506 millibus

426 4556 528 4593 non
561 4551 685 4594 sunt
707 4551 919 4595 centum
943 4582 957 4606 ,
984 4542 1072 4610 qtti
1106 4540 1328 4593 Salutem
1357 4549 1785 4609 eousequantur;
1818 4542 1909 4596 sed
1933 4541 1999 4596 de

427 4633 530 4687 illis
558 4633 718 4685 etiam
747 4633 952 4686 dubito.
979 4633 1208 4696 Quanta,
1241 4647 1444 4701 qumso,
1473 4633 1705 4701 nequitia
1734 4633 1784 4686 in
1815 4634 1998 4688 adole-

426 4723 694 4775 scentibus
714 4763 728 4788 ,
751 4732 943 4791 quanta
969 4722 1167 4778 desidia
1199 4724 1249 4776 in
1279 4723 1620 4776 senioribus?
1647 4723 1813 4778 Nemo
1841 4740 1998 4793 quam

426 4821 694 4879 Oporteret
736 4813 994 4866 educandi
1029 4813 1120 4866 lilii
1169 4828 1354 4867 curant
1405 4813 1604 4866 habet:
1631 4829 1788 4868 nemo
1817 4829 2000 4868 senem

429 4903 639 4968 videns,
677 4905 825 4956 illtttn
857 4905 1044 4958 imitari
1078 4905 1272 4959 studet.
1301 4905 1555 4974 Exempla
1583 4905 1650 4960 de
1676 4905 1850 4959 medio
1875 4905 2002 4958 Stib-

428 4993 529 5045 lata
573 5004 697 5046 sunt
722 5010 734 5045 :
759 4994 954 5047 ideirco
1003 5011 1099 5048 nec
1137 4995 1359 5064 juvenes
1393 4995 1525 5070 ﬁunt
1571 4995 1889 5050 admirandi.
1927 4994 2003 5049 Ne

432 5085 556 5138 mihi
587 5087 733 5139 dicas
756 5127 769 5148 ,
802 5085 958 5139 Multa
989 5087 1256 5139 hominum
1287 5088 1434 5141 turba
1468 5103 1673 5142 sumus.
1707 5087 1820 5142 lloc
1851 5087 2002 5156 frigi-

429 5173 615 5227 dorum
646 5177 919 5234 hominum
953 5184 1033 5227 est
1057 5191 1068 5225 :
1095 5175 1146 5227 id
1175 5175 1242 5229 de
1287 5177 1592 5231 hominibus
1625 5179 1816 5231 merito
1855 5177 2003 5231 dica-

436 5270 548 5326 tur,
577 5264 641 5316 de
675 5265 782 5316 Deo
810 5275 984 5316 autem
1007 5304 1020 5325 ,
1053 5264 1138 5331 qui
1183 5282 1287 5317 non
1319 5280 1453 5333 opus
1490 5267 1649 5321 habet
1676 5268 1829 5322 nobis
1851 5309 1864 5331 ,
1899 5283 2003 5323 non

437 5355 578 5406 item.
605 5356 754 5418 Quod
783 5368 960 5406 autem
984 5354 1142 5407 etiam
1165 5354 1229 5407 de
1255 5356 1359 5408 illis
1383 5356 1630 5425 frigidum
1658 5358 1728 5412 sit
1757 5359 2003 5426 verbum,

433 5444 572 5498 attdi.
607 5445 708 5510 Qui
754 5445 951 5515 multos
999 5443 1158 5497 habet
1183 5444 1539 5511 domesticos,
1586 5449 1630 5502 si
1672 5449 1748 5502 illi
1779 5449 2005 5519 improbi

434 5535 556 5598 sint,
585 5543 714 5603 quot
742 5535 878 5588 mala
909 5535 1176 5604 patietur?
1206 5533 1307 5600 Ei,
1339 5535 1427 5604 qui
1459 5535 1661 5590 nullum
1693 5537 1871 5604 habet,
1905 5541 2006 5596 hoc

435 5625 638 5681 videtur
660 5641 821 5697 grave
847 5667 862 5695 ,
885 5628 1024 5698 quod
1056 5643 1161 5683 non
1203 5627 1501 5682 serviatur:
1526 5629 1569 5684 is
1599 5645 1757 5698 vero,
1786 5633 1870 5703 qtti
1904 5634 2003 5688 im-

1329 241 1394 296 ΙΝ
1430 241 1609 297 ACTA
1649 238 2166 296 APOSTOLORUM.
2199 239 2426 295 llt).\l1L.
2465 241 2651 298 XXIV.

3577 251 3669 300 ιτιυ

2099 352 2293 421 probos
2321 352 2478 408 habet
2508 353 2750 420 famulos,
2775 369 2896 411 cum
2927 353 3094 410 illisit
3124 355 3173 410 in
3203 357 3528 426 perniciem;
3553 375 3668 411 nta-

2091 445 2284 514 jusque
2304 453 2386 499 est
2411 444 2685 500 damnum.
2708 445 2933 501 Gravius
2964 447 3160 517 Quippe
3191 457 3271 501 est
3299 449 3413 502 aliis
3438 465 3671 518 pugnare

2095 544 2150 590 et
2177 536 2472 604 decertare,
2505 553 2665 607 quant
2688 538 2787 591 sibi
2817 538 2914 608 ipsi
2945 541 3163 594 servire.
3200 540 3325 594 [lare
3349 541 3490 605 dico,
3523 551 3576 594 ιιι
3605 559 3670 594 ne

2094 627 2214 695 quis
2240 626 2531 682 Ecclesiam
2554 628 2846 682 admiretur
2873 640 3087 698 propter
3118 632 3505 686 multitudinem
3533 674 3544 694 ,
3574 634 3666 686 sed

2096 724 2153 770 ιιι
2177 732 2429 772 curemus
2474 719 2613 772 illam
2661 719 3058 774 multitudinem
3107 722 3301 776 claram
3329 723 3581 779 efficere:
3614 736 3670 778 ut

2097 807 2456 878 unusquisque
2485 825 2633 863 suant
2661 821 2809 864 curet
2839 821 3064 879 partem,
3101 821 3157 865 ιιι
3179 829 3281 866 non
3313 815 3530 878 amicos,
3561 832 3667 870 non

2095 908 2371 968 cognatos,
2402 909 2460 953 ut
2485 913 2700 969 semper
2725 911 2932 969 repeto,
2961 917 3064 954 non
3095 902 3296 958 vicinos
3328 913 3552 969 tantum,
3571 908 3664 961 sed

2096 989 2254 1043 etiam
2287 999 2577 1045 extraneos
2601 991 2890 1059 pertrahat.
2923 993 3160 1062 Exempli
3188 1009 3368 1062 causa,
3395 997 3451 1050 iit
3474 999 3666 1063 oratio;

2089 1076 2268 1145 jacent
2313 1079 2485 1149 frigidi
2525 1095 2713 1134 onmes
2754 1081 2978 1151 juvenes
3015 1093 3070 1137 et
3098 1099 3289 1151 senes,
3320 1091 3670 1156 purgamenta

2093 1171 2262 1240 magis
2281 1187 2437 1242 quam
2465 1173 2707 1241 juvenes,
2742 1175 2892 1240 risui,
2917 1175 3210 1242 cachinnis,
3245 1177 3665 1234 fabulisincutn-

2093 1261 2315 1329 bentcs;
2348 1264 2448 1318 hoc
2462 1267 2603 1319 enim
2619 1281 2718 1336 ego
2735 1266 3015 1332 audivi;et
3040 1269 3264 1338 genibus
3295 1271 3402 1323 nixi
3432 1272 3565 1325 alios
3587 1273 3668 1325 tli-

2094 1356 2274 1410 cteriis
2295 1356 2610 1426 impotentes
2634 1376 2646 1411 :
2674 1368 2724 1412 tu
2753 1360 2840 1428 qtti
2864 1360 3011 1424 ades,
3034 1361 3246 1430 juvenis
3268 1373 3356 1416 aut
3377 1380 3562 1429 senex,
3587 1367 3667 1419 itt-

2093 1459 2248 1514 crepa
2276 1447 2320 1500 si
2353 1447 2550 1512 videas,
2578 1448 2945 1504 vehementius
2974 1451 3200 1514 incesse,
3227 1462 3280 1506 et
3308 1454 3352 1506 si
3377 1470 3479 1507 non
3513 1455 3664 1519 ferat,

2093 1535 2372 1592 diaconum
2405 1555 2565 1605 voca,
2613 1541 2846 1605 tninare,
2878 1558 2995 1610 qua:
3025 1558 3188 1610 penes
3217 1553 3265 1598 te
3295 1555 3418 1600 sunt
3463 1545 3618 1599 facito
3649 1565 3662 1602 :

2096 1637 2152 1681 et
2180 1629 2224 1682 si
2251 1629 2376 1698 quid
2425 1631 2616 1684 audeat
2659 1643 2842 1686 contra
2893 1643 2943 1688 te
2988 1633 3195 1698 facere,
3227 1637 3422 1692 multos
3453 1638 3670 1693 habebis

2093 1717 2384 1785 adjutores.
2408 1719 2539 1790 Quis
2571 1721 2710 1773 enim
2744 1722 2812 1774 ita
2847 1722 3229 1778 irrationabilis
3255 1736 3359 1793 est,
3391 1728 3476 1796 qtti
3510 1738 3559 1782 te
3593 1730 3669 1782 vi-

2093 1806 2226 1862 dens
2257 1809 2374 1862 illos
2404 1809 2470 1863 de
2498 1825 2558 1864 ea
2605 1826 2662 1865 re
2692 1811 3092 1881 objurgantem,
3127 1831 3230 1868 non
3277 1827 3381 1870 stet
3413 1819 3462 1870 in
3511 1827 3664 1889 parte

2094 1897 2216 1951 tua?
2244 1897 2466 1954 Discede
2495 1911 2703 1969 sumpta
2736 1904 2908 1969 precis
2953 1904 3224 1959 mercede.
3274 1905 3326 1958 In
3354 1908 3466 1960 :ede
3487 1908 3663 1963 donti-

2094 1989 2209 2042 nica
2240 1988 2339 2043 hos
2366 2005 2551 2044 servos
2581 1991 2700 2044 aliis
2732 1992 3195 2048 benevolentiores
3219 1996 3539 2064 judicamus,
3573 2001 3659 2067 qui

2093 2079 2294 2133 nullum
2328 2095 2422 2135 vas
2453 2091 2603 2135 extra
2655 2081 2896 2136 ordinem
2934 2082 3115 2153 jacere
3143 2085 3343 2139 sinunt.
3375 2085 3426 2139 Si
3456 2087 3666 2142 videres

2094 2169 2145 2223 in
2190 2169 2350 2224 domo
2396 2185 2492 2226 vas
2536 2179 2848 2241 argenteum
2897 2181 3098 2228 temere
3148 2173 3288 2228 foras
3337 2176 3664 2244 projectutn,

2093 2260 2304 2314 etiamsi
2335 2276 2440 2315 non
2463 2275 2610 2316 esses
2637 2262 2703 2317 ad
2733 2263 2835 2317 hoc
2863 2263 3142 2332 deputatus
3164 2307 3177 2330 ,
3211 2281 3385 2319 annon
3418 2267 3546 2320 illud
3573 2267 3666 2321 do-

2093 2365 2236 2404 mum
2264 2350 2534 2406 referres?
2577 2353 2620 2407 si
2672 2354 3046 2408 vestimentum
3096 2355 3424 2424 projectum,
3481 2357 3667 2411 ctiam-

2092 2441 2136 2494 si
2163 2456 2343 2496 curam
2371 2442 2486 2512 ejus
2525 2459 2631 2498 non
2678 2459 2926 2514 gereres,
2960 2447 3169 2500 etiamsi
3213 2461 3335 2500 eum
3362 2487 3376 2512 ,
3424 2449 3508 2502 cui
3539 2463 3664 2502 cura

2093 2537 2398 2601 commissa,
2426 2536 2549 2590 odio
2584 2536 2839 2602 haberes,
2869 2553 3044 2591 annon
3077 2537 3144 2593 ob
3170 2537 3588 2594 benevolentiam
3615 2540 3667 2594 in

2093 2626 2368 2681 dominum
2397 2628 2526 2681 illud
2552 2638 2674 2697 apte
2698 2629 3114 2684 reduceres?lta
3135 2638 3189 2684 et
3212 2645 3368 2683 nunc.
3396 2631 3520 2684 llaec
3543 2647 3666 2685 vasa

2095 2726 2218 2772 sunt
2250 2736 2262 2772 :
2289 2719 2334 2772 si
2363 2718 2545 2773 videas
2569 2719 2654 2772 illa
2679 2720 3027 2788 incomposite
3042 2721 3292 2788 jacentia,
3324 2721 3484 2776 reduc
3506 2723 3556 2774 in
3583 2740 3670 2776 or-

2094 2808 2272 2863 dinem
2303 2827 2316 2862 :
2341 2808 2536 2864 accede
2560 2808 2626 2862 ad
2653 2824 2760 2876 me,
2784 2825 2890 2864 non
2919 2824 3107 2864 recuso
3133 2827 3146 2862 :
3169 2809 3254 2863 dic
3279 2809 3405 2864 mihi
3429 2851 3446 2877 ,
3479 2812 3559 2866 fac
3581 2827 3682 2866 mea

2095 2899 2377 2953 certiorem
2405 2917 2419 2952 :
2443 2913 2546 2952 non
2578 2913 2793 2968 possunt
2817 2899 2992 2952 omnia
3024 2899 3236 2962 videre;
3273 2901 3549 2970 ignoscite.
3579 2903 3666 2956 Vi-

2095 2988 2216 3043 dete
2235 3029 2250 3053 ,
2270 2997 2464 3058 quanta
2494 2987 2727 3058 nequitia
2749 2987 2931 3042 orbem
2959 2999 3204 3058 occupat.
3227 2989 3357 3042 Nutn
3375 2991 3490 3045 sine
3509 3007 3668 3046 causa

2095 3079 2372 3145 dicebam,
2422 3095 2519 3135 nos
2545 3095 2666 3135 esse
2693 3094 2946 3134 acervum
2979 3080 3136 3146 foeni,
3170 3096 3315 3136 mare
3359 3083 3673 3152 incomposi-

2098 3171 2238 3224 tum?
2266 3169 2381 3224 Non
2409 3170 2529 3226 dico
2567 3170 2685 3224 illos
2717 3169 2836 3223 talia
2871 3167 3066 3235 facere,
3101 3171 3193 3225 sed
3222 3181 3364 3224 tanta
3392 3175 3681 3227 oscitantia

2097 3263 2356 3318 intrantes
2400 3263 2643 3318 laborare
2668 3303 2682 3327 ,
2727 3272 2785 3316 ttt
2824 3262 2939 3316 haec
2979 3277 3088 3317 non
3115 3263 3402 3332 corrigant.
3439 3265 3666 3320 Rursum

2095 3355 2231 3408 alios
2262 3355 2417 3409 video
2437 3394 2451 3420 ,
2479 3353 2850 3422 colloquentes
2893 3362 3038 3407 stare
3062 3351 3187 3406 dtnn
3217 3353 3276 3406 lit
3300 3355 3507 3409 oratio:
3535 3356 3668 3410 alios

2097 3448 2446 3503 modestiores
2475 3447 2714 3512 scilicet,
2756 3462 2861 3501 non
2893 3447 3053 3502 modo
3081 3448 3205 3502 dum
3247 3447 3305 3501 lit
3331 3448 3502 3502 oratio
3522 3488 3536 3510 ,
3566 3449 3680 3502 sed

2097 3540 2255 3594 etiam
2277 3539 2400 3593 dum
2421 3539 2672 3594 sacerdos
2705 3539 2990 3593 benedicit.
3019 3539 3063 3593 Ο
3087 3539 3388 3593 audaciam!
3422 3540 3671 3605 Quando-

2098 3645 2220 3684 natn
2247 3630 2348 3685 erit
2375 3629 2556 3684 salus?
2582 3629 2849 3700 quomodo
2878 3629 3172 3698 poterimus
3221 3631 3383 3684 Deum
3417 3632 3668 3699 placare?

2097 3719 2153 3774 Si
2197 3719 2263 3774 ad
2310 3719 2489 3774 ludum
2536 3719 2736 3785 abeas,
2780 3720 2984 3775 videbis
3019 3734 3205 3774 omnes
3249 3721 3507 3774 concinne
3536 3721 3669 3773 ebo-

2100 3824 2219 3864 reas
2244 3818 2478 3878 agentes,
2505 3809 2742 3880 nihilque
2765 3811 2978 3880 negligi.
3002 3811 3148 3866 Sicut
3167 3827 3292 3881 ergo
3315 3813 3365 3864 in
3395 3812 3504 3882 lyra
3528 3814 3671 3867 varie

2100 3909 2154 3955 et
2179 3911 2323 3956 recte
2352 3903 2643 3971 composita
2674 3913 2793 3972 apta
2826 3903 3068 3973 quardam
3094 3905 3410 3974 symphonia
3438 3919 3502 3958 ex
3530 3905 3670 3958 bono

2101 3995 2285 4049 ordine
2314 3995 2538 4050 el't'icitur
2567 4011 2582 4049 :
2615 3996 2686 4050 ita
2717 4005 2769 4049 et
2812 3997 2898 4050 hic
2927 4012 3084 4050 unam
3130 3997 3366 4050 omnium
3400 4005 3453 4050 ct
3480 4011 3676 4052 conso-

2102 4101 2222 4141 nam
2272 4087 2600 4142 harmoniam
2643 4087 2784 4142 efl‘tci
2831 4104 2924 4157 par
2965 4097 3129 4143 esset.
3165 4087 3279 4142 Una
3311 4088 3450 4142 enim
3491 4104 3674 4142 smnus

2103 4176 2337 4230 Ecclesia
2365 4217 2379 4241 ,
2428 4177 2582 4230 unius
2635 4177 2825 4245 capitis
2874 4178 3113 4231 membra
3167 4177 3418 4232 decenter
3461 4186 3668 4244 aptata;

2103 4282 2262 4319 unum
2295 4281 2476 4319 sumus
2503 4281 2692 4319 omnes
2717 4281 2912 4334 corpus
2945 4284 2957 4320 :
2988 4267 3032 4320 si
3069 4266 3194 4335 quid
3239 4266 3532 4335 neglectmn
3563 4268 3678 4321 fue-

2102 4357 2187 4418 rit,
2225 4365 2389 4408 totutn
2419 4355 2720 4423 neglectum
2745 4364 2799 4408 et
2824 4354 3129 4426 corruptum
3159 4357 3277 4410 erit.
3306 4357 3376 4409 Ita
3403 4365 3454 4409 et
3482 4358 3675 4411 multo-

2105 4462 2219 4499 rum
2274 4455 2476 4498 rectum
2527 4445 2769 4500 ordinem
2813 4447 2969 4501 unius
3014 4447 3334 4501 inordinatio
3379 4448 3676 4503 labefactat.

2103 4537 2360 4606 Quodque
2387 4537 2624 4591 terribile
2649 4547 2762 4601 est,
2801 4553 2906 4591 non
2955 4537 3057 4592 huc
3084 4539 3150 4592 ad
3181 4537 3362 4594 ludum
3388 4539 3671 4596 choream-

2105 4647 2209 4700 que
2247 4632 2536 4687 saltaturus
2561 4633 2712 4688 venis
2732 4675 2746 4697 ,
2771 4643 2826 4689 et
2856 4635 3238 4706 incompositus
3267 4645 3399 4691 stas.
3422 4637 3603 4693 Nescis
3631 4647 3682 4694 te

2107 4740 2226 4778 cum
2254 4726 2458 4795 angelis
2488 4728 2670 4782 stare?
2697 4729 2827 4782 Cum
2878 4730 2984 4784 illis
3025 4742 3207 4787 cantas
3237 4732 3568 4804 hymnosque
3592 4747 3680 4786 cc-

2110 4816 2316 4882 lebras,
2346 4825 2400 4870 et
2425 4827 2534 4872 stas
2582 4819 2797 4873 ridens?
2826 4822 3016 4874 Annon
3045 4822 3237 4875 mirum
3269 4833 3349 4876 est
3371 4862 3386 4886 ,
3419 4821 3556 4891 quod
3588 4821 3686 4874 ful-

2108 4923 2229 4960 men
2260 4923 2364 4962 non
2398 4907 2714 4963 immittatur
2738 4951 2754 4976 ,
2788 4926 2892 4965 non
2923 4913 2973 4964 in
3006 4913 3126 4968 illos
3155 4921 3354 4966 tantum
3377 4954 3391 4975 ,
3437 4912 3530 4966 sed
3554 4923 3606 4966 et
3633 4912 3682 4964 i-n

2109 5013 2207 5051 nos
2233 4998 2461 5051 omnes?
2492 4999 2607 5053 htec
2635 5001 2833 5069 quippe
2878 5000 3099 5056 fulmine
3139 5002 3297 5071 digna
3345 5009 3488 5055 sunt.
3519 5001 3688 5054 Adest

2112 5105 2239 5156 rex,
2272 5090 2416 5143 videt
2464 5091 2797 5155 exercitum;
2845 5102 2898 5145 tu
2939 5107 3068 5146 vero
3107 5093 3211 5146 illis
3239 5090 3538 5144 videntibus
3579 5098 3688 5143 stas

2110 5179 2288 5233 ridens
2312 5221 2326 5241 ,
2360 5181 2439 5234 vel
2472 5181 2737 5235 ridentem
2771 5183 3042 5251 negligis?
3069 5183 3172 5236 Sed
3201 5196 3480 5251 quousque
3511 5181 3686 5235 incre-

2113 5270 2334 5338 pamus?
2364 5285 2638 5339 quousque
2666 5272 3150 5340 reprehendimus?
3181 5274 3372 5324 Annon
3401 5277 3460 5323 ut
3484 5279 3682 5338 pestes.

2111 5376 2290 5415 annon
2318 5370 2375 5414 ut
2403 5373 2743 5431 corruptores
2765 5404 2780 5428 ,
2827 5379 3002 5417 annon
3033 5371 3087 5414 ιιι
3114 5369 3392 5428 corruptos
3431 5367 3487 5415 et
3511 5360 3689 5429 perni-

2111 5453 2288 5506 ciosos
2319 5453 2620 5520 hujusmodi
2648 5455 2910 5518 homines,
2941 5452 3337 5520 ittnutnerisque
3375 5451 3531 5506 malis
3567 5466 3690 5503 onu-

2113 5553 2226 5597 stos
2255 5543 2320 5597 ab
2351 5544 2582 5598 Ecclesia
2629 5546 2751 5614 pelli
2784 5543 3152 5613 oportuisset?
3177 5536 3532 5601 Qttandonam
3555 5543 3629 5598 illi
3659 5558 3688 5596 a

2117 5635 2226 5690 risu
2254 5634 2615 5704 abstincbunt,
2644 5636 2732 5706 qui
2760 5635 2813 5689 in
2845 5635 2974 5689 hora
2999 5633 3271 5689 tremenda
3298 5634 3688 5699 rident?quatt-
