4104 6148
326 213 417 269 i9!

320 325 392 380 do
417 337 449 376 a
479 317 631 389 nugis
659 308 1029 371 abstinebant,
1059 302 1149 373 qui
1181 304 1235 354 in
1265 307 1509 365 tempore
1555 285 1892 389 benedictio-

322 378 405 472 nis
431 378 713 484 garriunt?
745 418 854 459 non
889 401 1180 469 praesentes
1208 395 1523 484 reverentur
1547 422 1562 449 ,
1735 378 1900 484 Deum

322 468 550 564 timent?
593 511 771 555 annon
817 468 1016 549 suflieit
1060 484 1215 540 nobis
1263 477 1457 536 mentis
1483 468 1768 564 socordia?
1796 482 1901 521 non

319 561 450 654 satis
470 589 710 662 estquod
735 594 949 643 orantes
972 580 1080 634 alio
1104 584 1422 645 evagemur:
1455 564 1550 622 sed
1575 572 1632 620 et
1659 561 1824 616 risum
1849 564 1904 612 et

322 688 614 745 cachinnos
639 679 838 735 multos
863 667 1194 744 ingerimus?

393 740 580 833 Contra
599 770 805 828 Theatri
828 740 1300 834 spectacula.-—An
1330 754 1596 810 theatrum
1615 747 1732 802 huic
1753 740 1905 799 sunt?

323 871 431 928 Sed
480 869 584 923 hoc
613 873 740 936 puto
765 858 1034 916 atheatris
1081 853 1252 908 oriri:
1298 837 1903 936 inobsequentes-enim

325 962 522 1018 multos
573 930 631 1012 et
666 951 1051 1022 incompositos
1082 945 1342 1001 efticiunt.
1379 940 1507 1006 Quae
1547 935 1633 988 hic
1670 930 1904 987 aedifica-

328 1069 450 1110 mus
485 1093 500 1117 ,
547 1051 654 1104 illic
689 1047 1079 1103 destruuntur:
1124 1049 1299 1105 neque
1337 1032 1440 1087 hoc
1497 1029 1703 1093 solum,
1734 1022 1908 1117 sedet

325 1145 445 1199 aliis
472 1111 822 1196 immunditiis
845 1145 1064 1189 necesse
1089 1135 1171 1185 est
1197 1127 1316 1180 illos
1342 1121 1559 1192 repleri.
1591 1118 1658 1172 Et
1684 1111 1906 1186 perinde

330 1240 407 1303 tit,
431 1250 494 1290 ac
512 1232 560 1292 si
578 1233 698 1303 quis
715 1240 965 1297 campum
988 1219 1281 1279 emundare
1329 1215 1456 1269 velit
1483 1253 1499 1278 ,
1544 1212 1598 1265 in
1625 1221 1784 1279 quem
1811 1219 1904 1260 su-

332 1345 495 1402 perne
518 1327 636 1383 fons
663 1326 832 1380 lutum
880 1319 1162 1380 immittat;
1185 1314 1312 1368 dum
1336 1309 1479 1366 enim
1500 1305 1667 1376 magis
1686 1314 1904 1407 purgas,

329 1394 472 1479 aliud
505 1419 694 1476 influit.
727 1416 958 1485 ldipsum
986 1412 1072 1464 hic
1102 1407 1299 1463 evenit.
1342 1403 1630 1471 Postquam
1670 1395 1814 1452 enim
1845 1394 1909 1448 il-

329 1518 430 1582 los,
462 1515 550 1585 qui
574 1528 640 1568 ex
671 1509 891 1565 theatris
916 1500 1308 1560 immunditiam
1335 1496 1646 1590 intulerant,
1681 1487 1907 1590 munda-

328 1583 584 1672 verinius,
612 1605 707 1659 illo
728 1605 1065 1657 revertentes
1088 1593 1190 1664 ipsi
1223 1589 1487 1660 majorem
1536 1583 1778 1639 referunt
1805 1583 1907 1679 itn-

329 1668 644 1755 munditiam
674 1712 688 1750 :
721 1691 871 1764 quasi
886 1688 1068 1745 dedita
1095 1697 1257 1755 opera
1283 1680 1360 1736 sic
1376 1679 1638 1746 viventes,
1670 1680 1727 1728 ut
1753 1668 1909 1726 nobis

1062 189 1122 246 s.
1161 181 1438 245 JOANNIS
1473 171 1944 236 cnnvsosront
1974 166 2288 224 ARCHIEP.
2330 169 2864 229 (ΞΟΝΞΤΑΝΤΙΝΟΡ,

3493 179 3591 236 I92

2004 283 2272 352 negotium
2299 282 2598 341 lacessant:
2629 295 2682 340 et
2716 287 2946 343 redeunt
2975 287 3170 345 iterum
3197 292 3424 349 multum
3449 305 3587 353 ster~

2005 378 2146 431 coris
2171 385 2460 448 gestantes,
2482 379 2533 432 in
2561 380 2819 444 moribus,
2850 381 2902 435 in
2930 383 3180 447 motibus,
3201 384 3256 438 in
3282 386 3460 441 verbis
3485 431 3500 454 ,
3535 389 3586 443 in

2007 469 2114 523 risu
2137 509 2152 533 ,
2174 469 2224 522 in
2249 468 2473 523 desidia.
2507 469 2708 525 Deinde
2736 482 3040 527 nosnerum
3067 473 3316 541 fodimus,
3340 479 3492 547 quasi
3523 479 3590 534 de

2009 559 2263 614 industria
2288 560 2568 626 fodientes,
2595 571 2652 616 ut
2676 563 2794 618 illos
2835 565 3060 620 mundos
3080 567 3386 624 emittentes
3405 613 3421 636 ,
3447 571 3591 641 ipsos

2008 666 2220 705 rursum
2266 651 2536 706 videamus
2570 667 2728 708 caeno
2765 663 3008 710 onustos.
3067 656 3272 714 Idcirco
3311 664 3590 717 committo

2011 756 2104 796 vos
2129 745 2255 797 Deo.
2287 743 2472 812 Etjam
2502 744 2628 799 hinc
2656 745 2806 802 vobis
2827 787 2842 812 ,
2869 747 2957 817 qui
2987 748 3278 817 sani/estis,
3313 753 3587 821 testificor,

2006 833 2264 902 judicium
2311 835 2464 891 vobis
2504 846 2560 892 et
2608 837 3004 894 damnationem
3051 841 3181 908 fore,
3215 843 3259 897 si
3304 845 3421 916 quis
3471 861 3591 901 cum

2010 927 2156 982 videt
2199 927 2500 987 inordinate
2526 943 2766 1002 agentes,
2819 918 3155 1006 maximeque
3204 939 3298 993 illo
3353 950 3590 1012 tempore

2011 1020 2442 1088 confabulantes,
2467 1036 2574 1079 non
2607 1025 2944 1083 admonuerit
2979 1044 3080 1084 nec
3105 1034 3402 1088 correxerit
3448 1051 3544 1090 eos
3575 1051 3590 1088 :
3668 1033 3677 1042 ’

2013 1113 2117 1168 hoc
2137 1115 2326 1170 melius
2354 1125 2436 1171 est
2465 1119 2774 1187 precatione
2818 1121 2953 1192 ipsa.
3005 1124 3221 1180 Dimitte
3270 1140 3491 1195 preces,
3538 1137 3598 1183 et

2015 1203 2163 1258 illum
2195 1206 2452 1277 increpa:
2502 1209 2575 1264 ita
2605 1219 2662 1266 et
2689 1211 2763 1266 illi
2786 1212 3052 1282 proderis,
3084 1223 3140 1270 et
3178 1226 3230 1269 tn
3272 1216 3591 1274 lucraberis.

2012 1295 2102 1349 Sic
2155 1296 2452 1366 poterimus
2491 1314 2680 1357 omnes
2724 1303 2950 1359 salutem
2978 1314 3033 1360 et
3076 1322 3299 1378 regnum
3338 1310 3592 1365 ctelorum

2013 1388 2226 1456 assequi
2253 1405 2266 1441 :
2299 1404 2406 1458 quo
2437 1407 2536 1446 nos
2560 1409 2748 1449 omnes
2772 1393 2876 1450 frui
2904 1397 3200 1468 contingat,
3225 1400 3396 1469 gratia
3419 1411 3473 1456 et
3501 1402 3588 1457 he-

2016 1481 2278 1550 nignitate
2305 1483 2514 1538 Domini
2543 1488 2712 1541 nostri
2764 1485 2892 1543 Jesu
2919 1487 3117 1544 Christi
3144 1530 3158 1556 ,
3211 1493 3422 1561 quicum
3451 1492 3596 1548 Patri

2015 1573 2282 1645 simulque
2313 1576 2534 1646 Spiritui
2567 1591 2754 1634 sancto
2782 1581 2947 1652 gloria
2967 1623 2983 1645 ,
3033 1583 3336 1652 imperium,
3370 1584 3546 1641 honor
3576 1629 3596 1653 ,

2019 1682 2162 1722 nunc
2182 1677 2236 1722 ct
2260 1684 2474 1738 semper
2496 1711 2511 1734 ,
2542 1679 2596 1726 et
2617 1673 2667 1726 in
2695 1673 2890 1728 smcula
2921 1675 3258 1730 saeculorum.
3289 1677 3484 1731 Amen.

339 1791 3597 1832 ψ

1705 1822 2051 1916 nomen
2093 1854 2301 1916 xxv.

328 2031 453 2085 Car.
485 2028 570 2082 ll.
595 2042 648 2080 γ.
683 2024 771 2079 l9.
823 2019 914 2074 Illi
934 2017 1155 2090 quidem,
1193 2012 1276 2081 qui
1301 2007 1514 2078 dispersi
1546 2007 1744 2077 fuerant
1768 2016 1800 2053 a
1825 1998 1918 2052 tri-

399 2121 672 2184 bulatione,
697 2131 808 2187 quw
831 2116 966 2186 facta
989 2115 1154 2182 fuerat
1173 2105 1233 2160 ob
1258 2091 1916 2187 Stephanum,pertransie-

399 2221 515 2266 runt
561 2185 717 2278 usque
768 2185 1040 2259 Phoenicen
1087 2209 1133 2253 et
1177 2195 1403 2267 Cyprum
1453 2198 1499 2244 et
1554 2185 1912 2248 Antiochiam,

402 2305 588 2358 nemini
633 2301 889 2369 loquentes
934 2292 1162 2356 verbum,
1208 2289 1308 2343 nisi
1330 2286 1453 2342 solis
1476 2283 1697 2338 Judwis.

406 2396 463 2448 l.
516 2393 631 2447 Non
661 2403 846 2459 parum
877 2385 943 2440 ad
976 2383 1122 2438 verbi
1156 2380 1452 2450 profectum
1480 2371 1705 2429 contulit
1733 2383 1916 2440 perse-

339 2486 525 2559 quutio
564 2502 577 2537 :
610 2498 731 2538 nam
760 2476 1095 2550 Diligentibus
1123 2473 1318 2536 Deum,
1363 2467 1556 2538 inquit,
1620 2463 1788 2559 omnia
1809 2476 1916 2559 fo-

333 2553 610 2650 o'perantur
630 2576 683 2629 in
701 2572 888 2628 bonum
915 2568 1092 2641 (Rom.
1113 2566 1166 2621 8.
1187 2562 1301 2634 28).
1327 2561 1383 2617 Si
1405 2555 1781 2650 voluisseﬁnti‘lli
1809 2553 1916 2608 Ec-

334 2647 550 2727 clcsiam
581 2678 896 2738 propagare,
955 2676 1060 2716 non
1100 2657 1244 2712 aliud
1297 2655 1550 2709 fecissent
1576 2669 1590 2705 :
1615 2649 1683 2704 de
1708 2647 1920 2717 disper-

334 2764 486 2817 sione
513 2761 704 2830 loquor
732 2756 1033 2812 doctorum.
1090 2752 1158 2806 Et
1204 2748 1326 2804 vide
1374 2759 1633 2819 quorsum
1687 2751 1910 2797 extensa

339 2852 496 2907 fuerit
554 2846 884 2920 pra‘dicatio.
937 2842 1384 2904 Pertransierunt,
1444 2836 1636 2907 inquit,
1663 2848 1821 2905 usque
1852 2830 1920 2884 ad

343 2943 616 2997 thnicen
643 2950 691 2994 et
734 2939 957 3010 Cyprum
987 2946 1031 2990 et
1059 2934 1379 2988 Antiochiam
1402 2972 1418 2996 ,
1449 2929 1634 2984 nemini
1662 2927 1920 2996 loquentes

334 3035 565 3098 verbum,
617 3033 714 3086 nisi
770 3029 890 3085 solis
934 3027 1152 3081 Judwis.
1202 3024 1386 3090 Vides,
1435 3018 1703 3092 quomodo
1743 3016 1920 3072 omnia

338 3128 479 3181 circa
507 3122 820 3180 Cornelium
855 3136 948 3190 per
974 3115 1432 3187 dispensationem
1459 3113 1595 3166 facta
1623 3111 1731 3164 sint
1757 3109 1780 3162 ?
1809 3103 1941 3162 lloc'

337 3225 516 3272 autent
547 3223 599 3270 et
629 3212 696 3266 ad
720 3211 1089 3266 defensionem
1117 3205 1313 3262 Christi
1345 3213 1398 3259 et
1423 3203 1492 3258 ad
1521 3200 1918 3257 accusationem

339 3307 649 3365 Judzeorum
671 3301 899 3360 confert.
931 3300 1111 3371 Itaque
1136 3312 1256 3353 cum
1273 3293 1574 3365 Stephanus
1592 3292 1798 3346 occisus
1818 3297 1920 3354 est,

343 3418 464 3456 cum
486 3399 684 3455 Paulus
704 3396 787 3452 bis
814 3404 895 3451 est
923 3391 1254 3464 periclitatus
1278 3428 1293 3452 ,
1324 3403 1444 3442 cum
1471 3384 1698 3455 apostoli
1737 3382 1922 3453 ﬂagelo

341 3493 429 3548 lati
453 3498 598 3555 sunt,
627 3503 747 3543 cum
775 3487 969 3556 scepius
999 3484 1177 3554 eiecti,
1208 3495 1333 3536 tunc
1354 3489 1561 3551 gentes,
1583 3488 1707 3532 tunc
1733 3477 1923 3532 Sama-

343 3582 502 3637 ritani
526 3580 725 3650 recepti
753 3589 878 3633 sunt
905 3597 919 3632 :
950 3576 1093 3646 quod
1119 3584 1174 3630 et
1196 3573 1390 3629 Paulus
1448 3572 1644 3626 clamat
1691 3568 1920 3624 dicens:

353 3674 501 3728 Vobis
524 3671 785 3741 oportebat
819 3670 1040 3740 primum
1091 3667 1229 3737 loqui
1255 3665 1458 3719 uerbum
1497 3662 1589 3718 Dei
1614 3678 1633 3716 :
1659 3663 1746 3716 sed
1794 3678 1924 3733 quo-

341 3768 478 3820 niam
497 3763 740 3835 repellitis
771 3761 940 3827 illud,
990 3769 1039 3816 et
1084 3759 1320 3830 indignos
1363 3774 1447 3813 vos
1480 3756 1767 3827 judicatis,
1817 3771 1927 3809 ecce

342 3861 678 3912 convertimur
696 3855 764 3908 ad
782 3862 950 3925 gentes
976 3852 1111 3924 (Act.
1145 3853 1197 3907 ὃ.
1229 3851 1344 3921 46).
1377 3850 1714 3904 Circuicrunt
1745 3848 1920 3916 igitur,

341 3958 396 4004 et
421 3957 612 4019 gentes
639 3943 1071 4015 alloquebantur.
1099 3943 1190 3998 20.
1225 3942 1384 3996 Erant
1413 3951 1580 3996 autem
1603 3942 1812 4012 quidam
1833 3958 1923 3994 eo-

340 4057 454 4094 rum
476 4039 571 4093 uiri
590 4037 764 4110 Cyprii
794 4046 841 4091 et
861 4034 1110 4106 Cyrenwi,
1161 4035 1248 4106 qui
1297 4048 1413 4087 cum
1448 4033 1695 4087 uenissent
1746 4032 1927 4085 Antio-

342 4134 532 4199 chiam,
557 4130 888 4200 loquebantur
907 4129 975 4182 ad
1001 4126 1227 4194 σταδίοις,
1264 4127 1622 4180 annuntiantes
1650 4123 1927 4178 Dominum

340 4225 541 4280 Jcsuni.
571 4223 663 4278 2|.
691 4222 756 4276 fit
777 4231 885 4276 erat
913 4237 1095 4276 manus
1121 4218 1331 4273 Domini
1357 4234 1474 4272 cum
1495 4219 1566 4271 eis
1595 4232 1612 4270 :
1639 4216 1927 4283 multusque

343 4332 581 4369 numerus
602 4315 910 4370 credentium
933 4328 1202 4368 conversus
1229 4322 1300 4366 est
1325 4309 1392 4363 ad
1420 4308 1696 4364 Dominum
1721 4309 1754 4363 J
1763 4325 1920 4364 esum.

359 4407 512 4472 Vide,
539 4406 744 4461 Graecis
768 4405 1101 4475 evangelium
1143 4403 1479 4457 annuntiant.
1518 4401 1819 4456 Verisimile
1845 4409 1928 4454 est

343 4501 486 4555 enim
513 4500 634 4556 illos
663 4499 850 4554 Graece
876 4497 1124 4561 scivisse,
1155 4506 1210 4550 et
1240 4495 1537 4549 Antiochiae
1560 4494 1758 4548 multos
1789 4494 1925 4548 tales

346 4591 528 4646 fuisse.
544 4588 612 4642 Et
638 4597 766 4653 erat,
793 4587 985 4656 inquit,
1014 4603 1192 4640 manus
1219 4583 1425 4637 Domini
1445 4600 1557 4637 cum
1579 4584 1715 4647 illis;
1743 4582 1794 4636 itl
1821 4591 1925 4650 est,

344 4685 497 4754 signa
527 4679 810 4735 faciebant.
840 4678 1049 4743 Viden',
1101 4691 1198 4731 cur
1238 4677 1399 4730 etiam
1459 4690 1602 4728 nunc
1653 4676 1928 4744 signorum

344 4773 633 4830 necessitas
665 4768 846 4835 fuerit,
875 4777 930 4823 ut
979 4768 1263 4823 crederent
1292 4767 1316 4820 i
1349 4767 1439 4820 22.
1472 4766 1708 4820 Pervenit
1760 4774 1928 4818 autem

348 4883 511 4921 sermo
537 4863 606 4919 ad
625 4877 772 4917 aures
794 4860 1058 4924 Ecclesiaz,
1082 4875 1193 4929 quw
1221 4867 1327 4913 erat
1370 4858 1708 4928 Jerosolymis
1733 4899 1747 4923 ,
1777 4873 1929 4927 super

345 4961 488 5014 istis:
509 4967 558 5013 et
581 4957 826 5012 miserunt
853 4952 1141 5007 Barnabam
1168 4967 1322 5021 usque
1339 4951 1408 5005 ad
1431 4952 1773 5005 Antiochiam.
1818 4951 1930 5006 Cur

347 5063 490 5108 tanta
513 5051 727 5106 civitate
752 5047 972 5104 verbum
1014 5045 1306 5114 recipiente
1334 5061 1440 5100 non
1474 5052 1734 5099 venerunt
1787 5044 1925 5113 ipsi,

349 5141 445 5198 sed
471 5141 768 5197 Barnabam
818 5139 1135 5194 miserunt?
1185 5136 1411 5207 PrOptcr
1438 5137 1672 5192 Iudaeos.
1733 5138 1928 5192 Verum

349 5253 452 5292 non
493 5251 654 5306 parva
685 5249 776 5290 res
793 5234 879 5288 hic
898 5233 1116 5304 geritur,
1159 5231 1286 5286 dum
1323 5232 1402 5286 sic
1446 5231 1640 5286 Paulus
1684 5234 1818 5287 istuc
1841 5247 1930 5287 ac-

348 5329 488 5384 cedit
522 5347 532 5382 :
569 5344 746 5400 neque
785 5327 904 5383 sine
927 5341 1085 5382 causa
1107 5368 1121 5391 ,
1146 5325 1245 5382 sed
1267 5341 1388 5381 cum
1419 5339 1608 5394 magna
1639 5322 1928 5395 providen-

348 5422 422 5476 tia
452 5422 598 5476 illum
643 5429 980 5486 aversantur,
1009 5436 1077 5476 ne
1106 5435 1210 5475 vox
1258 5419 1658 5490 przedicationis
1695 5421 1926 5491 tubaque

349 5511 600 5567 celerum
626 5513 972 5585 Jcrosolyma:
997 5511 1380 5568 includeretur.
1417 5505 1627 5580 Vidcn‘,
1660 5513 1931 5584 quomodo

353 5603 548 5671 ulzique
576 5603 775 5658 malitia
822 5621 1027 5674 eorum,
1061 5616 1120 5661 ut
1157 5619 1294 5678 opus
1317 5615 1454 5674 erat,
1483 5618 1536 5662 et
1561 5618 1616 5662 ut
1641 5609 1750 5678 ipse
1780 5607 1926 5661 volc-

2021 1999 2132 2066 bat,
2160 2001 2404 2057 Christus
2431 2011 2689 2073 uteretur,
2721 2016 2881 2078 atque
2903 2008 3026 2063 odio
3056 2009 3108 2064 in
3131 2011 3352 2066 Paulum
3379 2013 3444 2067 ad
3467 2014 3597 2068 aedi-

2021 2091 2321 2147 ﬁcationem
2345 2095 2598 2152 Ecclesiae
2625 2113 2687 2153 ex
2717 2100 3008 2169 gentibus?
3034 2101 3140 2157 Sed
3169 2104 3286 2159 vide
3317 2105 3456 2161 hunc
3471 2122 3602 2177 quo.

2021 2197 2124 2252 que
2139 2195 2380 2240 sanctum
2405 2229 2422 2254 ,
2457 2189 2752 2245 Barnabam
2782 2193 2922 2256 dico,
2947 2195 3218 2264 quomodo
3255 2213 3361 2253 non
3385 2215 3479 2254 sua
3515 2217 3595 2257 re-

2018 2275 2227 2344 Spiciat,
2257 2279 2350 2334 sed
2380 2292 2559 2335 currat
2597 2283 2840 2342 Tarsum.
2881 2285 2967 2343 25.
3019 2290 3259 2358 Quicum
3286 2293 3512 2361 venisset,
3556 2303 3603 2350 et

2019 2366 2218 2420 uidisset
2263 2371 2481 2438 gratiam
2504 2371 2634 2440 Dei,
2677 2376 2880 2446 gavisus
2919 2387 3013 2447 est,
3043 2392 3087 2435 et
3114 2382 3407 2437 hortabatur
3433 2381 3602 2440 omnes

2000 2459 2073 2548 ‘in
2125 2464 2383 2532 proposito
2428 2468 2596 2522 cordis
2650 2484 2943 2538 permanere
2970 2474 3022 2526 in
3060 2472 3319 2531 Domino:
3357 2477 3448 2532 24.
3488 2481 3605 2548 quia

2021 2563 2125 2607 erat
2154 2555 2411 2611 virbonus
2431 2567 2475 2611 et
2501 2560 2678 2628 plenus
2702 2561 3101 2632 Spiritu‘sancto
3128 2577 3176 2620 et
3201 2567 3324 2636 ﬁde.
3356 2568 3419 2622 Et
3440 2586 3602 2639 appo-

2020 2646 2116 2700 sita
2146 2657 2218 2702 est
2243 2651 2402 2703 multa
2428 2649 2571 2706 lurba
2594 2652 2833 2709 Domino.
2865 2655 2956 2712 25.
3009 2657 3282 2731 Profectus
3323 2671 3393 2716 est
3428 2673 3596 2718 autem

2023 2739 2288 2795 Barnabas
2346 2741 2579 2809 Tarsum,
2613 2756 2664 2799 ut
2693 2761 2935 2816 qnwreret
2978 2751 3196 2806 Saulum
3230 2770 3248 2808 :
3297 2771 3441 2824 quem
3487 2771 3602 2810 cum

2025 2825 2311 2899 invenisset,
2349 2835 2587 2904 perduxit
2628 2837 2968 2894 Antiochiam.
3028 2843 3272 2912 Optimus
3305 2847 3385 2900 vir
3409 2856 3605 2903 eratet

2023 2926 2272 2996 simplex,
2306 2936 2467 2998 atque
2493 2929 2658 2985 Paulo
2688 2930 2986 2988 familiaris.
3018 2934 3143 2990 Ideo
3175 2939 3320 2992 venit
3347 2939 3411 2993 ad
3443 2940 3607 2996 athle-

2026 3025 2155 3081 tam,
2183 3018 2249 3073 ad
2271 3018 2485 3085 ducem,
2511 3021 2578 3076 ad
2629 3024 3037 3080 monomachum
3059 3068 3074 3092 ,
3118 3027 3183 3081 ad
3214 3028 3424 3084 leonem
3455 3048 3469 3097 ;
3509 3047 3606 3086 ne-

2028 3109 2144 3163 scio
2167 3110 2292 3179 quid
2323 3111 2534 3178 dicam;
2560 3114 2816 3184 quidquid
2847 3118 2988 3171 enim
3037 3118 3265 3174 dixerim
3287 3162 3300 3185 ,
3345 3121 3605 3193 dignitate

2027 3199 2251 3257 inferius
2279 3202 2446 3259 Paulo
2475 3205 2595 3259 erit.
2621 3205 2780 3261 Venit
2805 3207 2872 3262 ad
2897 3211 3196 3265 venaticum
3222 3227 3411 3267 canem
3439 3255 3455 3280 ,
3493 3215 3607 3268 leo-

2027 3308 2124 3350 nes
2152 3293 2480 3351 occidentem
2511 3335 2527 3364 ,
2577 3297 2645 3352 ad
2691 3305 2898 3354 taurum
2949 3300 3179 3369 fortem,
3222 3302 3288 3357 ad
3333 3304 3603 3360 lucernam

2026 3385 2362 3455 Splendidam
2387 3428 2404 3456 ,
2443 3388 2510 3444 ad
2549 3405 2610 3445 os
2639 3392 2756 3458 orbi
2786 3392 3073 3449 sufficiens.
3097 3394 3234 3450 Vere
3266 3396 3386 3451 ideo
3416 3399 3608 3453 Antio-

2027 3477 2162 3531 chia:
2201 3480 2373 3533 vocati
2429 3488 2552 3534 sunt
2603 3481 2935 3550 Christiani,
2987 3485 3109 3554 quia
3137 3486 3331 3543 Paulus
3357 3488 3428 3543 ibi
3464 3497 3610 3545 tanto

2030 3579 2269 3641 tempore
2293 3572 2614 3629 mansit.26.
2648 3573 2866 3629 Factum
2885 3585 2957 3630 est
2974 3587 3140 3631 autem
3164 3587 3214 3631 ut
3235 3595 3424 3633 annum
3450 3590 3609 3635 totum

2027 3673 2445 3736 congregarentur
2469 3666 2523 3719 in
2549 3665 2797 3735 Ecclesia,
2821 3678 2869 3722 et
2894 3669 3124 3723 docerent
3149 3670 3346 3725 turbam
3375 3674 3605 3736 multam,

2028 3755 2099 3808 ita
2147 3764 2201 3808 ut
2247 3759 2721 3827 cognominarentnr
2777 3762 2996 3830 primum
3039 3763 3320 3818 Antiochiae
3375 3767 3609 3836 discipuli

2028 3845 2320 3902 Christiani.
2345 3849 2459 3904 Non
2491 3865 2650 3920 parva
2679 3853 2909 3907 civitatis
2937 3855 3049 3907 laus
3081 3853 3213 3909 inec.
3265 3855 3374 3910 Hoc
3423 3867 3607 3910 contra

2031 3951 2221 3992 omnes
2272 3938 2462 3995 adduci
2509 3950 2705 4010 potest,
2736 3943 2876 4012 quod
2909 3944 3076 4013 prima
3123 3947 3359 4000 omnium
3389 3963 3482 4002 ore
3520 3949 3608 4001 tali

2031 4038 2176 4084 tanto
2222 4038 2462 4100 tempore
2493 4029 2758 4088 frueretur
2787 4051 2798 4086 :
2831 4035 2973 4091 unde
3005 4043 3060 4090 et
3106 4038 3279 4106 primo
3328 4037 3481 4094 isthic
3510 4040 3608 4095 hoc

2031 4121 2245 4177 nomine
2269 4121 2469 4192 dignati
2495 4134 2639 4179 sunt.
2665 4125 2850 4181 Videu’
2875 4127 2927 4182 in
2951 4140 3208 4198 quantum
3237 4133 3495 4202 fastigium
3527 4134 3609 4187 ci—

2031 4214 2244 4268 vitatem
2271 4217 2542 4284 extulerit,
2595 4218 2989 4291 clarioremque
3033 4221 3260 4278 fecerit?
3301 4225 3411 4279 lloc
3460 4225 3648 4280 Pauli‘

2030 4320 2166 4375 opus
2191 4315 2292 4359 est.
2317 4305 2419 4362 Ubi
2449 4310 2548 4363 tria
2578 4309 2764 4377 millia,
2796 4311 2882 4367 ubi
2923 4313 3158 4383 quinque
3179 4313 3346 4369 millia
3366 4317 3612 4372 credide-

2032 4405 2175 4462 runt,
2220 4398 2306 4452 ubi
2338 4408 2479 4454 tanta
2508 4399 2790 4457 ntultitudo
2811 4444 2824 4467 ,
2859 4403 2933 4458 ibi
2974 4405 3108 4459 nihil
3132 4407 3236 4460 tale
3266 4407 3462 4461 factum
3485 4419 3604 4474 est;

2030 4489 2124 4544 sed
2179 4491 2353 4546 adhuc
2375 4491 2443 4548 de
2473 4493 2554 4547 via
2583 4493 2690 4547 illa“
2722 4503 2924 4550 tantum
2977 4511 3097 4552 esse
3143 4497 3492 4553 dicebantur:
3525 4500 3611 4554 hic

2031 4595 2158 4636 vero
2184 4582 2468 4639 Christiani
2496 4587 2746 4655 appellati
2777 4597 2919 4642 sunt.
2964 4589 3055 4644 27.
3112 4589 3179 4643 In
3203 4591 3281 4644 his
3309 4602 3476 4646 autem
3497 4592 3608 4647 die-

2030 4674 2121 4729 bus
2151 4677 2511 4732 descenderunt
2539 4679 2600 4732 ab
2627 4677 2962 4751 Jerosolymis
2988 4683 3248 4752 propheta:
3269 4683 3610 4742 Antiochiam.

2031 4769 2294 4836 Quoniam
2325 4771 2480 4825 isthic
2503 4771 2729 4826 fructum
2753 4774 3108 4844 cleemosynze
3136 4777 3363 4846 plantari
3399 4792 3613 4847 Oporte-

2031 4864 2121 4918 bat
2141 4906 2155 4929 ,
2189 4863 2392 4918 utiliter
2415 4865 2726 4934 providetur
2753 4874 2807 4919 ut
2830 4868 3107 4936 prophetae
3139 4869 3232 4924 illo
3262 4870 3610 4926 descendant.

2035 4957 2116 5011 Tu
2143 4971 2274 5011 vero
2300 4956 2430 5011 mihi
2467 4957 2776 5012 consideres
2803 4959 2984 5026 velim,
3023 4963 3293 5017 neminem
3327 4979 3390 5019 ex
3415 4965 3613 5018 clario-

2031 5048 2182 5101 rihns
2210 5048 2396 5102 horum
2419 5046 2694 5104 doctorem
2721 5047 2885 5105 fuisse
2911 5069 2922 5104 :
2955 5051 3183 5122 Cyprios
3211 5055 3354 5108 enim
3379 5055 3614 5109 habuere

2034 5141 2305 5209 doctores,
2334 5140 2620 5213 Cyrenznos
2649 5151 2704 5197 et
2734 5142 2984 5216 Paulum(
3015 5146 3223 5200 etiamsi
3257 5146 3343 5201 hic
3370 5147 3491 5200 illos
3519 5164 3612 5199 su-

2035 5236 2301 5304 peraverit
2331 5235 2369 5305 ),
2402 5237 2543 5291 sicut
2584 5236 2782 5293 Paulus
2821 5238 3072 5293 doctores
3101 5239 3282 5292 habuit
3317 5240 3612 5294 Bal'nnbtlltl

2032 5336 2085 5378 et
2109 5328 2367 5381 Ananiam
2395 5342 2410 5393 ;
2437 5328 2532 5384 sed
2561 5329 2689 5384 nihil
2715 5330 2838 5386 inde
2869 5334 3043 5386 minor
3074 5332 3171 5386 fuit
3204 5349 3216 5386 :
3267 5331 3498 5387 habebat
3531 5342 3612 5385 ta-

2038 5434 2159 5474 men
2186 5429 2241 5475 et
2268 5421 2560 5476 Christum.
2587 5423 2679 5478 28.
2734 5423 2960 5494 Surgens
2985 5433 3148 5485 autem
3176 5440 3306 5478 unus
3332 5441 3394 5478 ex
3423 5424 3492 5478 eis
3521 5441 3611 5476 no-

2035 5510 2168 5564 mine
2196 5511 2418 5582 Agabus,
2443 5514 2760 5585 signiﬁcabat
2780 5519 2967 5586 [amem
3013 5531 3249 5584 magnam
3293 5520 3516 5587 futuram
3566 5518 3618 5568 in

2037 5607 2266 5662 universe
2301 5607 2442 5678 orbe,
2483 5625 2594 5679 q'ta:
2625 5611 2763 5680 facta
2791 5619 2862 5663 est
2884 5609 2976 5663 sub
3006 5606 3223 5661 Claudio
3263 5609 3477 5665 C’azsarc.
3509 5609 3613 5663 Ne-
