4084 6174
292 331 384 387 191
1364 331 1433 387 IN
1472 332 1655 390 ACTA
1683 334 1945 394 APOSTG

2047 337 2224 397 *BUM.
2264 337 2503 395 ΠΟΜίΙι.
2541 338 2704 396 XXV.

285 442 482 514 ήκατά
507 443 742 498 διάνοιαν
785 444 1046 517 ῥᾳθυμία,
1095 449 1218 503 οὐδὲ
1256 450 1339 504 ὃτι
1381 453 1666 525 εὐχόμενοι
1711 456 1947 528 ἀλλαχοῦ

287 530 632 602 ῥεμϐόμεθα·
655 530 793 585 ἀλλά
832 534 927 593 καὶ
972 534 1182 603 γέλωτα
1221 538 1587 612 ὲπεισάγομεν
1616 543 1710 596 καὶ
1737 544 1900 599 πολὺν
1922 559 1947 587 ιι

285 617 374 672 τὸν
405 617 744 688 καγχασμόν.

352 704 445 774 Μὴ
478 705 586 774 γὰρ
617 704 846 776 θέατρόν
871 706 990 761 ἐστι
1020 707 1089 762 τὰ
1132 709 1407 774 ὲνταῦθα;
1454 713 1614 779 Ἀλλ’,
1646 712 1800 788 οἴμαι
1825 757 1839 784 ,
1879 718 1948 772 τὰ

288 790 483 861 θέατρα
509 791 664 845 τοῦτο
689 795 864 846 ποιεῖ·
917 794 1202 866 δυσηνίους
1227 800 1349 863 τοὺς
1385 800 1610 864 πολλοὺς
1639 804 1771 874 ἡμῖν
1812 804 1950 858 καο-

291 877 497 947 ίστησιν
531 879 625 931 καὶ
648 879 982 951 ἀρρύθμους.
1017 882 1198 956 Ἀπερ
1235 886 1625 960 οἰκοδομοῦμεν
1671 891 1905 945 ἐνταῦθα
1928 932 1945 956 ,

288 965 403 1018 ἐκεῖ
436 966 905 1037 καταστρέφεται·
930 969 1027 1023 καὶ
1055 970 1116 1022 οὐ
1147 971 1305 1029 τοῦτο
1337 973 1516 1044 μόνον,
1547 976 1684 1031 ἀλλά
1718 977 1811 1031 καὶ
1833 977 1949 1033 ἑτέ-

289 1067 386 1120 ρας
409 1050 751 1123 ἀκαθαρσίας
775 1053 989 1124 ἀνάγκη
1017 1056 1213 1121 αὐτοὺς
1236 1052 1670 1132 ἀναπεπλῆσθαι.
1694 1064 1805 1118 Καὶ
1823 1081 1951 1119 ταυ-

284 1136 374 1189 τὸν
407 1137 637 1204 γίνεται,
674 1134 785 1193 οἷον
814 1138 881 1194 ἂν
907 1140 1072 1206 εἴτις
1105 1144 1303 1213 χωρίον
1334 1146 1509 1201 ἐθέλοι
1530 1149 1798 1220 καθᾶραι,
1840 1169 1950 1223 πη·-

284 1226 383 1313 γῆς
403 1226 610 1313 ἄνωθεν
632 1229 1038 1313 ὑπερκειμένης
1068 1232 1324 1306 βόρϐορον
1357 1236 1613 1309 ἀφιείσης
1635 1255 1648 1269 ·
1689 1240 1811 1295 ὅσον
1840 1242 1950 1313 γὰρ

282 1310 349 1365 ἂν
366 1311 638 1386 καθάρῃς,
650 1314 811 1371 πάλιν
826 1308 1010 1388 ἕτερον
1021 1319 1434 1394 ὲπιρῤεῖ.Τοῦτο
1451 1323 1542 1375 καὶ
1561 1308 1791 1378 ἐνταῦθα
1802 1308 1949 1394 γίνε-

279 1401 387 1450 ται.
408 1397 558 1471 [200]
581 1400 745 1454 Ὅταν
765 1401 873 1473 γάρ
889 1402 1217 1475 καθάρωμεν
1228 1393 1454 1461 ἀπὸτῶν
1473 1407 1717 1480 θεάτρων
1746 1393 1945 1465 εἰσιόν-

278 1498 397 1546 τας.
426 1485 766 1556 ἀκαθαρσίαν
787 1489 1175 1561 ἐπιφέροντας,
1212 1492 1535 1559 ἀπελθόντες
1567 1494 1728 1550 πάλιν
1759 1499 1873 1550 ἐκεῖ
1895 1498 1945 1564 ιι,

281 1570 507 1641 μείζονα
538 1574 781 1647 δέχονται
809 1576 906 1648 τὴν
934 1578 1295 1653 ἀκαθαρσίαν,
1330 1580 1405 1646 ὡς
1435 1582 1687 1654 ἐπίτηδες
1712 1583 1799 1638 διὰ
1821 1585 1946 1639 τοῦ-

278 1673 340 1711 το
373 1656 605 1726 ζῶντες,
643 1661 728 1716 ἵνα
758 1665 958 1729 κόπους
996 1667 1132 1737 ήμῖν
1178 1672 1501 1742 παρέχωσι,
1552 1672 1668 1727 καὶ.
1695 1672 1945 1744 ἔρχονται

278 1745 444 1799 πάλιν
474 1746 675 1820 πολλὴν
725 1750 931 1823 κόπρον
971 1754 1331 1823 βαστάζοντες
1354 1799 1367 1821 ,
1396 1758 1455 1811 ὲν
1482 1756 1596 1822 τοῖς
1621 1758 1807 1829 ήθεσιν
1830 1798 1846 1824 ,
1885 1761 1943 1816 ὲν

338 1848 485 1925 ‘n
507 1851 700 1925 γέλωτα.
712 1854 965 1925 ἐπεισιέναι
985 1859 1075 1925 χρή
1088 1859 1172 1925 καί
1199 1860 1362 1925 πολύν.
1406 1862 1515 1925 Bitia
1546 1861 1772 1925 plerique
1798 1863 1942 1914 codd.

275 1914 329 1960 ει
351 1910 537 1972 SaviL;
574 1911 763 1976 Meum,
786 1918 868 1967 καί
903 1910 1042 1967 ἀκαθ.
1065 1910 1178 1979 ’ἔπη
1210 1921 1294 1970 ἀπ.
1327 1922 1443 1972 ἐκεῖ.
1476 1910 1612 1972 Ευῖτ.

3610 352 3714 409 192

2048 464 2161 525 τοῖς
2191 459 2515 532 κινήμασιν,
2557 462 2616 514 ὲν
2656 462 2767 524 τοῖς
2798 461 3069 533 ῥήμασιν,
3097 466 3155 519 ὲν
3179 464 3257 537 τῷ
3289 465 3521 534 γέλωτι,
3556 471 3616 527 ὲν
3640 475 3709 545 τῇ

2051 548 2312 620 ῥᾳθυμίᾳ.
2344 544 2478 602 Εἶτα
2507 548 2669 602 πάλιν
2699 549 2860 620 ήμεῖς
2891 550 3205 622 σκάπτομεν
3225 554 3453 621 ἀνωθεν,
3494 558 3570 622 ὡς
3593 544 3714 614 ἔπιέ

2048 636 2205 706 τηδες
2233 636 2322 690 διὰ
2348 636 2507 691 τοῦτο
2540 636 2891 703 σκάπτοντες,
2924 638 3010 691 ἵνα
3040 640 3314 712 καθαροὺς
3340 644 3535 709 αὐτοὺς
3578 647 3715 719 πέμ-

2047 723 2248 792 ψαντες
2278 723 2439 777 πάλιν
2469 724 2665 795 ἴδωμεν
2710 725 3115 794 συναγαγόντας
3156 727 3248 781 τὸν
3291 729 3568 803 βόρϐορον.
3610 736 3712 792 Διά

2046 810 2206 864 τοῦτο
2256 810 2600 882 παραδίδωμι
2650 811 2795 883 ὑμᾶς
2839 812 2916 883 τῷ
2954 812 3092 883 Θεῷ.
3157 816 3435 871 Ἐντεῦθεν
3479 820 3578 890 ήδη
3616 823 3711 876 καὶ

2046 897 2492 970 διαμαρτύρομαι
2541 899 2669 971 ὑμῖν
2698 902 2810 962 τοῖς
2843 900 3175 969 ὑγιαίνουσιν
3198 943 3214 969 ,
3253 904 3336 957 ὅτι
3369 909 3545 977 κρῖμα
3584 908 3713 979 ὑμῖν

2049 984 2201 1037 ἔσται
2245 986 2339 1038 καὶ
2386 984 2706 1057 κατάκριμα
2730 1027 2744 1052 ,
2785 986 2840 1038 εί
2870 1004 2952 1052 τις
2991 987 3113 1041 ἰδὼν
3136 988 3476 1044 ἀτακτοῦντα
3499 1033 3514 1058 ,
3547 993 3600 1046 εἰ
3626 1012 3712 1060 τις

2048 1072 2428 1144 διαλεγόμενον
2469 1076 2705 1146 μάλιστα
2733 1078 2789 1130 ὲν
2818 1076 3012 1148 ἐκείνῳ
3037 1077 3113 1149 τῷ
3142 1078 3318 1151 καιρῷ
3344 1122 3359 1145 ,
3415 1082 3491 1153 μή
3539 1102 3712 1140 κατα-

2051 1161 2301 1231 μηνύσει,
2327 1162 2460 1233 μηδὲ
2494 1164 2809 1236 ἐπιστρέψει
2840 1182 2854 1196 ·
2895 1164 3101 1236 βέλτιον
3138 1166 3305 1239 εύχῆς
3333 1168 3510 1222 τοῦτο.
3544 1171 3714 1239 ’Δφες

2051 1265 2144 1302 σου
2193 1253 2292 1321 τὴν
2344 1251 2526 1322 εὐχὴν,
2582 1252 2819 1323 κάκείνῳ
2866 1251 3184 1323 ἐπιτίμησον
3228 1270 3242 1286 ·
3289 1253 3431 1310 οὕτω
3463 1257 3713 1311 κάκεῖνον

2047 1335 2385 1408 ὠφελήσεις,
2428 1338 2523 1391 καὶ
2572 1340 2636 1392 σὺ
2685 1339 2984 1411 κερδανεῖς.
3036 1339 3192 1396 Οῦτω
3232 1343 3325 1396 καὶ
3369 1343 3713 1414 δυνησόμεθα

2048 1424 2287 1489 ἅπαντες
2331 1424 2615 1495 σωθῆναι,
2673 1426 2767 1479 καὶ
2823 1426 2923 1498 τῆς
2969 1427 3077 1481 τῶν
3135 1429 3380 1501 οὐρανῶν
3436 1430 3713 1500 βασιλείας

2047 1514 2324 1582 ἐπιτυχεῖν
2351 1528 2364 1543 ·
2394 1506 2462 1585 ἦς
2504 1512 2714 1580 γένοιτο
2759 1512 2965 1577 πάντας
3010 1516 3159 1585 ἡμᾶς
3196 1516 3501 1570 ἀπολαῦσαι
3530 1517 3713 1589 χάριτι

2047 1600 2141 1653 καὶ
2197 1599 2579 1670 φιλανθρωπίᾳ
2615 1598 2710 1652 τοῦ
2759 1599 2964 1671 Κυρίου
3014 1600 3172 1671 ἡμῶν
3216 1601 3386 1672 Ἰησοῦ
3425 1603 3663 1675 Χριστοῦ
3696 1643 3712 1669 ,

2054 1686 2173 1758 μεθ’
2203 1680 2264 1740 οῦ
2287 1686 2364 1757 τῷ
2388 1687 2563 1758 Πατρί
2593 1687 2708 1758 ἆμα
2737 1687 2815 1759 τῷ
2840 1688 2981 1759 ἀγίῳ
3010 1688 3286 1758 Πνεύματι
3317 1690 3461 1755 δόξα,
3488 1691 3711 1763 κράτος,

2050 1775 2204 1845 τιμὴ,
2254 1775 2350 1829 νῦν
2401 1775 2494 1828 καὶ
2538 1775 2645 1842 ἀεὶ,
2695 1776 2790 1830 καὶ
2828 1777 2909 1840 εἰς
2939 1776 3064 1841 τοὺς
3089 1777 3291 1843 αἰῶνας
3331 1778 3439 1833 τῶν
3476 1777 3710 1833 αἰώνων.

2061 1863 2164 1933 ’Λμ
2179 1863 2238 1932 ἢν

1781 2104 2029 2158 OMIAIA
2076 2102 2205 2158 KE'.

275 2188 343 2241 οι
364 2189 487 2265 μὲν
505 2182 620 2265 οὖν
636 2187 1072 2265 διασπαρέντες
1091 2193 1208 2265 ἀπὸ
1238 2193 1349 2263 τῆς
1370 2196 1629 2264 θλίψεως
1650 2194 1753 2264 τῆς
1779 2212 1944 2265 γενο-

334 2257 533 2333 μένης
568 2260 667 2314 ἐπὶ
701 2257 1016 2333 Στεφὶίνῳ,
1047 2257 1340 2332 διῆλθον-⁷
1362 2257 1495 2333 ἓως-⁷
1517 2257 1801 2333 Φοὶνίςιὶης
1842 2266 1941 2318 καὶ

338 2329 590 2402 Κύπρου
622 2332 722 2402 καί
765 2329 1160 2401 Ἀντιοχείας,
1195 2334 1410 2402 μηδενί
1450 2329 1793 2401 λαλοῦντες
1836 2335 1946 2388 τὸν

338 2400 552 2468 λόγον,
579 2400 734 2469 εἰμὴ
760 2400 1311 2471 μόνονἾουδαίοις.
1352 2472 1359 2475 _

334 2491 412 2540 α’.
443 2486 519 2540 Ού
541 2488 736 2558 μικρὸν
760 2491 789 2542 ό
818 2489 1055 2560 διωγμὸς
1082 2490 1455 2563 κατώρθωσεν
1481 2493 1562 2557 εἰς
1587 2491 1679 2547 τὸν
1702 2492 1860 2561 λόγον
1891 2503 1941 2546 ο.

264 2572 397 2636 Τοῖς
432 2572 546 2645 γὰρ
570 2574 825 2643 ἀγαπῶσι
854 2576 944 2630 τὸν
969 2578 1102 2632 Θεὸν
1132 2579 1309 2632 πάντα
1341 2581 1614 2651 συνεργεῖ,
1650 2580 1833 2651 φησὶν,
1863 2579 1945 2642 εἰς

259 2661 502 2730 ἀγαθόν.
545 2663 658 2717 Ούκ
719 2663 823 2729 ἂν,
885 2664 940 2717 εἴ
985 2680 1048 2732 γε
1107 2665 1363 2735 ἐπίτηδες
1419 2665 1759 2720 ἐσπούδασαν
1811 2667 1943 2737 στῆς

260 2766 358 2804 σαι
413 2751 518 2819 τὴν
562 2750 921 2820 Ἐκκλησίαν,
956 2751 1083 2806 ἄλλο
1110 2770 1161 2805 τι
1193 2752 1478 2822 ἐποίησαν,
1509 2752 1543 2824 ἢ
1569 2751 1729 2806 τοῦτο
1757 2767 1770 2782 ·
1799 2752 1944 2822 λέγω

256 2835 317 2890 δὲ
374 2837 445 2890 τὸ
487 2838 802 2909 διασπεῖραι
833 2839 962 2901 τοὺς
1018 2839 1395 2904 διδασκάλους.
1445 2840 1557 2894 Καὶ
1602 2841 1705 2911 δρα
1749 2839 1853 2894 ποῦ
1884 2840 1946 2894 τὸ

255 2925 539 2997 κήρυγμα
566 2925 814 2997 ἐξετάθη.
851 2924 1130 2994 Διῆλθον,
1161 2928 1347 2997 φησὶν,
1383 2927 1492 2993 ἕως
1529 2927 1816 2998 Φοινίκης
1847 2926 1947 2981 καί

251 3014 522 3082 Κύπρου
548 3012 649 3067 καί
686 3012 1069 3082 Ἀντιοχείας,
1104 3012 1319 3082 μηδενί
1349 3014 1685 3080 λαλοῦντες
1706 3014 1813 3069 τὸν
1841 3016 1946 3069 λό-

245 3118 389 3171 γον,
415 3102 479 3154 εἰ
503 3100 593 3169 μὴ
628 3101 823 3170 μόνον
865 3100 1196 3167 Ἰουδαίοις.
1241 3100 1397 3171 Ὁρᾷς
1458 3102 1540 3155 ὅτι
1591 3104 1947 3175 οἰκονομικῶς

248 3186 451 3241 πάντα
475 3186 667 3255 γέγονε
686 3186 757 3241 τά
789 3186 918 3258 περὶ
946 3188 1274 3258 Κορνήλιον;
1297 3188 1468 3243 Τοῦτο
1495 3190 1554 3243 δὲ
1580 3191 1674 3243 καὶ
1705 3194 1784 3254 εἰς
1812 3193 1946 3246 ἀπο-

245 3274 463 3346 λογίαν
503 3273 597 3327 τοῦ
616 3274 873 3346 Χριστοῦ,
906 3275 1000 3329 καί
1049 3276 1129 3339 εἰς
1158 3276 1489 3348 κατηγορίαν
1538 3278 1646 3331 τῶν
1680 3279 1945 3334 Ἰουδαίων

244 3362 433 3415 ἐστίν,
484 3360 616 3414 ’Ὁτε
661 3360 793 3429 γοῦν
839 3361 1110 3430 Στέφανος
1156 3361 1416 3433 ἀνῃρέθη,
1466 3364 1554 3417 ὅτε
1600 3365 1808 3430 Παῦλος
1862 3366 1944 3431 δὶς

243 3448 672 3515 ἐκινδύνευσεν,
700 3447 789 3501 ὅτε
816 3449 864 3502 οί
896 3447 1183 3502 ἀπόστολοι
1215 3449 1646 3521 ὲμαστίχθησαν,
1693 3453 1781 3506 ὅτε
1816 3453 1944 3507 πολ-

244 3536 417 3601 λάκις
444 3534 757 3607 ἠλάθησαν,
788 3536 910 3590 τότε
931 3535 999 3590 τά
1028 3535 1157 3607 ἔθνη
1182 3536 1397 3608 ἐδέχθη,
1435 3538 1555 3591 τότε
1587 3539 1942 3610 Σαμαρεῖται.

251 3626 320 3679 ὐ
346 3625 456 3679 καὶ
485 3622 696 3687 Παῦλος
724 3622 823 3694 βοᾷ
842 3623 1036 3692 λέγων·
1084 3611 1244 3693 Ὑμῖν
1261 3620 1340 3693 ἦν
1361 3624 1692 3694 ἀναγκαῖον
1710 3625 1946 3695 πρῶτον

239 3710 619 3779 λαληθῆναι
640 3710 747 3765 τὸν
768 3711 958 3780 λόγον
988 3710 1095 3764 τοῦ
1149 3709 1316 3765 Θεοῦ·
1350 3710 1555 3780 ἐπειδὴ
1604 3712 1672 3765 δὲ
1698 3713 1946 3768 ἀπωθεῖ-

242 3803 364 3855 σθε
420 3799 644 3865 αὐτὸν,
691 3798 790 3853 καί
838 3800 949 3853 οὐκ
992 3797 1205 3865 ἀξίους
1231 3798 1461 3866 κρίνετε
1488 3786 1764 3867 ἑαυτοὺς,
1815 3802 1943 3856 ίδοὺ

241 3886 653 3957 στρεφόμεθα
672 3886 758 3951 εὶς
798 3885 872 3941 τὰ
899 3884 1066 3952 ἔθνη.
1119 3885 1448 3956 Περιῄεισαν
1485 3882 1579 3940 οὖν
1623 3887 1718 3942 καὶ
1766 3888 1944 3942 ἔθνεσι

239 3973 665 4044 διαλεγόμενοι.
693 3968 889 4027 Ἦσαν
910 3971 979 4026 δέ
1004 3990 1164 4039 τινες
1205 3973 1275 4038 ἐξ
1311 3972 1511 4027 αὐτῶν
1562 3974 1777 4044 ἄνδρες
1823 3978 1945 4031 Κύ-

239 4078 417 4130 πριοι
475 4060 587 4114 καί
636 4059 978 4127 Κυρηναῖοι,
1009 4059 1228 4126 οἵτινες
1275 4061 1559 4128 ἐλθόντες
1603 4064 1692 4129 είς
1721 4064 1946 4118 Ἀντιό-

239 4165 453 4218 χειαν,
480 4146 762 4201 ἐλάλουν
792 4147 943 4216 πρὸς
993 4146 1135 4214 τοὺς
1175 4148 1595 4217 Ἑλληνιστάς,
1643 4153 1947 4222 εὐαγγελι-

236 4234 498 4307 ζόμενοι
552 4233 664 4288 τὸν
702 4234 921 4302 Κύριον
965 4233 1226 4303 Ἰησοῦν.
1267 4236 1376 4290 Καί
1427 4232 1507 4307 ἦν
1542 4238 1673 4308 χεὶρ
1723 4239 1944 4306 Κυρίου

232 4325 368 4391 μετ’
407 4321 654 4383 αὐτῶν,
680 4322 874 4385 πολύς
916 4337 981 4375 τε
1017 4320 1261 4389 ἀριθμὸς
1297 4324 1632 4391 πιστεύσας
1667 4323 1947 4393 ἐπέστρε-

236 4412 365 4481 ψεν
390 4410 511 4477 ἐπὶ
544 4407 656 4463 τὸν
691 4407 907 4476 Κύριον
949 4408 1211 4476 Ἰησοῦν.
1245 4409 1409 4480 Ὅρα,
1437 4411 1692 4481 ’Ἓλλησιν
1714 4412 1947 4481 εὐαγγε-

236 4497 501 4562 λίζονται
549 4496 598 4549 1³.
634 4494 797 4559 Εἰκὸς
819 4494 929 4567 γάρ
952 4494 1149 4559 αὐτούς
1174 4513 1235 4550 τε
1258 4494 1445 4551 λοιπὸν
1467 4497 1663 4553 εἰδέναι
1699 4498 1946 4569 Ἐλληνι-

241 4587 351 4651 στὶ,
410 4586 528 4641 καὶ
574 4581 729 4656 [2011
776 4584 835 4636 ἐν
900 4583 1201 4655 Ἀντιοχείᾳ
1226 4582 1501 4649 τοιούτους
1525 4580 1667 4640 εἶναι
1694 4585 1943 4649 πολλούς.

239 4678 355 4733 Καὶ
384 4674 481 4750 ἦν
511 4674 657 4746 χείρ
679 4674 922 4743 Κυρίου,
954 4674 1107 4745 φησὶ,
1133 4673 1263 4744 μετ’
1313 4674 1531 4729 αὐτῶν·
1555 4674 1823 4742 τουτέστι,
1851 4693 1948 4748 ση-

244 4769 375 4835 μεῖα
410 4762 779 4838 εἰργάζοντο.
819 4762 981 4834 Ὁρᾷς
1006 4761 1094 4816 διὰ
1119 4762 1171 4816 τί
1203 4761 1298 4816 καὶ
1342 4760 1435 4815 νῦν
1483 4763 1515 4833 ή
1557 4760 1665 4817 τῶν
1704 4763 1946 4835 σημείων

239 4855 471 4925 ἀνάγκη
511 4851 771 4923 γέγονεν,
800 4850 886 4904 ἵνα
915 4848 1315 4916 πιστεύσωσινς
1363 4850 1657 4919 Ἠκούσθη
1695 4849 1763 4904 δὲ
1793 4853 1826 4905 ό
1845 4851 1947 4905 λό-

239 4958 349 5010 γος
370 4945 471 5009 εἰς
496 4940 587 4995 τὰ
619 4934 744 4994 ὦτα
770 4937 885 5007 τῆς
940 4939 1305 5008 Ἐκκλησίας
1343 4938 1453 5009 τῆς
1484 4939 1680 5007 οὔσης
1717 4940 1788 4994 ἐν
1843 4939 1949 4995 Ἰε-

234 5029 640 5098 ροσολύμοις
665 5025 739 5081 τὰ
762 5023 898 5094 περὶ
935 5025 1150 5091 αὐτῶν,
1177 5026 1276 5080 καί
1322 5025 1765 5092 ἐξαπέστειλαν
1793 5031 1945 5098 Βαρ-

238 5115 443 5171 νάϐαν
464 5113 752 5170 διελθεῖν
781 5113 892 5179 ἕως
940 5114 1313 5183 Ἀντιοχείας.
1345 5116 1410 5168 Τί
1443 5115 1639 5187 δήποτε
1689 5116 1946 5186 τοιαύτης

238 5203 464 5269 πόλεως
511 5201 827 5273 δεχομένης
878 5201 968 5255 τὸν
989 5200 1166 5269 λόγον,
1227 5201 1327 5255 ούκ
1376 5196 1539 5273 ἦλθον
1593 5203 1768 5270 αὐτοὶ,
1808 5204 1945 5258 ἀλλά

238 5291 562 5363 Βαρνάϐαν
626 5290 939 5361 πέμπουσι;
995 5287 1094 5342 Διά
1136 5289 1262 5352 τοὺς
1330 5290 1633 5354 Ἰουδαίους.
1686 5292 1831 5364 Πλὴν
1881 5294 1943 5347 οὐ

241 5380 450 5452 μικρὸν
472 5379 549 5451 δή
572 5393 633 5430 τι
652 5378 1016 5448 οἰκονομεῖται
1047 5376 1142 5429 καὶ
1166 5374 1308 5429 οὕτω
1339 5375 1402 5429 τὸ
1415 5376 1506 5446 τὸν
1527 5377 1737 5433 Παῦλον
1753 5380 1946 5435 ἐνταῦ-

238 5466 309 5522 θοι
328 5464 798 5542 παραγενέσθαι·
832 5465 952 5518 οὐδὲ
989 5463 1198 5529 ἁπλῶς,
1228 5463 1365 5519 ἀλλά
1391 5465 1484 5518 καὶ
1512 5465 1717 5536 σφόδρα
1741 5468 1945 5522 οἰκονο-

238 5556 426 5626 μικῶς
456 5552 652 5611 αὐτὸν
692 5552 1148 5625 ἀποστρέφονται,
1205 5551 1292 5605 ἵνα
1342 5549 1417 5623 μὴ
1475 5552 1840 5625 κατακλεισθῇ
1886 5555 1947 5609 ἐν

247 5638 685 5710 Ἱεροσολύμοις
711 5637 745 5706 ἡ
777 5634 930 5707 φωνὴ
962 5634 1056 5689 τοῦ
1102 5634 1478 5706 κηρύγματος,
1517 5636 1552 5705 ἡ
1583 5634 1817 5705 σάλπιγξ
1838 5638 1947 5691 τῶν

236 5727 528 5798 οὐρανῶν.
576 5719 742 5787 Εἶδες
782 5722 898 5787 πῶς
933 5722 1208 5795 πανταχοῦ
1244 5725 1361 5786 ταῖς
1393 5722 1616 5787 κακίαις
1658 5723 1837 5777 αὐτῶν
1866 5726 1946 5789 εἰς
1988 5768 1993 5773 .

264 5868 267 5869 ⁷
299 5867 325 5893 ⁸
349 5866 491 5930 Alﬁ,
515 5862 598 5930 ρῦ
630 5863 798 5930 μικρὸν
852 5864 1138 5930 κ-αατῆρθωμα
1165 5865 1202 5930 ⁸ὅ
1243 5863 1449 5930 διωγμὸς
1481 5864 1661 5924 γέγονε.
1733 5861 1762 5901 δ
1807 5865 1941 5930 111:0,

239 5924 353 5988 ὅρα·
403 5927 678 5983 ’Ἓλλησιν
710 5924 1098 5991 εὐαγγελίζονται,
1148 5926 1325 5976 desunt
1368 5925 1417 5975 in
1460 5939 1571 5975 uno.

2044 2194 2184 2262 δέον,
2221 2197 2315 2249 καὶ
2335 2195 2526 2267 ὥσπερ
2559 2194 2812 2251 ἐϐούλετο
2847 2194 3073 2263 ἀνωθεν,
3123 2200 3474 2272 ἀπεχρήσατο
3515 2201 3544 2256 ό
3576 2202 3714 2273 Χρι-

2045 2281 2190 2347 στὸς,
2229 2285 2325 2338 καί
2355 2284 2431 2355 τῷ
2460 2283 2615 2354 μίσει
2637 2284 2715 2355 τῷ
2738 2285 2875 2356 πρὸς
2923 2285 3016 2340 τὸν
3045 2286 3257 2341 Παῦλον
3286 2289 3366 2351 εἰς
3422 2289 3713 2361 οἰκοδομὴν

2043 2370 2143 2439 τῆς
2171 2370 2280 2425 ἀπὸ
2304 2371 2413 2424 τῶν
2445 2371 2614 2425 ἐθνῶν
2657 2372 3020 2444 Ἐκκλησίας;
3068 2373 3209 2428 Ἀλλ’
3260 2374 3336 2427 ἴδε
3386 2376 3478 2430 καὶ
3523 2380 3714 2431 τοῦτον

2042 2457 2134 2510 τὸν
2155 2455 2330 2526 ἆγιον,
2363 2458 2455 2511 τὸν
2484 2458 2767 2529 Βαρνάϐαν
2816 2459 2981 2528 λέγω,
3016 2457 3134 2524 πῶς
3156 2461 3215 2514 οὐ
3245 2461 3305 2514 τὸ
3335 2461 3499 2515 αὐτοῦ
3546 2458 3710 2526 εἶδεν,

2044 2543 2160 2598 ἀλλ’
2212 2543 2445 2615 ἔδραμεν
2507 2548 2587 2608 εἰς
2625 2547 2858 2618 Ταρσόν.
2923 2550 3025 2615 Ὃς
3060 2551 3564 2619 παραγενόμενος,
3612 2549 3714 2603 καὶ

2047 2632 2190 2687 ἰδὼν
2241 2633 2356 2701 τὴν
2401 2632 2579 2702 χάριν
2614 2634 2719 2688 τοῦ
2771 2633 2940 2701 Θεοῦ,
2992 2635 3201 2704 ἐχάρη,
3241 2638 3338 2690 καὶ
3388 2637 3709 2704 παρεκάλει

2044 2721 2275 2787 πάντας
2324 2719 2402 2789 τῇ
2452 2720 2729 2786 προθέσει
2774 2719 2883 2788 τῆς
2941 2722 3186 2789 καρδίας
3224 2722 3591 2791 προσμένειν
3630 2719 3713 2786 τῷ

2044 2809 2261 2877 Κυρίῳ,
2298 2807 2386 2862 ὅτι
2413 2803 2493 2878 ἦν
2516 2806 2670 2874 ἀνὴρ
2698 2807 2920 2875 ἀγαθὸς
2967 2807 3065 2861 καὶ
3105 2808 3343 2875 πλήρης
3368 2809 3714 2878 Πνεύματος

2045 2875 2218 2962 ἁγίου
2244 2893 2339 2946 καί
2372 2875 2648 2955 πίστεως.
2683 2890 2794 2945 Καὶ
2836 2889 3166 2958 προσετέθη
3196 2890 3378 2960 ὄχλος
3403 2875 3612 2956 ίθέανὸς
3635 2890 3715 2956 τῷ

2045 2981 2258 3050 Κυρίῳ.
2299 2980 2556 3049 Ἐξῆλθε
2586 2980 2655 3034 δὲ
2687 2983 2775 3045 εἰς
2836 2980 3067 3049 Ταρσὸν
3098 2985 3131 3036 ὁ
3154 2981 3468 3050 Βαρνάϐας
3506 2981 3717 3049 ἀναζη-

2045 3067 2228 3137 τῆσαι
2273 3067 2540 3131 Παῦλον,
2595 3066 2691 3121 καί
2733 3066 2924 3136 εὑρὼν
2970 3066 3195 3139 ἤγαγεν
3224 3070 3412 3122 αὑτὸν
3447 3070 3533 3133 εἰς
3598 3068 3716 3122 Ἁν-

2043 3156 2328 3224 τιόχειαν.
2365 3155 2506 3208 Πολὺ
2528 3154 2761 3227 χρηστὸς
2780 3149 2848 3225 ἦν
2870 3157 2897 3208 ὁ
2944 3155 3081 3225 ἀνὴρ
3110 3154 3207 3207 καὶ
3235 3154 3441 3225 ἀφελὴς
3475 3155 3569 3208 καὶ
3616 3152 3712 3207 τοῦ

2045 3242 2261 3296 Παύλου
2286 3239 2543 3314 συνήθης.
2572 3242 2661 3295 Διὸ
2694 3243 2787 3295 καὶ
2808 3238 2970 3314 ἦλθεν
3004 3243 3097 3296 ἐπὶ
3118 3244 3208 3297 τὸν
3241 3242 3479 3315 ἀθλητὴν
3530 3255 3579 3310 ο,
3619 3244 3713 3296 ἐπὶ

2041 3330 2136 3384 τὸν
2194 3330 2519 3401 στρατηγὸν,
2573 3329 2667 3382 ἐπὶ
2706 3329 2796 3382 τὸν
2862 3328 3190 3400 μονομάχον,
3223 3327 3315 3383 ἐπὶ
3344 3330 3435 3382 ’τὸν
3496 3328 3708 3382 λέοντα·

2057 3419 2160 3472 οὐκ
2201 3417 2310 3488 ἔχω
2359 3417 2412 3470 τί
2466 3419 2605 3470 εἴπω
2636 3434 2649 3448 ·
2698 3417 2800 3470 ὅσα
2846 3416 2955 3486 γὰρ
2989 3416 3055 3470 ἂν
3098 3417 3258 3483 εἴπω,
3306 3415 3563 3470 ἐλάττονα
3610 3415 3714 3486 τῆς

2043 3504 2201 3570 ἀξίας
2233 3504 2328 3558 τοῦ
2362 3504 2575 3558 Παύλου
2607 3503 2740 3575 ἐρῶ.
2770 3501 2975 3558 ’Ἦλθεν
3019 3504 3112 3557 ἐπὶ
3156 3504 3246 3558 τὸν
3299 3503 3438 3557 κύνα
3470 3504 3562 3558 τὸν
3614 3504 3714 3574 θη-

2046 3592 2287 3664 ρατικὸν,
2333 3592 2422 3645 τὸν
2466 3591 2687 3655 λέοντας
2715 3590 3063 3662 ἀναιροῦντα,
3100 3591 3194 3645 ἐπὶ
3237 3590 3329 3644 τὸν
3369 3590 3572 3662 ταῦρον
3621 3592 3714 3645 τὸν

2045 3680 2286 3752 ἰσχυρὸν,
2319 3680 2414 3733 ἐπὶ
2436 3679 2535 3751 τὴν
2567 3678 2826 3750 λαμπάδα
2877 3678 2974 3750 τὴν
3009 3677 3262 3749 φαιδρὰν,
3291 3679 3383 3732 ἐπὶ
3437 3679 3499 3732 τὸ
3535 3678 3714 3749 στόμα

2043 3767 2104 3821 τὸ
2132 3770 2197 3838 τῇ
2230 3766 2527 3838 οἰκουμένῃ
2553 3764 2776 3837 ἀρκοῦν.
2830 3766 3038 3829 Ὄντως
3066 3764 3153 3819 διὰ
3190 3766 3348 3820 τοῦτο
3382 3767 3440 3820 ἐν
3509 3765 3715 3820 Ἀντιο-

2044 3855 2167 3927 χείᾳ
2200 3854 2681 3927 ἐχρηματίσοησαν
2712 3852 2997 3907 καλεῖσθαι
3039 3854 3378 3925 Χριστιανοὶ,
3427 3855 3510 3909 ὅτι
3560 3852 3713 3907 Παῦ-

2043 3941 2134 4007 λος
2171 3942 2229 3994 ὲν
2254 3941 2424 4013 ταύτῃ
2478 3940 2731 3995 τοσοῦτον
2767 3939 3007 4011 διέτριψε
3058 3941 3267 4015 χρόνον.
3332 3943 3598 4013 Ἐγένετο
3645 3940 3715 3994 δὲ

2043 4030 2266 4098 αὐτοὺς
2298 4030 2581 4086 ἐνιαυτὸν
2637 4030 2786 4084 ὅλον
2822 4031 3201 4101 συναχθῆναι
3245 4032 3316 4085 ἐν
3356 4030 3433 4099 τῇ
3479 4033 3700 4096 ἐκκλη-

2044 4118 2171 4186 σίᾳ,
2205 4117 2302 4171 καὶ
2337 4116 2572 4182 διδάξαι
2601 4118 2792 4187 ὄχλον
2816 4119 3049 4182 ἱκανὸν,
3077 4117 3441 4187 χρηματίσαι
3464 4133 3528 4168 τε
3557 4114 3714 4183 πρῶ-

2044 4222 2152 4259 τον
2180 4206 2251 4259 ἐν
2305 4205 2631 4272 Ἀντιοχείᾳ
2674 4207 2817 4271 τοὺς
2844 4206 3114 4274 μαθητὰς
3172 4204 3587 4271 Χριστιανούς.
3635 4203 3712 4254 Ού

2050 4291 2244 4364 μικρὸν
2273 4292 2372 4360 τῆς
2393 4291 2601 4353 πόλεως
2640 4291 2701 4344 τὸ
2747 4291 3040 4362 ἐγκώμιον.
3081 4290 3252 4345 Τοῦτο
3283 4293 3419 4361 πρὸς
3467 4289 3715 4351 ἅπαντας

2047 4379 2237 4450 στῆναι
2285 4377 2530 4440 δύναται,
2593 4378 2676 4430 ὃτι
2723 4377 2819 4430 τοῦ
2877 4377 3145 4447 στόματος
3190 4375 3402 4429 ἐκείνου
3459 4373 3715 4429 τοσοῦτον

2045 4465 2321 4521 ἀπέλαυσε
2353 4464 2545 4536 χρόνον
2575 4463 2768 4535 πρώτη
2807 4463 2915 4518 τῶν
2944 4463 3120 4518 ἄλλων
3153 4463 3399 4517 ἀπασῶν·
3452 4462 3573 4518 ὅθεν
3620 4464 3716 4516 καὶ

2047 4556 2279 4631 πρώτως
2313 4554 2547 4610 ἐνταῦθα
2589 4553 2683 4609 τοῦ
2722 4555 2986 4626 ὀνόματος
3017 4553 3350 4625 ⁴ίιξιώθησαν.
3412 4553 3574 4623 Ὁρᾷς
3630 4552 3716 4616 εἰς

2048 4647 2174 4700 ὅσον
2202 4644 2334 4715 ῦψος
2361 4642 2536 4716 ἐπῆρε
2555 4642 2654 4715 τὴν
2680 4642 2834 4696 πόλιν
2855 4644 2947 4697 καὶ
2964 4641 3432 4715 περιφανεστέραν
3455 4639 3713 4709 ὲποίησες

2048 4732 2216 4787 Τοῦτο
2240 4731 2453 4787 Παύλου
2485 4730 2836 4803 κατόρθωμα.
2870 4730 3040 4785 Ἔνθα
3077 4729 3386 4802 τρισχίλιοι,
3426 4728 3555 4783 ἔνθα
3584 4744 3715 4781 πεν-

2045 4819 2369 4889 τακισχίλιοι
2420 4819 2771 4880 ἐπίστευσαν,
2824 4817 2955 4872 ἔνθα
3004 4816 3260 4871 τοσοῦτον
3289 4814 3513 4888 πλῆθος,
3559 4814 3717 4868 οὐδὲν

2044 4907 2286 4961 τοιοῦτον
2311 4906 2560 4976 γέγονεν,
2593 4905 2707 4960 ἀλλ’
2749 4905 2829 4959 ἔτι
2852 4905 2954 4974 τῆς
2984 4902 3105 4958 ὁδοῦ
3158 4902 3318 4975 μόνον
3363 4903 3581 4972 ἢκουον·
3628 4901 3716 4953 ὲν-

2044 4992 2219 5048 ταῦθα
2268 4994 2326 5047 δὲ
2388 4992 2707 5063 Χριστιανοὶ
2749 4990 3166 5063 ὠνομάσθησαν.
3212 4990 3310 5043 Ἐν
3350 4989 3592 5052 ταύταις
3643 4985 3714 5039 δὲ

2046 5082 2294 5151 ἡμέραις
2314 5079 2623 5148 κατῆλθον
2644 5079 2761 5134 ἀπὸ
2804 5079 3236 5148 Ἰεροσολύμων
3284 5073 3582 5145 προφῆται
3622 5076 3712 5140 είς

2058 5168 2435 5238 Ἀντιόχειαν.
2484 5164 2637 5220 Ἐπεὶ
2672 5167 2765 5222 καὶ
2792 5166 2883 5221 τὸν
2910 5166 3010 5238 τῆς
3064 5165 3432 5236 ἐλεημοσύνης
3478 5160 3712 5216 ἐνταῦθα

2047 5255 2259 5327 καρπὸν
2280 5254 2607 5325 φυτευθῆναι
2631 5254 2754 5318 ἔδει,
2781 5255 3165 5326 συμφερόντως
3192 5252 3553 5321 οἰκονομεῖται
3584 5248 3713 5312 τοὺς

2046 5342 2336 5412 προφήτας
2365 5340 2667 5395 κατελθεῖν.
2705 5341 2776 5395 Σὺ
2814 5341 2870 5394 δέ
2905 5358 2994 5412 μοι
3026 5339 3336 5412 παρατήρει
3375 5335 3493 5399 πῶς
3536 5333 3710 5398 οὐδεὶς

2044 5430 2153 5483 τῶν
2174 5427 2489 5500 περιφανῶν
2509 5428 2601 5482 καὶ
2622 5416 2832 5492 τούτοις
2856 5428 3064 5495 γίνεται
3084 5424 3417 5486 διδάσκαλος·
3431 5423 3711 5492 Κυπρίους

2050 5515 2155 5586 γὰρ
2210 5515 2368 5585 ἔσχον
2413 5515 2765 5579 διδασκάλους
2814 5511 2909 5569 καὶ
2950 5512 3313 5584 Κυρηναίους,
3346 5510 3442 5564 καὶ
3497 5509 3709 5564 Παῦλον

2053 5604 2118 5674 [εἰ
2147 5602 2242 5656 καὶ
2278 5596 2432 5666 οὗτος
2457 5601 2814 5673 ὑπερέϐαινεν
2845 5600 3087 5669 αὐτοὺς),
3110 5598 3299 5669 ὥσπερ
3330 5596 3542 5661 Παῦλος
3567 5596 3707 5667 Βαρ-

2047 5690 2217 5745 νάϐαν
2243 5692 2336 5744 καὶ
2383 5690 2650 5743 Ἁνανίαν·
2686 5689 2803 5742 ἀλλ’
2832 5688 2984 5741 οὐδὲν
3016 5686 3165 5759 παρά
3190 5685 3347 5739 τοῦτο
3377 5677 3704 5755 ἠλάττωται·

2046 5776 2170 5848 ἔσχε
2231 5777 2290 5831 δὲ
2354 5777 2502 5847 ὅμως
2544 5777 2637 5830 καὶ
2692 5775 2782 5829 τὸν
2836 5775 3089 5846 Χριστόν.
3152 5772 3443 5839 Ἀναστὰς
3488 5772 3556 5825 δέ
3615 5789 3707 5837 τις

2111 5868 2134 5896 ε
2176 5866 2229 5914 In
2284 5864 2449 5920 verba.
2476 5865 2549 5913 ἐπὶ
2593 5864 2673 5911 τὸν
2724 5864 2945 5926 ἀθλητήν,
2991 5875 3163 5915 omnes
3205 5860 3344 5913 codd.
3394 5860 3704 5926 ςοιιενὶτιιιιιὸ

2048 5927 2223 5977 iisdem
2241 5934 2409 5979 carent
2433 5927 2570 5979 editi.
2601 5926 2737 5978 Em.

3820 5964 3857 5999 Ξ
