4104 6148
341 273 447 331 195

337 391 409 459 ἐξ
456 392 652 448 αὐτῶν
704 392 950 461 ὀνόματι
1009 392 1293 462 Ἄγαϐος,
1346 393 1642 464 ἐσήμα-νε,
1693 394 1874 464 λιμὸν
1904 394 2010 463 μέ·-

341 499 458 552 Tur
484 481 734 551 μέλλειν
767 481 1014 535 ἔσεσθαι
1049 481 1142 550 ἐφ’
1173 480 1330 550 ὅλην
1368 480 1518 553 [202]
1568 482 1683 550 τὴν
1736 483 2011 551 οἰκουμέ-

1049 277 1109 333 S.
1142 277 1427 335 JOANNIS
1464 277 1949 336 CIIRYSOSTOMI
1984 273 2305 333 AHCHIEP.
2344 277 2892 335 CONSTANTINOI‘.

3688 280 3783 335 I91

2115 389 2192 455 δὲ,
2233 391 2357 462 οὐχὶ
2390 393 2480 446 τὸν
2508 394 2744 464 πόλεμον
2766 393 3081 457 δεδοικότες·
3130 393 3248 458 πῶς
3286 395 3414 466 γάρ,
3454 396 3509 448 οἵ
3553 415 3614 467 γε
3650 374 3788 472 πρὸς

2113 477 2243 541 τοὺς
2265 479 2523 550 πολεμεῖν
2565 481 2855 551 μέλλοντας
2907 481 3189 552 ἀπῄεσαν;
3225 483 3340 534 Ka‘:
3390 485 3418 536 6
3460 484 3696 556 πόλεμος
3731 489 3790 543 δέ

343 586 482 637 νην.
519 569 729 634 ’Ὅστις
776 568 874 621 καὶ
913 567 1151 638 ἐγένετο
1201 568 1301 622 ἐπὶ
1331 569 1634 623 Κλαυδίου
1686 571 2004 637 Καίσαρος.
2040 595 2092 615 ν
2135 566 2325 638 ;ενεται
2341 568 2525 623 λοιπὸν
2552 569 2990 640 τελευτησάντων
3008 570 3117 624 τῶν
3134 570 3470 636 ἀποστόλων,
3503 574 3597 627 καὶ
3615 577 3792 645 πέρας

357 655 698 724 ’Λναγκαίως
728 654 963 710 ἐνταῦθα
988 655 1145 722 λιμὸν
1191 656 1366 726 μέγαν
1420 656 1684 727 μέλλοντα
1735 668 1759 697 α
1797 657 2012 711 ἔσεσθαι

347 743 626 813 σημαίνει,
665 742 724 806 ὃς
744 742 808 814 δὴ
838 743 931 796 καὶ
961 742 1197 811 ἐγένετο,
1222 742 1365 796 καθὰ
1387 744 1516 815 περὶ
1538 744 1704 797 αὐτοῦ
1734 745 2012 816 προερρή-

346 828 437 900 οη.
481 829 599 882 ’Ἰνα
636 829 745 899 γὰρ
801 828 876 900 μὴ
926 829 1193 900 νομίσωσί
1242 847 1386 894 τινες
1416 830 1504 883 διὰ
1547 830 1704 884 τοῦτο
1731 830 1822 884 τὸν
1855 831 2014 900 λιμὸν

344 916 646 984 γεγονέναι,
701 917 783 970 ὅτι
817 917 1246 989 Χριστιανισμὸς
1299 918 1566 988 εἰσῆλθεν,
1626 918 1708 971 ὅτι
1761 917 2016 989 δαίμονες

343 1005 679 1075 ἀπέστησαν,
740 1005 996 1077 προλέγει
1051 1005 1114 1059 τὸ
1162 1006 1389 1075 Πνεῦμα
1432 1006 1494 1060 τὸ
1537 1006 1691 1075 ἆγιον
1745 1006 1773 1060 6
1832 1006 2013 1077 μέλλει

346 1094 687 1165 συμϐαίνει-ν,
724 1094 915 1168 ῶσπερ
954 1095 1048 1150 καὶ
1093 1098 1122 1149 6
1162 1096 1398 1169 Χριστὸς
1429 1099 1659 1169 προεῖπε
1703 1096 1892 1163 πολλὰ,
1921 1096 2016 1150 καὶ

344 1182 529 1254 ἐξέϐη.

418 1273 494 1326 Ού
521 1274 698 1327 τοίνυν
732 1273 820 1328 διά
855 1272 1034 1336 τοῦτο,
1074 1273 1199 1327 ἐπεὶ
1228 1272 1336 1326 ἔδει
1373 1272 1432 1338 ἐξ
1463 1272 1641 1345 ἀρχῆς
1669 1271 1830 1328 τοῦτο
1864 1274 2017 1343 γενέ-

350 1359 494 1427 σθαι,
525 1361 659 1416 ἀλλά
690 1361 777 1416 διὰ
807 1361 876 1415 τά
904 1360 1051 1415 κακὰ
1077 1359 1149 1414 τά
1188 1361 1267 1424 εἰς
1307 1361 1434 1425 τοὺς
1477 1359 1809 1425 ἀποστόλους
1861 1360 2017 1430 γενό-

350 1466 505 1519 μενα·
563 1443 638 1504 ὧν
686 1450 781 1504 καὶ
836 1449 1164 1519 γενομένων,
1204 1449 1344 1513 τέως
1397 1447 1774 1521 ἐμακροθύμει
1809 1449 2010 1513 όΘεός·

344 1537 420 1598 ὡς
445 1536 500 1589 δὲ
552 1537 837 1600 ἐνέκειντο,
871 1536 1028 1606 λιμὸς
1077 1537 1309 1605 γίνεται,
1340 1536 1559 1607 μηνύων
1593 1538 1705 1599 τοῖς
1746 1536 2017 1600 Ἰουδαίοις

346 1620 416 1672 τά
445 1621 679 1691 ἐσόμενα
705 1621 867 1675 κακά.
918 1621 1056 1674 Ἀλλ’
1105 1622 1153 1672 εἰ
1199 1622 1296 1674 καί
1323 1621 1388 1675 δι’
1421 1622 1620 1684 αὐτοὺς
1660 1617 1750 1694 ἦν,
1775 1621 1863 1675 διὰ
1889 1620 2018 1684 τοὺς

348 1707 543 1773 ἄλλους
593 1709 702 1762 ἔδει
729 1709 824 1763 καὶ
852 1709 978 1762 ὄντα
1007 1708 1338 1762 παύσασθαι.
1368 1709 1434 1761 Τί
1459 1709 1567 1781 γάρ
1596 1709 1862 1781 ἠδίκησαν
1892 1707 2018 1762 ’Έλ-

348 1796 527 1865 ληνες,
552 1796 638 1849 ἵνα
661 1796 757 1850 καὶ
782 1796 946 1867 μηδὲν
989 1793 1349 1867 ἀδικήσαντες
1380 1797 1536 1850 αὐτοὶ
1562 1796 1671 1850 τῶν
1700 1797 1884 1851 κακῶν
1930 1814 2021 1868 με·

347 1883 654 1953 τάσχωσιν;
682 1883 747 1937 Εἰ
773 1884 831 1937 δέ
881 1884 956 1955 μὴ
991 1882 1082 1936 διά
1106 1883 1232 1946 τοὺς
1278 1883 1582 1949 Ἰουδαίους,
1619 1885 1713 1938 καὶ
1738 1884 2022 1956 εὐδοκιμῆ-

349 1985 440 2022 σαι
465 1969 528 2039 δὴ
567 1970 766 2034 αὐτοὺς
809 1969 1011 2041 μᾶλλον
1045 1970 1232 2041 ἐχρῆν,
1263 1970 1345 2024 ὅτι
1373 1971 1433 2022 τὸ
1465 1971 1646 2025 αὐτῶν
1677 1972 1915 2038 ἐποίουν,
1936 1972 2020 2026 ὅτι

345 2057 602 2128 ἀνῄρουν,
661 2057 939 2122 ἐκόλαζον,
999 2057 1389 2129 ἐτιμωροῦντο,
1447 2059 1713 2113 πάντοθεν
1770 2059 2016 2117 ἐδίωκον.

346 2145 458 2199 Καὶ
486 2144 584 2198 θέα
605 2146 734 2199 πότε
762 2145 972 2214 γίνεται
1011 2146 1040 2198 6
1067 2145 1246 2216 λιμός·
1277 2145 1365 2199 ὅτε
1407 2145 1501 2199 καλ⁵
1533 2147 1580 2198 οξ
1611 2144 1814 2200 ἐθνικοὶ
1834 2146 2021 2201 λοιπὸν

348 2231 812 2303 προσεδέχθησαν.

419 2319 485 2389 β’.
505 2319 665 2373 Ἀλλά
702 2323 751 2374 εἰ
780 2319 870 2374 διὰ
892 2320 960 2375 τά
982 2319 1150 2386 κακά,
1191 2321 1376 2393 φησὶν.
1407 2320 1513 2374 ἔδει
1543 2321 1769 2386 τούτους
1795 2321 2020 2388 ὑπεξαι-

349 2406 595 2477 ρεθῆναι.
624 2408 722 2462 Διά
749 2409 822 2471 τί,
848 2409 970 2461 εἰπέ
997 2426 1125 2480 μοι;
1161 2409 1282 2481 οὐχὶ
1310 2409 1598 2480 προλαϐὼν
1639 2406 1795 2464 εἶπεν
1836 2412 2018 2478 αὐτοῖς

348 2497 377 2548 ὁ
402 2496 653 2566 Χριστός·
700 2497 805 2550 Ἐν
828 2496 909 2561 τῷ
937 2497 1145 2565 κόσμῳ
1169 2498 1378 2566 θλῖψιν
1410 2497 1614 2564 ἓξετε;
1647 2500 1718 2553 Σὺ
1742 2499 1799 2553 δὲ
1845 2500 2021 2555 ταῦτα

348 2584 546 2654 λέγων,
572 2584 713 2654 τάχα
746 2585 842 2637 καὶ
868 2582 1028 2637 τοῦτο
1053 2585 1220 2656 ἐρεῖς,
1243 2584 1325 2638 ὅτι
1346 2584 1451 2638 ἔδει
1475 2587 1610 2656 μηδέ
1641 2588 2015 2657 μαστίζεσθαι.

362 2672 503 2726 Ἀλλ’
537 2673 639 2747 δρα
671 2672 854 2736 αὐτοῖς
877 2672 1162 2744 γινόμενον
1200 2674 1294 2728 καὶ
1323 2674 1414 2727 τὸν
1442 2674 1601 2745 λιμὸν
1632 2678 1906 2749 σωτηρίας
1935 2680 2021 2732 αῖ-

349 2778 485 2826 τιον,
511 2759 878 2831 ἐλεημοσύνης
920 2760 1195 2834 ἀφορμὴν,
1229 2761 1440 2815 πολλῶν
1496 2763 1754 2834 πρόξενον
1781 2764 2019 2834 ἀγαθῶν·

350 2848 491 2903 ὥστε
523 2849 614 2903 καὶ
639 2848 767 2919 ὑμῖν
791 2848 1015 2916 γέγονεν
1044 2848 1129 2910 ἂν,
1161 2848 1216 2900 εἴ
1243 2866 1306 2917 γε
1363 2850 1650 2904 ἐϐούλεσθε
1682 2853 1730 2917 b,
1760 2853 1872 2906 ἀλλ’
1921 2855 2024 2908 ούκ

348 2936 673 3007 ἠθελήσατε.
751 2935 1083 3005 Προλὲγεται
1133 2935 1190 2988 δὲ
1222 2977 1236 3000 ,
1296 2937 1437 2990 ὥστε
1489 2938 1675 2992 λοιπὸν
1731 2958 2022 3012 προπαρα-

353 3023 716 3093 σκευασθῆναι
744 3022 881 3093 πρὸς
920 3022 1021 3093 τὴν
1055 3022 1442 3094 ἐλεημοσύνην,
1475 3026 1557 3079 ὃτι
1593 3026 1743 3080 δεινὰ
1785 3028 2023 3101 ἔπασχον

350 3111 402 3163 οἱ
433 3112 490 3163 ἐν
529 3108 904 3179 Ἰερουσαλήμ·
932 3108 1040 3178 πρὸ
1059 3107 1114 3161 δέ
1139 3110 1330 3162 τούτου
1362 3111 1460 3164 οὐκ
1482 3113 1538 3164 ἐν
1566 3111 1709 3183 λιμῷ
1728 3108 1888 3185 ἦσαν.
1916 3117 2024 3171 Καὶ

355 3198 633 3268 πέμπεται
663 3197 946 3267 Βαρνάϐας
969 3197 1061 3249 καὶ
1082 3196 1291 3260 Παῦλος
1318 3197 1747 3265 διακονήσοντες.
1779 3200 1902 3256 Τῶν
1957 3203 2025 3258 δὲ

348 3286 651 3355 μαθητῶν,
682 3284 878 3351 καθὼς
908 3286 1230 3354 ηὐπορεῖτό
1279 3303 1387 3353 τις.
1424 3282 1579 3351 Εἶδες
1607 3287 1725 3358 ἅμα
1750 3290 2026 3346 πιστεύον-

353 3392 474 3440 τας,
504 3375 600 3427 καὶ
649 3374 768 3445 ἅμα
822 3374 1330 3445 καρποφοροῦντας,
1384 3376 1446 3429 ού
1491 3378 1606 3446 τοῖς
1634 3378 1814 3432 αὐτῶν
1842 3381 2020 3451 μόνον,

353 3464 489 3517 ἀλλά
514 3465 607 3516 καὶ
633 3466 744 3527 τοῖς
776 3464 966 3534 πόρρω
990 3483 1003 3529 ;
1029 3462 1200 3517 Τοῦτο
1237 3464 1384 3517 δοκεῖ
1419 3482 1509 3535 μοι
1563 3466 1801 3521 ἐνταῦθα
1824 3468 2022 3538 λέγειν,

351 3550 487 3621 ὅπερ
515 3550 751 3620 ἀλλαχοῦ
781 3552 810 3603 6
840 3551 1052 3613 Παῦλός
1082 3568 1269 3620 φησιν,
1298 3552 1380 3605 ὅτι
1403 3552 1612 3620 Δεξιάς
1638 3554 1874 3610 ἔδωκαν
1893 3556 2022 3627 ἐμοὶ
2046 3608 2047 3611 η

352 3641 451 3693 καί
503 3639 782 3707 Βαρνάϐα
824 3640 1166 3706 κοινωνίας,
1215 3642 1411 3709 μόνον
1464 3643 1566 3696 ἵνα
1616 3642 1736 3699 τῶν
1773 3644 2027 3715 πτωχῶν

345 3726 825 3795 μνημονεύωμεν
849 3736 894 3779 ο.
927 3724 1193 3780 Τοσοῦτον
1218 3726 1499 3798 ὠφέλησεν
1527 3732 1555 3783 ὁ
1580 3729 1756 3802 λιμός.
1789 3733 1897 3786 Καὶ
1923 3734 2025 3805 ὅρα

351 3815 552 3878 αὐτοὺς
569 3813 691 3868 ούδέ
715 3815 773 3868 ἐν
808 3817 873 3886 τῇ
909 3815 1084 3885 θλίψει
1115 3818 1196 3881 εἰς
1234 3818 1464 3888 θρήνους
1502 3820 1596 3873 καὶ
1621 3821 1832 3893 δάκρυα
1857 3839 2024 3876 κατα-

352 3903 673 3967 πίπτοντας,
734 3902 988 3975 καθάπερ
1026 3906 1208 3975 ἡμεῖς,
1235 3905 1350 3958 ἀλλ’
1387 3908 1468 3970 εἰς
1519 3899 1680 3979 ἔργον
1737 3910 1879 3979 μέγα
1930 3910 2025 3964 καὶ

350 3990 556 4059 ἀγαθὸν
582 3991 811 4054 ἑαυτοὺς
857 3990 1182 4054 ἐκδιδόντας·
1222 3992 1359 4062 μετά
1408 3992 1648 4057 πλείονος
1692 3994 1803 4063 γάρ
1841 3995 2024 4060 ἀδείας

351 4080 655 4151 ἐκήρυττον
676 4080 768 4132 τὸν
798 4079 973 4147 λόγον.
1004 4079 1114 4132 Καὶ
1145 4080 1244 4132 οὐκ
1265 4076 1439 4135 εἷπον·
1502 4081 1693 4152 Ἡμεῖς
1724 4084 2023 4154 Κυρηναῖοι

351 4169 446 4222 καὶ
489 4169 728 4240 Κύπριοι
753 4167 925 4233 ὄντες,
952 4166 1174 4239 τοιαύτῃ
1224 4166 1546 4238 ἐπιθώμεθα
1587 4168 1740 4223 πόλει
1797 4170 2024 4242 λαμπρᾷ

351 4256 447 4311 καὶ
500 4256 729 4329 μεγάλῃ·
781 4255 918 4309 ἀλλά
969 4258 1033 4327 τῇ
1091 4254 1274 4326 χάριτι
1322 4256 1416 4309 τοῦ
1470 4256 1605 4310 Θεοῦ
1652 4257 2021 4325 πιστεύοντες,

351 4345 446 4399 καὶ
476 4346 670 4399 ἐκεῖνοι
723 4344 1089 4416 ἐπεχείρησαν
1119 4347 1185 4415 τῇ
1222 4343 1564 4415 διδασκαλίᾳ,
1597 4346 1692 4399 καὶ
1724 4338 1873 4400 οὗτοι
1922 4347 2023 4401 ούκ

350 4431 671 4502 ἀπηξίωσαν
702 4434 833 4503 παρ’
865 4432 1089 4486 ἐκείνων
1114 4448 1167 4484 τι
1202 4430 1414 4501 μαθεῖν.
1476 4432 1617 4503 Ὅρα
1641 4431 1730 4485 διά
1766 4433 1875 4486 τῶν
1930 4451 2021 4505 μι-

352 4519 500 4592 κρῶν
530 4521 708 4575 πάντα
737 4517 1282 4587 κατασκευαζόμενα,
1312 4520 1373 4572 τὸ
1394 4520 1660 4590 κήρυγμα
1712 4520 2021 4592 αὐξανόμε-

349 4625 462 4675 νον,
495 4608 623 4670 τοὺς
651 4608 710 4659 ἐν
766 4605 1163 4676 Ἰεροσολύμοις
1184 4605 1402 4659 πάντων
1457 4606 1660 4676 ὁμοίως
1710 4608 2023 4678 φροντίζον-

349 4710 470 4758 τας,
499 4692 574 4754 ὠς
601 4692 730 4762 μίαν
757 4691 934 4745 οἰκίαν
955 4691 1055 4761 τὴν
1096 4690 1425 4761 οἰκουμένην
1450 4690 1695 4761 ἔχοντας.
1723 4694 2019 4759 Ἤκουσαν,

349 4784 433 4837 ὅτι
461 4779 743 4850 Σαμάρεια
764 4777 1015 4831 δέδεκται
1042 4777 1134 4831 τὸν
1184 4778 1362 4847 λόγον,
1394 4779 1489 4833 καί
1509 4778 1764 4850 ἔπεμψαν
1817 4783 2021 4855 Πέτρον

351 4868 447 4922 καὶ
483 4868 753 4937 Ἰωάννην·
778 4867 1017 4937 ἤκουσαν
1046 4866 1114 4920 τὰ
1138 4867 1219 4931 εἰς
1256 4866 1610 4938 ’Λντιόχειαν,
1632 4871 1727 4922 καὶ
1774 4870 2022 4941 πέμπου-

353 4973 407 5009 σι
434 4955 741 5028 Βαρνάϐαν.
768 4954 909 5008 Πολὺ
965 4953 1075 5026 γὰρ
1127 4954 1189 5009 τὸ
1212 4954 1488 5027 διάστημα
1515 4950 1603 5029 ἦν,
1661 4958 1755 5010 καὶ
1783 4959 1883 5012 οὐκ
1911 4958 2020 5014 ἔδει

350 5043 476 5107 τοὺς
501 5040 830 5105 ἀποστόλους
857 5040 997 5104 τέως
1051 5041 1404 5114 χωρισθῆναι,
1440 5042 1527 5097 ἵνα
1581 5043 1813 5116 [(20⁸5]μὴ
1870 5064 2021 5117 νομι-

354 5129 555 5184 σθῶσιν
576 5124 716 5183 εἶναι
743 5128 1002 5198 φυγάδες,
1034 5129 1128 5183 καὶ
1154 5130 1278 5193 τοὺς
1306 5129 1483 5185 αὐτῶν
1507 5134 1859 5202 πεφευγέναι.
1884 5134 2019 5188 Τότε

351 5216 411 5271 δὲ
432 5218 747 5288 ἀναγκαίως
776 5215 1124 5288 χωρίζονται,
1159 5217 1246 5271 ὅτε
1290 5216 1479 5271 λοιπὸν
1508 5219 1701 5275 ἀνίατα
1734 5219 1879 5292 ἔχειν
1909 5223 2021 5277 ἐδό-

353 5322 440 5360 κει
464 5307 533 5360 τὰ
558 5306 677 5359 κατ’
710 5303 927 5369 αὐτούς·
960 5305 1052 5358 ὅτε
1091 5304 1278 5360 λοιπὸν
1299 5307 1327 5359 6
1374 5306 1608 5378 πόλεμος
1635 5307 1862 5380 ἐπέστη,
1926 5311 2021 5365 καὶ

352 5391 649 5446 ἀπολέσθαι
668 5393 792 5447 ἔδει·
815 5393 902 5447 ὅτε
925 5394 957 5464 ἡ
982 5393 1255 5462 ἀπόφασις
1272 5392 1556 5466 ἐξηνέχθη·
1584 5396 1708 5448 ἐπεὶ
1737 5396 1841 5460 ἕως
1868 5397 2020 5452 Παῦ-

353 5480 442 5545 λος
480 5484 560 5545 εἰς
592 5483 809 5553 Ῥώμην
852 5482 927 5552 μή
956 5481 1260 5547 ἀνέϐαινεν,
1295 5483 1412 5536 ἐκεῖ
1447 5478 1610 5554 ἦσαν.
1676 5483 2020 5556 Ἐξέρχονται

413 5635 438 5663 ο
468 5622 569 5687 [ex
595 5622 847 5687 μῦελοντα,
880 5638 974 5685 qua
999 5630 1173 5673 carent
1199 5623 1341 5687 editi,
1377 5636 1440 5673 ex
1479 5636 1579 5672 uno
1613 5624 1783 5687 codice
1816 5631 2018 5687 recepta
2045 5616 2074 5641 ⁶’

354 5669 444 5746 est.
470 5669 607 5733 Εὲητῖ
636 5669 710 5746 Γῇ
723 5669 1179 5744 οιῑάειῖῑῖάνξιιπιζ
1206 5669 1344 5745 ἐιῖᾆῖὗ
1364 5669 1439 5744 δέξ
1460 5669 2014 5746 φῖὸῖνῇᾖῖἐϐόᾶλέσᾏεῖ

355 5745 485 5801 Ilox,
510 5744 895 5808 cgmrplerisque
925 5747 1070 5808 codd.
1094 5744 1655 5808 ῃρνοπαρασκευασθῆναι,
1679 5744 1731 5795 ει
1769 5748 1888 5797 infra
1909 5749 2019 5797 οὐδὲ

355 5809 402 5870 ἐν
440 5810 498 5870 τῇ
544 5804 714 5870 φὶψει,
756 5804 1061 5870 βςζὶρείιηιιε.
1091 5806 1224 5870 Εόὶ-ὶὶ
1261 5804 1482 5870 ’παραστμ
1514 5814 1567 5855 et
1596 5809 1705 5856 οὐδὲ
1727 5808 1925 5857 ἐνταῦθα
1956 5818 2012 5870 τῇ

352 5863 521 5927 θλιψει.
548 5863 684 5927 Ειιιτ.
748 5863 919 5927 γεμινσςι
958 5863 1557 5927 μνημονεύωμενίμιὶᾱειηι
1599 5882 1711 5915 mss.
1737 5871 1915 5917 addnnl
1950 5863 2014 5920 ἔτι

364 5926 591 5980 Ἰάκωϐος
616 5925 710 5982 ἔζη.
738 5925 831 5976 Cfr.
852 5940 960 5985 qua:
993 5928 1049 5974 ad
1081 5925 1282 5986 interpr.
1324 5925 1423 5977 La].
1453 5934 1613 5978 uoluta
1639 5939 1768 5978 sum.
1797 5936 1932 5979 non.

2113 653 2175 706 τὸ
2205 655 2332 726 περὶ
2349 655 2526 710 αὐτῶν
2553 657 2716 728 ῥηθὲν
2738 655 3024 728 λαμϐάνει·
3057 658 3370 727 Ἐερϐασεν
3382 660 3477 713 ἐπ’
3503 663 3726 729 αὐτοὺς
3747 664 3787 731 ἡ

2115 742 2261 809 ὀργὴ
2298 745 2384 810 είς
2424 744 2618 809 τέλος.
2646 745 2797 816 Ὄσῳ
2827 744 3158 815 ἀσημότεροι
3205 741 3298 798 οῦν
3331 741 3494 818 ἦσαν,
3547 750 3790 822 τοσούτῳ

2119 831 2320 900 μᾶλλον
2339 832 2579 903 ἔλαμπεν
2603 835 2636 905 ή
2664 833 2846 905 χάρις.
2878 833 2965 887 διὰ
2995 833 3207 905 μικρῶν
3257 835 3600 907 ἐργαζομένη
3623 840 3790 908 μεγά-

2114 916 2203 971 λα.
2271 919 2411 972 ‘An’
2464 921 2664 991 ἴδωμεν
2723 921 2930 974 ἀνωθεν
2991 921 3061 974 τά
3113 922 3402 993 εἰρημένα.
3453 926 3789 993 Πιιρεκὰλει

2116 1004 2367 1073 πάντας,
2428 1009 2582 1078 φησὶ,
2619 1008 2985 1079 προσμένειν
3014 1008 3095 1075 τῷ
3126 1011 3343 1080 Κυρίῳ,
3395 1011 3483 1065 ὅτι
3509 1009 3589 1083 ἦν
3631 1014 3789 1082 ἀνὴρ

2116 1092 2362 1161 ἀγαθός.
2407 1095 2561 1174 Ἐμοὶ
2586 1096 2735 1149 δοκεῖ
2767 1096 2971 1166 ἀγαθὸν
2999 1096 3094 1152 νῦν
3119 1097 3209 1152 τὸν
3233 1099 3407 1170 ἀφελῆ
3442 1100 3642 1168 λέγειν.
3697 1106 3790 1156 τὸν

2117 1178 2414 1247 ἄπλαστον,
2442 1182 2533 1236 τὸν
2579 1182 2787 1254 σφόδρα
2824 1182 2926 1254 τῆς
2973 1184 3082 1237 τῶν
3135 1184 3362 1255 πλησίον
3416 1187 3792 1258 ἐπιθυμοῦντα

2123 1268 2417 1339 σωτηρίας.
2447 1269 2522 1323 Ού
2547 1269 2705 1341 μόνον
2736 1269 2793 1324 δέ
2818 1261 2891 1342 ἦν
2912 1270 3050 1343 ἀνὴρ
3083 1271 3306 1340 ἀγαθὸς,
3347 1273 3483 1328 ἀλλά
3533 1275 3628 1329 καὶ
3655 1276 3790 1347 πλη-

2122 1372 2223 1426 ρης
2254 1355 2392 1409 Πνεύ
2402 1375 2569 1427 ματος
2595 1350 2752 1428 ἁγίδυ
2795 1358 2890 1412 καί⁵
2916 1359 3171 1424 πίστεως.
3207 1361 3299 1414 Διὸ
3324 1361 3417 1414 καὶ
3437 1365 3504 1434 τῇ
3531 1362 3791 1432 προθέσει

2118 1444 2216 1513 τῆς
2244 1444 2475 1515 καρδίας
2503 1447 2807 1518 παρεκάλει
2858 1448 3088 1512 πάντας·
3125 1448 3395 1515 τουτέστι,
3454 1450 3593 1521 μετά
3623 1452 3793 1519 ἐγκω-

2123 1525 2247 1595 μίου
2270 1527 2365 1581 καὶ
2397 1528 2643 1584 ἐπαίνου.
2676 1530 2786 1583 Καὶ
2810 1531 3024 1595 σκόπει,
3060 1531 3179 1595 πῶς
3206 1532 3458 1605 καθάπερ
3482 1533 3556 1604 γῆ
3585 1532 3793 1601 λιπαρά

2119 1611 2212 1666 τὸν
2241 1612 2398 1682 λόγον
2422 1614 2640 1681 ἐδέξατο
2663 1619 2699 1693 ή
2748 1618 2902 1682 πόλις
2933 1619 3097 1691 αῦτη,
3133 1622 3226 1674 καί
3256 1621 3425 1675 πολὺν
3453 1622 3544 1675 τὸν
3583 1622 3793 1692 καρπὸν

2121 1700 2463 1766 ἀπεδείξατο.
2522 1704 2618 1757 Διά
2646 1704 2698 1758 τί
2742 1705 2799 1759 δὲ
2828 1706 2929 1777 τῆς
2959 1706 3174 1779 Ταρσοῦ
3206 1708 3371 1762 αὑτὸν
3424 1708 3733 1778 ἀπέστησεν
3766 1710 3796 1761 6

2121 1788 2411 1858 Βαρνάϐας
2435 1792 2530 1845 καὶ
2580 1791 2813 1846 ἐνταῦθα
2837 1793 3078 1865 ἦγαγεν;
3136 1796 3248 1866 Ούχ
3300 1795 3507 1859 ἁπλῶς·
3544 1796 3660 1849 ἀλλ’
3710 1797 3795 1849 ὅτι

2121 1874 2356 1929 ἐνταῦθα
2378 1877 2472 1929 καὶ
2494 1877 2708 1942 ἐλπίδες
2729 1878 2757 1918 ἀ
2788 1881 3043 1950 χρησταὶ,
3088 1881 3181 1934 καὶ
3218 1881 3418 1953 μείζων
3440 1884 3472 1954 ἡ
3494 1883 3669 1947 πόλις,
3699 1885 3795 1938 καὶ

2123 1963 2257 2016 πολὺ
2288 1964 2350 2017 τὸ
2380 1964 2607 2036 πλῆθος.
2635 1963 2788 2031 Εἶδες
2817 1969 2991 2023 πάντα
3037 1968 3137 2040 τὴν
3188 1969 3349 2040 χάριν
3400 1969 3791 2043 ἐργαζομένην,

2120 2051 2182 2104 ού
2207 2051 2438 2106 Παῦλον·
2467 2055 2560 2109 καὶ
2584 2055 2701 2118 πῶς
2728 2056 2818 2110 διὰ
2865 2056 2974 2111 τῶν
3007 2058 3220 2129 μικρῶν
3267 2057 3328 2112 τὸ
3360 2060 3592 2130 πρᾶγμα
3621 2059 3796 2130 ἀρχὴν

2122 2137 2332 2206 ἐλαϐεν,
2360 2141 2450 2194 ὅτε
2504 2141 2558 2194 δὲ
2587 2143 2883 2213 περιφανὲς
2940 2144 3151 2212 γέγονε,
3182 2145 3301 2197 τότε
3333 2145 3617 2216 Βαρνάϐαν
3651 2145 3791 2215 πέμο

2096 2279 2101 2285 .
2124 2245 2322 2292 πουσι;
2352 2229 2464 2282 Καὶ
2490 2229 2576 2283 διὰ
2600 2230 2651 2284 τί
2685 2231 2758 2301 μὴ
2785 2231 2890 2300 πρὸ
2918 2230 3110 2284 τούτου
3147 2230 3399 2303 ἔπεμψαν
3427 2233 3623 2296 αύτόν;
3662 2233 3795 2285 [Ιολ-

2123 2314 2219 2386 λὴν
2241 2315 2351 2368 τῶν
2374 2316 2496 2369 καθ’
2526 2319 2752 2385 ἑαυτοὺς
2780 2320 3037 2386 πρόνοιαν
3065 2319 3364 2383 ἐποιοῦντο,
3396 2320 3490 2372 καὶ
3519 2320 3618 2379 οὐκ
3645 2319 3797 2373 ἐϐού-

2122 2402 2275 2457 λοντο
2329 2405 2581 2473 ἐγκαλεῖν
2615 2406 2800 2468 αὐτοῖς
2862 2405 3171 2470 Ἰουδαίους,
3218 2407 3300 2460 ὅτι
3347 2406 3796 2477 προσελάμϐανον

2125 2494 2195 2546 τά
2217 2492 2364 2564 ἐονη·
2396 2494 2575 2546 καίτοι
2598 2493 2686 2547 διὰ
2733 2494 2794 2548 τὸ
2824 2495 3215 2567 ἀπαραιτήτως
3263 2496 3447 2560 αὐτοῖς
3505 2497 3797 2567 ἐπιμίγνυ-

2129 2582 2273 2647 σθαι,
2330 2582 2452 2635 ἐπεὶ
2506 2582 2698 2654 ἔμελλέ
2769 2601 2853 2648 τις
2905 2584 3318 2655 ἀμφισϐήτησις
3372 2584 3618 2654 γίνεσθαι
3666 2587 3800 2657 παρ’

2127 2672 2325 2737 αὐτῶν,
2378 2672 2447 2725 τὰ
2500 2673 2640 2726 κατὰ
2670 2673 2968 2744 Κορνήλιον
3020 2672 3316 2744 προῦλαϐε.
3367 2676 3502 2729 Τότε
3541 2673 3672 2744 γοῦν
3705 2677 3801 2730 καὶ

2125 2762 2395 2830 λέγουσιν·
2435 2761 2554 2814 ’Ὶνα
2584 2762 2743 2831 ἡμεῖς
2769 2763 2850 2825 εἰς
2884 2761 2950 2815 τά
2971 2761 3122 2833 ἔθνη,
3158 2763 3312 2816 αὐτοὶ
3334 2762 3391 2817 δέ
3413 2764 3494 2827 εἰς
3517 2762 3615 2835 τὴν
3639 2781 3799 2835 περι-

2125 2852 2319 2922 τομήν.
2351 2851 2463 2905 Καὶ
2491 2849 2705 2914 σκόπει,
2739 2849 2857 2913 πῶς
2896 2851 3165 2923 εὐκαίρως
3193 2853 3226 2922 ή
3253 2851 3464 2923 ἀνάγκη
3486 2851 3580 2905 τοῦ
3634 2851 3800 2922 λιμοῦ

2126 2941 2388 3011 εἰσήγαγε
2427 2939 2525 3011 τὴν
2555 2939 2840 2992 κοινωνίαν
2875 2938 2974 3010 τὴν
3002 2939 3110 2992 ἀπὸ
3158 2939 3268 2993 τῶν
3301 2939 3469 2993 ἐθνῶν
3511 2939 3613 3011 τὴν
3659 2938 3801 3011 πρὸς

2126 3030 2253 3092 τοὺς
2278 3031 2335 3081 ἐν
2359 3026 2624 3099 Ἱεροσολύ
2634 3043 2755 3098 μοις
2774 3024 3142 3096 πεμφθεῖσαν.
3171 3026 3427 3097 Δέχονται
3448 3028 3555 3100 γὰρ
3575 3031 3643 3082 τὰ
3666 3028 3801 3100 παρ’

2127 3117 2328 3180 αὐτῶν,
2358 3117 2407 3170 οἰ
2441 3117 2535 3171 καὶ
2559 3117 2643 3177 ού.
2681 3114 2931 3185 καθάπερ
2962 3116 3127 3186 ἡμεῖς
3150 3115 3207 3166 ἐν
3227 3113 3445 3186 θρήνοις
3464 3115 3562 3180 τάς
3588 3132 3800 3187 συμφο-

2132 3204 2231 3274 ράς
2257 3204 2538 3271 διάγομεν,
2572 3201 2715 3279 ούτω
2745 3202 2917 3274 δήπου
2942 3203 3038 3257 καὶ
3061 3196 3228 3256 οὗτοι*
3261 3203 3401 3257 ἀλλά
3434 3203 3576 3272 μετά
3619 3202 3800 3257 πλείο-

2127 3308 2217 3354 νος
2273 3290 2456 3353 ἀδείας
2481 3291 2688 3361 διῆγον,
2723 3290 2819 3344 ἅτε
2861 3291 3051 3363 πόῤῥω
3078 3290 3362 3360 γενόμενοι
3401 3284 3512 3345 τῶν
3566 3289 3802 3345 κωλυόν-

2127 3395 2236 3433 των
2264 3379 2479 3441 αύτοὺς,
2516 3379 2611 3432 καὶ
2659 3380 2716 3432 ἐν
2766 3377 3079 3448 ἀνθρώποις
3105 3377 3257 3442 ὄντες
3283 3378 3346 3431 οῦ
3397 3377 3801 3450 πεφοϐημένοις

2125 3466 2253 3530 τοὺς
2289 3464 2593 3529 Ἰουδαίους·
2622 3464 2651 3518 6
2670 3465 2764 3519 καὶ
2777 3464 2909 3518 αύτδ
2934 3463 3287 3520 συνεϐάλλετο
3308 3465 3368 3518 οὐ
3394 3465 3607 3536 μικρόν.
3642 3464 3800 3519 Ἀλλὰ

2127 3554 2221 3607 καὶ
2268 3555 2347 3617 εἰς
2395 3553 2618 3624 Κύπρον
2667 3552 2945 3621 ἀφίκοντο,
2994 3553 3128 3607 ὅπου
3178 3554 3312 3608 πολὺ
3372 3552 3471 3624 μὲν
3503 3554 3562 3607 τὸ
3622 3553 3799 3618 ἀδεὲς,

2128 3641 2327 3694 πλείων
2355 3640 2410 3694 δέ
2445 3642 2479 3712 ή
2508 3641 2830 3712 ἀμεριμνία.
2870 3640 3081 3695 Οὐδενὶ
3123 3641 3191 3694 δὲ
3218 3641 3325 3695 τὸν
3357 3642 3566 3709 λόγον,
3610 3641 3800 3711 φησὶν,

2126 3731 2178 3783 εί
2206 3728 2291 3798 μὴ
2331 3727 2647 3793 Ἰουδαίοις
2666 3725 2954 3781 ἐλάλουν.
2985 3727 3058 3781 Ού
3102 3726 3193 3780 διά
3222 3728 3314 3781 τὸν
3359 3727 3465 3780 τῶν
3497 3727 3801 3798 ἀνθρώπων

2128 3816 2313 3884 φόϐον,
2347 3815 2406 3868 ὃν
2438 3814 2590 3869 οὐδὲν
2613 3812 2865 3886 ἡγοῦντο,
2891 3814 3049 3868 τοῦτο
3083 3815 3323 3868 ἐποίουν·
3356 3813 3493 3868 ἀλλά
3525 3813 3615 3867 τὸν
3638 3814 3801 3885 νόμον

2125 3903 2440 3976 τηροῦντες,
2474 3904 2569 3958 καὶ
2621 3903 2820 3967 αὐτοὺς
2843 3902 2923 3956 ἔτι
2966 3903 3435 3968 διαϐαστάζοντες.
3473 3898 3679 3957 ’Ἦσαν
3731 3902 3801 3955 δέ

2126 4009 2286 4057 τινες
2313 3992 2384 4045 ἐν
2430 3991 2752 4059 Ἀντιοχείᾳ
2801 3990 3053 4059 Κύπριοι
3100 3989 3199 4044 καί
3243 3984 3590 4059 Κιψηναῒοιζ
3636 3982 3800 4044 Οὗτοι

2130 4078 2370 4149 μάλιστα
2419 4077 2519 4130 ούκ
2551 4076 2867 4148 ἐφρόντιζον
2902 4075 3186 4130 Ἰουδαίων.
3246 4077 3477 4142 Οἵτινετ
3518 4075 3800 4130 ’ἐλάλουν

2126 4166 2276 4234 πρὸς
2300 4164 2443 4231 τοὺς
2498 4163 2928 4231 Ἑλληνιστάς,
2986 4161 3495 4233 εὐαγγελιζόμενοι
3544 4163 3651 4216 τὸν
3682 4164 3800 4217 Κύ-

2118 4252 2701 4322 ριονἸησοῦν.”Ισως
2728 4250 2815 4304 διά
2835 4251 2896 4304 τὸ
2927 4251 3003 4322 μὴ
3030 4250 3231 4304 εἰδέναι
3271 4249 3576 4321 Ἐϐραϊστὶ,
3600 4249 3802 4315 Ἕλλη-

2126 4360 2222 4406 νας
2248 4343 2443 4406 αὐτοὺς
2461 4341 2709 4397 ἐκάλουν.
2745 4340 3233 4411 Παραγενόμενος
3256 4337 3345 4404 δὲ,
3381 4338 3534 4408 φησὶ,
3569 4336 3800 4407 Βαρνά-

2127 4432 2255 4495 ϐας,
2287 4430 2385 4483 καὶ
2410 4430 2553 4484 ἰδὼν
2576 4429 2692 4497 τὴν
2719 4428 2896 4499 χάριν
2922 4426 3029 4481 τοῦ
3076 4426 3225 4481 Θεοῦ
3260 4426 3405 4496 (οὐχὶ
3436 4425 3535 4497 τὴν
3561 4426 3802 4495 σπουδὴν

2124 4518 2234 4571 τῶν
2284 4516 2632 4588 ἀνθρώπων),
2672 4513 2995 4586 παρεκάλει
3049 4513 3274 4579 αὐτοὺς
3318 4512 3683 4581 προσμένειν
3718 4509 3800 4577 τῷ

2125 4607 2340 4676 Κυρίῳ.
2377 4605 2530 4677 Τάχα
2558 4603 2637 4676 τῷ
2675 4606 2914 4658 ἐπαινεῖν
2965 4602 3058 4657 τὸν
3088 4601 3244 4673 ὄχλον
3289 4600 3384 4654 καὶ
3411 4599 3796 4669 ἀποδέχεσθαι,

2123 4693 2297 4764 τούτῳ
2322 4692 2475 4765 [204]
2512 4692 2733 4756 πλείους
2761 4689 3086 4761 ἐπέστρεψε.
3121 4688 3233 4742 Καὶ
3264 4688 3352 4741 διά
3383 4688 3441 4740 τί
3473 4688 3546 4758 μὴ
3598 4686 3798 4756 Παύλῳ

2125 4780 2446 4852 γράφουσιν,
2466 4777 2602 4832 ἀλλά
2622 4776 2909 4849 Βαρνάϐαν
2934 4776 3275 4845 πέμπουσιν;
3297 4772 3371 4827 Οῦ
3380 4792 3465 4828 πω
3482 4774 3576 4826 τοῦ
3604 4772 3797 4843 ἀνδρὸς

2126 4868 2322 4939 ᾔδεσαν
2340 4867 2442 4937 τὴν
2464 4866 2683 4937 ἀρετήν·
2715 4864 2796 4918 6:6
2818 4864 2912 4917 καὶ
2944 4864 3103 4935 μόνον
3123 4866 3487 4934 οἰκονομεῖται
3512 4864 3798 4936 Βαρνάϐαν

2124 4947 2545 5020 παραγενέσθαι.
2567 4947 2718 5000 Ἑπεί
2746 4947 2801 5000 δὲ
2826 4948 2920 4999 καὶ
2941 4947 3142 5017 πλῆθος
3174 4943 3264 5019 ἦν,
3296 4950 3391 5001 καὶ
3419 4948 3594 5011 οὐδεὶς
3624 4949 3653 5000 6
3685 4966 3797 5001 κω-

2123 5036 2298 5102 λύων,
2322 5035 2546 5098 εἰκότως
2578 5034 2972 5105 ἐϐλάστησενή
3013 5036 3215 5098 πίστις,
3253 5035 3347 5089 καὶ
3411 5034 3663 5104 μάλιστα,
3714 5035 3797 5088 ὅτι

2123 5126 2315 5180 οὐδένα
2344 5122 2578 5178 ἐνταῦθα
2632 5124 2929 5194 ὑπέμειναν
2963 5123 3291 5194 πειρασμὸν,
3353 5124 3446 5176 καὶ
3474 5123 3556 5175 ὅτι
3584 5120 3796 5184 Παῦλος

2124 5213 2405 5286 κηρύττει,
2434 5212 2524 5266 καὶ
2556 5212 2654 5265 οὐκ
2682 5211 2762 5266 ἔτι
2787 5210 3161 5281 ἀναγκάζεται
3218 5210 3459 5279 φεύγειν.
3493 5208 3691 5273 Καλῶς
3738 5210 3797 5263 δὲ

2122 5302 2225 5356 οὐκ
2274 5301 2427 5354 αὐτοὶ
2454 5300 2584 5371 περὶ
2613 5298 2705 5352 τοῦ
2744 5299 2905 5369 λιμοῦ
2957 5299 3229 5366 λέγουσιν,
3268 5297 3382 5350 ἀλλ’
3413 5299 3461 5350 οἰ
3497 5298 3793 5367 προφῆται,

2123 5389 2211 5441 ἵνα
2246 5387 2321 5459 μὴ
2350 5386 2598 5458 φορτικοί
2646 5402 2790 5449 τινες
2841 5385 3053 5450 δόξωσι.
3108 5385 3219 5437 Καὶ
3266 5383 3569 5454 θαυμάζειν
3622 5382 3793 5447 ἀξιον,

2123 5475 2239 5539 πῶς
2290 5476 2391 5529 οὐκ
2440 5475 2831 5544 ἠγανάκτησαν
2888 5472 2965 5535 ὡς
3009 5472 3408 5541 ύπεροφθέντες
3479 5473 3792 5540 Ἀντιοχεῖς,

2122 5563 2237 5617 ἀλλ’
2284 5563 2583 5633 ἀρκοῦνται
2636 5563 2750 5624 τοῖς
2811 5557 3175 5622 διδασκάλοις·
3236 5557 3379 5613 οὓτω
3412 5559 3612 5621 πάντες
3644 5557 3829 5636 ἔξεον⁸

2128 5651 2259 5721 πρὸς
2315 5652 2408 5703 τὸν
2469 5649 2644 5718 λόγον.
2699 5647 2762 5701 Οἳ
2819 5646 2912 5699 καὶ
2968 5645 3113 5698 ούδέ
3142 5646 3496 5717 περιέμειναν
3539 5644 3795 5715 γενέσθαι

2119 5740 2211 5793 τὸν
2242 5738 2419 5809 λιμὸν,
2452 5736 2589 5791 ἀλλὰ
2623 5734 2729 5808 πρὸ
2758 5735 2949 5803 τούτου
2982 5731 3257 5804 ἔπεμψαν,
3291 5733 3498 5802 Καθὼς
3518 5731 3793 5804 ηὑπορεῖ-

2122 5830 2187 5882 τό
2222 5845 2330 5893 τις.

2180 5930 2207 5972 ἀ
2238 5935 2341 5996 Οὐχ
2371 5934 2553 5993 ἀτελῶς·
2595 5934 2786 5985 ἐνταῦθα
2814 5937 2899 5999 γὰρ
2922 5937 2999 5986 καὶ
3042 5935 3243 5995 ἑλπίδίς,
3287 5937 3355 5988 sic
3388 5937 3602 6001 quidam.
