4104 6148
372 336 468 394 193

396 452 627 511 cessario
654 450 742 506 hic
766 448 956 503 famem
974 463 1216 520 magnam
1248 448 1477 504 futuram
1506 448 1790 520 significat,
1817 462 1937 519 qua:

367 546 544 609 etiam,
570 551 630 597 ιιι
659 541 912 611 prmtlicta
938 540 1130 606 fuerat,
1160 541 1404 611 contigit.
1425 541 1501 595 Ne
1529 541 1937 610 putarentenim

363 636 570 707 quidam
598 635 720 690 ideo
748 633 945 689 famem
968 635 1202 699 venisse,
1232 634 1371 704 quod
1395 632 1834 689 Christianismus
1854 633 1938 687 in-

362 742 571 800 gressus
595 736 772 792 esset,
794 725 936 797 quod
962 726 1234 782 dmmones
1283 727 1707 782 abscessissem:
1740 726 1938 796 prmdi-

363 819 428 873 cit
450 818 678 886 Spiritus
703 827 919 873 sanctus
947 818 1088 889 quod
1133 817 1364 872 futurum
1394 825 1499 880 est,
1522 817 1664 872 sicut
1692 828 1747 873 et
1774 817 1936 873 Chri-

363 921 470 966 stus
495 911 660 965 multa
690 910 933 980 prmdixit
972 926 1094 981 quae
1117 920 1429 966 evenerunt.

428 1003 531 1058 Cur
555 1007 717 1074 fames
742 1003 950 1057 uenerit.
970 1033 1041 1042 —
1059 1001 1174 1056 Non
1199 1001 1319 1057 ideo
1349 1003 1526 1072 igitur,
1555 1007 1677 1073 quia
1698 1001 1765 1057 ab
1786 1002 1936 1057 initio

361 1095 428 1148 ita
460 1109 572 1149 rem
603 1092 848 1149 accidere
880 1092 1189 1163 oportebat;
1222 1093 1316 1149 sed
1357 1104 1573 1164 propter
1619 1094 1757 1148 mala
1806 1108 1940 1164 apo-

360 1184 507 1241 stolis
534 1184 676 1238 illata
702 1201 716 1238 :
740 1199 859 1254 quae
884 1199 1047 1255 quum
1076 1193 1131 1240 et
1155 1185 1361 1248 tierent,
1385 1184 1768 1255 aliquantisper
1797 1185 1936 1239 Deus

360 1275 621 1347 patienter
650 1275 885 1341 ferebat;
917 1290 1039 1329 cum
1080 1283 1261 1330 autem
1293 1275 1366 1329 illi
1399 1283 1716 1345 pergerent,
1764 1273 1935 1329 fames

357 1366 544 1423 accidit
568 1383 584 1433 ;
611 1381 729 1435 qua:
764 1364 966 1420 Judaris
994 1363 1170 1419 futura
1212 1363 1780 1434 mala‘prtenuntiahat.
1829 1361 1933 1418 Sed

356 1457 456 1512 etsi
483 1466 699 1526 propter
723 1454 938 1512 Iudaeos
965 1456 1132 1511 fames
1162 1465 1328 1522 esset,
1360 1466 1578 1525 propter
1603 1455 1740 1509 alios
1765 1470 1933 1524 opor-

358 1548 499 1602 tebat
540 1547 686 1601 illam
739 1561 973 1602 cessare.
1011 1547 1148 1615 Quid
1194 1547 1337 1603 enim
1390 1546 1597 1618 injuritc
1647 1546 1936 1602 intulerant

356 1636 525 1693 szci
544 1677 559 1701 ,
591 1646 648 1691 ut
675 1637 939 1692 malorum
971 1646 1152 1693 essent
1188 1638 1517 1708 Participes?
1544 1635 1600 1693 Si
1626 1646 1804 1692 autem
1826 1652 1932 1693 non

355 1737 571 1798 propter
596 1726 833 1791 Iudaeos,
868 1727 988 1781 illos
1012 1742 1139 1798 ergo
1159 1727 1418 1783 clariores
1465 1727 1581 1782 ﬁeri
1609 1727 1928 1797 oportebat,

355 1821 493 1891 quod
527 1836 624 1891 pro
652 1821 790 1875 virili
818 1835 914 1876 sua
948 1818 1207 1888 facerent,
1236 1820 1378 1891 quod
1419 1820 1747 1887 occiderent,
1779 1820 1935 1891 puni-

354 1930 470 1973 rcnt
491 1958 507 1983 ,
540 1915 835 1985 plecterent
857 1956 873 1978 ,
906 1913 1141 1984 undique
1167 1922 1633 1983 persequerentur.
1667 1913 1736 1969 Et
1774 1913 1931 1980 vide,

353 2008 693 2079 quandonam
722 2005 891 2062 fames
922 2005 1130 2061 accidat
1166 2022 1179 2058 :
1203 2020 1325 2061 cum
1345 2004 1542 2061 ethnici
1566 2005 1677 2076 jam
1701 2009 1933 2077 suscepti

352 2107 554 2156 essent.

365 2222 371 2228 -
415 2192 469 2244 2.
497 2190 602 2247 Sed
625 2190 668 2244 si
690 2197 908 2260 propter
929 2188 1087 2253 mala,
1115 2188 1342 2259 inquies,
1364 2188 1644 2257 oportebat
1666 2198 1814 2247 certe
1835 2190 1934 2246 hos

353 2285 537 2342 eximi.
568 2283 698 2351 Cur,
726 2283 813 2339 die
841 2282 1010 2338 mihi?
1035 2297 1212 2337 annon
1244 2292 1365 2337 ante
1394 2281 1604 2337 dixerat
1644 2283 1749 2338 illis
1772 2282 1932 2338 Chri-

349 2388 458 2433 stus
489 2395 504 2431 :
531 2375 598 2431 In
620 2376 808 2430 mundo
835 2374 1206 2429 tribulationem
1230 2374 1471 2428 habebitis
1492 2371 1671 2447 (Joan.
1695 2374 1781 2430 16.
1805 2372 1935 2445 55)?

349 2467 425 2523 Tu
456 2483 609 2533 vero,
636 2467 726 2538 qui
756 2466 870 2521 lucc
893 2465 1048 2530 dicis,
1074 2465 1209 2520 forte
1228 2464 1469 2535 adjicics,
1499 2478 1601 2519 non
1633 2465 1934 2535 oportuisse

350 2559 466 2614 illos
499 2557 776 2629 ﬂagellari.
803 2558 868 2612 At
896 2556 1019 2611 vide
1045 2539 1150 2611 illis
1173 2554 1367 2611 famem
1394 2555 1582 2611 factam
1605 2570 1724 2612 esse
1748 2556 1933 2612 salutis

348 2666 563 2708 causam
584 2691 602 2716 ,
631 2652 987 2722 elecmosynte
1031 2650 1405 2714 occasionem,
1437 2648 1709 2719 multaque
1748 2650 1933 2705 conci-

348 2743 509 2798 liasse
540 2742 704 2810 bona,
733 2750 791 2797 ut
819 2740 969 2796 vobis
996 2740 1354 2805 conciliasset,
1385 2740 1430 2794 si
1464 2739 1806 2805 voluissetis;
1838 2740 1932 2795 sed

349 2834 617 2890 noluistis.
648 2834 965 2890 Prtedicitur
989 2842 1166 2889 autem
1191 2873 1207 2900 ,
1241 2842 1301 2888 ut
1338 2833 1507 2903 magis
1537 2832 1704 2903 parati
1733 2833 1840 2887 sint
1866 2832 1933 2888 ad

346 2925 768 2997 eleemosynam,
796 2925 919 2995 quia
945 2924 1126 2995 gravia
1152 2922 1295 2994 passi
1319 2932 1463 2990 sunt,
1493 2924 1582 2994 qui
1604 2932 1757 2979 erant
1782 2922 1935 2978 Jero-

346 3018 604 3091 solymis;
634 3026 790 3074 antea
819 3026 997 3074 autem
1027 3016 1170 3073 fame
1211 3031 1317 3072 non
1344 3015 1679 3072 laborabant.
1711 3016 1779 3070 Et
1805 3015 1931 3071 mit-

347 3117 537 3164 tuntur
560 3109 828 3164 Barnabas
853 3119 910 3164 et
934 3108 1131 3163 Paulus
1157 3108 1529 3163 ministraturi.
1559 3106 1651 3162 29.
1688 3105 1935 3177 Discipuli

347 3210 521 3255 autem
549 3210 694 3271 prout
715 3201 923 3272 quisque
950 3200 1256 3255 abundabat.
1285 3198 1472 3255 Vidcn’
1501 3199 1618 3253 illos
1645 3200 1823 3253 statim
1854 3208 1933 3254 at-

346 3308 453 3363 que
493 3292 833 3349 crediderunt
878 3291 1106 3347 fructum
1151 3294 1373 3360 tulisse,
1405 3306 1512 3348 non
1549 3293 1615 3348 iis
1654 3292 1814 3348 modo
1842 3292 1931 3362 qui

346 3390 547 3455 prope,
579 3384 673 3439 sed
702 3384 862 3439 etiam
895 3384 960 3437 iis
988 3384 1078 3454 qui
1120 3384 1304 3453 procul
1335 3383 1526 3438 erant?
1553 3382 1663 3438 Hoc
1692 3383 1819 3437 mihi
1849 3384 1931 3438 vi-

344 3475 504 3532 detur
544 3475 631 3530 hic
670 3474 884 3537 dicere,
914 3472 1075 3545 quod
1098 3473 1224 3530 alibi
1263 3474 1459 3530 Paulus
1483 3474 1612 3529 dicit
1643 3491 1657 3529 :
1686 3472 1931 3528 Deateras

345 3566 593 3620 dederunt
619 3565 744 3619 mihi
770 3575 820 3619 et
846 3563 1098 3619 Barnaba:
1121 3565 1371 3619 societatis
1388 3606 1404 3629 ,
1434 3574 1630 3618 tantum
1659 3572 1714 3615 ut
1742 3578 1933 3634 paupe-

344 3674 454 3711 rum
493 3673 738 3712 memores
767 3672 988 3711 essemus
1010 3658 1026 3688 ¹
1063 3654 1204 3729 (Gal.
1231 3656 1286 3711 2.
1317 3655 1370 3711 9.
1401 3656 1515 3728 10).
1546 3657 1774 3712 Tantum
1804 3672 1928 3725 pro-

345 3752 440 3807 fuit
470 3752 660 3806 fames.
704 3749 772 3805 Et
796 3750 918 3805 vide
955 3748 1074 3805 illos
1102 3764 1168 3805 ex
1209 3748 1349 3803 fame
1388 3764 1562 3821 neque
1602 3750 1655 3805 in
1698 3749 1853 3805 ﬂetus
1877 3758 1930 3804 et

346 3842 612 3915 lacrymas
639 3840 901 3911 erupisse,
933 3849 992 3895 ut
1029 3855 1126 3895 nos
1157 3839 1401 3906 facimus,
1433 3840 1526 3895 sed
1556 3840 1622 3896 ad
1653 3856 1786 3911 opus
1812 3856 1928 3896 ma-

343 3948 507 4004 guum
533 3941 588 3987 et
614 3932 812 3987 bonum
838 3946 896 3987 se
918 3930 1218 3996 dedidisse;
1246 3946 1367 3986 cum
1396 3931 1583 4001 majori
1611 3946 1838 4001 namque
1863 3933 1928 3987 li-

345 4027 554 4102 bertate
590 4021 951 4092 praedicabant
978 4021 1220 4077 verbum.
1254 4021 1361 4077 Nec
1388 4022 1658 4089 dicebant,
1685 4022 1812 4090 Nos,
1839 4023 1929 4092 qui

343 4102 589 4185 Cyrenazi
612 4122 666 4169 et
690 4109 871 4185 Cyprii
900 4127 1106 4180 sumus,
1140 4114 1275 4169 hanc
1301 4113 1637 4184 aggredimur
1660 4114 1927 4170 civitatem

343 4203 676 4274 Splendidam
703 4213 757 4259 et
784 4218 1057 4275 magnam;
1085 4203 1180 4260 scd
1206 4205 1393 4275 gratia:
1420 4205 1511 4260 Dei
1540 4205 1699 4261 [idem
1730 4205 1931 4261 haben-

345 4303 455 4359 tes,
494 4303 549 4350 et
575 4294 653 4350 illi
680 4295 975 4351 doctrinam
1005 4295 1240 4366 aggressi
1279 4304 1406 4350 sunt
1426 4336 1442 4362 ,
1473 4306 1527 4351 et
1558 4295 1611 4350 hi
1638 4311 1741 4351 non
1772 4296 1926 4352 dedi-

342 4386 486 4454 gnati
528 4393 656 4441 sunt
693 4384 762 4442 ab
804 4385 910 4441 illis
943 4385 1212 4456 quidpiam
1243 4386 1505 4441 ediscere.
1537 4386 1669 4442 Vide
1694 4401 1723 4441 a
1753 4386 1929 4456 parvis

338 4487 393 4533 et
416 4478 626 4548 exiguis
651 4478 827 4532 omnia
860 4486 1091 4547 peracta,
1122 4476 1551 4546 praadicationem
1578 4487 1809 4543 auctam,
1834 4492 1929 4534 eos

340 4568 426 4636 qui
456 4568 810 4637 Jerosolymis
831 4567 1017 4623 eadem
1042 4581 1163 4621 eum
1190 4566 1308 4621 aliis
1338 4567 1584 4621 omnibus
1611 4568 1925 4636 sentientes,

339 4666 393 4713 et
417 4658 571 4729 quasi
612 4673 770 4713 unam
808 4657 1025 4713 domum
1067 4655 1252 4712 orbem
1294 4663 1460 4710 totum
1494 4655 1693 4711 haberi.
1725 4656 1924 4713 Audie-

341 4761 458 4804 rant
503 4748 645 4818 quod
692 4747 931 4803 Samaria
973 4746 1265 4817 recepisset
1300 4745 1521 4802 verbum
1545 4787 1560 4812 ,
1589 4756 1644 4802 et
1670 4746 1927 4803 miserunt

342 4840 558 4896 Petrum
589 4851 642 4897 et
668 4840 930 4897 Joannem
961 4858 976 4899 :
1003 4840 1285 4897 audierunt
1313 4838 1438 4909 quid
1470 4838 1764 4895 Antiochiae
1788 4840 1926 4895 acci-

338 4931 540 4995 disset,
573 4940 629 4986 et
656 4932 875 4986 mittunt.
910 4931 1227 4987 Barnabam.
1264 4931 1482 4986 Multum
1522 4933 1663 4987 enim
1695 4941 1810 4987 erat
1839 4932 1925 4987 iti-

338 5024 483 5080 neris
525 5024 796 5095 spatium,
840 5038 938 5079 nec
972 5023 1251 5093 oportebat
1288 5024 1464 5079 adhuc
1500 5026 1771 5094 apostolos
1800 5025 1924 5080 inde

399 5200 416 5231 ¹
451 5208 559 5251 Post
586 5200 1003 5264 verba,me_more_s
1025 5212 1250 5264 essemus,
1275 5201 1470 5263 quidam
1492 5202 1810 5264 ,Manuseripti
1836 5202 1922 5251 ad-

335 5260 458 5310 dunt
480 5296 495 5319 ,
520 5260 687 5311 adhuc
710 5261 919 5311 Jacobus
936 5260 1135 5311 vivebat.
1160 5260 1307 5311 Miror
1324 5264 1445 5312 hanc
1461 5262 1722 5312 clausulam
1744 5260 1803 5313 ἰιι
1833 5271 1923 5312 Ma-

336 5323 599 5383 uuscriptis
629 5323 921 5384 quibusdam
954 5324 1185 5372 insertam
1216 5323 1403 5371 haberi.
1428 5326 1547 5384 Quid
1571 5327 1702 5373 enim
1733 5326 1790 5373 ad
1814 5338 1920 5375 rem

356 5382 635 5441 grassantem
651 5382 817 5441 facit,
841 5386 881 5433 si
913 5384 1102 5433 dicatur
1147 5384 1226 5433 hic
1265 5384 1419 5434 adhuc
1440 5383 1673 5435 Jacohunt
1697 5388 1920 5436 vixisse?

385 5445 533 5508 elude
556 5459 679 5495 vero
699 5445 885 5508 dequo
907 5444 1095 5508 Jaeobo
1114 5445 1191 5495 hic
1213 5446 1410 5508 agitur?
1432 5445 1642 5508 Iacobus
1666 5450 1798 5496 enim
1828 5448 1921 5497 fra-

338 5508 415 5569 ter
436 5505 642 5569 Joannis
664 5505 817 5569 paulo
832 5513 941 5568 post
971 5505 1133 5569 gladio
1156 5505 1312 5569 czrsus
1335 5506 1506 5555 fertur.
1529 5506 1739 5569 lacohus
1757 5516 1922 5559 autem

339 5562 492 5631 frater
513 5562 704 5631 Domini
739 5562 1000 5631 episcotius
1026 5567 1471 5631 Jerosolymorum,
1514 5568 1718 5631 inferius
1754 5583 1919 5631 neque

338 5628 496 5691 geitwl
520 5629 567 5678 in
592 5631 718 5680 vivis
742 5628 855 5680 esse
880 5628 1192 5680 memoratur.
1220 5628 1291 5677 Ad
1330 5629 1447 5690 quid
1492 5642 1613 5691 ergo
1634 5629 1809 5679 dicitur
1836 5628 1921 5681 hic

342 5685 565 5740 iacebunt
593 5705 641 5740 ιιι
666 5691 788 5740 vivis
811 5691 959 5741 fuisse
981 5692 1005 5741 ἲ
1030 5699 1081 5742 et
1103 5705 1189 5741 cur
1215 5691 1260 5741 id
1286 5685 1612 5742 auianucusés
1646 5691 1920 5743 addiderint

343 5758 437 5798 non
457 5753 572 5802 satis
595 5752 858 5816 pers'picio.

1310 282 1592 390 IN‘AGTA
1632 331 2156 391 APOSTOLORUM.
2197 333 2431 391 HOMIL.
2471 337 2638 393 XXV.

3526 351 3623 410 194

2044 447 2326 505 discedere
2347 488 2365 517 ,
2397 466 2465 506 ne
2493 451 2698 523 fugitivi
2737 468 2859 511 esse
2904 456 3234 527 viderentur,
3263 471 3318 517 et
3344 478 3373 518 a
3403 466 3515 523 suis
3539 468 3624 522 fu-

2042 539 2204 610 gisse.
2233 540 2382 597 Tunc
2408 552 2585 599 autem
2616 547 2922 601 necessario
2949 554 3180 619 separati
3208 564 3352 620 sunt,
3383 570 3505 612 cum
3533 563 3626 615 de-

2043 645 2188 685 mum
2227 632 2400 688 Judtei
2447 633 2772 692 insanabiles
2808 651 2928 692 esse
2966 639 3293 711 viderentur,
3324 662 3445 702 eum
3486 649 3627 704 bello

2038 718 2149 789 jam
2184 722 2494 779 imminente
2526 725 2701 794 perire
2730 726 2850 783 illos
2876 730 3179 801 oportebat,
3209 749 3330 790 cum
3361 741 3624 795 sententia

2043 810 2247 878 prolata
2277 822 2359 867 est
2391 830 2404 866 :
2432 818 2688 885 quoniam
2718 818 2970 888 quamdiu
3018 822 3213 879 Paulus
3250 826 3472 884 Romam
3518 847 3623 886 nen

2042 903 2227 969 venit,
2262 904 2370 960 illic
2395 917 2568 963 erant.
2597 908 2851 964 Exierunt
2879 921 3057 969 autem
3077 953 3093 978 ,
3126 930 3231 970 non
3257 918 3395 985 quod
3427 920 3623 975 belhun

2043 990 2291 1047 timerent
2318 1011 2332 1048 :
2360 997 2631 1065 quomodo
2656 998 2798 1053 enim
2829 1000 3149 1068 timuissent,
3178 1007 3267 1075 qui
3295 1019 3626 1079 oppugnatu-

2042 1097 2133 1137 ros
2155 1084 2409 1141 adibant?
2432 1087 2749 1160 Bellumque
2777 1090 2990 1148 demum
3019 1095 3246 1152 infertur
3265 1099 3373 1168 jam
3404 1104 3625 1156 mortuis

2040 1176 2318 1245 aposmlis,
2347 1187 2401 1233 et
2426 1181 2567 1249 quod
2591 1181 2658 1237 de
2688 1183 2792 1238 illis
2820 1184 3021 1241 dictum
3051 1197 3167 1244 erat
3189 1191 3368 1247 evenit
3397 1210 3411 1245 :
3439 1192 3626 1250 Perve-

2040 1266 2115 1318 nit
2141 1283 2292 1337 super
2328 1268 2446 1324 illos
2470 1271 2549 1324 ira
2575 1273 2628 1326 in
2659 1273 2812 1342 ﬁnem
2841 1276 2931 1346 (l.
2964 1275 3138 1333 Thess.
3172 1280 3227 1334 2.
3261 1281 3386 1352 16).
3416 1284 3624 1349 Quanto

2040 1355 2201 1426 igitur
2223 1359 2562 1417 obscuriores
2587 1373 2763 1429 erant,
2795 1375 2942 1421 tanto
2972 1370 3139 1440 magis
3164 1373 3333 1441 gratia
3372 1374 3621 1445 fulgebat,

2040 1461 2135 1514 per
2154 1448 2374 1519 exiguos
2399 1466 2590 1523 magna
2619 1452 2840 1511 faciens.
2863 1455 2968 1512 Sed
2996 1461 3269 1529 superiora
3293 1476 3621 1534 repetamus.

2042 1535 2356 1594 Hortabatur
2378 1558 2570 1608 omnes,
2601 1544 2791 1627 inquit,
2823 1556 2877 1600 ut
2904 1563 3255 1617 permanerent
3278 1554 3331 1609 in
3361 1555 3581 1613 Domino
3604 1600 3619 1614 .

2037 1631 2158 1700 quia
2185 1642 2294 1687 erat
2320 1634 2397 1688 vir
2420 1633 2603 1691 bonus.
2635 1637 2860 1694 Videtur
2888 1640 3015 1695 mihi
3056 1642 3251 1699 bonum
3282 1646 3463 1703 dicere
3488 1650 3623 1717 sitn-

2039 1722 2231 1791 plicem
2250 1765 2264 1787 ,
2298 1740 2404 1780 non
2433 1726 2773 1793 simulatum,
2801 1732 2890 1799 qui
2924 1734 3149 1802 proximi
3178 1737 3404 1793 salutem
3434 1740 3624 1797 admo-

2036 1814 2163 1870 dum
2201 1826 2441 1887 cuperct.
2484 1818 2600 1874 Non
2641 1822 2801 1876 modo
2828 1832 3005 1880 autem
3035 1827 3115 1881 vir
3143 1827 3315 1884 bonus
3342 1839 3459 1888 erat
3481 1872 3496 1897 ,
3526 1833 3621 1888 sed

2037 1919 2092 1964 et
2134 1910 2322 1980 plenus
2361 1912 2558 1981 Spiritu
2601 1923 2788 1970 sancto
2829 1925 2883 1971 et
2926 1916 3053 1973 ﬁde.
3083 1919 3208 1975 Ideo
3243 1937 3309 1976 cx
3351 1924 3624 1992 proposito

2037 2001 2218 2057 cordis
2255 2018 2444 2058 omnes
2491 2004 2838 2073 hortabatur;
2883 2009 2933 2063 id
2973 2019 3090 2076 est,
3129 2026 3248 2067 eum
3288 2016 3534 2070 cncomio
3569 2025 3625 2071 et

2038 2093 2215 2150 laude.
2245 2095 2312 2150 Et
2330 2097 2606 2153 considera
2628 2100 2791 2168 quod,
2815 2110 2865 2156 ut
2890 2110 3032 2158 terra
3062 2104 3288 2177 pinguis,
3318 2121 3621 2164 sermoan

2038 2186 2243 2256 accepit
2267 2186 2381 2242 haec
2406 2188 2615 2256 civitas,
2638 2202 2690 2246 ct
2720 2190 2947 2248 fructum
2979 2196 3203 2251 multum
3228 2197 3490 2253 exhibuit.
3515 2202 3623 2255 Cur

2038 2286 2215 2333 autem
2245 2278 2412 2335 Tarso
2438 2280 2656 2337 Saulum
2688 2282 2960 2339 Barnabas
2985 2285 3223 2352 abduxit,
3248 2298 3302 2343 et
3329 2288 3432 2344 huc
3459 2290 3624 2345 dedu-

2037 2370 2157 2425 xit?
2187 2372 2302 2427 Non
2328 2374 2444 2429 sine
2469 2390 2652 2443 causa,
2683 2376 2777 2431 sed
2804 2378 2925 2448 quia
2954 2378 3040 2434 hic
3070 2379 3207 2435 bona
3237 2395 3382 2451 spes.
3410 2384 3624 2439 civitas-

2036 2475 2141 2530 que
2170 2462 2343 2532 major
2370 2474 2484 2519 crat
2506 2507 2521 2529 ,
2554 2481 2618 2521 ac
2652 2481 2843 2537 magna
2886 2468 3194 2525 multitudo.
3224 2470 3471 2528 Vidistin‘
3498 2491 3622 2545 gra-

2039 2552 2164 2606 tiam
2206 2554 2385 2608 omnia
2433 2558 2687 2625 operari,
2735 2574 2840 2613 non
2887 2560 3152 2617 Paulum?
3194 2570 3250 2618 et
3290 2568 3556 2635 quomodo
3592 2585 3622 2624 a

2037 2644 2215 2713 parvis
2246 2660 2331 2699 res
2359 2654 2533 2715 empta
2560 2647 2631 2702 sit
2654 2665 2669 2714 ;
2700 2650 2790 2703 ubi
2816 2660 2992 2706 autem
3020 2654 3267 2709 inclaruit
3287 2698 3300 2720 ,
3334 2667 3459 2712 tunc
3485 2662 3622 2714 mitti

2039 2735 2375 2791 Barnabam?
2403 2739 2470 2793 Et
2492 2754 2588 2795 cur
2617 2756 2721 2794 non
2749 2753 2875 2797 ante
2904 2744 3162 2800 miserunt
3191 2747 3379 2802 illum?
3406 2750 3622 2806 Multam

2039 2842 2216 2882 rerum
2241 2828 2308 2882 ad
2339 2843 2398 2885 se
2424 2833 2779 2900 spectantium
2807 2849 2990 2888 curam
3019 2835 3313 2904 habebant,
3346 2855 3445 2895 nec
3475 2845 3626 2897 vole-

2037 2918 2165 2973 bant
2204 2918 2402 2977 Judteis
2442 2924 2728 2978 accusandi
2759 2940 2818 2980 se
2857 2925 3029 2981 locum
3070 2926 3200 2983 dare
3221 2970 3237 2994 ,
3265 2930 3405 2999 quod
3435 2943 3623 3001 gentes

2035 3012 2405 3081 admitterent;
2425 3015 2524 3070 etsi
2543 3016 2662 3087 quia
2687 3017 2815 3087 ipsis
2837 3021 3141 3075 necessario
3155 3024 3428 3079 commixti
3445 3036 3617 3093 erant,

2035 3106 2156 3175 quia
2184 3105 2499 3178 disceptatio
2527 3108 2767 3179 quaedam
2799 3110 2970 3164 futura
2997 3119 3112 3165 erat
3142 3113 3281 3168 inter
3307 3115 3425 3170 illos
3449 3159 3462 3179 ,
3492 3117 3624 3173 Cor-

2037 3198 2160 3253 nelii
2187 3209 2395 3269 gestum
2423 3201 2713 3270 prmcessit.
2744 3201 2893 3256 Tunc
2919 3202 3078 3258 ctiam
3107 3205 3288 3261 dicunt
3313 3226 3324 3261 :
3350 3207 3418 3264 Ut
3445 3225 3541 3264 nos
3569 3212 3620 3265 in

2033 3298 2258 3361 gentes,
2303 3292 2403 3363 ipsi
2451 3308 2579 3349 vero
2626 3295 2678 3348 in
2723 3294 3206 3351 cireumcisioucm.
3246 3298 3313 3353 Et
3353 3303 3622 3369 perpende

2034 3396 2192 3451 quam
2237 3385 2547 3454 tempestive
2584 3387 2872 3441 necessitas
2901 3387 3053 3443 famis
3080 3393 3619 3451 communicationem

2035 3473 2178 3528 illam
2210 3475 2467 3545 gentium,
2499 3475 2563 3531 iis
2590 3476 2680 3546 qui
2708 3476 3059 3549 Jertzsolymis
3085 3491 3237 3536 erant
3269 3482 3506 3550 missam,
3542 3486 3622 3540 in-

2034 3562 2263 3618 duxerit.
2291 3564 2578 3634 Accipiunt
2600 3575 2779 3620 autem
2806 3565 2874 3620 ab
2902 3568 3023 3634 illis,
3057 3570 3143 3639 qui
3177 3587 3306 3639 non,
3335 3574 3473 3629 sicut
3496 3591 3616 3642 nos,

2035 3652 2090 3706 in
2119 3652 2263 3708 luctu
2297 3654 2630 3711 calamitates
2661 3658 2900 3713 ferebant
2925 3700 2940 3726 ,
2970 3660 3063 3714 sed
3093 3676 3212 3716 cum
3244 3666 3433 3733 majori
3462 3682 3620 3721 scen-

2035 3743 2213 3811 ritate,
2240 3751 2423 3814 utpote
2445 3746 2534 3816 qui
2561 3748 2743 3816 procul
2770 3758 2952 3804 essent
2975 3749 3042 3803 ah
3069 3751 3154 3816 iis,
3184 3753 3272 3823 qui
3300 3754 3621 3826 impedirent

2036 3834 2211 3903 ipsos,
2238 3843 2293 3890 et
2321 3836 2459 3891 inter
2484 3836 2727 3893 homines
2753 3848 2930 3895 essent
2952 3881 2968 3907 ,
2998 3842 3086 3911 qui
3115 3858 3222 3898 non
3251 3843 3501 3901 timerent
3522 3846 3620 3902 Ju-

2033 3925 2180 3982 daeos
2204 3944 2217 3981 :
2243 3926 2383 3997 quod
2412 3926 2586 3998 ipsum
2614 3945 2718 3984 non
2745 3945 2931 4000 parum
2955 3931 3306 3989 conducebat.
3331 3935 3436 3992 Sed
3458 3937 3619 3993 etiam

2034 4018 2089 4073 in
2118 4016 2350 4090 Cyprum
2396 4020 2728 4090 migrarunt,
2761 4023 2851 4077 ubi
2878 4039 3070 4095 magna
3098 4026 3358 4081 securitas
3388 4040 3502 4082 erat
3521 4070 3535 4092 ,
3564 4043 3622 4087 et

2033 4109 2205 4179 major
2232 4109 2471 4166 libertas.
2503 4110 2750 4180 Nemini,
2784 4113 2992 4184 inquit,
3023 4116 3353 4186 loquebantur
3381 4120 3581 4175 verbum
3600 4164 3616 4186 ,

2033 4199 2132 4254 nisi
2155 4199 2376 4255 Judwis.
2412 4200 2526 4254 Non
2571 4202 2640 4257 ob
2681 4211 2879 4257 metum
2919 4204 3232 4271 hominum,
3265 4222 3421 4277 quem
3468 4210 3619 4266 nihili

2033 4288 2183 4345 facie!
2205 4300 2297 4345 aut
2322 4308 2336 4355 ;
2368 4290 2463 4345 sed
2490 4291 2666 4359 legem
2695 4302 3002 4358 servantes,
3030 4303 3085 4348 et
3113 4295 3259 4364 ipsos
3283 4297 3457 4353 adhuc
3487 4301 3619 4356 tole-

2033 4391 2235 4437 rantes.
2266 4382 2427 4436 Erant
2451 4390 2618 4437 autem
2644 4383 2853 4454 quidam
2878 4383 3162 4439 Antiochia:
3186 4385 3363 4456 Cyprii
3390 4397 3435 4442 et
3464 4389 3619 4461 Cyre-

2033 4474 2149 4528 mei.
2180 4472 2240 4527 lii
2270 4472 2503 4528 maxime
2529 4486 2634 4527 non
2661 4472 2920 4529 curabant
2942 4473 3175 4530 Judaeos.
3209 4476 3311 4542 Qui
3339 4478 3614 4548 loqueban-

2034 4575 2115 4620 tur
2133 4567 2200 4619 ad
2217 4564 2440 4634 ercos,
2460 4566 2817 4620 aununtiantcs
2837 4565 3108 4621 Dominum
3127 4567 3327 4623 Iesum.
3352 4570 3617 4629 Fortassis

2031 4656 2171 4726 quod
2198 4657 2463 4713 nescirent
2487 4655 2772 4725 llebraice,
2796 4656 3012 4714 Graecos
3038 4659 3159 4715 illos
3182 4663 3463 4720 vocabant.
3489 4664 3617 4720 Cum

2030 4748 2261 4812 uenisset,
2295 4748 2485 4819 inquit,
2511 4746 2797 4814 Barnabas,
2824 4758 2872 4804 et
2900 4751 3102 4806 vidisset
3129 4756 3345 4823 gratiam
3368 4755 3483 4822 Dei,
3508 4773 3613 4812 non

2032 4840 2357 4910 diligentiam
2399 4840 2675 4897 hominum
2698 4882 2713 4908 ,
2742 4842 3040 4897 hortabatur
3076 4845 3196 4899 illos
3237 4864 3529 4917 permanere
3561 4850 3614 4904 in

2032 4930 2269 4986 Domino.
2303 4932 2465 4987 Forte
2489 4933 2631 5003 quod
2661 4932 2903 4989 laudaret
2943 4933 3148 4989 turbam
3174 4944 3229 4991 ct
3255 4939 3610 5008 approbaret,

2032 5021 2153 5077 ideo
2182 5022 2360 5091 plures
2387 5022 2674 5091 convertit.
2706 5023 2769 5078 Et
2801 5038 2968 5092 quare
3008 5041 3111 5079 non
3142 5025 3308 5081 Paulo
3335 5029 3608 5091 scribunt,

2029 5111 2123 5168 sed
2154 5112 2448 5167 Bai-nabant
2479 5113 2733 5167 mittunt?
2757 5113 3003 5169 Nondum
3033 5115 3128 5169 viri
3156 5117 3403 5172 virtutem
3448 5133 3613 5174 nove-

2030 5210 2181 5267 rant;
2213 5202 2437 5272 ideoque
2477 5202 2728 5258 statuitur
2766 5212 2824 5259 nt
2859 5204 3132 5259 Barnabas
3164 5216 3366 5261 tantum
3395 5209 3615 5277 prolici-

2028 5304 2288 5349 sceretur.
2312 5294 2441 5361 Quia
2466 5311 2593 5349 vero
2613 5304 2668 5350 et
2693 5297 2974 5351 multitudo
2994 5307 3127 5358 erat,
3152 5308 3201 5353 et
3227 5315 3381 5353 nemo
3403 5298 3612 5368 eberat,

2031 5384 2150 5438 ideo
2177 5385 2328 5438 facile
2358 5384 2488 5438 ﬁdes
2512 5386 2861 5454 germinavit,
2890 5387 3120 5441 maxime
3148 5388 3271 5458 quia
3301 5389 3500 5443 nullam
3526 5391 3615 5447 hic

2030 5476 2270 5531 (crebant
2297 5476 2664 5541 tentatiOnem,
2694 5484 2748 5531 et
2774 5477 2895 5546 quia
2923 5477 3119 5531 Paulus
3144 5475 3485 5547 pra-dicabat,
3515 5495 3615 5536 nec

2023 5566 2133 5637 jam
2180 5566 2359 5635 fugere
2407 5565 2715 5635 cogebatur.
2758 5567 2925 5621 Recte
2958 5576 3137 5622 autent
3179 5585 3283 5623 non
3312 5567 3388 5626 illi
3417 5565 3613 5628 famem

2031 5658 2353 5728 praedicunt,
2388 5657 2480 5711 sed
2531 5657 2803 5727 prephetae
2824 5699 2838 5725 ,
2868 5674 2935 5714 ne
2966 5660 3180 5715 onerosi
3211 5661 3286 5715 illi
3314 5677 3434 5718 esse
3461 5662 3623 5739 vide:

2033 5760 2239 5805 rentur.
2270 5747 2446 5804 Mirari
2486 5763 2613 5803 vero
2646 5748 2821 5819 subit,
2852 5764 2948 5804 cur
2979 5749 3298 5808 Antiocheni
3336 5751 3486 5825 quasi
3511 5740 3617 5809 de-'
