4104 6148
432 331 537 391 195

434 451 600 521 speeti
629 465 735 506 non
764 448 1194 519 indignarentur,
1225 445 1319 498 sed
1349 439 1586 497 contenti
1618 443 1804 493 essent
1831 432 2001 489 docto

435 543 578 600 ribus
605 560 621 597 :
647 551 718 596 Ita
744 554 933 595 omnes
964 536 1241 593 fervebant
1274 547 1399 602 erga
1430 541 1754 586 sermonem.
1780 524 1881 591 Qui
1911 534 2018 575 non

432 641 739 704 exspectato
768 631 925 688 famis
955 638 1215 700 tempore,
1243 624 1435 696 singuli
1462 638 1558 694 pro
1585 620 1835 676 facultate
1856 614 2017 669 mise-

432 733 576 779 runt.

502 819 555 872 5.
591 817 657 871 Et
684 816 930 882 observa,
960 813 1103 886 quod
1133 813 1272 868 inter
1292 809 1564 879 apostolos
1589 806 1707 862 aliis
1738 805 1838 859 hoc
1864 817 2016 858 com-

382 940 391 944 -
433 909 699 970 mittitur;
751 907 836 963 hic
878 921 1006 961 vero
1045 906 1238 961 Paulus
1274 911 1329 957 et
1368 899 1638 957 Barnabas
1674 897 2014 965 deputantur.

431 1002 542 1057 Nec
568 1002 685 1056 sine
717 1000 865 1072 gravi
903 1014 1061 1055 causa
1099 998 1148 1053 id
1180 996 1449 1068 provisum
1479 1002 1561 1047 est
1586 1009 1599 1045 :
1627 989 1862 1058 allOIIllin
1891 999 2018 1039 vero

434 1092 641 1146 initium
664 1100 804 1159 erat,
832 1099 1063 1159 tuncque
1096 1104 1199 1141 non
1224 1084 1507 1156 oportebat
1534 1079 1750 1136 offendi.
1784 1079 1849 1131 At
1880 1089 2021 1130 nunc

436 1197 595 1237 nemo
629 1181 680 1236 id
715 1181 872 1245 facit,
902 1181 1026 1236 licet
1054 1178 1224 1233 fames
1256 1177 1326 1231 sit
1360 1177 1447 1231 illa
1473 1172 1704 1245 gravior.
1736 1168 1850 1224 Non
1874 1165 2017 1219 enim

435 1288 533 1342 par
569 1270 655 1327 res
695 1281 779 1326 est
820 1285 1159 1325 communem
1205 1268 1346 1323 ferre
1381 1265 1776 1323 calamitatem,
1807 1269 1859 1312 et
1890 1257 2018 1311 dum

435 1375 625 1416 omnes
648 1360 971 1415 abundantia
996 1360 1262 1424 fruuntur,
1288 1353 1632 1426 pauperiores
1652 1360 1855 1406 tantum
1880 1348 2020 1402 fame

435 1454 700 1509 laborare.
732 1453 882 1508 Tunc
925 1450 1091 1506 fames
1121 1458 1239 1506 erat
1262 1490 1277 1515 ,
1307 1456 1362 1503 et
1399 1447 1488 1518 qui
1521 1445 1720 1501 dabant
1760 1453 2020 1512 pauperes

434 1544 567 1615 (Pro
597 1544 836 1616 facultate
860 1560 953 1596 sua
988 1543 1211 1614 singuli,
1237 1541 1431 1610 inquit)
1462 1557 1475 1594 :
1505 1551 1644 1593 nunc
1668 1552 1795 1591 vero
1823 1534 2017 1604 duplex

433 1649 517 1693 est
549 1637 739 1705 fames,
771 1638 908 1692 sicut
934 1645 990 1691 et
1014 1635 1211 1705 duplex
1240 1629 1564 1688 abundantia
1589 1646 1605 1682 :
1632 1628 1797 1683 fames
1821 1625 2016 1697 gravis,

437 1730 634 1797 iantes,
669 1746 774 1784 non
808 1727 1056 1784 audiendi
1095 1728 1315 1782 verbum
1359 1723 1599 1790 Domini,
1631 1720 1726 1777 sed
1757 1736 1852 1791 per
1876 1721 2019 1774 eice.

435 1836 714 1892 mosynam
751 1819 927 1874 cibum
967 1817 1284 1887 accipiendi.
1329 1816 1481 1870 Tune
1524 1823 1579 1868 et
1612 1814 1699 1883 qui
1745 1812 1796 1866 in
1834 1809 2016 1865 Judtea

434 1928 695 1982 pauperes
718 1921 890 1978 erant,
914 1921 968 1965 et
991 1910 1080 1981 qui
1111 1907 1404 1964 Antiochiae
1430 1904 1681 1976 pecunias
1706 1901 2016 1973 erogabant,

434 2004 575 2058 bono
602 2003 951 2068 fruebantur;
981 2010 1035 2057 et
1065 2001 1115 2055 hi
1151 2002 1319 2071 magis
1345 2013 1505 2070 quam
1533 1996 1606 2051 illi
1636 2013 1649 2049 :
1676 2008 1814 2048 nunc
1840 2002 2018 2048 autem

432 2104 489 2150 et
515 2108 613 2150 nos
640 2104 693 2150 et
716 2107 980 2165 pauperes
1009 2094 1060 2147 in
1091 2092 1229 2147 fame
1254 2108 1268 2144 :
1295 2091 1371 2145 illi
1394 2088 1536 2161 quod
1567 2085 1872 2143 necessario
1897 2083 2018 2138 cibo

433 2197 645 2258 egeant,
678 2202 777 2242 nos
802 2186 942 2256 quod
972 2185 1026 2240 in
1055 2185 1272 2256 penuria
1300 2180 1680 2238 misericordia:
1710 2179 1801 2234 Dei
1831 2178 2016 2232 simus.

437 2278 549 2333 lloe
571 2278 692 2333 cibo
718 2277 851 2331 nihil
873 2277 1041 2347 magis
1062 2275 1423 2331 necessarium
1446 2272 1623 2328 fuerit.
1648 2271 1745 2326 Hic
1766 2285 1870 2324 non
1895 2268 2020 2324 sub-

434 2377 630 2424 euntur
656 2368 825 2434 mala,
856 2383 976 2438 qua:
1013 2382 1079 2422 ex
1120 2367 1395 2421 saturitate
1420 2365 1665 2419 oriuntur
1691 2380 1704 2418 :
1736 2361 1889 2432 hujus
1913 2360 2019 2416 cibi

437 2466 545 2513 no'n
574 2462 626 2513 in
657 2472 927 2512 secessum
950 2458 1213 2512 emittitur
1234 2472 1356 2526 pars
1380 2455 1631 2509 maxima.
1653 2453 1793 2509 Nihil
1820 2452 2019 2507 formo-

435 2551 548 2605 sius
571 2590 586 2617 ,
622 2550 752 2605 nihil
783 2550 964 2604 sanius
990 2549 1167 2603 anima
1197 2564 1315 2618 quae
1344 2549 1422 2602 sie
1457 2548 1652 2613 alitur;
1680 2544 1825 2600 omni
1855 2557 2019 2613 supe-

435 2641 546 2697 rior
569 2651 652 2696 est
677 2640 887 2707 morbo,
915 2641 1057 2693 omni
1085 2638 1246 2705 fame,
1276 2638 1419 2692 omni
1449 2635 1765 2706 intemperie
1790 2642 1843 2689 et
1867 2631 2023 2704 tegri-

435 2731 615 2788 tudine
648 2749 662 2785 :
691 2746 849 2787 nemo
889 2730 1032 2786 illam
1089 2745 1283 2800 capere
1323 2731 1554 2799 poterit;
1608 2727 1704 2783 sed
1742 2728 1879 2782 sicut
1917 2724 2017 2780 ad-

430 2824 761 2878 antantinum
783 2837 980 2893 corpus
1001 2836 1105 2877 non
1127 2821 1323 2876 ferrum
1346 2821 1554 2876 caedere
1567 2820 1725 2882 valet,
1751 2833 1855 2873 non
1874 2816 2018 2873 aliud

431 2916 641 2985 quidvis
668 2934 683 2971 :
710 2919 790 2972 sic
818 2932 916 2970 nec
949 2916 1180 2970 animam
1206 2914 1543 2983 cleemosyna
1572 2912 1832 2966 firmatam
1859 2910 2018 2982 quid-

433 3009 513 3063 vis
540 3022 735 3078 capere
766 3007 980 3075 poterit.
1007 3006 1180 3071 Quid,
1210 3019 1424 3075 quaeso,
1459 3005 1602 3058 illam
1631 3018 1823 3072 capere
1852 3003 2020 3071 possit

433 3098 723 3169 umquam?
754 3096 1075 3168 paupertas?
1105 3096 1352 3162 Minime;
1382 3097 1432 3149 in
1464 3095 1624 3164 regiis
1649 3095 1791 3149 enim
1821 3109 2020 3164 penua-

433 3191 527 3246 riis
567 3191 736 3260 posite
769 3196 869 3245 est.
915 3189 996 3243 An
1037 3188 1119 3241 fur
1154 3196 1207 3241 et
1247 3186 1424 3241 latro?
1456 3186 1559 3241 Sed
1590 3185 1710 3240 illos
1741 3184 2019 3254 perfodere

433 3284 666 3353 parietes
693 3298 854 3338 nemo
884 3281 1044 3336 valet.
1079 3282 1158 3334 An
1188 3280 1420 3335 vermis?
1450 3278 1554 3334 Sed
1589 3281 1687 3332 hac
1713 3278 1870 3332 etiant
1903 3292 2022 3346 per-

435 3375 572 3431 nicie
603 3374 847 3445 superior
869 3380 956 3428 est
980 3372 1071 3426 hic
1093 3372 1395 3426 thesaurus.
1420 3371 1503 3424 An
1526 3370 1685 3424 timor
1708 3377 1764 3423 et
1787 3369 1979 3423 invidia
1996 3369 2021 3421 ?

434 3468 505 3520 At
532 3482 637 3521 non
669 3465 753 3519 his
781 3464 1010 3533 capitur.
1053 3460 1429 3533 Syc0phantite
1473 3469 1527 3515 et
1561 3459 1803 3516 insidim?
1839 3459 2021 3529 Neque

436 3557 574 3624 ilhc;
602 3558 882 3611 thesaurus
910 3554 1104 3624 quippe
1126 3562 1208 3608 est
1238 3553 1563 3608 inaeeessus.
1594 3549 1701 3606 Sed
1729 3562 1881 3620 turpe
1906 3550 2020 3605 fue-

437 3649 532 3712 rit,
565 3648 607 3701 si
640 3646 754 3700 htec
780 3645 953 3700 solum
979 3661 1095 3714 (pne
1123 3645 1475 3715 cleemosyna:
1506 3643 1686 3698 insunt
1710 3642 2017 3710 ostendero,

436 3738 612 3794 missis
655 3739 718 3792 iis
752 3752 874 3808 qute
917 3737 1185 3791 contraria
1221 3736 1323 3790 illis
1360 3744 1505 3790 sunt.
1535 3733 1652 3790 Non
1683 3734 1846 3789 modo
1876 3736 2017 3789 enim

437 3830 526 3883 illa
563 3830 630 3884 ab
668 3829 812 3882 onmi
862 3826 1058 3882 invidia
1099 3837 1185 3881 est
1215 3826 1381 3882 libera
1402 3868 1417 3894 ,
1445 3826 1541 3882 sed
1569 3834 1623 3881 et
1650 3826 2022 3881 benedictione

436 3920 628 3974 fruitur
667 3918 830 3972 multa
858 3917 927 3973 ab
955 3918 1021 3972 iis
1040 3958 1054 3982 ,
1083 3919 1174 3989 qui
1219 3918 1360 3973 illam
1387 3918 1671 3989 accipiunt.
1702 3917 1852 3974 Sicut
1878 3917 2018 3972 enim

439 4010 713 4066 inhumani
741 4020 794 4064 et
823 4009 1070 4065 crudeles
1100 4024 1206 4064 non
1233 4008 1393 4064 lazsos
1416 4009 1590 4064 solum
1622 4008 1819 4063 habent
1848 4005 2023 4062 inimi-

436 4117 566 4169 cos,
595 4101 688 4157 sed
717 4104 877 4158 etiam
905 4114 1027 4168 eos,
1059 4101 1149 4171 qui
1177 4100 1307 4155 nihil
1344 4101 1468 4155 mali
1498 4100 1638 4170 passi
1670 4100 1826 4154 lzesos
1858 4099 2021 4154 mise-

437 4205 644 4258 rantur,
673 4194 1099 4264 inhutuanosque
1125 4202 1379 4249 accusant
1407 4211 1421 4248 :
1446 4194 1523 4248 sic
1544 4192 1635 4264 qui
1665 4193 1870 4263 magnis
1894 4191 2025 4248 affe-

437 4303 561 4343 eere
589 4290 762 4353 bonis,
786 4303 893 4344 non
921 4303 1017 4344 eos
1040 4289 1129 4359 qui
1152 4302 1412 4359 accepere
1441 4296 1668 4354 tantum,
1692 4288 1783 4342 sed
1812 4296 1866 4343 et
1888 4288 2023 4343 alios

441 4378 638 4434 habent
659 4381 981 4436 laudatores.
1008 4380 1146 4447 Quid
1175 4381 1243 4434 ab
1270 4381 1464 4435 invidia
1493 4382 1688 4435 liberos
1717 4382 1839 4435 dico
1941 4379 2024 4438 Ab

444 4469 842 4526 insidiatoribus
862 4472 1042 4525 etiam
1062 4511 1078 4537 ,
1106 4472 1311 4526 furibus
1344 4483 1398 4526 et
1436 4474 1697 4541 parietum
1726 4472 2024 4527 eliractori-

442 4563 544 4617 bus
573 4563 885 4618 liberantur.
914 4562 1096 4633 Neque
1120 4563 1222 4618 hoe
1245 4564 1417 4618 solum
1445 4564 1584 4620 inest
1604 4564 1727 4619 boni
1753 4581 1768 4629 ;
1796 4564 1890 4619 sed
1918 4579 2023 4618 non

443 4654 606 4710 modo
632 4669 735 4708 non
763 4655 1019 4708 minuitur
1043 4655 1338 4708 substantia
1360 4696 1374 4717 ,
1402 4667 1588 4709 verum
1616 4656 1776 4709 etiam
1803 4665 2027 4723 augetur

441 4757 498 4803 et
528 4746 742 4801 crescit.
769 4744 907 4812 Quid
935 4745 1457 4801 Nabuchodonosore
1494 4745 1738 4816 turpius?
1776 4746 1900 4815 quid
1931 4746 2027 4802 fm-

439 4837 605 4894 dius?
630 4837 755 4907 quid
799 4837 1063 4906 iniquius?
1097 4835 1294 4905 impius
1320 4846 1434 4891 erat
1466 4835 1627 4890 homo
1657 4853 1671 4889 :
1709 4836 1851 4891 mille
1887 4837 2026 4890 indi-

441 4933 522 4987 cia
542 4972 559 4998 ,
594 4930 739 4984 mille
766 4929 916 5000 signa
950 4928 1117 4994 vidit,
1149 4937 1204 4982 et
1240 4928 1556 4998 resipiscere
1585 4929 1783 4994 noluit;
1813 4928 1905 4984 sed
1935 4929 2025 4984 Dei

445 5037 630 5078 sort-os
659 5038 709 5076 tu
739 5019 1006 5076 caminum
1031 5019 1229 5087 injecit,
1255 5020 1461 5074 etiamsi
1496 5030 1678 5088 postea
1706 5020 2024 5074 adoraverit.

442 5116 578 5185 Quid
618 5115 776 5186 igitur
814 5111 1108 5183 prepheta?
1147 5111 1256 5166 Rex
1279 5153 1294 5176 ,
1332 5111 1595 5165 consilium
1633 5128 1796 5166 meum
1836 5113 2029 5181 placeat

445 5210 531 5266 tibi
605 5218 809 5280 peccatu
840 5216 928 5260 tua
954 5204 1278 5275 eleemosynis
1297 5205 1503 5272 redime,
1530 5216 1576 5259 et
1604 5206 1889 5275 iniquitates
1919 5214 2031 5258 tuas

445 5300 846 5356 miserationibus
889 5314 1164 5369 pauperum
1193 5312 1211 5350 :
1236 5297 1370 5363 forte
1408 5299 1498 5352 erit
1534 5299 1677 5352 venia
1714 5298 1908 5351 delictis
1934 5298 2032 5352 tuis

447 5390 605 5460 (.
639 5393 691 5448 4.
722 5391 838 5461 ).
1023 5390 1094 5444 ita
1120 5389 1253 5445 dixit
1282 5405 1387 5444 non
1414 5388 1663 5444 dubitans
1690 5389 1865 5462 (valde
1889 5387 2029 5442 enim

453 5482 545 5537 sibi
578 5497 886 5553 persuasum
911 5482 1075 5554 erat),
1102 5481 1196 5536 sed
1308 5480 1456 5535 illum
1490 5481 1539 5534 in
1567 5480 1820 5550 majorem
1849 5478 2030 5547 injiceo

452 5584 535 5629 ret
560 5576 802 5629 timorem
824 5616 839 5642 ,
865 5584 920 5630 et
948 5575 1201 5644 majorem
1233 5573 1349 5629 inec
1381 5570 1605 5628 faciendi
1635 5572 2029 5628 necessitatem.

569 5711 703 5765 Alius
723 5712 846 5773 haec,
869 5710 985 5776 quid
1008 5711 1067 5764 ab
1090 5710 1270 5765 inuidia
1295 5710 1469 5765 liberos
1488 5709 1626 5772 dico,
1651 5708 1829 5759 omisit.

1102 324 1162 380 S.
1199 320 1477 379 JOANNIS
1512 310 1988 376 CIIRYSOSTOMI
2024 307 2343 365 AIlCHIEP.
2379 261 2910 367 CUNSTANTINOP.

3611 309 3713 368 196

2130 426 2263 483 Nam
2288 427 2333 482 si
2360 426 2675 482 afrmando
2710 427 2970 491 dixisset,
3001 424 3350 496 negligentior
3378 424 3465 480 ille
3494 422 3710 483 fuisset.

2123 516 2213 574 Sic
2237 526 2291 574 et
2315 532 2413 573 nos
2436 528 2564 573 tunc
2591 520 2820 573 maxime
2843 517 3101 588 quosdam
3130 532 3401 588 urgemus,
3427 533 3551 573 cum
3579 519 3706 575 dici-

2123 626 2241 666 mus
2266 629 2280 666 :
2308 611 2533 667 llortare
2563 611 2709 665 illum
2740 611 2933 675 talem;
2963 625 3061 665 nec
3083 608 3353 678 addimus,
3382 610 3533 666 illum
3559 612 3708 667 audi-

2122 713 2297 760 turum
2323 720 2540 773 prorsus
2559 720 2701 770 esse,
2731 705 2847 769 sed,
2874 703 3100 760 fortasse
3125 704 3430 760 auditurum
3457 724 3471 759 :
3496 722 3617 760 nam
3641 724 3708 763 ex

2120 795 2454 850 dubitatione
2495 794 2663 865 major
2697 804 2846 850 ortus
2883 794 3073 859 timor,
3106 796 3274 866 magis
3303 797 3548 866 impellit.
3582 798 3709 854 ideo

2124 885 2176 939 id
2209 885 2280 938 illi
2311 900 2414 939 non
2445 886 2783 940 manifestum
2812 887 2958 941 fecit.
2987 887 3122 954 Quid
3150 887 3328 942 dicis?
3352 890 3582 946 tantisne
3607 890 3708 944 im-

2123 976 2411 1047 pietatibus
2438 979 2540 1033 erit
2572 978 2768 1033 venia?
2797 979 2990 1032 Etiam.

2197 1068 2361 1124 Omne
2387 1081 2645 1141 peccatum
2679 1082 2751 1127 est
2788 1072 3103 1144 eleemosyaa
3132 1074 3360 1145 inferius.
3482 1076 3596 1131 Non
3623 1086 3706 1134 est

2124 1174 2398 1234 peccatum
2425 1207 2440 1231 ,
2472 1166 2612 1234 quod
2660 1181 2763 1220 non
2809 1167 2976 1237 pnasit
3016 1168 3352 1240 eleemosyua
3398 1184 3622 1240 purgare
3650 1181 3706 1227 et

2121 1258 2463 1329 exstinguere
2502 1274 2519 1313 :
2558 1274 2717 1315 omne
2765 1270 3036 1330 peceatum
3081 1273 3164 1317 est
3199 1263 3295 1329 jlla
3340 1263 3563 1319 inferius
3595 1282 3610 1319 :
3637 1266 3706 1322 ad

2122 1365 2283 1406 omne
2308 1351 2500 1406 vulnus
2537 1361 2717 1421 aptum
2747 1351 3093 1423 pharmacnm
3120 1362 3222 1408 est.
3255 1354 3391 1423 Quid
3426 1356 3707 1425 publicano

2123 1440 2397 1496 deterius?
2417 1442 2541 1496 ihee
2562 1444 2735 1497 onmis
2759 1443 3052 1513 iniquitatis
3076 1445 3286 1499 occasio
3306 1456 3390 1500 est
3412 1463 3425 1499 :
3452 1446 3545 1501 sed
3570 1450 3707 1502 hanc

2124 1542 2292 1588 totum
2320 1533 2481 1589 abluit
2512 1533 2818 1591 Zacthteus.
2851 1536 3003 1599 Vide,
3032 1537 3301 1605 quomodo
3332 1538 3433 1592 hoc
3461 1538 3708 1593 ostendat

2122 1625 2389 1692 Christus,
2418 1642 2540 1681 cum
2567 1628 2773 1681 curavit
2799 1628 3124 1698 marsupium
3158 1628 3378 1694 habere,
3407 1637 3462 1684 et
3491 1640 3709 1696 portare

2124 1732 2186 1773 ea
2216 1734 2334 1787 qua:
2360 1718 2801 1774 immittebantur.
2834 1719 3028 1775 Paulus
3053 1736 3261 1791 quoque
3287 1720 3415 1775 dicit
3446 1738 3459 1774 :
3485 1719 3708 1776 Tantum

2122 1819 2177 1864 ut
2205 1827 2481 1881 pauperum
2512 1827 2755 1865 memores
2785 1813 2942 1865 simus
2968 1810 3109 1880 (Gal.
3139 1811 3193 1866 2.
3230 1810 3318 1882 10)
3347 1828 3360 1877 ;
3389 1821 3442 1867 et
3483 1811 3533 1866 in
3563 1812 3710 1868 Scri-

2123 1905 2292 1972 pturis
2324 1904 2519 1974 passim
2548 1903 2647 1960 hac
2667 1906 2737 1960 de
2777 1920 2835 1959 re
2872 1906 3061 1975 agitur.
3097 1904 3323 1960 Pretium
3359 1905 3542 1960 animo:
3569 1905 3666 1959 viri
3688 1946 3704 1971 ,

2124 1997 2324 2067 inquit,
2353 1998 2541 2052 divitia:
2568 1999 2788 2069 propria:
2816 1996 2995 2068 (Prov.
3028 1999 3113 2055 l5.
3148 1999 3205 2070 8)
3232 2016 3247 2064 ;
3277 1998 3519 2054 Christus
3544 2012 3704 2064 vero,

2124 2089 2187 2146 Si
2210 2091 2284 2145 vis
2310 2095 2558 2163 perfectus
2582 2107 2705 2157 esse,
2731 2091 2888 2145 vende
2908 2093 3077 2145 omnia
3097 2108 3209 2161 quae
3228 2092 3399 2158 habes,
3422 2101 3468 2146 et
3489 2092 3555 2145 da
3575 2108 3708 2161 pau-

2124 2184 2345 2254 peribus,
2373 2192 2420 2237 et
2445 2183 2575 2249 veni,
2603 2198 2808 2252 sequere
2827 2200 2905 2237 me
2925 2183 3137 2255 (Matth.
3171 2182 3256 2240 l9.
3288 2184 3401 2256 21).
3429 2184 3553 2239 lltec
3582 2200 3709 2241 vera

2126 2276 2382 2345 perfectio
2409 2284 2509 2331 est.
2544 2275 2893 2348 Elecmosyna
2928 2291 3053 2332 vero
3089 2292 3192 2331 non
3236 2277 3474 2347 pecuniis
3505 2277 3666 2332 modo
3687 2317 3706 2344 ,

2123 2367 2218 2423 sed
2243 2367 2405 2422 etiam
2430 2367 2683 2437 operibus
2710 2376 3010 2423 exercetur.
3037 2368 3279 2438 Exempli
3307 2384 3490 2436 causa,
3520 2383 3709 2439 possu

2124 2474 2243 2515 mus
2274 2460 2589 2529 patrocinari
2611 2501 2626 2527 ,
2659 2475 2938 2529 possumus
2970 2476 3183 2516 manum
3216 2461 3493 2531 porrigere
3521 2478 3536 2516 :
3565 2476 3708 2532 stupe

2126 2552 2473 2623 patrocinium
2506 2552 2624 2623 plus
2652 2553 2905 2621 servavit,
2934 2568 3091 2624 quam
3125 2554 3385 2624 pecunite.

2194 2645 2248 2700 4.
2293 2645 2640 2716 Eleemosynaz
2664 2645 2802 2699 modi
2827 2645 3186 2716 variiAge
3211 2661 3339 2716 ergo
3370 2646 3421 2701 in
3445 2647 3700 2717 prmsenti

2124 2737 2304 2792 omnia
2342 2737 2698 2808 eleemosynze
2725 2752 2921 2808 genera
2952 2738 3266 2793 excitemus.
3300 2738 3459 2793 Potes
3489 2754 3585 2808 per
3614 2753 3707 2807 pe-

2125 2828 2353 2884 cunias?
2392 2828 2471 2884 Ne
2509 2829 2687 2900 segnis
2711 2838 2849 2884 esto.
2892 2829 3048 2885 Potes
3085 2845 3180 2899 per
3209 2828 3597 2899 patrocinium?
3624 2828 3708 2885 No

2125 2921 2293 2987 dicas,
2321 2923 2442 2990 quia
2468 2921 2707 2991 pecuniae
2738 2936 2842 2975 non
2869 2920 3082 2987 adsunt;
3108 2921 3211 2976 hoc
3241 2920 3374 2975 nihil
3401 2928 3505 2977 est.
3536 2920 3708 2977 Valde

2128 3030 2374 3084 magnum
2402 3013 2504 3069 hoc
2535 3029 2747 3084 quoque
2785 3023 2867 3069 est
2891 3034 2905 3069 :
2933 3028 2997 3068 ac
3035 3014 3079 3069 si
3113 3014 3387 3084 pecuniam
3422 3013 3665 3070 dedisses
3688 3055 3706 3082 ,

2127 3106 2205 3161 sic
2233 3105 2454 3162 allectus
2481 3115 2617 3161 esto.
2658 3106 2817 3161 Potes
2846 3107 3198 3160 ministrando
3223 3105 3451 3175 juvare?
3479 3105 3593 3161 Hoc
3633 3106 3711 3161 fa-

2126 3198 2255 3253 cito.
2287 3199 2526 3275 Exempli
2548 3199 2739 3269 gratia,
2758 3207 2872 3253 arte
2897 3198 3134 3254 medicus
3155 3199 3254 3253 es?
3276 3197 3521 3253 lniirmos
3541 3213 3666 3253 cura
3691 3213 3707 3263 ;

2125 3303 2172 3346 et
2205 3291 2308 3347 hoe
2335 3306 2583 3362 magnum
2612 3301 2713 3346 est.
2759 3290 2915 3345 Potes
2944 3290 3170 3346 consilio
3193 3289 3381 3361 juvare
3455 3290 3569 3345 [Ioc
3593 3307 3712 3344 om-

2128 3384 2274 3439 nium
2301 3385 2560 3455 optimum
2593 3392 2676 3440 est
2714 3395 2768 3440 et
2813 3383 3101 3442 maximum
3127 3425 3143 3450 ,
3177 3383 3455 3455 majusque
3500 3386 3709 3439 lucrum

2130 3476 2290 3532 habet
2322 3494 2335 3530 :
2369 3491 2477 3531 non
2503 3476 2646 3531 enim
2676 3477 2776 3531 hac
2797 3478 2880 3531 via
2917 3475 3113 3533 famem
3143 3517 3159 3543 ,
3205 3476 3299 3531 sed
3339 3477 3709 3547 gravissimam

2128 3579 2354 3623 mortem
2375 3567 2548 3638 pellis.
2572 3567 2684 3622 Hoc
2702 3568 2929 3637 apostoli
2953 3568 3096 3623 bono
3118 3568 3258 3638 pleni
3281 3584 3497 3637 prorsus
3516 3579 3673 3624 erant
3693 3589 3708 3624 :

2129 3664 2248 3718 ideo
2267 3664 2610 3735 pecuniarum
2637 3662 3064 3718 distributionem
3092 3661 3433 3718 inferioribus
3459 3663 3710 3717 commit-

2129 3756 2310 3811 tebant
2337 3796 2351 3819 ,
2383 3754 2508 3809 dum
2555 3769 2807 3809 sermone
2848 3753 3125 3824 juvabant.
3160 3754 3242 3808 An
3291 3763 3445 3824 putas
3491 3768 3708 3823 parvam

2129 3861 2249 3902 esse
2275 3847 2689 3917 eleetnosyham,
2712 3845 2942 3899 animam
2965 3845 3209 3912 anxiam,
3239 3845 3307 3900 de
3334 3846 3587 3901 extremis
3619 3860 3713 3915 pe-

2127 3940 2442 3995 riclitantem
2463 3981 2477 4006 ,
2514 3939 2678 3994 febris
2713 3938 2904 3993 ardore
2932 3937 3203 3992 detentam
3226 3979 3241 4005 ,
3273 3953 3302 3990 a
3333 3938 3522 3993 morbo
3552 3952 3712 4006 posse

2130 4032 2399 4087 liberare?
2427 4031 2584 4087 Verbi
2615 4031 2805 4101 gratia,
2834 4029 2986 4084 vides
3012 4030 3240 4084 amicum
3271 4028 3493 4085 avaritia
3518 4029 3711 4083 deten-

2131 4124 2282 4178 tum?
2310 4123 2559 4178 Miserare
2592 4122 2884 4177 hominem.
2927 4121 3229 4176 Sull'ocatur
3257 4120 3389 4177 ille?
3416 4119 3712 4190 Exsdngue

2129 4218 2270 4272 illius
2302 4216 2497 4286 ignem.
2526 4215 2662 4283 Quid
2686 4215 2845 4285 igitur
2865 4213 2908 4269 si
2932 4229 3036 4269 non
3066 4213 3399 4282 obtemperet
3419 4212 3441 4266 ?
3461 4212 3541 4267 Tu
3568 4213 3712 4283 quod

2131 4321 2276 4365 tuum
2310 4316 2391 4364 est
2421 4307 2580 4363 facito
2600 4350 2616 4375 ,
2650 4322 2748 4363 nec
2778 4307 2996 4377 ignavus
3033 4307 3128 4361 sis.
3159 4304 3321 4360 Vides
3349 4319 3469 4363 eum
3508 4305 3558 4358 in
3588 4305 3712 4359 vin-

2129 4402 2264 4457 culis
2290 4399 2556 4455 detineri?
2585 4399 2604 4471 (
2627 4415 2748 4453 nam
2775 4397 3014 4469 pecuniae
3040 4412 3165 4452 vere
3191 4396 3401 4451 vincula
3433 4405 3552 4450 sunt
3576 4395 3615 4466 ).
3642 4395 3712 4449 ll-

2129 4494 2238 4548 ium
2265 4495 2372 4559 azli,
2398 4492 2592 4559 invise,
2616 4491 2919 4556 consolare,
2948 4505 2976 4542 a
3007 4487 3234 4544 vinculis
3256 4488 3461 4557 eripere
3490 4500 3710 4542 conare.

2131 4587 2186 4644 Si
2228 4589 2394 4651 nolit,
2438 4601 2601 4658 penes
2641 4585 2789 4640 illum
2827 4584 2982 4654 culpa
3019 4584 3142 4638 erit.
3190 4579 3379 4635 Vidisti
3429 4578 3628 4634 nudum
3659 4585 3713 4632 et

2131 4679 2470 4750 peregrinum
2492 4679 2514 4731 ?
2545 4676 2743 4750 (nudus
2761 4676 2903 4731 enim
2921 4688 3049 4727 vere
3070 4681 3125 4727 et
3148 4671 3461 4741 peregrinus
3491 4670 3544 4724 in
3565 4669 3717 4725 etelis

2132 4781 2234 4837 est,
2269 4771 2359 4840 qui
2386 4777 2587 4826 rectam
2613 4769 2750 4822 viam
2785 4780 2888 4820 non
2923 4764 3121 4833 curat).
3154 4762 3356 4833 Recipe
3383 4763 3436 4817 in
3475 4760 3715 4817 diverso.

2135 4856 2273 4916 rium
2301 4871 2447 4915 tuum
2468 4900 2484 4928 ,
2514 4857 2850 4913 vestimentis
2883 4854 3096 4909 virtutis
3125 4852 3287 4908 indue
3315 4853 3461 4908 illutn
3487 4893 3501 4916 ,
3545 4851 3612 4906 da
3641 4851 3714 4905 illi

2134 4953 2401 5009 civitatem
2434 4952 2486 5005 in
2525 4950 2676 5006 caelo.
2708 4947 2843 5015 Quid
2880 4962 3037 5017 ergo,
3070 4947 3114 5002 si
3148 4956 3201 5002 et
3229 4960 3330 5016 ego
3366 4944 3540 4999 nudus
3573 4946 3672 5000 sim
3700 4984 3714 5007 ,

2136 5041 2384 5113 inquies?
2411 5040 2661 5111 Teipsum
2698 5039 2856 5096 indue
2879 5039 3150 5109 primum:
3184 5038 3227 5092 si
3264 5036 3403 5094 nosti
3429 5044 3480 5090 te
3515 5035 3715 5089 nudum

2136 5152 2257 5193 esse
2280 5179 2296 5203 ,
2327 5135 2483 5206 plane
2509 5134 2614 5190 scis
2642 5143 2692 5189 te
2716 5133 2863 5191 indui
2893 5141 3164 5203 oportere.
3192 5130 3246 5186 Si
3275 5129 3531 5184 nuditatis
3559 5127 3716 5197 hujus

2138 5229 2351 5286 modum
2383 5226 2544 5293 nosti,
2568 5242 2727 5283 nosse
2753 5227 2976 5297 poteris,
3002 5239 3109 5297 quo
3123 5240 3258 5294 opus
3282 5224 3355 5280 sit
3374 5222 3713 5278 vestimento.

2137 5324 2276 5391 Quot
2297 5323 2549 5378 mulieres
2575 5322 2744 5379 serica
2781 5322 3094 5376 vestimenta
3126 5326 3367 5390 gestant,
3397 5316 3716 5383 virtutisque

2139 5417 2374 5472 vestibus
2416 5431 2632 5487 prorsus
2678 5415 2833 5471 nudae
2867 5415 3036 5470 sunt?
3068 5414 3159 5467 llis
3204 5411 3323 5465 illas
3354 5409 3578 5465 vestiant
3617 5406 3716 5460 viri

2138 5507 2239 5563 ani.
2275 5506 2471 5562 Verum
2504 5522 2608 5561 non
2638 5506 2924 5562 admittunt
2949 5503 3068 5559 illas
3113 5510 3289 5555 vestes
3313 5541 3329 5563 ,
3362 5500 3459 5554 has
3488 5496 3719 5554 volunt?

2140 5597 2253 5653 floe
2295 5599 2524 5667 primum
2571 5599 2767 5655 facito:
2809 5597 3017 5653 illarum
3061 5592 3287 5647 vestium
3333 5589 3718 5658 concupiscen-

2140 5700 2264 5755 tiam
2291 5696 2396 5751 illis
2423 5692 2633 5750 insinua
2659 5707 2674 5758 ;
2703 5687 2925 5745 ostende
2955 5682 3059 5741 illis
3085 5682 3229 5753 ipsas
3259 5696 3379 5740 esse
3419 5680 3591 5737 nudas
3610 5720 3625 5745 ,
3650 5677 3722 5733 de
