4108 6172
335 323 437 380 197

333 439 574 509 τοσούτῳ
607 436 840 508 μάλιστα
865 433 1097 507 γυμνὰς,
1152 433 1263 502 ὅσῳ
1300 432 1537 502 μάλιστα
1567 429 1632 483 ἂν
1669 429 2007 501 περιϐάλων-

332 543 445 594 ται,
480 526 556 597 μὴ
584 523 978 594 ἀπεχθάνεσθε.
1012 522 1077 575 Τί
1102 517 1218 585 οὖν,
1270 514 1392 573 εἰπέ
1427 537 1538 589 μοι,
1571 518 1700 571 ὅταν
1729 518 1855 580 τοὺς
1880 517 2008 586 περὶ

333 615 558 685 γεέννης
608 612 953 683 ἀνακινῶμεν
1001 612 1215 680 λόγους,
1274 610 1370 664 καλ¹
1410 609 1519 661 τῶν
1572 605 2007 677 βασανιστηρίων

332 703 581 767 ἐκείνων,
615 701 736 771 ούχὶ
772 700 975 771 μᾶλλον
1020 699 1131 752 τῶν
1159 697 1381 769 γυμνῶν
1409 696 1635 749 ἐκείνων
1691 696 2006 764 πεπήγασιν

280 842 286 847 ,
331 785 478 845 οὗτοι
497 791 594 844 καὶ
616 789 948 861 τρέμουσιν;
978 786 1103 857 οὐχὶ
1133 786 1307 855 πικρά
1351 782 1691 846 στενάζουσι,
1720 781 1814 835 καὶ
1834 796 2009 833 κατα-

331 877 642 943 δικάζουσιν
666 876 892 940 ἐαυτούς
914 892 939 941 ;'
965 875 1031 928 Ti
1056 874 1166 938 δαὶ,
1218 873 1346 926 ὅταν
1376 870 1453 941 τῷ
1485 870 1617 924 δεῖνι
1655 870 2007 940 προσέρχωνο

331 982 423 1020 ται
454 966 548 1019 καὶ
568 963 817 1033 λέγωσιν·
848 959 1015 1026 Εῦξαι
1037 960 1178 1031 ὑπὲρ
1202 958 1360 1029 ἐμοῦ·
1384 958 1507 1029 οὐχὶ
1531 957 1599 1011 τὰ
1623 955 1766 1011 αύτά
1789 957 2009 1026 ῥήματα

333 1052 661 1122 φθέγγονται
690 1050 954 1113 ἐκείνοις;
1006 1048 1167 1103 Ἀλλά
1196 1045 1292 1100 νῦν
1331 1046 1449 1117 μὲν,
1496 1046 1597 1099 ὅσα
1625 1043 1691 1097 ἂν
1737 1043 2004 1114 εἴπωμεν,

334 1138 487 1193 οὔπω
515 1137 651 1208 δήλη
684 1138 718 1209 ή
772 1136 1067 1206 γυμνότης·
1122 1133 1276 1187 ἔσται
1317 1133 1376 1186 δὲ
1414 1134 1530 1186 ἐκεῖ
1571 1131 1728 1203 δήλη.
1758 1129 1884 1193 Πῶς
1912 1131 2007 1184 καὶ

333 1226 440 1279 τίνι
468 1226 689 1295 τρόπῳ;
724 1226 891 1279 Ὅταν
932 1222 1042 1276 τῶν
1095 1220 1340 1291 σηρικῶν
1394 1220 1622 1291 ἱματίων
1672 1217 1876 1272 τούτων
1912 1218 2005 1271 καὶ

332 1314 444 1367 τῶν
492 1312 656 1366 λίθων
693 1310 1071 1375 άπωλολότων,
1123 1308 1231 1362 ἀπὸ
1287 1307 1465 1378 μόνων
1507 1305 1615 1359 τῶν
1645 1305 1747 1375 τῆς
1803 1305 2006 1376 ἀρετῆς

335 1401 556 1471 καὶτῆς
608 1400 808 1462 κακίας
858 1397 1088 1468 ἱματίων
1139 1396 1378 1458 ἅπαντες
1431 1395 1753 1462 φαίνωνται·
1795 1394 1922 1447 ὅταν
1953 1395 2003 1446 oi

336 1489 437 1559 μὲν
493 1488 724 1557 πένητες
776 1479 909 1539 ὦσιν
964 1485 1328 1554 ἠμφιεσμένοι
1378 1480 1533 1545 δόξαν
1598 1479 1818 1552 πολλὴν,
1860 1483 1909 1534 οἱ
1947 1479 2004 1533 δὲ

334 1571 697 1636 πλουτοῦντες
726 1573 924 1643 γυμνοὶ
946 1572 1042 1626 καὶ
1069 1569 1505 1642 ἀσχημονοῦντες
1531 1568 1668 1640 πρὸς
1716 1568 1787 1622 τά
1839 1568 2002 1622 κολα-

337 1662 536 1732 στήρια
569 1660 863 1733 σύρωνται.
916 1662 981 1714 Τί
1035 1660 1332 1731 ἁδρότερον
1368 1655 1437 1731 ἦν
1468 1657 1560 1712 τοῦ
1616 1658 1873 1712 πλουσίου
1907 1658 2002 1712 τοῦ

332 1748 433 1820 τὴν
486 1749 773 1821 πορφύραν
816 1749 1298 1820 ἐνδιδυσκομένους
1336 1748 1387 1802 τί
1433 1747 1492 1801 δὲ
1542 1745 1865 1817 πενέστερον
1908 1745 2003 1800 τοῦ

332 1834 625 1907 Λαζάρου;
660 1837 744 1900 τίς
790 1831 882 1891 οὖν
905 1837 973 1890 τά
995 1836 1104 1890 τῶν
1136 1835 1375 1891 ἐπαιτῶν
1406 1834 1702 1905 ἐφθέγγετο
1750 1835 2003 1904 Mmoria;

331 1921 416 1987 τίς
437 1922 492 1975 δὲ
508 1924 566 1976 ἐν
586 1923 819 1996 ἀφθονίᾳ
843 1916 950 1994 ἦν;
980 1924 1117 1977 Εἰπέ
1146 1940 1258 1995 μοι,
1296 1924 1457 1985 εἴτις
1486 1922 1584 1993 τὴν
1614 1920 1793 1975 οἰκίαν
1845 1939 2004 1993 περι-

331 2008 518 2063 ϐάλλοι
561 2010 776 2075 πολλοῖς
809 2014 922 2074 τοῖς
973 2010 1492 2081 παραπετάσμασιν,
1550 2008 1709 2072 αὐτὸς
1747 2009 1805 2062 δὲ
1856 2008 2005 2062 ἔνδον

330 2096 565 2167 κάθηται
593 2099 823 2169 γυμνὸς,
854 2099 907 2152 τί
946 2099 1007 2152 τὸ
1036 2097 1262 2169 κέρδοςς
1297 2095 1453 2150 Οῦτω
1510 2095 1602 2149 καὶ
1634 2096 1727 2149 ἐπὶ
1762 2095 1872 2149 τῶν
1904 2112 2001 2162 γυ-

330 2184 536 2238 ναικῶν
569 2185 798 2254 γίνεται.
833 2186 945 2257 Τὴν
974 2186 1074 2256 μὲν
1112 2188 1222 2254 γὰρ
1253 2183 1430 2239 οἰκίαν
1463 2183 1563 2252 τῆς
1585 2182 1783 2254 ψυχῆς,
1818 2183 1880 2236 τὸ
1901 2182 2005 2236 σῶ-

333 2285 411 2338 μα
463 2269 628 2339 λέγω,
691 2273 907 2335 πολλοῖς
959 2271 1395 2342 περιϐάλλουσιν·
1448 2272 1482 2341 ἡ
1539 2270 1595 2323 δὲ
1631 2269 2004 2323 οἰκοδέσποινα

330 2355 480 2413 ἔνδον
531 2361 767 2430 κάθηται
823 2361 1026 2430 γυμνή.
1081 2359 1334 2431 Χρήσατὲ
1383 2375 1474 2427 μοι
1519 2358 1646 2420 τοὺς
1682 2357 1782 2428 τῆς
1827 2357 2004 2427 ψυχῆς

329 2442 665 2516 ὀφθαλμοὺς,
691 2447 784 2500 καὶ
835 2446 1098 2511 ὑποδείξω
1137 2447 1264 2517 ὑμῖν
1292 2446 1393 2516 τῆς
1421 2445 1600 2516 ψυχῆς
1655 2445 1755 2515 τὴν
1799 2446 2005 2516 γυμνόο

1182 319 1239 373 S.
1280 314 1568 373 JOANNIS
1606 312 2099 369 CIIRYSOSTOMI
2139 310 2463 368 ARCHIEP.
2504 307 3033 365 CONSTANTINOP

3680 309 3780 365 {98

2111 445 2270 498 τητα.
2306 427 2370 479 Τί
2402 426 2511 496 γάρ
2528 405 2680 479 ’ἐστιν
2708 424 2923 496 ἱμάτιον
2950 423 3162 494 ψυχῆς,
3213 422 3402 494 Ἀρετὴ
3417 420 3570 495 [207]
3600 423 3785 489 δηλονυ

2109 517 2210 569 ότι.
2243 515 2310 568 Τί
2357 514 2415 567 δέ
2443 514 2760 583 γυμνότης;
2801 512 3008 565 Κακία.
3034 509 3304 582 Καθάπερ
3331 511 3440 582 γὰρ
3468 511 3620 576 εἴτις
3650 512 3785 565 ἀπο-

2108 602 2286 656 δύσειέ
2310 618 2434 655 τινα
2464 599 2575 654 τῶν
2614 598 2937 669 ἐλευθέρων,
2972 598 3287 669 αἰσχύνεται
3317 599 3412 651 καλ⁸
3439 598 3786 652 συστέλλεται

2107 691 2204 744 καὶ
2234 690 2444 760 φεύγει·
2467 687 2610 741 οῦτω
2630 687 2694 758 δὴ
2728 687 2823 740 καὶ
2862 686 3030 757 ψυχὴ,
3079 686 3144 740 ἂν
3192 685 3440 756 θέλωμεν
3481 688 3565 750 εἰς
3614 687 3787 757 αὐτὴν

2112 778 2265 842 ἰδεῖν,
2296 779 2328 847 ἠ
2357 776 2431 847 μὴ
2452 775 2624 828 ταῦτα
2646 775 2846 844 ἔχουσα
2883 773 2952 826 τὰ
2972 773 3183 842 ἱμάτια,
3207 772 3454 846 ἐρυθριᾷ,
3480 775 3658 838 Πότας
3684 774 3785 828 οἴει

2108 864 2204 918 νῦν
2231 863 2602 936 αἰσχύνεσθαι,
2644 863 2743 915 καὶ
2772 861 2909 932 πρὸς
2937 860 3066 913 αὐτὶ·
3105 861 3471 915 καταδύεσθαι
3512 864 3573 937 τὸ
3600 861 3781 933 βάθος.

2107 951 2296 1023 ὥσπερ
2310 970 2364 1006 τι
2375 951 2790 1022 παραπέτασμα
2799 952 2894 1004 καὶ
2910 949 3285 1022 προκάλυμμα
3301 949 3558 1021 ἐπιζητού
3567 968 3683 1015 σας,
3696 952 3785 1005 ἵνα
3879 986 3891 997 -

2107 1040 2314 1094 τούτων
2354 1038 2430 1111 μὴ
2457 1038 2705 1093 ἀκούοιεν
2732 1037 2840 1092 τῶν
2883 1037 3092 1106 λόγων;
3121 1036 3190 1091 Ai
3211 1037 3269 1092 δὲ
3301 1037 3467 1109 μηδὲν
3489 1037 3783 1092 συνειδυῖαι

2108 1128 2347 1192 ἑαυταῖς,
2371 1127 2688 1196 γάννυνται,
2719 1125 3024 1197 χαίρουσιν,
3057 1124 3444 1197 ἐναϐρύνονται
3466 1125 3559 1179 καὶ
3587 1124 3785 1199 ἐγκαλ-

2106 1214 2437 1280 λωπίζονται
2466 1217 2581 1279 τοῖς
2609 1214 2947 1284 λεγομένοις.
3006 1215 3273 1267 Ἄκουσον
3300 1213 3428 1284 περὶ
3478 1214 3578 1284 τῆς
3606 1232 3787 1285 μακα-

2108 1302 2228 1369 ρίας
2273 1301 2504 1372 Θέκλης.
2548 1302 2763 1371 Ἐκείνη
2790 1301 2877 1355 ἵνα
2903 1300 3114 1354 Παῦλον
3147 1300 3254 1373 ἴδῃ,
3302 1301 3398 1355 καὶ
3442 1301 3514 1355 τὰ
3573 1303 3780 1373 χρυσία

2106 1389 2304 1442 ἔδωκεν
2334 1388 2553 1459 ἑαυτῆς·
2589 1388 2655 1442 σὺ
2687 1388 2743 1442 δέ
2775 1388 2864 1442 ῖνα
2891 1388 2984 1441 τὸν
3022 1388 3259 1460 Χριστὸν
3283 1388 3421 1460 ἴδῃς,
3446 1388 3566 1443 οὐδὲ
3596 1388 3782 1443 ὀϐολὸν

2106 1479 2283 1543 δίδως,
2323 1478 2459 1532 ἀλλὰ
2485 1477 2785 1548 θαυμάζεις
2812 1478 2913 1548 μὲν
2949 1476 3020 1531 τά
3050 1479 3396 1550 γεγενημένα
3428 1479 3520 1533 ὑπ’
3542 1481 3777 1552 ἐκείνης,

2105 1568 2166 1620 οὐ
2208 1565 2390 1638 ζηλοῖς
2408 1566 2486 1619 δέ.
2512 1566 2627 1619 Οὐκ
2646 1565 2868 1629 ἀκούεις
2901 1565 3019 1630 πῶς
3040 1567 3167 1630 τοὺς
3217 1568 3518 1639 ἐλεήμονας
3544 1570 3781 1640 μακαρί-

2109 1656 2245 1721 ζειὸ
2279 1656 2487 1724 Λόγος;
2516 1654 2808 1723 Μακάριοι
2847 1656 2904 1709 οἱ
2937 1655 3287 1725 ἐλεήμονες,
3323 1658 3508 1728 φησὶν,
3549 1658 3638 1711 ὅτι
3675 1661 3777 1713 αὺ-

2100 1745 2186 1800 τοὶ
2243 1745 2699 1812 ἐλεηθήσονται.
2744 1743 2810 1796 Τί
2834 1733 2894 1796 τὸ
2953 1744 3144 1816 κέρδος
3177 1746 3287 1800 ἀπὸ
3319 1746 3428 1800 τῶν
3472 1746 3779 1801 πολυτελῶν

2105 1831 2378 1901 ίματίων;
2411 1830 2572 1901 μέχρι
2604 1831 2736 1885 πότε
2768 1831 2904 1901 πρὸς
2933 1832 3137 1903 ταύτην
3172 1834 3481 1904 κεχήνάμεν
3510 1835 3608 1905 τὴν
3655 1853 3776 1888 στο-

2102 1916 2241 1988 λήν;
2285 1917 2722 1990 Ἀμφιασώμεθα
2756 1920 2856 1991 τὴν
2913 1921 3072 1988 δόξαν
3101 1921 3195 1975 τοῦ
3248 1924 3509 1993 Χριστοῦ,
3548 1926 3777 1994 περιϐα-

2103 2004 2410 2075 λώμεθαςτδ
2432 2006 2629 2071 κάλλος
2649 2008 2843 2074 ἐκεῖνο,
2877 2008 2963 2063 ἵνα
2989 2009 3083 2064 καὶ
3114 2009 3347 2063 ἐνταῦθα
3375 2011 3774 2083 ἐπαινεθῶμεν,

2105 2095 2202 2146 καὶ
2259 2094 2376 2147 ἐκεῖ
2424 2094 2531 2147 τῶν
2588 2095 2824 2150 αἰωνίων
2884 2093 3139 2167 τύχωμεν
3186 2097 3428 2165 ἀγαθῶν,
3460 2097 3644 2171 χάριτι
3684 2101 3775 2154 καὶ

2101 2181 2486 2254 φιλανθρωπίᾳ
2513 2183 2609 2236 τοῦ
2667 2183 2874 2255 Κυρίου
2904 2183 3064 2255 ἡμῶν
3119 2184 3290 2255 Ἰησοῦ
3343 2186 3604 2255 Χριστοῦ,
3658 2188 3774 2258 μεθ’

2100 2262 2161 2321 οῦ
2187 2269 2265 2341 τῷ
2300 2270 2474 2341 Πατρὶ
2524 2269 2643 2340 ἅμα
2691 2270 2769 2341 τῷ
2822 2271 2964 2342 ἀγίῳ
3011 2271 3292 2342 Πνεύματι
3342 2272 3490 2340 δόξα,
3553 2275 3775 2344 κράτος,

2101 2356 2256 2429 τιμὴ,
2293 2357 2389 2411 νῦν
2426 2359 2522 2412 καὶ
2562 2358 2670 2425 ἀεὶ,
2724 2359 2818 2412 καὶ
2875 2360 2955 2422 είς
2989 2347 3117 2423 τοῦς
3151 2358 3353 2424 αἰῶνας
3401 2359 3509 2414 τῶν
3542 2359 3774 2417 αἰώνων.

2114 2445 2307 2518 Ἀμήν.

1829 2644 2074 2697 ΟΜΙΛΙΑ
2113 2646 2262 2711 KG'.

327 2738 466 2797 Κατ’
511 2736 744 2793 ἐκεῖνον
786 2736 856 2790 δέ
899 2736 1006 2791 τὸν
1060 2736 1271 2805 καιρὸν
1304 2737 1598 2790 ἐπέϐαλεν
1657 2735 1910 2806 Ἡρώδης
1964 2738 1999 2789 ὁ

391 2826 691 2892 βασιλεὺς
722 2823 829 2891 τὰς
856 2823 1059 2894 χεῖρας
1097 2824 1368 2879 κακῶσαί
1397 2841 1563 2890 τινας
1597 2824 1713 2879 τῶν
1744 2824 1864 2879 ἀπὸ
1888 2823 1999 2891 τῆς

409 2914 794 2981 Ἐκκλησίας.
853 2911 1080 2966 Ἀνεῖλε
1136 2910 1205 2964 δὲ
1240 2911 1519 2966 Ἰάκωϐον
1567 2912 1670 2965 τὸν
1730 2910 1999 2980 ἀδελφὸν

411 3000 688 3056 Ἰωάννου
728 2999 1016 3067 μαχαίρᾳ.
1053 2997 1163 3050 Kal
1224 2997 1366 3051 ίδὼν
1411 2997 1501 3052 ὅτι
1547 2999 1806 3066 ἀρεστόν
1867 2999 1997 3051 ἐστι

398 3087 523 3153 τοῖς
570 3086 905 3150 Ἰουδαίοις,
959 3083 1287 3149 προσέθετο
1352 3084 1687 3137 συλλαϐεῖν
1740 3083 1839 3138 καὶ
1889 3084 1999 3137 Πέ-

397 3190 556 3241 τρον.
585 3169 780 3227 Ἦσαν
815 3171 882 3223 δὲ
915 3173 972 3224 ai
1004 3168 1211 3240 ἡμέραι
1246 3170 1366 3223 τῶν
1406 3170 1681 3239 Ἀζύμων.

401 3262 631 3314 α’.Ποίον
649 3261 855 3313 ἐκεῖνον
874 3258 1021 3327 λέγει
1044 3257 1235 3327 καιρόν
1253 3258 1504 3323 ;Πάντως
1516 3258 1606 3310 τὸν
1621 3258 1839 3328 ἐφεξῆς.
1858 3258 1996 3314 Ἀλλ’

329 3348 557 3401 ἐνταῦθα
590 3348 686 3418 μὲν
726 3345 923 3410 οὓτως,
966 3344 1201 3416 ἀλλαχοῦ
1252 3345 1311 3399 δὲ
1360 3345 1578 3417 ἑτέρως.
1617 3347 1787 3400 Ὅταν
1813 3347 1923 3419 γάρ
1970 3349 1998 3401 ὁ

328 3435 607 3497 ιο-Ιατθαῖος
645 3435 807 3506 λέγῃ·
854 3434 957 3487 Ἐν
999 3433 1126 3500 ταῖς
1159 3434 1407 3502 ἡμέραις
1454 3433 1711 3500 ἐκείναις
1749 3436 1998 3504 παραγί-

326 3537 490 3574 νεται
524 3520 806 3588 Ἰωάννης
853 3522 1202 3589 κηρύσσων,
1262 3521 1324 3573 οὐ
1381 3520 1479 3584 τάς
1526 3521 1723 3592 ἐφεξῆς
1785 3522 1997 3593 ἡμέρας

323 3607 499 3677 δηλῶν
528 3607 698 3675 λέγει,
736 3608 849 3663 ἀλλ’
874 3608 1109 3673 ἐκείνας,
1144 3611 1201 3661 ἐν
1248 3602 1336 3671 αἷς
1360 3607 1550 3679 ἔμελλε
1580 3609 1824 3678 γίνεσθαι
1855 3609 1995 3683 ἀπερ

327 3694 611 3764 διηγεῖται.
639 3693 799 3757 Ἐθος
836 3693 943 3764 γὰρ
991 3698 1058 3765 τῇ
1105 3696 1292 3767 Γραφῇ
1342 3694 1517 3766 τούτῳ
1566 3695 1866 3767 κεχρῆσθαι
1917 3696 1996 3767 τῷ

327 3781 535 3851 τρόπῳ,
589 3781 680 3834 καὶ
707 3782 836 3833 ποτέ
871 3781 970 3853 μὲν
1016 3782 1084 3835 τά
1112 3766 1237 3853 ἐξῆς
1276 3783 1644 3853 συμϐαίνοντα
1674 3766 1996 3849 ἀκολούθως

329 3868 623 3931 ἐκτιθέναι,
686 3869 816 3921 ποτέ
868 3868 923 3921 δέ
969 3868 1038 3922 τὰ
1100 3870 1322 3941 ὓστερον
1387 3870 1702 3941 συμϐαίνειν
1737 3871 1996 3943 μέλλοντα

326 3955 403 4019 ὡς
431 3955 627 4025 ἐφεξῆς
657 3955 1039 4025 ἀπαγγέλλειν.
1074 3957 1271 4021 Καλῶς
1312 3957 1370 4011 δὲ
1406 3957 1578 4026 λέγει,
1622 3959 1704 4012 δτι
1743 3958 1995 4027 Ἡρώδης

329 4048 362 4097 ό
402 4045 740 4112 βασιλεὺς·
803 4039 957 4110 οὗτος
989 4046 1097 4118 γὰρ
1135 4048 1234 4100 οὐκ
1280 4042 1348 4119 ἦν
1399 4050 1429 4102 6
1463 4049 1559 4102 ἐπὶ
1593 4048 1688 4102 τοῦ
1735 4050 1987 4121 Χριστοῦ.

341 4131 468 4185 Ἰδοὺ
503 4132 808 4204 πειρασμὸς
834 4134 1037 4205 ἔτερος.
1073 4136 1181 4188 Καὶ
1211 4136 1328 4206 ὅρα,
1361 4136 1496 4208 ὅπερ
1524 4136 1582 4203 ἐξ
1611 4137 1783 4208 ἀρχῆς
1820 4134 1992 4205 εἷπον,

328 4218 445 4282 πῶς
491 4220 560 4273 τά
615 4221 912 4292 πράγματα
968 4223 1262 4289 πλέκεται,
1321 4223 1439 4288 πῶς
1497 4223 1566 4277 δι’
1614 4225 1850 4290 ἀνέσεως
1900 4228 1995 4280 καὶ

328 4305 559 4375 θλίψεως
617 4308 796 4362 πάντα
853 4309 1155 4376 ὑφαίνεται.
1214 4311 1327 4364 Οὐκ
1383 4310 1462 4364 ἔτι
1490 4312 1751 4377 Ἰουδαῖοι,
1780 4314 1901 4367 οὑδέ
1932 4314 1995 4367 τὸ

329 4389 630 4460 συνέδριον·
665 4391 780 4444 ἀλλ’
808 4393 837 4446 6
864 4392 1113 4462 βασιλεὺς
1144 4392 1424 4447 ἐπιϐάλλει
1456 4394 1556 4458 τὰς
1591 4397 1780 4465 χεῖρας
1818 4397 1897 4458 είς
1932 4395 1994 4449 τὸ

328 4477 594 4533 κακῶσαι.
630 4478 847 4542 Μείζων
878 4482 910 4549 ἡ
944 4480 1162 4543 ἐξουσία
1193 4494 1243 4543 ιι,
1272 4480 1649 4551 χαλεπώτερος
1677 4483 1706 4533 6
1736 4482 1989 4552 πόλεμος,

326 4563 434 4634 ὅσῳ
480 4565 574 4618 καὶ
607 4565 744 4635 πρὸς
776 4565 936 4634 χάριν
970 4566 1180 4633 ἐγίνετο
1201 4570 1314 4630 τοῖς
1346 4568 1636 4629 Ἰουδαίοις.
1667 4569 1883 4622 Ἀνεῒλε
1925 4569 1994 4622 δὲ

338 4650 608 4704 Ἰάκωϐον
664 4650 773 4703 τὸν
811 4650 1080 4720 ἀδελφὸν
1139 4652 1408 4706 Ἰωάννου
1454 4654 1739 4721 μαχαίρᾳ.
1781 4656 1993 4719 Ἀπλῶς

326 4735 422 4789 καὶ
457 4735 531 4797 ὡς
557 4733 762 4803 ἔτυχεν.
805 4736 865 4787 Εἰ
914 4735 973 4788 δέ
1017 4753 1099 4799 τις
1120 4736 1333 4806 ζητοίη,
1364 4737 1452 4790 διά
1477 4737 1530 4791 τί
1564 4739 1937 4809 συνεχώρησεν
1964 4744 1993 4795 6

325 4822 492 4886 856;;
537 4819 786 4892 ἐροῦμεν,
813 4821 893 4874 ὅτι
928 4822 1064 4892 ὑπὲρ
1112 4822 1291 4876 αὐτῶν
1336 4823 1574 4876 τούτων·
1611 4827 1828 4897 πρῶτον
1866 4829 1986 4898 μὲν,

326 4907 530 4960 πείθων
572 4907 790 4971 αὐτοὺς,
821 4907 903 4959 ὅτι
937 4909 1030 4961 καὶ
1078 4909 1458 4980 ἀναιρούμενοι
1503 4912 1814 4983 κρατοῦσιν,
1855 4915 1991 4987 ὅπερ

326 4995 422 5049 καὶ
463 4995 557 5048 ἐπὶ
597 4995 868 5064 Στεφάνου
917 4995 1139 5063 γέγονε·
1172 4997 1421 5069 δεύτερον
1469 4999 1546 5059 δὲ,
1595 4999 1766 5065 διδοὺς
1810 5004 1992 5068 αὐτοῖς

332 5081 470 5153 μετά
496 5082 557 5134 τὸ
585 5082 864 5152 ἐμπλῆσαι
883 5081 973 5134 τὸν
998 5080 1166 5150 θυμὸν
1189 5084 1498 5153 ἀνενεγκεῖν
1525 5087 1632 5139 ἀπὸ
1652 5088 1750 5159 τῆς
1772 5072 1999 5159 μανίαςῇ

327 5170 421 5222 καὶ
452 5169 654 5239 τρίτον,
681 5168 916 5234 δεικνὺς,
945 5170 1027 5223 ὅτι
1062 5170 1202 5224 κατά
1230 5171 1574 5243 συγχώρησιν
1608 5174 1772 5229 αὑτοῦ
1802 5153 2000 5245 γέγονέ

325 5252 506 5309 τοῦτοῗ
521 5253 670 5329 [208]
704 5254 873 5310 Ἰδὼν
892 5255 977 5320 δέ,
1006 5255 1092 5310 ὅτι
1115 5258 1373 5327 ἀρεστόν
1391 5260 1520 5314 ἐστι
1535 5262 1659 5327 τοῖς
1672 5263 1990 5333 Ἰουδαίοις,

327 5340 651 5408 προσέθετο
684 5343 1013 5398 συλλαϐεῖν
1050 5345 1152 5399 καὶ
1193 5347 1434 5415 Πέτρον.
1476 5349 1540 5400 Ὦ
1579 5349 1678 5419 τῆς
1713 5351 1936 5423 μιαρίας
1963 5358 1991 5393 δ

323 5428 424 5496 τῆς
485 5429 723 5501 πολλῆςί
769 5430 942 5503 ’Υπὲρ
1000 5431 1161 5487 τίνων
1200 5433 1379 5498 αὐτοῖς
1440 5435 1741 5507 ἐχαρίζετο,
1798 5439 1993 5509 φόνους

324 5515 492 5568 ποιῶν
538 5516 727 5581 ἁπλῶς
771 5518 864 5570 καὶ
897 5518 1053 5589 eiad};
1097 5515 1208 5575 Ἦν
1235 5520 1303 5574 δέ
1349 5520 1537 5591 ἡμέρα
1568 5523 1686 5599 τῷν
1723 5523 1989 5595 Ἆζύμων.

323 5602 491 5655 Πάλιν
541 5601 601 5673 ἠ·
629 5605 857 5677 περιττὴ
895 5606 1004 5661 τῶν
1032 5607 1298 5661 Ἰουδαίων
1352 5608 1735 5679 ἀκριϐολογία·
1781 5613 1991 5666 ἀνελεῖν

325 5690 425 5761 μὲν
448 5690 547 5744 οὐκ
585 5692 841 5753 ἐκώλυον.
869 5696 927 5747 ἐν
960 5695 1017 5749 δὲ
1043 5695 1219 5767 καιρῷ
1251 5695 1477 5766 τοιούτῳ
1525 5697 1747 5752 τοιαῦτα
1784 5700 1987 5772 ἔπρατ-

319 5796 432 5833 τον.
479 5780 579 5832 Ὃν
631 5781 729 5832 καὶ
766 5779 992 5847 πιάσας
1022 5781 1189 5835 ἔθετο
1227 5784 1314 5845 εὶς
1351 5784 1654 5852 φυλακὴν,
1686 5788 1989 5856 παραδοὺς

383 5865 650 5938 ξριιίάςω
681 5867 966 5938 ὀβασιλεύς.
1000 5869 1187 5924 Μείζων
1207 5870 1236 5926 ἡ
1262 5868 1468 5925 ἐξουσία.
1554 5870 1582 5907 ³³
1607 5870 1690 5922 Sic
1722 5878 1842 5926 tres.
1869 5888 1982 5926 mss.

323 5927 453 5981 Edili
490 5925 674 5991 μανίας.
711 5925 845 5975 Enn.

212 6088 325 6104 Διά-μ

2099 2735 2396 2806 τέσσαρσι
2438 2737 2764 2807 τετραδίοις
2825 2739 3218 2806 στρατιωτῶν.
3276 2741 3384 2794 Καὶ
3435 2741 3527 2794 τοῦ
3600 2742 3775 2812 θυμοῦ

2098 2822 2257 2878 τοῦτο
2297 2820 2366 2894 ἦν
2398 2826 2492 2878 καὶ
2541 2824 2635 2878 τοῦ
2663 2825 2836 2888 δέους.
2881 2826 3120 2893 Ἄνεῖλε,
3178 2828 3331 2899 φησὶ,
3368 2826 3636 2883 Ἰάκωϐον
3666 2830 3778 2884 τὸν

2099 2909 2366 2980 ἀδελφὸν
2380 2912 2660 2967 Ἰωάννου
2685 2912 2968 2982 μαχαίρᾳ.
2991 2908 3145 2977 Εἶδες
3170 2915 3350 2969 αὐτῶν
3374 2916 3471 2987 τὴν
3493 2916 3772 2985 ἀνδρείαν;

2101 2997 2217 3052 Ἵνα
2254 2998 2360 3069 γὰρ
2414 2999 2602 3069 μηδεὶς
2639 2999 2794 3073 λέγῃ,
2845 3000 2927 3053 ὅτι
2990 2999 3079 3054 διὰ
3135 3001 3292 3055 τοῦτο
3338 3004 3633 3068 ἀκινδύνως
3679 3007 3770 3059 καὶ

2099 3083 2268 3148 ἀδεῶς
2321 3084 2698 3155 κατατολμῶπι
2746 3085 2838 3139 τοῦ
2887 3086 3117 3140 θανάτου
3147 3126 3162 3151 ,
3221 3088 3316 3142 ἀτε
3372 3089 3773 3161 ἐξαρπάζοντος

1993 3198 2001 3206 ·
2099 3173 2294 3235 αὐτοὺς
2333 3162 2624 3240 τοῦὊεοῦ,
2652 3173 2740 3228 διά
2770 3173 2928 3228 τοῦτο
2966 3177 3319 3248 ἀναιρεθῆναι
3344 3183 3637 3253 συγχωρεῖ,
3675 3182 3771 3236 καὶ

2097 3257 2226 3320 τοὺς
2271 3259 2601 3328 κορυφαίους
2659 3259 2911 3330 μάλιστα,
2946 3262 3148 3316 πείθων
3195 3265 3394 3329 αὐτοὺς
3451 3267 3579 3329 τοὺς
3622 3267 3763 3320 ἀναι-

2101 3341 2346 3413 ροῦντας,
2381 3344 2463 3395 ὅτι
2507 3344 2626 3396 οὐδὲ
2660 3345 2833 3399 ταῦτα
2865 3347 3155 3419 ἀφίστησιν
3186 3351 3384 3414 αὐτοὺς
3412 3352 3508 3405 καὶ
3546 3352 3765 3408 κωλύει.

2109 3428 2173 3482 '0
2221 3429 2338 3498 μὲν
2373 3426 2486 3485 οὖν
2524 3432 2746 3501 Πέτρος
2771 3434 3033 3502 ἐτηρεῖτο
3060 3436 3131 3489 ἐν
3156 3435 3233 3505 τῇ
3265 3438 3543 3508 φυλακῇ·
3582 3456 3777 3513 προσ-Ι

2097 3516 2248 3586 ευχὴ
2278 3516 2346 3569 δὲ
2384 3513 2465 3589 ἦν
2510 3519 2761 3589 ἑκτενὴς
2796 3521 3079 3591 γινομένη
3119 3524 3238 3578 ὑπὸ
3268 3524 3377 3593 τῆς
3408 3523 3777 3597 ἘἰιπλησίαςΔ

2098 3603 2250 3671 πρὸς
2295 3603 2398 3658 τὸν
2445 3607 2593 3660 Θεὸν
2643 3607 2794 3676 ὑπὲρ
2825 3610 3030 3664 αὑτοῦ.
3084 3611 3221 3682 Περὶ
3260 3612 3327 3666 τὰ
3366 3613 3557 3685 καίρια
3581 3615 3769 3671 λοιπὸν

2096 3685 2165 3761 ἦν
2200 3692 2228 3744 6
2257 3691 2425 3760 ἀγών.
2458 3693 2569 3746 Καὶ
2607 3694 2667 3747 τὸ
2696 3697 2898 3748 ἐκεῖνον
2944 3696 3053 3768 γὰρ
3091 3698 3463 3770 ἀναιρεθῆναι,
3497 3701 3766 3771 περιδεεῖς

2099 3777 2293 3843 ἐποίει,
2330 3780 2423 3832 καὶ
2465 3780 2527 3833 τὸ
2575 3780 2763 3834 τοῦτον
2817 3783 3208 3859 ἐμϐεϐλῆσθαι.
3249 3787 3380 3841 Ὅτε
3427 3788 3495 3841 δὲ
3550 3788 3772 3859 ἔμελλε

2099 3800 2293 3843 εποιει,
2330 3800 2423 3832 και
2465 3800 2527 3833 το
2575 3800 2763 3834 τουτον
2817 3800 3208 3924 εμοεωῃρυαι.
3251 3800 3380 3841 "Ut:
3427 3800 3495 3841 οε
3550 3800 3772 3859 ἐμελλε

2098 3863 2382 3934 προάγειν
2415 3866 2603 3922 αὑτὸν
2644 3871 2678 3923 ό
2727 3868 3003 3938 Ἡρώδης,
3082 3870 3122 3940 ᾖ
3169 3875 3342 3928 νυκτὶ
3391 3875 3593 3945 ἐκείνῃ
3623 3874 3704 3947 ἦν
3736 3877 3772 3931 ὁ

2101 3951 2323 4019 Πέτρος
2371 3953 2736 4024 κοιμώμενος
2782 3957 3011 4025 μεταξὺ
3058 3957 3167 4014 δύο
3207 3961 3582 4029 στρατιωτῶν
3606 3964 3764 4020 686s—
3860 4007 3867 4015 .

2095 4037 2279 4106 μένος
2322 4040 2581 4093 ἁλύσεσι
2615 4039 2798 4095 δυσί·
2847 4043 3118 4111 φύλακές
3176 4062 3241 4099 τε
3272 4047 3388 4115 ⁴πρὸ
3435 4046 3546 4116 τῆς
3584 4051 3765 4119 θύρας

2098 4124 2351 4192 ἐτήρουν
2394 4125 2509 4193 τὴν
2552 4127 2858 4197 φυλακήν.
2916 4130 3028 4183 Καὶ
3077 4130 3207 4185 ίδοὺ
3249 4132 3504 4203 ἄγγελος
3545 4138 3769 4205 Κυρίου

2097 4210 2344 4280 ἐπέστη,
2375 4214 2471 4265 καὶ
2494 4213 2619 4282 φῶς
2648 4214 2923 4285 ἔλαμψεν
2940 4217 3011 4270 ἐν
3031 4216 3111 4283 τῷ
3147 4219 3439 4290 οἰκήματι.
3486 4224 3761 4293 Πατάξας

2098 4298 2214 4367 τὴν
2265 4300 2535 4368 πλευρὰν
2583 4301 2690 4356 τοῦ
2732 4302 2960 4371 Πέτρου
3011 4304 3252 4374 ἤγειρεν
3293 4307 3500 4374 αὑτὸν,
3549 4309 3765 4381 λέγων,

2112 4387 2371 4441 Ἀνάστα
2410 4388 2479 4440 ἐν
2517 4386 2698 4458 τάχει.
2746 4391 2855 4444 Καὶ
2891 4390 3186 4456 ἐξέπεσον
3209 4394 3396 4449 αὐτοῦ
3428 4398 3488 4450 αἱ
3512 4399 3764 4466 ἁλύσεις

2096 4473 2166 4528 ἐκ
2220 4472 2339 4528 τῶν
2383 4474 2615 4543 χειρῶν.
2659 4476 2821 4546 Ὅρα,
2870 4481 2991 4532 κατ’
3022 4479 3237 4550 ἐκείνην
3267 4480 3365 4552 τὴν
3398 4482 3568 4537 νύκτα
3601 4486 3766 4539 αὑτὸν

2098 4561 2394 4632 ἐξήρπασε.
2431 4563 2539 4617 Kal
2570 4562 2696 4632 φῶς
2720 4563 2994 4635 ἔλαμψεν
3022 4566 3093 4620 ἐν
3121 4566 3200 4632 τῷ
3229 4568 3526 4639 οἰκήματι,
3557 4571 3644 4625 ῖνα
3686 4575 3765 4646 μὴ

2098 4651 2295 4723 νομίσῃ
2345 4651 2646 4720 φαντασίαν
2700 4648 2871 4706 εἶναι·
2913 4652 3006 4705 καὶ
3037 4652 3098 4706 τὸ
3144 4653 3258 4722 φῶς
3287 4655 3460 4719 οὐδεὶς
3494 4652 3599 4711 εῐδε
3630 4658 3767 4731 πλὴν

2097 4736 2326 4790 ἐκείνου.
2359 4738 2422 4791 Εἰ
2472 4738 2579 4808 γάρ
2627 4739 2722 4791 καὶ
2772 4737 2931 4792 τοῦτο
2976 4738 3189 4809 γέγονε,
3225 4741 3318 4794 καὶ
3361 4743 3508 4813 ὅμως
3548 4745 3765 4817 ἐνόμιζε

2098 4825 2395 4891 φαντασίαν
2445 4820 2584 4875 εἶναι
2646 4823 2733 4876 διὰ
2786 4825 2847 4877 τὸ
2904 4826 3341 4898 ἀπροσδόκητον·
3378 4829 3427 4881 εί
3481 4830 3556 4901 μὴ
3606 4832 3766 4886 τοῦτο

2096 4908 2305 4976 γέγονε,
2341 4908 2519 4978 πολλῷ
2547 4909 2708 4961 πλέον
2733 4924 2748 4939 ·
2797 4908 2941 4963 οῦτω
2971 4914 3339 4982 παρετάττετο
3387 4915 3522 4987 πρὸς
3543 4916 3637 4969 τὸν
3669 4917 3760 4972 θά-

2086 5008 2273 5074 ὗνατον.
2303 4993 2377 5045 Τὸ
2423 4993 2553 5060 γοῦν
2592 4992 2790 5057 πολλὰς
2822 4996 3035 5068 ἡμέρας
3066 5009 3089 5037 ο
3119 5000 3237 5052 ἐκεῖ
3271 4999 3528 5071 μείναντα
3557 5001 3633 5075 μὴ
3660 5021 3773 5059 σω-

2097 5079 2278 5149 θῆναι,
2327 5080 2484 5133 τοῦτο
2524 5080 2714 5136 ἐποίει.
2774 5084 2885 5137 Καὶ
2926 5086 3016 5139 διὰ
3052 5086 3125 5150 τί,
3168 5089 3352 5159 φησὶν,
3397 5089 3498 5142 οὐκ
3552 5090 3766 5161 ἀφῆκεν

2088 5167 2260 5225 ,αὐτὸν
2296 5169 2373 5231 είς
2402 5168 2499 5231 τάς
2544 5171 2731 5239 χεῖρας
2759 5171 3020 5240 ἐμπεσεῖν
3046 5172 3310 5245 Ἡρώδου,
3338 5175 3434 5229 καὶ
3452 5175 3572 5229 τότε
3598 5175 3764 5248 ἐξήρ-

2097 5272 2300 5319 πασεν;
2332 5255 2453 5309 Ὀτι
2475 5257 2650 5310 ἐκεῖνο
2681 5257 2781 5328 μὲν
2809 5261 2889 5323 είς
2918 5260 3181 5331 ἔκπληξιν
3213 5263 3421 5334 ἧγαγεν
3452 5264 3548 5319 ἀν’
3606 5264 3761 5319 τοῦτο

2087 5344 2146 5397 δὲ
2186 5343 2325 5414 ὑπὲρ
2373 5342 2550 5396 αὐτῶν
2595 5346 2827 5414 ἐγένετο.
2890 5348 3003 5401 Οὐκ
3057 5348 3125 5403 ἂν
3171 5350 3281 5422 γὰρ
3325 5349 3688 5422 ἐνομίσθησαν
3733 5351 3764 5393 ά

2088 5430 2364 5500 ἄνθρωποι
2423 5425 2583 5494 εἶναι,
2621 5433 2670 5484 εί
2727 5433 3046 5506 θεοπρεπῶς
3080 5436 3261 5490 πάντα
3295 5437 3491 5490 ἐποίει.
3536 5438 3659 5490 Ἐπὶ
3704 5438 3765 5491 δέ

2086 5515 2182 5570 τοῦ
2237 5516 2506 5585 Στεφάνου
2539 5518 2592 5571 τί
2634 5519 2736 5572 οὐκ
2781 5521 3077 5592 ἐποίησεν;
3131 5522 3230 5593 οὐχ
3275 5522 3352 5587 ὼς
3411 5524 3646 5593 ἀγγέλου
3706 5523 3768 5577 τὸ

2086 5604 2377 5675 πρόσωπον
2403 5606 2588 5669 αὐτοῖς
2624 5605 2829 5673 ἔδειξες
2883 5608 2948 5660 Τί
3000 5608 3059 5662 δέ
3108 5609 3248 5673 ὅλως
3280 5609 3498 5664 ἐνέλιπε
3549 5610 3645 5663 καὶ
3680 5612 3767 5663 ἐν-

2092 5690 2305 5757 ταῦθα;
2345 5688 2494 5746 Εἶπέ
2530 5708 2595 5746 τε
2627 5696 2662 5747 ὁ
2698 5692 2954 5763 ἅγγελος
2989 5695 3142 5763 πρὸς
3184 5697 3407 5751 αὐτόν·
3440 5693 3765 5765 Περίζωσαι

2094 5774 2192 5829 καὶ
2224 5773 2524 5843 ὑπόδησαι
2548 5774 2621 5829 τὰ
2653 5776 2957 5831 σανδάλιά
2996 5792 3136 5834 σου.
3180 5779 3350 5833 Πάλιν
3381 5778 3617 5834 ἐνταῦθα
3655 5780 3765 5833 δεί-

2156 5878 2202 5955 Ὶο
2224 5877 2360 5954 μους)
2381 5877 2437 5926 τὸ
2457 5879 2547 5989 γὰρ
2571 5880 2762 5929 πολλῶν
2783 5883 2992 5994 ἡμερῶν.
3058 5881 3086 5923 ἀ
3106 5880 3263 5933 Τοῦτο
3292 5884 3343 5933 δὲ
3365 5882 3535 5932 πιστὸν
3554 5882 3756 5944 ἐγένετο.

2156 5957 2174 5987 ηι
2197 5939 2297 5988 ουδ’
2320 5955 2377 5987 αν
2400 5940 2514 5994 ἐνομ
2534 5942 2634 5994 σθ..
2656 5943 2729 5992 sic
2749 5943 2880 5994 aliqu
2908 5980 2922 5993 .

2093 5940 2174 5988 καὶ
2197 5939 2297 5988 οὐδ’
2320 5939 2634 6013 ἀνηὲνομίσθη
2656 5943 2729 5992 sic
2749 5939 2922 6006 animi.
