4104 6148
396 366 489 422 I97

387 480 581 550 judicio
603 477 781 532 futuro
804 477 1008 533 dissere
1034 494 1047 542 ;
1075 476 1162 530 die
1195 493 1208 528 :
1244 474 1374 530 Aliis
1395 474 1548 529 nobis
1573 474 1680 528 illic
1705 489 1839 543 opus
1859 483 1964 537 est,

390 586 490 624 non
524 569 698 622 hisce.
742 568 796 624 Si
827 583 912 622 me
955 568 1170 631 feratis,
1201 581 1300 636 ego
1344 565 1634 620 nuditatem
1665 562 1962 618 ostendam.

387 663 569 718 Nudus
600 663 815 731 frigoris
860 672 1099 730 tempore
1141 661 1275 729 riget
1315 671 1367 713 et
1415 658 1630 722 tremit,
1663 665 1968 712 contractus

385 763 520 820 stat,
567 755 804 810 reductis
830 754 1100 812 brachiis;
1136 755 1187 806 in
1215 762 1403 807 testate
1434 767 1558 805 vero
1586 767 1690 804 non
1727 751 1874 805 item.
1909 750 1965 805 Si

384 849 540 918 igitur
566 848 852 902 ostendero
868 846 1060 902 divites
1093 846 1234 899 viros
1253 854 1306 900 et
1330 845 1580 899 mulieres
1597 859 1662 898 eo
1682 844 1849 913 magis
1870 859 1966 897 nu-

380 941 476 994 dos
501 955 643 1005 esse,
664 954 770 1010 quo
795 938 961 1008 magis
977 937 1312 1002 suntvestiti,
1333 952 1400 990 ne
1429 951 1569 1005 a'gre
1599 935 1800 989 feratis.
1824 934 1962 1002 Quid

380 1048 526 1104 ergo,
555 1046 878 1102 quzeso,cum
903 1031 971 1086 de
999 1031 1238 1100 gehenna
1266 1029 1426 1084 verba
1467 1028 1721 1084 faciemus
1745 1069 1760 1093 ,
1789 1029 1963 1098 deque

382 1123 662 1177 tormentis
693 1121 801 1175 illis
835 1140 845 1174 :
879 1137 1056 1176 annon
1086 1121 1256 1189 magis
1284 1119 1360 1173 illi
1405 1121 1575 1190 rigent
1601 1136 1664 1173 ac
1691 1129 1921 1175 tremunt
1945 1161 1959 1184 ,

380 1229 536 1284 quam
567 1214 692 1267 nudi
739 1214 854 1266 illi?
903 1227 1081 1267 annon
1109 1213 1300 1267 acerbe
1346 1212 1730 1282 ingemiscant,
1761 1219 1816 1265 et
1844 1226 1964 1266 sese

379 1305 630 1359 damnant
653 1304 678 1356 ?
709 1303 844 1370 Quid
868 1318 996 1373 ergo
1022 1343 1037 1368 ,
1071 1302 1286 1372 quando
1314 1303 1544 1373 aliquem
1576 1302 1776 1356 adeunt
1801 1311 1857 1354 et
1884 1301 1967 1355 di-

379 1405 505 1450 cunt
528 1437 543 1462 ,
592 1395 698 1449 Ora
739 1409 836 1463 pro
865 1410 948 1448 me
974 1411 988 1447 :
1019 1409 1196 1448 annon
1237 1393 1426 1448 eadem
1452 1435 1468 1458 ,
1497 1408 1618 1462 quae
1647 1392 1720 1446 illi
1741 1432 1754 1456 ,
1799 1393 1960 1446 verba

377 1486 696 1556 proferunt?
725 1487 792 1539 At
821 1500 960 1538 nunc
980 1526 994 1549 ,
1030 1484 1154 1538 licet
1184 1483 1347 1537 multa
1378 1483 1692 1548 dixerimus,
1723 1485 1958 1536 nondum

376 1578 652 1632 manifesta
679 1588 759 1631 est
791 1577 1000 1631 nuditas
1025 1593 1038 1628 :
1075 1576 1180 1630 illic
1208 1591 1335 1630 vero
1363 1575 1641 1630 manifesta
1667 1575 1789 1628 erit.
1818 1576 1962 1641 Quo-

376 1671 534 1725 modo
579 1680 632 1725 et
670 1686 772 1740 qua
815 1668 1060 1724 ratione?
1089 1670 1225 1723 Cum
1267 1669 1454 1724 sericis
1499 1669 1606 1722 illis
1636 1667 1870 1722 vestibus
1908 1676 1961 1723 et

371 1763 598 1834 gemmis
638 1763 850 1816 amissis
875 1753 911 1828 ,i
937 1762 1068 1817 solis
1099 1762 1184 1816 vel
1215 1761 1428 1815 virtutis
1456 1760 1539 1815 vel
1579 1761 1691 1814 vitii
1724 1761 1959 1814 vestibus

371 1855 550 1909 amicti
579 1869 768 1908 omnes
791 1861 1081 1908 cernentur
1107 1869 1120 1918 ;
1146 1868 1266 1907 cum
1299 1866 1561 1922 pauperes
1584 1851 1750 1922 gloria
1780 1852 1958 1906 amicti

371 1947 534 2000 multa
579 1945 986 2015 comparebunt,
1026 1945 1220 2000 divites
1249 1960 1378 1999 vero
1415 1944 1543 1998 nudi
1585 1954 1860 2014 ae-turpes
1892 1945 1958 1998 ad

369 2039 626 2108 supplicia
661 2037 959 2092 trahentur.
989 2037 1126 2104 Quid
1169 2037 1448 2092 delicatius
1483 2046 1599 2090 erat
1634 2035 1726 2090 illo
1752 2035 1917 2090 divite
1940 2077 1955 2100 ,

367 2131 453 2199 qui
484 2129 804 2184 induebatur
826 2129 1098 2198 purpura?
1118 2127 1244 2198 quid
1269 2128 1550 2196 pauperius
1578 2125 1818 2181 Lazaro?
1839 2136 1956 2181 uter

367 2236 494 2290 ergo
540 2219 906 2274 mendicorum
955 2219 1258 2288 proferebat
1303 2219 1509 2273 verba?
1556 2229 1674 2272 uter
1715 2218 1864 2288 quasi
1903 2218 1956 2272 in

365 2310 691 2364 abundantia
735 2310 1014 2382 degebat?
1045 2309 1098 2364 Si
1143 2311 1262 2378 quis
1307 2309 1524 2364 domum
1571 2310 1750 2364 multis
1796 2317 1952 2363 ornet

363 2401 565 2465 aulaeis,
597 2402 710 2469 ipse
741 2415 869 2455 vero
901 2401 1042 2454 intus
1071 2401 1244 2454 nudus
1283 2402 1370 2463 sit,
1404 2400 1546 2469 quod
1581 2399 1834 2453 lucrum?
1861 2399 1949 2455 Sic

363 2502 414 2546 ct
443 2492 759 2547 mulieribus
779 2491 974 2546 accidit
1005 2509 1017 2541 :
1051 2491 1270 2546 domum
1296 2491 1494 2559 quippe
1519 2491 1731 2553 auia—nar,
1762 2504 1956 2558 corpus

362 2585 506 2651 dico,
539 2585 718 2640 multis
740 2585 998 2640 decorant
1017 2585 1379 2649 ornamentis;
1407 2583 1805 2638 materfamilias
1829 2598 1954 2637 vero

1310 360 1377 416 IN
1413 359 1593 416 ACTA
1636 357 2163 414 APOSTOIDRUM.
2211 358 2436 415 llOllllu
2480 361 2664 417 XXVI.

3566 373 3662 426 198

2086 475 2228 530 intus
2257 475 2409 532 sedet
2437 479 2598 534 nuda.
2622 479 2969 536 Commodule
2997 482 3125 536 mihi
3155 483 3346 538 anima:
3374 486 3578 554 oculos,
3606 501 3662 544 et

2077 567 2355 622 ostendam
2382 569 2534 623 vobis
2555 569 2745 623 animm
2774 570 3089 628 nuditatem.
3117 573 3244 640 Qua:
3269 576 3410 630 enim
3432 587 3514 631 est
3540 579 3658 632 ani-

2077 676 2179 715 ma:
2205 662 2406 716 vestis?
2432 661 2612 718 Virtus
2637 672 2802 719 certe.
2833 664 2962 732 Quae
2980 667 3238 722 nuditas?
3266 668 3481 724 Malitia.
3512 671 3662 727 Sicut

2075 753 2218 807 enim
2266 753 2310 807 si
2342 754 2460 821 quis
2502 755 2729 809 liberum
2770 758 3075 825 quempiam
3127 769 3306 822 exuat,
3341 762 3657 828 erubescit,

2073 844 2409 898 contrahitur
2432 856 2484 898 et
2514 844 2645 914 fugit
2673 861 2688 900 ;
2719 845 2795 900 sic
2829 847 2873 900 si
2908 847 3140 901 animam
3173 849 3255 902 his
3285 851 3523 906 vestibus
3551 868 3657 908 non

2075 935 2310 990 indutam
2346 937 2536 990 intueri
2564 937 2786 990 velimus
2812 977 2828 1003 ,
2869 937 3140 993 erubescit
3182 939 3292 993 illa.
3324 940 3462 1006 Quot
3502 954 3659 1012 putas

2072 1042 2213 1080 nunc
2243 1026 2444 1096 pudore
2468 1026 2627 1090 affici,
2657 1038 2712 1082 et
2753 1028 2804 1081 in
2837 1028 3158 1097 profundum
3198 1030 3530 1088 descendere
3554 1073 3572 1096 ,
3603 1045 3660 1088 ut

2071 1119 2220 1188 quasi
2249 1118 2532 1189 quodpiam
2567 1119 2925 1174 velamentum
2951 1130 3283 1191 querentes,
3317 1131 3376 1176 ut
3405 1140 3471 1178 ne
3496 1125 3656 1178 verba

2071 1209 2161 1262 illa
2194 1209 2456 1264 audiant?
2482 1209 2612 1277 Qua:
2637 1227 2766 1265 vero
2796 1211 2938 1265 illius
2979 1212 3081 1266 sibi
3128 1213 3253 1267 mali
3281 1215 3511 1269 conscia:
3550 1230 3656 1268 non

2070 1309 2214 1362 sunt,
2241 1301 2506 1363 lmtantur,
2529 1301 2778 1371 gaudent,
2811 1301 3164 1369 delectantur,
3201 1313 3254 1357 et
3280 1303 3348 1358 de
3373 1304 3530 1358 dictis
3555 1303 3656 1358 hu-

2066 1390 2298 1460 jusmodi
2345 1393 2661 1461 gloriantur.
2711 1392 2848 1446 Audi
2885 1392 2952 1448 de
2993 1393 3148 1448 beata
3195 1394 3412 1449 Thecla.
3459 1397 3552 1450 Illa
3601 1407 3657 1450 ut

2073 1485 2294 1538 Paulum
2325 1485 2566 1552 videret,
2601 1501 2789 1541 aurum
2817 1502 2968 1541 suum
2995 1487 3140 1541 dedit
3173 1505 3185 1538 :
3217 1499 3270 1541 tu
3302 1499 3358 1542 ut
3384 1489 3652 1544 Christum

2070 1576 2254 1631 videas
2275 1616 2290 1639 ,
2329 1590 2501 1645 neque
2529 1577 2744 1631 obolmn
2774 1577 2986 1632 dederis
3015 1597 3029 1642 ;
3061 1578 3154 1632 sed
3201 1581 3413 1634 miraris
3439 1582 3652 1651 quidem

2071 1667 2212 1720 illius
2237 1675 2407 1736 gesta,
2444 1682 2542 1721 nec
2569 1668 2810 1722 imitaris.
2848 1667 2961 1722 Non
2991 1669 3144 1722 audis
3167 1711 3182 1733 ,
3213 1684 3368 1740 quam
3402 1673 3539 1727 beati
3570 1675 3652 1728 di-

2066 1770 2256 1813 cantur
2281 1759 2697 1814 misericordes?
2720 1760 2866 1814 Beati
2892 1762 3254 1826 misericordes,
3292 1766 3495 1833 inquit,
3518 1783 3648 1832 quo-

2066 1853 2204 1904 niam
2253 1852 2352 1920 ipsi
2391 1853 2790 1906 misericordiam
2839 1863 3204 1922 consequentur
3243 1855 3454 1926 (Matth.
3485 1858 3536 1912 5.
3566 1857 3642 1925 7).

2067 1944 2216 2012 Quod
2245 1945 2448 1998 lucrum
2478 1961 2506 1998 a
2533 1946 2782 2016 pretiosis
2813 1947 3095 2000 vestibus?
3119 1949 3373 2016 quamdiu
3408 1952 3472 2003 ad
3509 1951 3648 2004 hunc
3685 1951 3688 1955 ’

2064 2039 2313 2092 amictum
2344 2038 2708 2092 inhiabimus?
2737 2039 3066 2094 Amiciamur
3090 2042 3258 2110 gloria
3296 2039 3490 2098 Christi
3517 2086 3531 2110 ,
3563 2045 3650 2099 illa

2065 2131 2457 2200 pulchritudine
2483 2132 2910 2198 circumdemur,
2944 2143 2998 2186 ut
3023 2143 3076 2188 ct
3105 2134 3192 2188 hic
3233 2134 3510 2189 laudemur
3531 2177 3548 2201 ,
3597 2146 3652 2190 ct

2069 2224 2178 2278 illic
2204 2234 2402 2278 :cterua
2438 2239 2832 2296 consequamur
2862 2225 3022 2289 bona,
3051 2227 3219 2295 gratia
3244 2235 3296 2280 et
3328 2227 3652 2294 benignitate

2067 2317 2275 2371 Domini
2308 2316 2473 2371 nostri
2501 2315 2626 2372 Jesu
2655 2314 2878 2378 Christi,
2908 2318 3120 2385 quicum
3154 2316 3295 2369 Patri
3341 2327 3394 2371 et
3429 2318 3647 2387 Spiritui

2065 2418 2252 2463 sancto
2281 2408 2472 2478 gloria,
2505 2409 2808 2477 imperium,
2844 2407 3038 2476 honor,
3067 2424 3208 2462 nunc
3229 2416 3283 2462 et
3309 2424 3523 2478 semper
3547 2450 3562 2474 ,
3595 2418 3650 2464 et

2067 2501 2117 2552 in
2147 2500 2341 2555 saecula
2361 2499 2702 2555 szcculorum.
2735 2501 2926 2554 Amen.

364 2707 3634 2732 ww

1703 2793 2051 2856 HOMILIA
2095 2792 2307 2852 XXVI
2320 2834 2333 2849 .

361 2943 490 2997 Cte.
528 2941 611 2995 12.
648 2943 694 2996 Ι.
740 2939 840 2996 Illo
874 2951 1040 2996 autem
1068 2951 1288 3011 tempore
1308 2940 1442 2994 misit
1476 2938 1700 2994 Herodes
1727 2955 1817 2993 rex
1841 2955 1950 2992 ma-

432 3051 553 3099 nus,
593 3045 647 3088 ut
696 3035 934 3106 affligeret
981 3035 1226 3104 quosdam
1274 3033 1336 3085 de
1375 3031 1619 3086 Ecclesia.
1659 3031 1715 3084 ἓ.
1753 3029 1948 3084 Occidit

433 3136 606 3178 autem
646 3125 894 3179 ⁸Ιαίοὸιιιιι
925 3128 1136 3195 fratrem
1174 3122 1392 3176 Joannis
1431 3123 1622 3193 gladio.
1667 3123 1721 3176 '5.
1767 3120 1950 3175 Videris

433 3227 603 3270 autem
625 3217 743 3286 quia
765 3217 980 3284 placeret
1004 3214 1223 3281 Judwis,
1251 3214 1486 3284 apposuit
1517 3222 1569 3266 ut
1598 3211 1946 3283 apprchende-

432 3318 511 3361 ret
532 3317 576 3360 et
607 3307 835 3360 Petrum.
868 3305 1033 3359 Erant
1051 3314 1218 3358 autem
1243 3305 1350 3358 dies
1381 3306 1706 3374 Azgtnorutn.

433 3399 486 3452 1.
531 3398 681 3464 Quod
713 3397 842 3451 illud
868 3396 998 3450 dicit
1029 3395 1279 3464 tempus?
1309 3395 1458 3462 Quod
1488 3410 1609 3449 mox
1627 3393 1949 3464 sequebatur

361 3489 565 3559 utique.
599 3487 702 3542 Sed
737 3486 822 3540 hic
848 3486 1064 3556 quidem
1098 3485 1199 3540 hoc
1235 3497 1411 3554 pacto,
1462 3486 1587 3540 alibi
1613 3501 1739 3540 vero
1768 3500 1942 3540 secus.

360 3580 491 3634 Cum
517 3579 658 3633 enim
688 3579 968 3632 Matthmus
997 3577 1162 3644 dicit,
1195 3576 1262 3630 In
1292 3578 1466 3631 diebus
1495 3578 1598 3631 illis
1626 3579 1754 3632 venit
1777 3577 1944 3632 Joan-

361 3691 443 3726 ncs
469 3673 753 3740 prtedicans
793 3671 812 3743 (
840 3670 1028 3726 Matth.
1060 3673 1112 3726 5.
1147 3673 1166 3725 1
1196 3671 1252 3742 );
1285 3687 1388 3725 non
1420 3681 1706 3739 sequentes
1731 3672 1847 3727 dies
1874 3673 1946 3726 si-

360 3765 594 3830 gnificat,
643 3762 737 3816 sed
781 3761 921 3826 illos,
953 3762 1005 3816 in
1033 3762 1226 3832 quibus
1271 3761 1382 3816 ﬁeri
1428 3763 1652 3832 contigit
1700 3761 1752 3816 id
1803 3761 1946 3832 quod

361 3854 630 3908 narrabat.
682 3853 794 3907 lloc
838 3854 1034 3922 quippe
1084 3868 1236 3908 more
1283 3853 1451 3906 utitur
1495 3852 1769 3921 Scriptura
1803 3853 1945 3906 :ali-

360 3945 576 4013 quando
614 3961 734 4014 quae
760 3945 1088 4013 subsequuta
1133 3953 1258 3998 sunt
1289 3953 1503 4011 narrat;
1532 3944 1816 4015 aliquando
1845 3960 1944 3999 au-

361 4045 461 4091 tem
495 4052 612 4107 qua:
641 4046 824 4106 postea
853 4037 1208 4106 contigerunt,
1233 4051 1297 4090 ac
1333 4036 1378 4092 si
1407 4052 1526 4092 mox
1555 4045 1908 4106 sequerentur
1928 4075 1941 4100 ,

362 4141 623 4186 recenset.
664 4131 803 4186 liene
843 4142 1018 4187 autem
1061 4133 1210 4198 dicit,
1261 4131 1488 4186 Herodes
1532 4150 1622 4188 rea:
1647 4149 1664 4186 :
1692 4133 1776 4186 hic
1801 4133 1942 4187 cnim

361 4239 461 4277 non
499 4233 612 4278 crat
637 4225 701 4290 is,
749 4225 986 4294 quicum
1029 4225 1242 4280 Christo
1280 4237 1627 4281 memoratur.
1661 4226 1799 4280 Ecce
1842 4226 1943 4279 alia

363 4317 607 4369 tentatio.
637 4315 704 4370 Et
729 4317 866 4382 vide,
899 4317 1037 4384 quod
1067 4318 1216 4371 initio
1247 4318 1513 4381 dicebam,
1547 4317 1815 4386 quomodo
1857 4331 1946 4370 res

362 4417 664 4472 nectuntur,
715 4408 983 4476 quomodo
1030 4423 1124 4478 per
1165 4411 1396 4478 quietem
1448 4419 1502 4463 ct
1547 4425 1641 4478 per
1679 4423 1944 4462 a'rumuas

361 4501 537 4554 omnia
565 4509 940 4555 coutexautur.
965 4500 1080 4554 Non
1118 4500 1227 4570 jam
1251 4500 1419 4554 .Iudmi
1442 4540 1457 4565 ,
1488 4515 1591 4554 non
1617 4499 1900 4554 concilium
1927 4515 1942 4564 ;

362 4592 450 4645 sed
473 4607 570 4646 rex
602 4591 838 4644 immittit
881 4606 1092 4654 manus,
1129 4599 1186 4644 ut
1213 4590 1430 4660 affligat.
1481 4590 1648 4660 Major
1687 4599 1942 4660 potestas,

360 4686 570 4753 gravius
593 4685 638 4738 bl
661 4685 810 4750 llum,
843 4686 1073 4737 maxime
1098 4684 1218 4753 quia
1253 4683 1320 4737 ad
1345 4683 1569 4753 gratiam
1616 4683 1942 4738 Judieorum.

365 4775 560 4830 Occidit
587 4788 756 4831 autem
792 4777 1040 4832 Jacobum
1090 4778 1302 4847 fratrem
1343 4777 1560 4831 Joannis
1596 4776 1786 4847 gladio.
1817 4776 1945 4830 Sine

361 4884 515 4924 causa
543 4879 597 4923 et
625 4877 683 4922 ut
710 4885 836 4924 casu
862 4869 1102 4938 contigit.
1137 4869 1192 4924 Si
1219 4868 1338 4938 quis
1366 4881 1493 4922 vero
1524 4874 1744 4936 quaerat,
1779 4881 1874 4920 cur
1893 4867 1943 4919 id

363 4961 666 5028 permiserit
736 4961 912 5025 Deus,
964 4960 1410 5030 reSpondebitnus
1457 4975 1553 5029 pro
1606 4958 1711 5012 illis
1769 4957 1941 5027 ipsis:

363 5055 532 5122 primo
565 5053 803 5124 quidem,
841 5063 897 5106 ut
939 5055 1277 5123 persuaderet
1335 5054 1483 5124 ipsis,
1518 5068 1576 5108 se
1614 5053 1696 5107 vel
1737 5053 1944 5107 occisos

365 5147 673 5214 prrevalere,
705 5155 761 5199 nt
794 5154 849 5200 et
890 5146 942 5198 in
981 5146 1255 5215 Stephano
1293 5147 1550 5217 contigit;
1602 5147 1858 5210 secundo,
1887 5157 1945 5201 ut

362 5234 509 5290 daret
534 5235 739 5291 Judaeis
779 5236 952 5289 locum
976 5277 990 5299 ,
1023 5245 1302 5306 postquam
1334 5239 1566 5292 furorem
1612 5252 1766 5292 suum
1790 5253 1943 5292 exsa-

363 5329 637 5392 tiaverant,
667 5326 1012 5397 resipiscendi
1041 5329 1108 5383 ab
1134 5329 1368 5392 insania;
1397 5331 1574 5396 tertio,
1609 5339 1665 5384 ut
1695 5331 1944 5385 ostende-

363 5431 442 5474 ret
469 5436 536 5476 cx
557 5423 912 5491 permissuone
945 5435 1039 5475 sua
1073 5403 1124 5474 id
1155 5419 1351 5475 factum
1381 5436 1519 5476 esse.
1564 5421 1751 5475 Videtis
1776 5431 1942 5475 autem

362 5513 480 5579 quia
499 5515 715 5582 placeret
735 5514 952 5579 Judteis,
983 5514 1221 5584 apposuit
1250 5523 1301 5567 ut
1336 5514 1735 5584 apprehenderet
1761 5525 1806 5567 et
1838 5513 1941 5568 Pe-

364 5610 509 5657 trum.
539 5603 583 5659 0
608 5606 1013 5674 perversitatem
1047 5606 1348 5674 ingentch
1379 5606 1491 5671 Qua
1516 5606 1565 5660 in
1591 5621 1649 5660 re
1678 5607 1943 5675 gratifica-

367 5692 516 5748 batur
537 5697 684 5765 ipsis,
708 5696 886 5751 cmdes
913 5697 1078 5766 gratis
1105 5706 1158 5752 et
1190 5706 1394 5753 temere
1431 5695 1783 5766 perpetratis?
1811 5695 1940 5750 Erat

367 5795 524 5839 autem
560 5790 665 5843 dics
715 5786 1042 5858 Azymorum.
1088 5789 1284 5846 lterum
1329 5787 1594 5860 superflua
1629 5787 1942 5846 Judaaorum

2059 2939 2326 2992 accnratio
2358 2955 2369 2990 :
2397 2935 2642 2992 occidere
2659 2951 2764 2990 non
2787 2935 3156 3005 prohibebant,
3185 2935 3277 2991 sed
3299 2936 3384 2989 tali
3408 2945 3648 3006 tempore

2058 3031 2180 3084 talia
2211 3029 2506 3099 patrabant.
2541 3030 2594 3083 4.
2630 3029 2790 3094 Quem
2829 3045 2943 3082 cum
2973 3029 3410 3099 apprehendisset,
3441 3031 3574 3084 misit
3592 3030 3648 3084 in

2052 3137 2324 3188 carcerem,
2350 3121 2552 3174 tradens
2577 3129 2798 3192 quatuor
2819 3120 3230 3190 quaternionibus
3253 3123 3486 3174 militum.
3520 3122 3646 3177 lla'c

2051 3228 2118 3270 ex
2171 3213 2350 3267 furore
2386 3222 2440 3267 et
2492 3222 2638 3267 metu
2681 3211 2838 3267 facta.
2889 3211 3106 3276 Occidit,
3157 3213 3346 3281 inquit,
3391 3212 3642 3268 Iacobum

2053 3309 2260 3376 fratrem
2284 3304 2500 3358 Joannis
2523 3304 2715 3374 gladio.
2738 3303 2980 3359 Vidistin‘
3007 3304 3218 3358 illorum
3239 3303 3600 3360 fortitudinem
3621 3307 3644 3359 ?

2051 3395 2130 3450 Ne
2174 3397 2295 3466 quis
2345 3396 2487 3450 enim
2517 3395 2740 3460 diceret,
2776 3395 2895 3449 ideo
2938 3396 3080 3464 ipsos
3131 3395 3247 3450 sine
3295 3395 3533 3462 periculo
3585 3406 3642 3451 et

2053 3495 2200 3542 metu
2230 3497 2455 3540 mortem
2487 3487 2669 3549 adire,
2698 3487 2819 3555 quia
2869 3487 3009 3540 Deus
3045 3487 3265 3542 eruebat
3309 3489 3472 3557 ipsos,
3524 3488 3642 3544 ideo

2051 3578 2294 3646 permisit
2326 3588 2382 3631 ut
2409 3577 2783 3632 occiderentur
2803 3617 2818 3642 ,
2851 3577 3186 3647 maximeque
3233 3580 3504 3649 corypha-i
3532 3620 3546 3643 ,
3588 3589 3644 3634 ut

2052 3671 2334 3725 homicidis
2377 3671 2706 3736 ostenderet,
2739 3671 2882 3740 ipsos
2915 3686 3087 3741 neque
3119 3672 3198 3726 sic
3243 3671 3507 3727 desistere
3543 3689 3640 3729 nc-

2050 3776 2153 3830 que
2177 3760 2466 3830 prohiberi.
2500 3762 2552 3816 5.
2585 3760 2770 3815 Petrus
2796 3763 2964 3832 itaque
3005 3763 3296 3816 servabatur
3317 3763 3366 3816 in
3399 3779 3596 3817 carcere
3620 3781 3639 3818 :

2050 3853 2214 3905 oratio
2261 3861 2428 3904 autem
2472 3851 2621 3918 fiebat
2659 3853 2767 3905 sine
2790 3853 3165 3907 intermissione
3204 3854 3266 3907 ab
3303 3853 3532 3907 Ecclesia
3573 3854 3636 3907 ad

2052 3945 2212 3998 Deum
2241 3961 2333 4015 pro
2361 3961 2439 4000 eo.
2483 3944 2611 3998 Erat
2657 3953 2780 4000 tunc
2823 3945 2890 4000 de
2934 3945 3107 4015 capite
3151 3956 3444 4000 certamen.
3488 3943 3640 4013 Quod

2051 4038 2138 4094 ille
2167 4039 2378 4093 occisus
2404 4049 2566 4102 esset,
2596 4037 2645 4093 id
2670 4039 2912 4092 timorem
2939 4038 3040 4091 illis
3063 4038 3373 4100 incutiebat,
3407 4038 3641 4106 itemque

2049 4127 2190 4197 quod
2223 4128 2307 4182 hic
2338 4129 2390 4181 in
2417 4143 2689 4182 carcerem
2718 4127 2993 4197 conjectus
3021 4137 3187 4182 esset.
3219 4128 3272 4181 6.
3297 4127 3421 4182 Cum
3467 4139 3639 4180 autem

2052 4219 2390 4289 producturus
2419 4235 2531 4272 eum
2558 4229 2681 4272 esset
2713 4218 2962 4284 Ilerodes,
2995 4229 3140 4271 nocte
3165 4220 3256 4272 illa
3291 4218 3474 4272 Petrus
3519 4222 3641 4272 dor-

2050 4310 2232 4364 miebat
2274 4311 2404 4362 inter
2447 4309 2575 4363 duos
2617 4309 2820 4370 milites,
2863 4309 3058 4362 vinctus
3103 4310 3291 4361 catenis
3329 4309 3564 4363 duabus:
3591 4321 3638 4363 ct

2051 4403 2280 4458 custodes
2304 4413 2422 4455 ante
2451 4402 2633 4454 ostium
2671 4401 3012 4455 custodiebant
3043 4417 3318 4454 carcerem.
3353 4401 3405 4454 7.
3438 4399 3503 4453 Et
3529 4419 3639 4455 ecce

2051 4496 2260 4567 angelus
2293 4493 2500 4547 Domini
2526 4493 2737 4556 adstitit,
2762 4503 2806 4546 et
2835 4493 3002 4545 ltnnen
3030 4492 3228 4560 refulsit
3251 4493 3301 4544 in
3321 4491 3636 4554 habitacula;

2051 4602 2383 4656 percussaque
2407 4586 2563 4638 latere
2586 4583 2741 4649 Petri,
2771 4584 3004 4636 excitavit
3031 4583 3198 4647 illum,
3228 4584 3398 4636 dicens
3428 4599 3446 4636 :
3469 4584 3636 4654 Surge

2050 4679 2304 4732 velociter.
2337 4678 2398 4731 Et
2422 4679 2704 4732 ceciderunt
2735 4688 2926 4730 catena:
2955 4677 3091 4730 illius
3108 4677 3171 4730 tle
3197 4676 3444 4730 inanibus.
3477 4676 3629 4737 Vide,

2052 4772 2138 4826 illa
2172 4781 2328 4826 nocte
2360 4771 2530 4840 ipsmn
2566 4771 2782 4839 eripuit.
2818 4769 2884 4822 Et
2916 4769 3083 4822 lumen
3109 4769 3307 4837 refulsit
3347 4770 3400 4822 in
3441 4769 3636 4821 habita-

2051 4865 2185 4929 culo,
2217 4879 2282 4918 nc
2329 4872 2538 4932 putaret
2580 4876 2700 4915 esse
2745 4869 3014 4929 spcctrum
3048 4878 3061 4913 :
3092 4860 3266 4913 lucem
3311 4874 3438 4912 vero
3478 4873 3635 4913 nemo

2053 4956 2182 5008 vidit
2213 4966 2408 5024 prmtcr
2439 4956 2607 5006 illum.
2645 4951 2864 5005 Etiamsi
2894 4951 3035 5004 enim
3067 4949 3169 5004 hoc
3196 4950 3266 5002 ita
3298 4948 3492 5003 factum
3519 4948 3634 5002 fne-

2051 5047 2151 5112 rit,
2181 5048 2230 5100 id
2265 5057 2438 5101 tamen
2469 5048 2555 5100 ille
2584 5045 2913 5115 phantasiam
2946 5059 3065 5098 esse
3098 5043 3348 5113 putabat,
3374 5042 3513 5111 quod
3549 5058 3634 5096 res

2052 5139 2414 5206 inexspectata
2461 5148 2636 5201 esset;
2697 5137 2795 5189 nisi
2851 5137 2920 5189 ita
2975 5135 3168 5189 factum
3211 5133 3417 5200 fuisset,
3466 5135 3633 5186 multo

2052 5230 2221 5297 magis
2262 5229 2623 5297 su5picaturns
2660 5237 2772 5281 erat
2803 5243 2816 5278 :
2849 5227 2916 5280 ita
2964 5239 3149 5280 contra
3191 5234 3418 5278 mortem
3460 5223 3631 5282 aciem

2052 5321 2409 5383 instruxerat;
2437 5319 2733 5388 idquequia
2759 5327 3036 5388 postquam
3063 5317 3242 5370 multis
3257 5316 3446 5370 diebus
3475 5313 3632 5368 isthic

2052 5422 2336 5474 manserat,
2369 5412 2600 5465 nondum
2626 5421 2840 5480 ereptus
2886 5409 3089 5463 fuisset.
3116 5408 3183 5462 Et
3212 5422 3342 5471 cur,
3391 5407 3623 5475 inquies,

2052 5497 2425 5573 non'permisit
2469 5504 2606 5556 Deus
2645 5513 2701 5555 ut
2746 5502 2797 5555 in
2842 5517 3030 5554 manus
3063 5499 3326 5552 incideret
3374 5498 3624 5560 llerodls,

2049 5607 2103 5654 et
2133 5606 2258 5654 tunc
2279 5594 2510 5664 eripuit?
2537 5593 2670 5658 Quia
2708 5593 2836 5646 illud
2884 5593 2934 5644 in
2962 5601 3242 5659 stuporem
3264 5585 3586 5657 coniecisset
3614 5605 3630 5654 ;

2049 5689 2152 5745 hoc
2178 5699 2356 5742 autem
2387 5701 2480 5757 pro
2503 5685 2607 5740 illis
2633 5684 2812 5738 fiebat.
2840 5685 3022 5754 Neque
3049 5683 3190 5738 enim
3224 5691 3460 5752 putatum
3499 5680 3630 5737 fuis-

2051 5798 2132 5842 set
2160 5785 2304 5858 ipsos
2344 5796 2464 5840 esse
2497 5779 2761 5847 homines,
2793 5779 2837 5834 si
2881 5777 3059 5833 omnia
3101 5776 3352 5831 divinitus
3387 5775 3626 5832 fecisset.
