4104 6148
816 218 877 238 κ

433 369 532 425 199

426 489 581 545 Circa
605 481 930 552 Stephanum
960 483 1138 530 autem
1167 471 1293 543 quid
1323 485 1428 524 non
1458 465 1626 522 fecit?
1651 479 1829 520 nonne
1859 471 1999 552 utut-

430 591 588 649 quam
616 550 790 642 angeli
817 568 1018 624 vultum
1045 564 1124 620 eis
1152 559 1432 618 exhibuit?
1457 556 1591 624 Quid
1619 560 1893 649 autem-et
1920 550 2006 605 hic

432 643 575 724 retro
617 664 864 720 relictum
894 657 1017 715 est?
1057 657 1111 712 8.
1139 652 1286 709 Dixit
1313 659 1477 705 autem
1505 646 1713 719 angelus
1754 643 1823 698 ad
1846 657 1962 698 eum
1986 657 2006 697 :

432 758 695 827 Pro-cinge
717 763 784 818 te,
816 761 862 805 et
892 750 1060 805 calceo
1090 757 1137 801 te
1154 745 1345 816 caligas
1365 754 1496 796 tuas.
1516 739 1612 793 llic
1641 738 1801 793 etiam
1829 742 2009 789 osten-

430 850 509 904 dit
534 861 647 903 rem
674 859 778 900 non
804 857 873 898 ex
897 840 1023 895 dolo
1057 837 1249 893 factum
1283 834 1448 887 fuisse
1480 846 1493 883 :
1523 843 1682 884 nemo
1704 827 1847 882 enim
1869 864 1886 891 ,
1916 839 2007 893 qut

432 940 657 997 festinus
686 934 867 991 ludere
894 932 1041 997 velit,
1074 938 1274 986 tantum
1301 925 1518 981 adhibet
1531 936 1737 986 curam,
1768 917 2007 974 utetiam

430 1030 626 1100 caligas
655 1025 915 1094 accipiat,
944 1030 1001 1077 et
1027 1036 1087 1076 se
1119 1020 1425 1090 praecingat.
1455 1014 1597 1069 Fecit
1622 1022 1792 1066 autem
1817 1011 1909 1065 sic.
1942 1007 2009 1062 Et

431 1122 563 1177 dixit
591 1119 668 1174 illi
692 1133 712 1172 :
737 1113 1008 1173 Circumda
1034 1112 1121 1165 tibi
1148 1110 1492 1166 vestimentum
1536 1116 1699 1170 tuum,
1744 1112 1790 1156 et
1810 1116 2012 1170 sequere

434 1230 533 1269 me.
564 1213 618 1268 9.
654 1210 720 1266 Et
759 1222 987 1280 egressus
1025 1203 1320 1276 sequebatur
1351 1216 1462 1255 eum
1482 1213 1502 1254 :
1528 1208 1574 1252 et
1611 1194 1856 1251 nesciebat
1894 1193 2011 1265 quia

440 1300 609 1358 verum
635 1312 741 1368 est,
766 1298 900 1371 quod
940 1296 1086 1367 ﬁebat
1108 1310 1197 1365 per
1215 1292 1485 1363 angelum;
1510 1285 1823 1343 existimabat
1845 1293 2012 1338 autem

434 1410 487 1447 se
507 1395 665 1448 visunt
689 1391 873 1446 uidere.
908 1387 991 1443 ιο.
1021 1384 1360 1440 Transeuntes
1403 1388 1569 1434 autem
1615 1378 1831 1448 primam
1857 1385 1901 1428 et
1925 1389 2010 1428 se-

434 1485 652 1539 cundam
672 1481 975 1543 custodiant,
1010 1482 1249 1532 verterunt
1286 1472 1354 1526 ad
1392 1480 1592 1542 portam
1620 1471 1836 1540 ferream
1855 1505 1872 1531 ,
1901 1479 2015 1536 quae

435 1575 573 1630 ducit
595 1574 662 1628 ad
679 1573 948 1633 civitatem,
963 1584 1075 1639 qua:
1094 1566 1226 1620 ultro
1255 1573 1429 1632 aperta
1448 1572 1521 1615 est
1547 1559 1634 1614 eis.
1663 1558 1798 1614 Ecce
1822 1571 2013 1611 secun-

437 1667 563 1722 dum
590 1665 823 1735 signum.
850 1661 983 1717 Cum
1020 1656 1269 1713 discessit
1294 1654 1537 1725 angelus,
1587 1659 1713 1705 tunc
1754 1648 2015 1704 intellexit

437 1758 647 1815 Petrus.
678 1755 747 1811 Et
765 1763 1001 1810 excitatas
1028 1749 1547 1821 processeruntvicum
1574 1761 1749 1810 unum,
1780 1753 1827 1796 et
1849 1742 2013 1796 conti-

438 1868 540 1907 nuo
568 1850 792 1905 discessit
819 1847 1027 1919 angelus
1055 1844 1116 1898 ab
1142 1859 1221 1897 eo.
1253 1844 1341 1898 ll.
1375 1840 1440 1894 Et
1468 1838 1649 1893 Petrus
1677 1837 1744 1890 ad
1764 1852 1818 1891 se
1847 1850 2015 1888 rever-

438 1960 545 2010 sus,
568 1943 696 1997 dixit
723 1956 743 1996 :
775 1938 927 1995 Nunc
951 1939 1076 2005 scio,
1094 1937 1212 2007 quia
1232 1950 1344 1989 uere
1363 1934 1496 1986 misit
1508 1930 1756 1985 Dominus
1779 1926 2015 1997 angelum

438 2052 605 2100 suum,
634 2044 679 2089 et
708 2032 888 2102 eripuit
903 2048 983 2086 me
1000 2031 1061 2084 de
1084 2045 1235 2083 manu
1262 2026 1503 2093 Herodis,
1526 2022 1656 2078 etde
1675 2021 1812 2077 omni
1839 2034 2013 2089 exspe-

439 2130 655 2183 ctatione
674 2126 834 2198 plebis
859 2123 1178 2179 Judteorum.
1207 2119 1359 2175 Nunc
1381 2119 1505 2184 scio,
1534 2114 1723 2185 inquit,
1743 2127 1849 2168 non
1870 2121 2013 2166 tunc.

439 2219 548 2275 Cur
575 2233 663 2274 res
693 2218 764 2273 ita
795 2215 969 2287 agitur
989 2254 1004 2279 ,
1053 2228 1150 2268 nec
1188 2212 1375 2267 Petrus
1423 2209 1475 2263 in
1519 2205 1597 2262 rei
1621 2212 1784 2276 gestat
1804 2216 2017 2258 sensum

442 2311 610 2377 venit,
641 2308 742 2365 etsi
766 2306 855 2361 tali
900 2304 1165 2360 frueretur
1200 2299 1514 2357 liberatione
1537 2337 1553 2363 ,
1584 2295 1795 2366 quando
1832 2305 2020 2348 omnes

443 2400 605 2456 soluti
628 2397 821 2455 erant?
844 2395 1138 2453 Confestim
1167 2393 1280 2447 vult
1305 2391 1453 2446 illum
1482 2387 1720 2452 liberari,
1752 2393 1807 2440 et
1831 2393 2017 2454 postea

358 2511 368 2522 ·
444 2494 497 2548 in
522 2493 596 2547 rei
620 2506 833 2545 sensum
865 2489 1069 2543 venire.
1097 2484 1249 2555 Quod
1282 2498 1409 2539 vero
1437 2492 1639 2537 catena:
1669 2478 1737 2534 de
1778 2474 2022 2532 manibus

445 2583 560 2652 ejus
585 2581 897 2647 ceciderint,
928 2591 1174 2646 magmun
1196 2584 1311 2630 erat
1331 2574 1541 2644 signum
1571 2568 1711 2640 quod
1734 2581 1839 2622 non
1868 2564 2022 2636 fuge-

445 2683 546 2730 ret.
575 2673 662 2729 η.
693 2672 1123 2740 Consideranqu
1144 2667 1278 2722 venit
1319 2666 1388 2718 ad
1412 2670 1614 2716 domum
1642 2659 1825 2714 Maria:
1850 2657 2024 2712 matris

446 2766 683 2831 Joannis,
730 2764 816 2832 qui
858 2759 1307 2832 cognominabatur
1333 2755 1568 2820 Marcus,
1595 2753 1681 2806 ubi
1707 2759 1849 2806 erant
1881 2749 2025 2803 multi

448 2840 742 2928 congregati
760 2864 806 2907 et
828 2860 1048 2908 orantes.
1076 2851 1163 2905 15.
1195 2848 1440 2903 Pulsante
1465 2855 1629 2900 autem
1649 2843 1804 2899 Petro
1846 2842 2028 2927 ostium

448 2950 640 3022 ianum,
674 2946 912 3015 processit
936 2944 1104 3015 puella
1139 2943 1206 2995 ad
1231 2939 1562 3004 audiendum,
1597 2937 1800 2990 nomine
1824 2934 2022 2988 Rhode.

452 3038 539 3093 M.
571 3035 639 3089 Et
662 3045 712 3088 ut
732 3033 959 3105 cognovit
980 3046 1146 3085 vocent
1173 3029 1334 3095 Petri,
1353 3043 1461 3097 prce
1484 3027 1667 3096 gaudio
1699 3041 1799 3078 non
1832 3022 2030 3092 aperuit

418 3126 685 3199 'fanuam.
724 3121 1001 3192 Perpende
1030 3121 1246 3176 Petrum
1273 3133 1378 3172 non
1410 3118 1587 3172 statim
1617 3113 1894 3179 accedere,
1934 3113 2029 3168 sed

454 3217 603 3288 prius
655 3216 774 3271 lana
816 3214 934 3269 suis
966 3213 1233 3267 nuntiare.
1273 3210 1554 3264 Accurrens
1582 3218 1751 3261 autent
1789 3207 2031 3260 nuntiavit

455 3321 594 3365 stare
617 3307 826 3362 Petrum
852 3315 966 3361 ante
996 3306 1233 3377 januant.
1260 3302 1346 3357 15.
1374 3301 1468 3355 llli
1499 3309 1666 3352 autem
1691 3298 1938 3353 dixerunt
1965 3296 2033 3351 ad

458 3394 568 3455 eam
587 3411 612 3455 .'
631 3398 856 3453 Insanis.
882 3396 909 3451 Ι
917 3398 989 3452 lla
1010 3406 1180 3449 autem
1198 3394 1477 3464 aﬁirmabat
1498 3392 1570 3446 sic
1595 3407 1648 3446 se
1667 3390 1865 3444 habere.

527 3491 582 3545 2.
626 3490 758 3545 Vide
786 3498 841 3544 et
866 3488 1088 3542 ancillas
1112 3486 1306 3555 pietate
1338 3483 1536 3552 plenas.
1568 3481 1683 3536 Prae
1712 3480 1903 3551 gaudio
1928 3495 2032 3534 non

461 3581 670 3649 aperuit
698 3580 891 3634 ostium
919 3593 935 3642 ;
965 3577 1038 3630 illi
1066 3590 1194 3631 vero
1224 3589 1284 3629 re
1313 3575 1382 3627 ita
1411 3583 1562 3644 gesta
1591 3570 1907 3627 renuebant.
1930 3570 2036 3625 illa

458 3668 736 3741 aﬂ‘irntabat
772 3668 843 3723 sic
869 3683 923 3720 se
951 3664 1151 3720 habere.
1200 3655 1226 3718 I
1235 3663 1292 3719 lli
1318 3674 1484 3718 autem
1512 3660 1772 3726 dicebant,
1815 3660 2036 3732 Angelus

460 3761 572 3829 ejus
598 3767 690 3812 est.
742 3758 831 3813 16.
875 3755 1057 3810 Petrus
1095 3770 1212 3808 vero
1252 3754 1591 3827 perseuerabat
1636 3752 1863 3824 pulsans.
1909 3748 2038 3805 Cum

461 3860 627 3906 autem
653 3851 965 3918 aperuissent
988 3887 1003 3912 ,
1034 3846 1263 3900 uiderunt
1291 3861 1403 3899 cum
1423 3885 1437 3909 ,
1467 3855 1515 3898 et
1547 3844 1924 3914 obstupuerunt.
1950 3841 2037 3896 i7.

463 3943 704 4000 Annaeus
734 3952 900 3997 autem
931 3940 1004 3994 eis
1030 3955 1183 3993 manu
1211 3947 1266 3992 ut
1295 3946 1511 3992 tacerent
1536 3977 1550 4003 ,
1579 3937 1803 3989 narravit
1827 3936 1898 3988 eis
1918 3949 2040 4003 quo-

466 4035 617 4089 modo
661 4032 799 4088 Deus
826 4030 1080 4086 eduxisset
1108 4045 1221 4085 eum
1249 4029 1312 4084 de
1341 4044 1560 4094 carcere,
1593 4028 1817 4094 dixitque
1838 4041 1858 4080 :
1887 4024 2039 4078 Nun-

467 4128 587 4181 tiate
609 4124 800 4181 Jacobo
823 4134 869 4179 et
897 4120 1139 4194 fratribus
1165 4117 1306 4177 lucc.
1321 4120 1385 4174 Et
1415 4135 1640 4191 egressus
1662 4119 1786 4172 abiit
1813 4119 1860 4171 in
1886 4117 2044 4171 alium

468 4219 651 4273 locum.
694 4217 1017 4287 llepetamns
1046 4215 1205 4285 igitur
1231 4213 1422 4269 seriem
1451 4210 1785 4266 narrationis.
1815 4208 1919 4263 Illo
1948 4224 2043 4261 auo

471 4320 571 4366 tem
619 4318 875 4380 tempore,
924 4306 1121 4376 inquit,
1168 4305 1302 4359 misit
1343 4302 1571 4358 Herodes
1604 4317 1694 4356 rea:
1728 4317 1907 4354 manus
1935 4340 1951 4366 ,
1991 4307 2045 4353 ut

470 4402 703 4473 afﬂigeret
733 4399 976 4470 quosdam
1010 4398 1073 4451 de
1104 4396 1349 4451 Ecclesia.
1395 4393 1555 4462 Quasi
1595 4393 1704 4447 fera
1748 4400 1951 4447 temere
1992 4397 2048 4444 et

472 4493 593 4546 sine
636 4506 793 4545 causa
834 4504 1022 4545 omnes
1063 4487 1282 4542 invadit.
1330 4485 1444 4539 lloc
1488 4494 1605 4548 est,
1654 4482 1796 4553 quod
1837 4481 2046 4536 diccbat

472 4583 716 4638 Christus
743 4598 758 4635 :
791 4582 1011 4636 Calicem
1033 4621 1047 4644 ,
1082 4596 1228 4651 quem
1259 4594 1349 4647 ego
1379 4577 1621 4630 bibiturus
1657 4591 1804 4640 sum,
1834 4573 2006 4628 bibatis
2029 4588 2048 4627 :

474 4676 522 4720 et
541 4666 790 4734 baptismo
805 4705 823 4730 ,
846 4680 944 4734 quo
964 4679 1055 4733 ego
1069 4663 1315 4731 baptisor,
1349 4659 1720 4729 baptizabimini
1746 4656 1933 4728 (Marc.
1960 4656 2047 4711 10.

477 4755 588 4825 59).
639 4753 834 4808 Occidit
858 4761 1059 4819 autent,
1086 4751 1255 4822 inquit
1275 4792 1289 4817 ,
1318 4748 1564 4802 Jacobum
1601 4750 1809 4817 fratrem
1837 4745 2052 4801 Joannis

477 4846 669 4919 gladio.
700 4845 769 4901 Et
792 4860 890 4901 cur
909 4883 925 4911 ,
959 4845 1197 4913 inquies,
1230 4858 1334 4897 non
1365 4839 1542 4895 statim
1573 4839 1788 4894 Petrum
1817 4838 2053 4894 occidit?

478 4939 703 4993 Causam
744 4937 976 5006 scriptor
1012 4934 1167 4988 aﬂ'crt
1206 4949 1220 4987 :
1274 4931 1434 4986 Erant
1477 4932 1609 4985 enim
1636 4970 1653 4998 ,
1699 4930 1900 4999 inquit,
1947 4929 2054 4984 dies

479 5031 825 5100 Azymorum:
861 5036 918 5082 et
945 5025 1060 5095 ejus
1086 5040 1270 5079 necem
1300 5023 1510 5076 volebat
1539 5036 1658 5077 cum
1690 5020 1875 5088 majori
1904 5020 2055 5075 cclc-

483 5121 678 5176 britate
708 5119 847 5173 fieri.
889 5116 968 5171 Illi
1012 5117 1171 5186 igitur
1199 5115 1269 5168 ob
1306 5113 1719 5169 admonitionem
1748 5111 2056 5169 Gamalielis

478 5211 589 5280 jam
639 5226 668 5263 a
717 5206 957 5265 caedibus
1002 5205 1376 5271 abstinebant;
1428 5203 1662 5273 alioquin
1713 5218 1839 5259 vero
1886 5218 2056 5273 neque

489 5315 680 5355 causas
709 5297 1090 5361 inveniebant;
1122 5296 1217 5352 sed
1251 5310 1342 5365 per
1367 5295 1500 5350 alios
1526 5308 1589 5349 ea
1632 5293 1743 5363 ipsa
1783 5293 2057 5350 machina-

486 5391 700 5446 bantur.
741 5391 878 5458 Quia
906 5404 1032 5446 vero
1057 5389 1192 5443 alius
1219 5397 1334 5442 erat
1359 5387 1608 5450 Jacohus,
1636 5387 1801 5441 frater
1826 5386 2055 5448 Domini,

488 5482 608 5538 ideo
635 5482 931 5552 designavit
956 5480 1143 5536 dicens
1165 5519 1182 5545 ,
1219 5477 1454 5533 Fratrem
1483 5477 1722 5532 Joannis.
1765 5477 1948 5532 Vidcn'
1976 5491 2060 5533 re-

488 5588 606 5627 rum
636 5589 899 5630 summam
947 5588 1108 5644 penes
1137 5572 1236 5627 bos
1279 5580 1388 5625 tres
1432 5568 1628 5635 fuisse,
1660 5570 1892 5625 maxime
1933 5581 2060 5624 vero

492 5679 655 5732 penes
684 5666 900 5720 Petrum
933 5676 989 5721 et
1014 5664 1269 5721 Jacobum
1291 5661 1458 5725 illoc
1484 5661 1714 5716 maxime
1742 5661 2061 5716 condemna-

493 5751 568 5807 tio
612 5750 819 5807 ittorum
860 5762 993 5809 erat.
1021 5752 1138 5809 Non
1164 5753 1308 5809 enim
1346 5751 1456 5823 jam
1484 5749 1714 5806 humana
1755 5750 2058 5819 praedicatio

1213 353 1270 409 S.
1308 349 1583 408 JOANNIS
1618 345 2093 407 CllllYSOS’l'OMl
2131 336 2446 396 ARCIIIEP.
2485 335 3012 394 CONSTANTINOP.

3566 337 3687 393 -200

2109 453 2509 519 ostendebatur,
2537 462 2592 508 ct
2623 467 2751 508 vere
2776 452 3098 523 implebatur
3123 450 3284 513 illud,
3315 448 3584 507 tEstimati
3608 470 3694 507 su-

2111 565 2223 602 mus
2248 548 2377 601 sicut
2400 561 2515 600 oves
2537 545 2801 601 occisionis
2818 546 2835 612 (
2851 543 3000 599 Psal.
3023 544 3112 599 i3.
3134 543 3205 599 22
3220 543 3257 614 ).
3290 543 3477 599 Videas
3503 554 3699 610 autem,

2111 636 2320 701 innuit,
2362 636 2483 704 quia
2514 635 2735 690 alaceret
2762 633 2993 701 Judteis,
3032 635 3270 705 apposuit
3307 642 3364 687 ut
3401 635 3696 704 apprehen-

2110 729 2248 782 deret
2299 743 2344 781 et
2391 728 2622 781 Petrum.
2668 724 2917 780 Placebat
2955 724 3166 799 caedes,
3196 735 3250 781 et
3277 725 3455 782 cardes
3492 727 3691 798 iniqua.

2110 817 2293 887 Magna
2320 817 2547 873 Herodis
2576 816 2812 880 insania;
2835 815 3079 873 absurdis
3099 830 3285 872 eorum
3315 818 3695 891 cupiditatibus

2111 908 2396 963 serviebat.
2438 909 2572 963 Cum
2614 906 2943 977 oportuisset
2966 908 3108 963 enim
3134 909 3458 963 contrarium
3485 909 3692 977 facere,

2113 1006 2170 1052 et
2206 997 2421 1053 illorum
2468 998 2725 1068 impetum
2763 1011 3015 1053 coercere
3038 1039 3054 1064 ,
3098 997 3186 1054 ille
3224 1008 3411 1054 contra
3441 1000 3695 1057 incitabat

2114 1090 2266 1160 quasi
2308 1088 2547 1145 carnifex
2586 1089 2804 1160 quidam
2840 1090 3243 1160 aegrotandum,
3285 1105 3393 1145 non
3425 1107 3552 1147 vero
3578 1108 3696 1149 nte-

2115 1180 2268 1234 dicus
2289 1220 2304 1245 ,
2335 1180 2542 1234 etiamsi
2572 1179 2736 1234 millia
2766 1181 3007 1250 exempla
3040 1170 3297 1247 haberet,
3324 1190 3377 1236 et
3401 1182 3488 1237 avi
3512 1193 3566 1237 et
3597 1195 3695 1252 pa-

2117 1272 2212 1326 tris
2251 1271 2520 1337 llerodis;
2562 1281 2618 1326 et
2656 1271 2928 1341 quomodo
2964 1271 3055 1327 ille
3092 1271 3307 1343 quidem
3350 1283 3571 1344 propter
3593 1289 3698 1330 cat-

2111 1362 2235 1417 dcm
2292 1362 2571 1418 infantium
2630 1378 2821 1434 magna
2872 1364 3097 1420 subierit
3149 1365 3328 1431 mala;
3388 1365 3476 1422 hic
3523 1381 3695 1435 vero,

2112 1453 2319 1510 Joanne
2354 1469 2497 1511 czeso
2522 1496 2537 1522 ,
2566 1470 2730 1524 grave
2758 1455 2955 1511 bellum
2999 1454 3328 1511 excitaverit.
3386 1457 3548 1525 Quem
3584 1474 3699 1513 cunt

2114 1544 2533 1618 apprehendisset
2554 1588 2572 1615 ,
2605 1547 2776 1619 inquit
2802 1587 2818 1615 ,
2853 1548 2987 1602 misit
3015 1547 3068 1602 in
3092 1564 3361 1603 carcerem.
3391 1548 3655 1606 Metuebat
3679 1589 3696 1618 ,

2118 1656 2186 1696 ne
2215 1649 2433 1710 propter
2461 1640 2706 1695 timorem
2736 1656 2802 1695 es
2836 1650 3008 1695 morte
3035 1639 3222 1696 Jacobi
3250 1652 3568 1713 conceptum
3607 1656 3702 1699 sc-

2114 1734 2335 1790 cedcret
2378 1734 2568 1789 Petrus
2594 1752 2608 1788 :
2638 1743 2690 1788 et
2720 1742 2776 1788 ut
2806 1736 2858 1789 in
2890 1743 3005 1790 tuto
3032 1743 3284 1805 poneret,
3313 1737 3460 1790 misit
3497 1737 3550 1792 in
3575 1751 3701 1792 caro

2115 1811 2322 1879 carem.
2364 1826 2482 1891 Quo
2506 1825 2805 1879 accuratior
2827 1811 3199 1890 custodia,'eo
3236 1825 3528 1882 mirabilius
3571 1841 3698 1896 spe-

2117 1914 2403 1969 ctaculum.
2439 1913 2553 1970 Hoc
2594 1922 2774 1970 autem
2801 1915 2966 1971 Petro
3015 1915 3346 1972 conducebat
3375 1956 3393 1983 ,
3440 1917 3529 1987 qui
3574 1917 3701 1974 hinc

2121 2004 2393 2072 probatior
2430 2004 2652 2060 ell‘ectus
2694 2014 2815 2072 est,
2861 2014 2917 2062 et
2957 2005 3323 2062 fortitudinem
3363 2024 3511 2064 suam
3549 2010 3702 2064 exhi-

2120 2093 2256 2148 buit.
2290 2093 2468 2150 Oratio
2493 2107 2690 2160 autem,
2730 2096 2932 2167 inquit,
2977 2098 3128 2165 ﬁebat
3166 2097 3274 2154 sine
3315 2099 3700 2155 intermissione.

2120 2185 2336 2241 Amoris
2367 2184 2625 2240 indicium
2656 2195 2772 2240 erat
2806 2187 2997 2242 oratio.
3042 2187 3253 2243 Patrem
3282 2203 3470 2245 omnes
3493 2205 3704 2261 quare-

2120 2275 2281 2342 bant,
2314 2287 2515 2344 patrem
2547 2285 2905 2332 mansuetum.
2930 2279 3057 2334 Sine
3083 2279 3484 2347 intermissione,
3510 2281 3703 2350 inquit,

2123 2367 2285 2421 oratio
2313 2384 2405 2437 pro
2442 2367 2532 2423 illo
2555 2368 2725 2438 ﬁebat.
2749 2369 2977 2439 Audite,
3008 2386 3115 2441 quo
3143 2380 3325 2426 essent
3350 2370 3543 2427 affectu
3580 2387 3707 2443 erga

2123 2455 2371 2513 doctores
2396 2473 2542 2515 suos.
2587 2458 2702 2514 Non
2754 2461 3241 2526 tumultuabantur,
3284 2478 3390 2518 non
3423 2463 3710 2520 turbaban-

2127 2554 2247 2614 tur;
2291 2550 2385 2604 scd
2415 2550 2482 2604 ad
2516 2552 2814 2607 orationem
2853 2554 2996 2610 versi
3035 2564 3190 2622 sunt,
3230 2571 3415 2612 verum
3453 2566 3507 2613 et
3549 2558 3707 2614 ines-

2133 2640 2418 2709 pugnabile
2439 2643 2805 2699 commilitium
2835 2663 2848 2699 :
2877 2645 2944 2700 ad
2983 2646 3126 2701 illam
3165 2648 3552 2720 confugiebant.
3591 2649 3709 2706 Non

2127 2730 2379 2788 dicebant
2407 2753 2419 2787 :
2465 2734 2695 2791 llumilis
2721 2752 2820 2808 ego
2850 2746 2906 2793 et
2943 2740 3139 2794 nullius
3168 2743 3320 2811 pretii
3349 2757 3442 2812 pro
3473 2738 3563 2798 illo
3590 2758 3711 2800 ora-

2127 2836 2240 2877 rem
2271 2824 2284 2876 !
2309 2823 2442 2891 Quia
2466 2826 2607 2880 enim
2638 2842 2703 2882 ex
2729 2831 2952 2884 caritate
2972 2830 3229 2901 agebant,
3253 2833 3386 2888 nihil
3408 2834 3709 2905 hnjnsmodi

2128 2914 2454 2983 cogitabant.
2500 2915 2591 2970 Vis
2628 2917 2840 2973 discere
2881 2930 3078 2990 quanta
3125 2924 3206 2976 vel
3259 2924 3409 2979 inviti
3442 2925 3712 2984 fecerint?
3808 2960 3817 2971 -

2130 2999 2253 3057 ΙΙΙοέ
2283 3004 2615 3073 probatiores
2639 3006 2995 3065 cxhibuerunt
3012 3051 3029 3077 ,
3057 3009 3160 3068 bos
3183 3012 3545 3084 diligentiores
3573 3016 3715 3075 fece-

2130 3105 2274 3151 runt.
2308 3097 2375 3152 Et
2405 3099 2525 3154 vide
2557 3100 2882 3158 tentationes
2909 3103 2963 3158 in
2992 3103 3127 3160 festo
3150 3105 3239 3162 dic
3265 3107 3528 3179 inductas,
3557 3120 3615 3166 ut
3640 3111 3715 3169 illi

2133 3188 2391 3245 clariores
2430 3200 2636 3246 essent.
2683 3191 2809 3248 Cum
2846 3206 3015 3250 autem
3054 3197 3393 3268 producturus
3430 3218 3541 3258 eum
3590 3214 3717 3260 esset

2135 3278 2398 3346 Herodes,
2447 3281 2655 3351 inquit,
2698 3296 2844 3340 nocte
2885 3287 2978 3340 illa
3028 3287 3206 3344 Petrus
3249 3291 3540 3348 dormiebat.
3585 3293 3717 3350 Vide

2135 3370 2352 3427 Petrum
2391 3372 2744 3429 dormientem
2773 3416 2789 3443 ,
2832 3391 2933 3432 nec
2974 3386 3181 3435 terrore
3219 3381 3302 3437 vel
3342 3391 3487 3438 metu
3530 3384 3718 3441 deten-

2138 3473 2267 3516 tum.
2298 3463 2374 3517 Ea
2404 3463 2516 3533 ipsa
2547 3473 2732 3533 nocte,
2776 3481 2879 3536 qua
2912 3468 3283 3537 producendus
3310 3483 3457 3539 erat,
3487 3476 3721 3533 dormieo

2139 3554 2261 3621 bat,
2295 3557 2474 3612 omnia
2504 3557 2556 3611 in
2587 3557 2753 3612 Deum
2786 3559 3055 3630 rejiciens.
3094 3561 3203 3618 Nec
3243 3552 3557 3635 simpliciter
3596 3567 3723 3624 dor-

2140 3647 2354 3714 miebat,
2381 3648 2497 3716 sed,
2519 3647 2660 3704 Inter
2677 3649 2804 3706 duos
2831 3652 3038 3719 milites,
3057 3654 3248 3710 uinctus
3277 3660 3464 3712 catenis
3503 3659 3719 3715 duabus.

2138 3735 2285 3794 Inter
2307 3738 2435 3794 duos
2460 3740 2602 3796 enim
2620 3782 2635 3807 ,
2666 3742 2871 3813 inquit,
2893 3742 3077 3800 milites
3105 3757 3214 3801 erat
3239 3748 3511 3817 dormiens,
3532 3751 3725 3815 vinctus

2140 3832 2340 3888 duabus
2363 3837 2575 3891 catenis.
2623 3835 2808 3893 Viden’
2848 3856 3006 3909 quam
3048 3852 3292 3899 accurata
3334 3846 3611 3901 custodia?
3653 3845 3724 3901 Et

2143 3940 2254 3978 ecce
2288 3924 2497 3996 angelus
2541 3926 2778 3994 Domini,
2812 3930 3013 4000 inquit,
3043 3933 3275 4002 adstitit,
3316 3935 3515 4005 dicens,
3559 3937 3726 4010 Surge

2143 4017 2397 4072 velociter.
2426 4018 2772 4075 Dormiebant
2802 4022 2958 4077 simul
2988 4026 3237 4081 custodes
3262 4043 3275 4080 :
3309 4026 3431 4082 ideo
3468 4028 3597 4084 nihil
3642 4045 3726 4100 ge-

2145 4117 2348 4164 storum
2376 4122 2679 4167 senserunt.
2710 4112 2913 4169 Lumen
2946 4130 3077 4172 vero
3114 4116 3342 4187 refulsit,
3361 4127 3421 4174 ut
3444 4128 3500 4175 et
3525 4121 3727 4177 videret

2147 4208 2201 4254 ct
2227 4200 2435 4257 audiret
2463 4202 2686 4270 Petrus,
2720 4219 2819 4261 nec
2846 4214 3057 4276 putaret
3085 4207 3415 4278 phantasiam
3466 4227 3604 4269 esse.
3648 4213 3728 4269 Nc

2150 4304 2275 4343 vero
2304 4292 2536 4359 segniter
2555 4303 2737 4364 ageret
2755 4337 2771 4359 ,
2796 4295 2934 4351 latus
2959 4299 3076 4367 ejus
3099 4301 3345 4369 percutit.
3364 4301 3548 4372 Neque
3568 4305 3728 4360 modo

2149 4379 2327 4445 audit,
2354 4380 2557 4452 Surge;
2583 4384 2675 4439 sed
2698 4387 2857 4441 etiam
2879 4388 3117 4454 additur,
3152 4387 3396 4445 Vclociter
3415 4409 3434 4446 :
3458 4404 3561 4448 tam
3582 4404 3731 4451 arcte

2151 4470 2470 4529 dormiebat.
2494 4474 2832 4533 Existimabat
2856 4490 3024 4534 autem
3048 4497 3103 4534 se
3126 4482 3282 4536 uisum
3307 4484 3474 4539 uidere
3490 4527 3503 4552 ,
3538 4487 3727 4552 inquit.

2156 4560 2496 4619 Perlransiuil
2516 4576 2684 4621 autent
2714 4568 2929 4637 primam
2947 4580 2995 4623 et
3015 4572 3282 4625 secundum
3308 4575 3606 4628 custodiam.
3629 4575 3728 4631 Ubi

2154 4669 2298 4710 nunc
2334 4664 2461 4710 sunt
2501 4656 2782 4713 haeretici?
2827 4658 3107 4727 Quomodo
3148 4664 3517 4731 pcrtransierit
3555 4666 3733 4722 dicant

2155 4745 2349 4799 nobis:
2396 4746 2489 4800 sed
2517 4762 2621 4802 non
2654 4758 2926 4817 poterunt.
2975 4750 3132 4820 Atqui
3178 4761 3397 4823 propter
3438 4754 3542 4810 hoc
3584 4758 3730 4812 illum

2156 4835 2358 4905 accingi
2385 4836 2540 4905 jubet
2564 4846 2621 4892 et
2647 4837 2875 4893 calceari
2897 4879 2912 4905 ,
2945 4848 3004 4893 nt
3031 4850 3085 4894 et
3114 4840 3238 4896 hinc
3263 4843 3336 4898 illi
3374 4847 3729 4915 persuadeat,

2159 4924 2262 4979 hoc
2287 4940 2394 4981 non
2419 4941 2539 4982 esse
2565 4927 2912 4996 phantasma;
2961 4940 3125 5000 utque
3150 4946 3395 4988 somnum
3422 4944 3693 4990 excuteret
3715 4977 3732 5004 ,

2157 5020 2424 5090 sciretque
2450 5035 2564 5075 rem
2591 5034 2713 5076 esse
2743 5035 2943 5077 veram.
2973 5022 3097 5080 ideo
3121 5026 3299 5081 statim
3327 5027 3634 5084 ceciderunt
3655 5044 3735 5084 ca-

2162 5120 2297 5167 tena:
2331 5113 2398 5167 de
2442 5112 2684 5168 manibus
2712 5113 2863 5183 ejus,
2900 5125 2955 5172 et
2994 5118 3228 5184 audivit,
3272 5118 3442 5191 Surge
3481 5122 3732 5178 uelociter.

2161 5202 2275 5258 Hoc
2302 5218 2429 5258 vero
2455 5219 2560 5259 non
2588 5207 2947 5274 perturbantis
2972 5218 3088 5274 est,
3115 5209 3211 5264 sed
3242 5214 3512 5266 monentis
3539 5226 3607 5267 ne
3633 5212 3737 5267 dit-

2159 5290 2343 5349 ferret.
2376 5294 2444 5349 Et
2472 5298 2753 5366 nesciebat,
2797 5299 3004 5370 inquit,
3033 5303 3151 5373 quia
3178 5317 3347 5357 uerum
3377 5314 3449 5359 est
3477 5304 3530 5357 id
3548 5346 3566 5372 ,
3600 5306 3739 5375 quod

2163 5385 2314 5454 [iebat
2344 5402 2433 5454 per
2456 5390 2731 5460 angelum:
2759 5392 3073 5448 existimabat
3097 5406 3261 5449 autem
3289 5413 3345 5450 se
3368 5398 3525 5451 uisum
3553 5397 3735 5450 uidere.

2164 5473 2327 5535 Jure'.
2359 5478 2428 5529 ob
2453 5492 2629 5532 rerum
2658 5488 2927 5549 gestarum
2956 5483 3355 5540 sublimitatem.

2238 5568 2293 5622 5.
2337 5566 2542 5635 Viden‘,
2570 5579 2768 5639 quanta
2793 5571 2865 5627 sit
2887 5572 3021 5643 signi
3048 5563 3398 5643 magnitudo?
3432 5592 3586 5647 quam
3611 5591 3737 5646 per-

2165 5657 2329 5714 cellat
2364 5658 2668 5714 videntem?
2711 5676 2872 5731 quam
2919 5664 3234 5720 incredibile
3276 5667 3404 5721 illud
3453 5667 3737 5724 videatur?

2168 5747 2301 5806 Nam
2329 5750 2375 5807 si
2411 5750 2600 5808 Petrus
2630 5759 2778 5808 tanto
2808 5762 3045 5824 tempore
3068 5768 3128 5810 se
3150 5755 3322 5811 visum
3345 5757 3528 5815 videre
3549 5759 3734 5815 existi-
