4108 6172
442 303 540 360 SM

444 420 656 484 manat,
685 415 786 472 etsi
816 413 1135 483 prmcinctus
1163 417 1219 464 et
1243 407 1515 463 calcemus
1539 421 1552 457 :
1599 403 1722 472 quid
1754 403 1890 456 alius
1917 416 2032 455 non.

445 526 634 582 passus
671 515 816 564 eSset
838 507 862 559 τ
886 504 1266 568 Transeuntes,
1297 501 1498 569 inquit,
1533 499 1746 567 primam
1780 506 1825 549 et
1849 511 2032 548 secun-

442 615 561 656 dam
616 601 897 655 custodiam
918 640 933 664 ,
986 604 1224 652 venerunt
1275 593 1342 646 ad
1402 603 1599 660 portam
1658 594 1871 660 ferream
1915 602 1934 639 :
1983 595 2032 639 et

443 706 677 751 exeuntes
712 701 1062 763 processerunt
1093 690 1256 743 vicum
1291 702 1447 739 unum
1476 693 1520 737 et
1544 683 1779 736 continuo
1803 678 2032 733 discessit

447 789 656 859 angelus
677 787 738 840 ab
761 803 836 842 eo.
860 784 992 852 Quae
1012 785 1154 836 intus
1176 781 1312 834 facta
1335 788 1478 840 sunt,
1502 776 1825 830 mirabiliora
1840 782 2028 836 erant;

451 880 551 934 hoc
580 894 710 933 vero
735 877 990 945 deinceps
1022 873 1322 928 humanius.
1352 870 1482 924 Cum
1513 867 1642 921 nihil
1665 875 1781 921 erat
1803 862 2031 934 impedi-

447 972 609 1025 menti
635 1011 651 1037 ,
684 969 934 1025 discessit
966 966 1207 1036 angelus.
1253 965 1434 1033 Neque
1460 961 1601 1016 enim
1645 957 2032 1027 pertransisset

445 1066 636 1120 Petrus
655 1105 671 1130 ,
701 1078 824 1118 cum
857 1071 931 1115 tot
961 1069 1152 1114 essent
1181 1057 1360 1113 obices
1387 1074 1400 1110 :
1428 1070 1555 1110 vere
1583 1066 1812 1120 namque
1845 1059 2030 1118 stupor

346 1157 355 1175 '
441 1158 649 1209 aderat.
698 1153 851 1208 Nunc
880 1153 1014 1210 scio.
1063 1151 1268 1219 inquit.
1299 1148 1418 1217 quia
1458 1162 1568 1200 vere
1596 1145 1732 1198 misit
1782 1141 2030 1196 Dominus

441 1248 677 1318 angelum
719 1263 905 1311 suum,
961 1253 1006 1299 et
1045 1244 1230 1306 eripuit
1273 1258 1352 1294 me
1388 1242 1451 1294 de
1487 1255 1641 1292 manu
1683 1235 1937 1298 Herodis,
1987 1241 2033 1286 et

443 1341 506 1393 de
533 1339 672 1392 oumi
707 1336 1079 1406 exspectatione
1123 1332 1281 1403 plebis
1321 1330 1640 1384 Judazorum.
1689 1325 1878 1380 Nunc:
1924 1337 2030 1378 non

445 1441 600 1493 tunc,
635 1427 848 1497 quando
879 1427 929 1479 in
957 1423 1184 1479 vinculis
1212 1437 1382 1476 eram.
1427 1418 1865 1486 Consideransque
1901 1415 2033 1468 venit

445 1522 495 1572 in
526 1521 732 1573 danaum
775 1517 958 1571 Marus
983 1514 1160 1568 aratris
1200 1511 1438 1567 Joannis.
1486 1509 1623 1577 Quid
1669 1507 1770 1561 sibi
1809 1505 1922 1559 vult
1969 1505 2031 1557 il-

446 1611 534 1666 Iud
555 1652 570 1675 ,
599 1608 981 1666 Considerans?
1005 1605 1257 1676 Cogitans
1291 1605 1379 1658 ubi
1410 1610 1573 1658 esset.
1615 1599 1711 1655 Vel
1745 1599 1846 1652 hoc
1872 1597 2033 1668 igitur

443 1700 832 1764 consideravit;
861 1697 945 1753 vel
968 1697 1110 1766 quod
1134 1711 1240 1750 non
1263 1703 1538 1764 oporteret
1557 1702 1840 1759 utcumque
1859 1689 2028 1753 abire,

445 1792 538 1847 sed
586 1790 908 1847 benefactori
941 1789 1112 1844 vicem
1145 1787 1473 1856 rependere:
1502 1783 1642 1855 quod
1674 1783 1762 1837 iEle
1789 1779 2031 1835 conside-

447 1900 570 1938 rans
590 1925 605 1949 ,
632 1885 780 1938 venit
809 1883 861 1936 in
887 1881 1107 1938 domum
1136 1879 1332 1936 Marize.
1376 1879 1505 1943 Quis
1535 1887 1617 1931 est
1644 1876 1730 1929 hic
1753 1871 2031 1929 Joannes?

448 1975 604 2030 Forte
635 1977 680 2030 is
703 2015 720 2041 ,
750 1974 839 2044 qui
869 1987 1084 2042 semper
1106 1987 1227 2026 cum
1256 1970 1363 2026 illis
1391 1979 1544 2032 erat;
1581 1967 1808 2036 ideoque
1833 1979 2032 2035 cogno-

448 2082 566 2120 men
596 2066 756 2120 etiam
785 2064 902 2135 ejus
929 2063 1130 2133 posuit.

519 2157 769 2230 Magnum
798 2158 985 2210 bonum
1011 2155 1234 2227 aﬁlictio.
1263 2182 1335 2194 —
1366 2151 1498 2208 Vide
1532 2159 1786 2222 quantum
1830 2150 1902 2205 sit
1937 2148 2033 2204 bo-

449 2269 573 2306 num
603 2249 854 2314 afﬂictio,
888 2259 1145 2320 quantum
1177 2257 1334 2303 noctu
1366 2257 1644 2318 precantes
1672 2244 2028 2314 proﬁcerent,

445 2357 604 2412 quam
649 2341 838 2412 vigiles
881 2339 1007 2394 hinc
1037 2338 1403 2394 efﬁcerentur.
1451 2335 1730 2399 Vidistin’,
1774 2345 2030 2406 quantum

448 2435 652 2490 lucrum
693 2449 757 2488 ex
789 2431 935 2487 caede
981 2430 1278 2500 Stephani?
1323 2429 1557 2484 vidistin‘
1585 2439 1778 2499 quanta
1821 2443 1888 2482 ex
1931 2427 2032 2481 hoc

448 2541 663 2581 carcere
711 2525 956 2580 utilitas?
999 2523 1114 2579 Non
1159 2525 1300 2578 enim
1349 2523 1608 2578 ulciscens
1651 2521 1792 2578 Deus
1837 2521 2032 2590 injuste

451 2617 705 2674 laedentes
733 2659 748 2682 ,
781 2618 859 2672 sic
885 2631 1137 2688 magnum
1167 2615 1404 2670 ostendit
1429 2614 1762 2684 evangelium
1789 2629 1804 2677 ;
1850 2611 1944 2667 sed
1977 2613 2029 2666 in

450 2713 578 2782 ipsis
631 2711 950 2767 laedentibus
999 2709 1133 2764 nihil
1184 2709 1310 2765 mali
1366 2708 1690 2778 patientibus
1742 2707 1885 2776 ipsas
1938 2705 2032 2760 tri-

451 2806 751 2861 bulationes
792 2821 888 2875 per
927 2819 987 2859 se
1030 2819 1281 2874 magnum
1305 2801 1453 2873 quid
1496 2815 1618 2856 esse
1651 2798 1918 2861 ostendit,
1965 2811 2033 2851 ne

451 2898 534 2952 vel
554 2898 622 2951 ab
649 2897 753 2952 illis
775 2897 910 2967 eripi
939 2937 956 2961 ,
983 2895 1068 2952 vel
1096 2895 1352 2948 ultionem
1380 2893 1520 2947 sumi
1545 2905 1869 2961 quaeramus.
1913 2889 2034 2944 Per-

452 2990 623 3060 pende
651 3029 668 3055 ,
700 2987 972 3058 quomodo
1021 2987 1231 3041 ancilla:
1274 2985 1412 3055 apud
1461 3000 1555 3040 eos
1597 2984 1650 3038 in
1699 2986 1811 3053 pari
1863 2980 2033 3050 pretio

450 3089 646 3137 essent.
684 3079 804 3134 Pro:
830 3079 1021 3151 gaudio
1042 3119 1059 3144 ,
1091 3077 1295 3148 inquit,
1328 3093 1426 3131 non
1453 3077 1669 3148 aperuit.
1708 3076 1748 3129 Ε
1776 3091 1832 3130 re
1854 3084 2030 3128 autem

453 3175 522 3226 ita
552 3173 747 3226 factum
778 3179 887 3238 est,
919 3186 988 3226 ne
1017 3179 1072 3225 et
1101 3170 1175 3223 illi
1204 3170 1384 3224 statim
1414 3169 1661 3223 videntes
1689 3167 2031 3235 obstupesce-

456 3275 607 3330 rent,
644 3274 697 3318 et
725 3279 828 3318 u0n
859 3263 1142 3319 crederent
1161 3304 1176 3328 ,
1205 3263 1299 3318 sed
1332 3278 1483 3317 mens
1519 3263 1726 3318 illorutu
1755 3277 2032 3317 exercere-

455 3367 557 3410 tur.
579 3356 644 3411 Et
664 3355 806 3426 quod
834 3369 933 3410 nos
954 3356 1129 3411 facere
1145 3356 1400 3417 solemus,
1421 3355 1612 3408 ancilla
1630 3368 1843 3424 quoque
1859 3353 2031 3408 facere

439 3438 780 3519 ’deprehensa
807 3458 892 3504 est
915 3465 928 3501 :
959 3448 1046 3502 illa
1074 3463 1302 3517 namque
1321 3446 1540 3502 curabat
1561 3461 1673 3500 rem
1699 3446 1875 3499 lanam
1900 3461 2032 3498 mm-

452 3545 581 3596 tiare
607 3558 622 3607 ;
656 3543 772 3596 hsta
804 3541 1002 3612 quippe
1031 3555 1118 3594 res
1146 3549 1282 3594 erat.
1315 3536 1406 3591 Illi
1434 3555 1548 3591 vero
1574 3538 1802 3590 dicebant
1831 3537 1877 3588 ei
1895 3579 1910 3595 .
1940 3533 2031 3589 Iu-

451 3635 606 3686 sanis.
644 3630 752 3686 Illa
780 3641 950 3685 autem
993 3630 1272 3701 aﬂirmabat
1313 3629 1384 3682 sic
1428 3644 1479 3681 se
1509 3625 1691 3680 habere
1718 3642 1736 3679 :
1761 3625 1838 3679 illi
1868 3637 2033 3679 autem

452 3728 722 3781 dicebant:
771 3726 993 3796 Angelus
1037 3726 1146 3794 ejus
1193 3731 1288 3777 est.
1350 3721 1484 3775 Hinc
1521 3736 1703 3774 verum
1755 3719 2030 3790 probatur,

454 3833 883 3890 unumquemque
936 3825 1178 3870 nostrum
1220 3813 1468 3884 angelum
1509 3811 1728 3867 habere.
1783 3812 1850 3866 Et
1894 3811 2036 3866 unde

454 3913 505 3966 in
551 3919 783 3964 mentem
819 3907 982 3962 subiit
1025 3907 1128 3961 illis
1175 3906 1423 3975 angelum
1473 3902 1642 3958 esse?
1697 3903 1741 3956 A
1793 3909 2035 3970 tempore

456 4001 583 4056 illud
631 4001 1058 4069 suspicabantur.
1110 3995 1179 4052 Ut
1209 4007 1379 4049 autem
1411 3993 1755 4065 perseverabat
1783 3993 1992 4060 pulsans
2016 4033 2031 4056 ,

457 4096 662 4165 inquit,
709 4110 822 4146 cum
875 4092 1230 4157 aperuissent,
1292 4089 1522 4142 uiderunt
1564 4104 1677 4141 eum
1703 4129 1719 4153 ,
1763 4096 1808 4140 et
1863 4085 2035 4140 obstu-

456 4194 692 4255 puerunt.
724 4183 823 4236 Ille
850 4199 963 4235 vero
993 4198 1222 4234 annuens
1249 4197 1404 4233 manu
1423 4219 1438 4243 ,
1477 4179 1748 4234 silentium
1788 4193 2034 4248 magnum

457 4279 577 4333 fecit
601 4320 618 4344 ,
653 4288 708 4330 ut
736 4276 1035 4330 audiretur.
1060 4274 1300 4343 Optatior
1326 4273 1580 4344 deinceps
1601 4270 1872 4339 discipulis
1897 4279 2032 4335 erat,

458 4389 561 4424 non
595 4370 755 4424 modo
790 4370 930 4438 quod
969 4378 1210 4422 servatus
1239 4374 1414 4429 esset,
1445 4365 1537 4418 sed
1568 4366 1728 4419 etiam
1764 4362 1905 4433 quod
1943 4361 2038 4415 ad-

457 4474 598 4516 esset
615 4471 668 4515 et
689 4461 985 4514 accederet.
1003 4459 1219 4512 Dis-cunt
1239 4455 1517 4510 manifeste
1533 4454 1710 4509 omnia
1730 4453 2035 4512 familiares,

458 4555 668 4608 discunt
697 4562 750 4606 et
777 4552 935 4606 alieni
959 4592 973 4615 ,
1021 4550 1063 4602 si
1096 4549 1318 4603 credere
1346 4547 1550 4610 velint;
1593 4546 1687 4600 sed
1729 4547 2034 4600 noluerunt.

464 4647 573 4698 lloc
615 4645 774 4698 etiam
810 4645 860 4697 in
888 4641 1104 4697 Christo
1133 4640 1327 4693 factum
1357 4648 1460 4693 est.
1510 4637 1789 4700 Nuntiate,
1824 4638 1990 4706 inquit
2018 4679 2034 4702 ,

458 4739 648 4793 Iacobo
671 4751 717 4790 et
739 4735 980 4807 fratribus
1001 4735 1124 4786 Ita'c.
1155 4733 1286 4786 Vide
1306 4730 1572 4801 quomodo
1601 4745 1788 4782 vanam
1815 4728 2036 4800 gloriam

463 4847 566 4885 non
595 4841 820 4900 quaerat.
848 4827 962 4882 Non
990 4827 1134 4880 enim
1167 4825 1335 4886 dixit,
1376 4822 1622 4892 Undique
1653 4821 1767 4876 lucc
1791 4820 2039 4874 omnibus

463 4927 700 4979 nuntiate
724 4943 739 4988 ;
765 4922 858 4977 sed
886 4964 900 4983 ,
933 4919 1217 4974 Fratribus.
1250 4917 1316 4971 Et
1338 4915 1572 4970 abscessit
1592 4916 1643 4968 in
1669 4914 1828 4968 alium
1852 4916 2035 4967 locum.

466 5018 643 5088 Neque
667 5015 808 5071 enim
833 5012 1067 5067 tentabat
1089 5013 1282 5074 Deum,
1307 5024 1478 5077 neque
1505 5007 1694 5061 sesein
1721 5005 2040 5060 tentationes

466 5109 734 5177 injiciebat
759 5123 773 5158 :
798 5103 928 5158 illud
949 5103 1090 5156 enim
1109 5102 1241 5170 jussi
1266 5109 1466 5154 tantum
1485 5098 1768 5154 faciebant.
1791 5095 2037 5166 Ingressi,

467 5203 666 5270 inquit,
711 5200 766 5254 in
797 5198 1072 5269 templum,
1106 5194 1364 5259 loquimini
1396 5191 1584 5262 populo
1627 5188 1647 5262 (
1673 5190 1786 5243 Act.
1818 5190 1872 5244 5.
1903 5187 1975 5243 20

467 5295 766 5348 Audierunt
803 5299 856 5344 et
898 5287 1079 5341 statim
1119 5285 1396 5354 obsequnti
1431 5293 1575 5337 sunt.
1622 5281 1736 5336 Hoc
1779 5293 1908 5335 vero
1931 5278 2041 5347 jam

470 5402 570 5438 non
601 5384 731 5439 dicit
755 5381 1000 5452 angelus,
1026 5376 1115 5432 sed
1139 5376 1279 5446 quod
1305 5375 1526 5428 silenter
1551 5372 1788 5428 abscedit
1810 5381 1864 5425 et
1885 5379 2042 5426 noctu

468 5476 678 5542 eduxit,
697 5475 842 5528 dedit
863 5471 1165 5526 facultatem
1190 5465 1493 5524 secedendi.
1511 5465 1624 5520 Hoc
1643 5474 1819 5519 autem
1847 5461 2042 5518 factum

471 5578 592 5631 est,
639 5573 699 5618 ut
739 5563 1009 5618 discamus
1053 5559 1218 5613 multa
1265 5557 1498 5611 humano
1544 5569 1694 5609 more
1741 5553 2046 5622 dispensata

472 5656 666 5718 fuisse.
723 5667 780 5711 ut
827 5671 893 5709 ne
940 5653 1031 5707 ille
1075 5651 1267 5705 iterum
1306 5641 1726 5718 periclitaretur.
1783 5644 1859 5699 Nc
1905 5646 2046 5698 enim

477 5761 592 5816 post
614 5750 906 5804 discessum
946 5745 1060 5816 ejus
1097 5744 1337 5800 dicerent
1363 5739 1609 5810 angelum
1634 5738 1749 5807 ejus
1778 5751 1914 5804 esse,
1947 5739 2046 5792 hoc

1396 291 1462 347 lN
1502 288 1678 346 ACTA
1719 283 2245 345 APOSTOLORUM.
2286 285 2516 342 HOMIL.
2561 285 2750 341 XXVI.

3609 288 3715 345 20‘:

2138 399 2285 467 prius
2313 399 2594 467 dixerunt,
2641 408 2699 456 et
2741 409 2924 468 postea
2968 401 3119 458 illum
3147 403 3427 467 viderunt,
3459 407 3547 474 qui
3580 408 3713 464 hanc

2135 492 2440 560 Opinionem
2472 492 2704 546 sustulit.
2737 493 2792 547 Si
2821 495 3040 562 angelus
3067 496 3249 552 fuisset
3272 537 3287 560 ,
3319 514 3423 551 non
3454 503 3716 567 pulsassct

2137 571 2299 648 fores,
2320 600 2420 640 nec
2439 585 2750 640 secessisset
2776 587 2825 640 in
2849 585 3013 642 alium
3036 589 3229 643 locum.
3245 590 3534 645 Conﬁrmat
3554 593 3713 646 etiam

2136 674 2277 741 illos,
2308 677 2447 745 quod
2482 694 2584 730 non
2619 679 2666 730 in
2698 679 2783 732 die
2814 678 3005 733 factum
3033 679 3120 733 sit.
3150 681 3212 736 lli
3239 683 3396 738 soluti
3425 685 3718 755 precaban.

2136 777 2254 830 tur,
2297 769 2386 824 ille
2425 774 2634 826 vinctus
2663 771 2983 828 dormiebat.
3034 772 3091 829 Si
3134 785 3372 843 putasset
3414 794 3526 831 rem
3552 819 3569 844 ,
3597 794 3715 848 qua:

2132 859 2408 928 agebatur,
2437 875 2618 916 veram
2645 865 3117 932 esse,perterritns
3140 865 3358 931 luisset,
3383 886 3483 925 nec
3510 887 3717 927 memor

2133 959 2406 1019 gestorum
2434 969 2449 1007 :
2482 968 2626 1008 nunc
2653 963 2833 1009 autem
2871 956 3021 1025 quasi
3051 957 3102 1010 in
3130 972 3321 1014 somno
3347 961 3534 1018 videns
3553 1004 3569 1028 ,
3598 965 3716 1020 sine

2134 1042 2532 1110 perturbatione
2547 1054 2682 1100 erat.
2696 1045 2971 1113 Venerunt,
2991 1049 3179 1118 inquit,
3192 1051 3260 1105 ad
3272 1063 3465 1122 portam
3478 1060 3712 1126 ferream.

2136 1133 2268 1192 Vide
2291 1152 2450 1205 quam
2480 1136 2632 1193 ﬁrma
2662 1149 2822 1195 esset.
2854 1139 3193 1199 Transeuntes
3216 1185 3230 1206 ,
3262 1146 3471 1212 inquit,
3499 1149 3716 1218 primam

2133 1235 2178 1281 et
2209 1231 2484 1284 secundum
2508 1231 2790 1286 custodiam
2813 1275 2828 1295 ,
2861 1246 3096 1289 verterunt
3138 1238 3207 1289 ad
3250 1249 3449 1308 portam
3479 1243 3713 1312 ferream.

2136 1320 2201 1374 Et
2228 1336 2324 1375 cur
2346 1363 2361 1388 ,
2394 1324 2600 1394 inquies
2619 1367 2635 1388 ,
2664 1341 2770 1379 non
2799 1343 2893 1394 per
2917 1329 3122 1397 seipsos
3150 1329 3251 1385 hoc
3279 1333 3518 1388 faciunt?
3563 1335 3716 1391 Cur?

2133 1412 2269 1478 Quia
2300 1415 2476 1469 hacin
2502 1429 2562 1470 re
2592 1416 2730 1472 Deus
2757 1417 2882 1472 illos
2910 1421 3174 1488 honorat,
3205 1424 3344 1493 quod
3376 1442 3469 1494 per
3493 1431 3713 1498 angelos

2131 1513 2284 1558 eruat
2314 1504 2480 1574 ipsos.
2525 1507 2662 1572 Quid
2689 1509 2861 1580 ergo?
2887 1527 2985 1565 cur
3009 1529 3112 1566 non
3141 1514 3219 1570 sic
3245 1516 3294 1568 in
3329 1517 3489 1572 Paulo
3517 1521 3713 1577 faclmn

2132 1594 2264 1648 est?
2303 1594 2415 1651 Illic
2439 1612 2471 1652 e
2499 1614 2558 1653 re
2587 1597 2682 1653 fuit
2709 1639 2725 1665 ,
2766 1602 2888 1670 quia
2921 1604 3193 1659 custodem
3225 1611 3455 1664 carceris
3497 1614 3717 1668 credere

2132 1688 2416 1755 oportebat
2443 1706 2456 1753 ;
2489 1689 2576 1744 hic
2605 1707 2731 1747 vero
2755 1693 2927 1748 solum
2959 1711 3094 1767 opus
3117 1707 3233 1752 erat
3257 1703 3555 1768 apostolum
3585 1703 3715 1760 libe-

2133 1779 2281 1833 rari:
2328 1779 2565 1850 alioquin
2614 1797 2742 1838 vero
2785 1785 2923 1839 Dens
2960 1786 3172 1842 diverse
3201 1793 3376 1846 omnia
3419 1793 3711 1863 dispensat.

2132 1872 2245 1928 lllic
2271 1873 2465 1929 Paulus
2493 1875 2721 1946 hymnos
2745 1882 2972 1935 canebat
3002 1880 3137 1953 (Act.
3169 1885 3249 1940 ιϐ.
3278 1886 3392 1959 25),
3418 1889 3505 1945 hic
3526 1892 3715 1948 Petrus

2131 1965 2452 2022 dormiebat.
2479 1968 2558 2024 Ne
2585 1986 2715 2041 ergo
2742 1976 3073 2032 occultemus
3100 1979 3357 2035 miracula
3391 1983 3503 2051 Dei,
3531 1987 3625 2041 sed
3647 1987 3714 2042 ad

2131 2057 2412 2114 utilitatem
2462 2070 2700 2116 nostram
2747 2064 2860 2120 hinc
2904 2065 3163 2139 divulgari
3210 2087 3500 2140 curemus,
3547 2088 3600 2132 et
3647 2081 3713 2132 ad

2130 2148 2359 2204 aliorum
2390 2151 2824 2210 aediﬁcationem.
2856 2155 2928 2212 Ut
2953 2159 3096 2214 enim
3125 2161 3454 2220 admirabilis
3485 2169 3600 2232 fuit,
3624 2174 3712 2240 qui

2130 2240 2283 2311 ligari
2313 2243 2519 2308 voluit;
2547 2244 2617 2299 ita
2645 2246 3010 2304 admirabilior
3035 2252 3124 2319 qui
3151 2268 3255 2308 non
3280 2257 3425 2324 prius
3445 2257 3712 2324 discessit,

2131 2346 2289 2400 quam
2312 2336 2424 2388 suis
2438 2336 2616 2391 omnia
2636 2341 2952 2394 nuntiasset.
2977 2341 3239 2414 Dixitque,
3263 2346 3508 2403 Nuntiate
3523 2350 3715 2407 Iacobo

2133 2434 2179 2478 et
2208 2426 2472 2496 fratribus.
2502 2426 2612 2483 Cur
2640 2431 2822 2488 dicere
2844 2433 2997 2500 jubet
3019 2436 3077 2489 '1’
3108 2436 3170 2492 Ut
3203 2437 3279 2494 illi
3306 2442 3612 2511 gaudeant.
3659 2459 3714 2502 ιιι

2134 2532 2202 2572 ne
2230 2518 2446 2574 solliciti
2473 2521 2616 2588 sint,
2645 2533 2706 2578 ut
2734 2540 2827 2594 per
2855 2526 2952 2580 hos
2979 2528 3057 2582 illi
3085 2529 3332 2599 discant,
3361 2550 3464 2589 non
3495 2537 3592 2606 ipsi
3621 2554 3716 2608 per

2134 2610 2290 2665 illos:
2315 2612 2392 2668 sic
2411 2613 2480 2668 de
2503 2613 2744 2671 inferiori
2771 2629 2922 2686 parte
2945 2635 3129 2675 curam
3157 2625 3394 2691 gerebat.
3423 2627 3564 2684 Nihil
3588 2646 3716 2698 ergo

2134 2703 2407 2758 moderata
2439 2702 2731 2761 afﬂictione
2776 2709 2988 2763 melius.
3037 2711 3258 2778 Qualem
3307 2725 3459 2783 putas
3499 2719 3713 2774 illorum

2135 2806 2262 2851 tunc
2289 2794 2452 2850 fuisse
2479 2797 2758 2852 animam?
2783 2813 2975 2868 quanta
3004 2805 3274 2873 voluptate
3301 2808 3508 2875 plenam
3532 2812 3558 2864 Ἰ

2216 2887 2488 2959 Vigilantis
2534 2889 3012 2949 laudatur.—Ubi
3064 2905 3187 2952 sunt
3232 2915 3373 2954 nunc
3421 2903 3711 2970 mulieres,

2133 2997 2250 3050 quae
2277 2991 2383 3036 tota
2404 2993 2561 3039 nocte
2580 2982 2849 3039 dormiunt
2873 2985 2896 3039 ?
2927 2987 3012 3042 ubi
3037 2989 3154 3054 viri,
3183 2991 3271 3058 qui
3301 3008 3472 3063 neque
3491 2997 3542 3049 in
3575 2997 3714 3051 lecto

2133 3085 2192 3124 se
2221 3073 2475 3128 versant?
2501 3072 2690 3128 Viden’
2717 3075 2925 3146 vigilem
2955 3079 3232 3134 animam?
3269 3081 3404 3136 Cum
3437 3087 3710 3152 uxoribus,

2132 3164 2314 3234 pueris
2345 3177 2399 3220 et
2441 3166 2652 3221 ancillis
2682 3166 2848 3222 Deum
2877 3169 3254 3239 celebrabant,
3296 3191 3391 3243 per
3414 3177 3712 3233 tribulatio-

2134 3274 2254 3312 nem
2283 3259 2525 3327 puriores
2553 3259 2686 3316 caelo
2714 3261 2910 3318 allecti.
2940 3263 3092 3320 Nunc
3128 3281 3286 3333 vero,
3314 3269 3357 3322 si
3393 3286 3610 3339 parvum
3633 3276 3712 3327 vi-

2131 3350 2351 3406 deamus
2398 3355 2731 3422 periculum,
2762 3357 3110 3413 concidimus.
3157 3358 3297 3415 Nihil
3342 3362 3580 3420 Ecclesia
3629 3368 3712 3421 illa

2133 3442 2486 3510 splendidius.
2532 3443 2680 3514 Ipsos
2729 3447 3030 3515 imitemur,
3081 3451 3414 3507 :emulemur.
3453 3454 3569 3509 Non
3598 3457 3716 3511 ideo

2135 3531 2270 3588 facta
2303 3543 2388 3589 est
2420 3552 2548 3601 nos,
2590 3545 2650 3592 ut
2693 3553 2792 3606 per
2830 3547 2993 3593 totam
3027 3539 3352 3597 dormiamus
3381 3555 3435 3599 et
3463 3548 3711 3603 Otiemur.

2137 3625 2247 3680 Hoc
2279 3627 2632 3682 testiﬁcantur
2657 3629 2912 3695 artiﬁces,
2933 3632 3327 3701 negotiatores,
3355 3647 3678 3693 mereatores
3700 3682 3712 3700 ,

2135 3719 2372 3773 Ecclesia
2397 3719 2490 3774 Dei
2509 3721 2682 3775 media
2708 3734 2932 3792 surgens
2955 3731 3130 3778 nocte.
3153 3724 3322 3794 Surge
3347 3737 3400 3780 et
3428 3736 3502 3790 tu.
3528 3739 3582 3782 et
3598 3730 3717 3785 vide

2134 3812 2411 3867 stellarum
2457 3813 2714 3878 chorum,
2761 3815 3080 3885 profundum
3131 3817 3438 3884 silentium,
3481 3823 3716 3892 quietem

2135 3903 2355 3958 multam
2378 3904 2731 3976 :obstupcsce
2746 3906 2813 3961 de
2831 3907 3038 3962 Domini
3059 3909 3131 3963 tui
3153 3911 3503 3980 providentia.
3529 3915 3721 3971 Purior

2139 4009 2264 4054 tunc
2289 4007 2372 4053 est
2393 3999 2592 4066 anima,
2623 4001 2806 4064 levior,
2835 4001 3100 4070 subtilior,
3133 4004 3399 4070 sublimis,
3429 4008 3674 4076 expedita
3702 4026 3716 4062 :

2139 4091 2374 4144 tenebrae
2406 4091 2554 4159 ipsae,
2585 4091 2852 4146 silentium
2883 4094 3104 4148 nmltum
3125 4137 3138 4158 ,
3172 4096 3222 4149 in
3249 4100 3717 4166 compnuctionem

2139 4183 2392 4239 inducere
2439 4193 2682 4253 possunt.
2731 4185 2786 4239 Si
2838 4200 2966 4239 vero
3011 4187 3201 4240 ca'lmn
3249 4190 3502 4257 reSpicias
3547 4192 3719 4246 stellis

2137 4275 2286 4342 quasi
2317 4275 2610 4329 inumneris
2647 4274 2953 4328 distinctum
2983 4277 3172 4341 oculis,
3224 4279 3527 4333 omnimoda
3570 4283 3720 4335 voln-

2140 4374 2282 4434 ptale
2305 4364 2496 4418 frueris
2515 4365 2820 4418 Creatorem
2844 4366 3022 4420 statim
3047 4376 3224 4422 mente
3245 4380 3516 4438 reputans.
3547 4371 3600 4428 Si
3629 4388 3720 4428 co-

2139 4456 2387 4526 gitaveris
2411 4471 2524 4522 eos,
2553 4457 2642 4527 qui
2667 4457 2900 4511 interdiu
2923 4460 3173 4526 clamant,
3201 4461 3395 4528 rident,
3426 4465 3718 4534 exsultant,

2139 4550 2369 4614 saliunt,
2421 4550 2614 4620 injuste
2658 4559 2856 4619 agunt,
2888 4553 3123 4607 avaritia:
3154 4555 3389 4622 student,
3424 4559 3714 4627 minantur,

2141 4643 2413 4696 innumera
2436 4643 2571 4696 mala
2598 4642 2850 4708 inferunt,
2877 4655 2998 4698 tunc
3019 4660 3046 4697 a
3077 4649 3298 4703 mortuis
3321 4649 3448 4702 nihil
3476 4651 3713 4717 dilferre,

2142 4735 2425 4787 lnnnanam
2474 4751 2688 4788 onmem
2744 4737 3099 4805 arrogantiam
3147 4738 3444 4798 damnabis.
3489 4743 3720 4802 Somnus

2141 4826 2386 4890 accessit,
2419 4836 2472 4880 et
2501 4839 2743 4880 naturam
2772 4829 3041 4897 superavit
3069 4846 3082 4884 :
3117 4829 3290 4899 imago
3328 4844 3410 4888 est
3452 4837 3638 4891 mortis
3667 4849 3722 4892 et

2141 4919 2632 4973 consummationis.
2656 4919 2710 4974 Si
2736 4920 2906 4973 vicum
2940 4925 3268 4990 respexeris,
3293 4927 3492 4982 nullam
3535 4945 3720 4986 vocem

2141 5009 2362 5074 audies;
2394 5009 2437 5062 si
2465 5008 2680 5063 domum
2703 5051 2716 5071 .
2750 5025 2935 5065 omnes
2965 5013 3170 5067 videbis
3195 5018 3342 5084 quasi
3382 5018 3432 5070 in
3471 5021 3720 5090 sepulcro

2141 5100 2399 5168 jacentes.
2431 5100 2554 5154 Haec
2582 5101 2759 5155 omnia
2791 5114 3013 5170 possunt
3037 5106 3268 5160 animam
3295 5107 3552 5176 excitare,
3576 5123 3630 5165 et
3653 5114 3720 5169 ad

2144 5192 2516 5261 Cogitationem
2542 5195 3020 5249 eonsunimationis
3054 5195 3329 5253 inducere.

2217 5288 2270 5338 4.
2307 5284 2401 5337 llic
2431 5299 2558 5337 vero
2587 5284 2714 5338 mihi
2742 5294 2796 5338 et
2821 5286 2886 5340 ad
2919 5287 3062 5340 viros
3088 5297 3143 5342 et
3175 5288 3240 5342 ad
3273 5291 3524 5345 mulieres
3545 5307 3722 5348 sermo

2147 5385 2247 5430 est.
2281 5374 2460 5428 Flecte
2498 5390 2692 5444 genua,
2730 5376 3043 5447 iugemisce,
3084 5379 3247 5434 Deum
3287 5397 3505 5450 precare
3545 5394 3602 5437 ut
3632 5387 3723 5442 tibi

2149 5473 2218 5523 sit
2247 5468 2503 5540 prepitius
2535 5486 2547 5522 :
2581 5471 2857 5524 nocturnis
2883 5470 2972 5524 ille
3001 5471 3247 5539 precibus
3273 5475 3442 5545 magis
3473 5476 3722 5542 ﬂectitur,

2149 5577 2268 5617 cmn
2315 5559 2514 5629 requiei
2564 5571 2772 5628 tempus
2813 5561 2863 5614 in
2906 5562 3106 5616 luctum
3152 5565 3395 5620 verteris.
3425 5567 3725 5629 Recordare

2220 5747 2231 5774 ι
2275 5744 2408 5802 llaec,
2435 5756 2521 5793 cur
2549 5743 2711 5794 dicere
2724 5742 2880 5804 jubet,
2896 5741 3076 5792 desunt
3102 5744 3148 5792 in
3174 5743 3477 5808 quibusdam.
