4108 6172
333 248 443 303 203

334 367 620 420 verborum
644 361 783 433 regis
811 361 952 417 illius
983 378 996 414 :
1026 359 1275 414 Laboravi
1300 361 1350 414 in
1376 361 1563 431 gemitu
1586 375 1715 423 meo,
1747 356 1927 410 lavabo

342 474 430 527 per
455 454 681 526 singulas
700 464 866 507 noctes
889 451 1070 506 lectum
1096 470 1282 517 meum,
1309 451 1545 522 lacrymis
1564 451 1685 503 meis
1708 457 1923 501 stratum

340 564 507 600 meum
530 545 703 617 rigabo
722 543 895 615 (Psal.
927 543 1075 607 6.7).
1105 544 1452 611 Quantumvis
1480 540 1682 596 deliciis
1714 540 1919 605 alfluas,

336 657 441 694 non
470 639 636 707 magis
666 653 825 706 quam
856 636 975 700 ille;
1007 635 1347 705 quantumvis
1374 635 1448 687 sis
1489 634 1638 688 dives
1660 677 1674 697 ,
1719 650 1823 687 non
1862 648 1922 687 es

334 731 495 783 ditior
526 728 742 782 Davide.
775 727 1075 795 Itorumque
1100 728 1173 778 ait
1208 726 1297 779 ille
1326 744 1337 777 :
1367 724 1539 779 Media
1579 734 1725 777 nocte
1748 740 1920 794 surge-

338 825 450 874 bant
500 822 570 873 ad
616 820 956 887 conﬁtendum
997 820 1085 872 tibi
1126 836 1276 889 super
1309 819 1510 889 judicia
1559 818 1774 888 justitia:
1823 828 1923 871 tute

335 916 351 981 (
379 911 526 965 Psal.
561 911 683 966 ll8.
715 909 841 981 6‘2).
876 910 1025 964 Tunc
1058 925 1192 963 Vana
1222 910 1389 979 gloria
1423 927 1526 962 non
1558 920 1607 963 te
1642 910 1873 978 exagitat
1901 927 1915 965 :

326 1004 598 1073 quomodo
628 1014 808 1072 posset
829 1003 970 1056 enim
998 1004 1244 1057 omnibus
1275 1002 1684 1067 dormientibus,
1715 1017 1812 1055 nec
1834 1002 1913 1054 vi-

331 1096 623 1150 dentibus?
650 1095 797 1149 Tunc
825 1111 922 1148 nec
952 1095 1157 1163 ignavia
1184 1110 1283 1149 nec
1304 1095 1582 1149 oscitantia
1615 1094 1869 1148 invadunt
1900 1112 1915 1147 :

327 1188 597 1257 quomodo
627 1197 845 1257 possent
893 1188 1055 1249 enim,
1110 1204 1230 1241 cum
1276 1197 1352 1241 tot
1391 1197 1642 1257 tantaque
1682 1188 1913 1241 animam

337 1279 618 1333 excitent?
642 1279 766 1332 Post
796 1278 917 1332 talia
960 1278 1233 1347 pervigilia
1272 1294 1489 1333 somnus
1518 1280 1697 1333 suavis
1726 1287 1825 1340 est,
1860 1289 1915 1332 et

333 1369 692 1423 revelationes
739 1370 1030 1423 mirabiles.
1074 1370 1184 1423 Iloc
1228 1369 1310 1422 fac
1346 1378 1400 1423 et
1437 1379 1490 1423 lu
1532 1370 1632 1435 vir,
1666 1384 1770 1422 non
1799 1371 1913 1423 sola

330 1461 540 1515 mulier.
594 1460 919 1515 Sitccclesia
961 1460 1149 1513 domus
1178 1460 1306 1513 viris
1347 1471 1399 1514 et
1445 1460 1755 1514 mulieribus
1780 1476 1911 1514 con—

325 1563 493 1606 stans.
514 1551 592 1606 Ne
611 1552 731 1622 quia
763 1562 815 1605 tu
836 1551 981 1605 solus
1006 1552 1105 1613 vir,
1132 1553 1241 1620 ipsa
1273 1551 1385 1605 sola
1415 1551 1604 1604 mulier
1629 1561 1730 1612 est,
1760 1561 1913 1620 putes

326 1645 376 1697 id
401 1643 783 1712 impedimento
813 1657 953 1698 esse.
992 1641 1125 1695 Nam
1173 1644 1255 1695 ubi
1280 1643 1381 1694 duo
1411 1641 1596 1709 fuerint
1625 1643 1911 1712 congregati

324 1740 376 1790 in
424 1737 626 1789 nomine
670 1751 814 1797 meo,
866 1734 1069 1805 inquit,
1120 1734 1227 1787 illic
1281 1751 1391 1787 sum
1430 1734 1482 1786 in
1525 1734 1688 1786 medio
1740 1750 1912 1787 eorum

327 1828 555 1894 (Matth.
588 1827 675 1883 18.
726 1826 857 1897 20).
907 1826 1005 1881 Ubi
1048 1824 1293 1880 Christus
1324 1825 1559 1889 medius,
1607 1826 1679 1879 ibi
1717 1841 1907 1895 magna

329 1917 611 1973 multitudo
635 1928 716 1973 est
751 1937 764 1973 :
798 1917 883 1971 ubi
924 1917 1188 1982 Christus,
1232 1931 1454 1971 necesse
1488 1926 1568 1969 est
1604 1925 1659 1969 et
1690 1917 1908 1986 angelos

321 2024 440 2065 csse
463 2019 518 2065 et
544 2008 898 2080 archangelos
919 2018 974 2063 et
992 2008 1126 2061 alias
1147 2015 1459 2076 potestates.
1485 2005 1598 2059 Non
1628 2006 1787 2076 igitur
1806 2007 1905 2060 Soli

319 2102 450 2156 estis
478 2103 719 2156 omnium
756 2100 1014 2156 habentes
1046 2099 1348 2154 Dominum.
1385 2098 1593 2151 Rursus
1619 2096 1742 2150 audi
1784 2112 1908 2166 pro-

326 2192 541 2261 phetam
565 2193 833 2248 dicentem
861 2210 876 2246 2
908 2191 1092 2245 Melior
1126 2200 1200 2243 est
1229 2207 1357 2244 unus
1382 2191 1571 2261 faciens
1601 2190 1908 2243 uoluntatem

318 2284 527 2338 Domini
547 2325 561 2349 ,
593 2300 746 2353 quant
775 2283 914 2336 mille
939 2283 1133 2351 iniqui(
1161 2281 1320 2335 Eccli.
1346 2283 1433 2335 16.
1468 2281 1560 2351 5).
1586 2280 1725 2335 Nihil
1757 2282 1906 2335 inﬁr-

318 2375 457 2429 mius
492 2374 674 2429 multis
704 2374 920 2441 iniquis,
949 2373 1079 2426 nihil
1107 2371 1297 2426 fortius
1325 2387 1452 2439 uno,
1490 2374 1579 2441 qui
1610 2372 1903 2427 secundum

322 2466 419 2522 Dei
451 2467 621 2535 legem
650 2465 796 2519 vivit.
820 2464 874 2520 Si
910 2465 999 2519 tibi
1022 2465 1131 2519 sint
1156 2464 1304 2518 liberi
1323 2505 1339 2530 ,
1372 2464 1541 2518 excita
1574 2465 1727 2527 illos;
1755 2474 1807 2519 et
1834 2466 1904 2519 sit

315 2560 536 2615 omnino
566 2558 739 2613 noctis
766 2569 1009 2627 tempore
1042 2558 1232 2611 domus
1262 2557 1489 2611 ecclesia
1516 2574 1529 2609 :
1562 2557 1609 2610 si
1643 2573 1772 2611 vero
1797 2558 1905 2611 sint

316 2653 482 2709 teneri
502 2693 519 2718 ,
551 2666 649 2706 nec
666 2652 886 2722 vigilare
906 2651 1143 2719 possint,
1167 2664 1323 2703 unam
1344 2650 1634 2705 alterumve
1658 2650 1904 2704 emittant

315 2746 614 2799 orationem
659 2752 715 2798 et
749 2742 1048 2813 quiescant.
1090 2742 1316 2795 Tantum
1354 2756 1535 2809 surge,
1581 2752 1637 2796 ct
1678 2742 1803 2795 illud
1847 2742 1898 2795 in

310 2836 695 2893 consuetudine
712 2850 867 2905 pone.
883 2832 1139 2901 Nihilhoc
1153 2833 1519 2903 promptuario
1535 2833 1742 2897 melius,
1757 2834 1898 2903 qitod

314 2931 451 2985 tales
478 2942 666 2998 preces
692 2927 967 2995 suscipiet.
1000 2925 1141 2979 Audi
1164 2926 1476 2994 prophetam
1498 2926 1764 2980 dicentem
1792 2944 1806 2979 :
1838 2925 1901 2980 Si

309 3037 501 3076 memor
524 3020 601 3089 fui
628 3019 701 3072 tui
723 3035 877 3088 super
897 3026 1109 3071 stratum
1138 3033 1300 3069 meum
1322 3057 1337 3083 ,
1368 3019 1421 3069 in
1453 3018 1712 3069 matutinis
1734 3019 1899 3071 medi-

310 3115 455 3169 tabar
473 3115 527 3167 in
556 3122 602 3167 te
631 3112 806 3183 (Paul.
832 3111 921 3165 62.
953 3111 1043 3180 7).
1070 3112 1135 3163 At
1162 3110 1308 3165 dices
1335 3127 1348 3163 :
1383 3111 1484 3164 Per
1509 3110 1651 3164 diem
1674 3112 1896 3165 tnnltnm

313 3206 586 3271 laboravi,
617 3218 715 3259 nec
745 3217 982 3273 possum.
1014 3201 1137 3255 llaec
1167 3201 1415 3255 obtentus
1444 3210 1569 3254 sunt
1594 3211 1647 3253 et
1676 3202 1894 3255 cavilla-

312 3303 507 3355 tiones.
551 3296 906 3367 Quantumvis
936 3295 1079 3351 enim
1111 3293 1474 3359 laboraveris,
1508 3308 1612 3346 non
1640 3303 1893 3362 quantum

309 3394 459 3449 faber
487 3391 728 3455 mrarius,
766 3390 854 3458 qui
886 3398 993 3441 tam
1022 3400 1241 3457 gravem
1286 3384 1537 3439 malleum
1581 3385 1648 3439 ab
1688 3386 1794 3437 alto
1827 3385 1892 3440 ad

313 3501 479 3557 usque
502 3500 698 3554 prunas
715 3482 966 3545 demittit,
989 3492 1041 3533 et
1063 3478 1267 3532 fumum
1289 3485 1400 3531 toto
1419 3491 1644 3546 wrpore
1664 3477 1893 3547 excipit:

310 3590 366 3633 et
388 3590 565 3631 tamen
596 3574 880 3627 maximam
917 3571 1089 3625 noctis
1112 3576 1316 3638 partem
1342 3583 1401 3623 ea
1436 3569 1488 3621 in
1520 3571 1888 3624 reconsumit.

308 3669 490 3724 Nostis
527 3667 724 3729 etiam,
758 3664 1043 3728 mulieres,
1091 3661 1135 3715 si
1181 3660 1397 3730 quando
1435 3660 1591 3715 nobis
1618 3661 1669 3715 in
1707 3677 1889 3731 agrum

307 3761 607 3819 concedere
627 3773 761 3827 opus
783 3756 899 3822 fuit,
921 3764 1012 3810 aut
1037 3754 1103 3809 ad
1131 3753 1485 3823 pervigilium,
1508 3754 1775 3818 quoume
1797 3771 1892 3823 per

309 3866 473 3909 totam
519 3860 731 3906 noctem
778 3849 852 3903 illi
899 3846 1138 3917 vigilant.
1174 3845 1241 3900 Et
1283 3845 1377 3899 tibi
1409 3859 1538 3915 ergo
1567 3844 1778 3899 oflicina
1819 3849 1889 3902 sit

1033 244 1086 300 S.
1126 242 1401 300 JOANNIS
1438 241 1907 299 CHRYSOSTOMI
1949 240 2266 298 AllClllEP.
2300 241 2832 300 CONSTANTINOP.

2195 91 2217 119 ι.

3512 242 3617 299 ⁵2.θὸ

2036 356 2361 422 Spiritualis,
2411 374 2516 412 non
2566 366 2623 412 ut
2650 358 2789 411 ollas
2832 364 2887 412 et
2925 356 3150 422 lebetes,
3175 355 3269 411 scd
3303 363 3359 409 ut
3382 355 3615 412 animam

2035 456 2176 502 tuam
2210 466 2387 517 pares,
2416 465 2535 520 qua:
2565 458 2620 503 ct
2660 449 2855 503 :erario
2896 456 2951 503 et
2979 448 3199 503 auriﬁce
3226 448 3397 503 multo
3426 450 3619 505 melior

2031 548 2135 595 est.
2170 541 2417 594 Animam
2445 540 2679 609 peccatis
2702 541 3046 594 inveteratam
3078 540 3238 594 induc
3266 541 3320 594 in
3344 540 3614 596 ofﬁcinam

2027 631 2381 686 confessionis
2405 649 2418 684 :
2449 632 2701 686 malleum
2727 646 2755 683 a
2779 646 2988 684 summo
3009 630 3187 694 induc,
3213 630 3265 684 id
3287 641 3388 693 est,
3420 632 3615 686 verbo-

2028 738 2146 775 rum
2187 721 2583 777 damnationem
2615 739 2628 774 :
2663 722 2901 776 accende
2949 722 3125 791 ignem
3170 720 3422 791 Spiritus.
3452 723 3615 779 Multo

2030 814 2456 882 praestantiorem
2482 824 2651 868 artem
2686 814 2870 868 habes.
2896 814 3014 868 Non
3044 831 3205 869 aurea
3236 831 3363 868 vasa
3395 816 3615 871 concin-

2027 920 2152 968 nas;
2186 905 2278 958 sed
2307 920 2437 959 auro
2466 906 2615 959 omni
2651 905 3024 972 pretiosiorem
3049 907 3280 960 animam
3312 909 3451 961 sicut
3479 924 3614 962 arra-

2024 998 2137 1051 rius
2176 1005 2374 1052 tractas
2404 1014 2420 1051 :
2467 1013 2572 1051 non
2614 1014 2705 1052 vas
2734 1012 3052 1068 corporeum
3079 1015 3340 1068 apparas;
3372 1001 3465 1055 sed
3494 1003 3611 1055 ani-

2024 1106 2165 1143 mam
2205 1091 2272 1144 ab
2311 1090 2455 1145 omni
2496 1091 2739 1145 smculari
2780 1090 3053 1160 phantasia
3086 1091 3300 1148 liberas.
3333 1092 3488 1147 Adsit
3517 1094 3608 1148 tibi

2023 1181 2258 1248 lucerna,
2286 1199 2393 1237 non
2416 1184 2529 1237 haec
2550 1183 2768 1249 ardens,
2790 1184 2884 1237 sed
2911 1200 3069 1253 quam
3094 1196 3355 1239 memorat
3382 1186 3610 1255 prophe-

2023 1283 2113 1328 ta:
2144 1273 2373 1328 Lucerna
2411 1274 2622 1344 pedibus
2667 1276 2789 1327 meis
2832 1274 2913 1329 lea!
2950 1285 3040 1328 tua
3063 1277 3080 1345 (
3106 1274 3247 1329 Psal.
3286 1279 3409 1332 118.
3444 1278 3605 1348 105).

2023 1365 2272 1419 Accende
2312 1365 2643 1418 orationibus
2684 1365 2953 1418 animam:
2986 1364 3032 1419 si
3068 1367 3199 1419 satis
3228 1366 3373 1420 illaut
3406 1366 3603 1423 habere

2021 1457 2237 1521 videris,
2267 1456 2421 1522 educ,
2452 1456 2669 1511 eﬁ‘orma
2701 1457 2842 1511 illam
2878 1467 2934 1511 ut
2963 1459 3062 1513 vis.

2093 1549 2271 1602 Oratio
2299 1559 2483 1619 purgat
2510 1550 2790 1620 rubiginem
2815 1552 3416 1619 peccatorum—Crede
3437 1553 3568 1609 mihi
3585 1596 3600 1617 ,

2018 1656 2124 1694 nou
2152 1642 2228 1695 sic
2256 1642 2391 1709 ignis
2432 1642 2727 1710 rubiginem
2775 1652 2996 1711 purgat,
3047 1652 3103 1696 ut
3133 1652 3386 1698 nocturna
3433 1646 3605 1699 oratio

2020 1734 2317 1801 rubiginem
2361 1743 2699 1802 peccatorum
2748 1744 3075 1788 nostrorum.
3113 1735 3509 1802 Revereamur,
3555 1739 3599 1792 si

2018 1826 2288 1878 neminem
2318 1824 2483 1878 alium
2506 1866 2521 1889 ,
2564 1827 2754 1878 saltem
2793 1837 3088 1881 nocturnos
3122 1827 3390 1881 custodes.
3422 1828 3502 1883 Illi
3532 1830 3601 1882 ob

2018 1917 2304 1970 humanam
2340 1916 2511 1986 legem
2542 1918 2876 1971 circumeunt
2905 1918 2955 1970 in
2988 1917 3187 1988 frigore
3222 1920 3445 1973 multum
3488 1922 3598 1975 cla-

2015 2020 2242 2075 mantes,
2275 2020 2328 2063 et
2359 2011 2411 2063 in
2439 2011 2567 2064 vicis
2593 2010 2900 2079 gradientes
2921 2051 2937 2077 ,
2986 2025 3129 2081 sa-pe
3169 2012 3367 2065 madidi
3410 2013 3492 2065 vel
3520 2014 3596 2066 ri-

2018 2112 2204 2170 gentes
2224 2142 2239 2165 ,
2273 2101 2433 2170 idque
2463 2112 2681 2171 propter
2712 2112 2764 2156 te
2788 2111 3039 2171 tuamque
3064 2103 3322 2165 salutem.
3352 2119 3414 2158 ac
3439 2118 3598 2172 pecu-

2014 2193 2220 2246 ttiarutn
2260 2203 2468 2247 tuarum
2513 2193 2828 2248 custodiam.
2872 2193 2965 2248 Ille
3002 2196 3344 2263 pecuniarum
3385 2204 3597 2250 tuarum

2012 2295 2213 2338 tantam
2241 2301 2425 2339 curam
2445 2286 2617 2356 gerit;
2650 2295 2706 2339 tu
2728 2300 2859 2340 vero
2885 2301 2982 2339 nec
3004 2287 3231 2340 animant
3252 2296 3393 2340 tmm
3416 2302 3592 2341 curas.

2010 2376 2124 2431 Non
2159 2387 2209 2432 te
2237 2393 2400 2447 cogo,
2434 2386 2491 2431 ut
2517 2378 2619 2431 sub
2648 2377 2739 2431 dio
2763 2377 3061 2431 Circumeas
3082 2378 3221 2431 sicut
3262 2378 3384 2442 ille,
3420 2395 3595 2447 neque

2011 2481 2067 2524 ut
2096 2471 2261 2524 altum
2291 2472 2491 2525 clames
2516 2481 2572 2524 et
2606 2471 2960 2539 dirumparis;
2985 2470 3081 2525 sed
3114 2472 3169 2524 in
3198 2472 3313 2540 ipso
3340 2473 3595 2540 penuario

2012 2562 2092 2615 vel
2117 2561 2364 2616 cubiculo
2387 2561 2540 2616 flecte
2560 2576 2732 2631 genua
2751 2602 2767 2626 ,
2794 2575 3013 2630 precare
3030 2562 3332 2616 Dominum.
3352 2562 3461 2615 Cur
3482 2565 3595 2632 ipse

2006 2654 2252 2709 Christus
2280 2655 2612 2723 pernoctavit
2639 2655 2689 2707 in
2716 2654 2934 2709 monte?
2955 2668 3133 2708 annon
3153 2662 3211 2707 ut
3233 2654 3386 2707 nobis
3411 2668 3594 2708 exem-

2007 2748 2101 2817 plo
2119 2748 2301 2802 esset?
2328 2747 2474 2800 Tunc
2496 2746 2758 2816 respirant
2778 2745 3003 2815 planta»,
3030 2746 3079 2798 in
3105 2755 3261 2799 nocte
3286 2746 3443 2799 dico:
3469 2757 3593 2800 tunc

2006 2840 2181 2893 anima
2218 2840 2339 2909 plus
2378 2856 2536 2909 quam
2570 2839 2673 2891 illa:
2703 2853 2879 2892 rorem
2908 2838 3127 2907 excipit.
3156 2838 3285 2902 Quze
3314 2838 3364 2891 itt
3394 2839 3480 2892 die
3509 2839 3590 2893 sol

2004 2931 2242 2997 adussit,
2275 2947 2335 2986 ea
2368 2941 2531 2985 noctu
2573 2932 2973 2999 refrigerantur.
3002 2931 3169 3000 Magis
3194 2948 3351 2999 quam
3380 2947 3469 2986 ros
3497 2949 3593 2984 no-

2004 3037 2206 3079 cturna:
2230 3024 2480 3096 lacryma:
2499 3035 2682 3078 contra
2704 3024 3170 3092 concupiscentias
3192 3034 3246 3079 et
3267 3035 3447 3078 contra
3471 3042 3591 3078 out-

2005 3131 2128 3169 nem
2176 3116 2424 3169 ardorem
2472 3125 2766 3183 aestumque
2828 3114 3213 3178 demittuntur,
3262 3130 3365 3169 nec
3410 3117 3591 3169 sinunt

2003 3221 2167 3276 grave
2196 3206 2468 3275 quidpiam
2501 3206 2629 3275 pati.
2658 3206 2767 3259 Nisi
2790 3216 2967 3260 autem
2990 3220 3113 3260 rore
3138 3205 3227 3260 illo
3250 3207 3454 3259 fruatur
3473 3207 3589 3259 ani-

2004 3314 2122 3361 ma,
2160 3297 2387 3352 interdiu
2419 3298 2694 3352 adoretur.
2728 3295 2923 3350 Verum
2952 3297 3124 3361 absit,
3171 3306 3231 3350 ut
3260 3296 3453 3366 aliquis
3493 3314 3589 3353 ve-

2000 3400 2167 3443 strum
2197 3389 2264 3443 ab
2293 3389 2413 3458 igne
2437 3389 2525 3443 illo
2552 3398 2823 3442 exuratur.
2880 3387 2987 3443 Sed
3018 3389 3219 3442 utinam
3260 3402 3360 3443 nos
3400 3403 3587 3445 omnes

2001 3480 2297 3550 refrigerati
2324 3490 2379 3535 et
2401 3476 2574 3533 divina
2598 3480 2837 3534 fruentes
2856 3479 3163 3545 clementia,
3191 3498 3221 3532 a
3245 3491 3584 3548 peccatorum

1999 3576 2206 3629 sarcina
2238 3574 2527 3628 liberemur
2550 3613 2565 3637 ,
2612 3572 2778 3641 gratia
2811 3581 2867 3626 et
2897 3570 3221 3642 benignitate
3248 3571 3456 3626 Domini
3489 3588 3585 3626 no-

1999 3669 2095 3723 slri
2118 3667 2243 3722 Jesu
2267 3665 2465 3721 Christi
2488 3705 2504 3728 ,
2527 3664 2738 3734 quicum
2761 3662 2903 3717 Patri
2927 3671 2981 3717 ct
3007 3662 3225 3732 Spiritui
3248 3672 3435 3719 sancto
3462 3662 3581 3733 glo-

1998 3760 2107 3823 ria,
2134 3759 2414 3827 imperium
2437 3797 2452 3820 ,
2478 3756 2668 3819 honor,
2701 3768 2842 3808 nunc
2871 3762 2925 3809 et
2952 3768 3190 3824 semper,
3220 3763 3275 3809 et
3304 3754 3358 3807 itt
3385 3754 3579 3810 saecula

2000 3853 2338 3907 sa‘culormn.
2373 3853 2567 3906 Amen.

1653 4025 1993 4090 HOMILIA
2040 4029 2305 4089 XXVII.

303 4182 431 4236 CAP.
464 4179 549 4235 12.
583 4194 635 4229 v.
671 4176 755 4231 l8.
792 4172 951 4228 Facta
974 4181 1140 4226 autem
1177 4169 1290 4235 die,
1320 4178 1425 4224 erat
1460 4185 1560 4222 non
1592 4186 1747 4238 parra
1774 4180 1885 4222 tur-

377 4274 509 4327 butio
530 4272 660 4324 inter
679 4268 882 4333 milites,
900 4265 1141 4336 quidnam
1164 4266 1355 4334 factum
1374 4272 1499 4315 esset
1517 4261 1578 4313 de
1598 4259 1769 4315 Petro.
1799 4262 1883 4318 l9.

381 4365 607 4420 Herodes
632 4375 797 4417 autem
829 4377 942 4414 cum
970 4357 1255 4428 requisisset
1286 4372 1401 4408 eum
1424 4396 1440 4421 ,
1472 4364 1517 4407 et
1543 4371 1642 4407 non
1674 4356 1886 4409 invenis-

373 4469 445 4515 set
467 4501 483 4525 ,
508 4457 830 4529 inquisitione
859 4457 993 4523 facta
1019 4450 1082 4502 de
1108 4448 1419 4509 custodibus,
1442 4447 1595 4515 jussit
1619 4464 1700 4500 eos
1723 4448 1884 4501 abdu-

373 4553 420 4606 ci
450 4567 468 4604 :
496 4547 892 4614 descendensque
918 4542 979 4594 de
1001 4540 1188 4594 Judwa
1214 4537 1496 4592 Ctesareant
1516 4578 1532 4600 ,
1558 4536 1627 4590 ibi
1660 4555 1882 4590 commo-

377 4654 518 4697 ratus
540 4650 632 4693 88f.

380 4738 433 4791 1.
457 4732 603 4788 Multi
630 4727 774 4783 dubii
791 4733 1057 4796 qumrunt,
1077 4738 1173 4775 cur
1193 4720 1334 4776 Deus
1362 4720 1479 4775 illos
1496 4720 1625 4773 olim
1658 4720 1886 4778 infantes

306 4836 530 4899 propter
556 4838 614 4874 se
644 4820 854 4873 occisos
882 4814 1175 4885 neglexerit
1200 4814 1249 4878 ⁸,
1278 4822 1332 4866 ει
1361 4824 1490 4865 nunt
1532 4827 1743 4863 rursum
1781 4812 1851 4865 mi

306 4921 429 4974 lites
476 4924 691 4985 propter
731 4910 944 4964 Petrum
977 4903 1320 4966 interfectos,
1363 4902 1461 4955 etsi
1511 4901 1740 4970 potuerit
1768 4901 1886 4956 ilics

301 5026 423 5066 cum
454 5008 608 5061 l'etro
638 5015 872 5058 servare.
905 5000 1011 5053 Sed
1040 4997 1083 5049 si
1114 5011 1234 5050 cum
1269 4995 1427 5049 Petro
1458 4993 1651 5048 milites
1672 4993 1883 5049 eduxis-

304 5115 386 5159 εει
417 5100 668 5171 angelus,
711 5094 761 5149 id
795 5110 888 5163 pro
918 5092 1034 5158 fuga
1069 5088 1305 5143 habitum
1346 5088 1552 5142 fuisset.
1584 5086 1689 5141 Cur
1718 5103 1877 5156 ergo,

304 5196 549 5267 inquies,
586 5207 689 5244 non
731 5187 887 5240 aliter
930 5181 1231 5252 disposuit?
1277 5196 1397 5232 nam
1444 5179 1600 5249 quale
1629 5179 1880 5232 damnum

307 5302 447 5342 nunc
468 5286 660 5339 factum
678 5279 796 5336 est!
830 5278 881 5332 Si
907 5273 1306 5330 consideremus
1323 5287 1437 5338 cos,
1472 5270 1558 5341 qui
1596 5271 1787 5340 injuste
1830 5279 1885 5324 et

306 5394 397 5448 per
422 5375 568 5430 ncfas
594 5372 729 5443 passi
766 5377 909 5430 sunt,
943 5365 1071 5419 nihil
1097 5362 1276 5417 damni
1304 5362 1573 5432 accepisse
1594 5402 1609 5424 ,
1642 5377 1743 5414 tton
1770 5360 1884 5415 haec

302 5483 626 5540 quaaremus.
670 5465 779 5519 Cur
832 5463 972 5517 enim
1019 5474 1123 5513 non
1173 5458 1305 5511 dicis
1348 5456 1505 5510 etiam
1551 5455 1617 5509 de
1646 5453 1879 5520 Iacobo,

376 5625 387 5651 '
423 5623 615 5682 Quidam
657 5630 761 5672 Mss.
788 5622 857 5670 sic
880 5618 1153 5681 incipiunt:
1186 5616 1441 5682 Sttntforte
1463 5612 1546 5682 qui
1585 5611 1721 5682 dubii
1745 5621 1880 5673 (pta:-

313 5690 420 5736 rant
440 5677 523 5734 ὶυι·
549 5694 673 5736 Deus
711 5684 913 5735 athletas
927 5677 1119 5743 propter
1142 5692 1191 5729 se
1209 5678 1385 5728 occisos
1409 5677 1690 5738 neglexerit.

1998 4194 2163 4249 quare
2215 4177 2361 4230 illum
2412 4190 2517 4229 non
2566 4170 2799 4242 eripuit?
2846 4166 3095 4240 Alioquin
3143 4183 3271 4223 vero
3316 4184 3421 4222 non
3464 4178 3579 4223 erat

1996 4270 2172 4324 adhuc
2193 4268 2378 4338 judicii
2411 4276 2639 4336 tempus,
2664 4274 2719 4317 ttt
2749 4263 2971 4332 singulis
2998 4275 3094 4331 pro
3124 4260 3315 4314 merito
3337 4260 3573 4313 daretur.

1994 4360 2099 4415 Sed
2133 4375 2305 4430 neque
2342 4360 2531 4414 Petrus
2562 4357 2741 4426 injecit
2777 4356 2893 4409 illos
2935 4355 2985 4407 in
3020 4368 3208 4406 manus
3235 4352 3369 4420 ejus.
3407 4353 3575 4405 llero-

1994 4453 2089 4508 des
2114 4469 2243 4524 ergo
2273 4468 2417 4523 aegre
2468 4451 2704 4515 ferebat,
2747 4448 2884 4519 quod
2934 4445 3154 4500 delusus
3205 4453 3379 4509 esset,
3437 4445 3577 4498 sicut

1992 4563 2124 4601 avus
2150 4562 2279 4601 suus
2306 4546 2523 4601 delusus
2566 4542 2738 4597 fuerat
2764 4558 2790 4592 a
2818 4539 2987 4609 magis
3017 4556 3030 4591 :
3063 4537 3183 4591 hinc
3209 4536 3576 4590 dissecabatur

1992 4649 2047 4695 et
2083 4640 2214 4693 risoi
2254 4649 2371 4693 erat
2413 4637 2707 4706 expositus.
2742 4635 2782 4688 E
2816 4651 2872 4687 re
2897 4645 3077 4686 autem
3111 4630 3268 4685 fuerit
3296 4629 3573 4699 scriptoris

1991 4732 2175 4786 audire
2201 4730 2360 4785 verba
2387 4748 2403 4785 :
2434 4728 2595 4781 Facta
2621 4737 2788 4780 autent
2818 4726 2917 4787 die,
2952 4722 3140 4792 inquit,
3165 4731 3269 4773 erat
3296 4737 3393 4774 non
3418 4736 3574 4784 parva

1991 4825 2209 4878 turbatio
2237 4826 2365 4876 inter
2404 4821 2587 4874 milites
2607 4861 2621 4884 ,
2662 4816 2902 4881 quidnam
2933 4820 3119 4884 factum
3145 4822 3272 4866 esset
3301 4813 3363 4866 de
3390 4811 3569 4867 Petro.

1992 4917 2221 4972 Herodes
2250 4926 2418 4969 autem
2442 4929 2554 4966 cum
2577 4909 2860 4980 requisisset
2886 4925 2999 4961 eum
3018 4948 3034 4973 ,
3069 4916 3117 4960 et
3150 4922 3249 4958 non
3276 4904 3570 4967 invenisset,

1989 5010 2310 5081 inquisitione
2356 5007 2490 5075 facta
2539 5004 2602 5056 de
2652 5000 2959 5062 custodibus,
3013 4999 3168 5070 jussit
3216 5014 3299 5051 eos
3353 4995 3573 5053 abduci;

1990 5099 2198 5156 etiamsi
2230 5096 2626 5167 inquisitionem
2674 5093 2869 5146 faciens
2910 5091 3148 5145 audisset
3187 5089 3254 5141 ah
3281 5090 3359 5142 eis
3380 5127 3395 5151 ,
3429 5083 3571 5155 quod

1990 5196 2188 5251 relicta:
2218 5192 2439 5245 fuissent
2484 5198 2720 5252 calente,
2760 5184 2898 5255 quod
2925 5184 3133 5239 calceos
3164 5182 3489 5249 accepisset,
3516 5189 3573 5232 et

1989 5284 2130 5357 quod
2158 5298 2324 5352 uSque
2350 5280 2415 5335 ad
2450 5280 2594 5334 illam
2622 5287 2829 5332 noctem
2863 5292 3045 5331 secum
3077 5273 3282 5327 fuisset.
3311 5271 3414 5327 Sed
3444 5268 3570 5340 quid

1990 5374 2360 5433 occultarum?
2399 5389 2495 5427 cur
2540 5386 2644 5425 non
2692 5384 2820 5439 ergo
2862 5377 2917 5422 et
2956 5367 3059 5437 ipsi
3092 5364 3380 5435 fugerunt?
3419 5361 3569 5431 Atqui

1989 5468 2223 5539 Oportuit
2269 5467 2436 5536 ipsum
2482 5462 2582 5518 hoc
2618 5462 2798 5518 mirari
2828 5469 2880 5514 et
2906 5460 3308 5527 obstupescere.
3344 5456 3567 5509 Demum

1990 5580 2055 5618 ex
2087 5562 2296 5616 illorum
2326 5575 2452 5614 nece
2476 5556 2811 5612 manifestum
2838 5564 2919 5608 est
2940 5552 3187 5607 omnibus
3210 5560 3263 5606 et
3290 5549 3380 5603 Dei
3409 5547 3570 5601 mira-

1990 5657 2165 5712 culum
2191 5662 2239 5709 et
2274 5653 2413 5707 illius
2444 5650 2638 5706 scelus.
2669 5647 2775 5704 Sed
2798 5644 2939 5711 vide,
2965 5642 3237 5716 quomodo
3261 5643 3344 5697 hic
3371 5656 3431 5696 ea
3462 5654 3567 5693 nou
