4108 6172
372 402 479 457 205

377 514 554 584 λόγος.
587 512 816 584 Κάμύον
849 510 917 565 τὰ
954 510 1177 578 γόνατα,
1220 503 1492 568 στέναξον,
1535 503 1917 575 παρακάλεεόν
1945 520 2040 554 σου

375 603 468 657 τὸν
492 602 773 671 Δεσπότην
800 599 957 652 ἵλεων
1000 594 1256 665 γενέσθαι
1278 610 1291 624 ο
1322 591 1520 662 μᾶλλον
1544 591 1950 660 ὲπικάμπτεται
1985 591 2043 644 ἐν

378 690 718 759 νυκτεριναῖς
753 687 941 756 εὐχαῖς
964 725 982 748 ,
1025 685 1152 737 ὅταν
1182 680 1272 735 τὸν
1315 679 1506 749 καιρὸν
1536 679 1638 749 τῆς
1684 677 2044 740 ἀναπαύσεως

382 777 446 830 σὺ
495 776 706 848 θρήνων
745 776 872 843 ποιῇ
925 771 1137 842 καιρόν.
1201 766 1603 838 Ἀναμνήσθητι
1656 765 1752 819 τοῦ
1782 763 2045 835 βασιλέως

380 859 466 916 οἷα
497 864 719 934 ῥήματα
746 861 963 929 ἔλεγεν·
1006 856 1338 913 Ἑκοπίασα
1371 849 1536 921 ἐντῷ
1562 849 1877 922 στεναγμῷ
1901 870 2043 921 μου,

380 952 582 1004 λοὺσω
608 952 740 1003 καθ’
758 947 1028 1014 ἑκάστην
1062 945 1253 999 νύκτα
1290 942 1407 1010 τὴν
1426 940 1647 1008 κλίνην
1662 958 1806 1010 μου,
1843 940 1913 994 ὲν
1943 939 2048 993 δά-

381 1038 562 1104 κρυσί
588 1054 709 1106 μου
741 1035 857 1102 τὴν
892 1028 1215 1102 στρωμνήν
1246 1046 1365 1098 μου
1402 1026 1624 1095 βρέξω.
1674 1027 1840 1081 Ὅσον
1883 1026 1950 1081 ἂν
1982 1023 2049 1102 ᾗς

381 1123 672 1194 τρυφηλὸς,
732 1121 832 1175 οὐκ
881 1115 931 1173 εἷ
975 1116 1374 1190 τρυφηλότερος
1416 1114 1657 1167 ἐκείνου.
1721 1114 1844 1167 ὅσον
1876 1113 1942 1167 ἂν
1982 1110 2051 1186 ᾗς

382 1207 656 1270 πλούσιος.
684 1206 786 1258 οὐκ
820 1199 872 1257 εἷ
911 1198 1308 1270 πλουσιώτερος
1344 1195 1439 1251 τοῦ
1471 1196 1656 1251 Δαυίδ.
1701 1197 1810 1251 Καὶ
1837 1196 1999 1250 πάλιν
2022 1198 2052 1250 6

382 1292 545 1355 αὐτός
582 1307 716 1361 φησι
737 1305 751 1320 ·
803 1287 1215 1343 Μεσονύκτιον
1252 1283 1648 1354 ἐξηγειρόμην
1687 1280 1796 1336 τοῦ
1845 1280 2053 1351 ἐξομο·

382 1378 697 1449 λογεῖσθαι
727 1392 829 1431 σοι
851 1375 946 1430 ἐπὶ
976 1373 1047 1429 τὰ
1067 1375 1320 1444 κρίματα
1346 1370 1459 1439 τῆς
1488 1369 1880 1438 δικαιοσύνης
1909 1385 2048 1424 σου.

383 1468 519 1520 τότε
553 1466 613 1519 ού
636 1464 913 1531 κενοδοξία
936 1460 1286 1533 παρενοχλεῖ·
1314 1458 1431 1522 πῶς
1452 1458 1582 1527 γάρ,
1612 1457 1828 1511 πάντων
1852 1457 2050 1511 καθευ-

384 1555 584 1609 δόντων
629 1552 725 1606 καλ
751 1553 848 1621 οὐχ
891 1549 1177 1621 όρὼντωνς
1207 1547 1329 1601 τότε
1373 1545 1436 1600 οῦ
1468 1545 1711 1617 ῥᾳθυμία
1747 1545 1841 1599 καὶ
1867 1547 2053 1616 χάσμη

385 1639 721 1695 ἐπιτίθεται·
753 1638 871 1700 πῶς
896 1637 1003 1708 γὰρ
1032 1635 1136 1688 ὑπὸ
1166 1633 1436 1687 τοσούτων
1469 1632 1568 1701 τῆς
1605 1633 1781 1703 ψυχῆς
1802 1632 2058 1703 διεγειρο-

387 1728 558 1799 μένης
579 1743 594 1792 ;
619 1725 777 1781 Μετὰ
806 1725 905 1788 τὰς
931 1723 1186 1787 τοιαύτας
1220 1720 1546 1792 παννυχίδας
1573 1720 1667 1773 καὶ
1707 1719 1864 1773 ῦπνοι
1909 1719 2056 1790 ἡδεῖς

387 1816 479 1868 καὶ
511 1812 883 1882 ἀποκαλύψεις
926 1810 1255 1882 θαυμασταί.
1303 1809 1474 1863 Τοῦτο
1518 1807 1746 1879 ποίησον
1795 1806 1890 1860 καὶ
1924 1808 1989 1861 σὺ
2023 1809 2053 1862 6

388 1901 548 1974 ἀνὴρ,
588 1902 662 1973 μὴ
722 1901 855 1972 μόνη
896 1900 931 1971 ὴ
970 1899 1130 1970 γυνή.
1176 1898 1359 1951 Ἔστω
1409 1894 1673 1965 ἐκκλησία
1719 1895 1752 1967 ή
1800 1894 1948 1947 οἰκία
1996 1895 2055 1962 ἐξ

388 1988 597 2061 ἀνδρῶν
650 1989 744 2042 καὶ
789 1987 1063 2056 γυναικῶν
1113 1986 1500 2055 συνεστηκυῖα.
1548 1982 1640 2054 Μὴ
1694 1983 1802 2053 γάρ
1856 1983 1938 2036 ὅτι
1989 1984 2054 2036 σὺ

393 2076 550 2146 μόνος
577 2070 630 2128 εἴ
657 2075 686 2127 6
711 2074 871 2146 ἀνὴρ,
909 2073 1046 2144 μηδὲ
1081 2073 1163 2126 ὅτι
1193 2070 1332 2142 αὕτη
1358 2070 1494 2142 μόνη
1524 2070 1671 2123 ἐστὶν
1699 2071 1732 2141 ή
1765 2069 1904 2138 γυνὴ
1923 2109 1938 2133 ,
1968 2086 2056 2122 νο-

394 2163 556 2237 μίσῃς
584 2160 812 2231 κώλυμα
839 2157 999 2215 εἶναι.
1031 2161 1226 2213 ’Ὅπου
1260 2158 1370 2228 γάρ
1401 2158 1521 2211 εισι
1549 2156 1660 2210 δύο
1690 2159 1778 2223 είς
1818 2155 1884 2209 τὸ
1912 2156 2059 2225 ἐμὸν

391 2251 601 2320 ὄνομα,
638 2249 797 2320 φησὶ,
821 2246 1211 2318 συνηγμένοι,
1245 2245 1375 2300 ἐκεῖ
1406 2246 1522 2314 ειμι
1550 2243 1620 2298 ἐν
1644 2243 1816 2314 μέσῳ
1836 2242 2054 2298 αὐτῶν.

391 2338 565 2392 Ὅπου
615 2340 646 2393 6
695 2336 931 2410 Χριστὸς
982 2336 1176 2405 μέσος,
1223 2334 1357 2388 πολὺ
1391 2331 1599 2403 πλῆθός
1640 2333 1825 2385 ἐστιν·
1863 2331 1998 2385 ὅπου
2030 2332 2060 2385 6

390 2424 647 2497 Χριστὸς,
670 2425 884 2494 ἀνάγκη
914 2421 1004 2477 καὶ
1028 2420 1293 2491 ἀγγέλους
1313 2415 1473 2486 εἶναι,
1503 2419 1717 2490 ἀνάγκη
1741 2419 1836 2473 καὶ
1858 2418 2062 2489 ἀρχαγ-

390 2513 580 2580 γέλους
606 2514 701 2567 καὶ
729 2512 829 2576 τάς
856 2511 1018 2575 ἄλλας
1038 2510 1317 2582 δυνάμεις.
1346 2510 1461 2562 Οὐκ
1479 2509 1586 2580 άρα
1620 2508 1769 2578 μόνοι
1814 2507 1937 2562 ἐστὲ
1968 2505 2060 2559 τὸν

392 2601 611 2655 πάντων
631 2600 845 2672 ἔχοντες
872 2599 1169 2670 Δεσπότην.
1200 2597 1309 2651 Καὶ
1329 2597 1491 2651 πάλιν
1521 2597 1686 2650 ἄκουε
1718 2594 1809 2649 τοῦ
1845 2595 2058 2666 προφή-

390 2704 483 2743 του
504 2688 754 2758 λέγοντος
776 2704 789 2718 ·
818 2687 1129 2755 Κρείσσων
1150 2680 1236 2751 εἷς
1255 2682 1444 2739 ποιῶν
1475 2683 1541 2738 τὸ
1570 2681 1801 2752 θέλημα
1813 2682 2057 2750 Κυρίου,

392 2780 431 2849 ἣ
461 2780 661 2850 μυρίοι
688 2777 1038 2846 παράνομοι.
1080 2775 1244 2829 Οὐδὲν
1286 2773 1673 2843 ἀσθενέστερον
1711 2770 1922 2824 πολλῶν
1952 2787 2060 2823 πα·-

395 2869 666 2940 ρανόμων,
694 2865 847 2920 οὐδὲν
880 2863 1226 2935 ἰσχυρότερον
1250 2862 1367 2925 ἑνὸς
1403 2859 1546 2914 κατὰ
1574 2859 1736 2930 νόμον
1758 2856 1893 2910 Θεοῦ
1919 2856 2059 2921 ζῶν-

392 2974 504 3021 τος.
533 2956 603 3010 Et
628 2971 712 3008 σοι
754 2954 847 3007 καὶ
877 2951 1063 3005 παιδία
1091 2950 1231 3014 ἐστὶ,
1254 2948 1613 3016 διανάστησον
1644 2947 1738 3001 καὶ⁵
1760 2947 1826 2999 τά
1851 2944 2059 3009 παιδία,

393 3045 489 3098 καὶ
526 3041 766 3112 γενέσθω
791 3041 879 3094 διὰ
908 3041 1125 3093 πάντων
1148 3041 1183 3108 ή
1212 3037 1358 3090 οἰκία
1387 3035 1653 3106 ἐκκλησία
1691 3034 1779 3088 διὰ
1831 3035 1929 3105 τῆς
1966 3051 2060 3088 νυο

394 3132 540 3195 κτός·
566 3129 630 3183 ἂν
649 3129 707 3181 δὲ
737 3127 920 3181 άπαλά
948 3123 1005 3202 ᾖ,
1033 3127 1128 3179 καὶ
1160 3125 1235 3197 μὴ
1259 3125 1398 3196 φέρῃ
1425 3125 1525 3195 τὴν
1546 3122 1868 3193 ἀγρυπνίαν,
1900 3124 2063 3195 μέχρι

396 3220 529 3292 μιᾶς
558 3216 726 3288 εὐχῆς
760 3216 854 3271 καὶ
881 3214 1174 3286 δευτέρας,
1223 3214 1321 3268 καὶ
1369 3214 1747 3268 κατάπαυσον·
1784 3210 1943 3282 μόνον
1989 3212 2065 3264 δι-

393 3304 686 3377 ανάστηθι,
713 3304 876 3376 μόνον
904 3304 962 3357 έν
997 3300 1255 3373 συνηθείᾳ
1275 3301 1615 3371 κατάστησον
1645 3299 1858 3353 σαυτόν.
1900 3298 2066 3354 Οὐδὲν

392 3390 490 3447 τοῦ
517 3392 744 3464 ταμείου
777 3391 986 3463 βέλτιον
1017 3389 1227 3443 ἐκείνου
1272 3388 1365 3443 τοῦ
1409 3386 1660 3448 τοιαύτας
1690 3387 1858 3458 εύχάι,
1916 3385 2066 3457 δελοο

398 3481 581 3553 μένου.
608 3480 804 3534 ’Ἄκουε
826 3476 921 3531 τοῦ
952 3478 1230 3548 προφήτου
1259 3474 1505 3545 λέγοντος
1525 3490 1539 3504 ⁸
1566 3476 1635 3529 Εἰ
1654 3474 2067 3544 ἐμνιιιιόνευόν

394 3585 511 3624 σου
539 3566 638 3622 ἐπὶ
684 3565 793 3636 τῆς
813 3562 1130 3635 στρωμνῆς
1162 3581 1307 3633 μου,
1349 3563 1420 3616 ἐν
1441 3561 1565 3628 τοῖς
1594 3561 1826 3631 δρθροις
1860 3560 2066 3630 ἐμελέ-

397 3675 512 3712 των
535 3660 620 3723 είς
646 3656 738 3710 σέ.
781 3654 940 3708 Ἀλλὰ
959 3654 1236 3724 κέκμηκα,
1274 3650 1431 3723 φησι,
1465 3650 1584 3721 μεθ’
1615 3650 1830 3721 ήμέραν
1873 3648 2063 3713 πολλὰ,

398 3745 492 3797 καὶ
525 3745 586 3797 οὐ
618 3742 874 3813 δύναμαι.
910 3740 1117 3811 Σκῆψις
1155 3738 1330 3793 ταῦτα
1351 3738 1447 3791 καὶ
1482 3736 1758 3808 πρόφασις
1783 3753 1798 3768 ’
1829 3735 1931 3790 ὅσα
1955 3736 2066 3808 γάρ

397 3833 463 3885 ἂν
490 3833 694 3904 κάμῃς,
740 3831 801 3884 ού
851 3831 1105 3900 πονήσεις
1136 3828 1212 3892 ὡς
1248 3828 1277 3880 6
1309 3826 1652 3897 χαλκοτύπος
1675 3823 1889 3895 σφῦραν
1924 3823 2067 3877 οὕτω

400 3920 626 3991 βαρεῖαν
678 3918 1004 3990 καταφέρων
1057 3916 1165 3970 ἀπὺ
1215 3914 1411 3968 πολλοῦ
1460 3912 1553 3968 τοῦ
1600 3912 1766 3984 ὕψους
1814 3912 1910 3966 ἐπὶ
1940 3912 2068 3976 τοὺς

400 4007 726 4078 σπινθῆρας,
763 4007 857 4060 καὶ
895 4005 987 4060 τίον
1014 4003 1217 4059 καπνὸν
1241 4003 1348 4074 ὅλῳ
1382 4002 1670 4073 δεχόμενος
1697 3998 1775 4070 τῷ
1816 3999 2030 4071 σώματι
2049 4016 2064 4031 ο

399 4096 492 4147 καὶ
526 4096 676 4166 ὅμως
717 4093 780 4146 16
816 4093 978 4146 πλέον
1008 4092 1212 4154 ἐκεῖνος
1247 4091 1347 4163 τῆς
1384 4089 1576 4152 νυκτὸς
1607 4089 1687 4152 είς
1730 4086 1889 4140 τοῦτο
1937 4087 2068 4140 ἀνα-

397 4178 591 4233 λίσκει.
630 4180 773 4233 Ἰστε
805 4180 898 4232 καὶ
946 4180 1226 4247 γυναῖκες,
1265 4178 1447 4230 εἴποτε
1491 4177 1572 4239 είς
1608 4175 1777 4246 ἀγρὸν
1810 4174 1941 4244 ἡμῖν
1970 4173 2065 4240 γέ-

399 4285 556 4335 γονεν
586 4268 799 4337 ἀνάγκη
832 4266 1073 4337 βαδίσαι,
1098 4265 1131 4338 ἢ
1171 4267 1252 4328 είς
1278 4264 1576 4334 παννυχίδα
1613 4259 1917 4334 προελθεῖν,
1948 4258 2067 4321 πῶς

398 4355 465 4408 δι’
489 4355 616 4429 ὅλης
644 4355 743 4425 τῆς
776 4356 968 4418 νυκτὸς
991 4351 1347 4424 ἁγρυπνοῦσι.
1377 4351 1484 4405 Καί
1506 4367 1590 4405 σοι
1618 4350 1798 4405 τοίνυν
1817 4348 2068 4419 χαλκεῖον

1388 387 1458 444 IN
1494 385 1678 441 ACTA
1710 383 2246 442 APOSTOLORUM.
2283 384 2517 440 HOMIL.
2556 382 2767 439 XXV".

3696 375 3805 429 2οι

2144 503 2283 554 ξστω
2310 501 2694 571 πνευματικὸν,
2723 501 2822 571 οὐχ
2844 499 2987 553 ὥστε
3013 497 3215 569 χύτρας
3247 494 3368 549 οὐδὲ
3395 492 3648 563 λέϐητας,
3670 492 3805 544 ἀλλὰ

2142 588 2239 658 τὴν
2268 589 2446 659 ψυχὴν
2493 587 2906 641 κατασκευάσαι
2934 585 3036 656 τὴν
3073 585 3170 655 σὴν
3193 623 3207 645 ,
3252 582 3287 653 ἢ
3349 582 3443 636 καὶ
3465 579 3808 651 χαλκοτύπου

2144 676 2239 730 καὶ
2257 676 2552 747 χρυσοχόου
2583 675 2762 748 πολλῷ
2786 673 3037 745 βελτίων.
3073 672 3186 734 Τὴν
3213 670 3367 743 [2M]
3398 669 3632 723 παλαιάν
3661 683 3814 735 γενο-

2149 763 2315 834 μένην
2345 765 2459 824 τοῖς
2493 762 2888 833 ἁμαρτήμασιν
2926 759 3189 827 εἰσάγαγε
3237 759 3317 822 είς
3348 758 3409 811 τὸ
3447 755 3812 827 χωνευτήριον

2145 851 2243 919 τῆς
2273 849 2715 919 ὲξομολογήσεως
2742 865 2754 878 ·
2787 847 2887 919 τὴν
2931 846 3144 918 σφῦραν
3177 845 3506 914 κατένεγκαι
3543 844 3652 899 ἀπὸ
3685 841 3813 895 πολ-

2144 935 2238 988 λοῦ
2267 934 2359 989 τοῦ
2390 933 2558 1005 ὕψους
2576 951 2590 964 ο
2618 934 2885 997 τουτέστι,
2909 933 3018 988 τῶν
3040 932 3302 1005 ῥημάτων
3319 932 3417 1003 τὴν
3435 931 3810 1001 κατάγνωσινο

2145 1021 2349 1092 άναψον
2376 1022 2438 1075 τὸ
2470 1023 2580 1094 πῦρ
2623 1020 2718 1077 τοῦ
2766 1021 3105 1093 Πνεύματος.
3140 1018 3325 1091 Πολλῷ
3361 1018 3584 1091 μείζονα
3617 1018 3815 1089 τέχνην

2146 1108 2313 1181 ἔχεις.
2353 1109 2428 1163 Ού
2476 1111 2655 1181 χρυσᾶ
2707 1109 2877 1180 σκεύη
2938 1108 3243 1180 ῥυθμίζεις,
3282 1106 3420 1162 ἀλλά
3470 1108 3581 1177 τήν
3613 1108 3815 1169 παντὸς

2150 1197 2375 1268 χρυσίου
2437 1197 2774 1271 τιμιωτέραν
2839 1196 3052 1268 ψυχήν,
3093 1196 3350 1268 καθάπερ
3390 1196 3419 1249 6
3465 1194 3701 1265 χαλκεὺς
3754 1193 3816 1248 τὸ

2153 1282 2367 1348 σκεῦος.
2402 1286 2475 1337 Οὐ
2507 1284 2616 1355 γάρ
2643 1283 2955 1356 σωματικὸν
2993 1283 3188 1347 σκεῦος
3216 1282 3524 1356 ῥυθμίζεις,
3552 1281 3691 1336 ἀλλὰ
3718 1280 3817 1352 τὴν

2149 1371 2327 1441 ψυχὴν
2348 1371 2710 1433 ἀπαλλάττεις
2742 1372 2840 1442 τῆς
2876 1371 3179 1441 φαντασίας
3208 1370 3390 1442 πάσης
3408 1369 3507 1440 τῆς
3533 1368 3815 1439 βιωτικῆς.

2155 1458 2516 1530 Παρακείσθω
2546 1476 2627 1513 σοι
2648 1458 2860 1530 λύχνος,
2890 1459 2987 1531 οὐχ
3027 1454 3180 1525 οὗτος
3204 1462 3234 1515 ό
3256 1460 3573 1528 καιόμενος,
3607 1456 3722 1511 ἀλλ’
3758 1457 3818 1511 ὃν

2152 1549 2182 1601 6
2210 1549 2493 1620 προφήτης
2517 1547 2689 1617 λέγων
2718 1544 2829 1618 εἶχε
2855 1564 2869 1578 ι
2896 1550 3132 1617 Λύχνος
3153 1547 3261 1620 γάρ
3299 1547 3423 1614 τοῖς
3446 1547 3597 1600 ποσί
3621 1562 3741 1614 μου
3784 1548 3819 1598 ὁ

2153 1636 2339 1704 νόμος
2372 1649 2513 1690 σου.
2560 1634 2822 1707 Πύρωσον
2873 1635 2962 1690 διά
3006 1636 3105 1707 τῆς
3144 1636 3312 1706 εὐχῆς
3348 1640 3450 1706 τήν
3497 1633 3710 1704 ψυχήν·
3751 1630 3819 1685 ἃν

2156 1723 2272 1794 ἴδῃς
2300 1722 2500 1788 ἱκανῶς
2539 1722 2791 1795 ἔχουσαν,
2832 1721 3067 1792 ἐξάγαγε
3093 1764 3108 1789 ,
3139 1723 3391 1777 τύπωσον
3418 1723 3556 1794 πρὸς
3583 1722 3720 1793 ὅπερ
3754 1721 3821 1776 ἂν

2156 1810 2337 1885 θέλῃς.
2366 1811 2662 1865 Πίστευσον
2697 1828 2787 1883 μοι
2806 1851 2822 1876 ,
2852 1812 2951 1882 οὐχ
2979 1810 3123 1864 οὕτω
3156 1810 3218 1864 16
3255 1809 3365 1882 πῦρ
3386 1809 3477 1863 τὸν
3510 1809 3587 1863 ίὸν
3615 1812 3824 1863 ἀποκα-

2156 1899 2366 1971 θαίρειν
2385 1897 2599 1961 εἴωθεν,
2626 1897 2701 1961 ὡς
2725 1898 2860 1970 εὐχὴ
2881 1897 3170 1970 νυκτερινὴ
3214 1897 3306 1951 τὺν
3336 1899 3411 1953 ἱὸν
3437 1897 3544 1951 τῶν
3574 1899 3824 1969 ἁμαρτη-

2156 1988 2345 2056 μάτων
2384 1985 2495 2040 τῶν
2527 1986 2831 2057 ήμετέρων.
2878 1985 3255 2056 Αίδεσθῶμεν,
3299 1987 3348 2038 εἰ
3390 1986 3596 2057 μηδένα
3641 1986 3822 2052 ἄλλον,

2155 2077 2285 2141 τοὺς
2324 2075 2673 2147 νυκτερινοὺς
2702 2073 2972 2143 φύλακας.
3013 2075 3242 2129 Ἐκεῖνοι
3274 2074 3344 2127 δι’
3369 2073 3711 2146 ἀνθρώπινον
3735 2075 3824 2129 νό-

2160 2179 2261 2235 μον
2310 2163 2590 2237 περιῖασιν
2622 2165 2680 2216 ὲν
2718 2163 2918 2236 κρυμῷ
2949 2162 3182 2234 βοῶντες
3212 2163 3448 2234 μεγάλα,
3475 2164 3568 2216 καὶ
3596 2163 3686 2218 διὰ
3717 2165 3826 2218 τῶν

2159 2251 2449 2306 στενωπῶν
2476 2251 2805 2322 βαδίζοντες,
2826 2251 3144 2323 βρεχόμενοι
3178 2251 3458 2318 πολλάκις,
3482 2252 3790 2323 πεπηγότες
3807 2294 3823 2318 ,

2156 2338 2246 2394 διὰ
2271 2339 2329 2393 σὲ
2359 2339 2455 2392 καὶ
2483 2338 2586 2410 τὴν
2615 2339 2892 2412 σωτηρίαν
2917 2339 3018 2410 τὴν
3043 2338 3161 2412 σὴν,
3194 2341 3289 2392 και
3322 2338 3423 2411 τὴν
3450 2339 3560 2394 τῶν
3605 2340 3827 2411 χρημά-

2156 2443 2268 2481 των
2317 2426 2428 2481 τῶν
2461 2427 2570 2480 σῶν
2610 2427 2876 2498 φυλακήν.
2928 2426 3167 2491 Ἐκεῖνος
3194 2428 3337 2499 ὑπὲρ
3377 2427 3489 2481 τῶν
3529 2429 3826 2499 χρημάτων

2160 2532 2257 2568 σου
2280 2515 2552 2587 τοσαύτην
2599 2518 2833 2570 ποιεῖται
2882 2517 3172 2586 πρόνοιανο
3202 2517 3267 2568 σὺ
3313 2515 3371 2569 δὲ
3398 2516 3518 2569 οὐδὲ
3543 2517 3683 2587 ὑπὲρ
3727 2518 3825 2588 τῆς

2156 2601 2337 2674 ψυχῆς
2377 2603 2477 2673 τῆς
2517 2602 2638 2672 σῆς.
2682 2602 2793 2655 Καὶ
2820 2604 2931 2675 μὴν
2972 2602 3082 2670 ἐγὼ
3124 2602 3225 2655 οὐκ
3269 2604 3566 2672 ἀναγκάζω
3615 2604 3828 2675 αῖθριον

2161 2690 2433 2763 περιϊέναι
2453 2690 2707 2761 καθάπερ
2734 2692 2964 2754 ἐκεῖνος,
2992 2691 3114 2744 οὐδὲ
3152 2692 3363 2762 μεγάλα
3393 2693 3523 2764 βοᾷν
3552 2695 3646 2747 καὶ
3681 2694 3830 2764 διαρ-

2162 2777 2497 2850 ρήγνυσθαι·
2529 2777 2647 2831 ἀλλ’
2688 2778 2746 2831 ὲν
2786 2777 2938 2848 αὐτῷ
2971 2778 3049 2847 τῷ
3090 2778 3304 2849 ταμείῳ
3332 2778 3443 2844 ὢν,
3479 2781 3536 2832 ὲν
3570 2779 3719 2849 αὐτῷ
3750 2779 3829 2851 τῷ

2161 2864 2403 2931 κοιτῶνι,
2433 2863 2649 2936 κάμψον
2677 2864 2747 2919 τά
2766 2864 2987 2933 γόνατα,
3009 2865 3391 2934 παρακάλεσον
3416 2866 3507 2919 τὸν
3530 2867 3824 2938 Δεσπότην.

2160 2953 2261 3008 Διά
2285 2954 2340 3007 τί
2361 2954 2523 3018 αὐτὸς
2541 2954 2569 3008 6
2587 2953 2821 3026 Χριστὸς
2844 2953 3250 3024 διενυκτέρευεν
3270 2956 3328 3008 ὲν
3347 2954 3425 3028 τῷ
3450 2955 3599 3025 δρει;
3628 2957 3723 3027 οὐχ
3741 2960 3831 3015 ἵνα

2164 3042 2332 3105 τύπος
2357 3043 2493 3113 ήμῖν
2524 3041 2778 3113 γένηται;
2807 3041 2943 3095 Τότε
2972 3042 3203 3095 ἀναπνεῖ
3230 3042 3299 3096 τά
3316 3043 3476 3112 φυτά,
3510 3044 3646 3113 ἔνι-ᾗ
3676 3045 3831 3097 νυκτὶ

2163 3130 2339 3201 λέγω’
2369 3131 2495 3185 τότε
2540 3131 2637 3186 καὶ
2682 3129 2829 3202 ψυχὴ
2857 3129 3091 3202 μάλιστα
3134 3130 3336 3202 μᾶλλον
3379 3130 3605 3185 ἐκείνων
3640 3132 3830 3202 δρόσον

2162 3219 2398 3291 δέχεται.
2430 3218 2611 3291 ’Δπερ
2640 3220 2760 3290 μεθ’
2782 3219 2996 3292 ἡμέραν
3030 3221 3063 3273 6
3102 3219 3253 3291 ήλιος
3292 3220 3621 3286 κατέκαυσε,
3656 3221 3830 3275 ταῦτα

2163 3309 2222 3361 ὲν
2246 3310 2313 3379 τῇ
2337 3308 2493 3361 νυκτὶ
2519 3307 2912 3379 καταψύχεται.
2948 3308 3135 3378 Πάσης
3169 3308 3363 3379 δρόσου
3393 3308 3595 3378 μᾶλλον
3623 3310 3693 3362 τὰ
3732 3309 3832 3377 τῆς

2163 3397 2358 3459 νυκτὸς
2384 3395 2599 3467 δάκρυα
2626 3397 2723 3450 καὶ
2759 3394 2902 3450 κατά
2939 3395 3051 3448 τῶν
3079 3395 3385 3466 ἐπιθυμιῶν
3422 3397 3519 3450 καὶ
3547 3397 3684 3450 κατά
3728 3398 3834 3451 πά-

2165 3501 2266 3556 σης
2288 3484 2599 3557 φλεγμονῆς
2635 3485 2730 3539 καὶ
2770 3484 3050 3550 καύσωνος
3084 3485 3352 3551 καθίεται,
3380 3486 3476 3539 καὶ
3498 3486 3599 3539 οὐκ
3638 3487 3832 3558 ἀφίησι

2162 3572 2397 3642 χαλεπόν
2438 3590 2492 3625 τι
2534 3572 2750 3627 παθεῖν.
2788 3573 2886 3627 Ἂν
2932 3573 2987 3627 δὲ
3036 3573 3111 3645 μή
3161 3573 3262 3645 τῆς
3305 3573 3498 3646 δρόσου
3548 3574 3832 3649 ἀπολαύσῃ

2164 3660 2399 3731 ἐκείνης,
2431 3658 2551 3729 μεθ’
2573 3660 2787 3732 ἡμέραν
2810 3661 3305 3732 κατακαυθήσεται.
3346 3661 3504 3716 Ἀλλά
3527 3663 3601 3735 μὴ
3625 3663 3835 3734 γένοιτο

2168 3746 2368 3818 μηδένα
2402 3747 2557 3818 ὑμῶν
2595 3748 2930 3820 ὑπέκκαυμα
2958 3748 3052 3802 τοῦ
3098 3749 3273 3821 πυρὸς
3312 3750 3521 3804 ἐκείνου
3563 3751 3832 3821 γενέσθαι,

2164 3834 2301 3889 ἀλλά
2329 3835 2706 3905 ἀναψύξαντας
2726 3836 2821 3890 καὶ
2849 3837 2950 3908 τῆς
2973 3836 3127 3909 παρὰ
3146 3838 3240 3892 τοῦ
3264 3838 3403 3892 Θεοῦ
3426 3839 3835 3912 φιλανθρωπίας

2166 3924 2605 3987 ἀπολαύσαντας,
2645 3922 2790 3978 οὕτω
2827 3925 3035 3988 πάντας
3090 3927 3237 3997 ἡμᾶς
3275 3926 3711 3999 ὲλευθερωθῆναι
3740 3927 3835 3981 τοῦ

2167 4014 2389 4084 φορτίου
2442 4012 2554 4067 τῶν
2597 4013 3030 4084 ἁμαρτημάτων,
3076 4014 3259 4087 χάριτι
3307 4015 3402 4070 καὶ
3454 4015 3836 4087 φιλανθρωπίᾳ

2164 4101 2261 4156 τοῦ
2290 4101 2495 4172 Κυρίου
2517 4101 2680 4172 ἡμῶν
2711 4100 2886 4172 Ἰησοῦ
2906 4102 3166 4173 Χριστοῦ,
3193 4103 3315 4173 μεθ’
3340 4095 3401 4156 οῦ
3428 4102 3506 4173 τῷ
3527 4104 3701 4175 Πατρὶ
3721 4104 3837 4172 ἅμα

2164 4188 2245 4260 τῷ
2297 4188 2439 4260 άγίιρ
2473 4188 2752 4257 Πνεύματι
2798 4187 2945 4253 δόξαν,
2999 4189 3221 4258 κράτος,
3269 4189 3427 4261 τιμὴ,
3457 4188 3552 4242 νῦν
3599 4191 3695 4244 καὶ
3725 4190 3833 4255 ἀεὶ,

2168 4278 2262 4331 καὶ
2285 4278 2364 4341 είς
2391 4278 2519 4340 τοὺς
2544 4276 2747 4339 αἰῶνας
2771 4273 2883 4327 τῶν
2913 4274 3144 4329 αἰώνων.
3190 4274 3385 4346 Ἀμήν.

1938 4535 2178 4590 ΟΜΙΛΙΑ
2217 4535 2345 4590 ΚΖ¹.

400 4635 740 4705 Γενομένης
758 4634 825 4689 δὲ
846 4636 1088 4705 ἡμέρας,
1108 4628 1188 4703 ἦν
1208 4629 1467 4705 τάραχος
1487 4631 1599 4705 of»:
1620 4628 1824 4705 ὀλίγος
1942 4627 2068 4705 τοῖς

473 4697 969 4788 στλκριτιῷταιςῖτὶ
990 4697 1104 4788 ᾆρα
1130 4697 1163 4757 ὅ
1180 4697 1412 4788 μέτροις
1432 4698 1687 4788 εγενετο.
1715 4697 1975 4786 Ἡρώδης
1997 4697 2067 4786 δὲ

472 4767 847 4864 έὲῖῖθιτήσαέ
861 4767 1065 4864 fw???’
1080 4767 1536 4864 ἕαξιέθέέἓξέῖο
1553 4770 1906 4864 ,ἀῗῖῗίίρίῖίίῖ
1922 4767 2067 4864 ξξξΐῖἰ

474 4836 755 4926 ςςύᾼακέις
778 4836 825 4926 ,ς
855 4836 1154 4926 ἐκέλευεν·
1180 4836 1525 4926 ἀπαχθῆναι
1550 4855 1568 4925 ς
1618 4836 1733 4892 καί
1764 4836 2070 4926 ξαΙτελςὼν

473 4908 591 4971 άπὸ
624 4908 745 4986 τῆς(
778 4917 1069 4980 ἰουδαίας
1102 4916 1191 4980 είς
1231 4908 1346 4981 τὴν
1371 4908 1733 4977 Καισάρειαν
1761 4908 2033 4977 διέτριϐε.

473 5017 545 5072 α’.
560 5016 756 5071 Πολλοὶ
776 5013 1098 5084 διαποροῦσι
1119 5014 1236 5077 πῶς
1264 5011 1535 5084 περιεῖδεν
1561 5011 1591 5063 6
1609 5009 1741 5072 Θεὸς
1754 5008 1877 5062 τότε
1893 5006 1959 5060 δι’
1978 5007 2074 5058 αύ-

404 5099 494 5153 τὸν
509 5100 636 5162 τοὺς
652 5098 848 5161 παῖδας
867 5095 1288 5165 ἀναιρουμένους
1301 5104 1343 5157 ⁸,
1362 5095 1455 5148 καὶ
1466 5092 1560 5146 νῦν
1583 5091 1746 5146 πάλιν
1759 5091 1886 5153 τοὺς
1903 5104 2071 5159 στρα-

404 5185 603 5250 τιώτας
630 5186 720 5240 διὰ
747 5186 839 5239 τὸν
869 5184 1071 5254 Πέτρον
1106 5181 1258 5254 [215]
1293 5182 1469 5235 καίτοι
1495 5197 1561 5249 γε
1601 5177 1826 5234 δυνατὸν
1838 5173 1905 5248 ἦν
1924 5172 2073 5244 αύτῴ

410 5275 546 5346 μετά
567 5273 661 5327 τοῦ
691 5275 899 5344 Πέτρου
928 5270 1213 5330 κάκείνους
1244 5268 1547 5333 ἐξελέσθαι.
1592 5267 1732 5320 Ἀλλ’
1765 5267 1814 5318 εἰ
1832 5265 1927 5319 καὶ
1946 5268 2073 5325 τοὺς

410 5361 744 5433 στρατιώτας
773 5361 1041 5430 ἐξήγαγεν
1068 5359 1098 5410 6
1127 5355 1353 5424 ἄγγελος
1387 5355 1524 5425 μετά
1551 5354 1646 5407 τοῦ
1671 5353 1878 5423 Πέτρου
1899 5392 1914 5416 ,
1957 5354 2077 5405 ὲνο-

413 5449 577 5518 μίσθη
619 5448 688 5504 ἂν
719 5448 904 5518 φυγῆς
938 5443 1080 5500 εἶναι
1124 5444 1188 5497 τὸ
1232 5445 1484 5514 πρᾶγμα.
1521 5442 1586 5495 Τί
1620 5439 1713 5496 οὖν
1742 5442 1841 5512 οὐχ
1873 5440 2076 5511 ἑτέρως

409 5535 746 5607 ᾠκονόμησε,
779 5534 1083 5605 φησί;ποία
1112 5532 1220 5602 γὰρ
1248 5530 1419 5601 βλάϐη
1449 5530 1639 5598 γέγονε
1662 5530 1790 5594 νῦν;
1825 5527 1923 5583 Ἂν
1957 5527 2077 5579 ἴδω-

416 5638 531 5690 μεν,
565 5625 647 5678 ὅτι
672 5624 725 5676 οί
749 5623 949 5685 ἀδίκως
973 5639 1026 5675 τι
1053 5620 1316 5683 παθόντες
1340 5621 1436 5673 καὶ
1461 5619 1647 5681 κακῶς
1669 5617 1822 5670 οὐδὲν
1846 5615 2079 5685 ἐϐλάϐη-

416 5723 531 5775 σαν,
579 5712 644 5764 ού
696 5711 1004 5781 ζητήσομεν
1047 5710 1239 5763 ταῦτα.
1294 5707 1393 5761 Διά
1438 5706 1492 5758 τί
1525 5705 1635 5775 γὰρ
1667 5704 1742 5775 μὴ
1778 5704 1956 5771 λέγεις
1984 5702 2078 5756 καὶ

414 5798 539 5867 περὶ
572 5795 851 5860 Ἰακώϐου,
875 5797 963 5851 διὰ
989 5796 1041 5850 τί
1060 5796 1223 5850 αὑτὸν
1248 5796 1350 5849 ούκ
1376 5792 1610 5867 ἐξείλετο
1632 5807 1646 5854 ;
1672 5789 1879 5852 Ἄλλως
1904 5788 1960 5841 δὲ
1981 5788 2081 5842 οὐκ

418 5960 439 5973 ἢ
477 5902 502 5930 ³
675 5915 791 5973 ωδε.
904 5900 1150 5973 ῇηοῆρὶυιιι
1173 5900 1355 5973 ξδἸσως
1376 5901 1493 5957 τινὲς
1526 5896 1761 5961 ἀποροῦσι
1787 5897 1886 5951 πῶς
1908 5894 2081 5959 1:39:27..-

411 5963 496 6012 ὅτι
513 5966 538 6011 6
557 5964 684 6021 θεὸς
703 5963 815 6020 τοὺς
846 5965 1046 6022 ἀθλητάς
1076 5965 1438 6026 ἀπολλυμένους.

2173 4625 2242 4701 ἦν
2275 4628 2489 4685 οὐδέπω
2520 4630 2621 4702 τῆς
2649 4632 2885 4702 κρίσεως
2923 4634 2953 4686 6
2992 4631 3185 4704 καιρὸς
3212 4671 3225 4693 ,
3260 4629 3400 4685 ὥστε
3435 4631 3498 4685 τὸ
3539 4632 3661 4686 κατ’
3685 4632 3840 4698 ἀξίαν

2171 4718 2468 4788 ἀπονεῖμαι
2493 4718 2729 4791 ἑκάστῳ.
2774 4721 2915 4774 Ἀλλ’
2951 4721 3071 4776 οὐδὲ
3099 4717 3382 4773 ἐνέϐαλλεν
3407 4719 3604 4782 αὐτοὺς
3630 4721 3711 4783 εἰς
3740 4720 3838 4782 τὰς

2170 4808 2361 4878 χεῖρας
2413 4808 2582 4861 αὐτοῦ
2634 4810 2860 4881 Πέτρος.
2919 4810 3136 4865 Μᾶλλον
3190 4806 3283 4861 οὖν
3336 4808 3498 4862 αὐτὸν
3538 4807 3726 4867 ἐλύπει
3777 4811 3839 4862 τὸ

2172 4894 2560 4966 ἐμπαιχθῆναῖ,
2587 4896 2777 4967 ὥσπερ
2806 4899 2898 4952 τὸν
2928 4899 3155 4951 πάππον
3189 4895 3358 4949 αὑτοῦ
3388 4896 3494 4950 ὑπὸ
3513 4896 3623 4954 τῶν
3650 4895 3838 4967 μάγων

2170 4982 2542 5051 ἀπατηθέντα,
2583 4984 2784 5054 μᾶλλον
2813 4986 2986 5038 ὲποίει
3028 4984 3376 5054 διαπρίεσθαι
3418 4983 3510 5036 καὶ
3540 4984 3841 5050 καταγέλα-

2173 5084 2298 5121 στον
2336 5064 2503 5123 εἶναι.
2538 5071 2717 5124 Καλὸν
2748 5070 2806 5124 δὲ
2831 5072 2929 5125 καὶ
2966 5071 3145 5124 αὐτῶν
3182 5070 3290 5125 τῶν
3320 5069 3581 5141 ῥημάτων
3610 5070 3840 5123 ἀκοῦσαι

2172 5155 2266 5209 τοῦ
2289 5158 2671 5228 συγγραφέως.
2694 5159 3058 5231 Γενομένης,
3089 5160 3273 5230 φησὶν,
3304 5157 3545 5234 ἡμέρας,
3567 5153 3646 5228 ἦν
3666 5156 3840 5225 τάραο

2176 5259 2284 5317 χος
2311 5246 2422 5298 οὐκ
2447 5245 2648 5314 ὀλίγος
2668 5246 2737 5299 ἐν
2757 5245 2873 5312 τοῖς
2905 5245 3312 5314 στρατιώταις,
3345 5246 3403 5298 τί
3429 5244 3541 5313 ἄρα
3563 5248 3594 5298 ὀ
3625 5242 3841 5313 Πέτρος

2173 5330 2432 5401 ἐγένετο.
2474 5331 2740 5401 Ἡρώδης
2759 5333 2827 5386 δὲ
2850 5332 3214 5401 ἐπιζητήσας
3251 5334 3471 5397 αὐτὸν,
3506 5330 3605 5386 καὶ
3624 5331 3709 5401 μὴ
3743 5334 3840 5385 εὑ-

2166 5416 2315 5487 ρὼν,
2338 5418 2666 5487 ἀνακρίνας
2699 5420 2840 5485 τοὺς
2866 5422 3144 5490 φύλακας
3168 5461 3195 5485 ,,
3213 5417 3543 5474 ἐκέλευσεν
3567 5418 3838 5488 ἀπαχθῆ-

2175 5523 2295 5561 ναι.
2331 5506 2523 5560 Καίτοι
2556 5507 2755 5577 ἧκουσε
2779 5509 2908 5579 παρ’
2932 5508 3112 5562 αὐτῶν
3139 5508 3414 5577 (ἀνέκρινε
3445 5505 3596 5578 γάρ),
3630 5506 3726 5561 καὶ
3758 5507 3841 5560 ὅτι

2176 5596 2234 5649 αἱ
2262 5593 2483 5657 ἁλύσεις
2510 5594 2810 5665 ἀφέθησαν,
2842 5599 2934 5647 καὶ
2956 5595 3037 5647 ὅτι
3058 5596 3127 5647 τὰ
3146 5593 3403 5647 σανδάλια
3432 5593 3614 5656 ἔλαϐε,
3640 5591 3734 5645 καὶ
3759 5592 3843 5648 ὅτι

2182 5683 2344 5754 μέχρι
2371 5682 2472 5751 τῆς
2499 5682 2689 5746 νυκτὸς
2717 5682 2931 5752 ἐκείνης
2964 5681 3079 5751 μετ’
3106 5679 3285 5738 αὐτῶν
3315 5676 3400 5753 ἦν.
3446 5678 3607 5736 Ἀλλά
3635 5681 3688 5733 τί
3716 5696 3843 5734 συν-

2180 5768 2463 5841 ἐκρυψανς,
2498 5768 2585 5822 διὰ
2612 5767 2665 5821 τί
2702 5764 2795 5821 οὖν
2846 5767 2919 5839 μὴ
2961 5768 3054 5820 καὶ
3098 5767 3250 5821 αὐτοὶ
3306 5768 3538 5839 ἓφυγον;
3589 5760 3702 5821 Καί
3737 5766 3844 5837 μὴν

2182 5857 2346 5911 αὐτὸν
2372 5856 2478 5911 ἔδει
2510 5855 2810 5927 θαυμάσαι,
2839 5854 2946 5908 ἔδει
2978 5854 3398 5926 καταπλαγῆναι
3431 5855 3605 5909 τοῦτο.
3634 5852 3837 5908 Λοιπὸν

2187 5945 2416 6018 φανερὸν
2446 5946 2655 6015 γίνεται
2683 5945 2816 5999 πᾶσι
2841 5944 2928 5999 διὰ
2958 5943 3048 5999 τοῦ
3090 5942 3319 5998 θανάτου
3358 5943 3583 6009 τούτων,
3622 5940 3713 5996 καὶ
3748 5936 3842 5991 τοῦ
