4104 6148
117 6016 177 6052 Κ

296 354 402 409 205
1173 343 1232 398 S.
1270 339 1554 398 JOANNIS
1589 331 2077 394 CIIRYSOSTOMI
2110 329 2431 387 ARCHIEP.
2471 322 3017 386 CONSTANTINOP.
3147 334 3154 351 '
3614 321 3719 376 206

294 470 432 524 Θεοῦ
471 468 533 522 τὸ
567 466 753 536 θαῦμα
789 466 824 536 ἦ
860 480 920 517 τε
967 461 1176 517 ἐκείνου
1222 461 1391 516 κακία
1441 457 1759 529 κατάδηλος.
1820 452 1957 507 ’Δλλ’

295 560 432 630 δρα.
473 554 589 618 πῶς
631 549 784 616 οὗτος
823 550 997 607 ταῦτα
1025 550 1086 604 ού
1116 550 1371 622 κρύπτει,
1398 547 1649 602 ἀλλὰκαὶ
1683 544 1957 630 μέμνηται
1993 551 2007 580 η·

301 627 540 714 ἱστορίας
560 640 701 694 ὥστε
729 638 935 706 διδάξαι
962 639 1133 709 ἡμᾶς.
1162 632 1297 691 Εἶτά
1324 652 1457 705 φησι
1482 649 1496 664 ·
1518 632 1628 688 Καὶ
1652 627 1957 683 κατελθὼν

302 733 422 787 άπὸ
465 728 577 797 τῆς
625 726 911 793 Ἰουδαίας
953 728 1041 791 είς
1082 723 1201 791 τὴν
1240 723 1605 792 Καισάρειαν
1651 716 1954 785 διέτριϐεν.

296 815 416 875 Ἦν
440 818 497 871 δὲ
528 819 556 870 ό
600 814 845 886 Ἡρώδης
866 811 1227 882 θυμομαχῶν
1260 810 1486 879 Τυρίοις
1511 806 1611 862 καὶ
1634 807 1959 869 Σιδωνίοιςο

298 902 678 974 όμοθυμαδόν
700 918 764 955 τε
794 900 1081 969 παρῆσαν
1106 898 1259 967 πρὸς
1289 895 1495 957 αὐτὸν,
1521 894 1617 948 καὶ
1641 893 1963 955 πείσαντες

299 990 582 1046 Βλάστον
603 988 709 1042 τὸν
726 987 825 1041 ἐπὶ
847 985 953 1040 τοῦ
979 984 1261 1049 κοιτῶνος
1276 983 1384 1037 τοῦ
1407 980 1734 1047 βασιλέως,
1760 979 1967 1048 ᾐτοῦν-

300 1096 366 1133 το
401 1076 670 1145 εὶρήνην,
708 1075 807 1129 διὰ
836 1073 903 1127 τό
941 1072 1361 1141 διατρέφεσθαι
1395 1067 1595 1124 αὐτῶν
1618 1066 1735 1136 τὴν
1769 1066 1968 1135 χώραν

298 1165 419 1220 ἀπὸ
447 1162 555 1229 τῆς
578 1159 934 1227 βασιλικῆς.
971 1157 1162 1226 Τακτῇ
1189 1157 1256 1211 δὲ
1292 1157 1482 1228 ἡμέρᾳ
1505 1160 1537 1211 ό
1576 1154 1837 1223 Ἡρώδης
1869 1153 1967 1205 έν-

300 1252 644 1321 δυσάμενος
668 1248 894 1315 ἐσθῆτα
912 1246 1269 1315 βασιλικὴν,
1303 1245 1402 1299 καὶ
1431 1245 1682 1308 καθίσας
1722 1241 1821 1295 ἐπὶ
1857 1241 1965 1295 τοῦ

294 1338 572 1408 ,ϐήματος
598 1337 951 1405 ἐδημηγόρει
980 1335 1131 1401 πρὸς
1169 1333 1391 1397 αὐτούς
1412 1346 1426 1361 ’
1462 1334 1495 1385 ό
1524 1330 1592 1383 δὲ
1618 1329 1809 1398 δῆμος
1828 1329 1965 1381 ἐπε-

302 1426 485 1497 φώνει
509 1442 522 1455 ο
552 1424 699 1479 Θεοῦ
729 1422 897 1492 φωνὴ
940 1422 1037 1474 καὶ
1065 1422 1176 1474 οὐκ
1223 1416 1561 1486 ἀνθρώπου.
1597 1413 1967 1485 Παραχρῆμα

299 1515 370 1569 δὲ
400 1514 590 1589 αὑτὸν
616 1511 915 1576 ἐπάταξεν
967 1508 1219 1579 ἅγγελος
1264 1507 1518 1575 Κιιοίου,
1569 1506 1696 1559 ἀνθ’
1730 1497 1817 1557 ὧν
1852 1505 1965 1555 οὐκ

300 1604 486 1657 ἔδωκε
516 1602 707 1666 δόξαν
734 1598 814 1664 τῷ
848 1595 968 1663 Θεῷ
997 1615 1011 1627 ·
1059 1596 1158 1650 καὶ
1187 1597 1510 1665 γενόμενος
1543 1592 1967 1659 σκωληκόϐρω-

303 1707 405 1756 τος
441 1688 761 1756 ἐξέψυξεν.
794 1687 847 1740 '0
890 1685 959 1739 δέ
1006 1685 1189 1752 λόγος
1238 1682 1344 1736 τοῦ
1392 1680 1541 1736 Θεοῦ
1590 1679 1817 1747 ηὔξανε
1867 1677 1963 1730 καὶ

302 1778 699 1843 ἐπληθύνετο.
736 1776 810 1828 Οὐ
846 1772 1040 1845 μικρὸν
1069 1771 1191 1825 οὐδὲ
1231 1769 1390 1823 τοῦτό
1420 1772 1587 1821 ἐστιν.
1638 1765 1853 1828 Εὐθέως
1880 1767 1912 1834 ἡ
1940 1778 1965 1805 ιι

303 1863 428 1934 δίκη
460 1862 757 1917 κατέλαϐεν
784 1859 945 1914 αὑτὸν
971 1900 987 1922 ,
1021 1860 1069 1912 εἰ
1100 1859 1194 1912 καὶ
1223 1856 1296 1928 μὴ
1320 1856 1405 1909 διά
1434 1856 1638 1926 Πέτρον
1659 1893 1673 1917 ,
1717 1853 1853 1907 ἀλλὰ
1882 1852 1968 1906 διά

304 1951 404 2020 τὴν
434 1949 600 2005 αὐτοῦ
634 1947 1061 2020 μεγαληγορίαν.
1098 1945 1209 1998 Καὶ
1243 1945 1350 2015 μὴν
1391 1944 1441 1996 εί
1481 1943 1713 2006 ἐκεῖνοι,
1759 1940 1923 2010 φησὶν
1950 1980 1966 2004 ,

304 2041 539 2110 ἐϐόησαν
558 2078 574 2103 ,
603 2041 656 2093 τί
690 2040 826 2108 πρὸς
843 2038 1061 2102 τοῦτον;
1104 2037 1227 2089 Ὅτι
1261 2031 1584 2098 κατεδέξατο
1615 2031 1711 2101 τὴν
1739 2029 1923 2099 φωνὴν
1951 2070 1965 2093 ,

304 2132 387 2184 ὅτι
410 2129 559 2193 ἀξιον
584 2127 780 2181 ἑαυτὸν
813 2125 1064 2194 ἐνόμισεν
1095 2119 1232 2177 εἶναι
1260 2121 1361 2191 τῆς
1385 2117 1697 2182 κολακείας.
1722 2117 1820 2170 Διά
1843 2116 1967 2170 τού-

306 2232 402 2268 του
430 2216 626 2268 ὲκεῖνοι
668 2212 905 2283 μάλιστα
946 2210 1288 2264 παιδεύονται
1323 2209 1374 2262 οί
1409 2204 1795 2267 κολακεύοντες
1823 2205 1967 2274 εἰκῇ.

308 2295 452 2374 Ὅρα
501 2301 666 2354 πάλιν
706 2299 1053 2369 ἀμφοτέρους
1102 2296 1199 2368 μὲν
1243 2295 1405 2357 ὄντας
1454 2292 1640 2357 ἀξίους
1680 2291 1970 2362 τιμωρίας,

307 2391 497 2446 τοῦτον
531 2389 589 2444 δὲ
634 2386 1015 2457 κολαζόμενον.
1066 2387 1140 2439 Ού
1171 2386 1280 2454 γάρ
1306 2387 1422 2437 ἐστι
1451 2382 1545 2436 νῦν
1564 2382 1663 2452 τῆς
1683 2383 1916 2451 κρίσεως
1943 2381 1973 2432 ό

296 2476 520 2547 καιρὸς,
554 2475 691 2530 ἀλλά
716 2474 808 2528 τὸν
844 2473 1074 2545 μάλιστα
1107 2471 1440 2534 ὑπεύθυνον,
1488 2468 1677 2523 τοῦτον
1719 2466 1970 2531 κολάζει,

308 2565 550 2627 ἐκείνους
569 2563 751 2632 ἀφιεὶς
790 2562 900 2616 ἀπὸ
933 2560 1124 2614 τούτου
1158 2560 1432 2632 κερδάναι.
1465 2559 1572 2613 Καὶ
1599 2561 1632 2611 ό
1660 2558 1842 2626 λόγος
1867 2553 1972 2610 τοῦ

311 2652 462 2707 Θεοῦ
480 2651 729 2719 ηὔξανε,
760 2649 912 2721 φησὶ,
944 2648 1045 2702 καὶ
1067 2648 1441 2716 ἐπληθύνετο
1460 2662 1473 2675 °
1491 2645 1757 2708 τουτέστι,
1780 2642 1972 2696 τούτου

309 2741 624 2811 γενομένου.
671 2733 822 2800 Εἶδες
858 2735 994 2791 Θεοῦ
1037 2734 1385 2805 οἱκονομίαν;
1420 2733 1731 2804 Βαρνάϐας
1763 2732 1831 2785 δέ
1875 2731 1972 2785 καί

313 2825 546 2892 Σαῦλος
559 2822 951 2894 ὑπέστρεψαν
974 2822 1043 2887 ἐξ
1078 2820 1470 2891 Ἰερουσαλὴμ
1494 2818 1519 2857 δ
1545 2820 1976 2890 πληρώσαντες

311 2914 427 2983 τὴν
455 2912 789 2977 διακονίαν,
818 2911 1394 2981 συμπαραλαϐόντες
1421 2908 1521 2962 καί
1565 2907 1845 2976 Ἰωάννην
1871 2908 1977 2961 τὸν

309 2998 710 3067 ἐπικληθέντα
737 2996 1003 3066 Μάρκον.
1038 2993 1244 3049 Ἦσαν
1269 2994 1336 3048 δέ
1363 3011 1522 3060 τινες
1553 2994 1623 3047 έν
1659 2994 1979 3061 Ἀντιοχείᾳ,

313 3088 466 3141 κατὰ
485 3086 601 3154 τὴν
627 3080 825 3140 οὖσαν
848 3083 1218 3149 ’Ἐκκλησίαν
1244 3080 1541 3150 προφῆται
1566 3079 1665 3133 καὶ
1693 3079 1978 3133 διδάσκα-

313 3179 429 3239 λοι,
454 3171 488 3227 ὅ
510 3188 574 3225 τε
608 3169 921 3239 Βαρνάϐας
953 3168 1053 3223 καί
1077 3167 1305 3238 Σιμεὼν
1325 3171 1358 3221 ό
1379 3169 1753 3237 καλούμενος
1776 3167 1975 3236 Νίγερ,

317 3260 418 3316 καὶ
450 3260 704 3324 Λούκιος
736 3259 769 3311 ό
796 3253 1153 3324 Κυρηναῖος,
1175 3252 1325 3325 [216]
1351 3251 1604 3322 Μαναῆν
1632 3269 1695 3306 τε
1719 3251 1978 3321 Ἡρώδου

317 3350 423 3406 τοῦ
446 3349 769 3418 τετράρχου
787 3347 1151 3413 σύντροφος,
1178 3342 1279 3396 καί
1302 3341 1558 3408 Σαῦλος.
1580 3342 1702 3395 Ἐτι
1726 3341 1979 3411 Βαρνάϐα

317 3438 535 3508 πρῶτον
566 3433 892 3507 μνημονεύει
920 3450 936 3465 ο
972 3430 1123 3485 οὔπω
1168 3429 1278 3501 γὰρ
1326 3427 1539 3492 Παῦλος
1574 3424 1643 3499 ἦν
1686 3428 1936 3500 λαμπρὸς
1962 3469 1978 3492 ,

315 3523 469 3577 οῦπω
517 3524 743 3593 σημεῖον
784 3520 938 3574 οὐδὲν
986 3518 1301 3590 εἰργάσατο.
1354 3517 1867 3585 Λειτουργούντων
1914 3515 1983 3569 δὲ

318 3609 519 3664 αὐτῶν
551 3609 630 3674 τῷ
655 3608 852 3676 Κυρίῳ
877 3606 975 3659 καὶ
1013 3606 1453 3672 νηστευόντων,
1488 3600 1619 3657 εἶπε
1647 3604 1714 3656 τὸ
1742 3604 1984 3674 Πνεῦμα

319 3697 386 3752 τό
412 3696 585 3766 ἅγιον
604 3710 619 3725 ⁶
658 3693 1003 3762 Ἀφορίσατε
1028 3690 1105 3759 δή
1126 3708 1233 3760 μοι
1255 3690 1362 3744 τὸν
1380 3690 1696 3759 Βαρνάϐαν
1711 3690 1810 3745 καὶ
1833 3692 1984 3746 Σαῦ-

318 3788 434 3840 λον
481 3785 572 3849 είς
597 3780 682 3835 ’τὸ
736 3782 934 3851 ἔργον,
981 3778 1017 3833 ὃ
1057 3779 1511 3848 προσκέκλημαι
1543 3779 1787 3844 αὐτούς.
1848 3779 1984 3833 Ίότε

319 3872 768 3940 νηστεύσαντες
797 3868 895 3923 καὶ
922 3866 1398 3937 προσευξάμενοι
1430 3867 1528 3921 καὶ
1557 3866 1861 3934 ἐπιθέντες
1879 3869 1985 3934 τὰς

322 3956 529 4028 χεῖρας
557 3954 784 4021 αὐτοῖς,
815 3953 1159 4009 ἀπέλυσαν.
1190 3953 1255 4006 Τί
1279 3955 1414 4019 ἐστι,
1440 3954 1983 4023 Λειτουργούντωη

323 4042 737 4116 Κηρυττάντων.
788 4040 1141 4111 Ἀφορίσατέ
1165 4058 1263 4107 μοι
1290 4079 1305 4103 ,
1334 4039 1468 4111 φησὶ
1493 4080 1509 4107 ,
1542 4040 1650 4093 τὸν
1672 4039 1987 4107 Βαρνάϐαν

322 4131 424 4186 καὶ
446 4130 705 4186 Σαῦλον.
739 4128 804 4183 Τί
834 4132 1004 4193 ἐστιν,
1047 4126 1399 4197 Ἀφορίσατέ
1412 4144 1515 4196 μοι
1531 4142 1551 4191 ;
1580 4127 1679 4189 Et;
1702 4126 1764 4179 τὸ
1800 4126 1982 4198 ἔργον,

322 4222 404 4283 είς
428 4218 526 4290 τὴν
561 4216 885 4287 ἀποστολήν.
903 4216 1045 4287 Ὅρα
1070 4214 1231 4268 πάλιν
1258 4213 1362 4268 ὑπὸ
1392 4214 1551 4268 τίνων
1580 4216 1982 4286 χειροτονεῖται·

322 4307 429 4361 ὑπὸ
456 4307 688 4360 Λουκίου
710 4304 806 4359 τοῦ
839 4302 1150 4375 Κυρηναίου
1183 4302 1275 4355 καὶ
1308 4301 1507 4372 Μαναῆ
1530 4317 1545 4331 ’
1579 4300 1778 4372 μᾶλλον
1801 4301 1858 4355 δὲ
1884 4302 1988 4355 ὑπὸ

321 4382 425 4447 τοῦ
458 4393 795 4465 Πνεύματος.
831 4393 978 4461 Ὀσῳ
1005 4390 1115 4462 γάρ
1141 4390 1211 4444 τά
1246 4391 1512 4462 πρόσωπα
1548 4389 1819 4445 ἐλάττονά.
1848 4390 1985 4454 ἐστι,

322 4482 562 4551 τοσούτῳ
588 4481 899 4551 γυμνοτέρα
919 4480 953 4548 ἡ
981 4478 1074 4531 τοῦ
1098 4476 1233 4530 Θεοῦ
1260 4478 1511 4547 φαίνεται
1533 4477 1711 4547 χάρις.
1742 4477 1990 4547 Χειροτο-

325 4571 497 4641 νεῖται
542 4566 728 4623 λοιπὸν
773 4568 855 4629 εἰς
894 4564 1220 4633 ἀποστολὴν,
1267 4563 1407 4617 ὥστε
1460 4564 1577 4633 μετ’
1607 4562 1853 4629 ἐξουσίας
1883 4581 1986 4633 κη-

328 4652 561 4724 ρύττειν.
613 4651 735 4715 Πῶς
762 4648 855 4704 οὖν
881 4650 1041 4713 αὑτός
1075 4666 1241 4721 φησιν
1269 4663 1285 4679 ⁸
1330 4651 1453 4703 Οὐκ
1493 4648 1596 4702 ἀπ’
1620 4648 1947 4717 ἀνθρώπων
1969 4689 1985 4712 ,

325 4741 469 4795 οὐδὲ
508 4739 581 4791 δι’
630 4737 997 4807 άνθρώπων;
1031 4733 1106 4788 Τὸ
1138 4735 1259 4806 μὲν,
1318 4738 1441 4789 Οὺκ
1490 4736 1594 4790 ἀπ’
1640 4735 1986 4803 ἀνθρώπων,

327 4823 501 4891 εἶπεν,
534 4827 621 4880 ἵνα
653 4824 893 4896 δηλώσῃ,
933 4823 1016 4877 ὅτι
1060 4824 1162 4877 ούκ
1204 4823 1491 4896 ἄνθρωπος
1532 4823 1695 4878 αὑτὸν
1731 4823 1989 4879 ἐκάλεσεν

325 4917 447 4970 οὐδὲ
498 4915 911 4987 προσηγάγετο·
938 4912 1000 4966 τὸ
1038 4912 1095 4967 δὲ
1113 4952 1128 4977 ,
1156 4914 1237 4965 Δι’
1265 4912 1611 4980 ἀνθρώπων,
1636 4912 1719 4964 ὅτι
1751 4912 1848 4983 οὐχ
1886 4912 1992 4966 ύπὸ

327 5004 481 5058 τοῦδε
510 5002 786 5073 ἐπέμφθη,
818 5001 935 5055 ἀλλ’
961 5000 1066 5054 ὑπὸ
1094 4999 1191 5054 τοῦ
1223 4999 1559 5071 Πνεύματος.
1591 4997 1680 5052 Διὸ
1702 4998 1796 5052 καὶ
1820 4999 1992 5061 οὕτως

328 5093 639 5162 ἐπήγαγενυ
665 5086 840 5146 Οὗτοι
883 5087 1002 5158 μὲν
1052 5082 1166 5143 οὖν
1212 5086 1650 5157 ἐκπεμφθέντες
1706 5086 1826 5141 ὑπὸ
1884 5085 1991 5143 τοῦ

331 5179 678 5247 ιινεύματος
702 5176 1007 5245 κατῆλθον
1036 5178 1124 5242 εις
1169 5173 1285 5244 τὴν
1326 5176 1704 5239 Σελεύκειαν,
1760 5176 1992 5231 ἐκεῖθέν

329 5284 392 5319 τε
423 5265 811 5321 ἐπέπλευσαν
831 5267 913 5331 εὶς
936 5265 1050 5333 τὴν
1073 5265 1335 5332 Κύπρον.
1361 5264 1588 5334 ’ίδωμεν
1615 5263 1670 5317 δὲ
1696 5265 1899 5319 ἀνωθεν
1922 5264 1991 5317 τά

330 5355 616 5425 εἰρημένα.
659 5353 911 5425 Ἡμέρας
948 5353 1017 5406 δέ
1054 5351 1399 5423 γενομένης,
1430 5352 1612 5422 φησὶν,
1634 5348 1712 5421 ἦν
1733 5351 1991 5421 τάραχος

329 5444 442 5496 οὐκ
474 5442 677 5513 ὀλίγος
706 5442 804 5498 διὰ
836 5443 942 5497 τὸν
970 5442 1214 5510 Πέτρον,
1241 5441 1342 5494 καὶ
1367 5440 1695 5507 ἀνακρίνας
1718 5440 1857 5506 τοὺς
1881 5441 1991 5509 φύ-

329 5533 524 5596 λακας
542 5531 870 5587 ἐκέλευσεν
893 5528 1487 5601 ἀπαχθῆναι-Οὕτως
1525 5530 1626 5583 οὐκ
1658 5529 1874 5599 ᾔσθετο,
1907 5530 1990 5583 ὅτι

332 5619 429 5671 καὶ
471 5616 720 5680 κολάζειν
764 5620 967 5684 ἀδίκως
1000 5620 1287 5691 ἐπιχειρεῖ.
1328 5618 1459 5671 Ἰδοὺ
1500 5618 1592 5670 τὸν
1636 5617 1777 5689 ὑπὲρ
1813 5618 1991 5671 αὐτῶν

330 5705 700 5774 ἀναλαμϐάνω
728 5706 904 5774 λόγον.
933 5707 1014 5759 Τά
1035 5707 1211 5776 δεσμά
1236 5702 1305 5776 ἦν
1325 5746 1341 5769 ,
1372 5707 1419 5758 οἱ
1452 5704 1692 5775 φύλακες
1718 5704 1864 5758 ἔνδον
1882 5745 1897 5770 ,
1931 5707 1992 5757 τὸ

331 5794 704 5862 δεσμωτήριον
734 5791 1152 5860 κεκλεισμένον,
1191 5791 1424 5860 οὐδαμοῦ
1471 5793 1651 5860 τοῖχος
1692 5791 1991 5861 διορωρυγ-

394 5894 413 5915 ⁸
428 5896 501 5943 0)
529 5895 694 5955 μικρὸν
723 5895 775 5941 δὲ
796 5892 939 5942 τοῦτό
959 5895 1065 5955 ἐστι
1082 5896 1184 5955 πῶς
1208 5896 1377 5955 εὐθέως
1397 5895 1533 5949 {bsic
1550 5892 1766 5953 quidam.
1805 5894 1832 5934 δ
1851 5896 1991 5945 Arius

336 5955 433 6005 ἀπὸ
468 5952 798 6019 Ἰερουσαλήμ,
820 5958 904 6006 ιω
938 5961 993 6005 cl.
1029 5953 1202 6006 Morel.
1234 5958 1297 6012 εἰς
1345 5952 1657 6018 Ἰερουσαλήμ
1689 5957 1835 6006 male.

2066 467 2243 537 μένος,
2276 466 2474 528 πάντες
2506 463 2575 517 τὰ
2595 463 2735 517 αὐτὰ
2760 461 2942 529 ἔλεγον
2967 478 2982 492 ·
3007 458 3354 531 ἀνάρπαστος
3380 457 3409 509 ό
3439 451 3721 525 ἄνθρωπος

2062 555 2254 624 γέγονε
2274 595 2289 617 ,
2323 552 2410 607 διά
2436 553 2489 604 τί
2520 550 2715 614 αὐτοὺς
2763 547 3179 612 καταδικάζεις;
3215 546 3263 598 εί
3297 542 3490 614 ἦθελον
3516 538 3722 594 ἀπολῦ-

2068 657 2179 705 σαι,
2230 641 2339 712 πρὸ
2398 638 2587 692 τούτου
2644 636 2921 689 ἀπέλυσαν
2963 633 3066 697 ἂν,
3102 632 3135 702 ἢ
3167 628 3510 698 συνεξῆλθον.
3564 626 3725 679 Ἀλλά

2068 729 2323 799 χρήματα
2378 725 2599 790 ελαϐονς
2650 723 2819 777 Πόθεν
2865 724 2895 776 ὁ
2936 720 3070 792 μηδὲ
3105 718 3298 789 πένητι
3334 715 3520 770 δοῦναι
3564 714 3724 784 ἔχων,

2065 815 2275 879 τούτοις
2303 814 2508 879 ἐδίδους
2539 812 2659 867 οὐδὲ
2688 810 2797 880 γάρ
2818 808 3183 880 διεθρύϐησαν
3215 806 3273 860 αἱ
3298 803 3518 867 ἁλύσεις
3537 841 3552 867 ,
3603 801 3723 855 οὐδὲ

2065 901 2356 973 λελυμέναι
2386 897 2546 971 ἦσαν.
2591 899 2739 952 Ἔδει
2783 897 2934 963 ἰδεῖν,
2976 896 3057 949 ὅτι
3104 893 3247 946 θεῖον
3290 891 3352 945 τὸ
3401 890 3634 962 πρᾶγμα
3657 884 3726 959 ἦν

2065 990 2161 1042 ad.
2203 990 2305 1043 οὐκ
2348 986 2685 1058 ἀνθρώπινον
2724 985 2775 1038 δ.
2825 980 2960 1038 Εἶτα
3007 980 3196 1052 ἐπειδὴ
3247 979 3488 1050 ἱστορίας
3534 976 3727 1047 ἔμελλε

2071 1075 2381 1148 μεμνῆσθαι
2411 1074 2594 1128 λοιπὸν
2615 1115 2631 1141 ,
2661 1073 2751 1127 διά
2795 1070 2954 1124 τοῦτο
2982 1070 3077 1123 καὶ
3104 1069 3171 1121 τὰ
3201 1066 3442 1136 ὀνόματα
3472 1065 3685 1135 τίθησιν
3709 1104 3725 1126 ,

2068 1165 2153 1218 ἵνα
2170 1164 2353 1234 δειχθῇ
2369 1164 2545 1216 πάντα
2562 1161 2937 1232 ἐπαληθεύων.
2965 1156 3072 1212 Καὶ
3088 1157 3409 1222 πείσαντες
3422 1154 3724 1217 Βλάστον,

2070 1254 2223 1321 φησὶ,
2258 1250 2365 1304 τόν
2391 1251 2489 1304 ἐπὶ
2516 1249 2619 1304 τοῦ
2653 1245 2935 1312 κοιτῶνος
2971 1244 3078 1299 τοῦ
3112 1242 3441 1309 βασιλέως,
3470 1240 3727 1309 ᾐτοῦντο

2064 1338 2329 1406 εἰρήνην,
2371 1337 2544 1391 Τοῦτο
2570 1335 2834 1399 ποιοῦσιν,
2876 1332 3066 1403 ἐπειδὴ
3096 1331 3254 1402 λιμὸς
3287 1326 3375 1402 ἦν.
3426 1327 3616 1397 Τακτῇ
3660 1327 3729 1381 δὲ

2065 1426 2255 1495 ἡμέρᾳ
2283 1424 2539 1488 καθίσας
2582 1426 2615 1477 ό
2654 1421 2916 1490 Ἡρώδης
2944 1421 3041 1473 ἐπὶ
3078 1419 3184 1472 τοῦ
3204 1416 3480 1486 ,βήματος
3511 1414 3729 1483 ἐδημη-

2063 1516 2245 1582 γόρει,
2270 1512 2421 1582 φησί.
2461 1508 2831 1580 Παραχρῆμα
2864 1508 2932 1562 δὲ
2953 1506 3251 1570 ἐπάταξεν
3272 1503 3459 1559 αὑτὸν
3476 1504 3730 1573 ἄγγελος

2066 1600 2285 1666 Κυρίου
2332 1615 2347 1629 ο
2396 1596 2495 1650 καὶ
2545 1596 2867 1666 γενόμενος
2916 1594 3419 1661 σκωληκόϐρωτος
3444 1588 3725 1657 ὲξέψυξε.

2138 1684 2205 1754 β’.
2235 1684 2405 1738 Τοῦτο
2430 1683 2523 1737 καὶ
2567 1683 2824 1753 Ἰώσηπος
2849 1692 2870 1720 ε
2900 1681 3064 1749 λέγει,
3092 1680 3174 1733 ὅτι
3208 1679 3393 1751 μακρᾷ
3438 1676 3730 1748 περιέπεσε

2067 1774 2227 1844 νόσῳ.
2254 1773 2316 1825 Οἱ
2343 1772 2441 1843 μὲν
2464 1766 2557 1824 οὖν
2587 1768 2767 1822 πολλοὶ
2797 1767 2953 1821 τοῦτο
2984 1767 3083 1820 οὐκ
3116 1765 3335 1838 ᾔδεσαν,
3361 1768 3388 1819 ὁ
3408 1764 3465 1817 δὲ
3495 1764 3728 1816 ἀπόστο-

2070 1860 2161 1923 λος
2194 1859 2326 1915 αὐτὸ
2353 1858 2556 1928 τίθησι.
2586 1856 2731 1928 Πλὴν
2776 1854 2913 1908 ἀλλά
2937 1854 3032 1908 καὶ
3065 1857 3098 1924 ή
3132 1854 3323 1921 ἄγνοια
3356 1850 3556 1921 ὠφέλει
3585 1849 3733 1916 λογι-

2072 1949 2314 2019 ζομένων
2337 1945 2516 2001 αὐτῶν
2539 1944 2616 2016 τῷ
2657 1943 2914 1999 Ἰακώϐου
2941 1941 3156 2013 θανάτῳ
3194 1941 3287 1995 καὶ
3310 1939 3388 2010 τῷ
3422 1938 3530 1992 τῶν
3560 1954 3727 2007 στρα-

2071 2035 2279 2089 τιωτῶν
2309 2033 2533 2105 φόνῳτὺ
2556 2031 2697 2086 κατὰ
2727 2031 2819 2085 τὸν
2847 2029 3091 2102 Ἡρώδην
3126 2026 3727 2099 συμϐεϐηκέναι.’⁹ορα’

2078 2125 2167 2178 ὅτε
2199 2122 2297 2194 μὲν
2327 2121 2418 2174 τὸν
2447 2120 2742 2174 ἀπόστολον
2770 2116 2998 2187 ἔσφαξεν
3019 2158 3034 2182 ,
3081 2116 3230 2169 οὐδὲν
3260 2113 3498 2168 τοιοῦτον
3544 2113 3735 2183 εἰργά-

2072 2227 2225 2275 σατο,
2262 2210 2350 2263 ὅτε
2388 2208 2445 2262 δὲ
2481 2208 2702 2271 τούτους
2727 2246 2742 2271 ,
2776 2206 2962 2259 λοιπὸν
3006 2207 3064 2258 ὲν
3108 2203 3318 2273 ἀφασίᾳ
3346 2198 3433 2274 ἦν.
3471 2202 3599 2254 "Ara
3641 2195 3736 2253 οὖν

2068 2297 2366 2369 Ιἠπορηκὼς
2391 2296 2489 2349 καὶ
2511 2294 2897 2367 αἰσχυνόμενος
2928 2290 3191 2362 κατῆλθεν
3218 2290 3324 2344 ἀπὸ
3353 2290 3454 2359 τῆς
3476 2288 3737 2350 ἰουδαίας

2068 2388 2148 2448 εἰς
2170 2385 2270 2456 τὴν
2303 2384 2659 2453 Καισάρειαν.
2694 2382 2846 2453 Ἐμοὶ
2872 2380 3017 2434 δοκεῖ
3044 2381 3138 2434 καὶ
3170 2377 3409 2440 ἐκείνους
3430 2378 3738 2444 ἀπαγαγεῖν

2080 2472 2421 2543 βουλόμενος,
2472 2471 2609 2541 πρὸς
2665 2469 2961 2538 ἀπολογίαν
3019 2464 3151 2539 ἦλθε
3199 2465 3406 2519 τούτων
3429 2484 3443 2496 ·
3467 2464 3734 2535 ὠργίζετο

2070 2562 2182 2631 γάρ
2221 2559 2449 2623 ἐκείνοις
2478 2557 2702 2621 τούτους
2738 2556 2880 2610 οὕτω
2911 2554 3405 2627 θεραπεύων,”ορα
3426 2552 3542 2615 πῶς
3579 2552 3733 2603 κενό-

2070 2648 2221 2714 δοξος
2246 2648 2275 2700 ὁ
2301 2646 2583 2719 άνθρωπός
2617 2647 2753 2699 ἐστι.
2773 2643 2996 2698 Μέλλων
3027 2641 3177 2714 [217]
3198 2642 3380 2704 αὐτοῖς
3411 2639 3609 2693 διδόναι
3639 2637 3741 2708 τὴν

2071 2736 2301 2808 δωρεὰν,
2354 2733 2787 2806 ἐδημηγόρησεν.
2832 2731 2889 2785 '0
2930 2730 2986 2783 δὲ
3025 2729 3285 2800 Ἰώσηπός
3330 2745 3515 2798 φησιν,
3538 2728 3616 2779 ὅτι
3644 2726 3741 2779 καὶ

2073 2826 2275 2896 ἐσθῆτα
2307 2825 2563 2895 λαμπράν
2613 2822 2673 2888 ἐξ
2713 2822 2953 2895 ἀργύρου
2994 2820 3369 2891 πεποιημένην
3408 2818 3736 2888 περιέκειτο.

2077 2914 2219 2986 Ὀρα
2238 2911 2333 2965 καὶ
2358 2913 2554 2964 ὲκεῖνοι
2575 2909 2692 2972 πῶς
2720 2909 2949 2972 κόλακες
2970 2904 3133 2980 ἦσαν,
3164 2906 3260 2960 καὶ
3285 2906 3393 2959 τῶν
3426 2903 3740 2959 ἀποστόλων

2073 3002 2136 3054 τὸ
2208 2999 2483 3070 φρόνημα.
2544 3000 2639 3051 Ὃν
2683 2997 2791 3068 γὰρ
2841 2996 2993 3060 ἔθνος
3039 2994 3329 3065 ὀλόκληρον
3378 2992 3739 3065 ἐθεράπευσε,

2075 3086 2262 3140 τοῦτον
2286 3080 2429 3140 οὗτοι
2458 3084 2727 3138 διέπτυον.
2776 3084 2940 3137 Πάλιν
2968 3083 3024 3137 δὲ
3046 3084 3253 3152 γίνεται
3282 3081 3611 3143 ἀνάπνευσις
3644 3081 3743 3134 αὑ-

2076 3173 2186 3227 τῶν
2218 3172 2451 3244 μεγάλη,
2478 3174 2571 3225 καὶ
2602 3173 2772 3242 μυρία
2795 3171 2972 3239 ἀγαθά
3002 3174 3065 3223 ἐκ
3093 3171 3189 3241 τῆς
3218 3169 3424 3223 ἐκείνου
3452 3168 3742 3240 τιμωρίας.

2077 3260 2141 3314 Εἰ
2176 3260 2235 3315 δὲ
2267 3255 2419 3324 οὗτος
2447 3259 2709 3323 ἀκούσας,
2736 3260 2819 3312 δτι
2846 3259 3018 3327 Φωνὴ
3053 3259 3201 3313 Θεοῦ
3240 3258 3338 3312 καὶ
3373 3260 3485 3312 οὐκ
3521 3256 3744 3325 (ir-01,03-

2078 3362 2219 3412 που,
2270 3348 2448 3400 καίτοι
2490 3362 2553 3413 γε
2595 3345 2764 3415 μηδὲν
2818 3344 2986 3399 εἰπὼν
3041 3344 3267 3399 τοιαῦτα
3315 3345 3484 3398 ἔπαθε
3516 3360 3528 3371 ·
3562 3342 3745 3414 πολλῴ

2084 3433 2283 3506 μᾶλλον
2317 3433 2383 3487 ἂν
2413 3433 2441 3485 ό
2467 3432 2721 3502 Χριστὸς,
2753 3435 2803 3486 εί
2837 3433 2911 3503 μὴ
2945 3432 3078 3495 Θεὸς
3105 3428 3173 3504 ἦν
3206 3432 3389 3496 αύτδς,
3411 3432 3499 3485 ἀεὶ⁵
3546 3432 3741 3500 λέγων,

2079 3524 2161 3575 ὅτι
2200 3521 2276 3575 Τὰ
2287 3519 2529 3590 ῥήματα
2556 3520 2628 3573 τὰ
2664 3519 2779 3590 ἐμά
2804 3522 2915 3573 οὐκ
2954 3519 3128 3574 ἐστιν
3154 3519 3267 3589 ἐμὰ
3287 3561 3302 3585 ,
3330 3520 3425 3572 καὶ
3446 3560 3463 3586 ,
3496 3522 3561 3573 οι
3585 3522 3743 3586 ὑπη-

2074 3606 2241 3676 ρέται
2268 3606 2345 3660 ἂν
2362 3610 2418 3660 οί
2446 3607 2574 3675 ἐμοὶ
2600 3605 2977 3677 ἠγωνίζοντο,
3007 3607 3102 3659 καὶ
3126 3606 3229 3660 ὅσα
3247 3605 3491 3661 τοιαῦτα.
3509 3605 3747 3669 Ἐκεῖνος

2082 3695 2139 3749 δὲ
2171 3693 2411 3766 αἰσχρῶς
2444 3695 2539 3748 καὶ
2572 3693 2818 3758 ἐλεεινῶς
2856 3694 2949 3747 τὸν
2992 3693 3107 3765 βίον
3138 3693 3433 3759 κατέλυσε,
3480 3694 3575 3746 καὶ
3623 3692 3747 3745 οὐδὲ

2084 3781 2334 3850 φαίνεται
2377 3781 2583 3835 λοιπόν.
2608 3782 2750 3851 Ὀρα
2787 3780 2844 3833 δὲ
2892 3780 3055 3835 αὐτὸν
3096 3781 3190 3834 καὶ
3234 3781 3338 3833 ὑπὸ
3365 3779 3458 3833 τοῦ
3505 3779 3746 3833 Βλάστου

2086 3868 2545 3935 ἀναπειθόμενον,
2594 3870 2689 3923 καὶ
2721 3869 2816 3922 άτε
2852 3868 2917 3939 δὴ
2957 3868 3301 3940 ταλαίπωρον
3339 3868 3468 3922 ὅντα
3508 3867 3745 3930 εὐκόλως

2085 3956 2457 4027 ὀργιζόμενον,
2491 3956 2585 4010 καὶ
2615 3956 2778 4010 πάλιν
2805 3955 3322 4026 καταλλαττόμενον,
3355 3954 3449 4009 καὶ
3471 3954 3745 4025 πανταχοῦ

2086 4045 2268 4098 δοῦλον
2298 4044 2404 4098 τῶν
2430 4045 2648 4115 δήμων,
2676 4045 2769 4098 καὶ
2796 4044 2948 4097 οὐδὲν
2972 4043 3254 4115 ἐλεύθερον
3286 4043 3495 4115 ἔχοντα.
3547 4044 3750 4097 Σκόπει

2086 4134 2142 4186 δὲ
2184 4134 2275 4185 καὶ
2304 4133 2404 4202 τὴν
2435 4132 2748 4185 αὑθεντείαν
2780 4130 2874 4184 τοῦ
2911 4131 3065 4200 ἁγίου
3099 4131 3432 4201 Πνεύματοςι
3472 4135 3751 4199 Λειτουρ-

2087 4221 2354 4288 γούντων
2370 4217 2436 4271 δὲ
2455 4217 2671 4281 αὐτῶν,
2696 4218 2850 4290 φησὶ,
2868 4217 2948 4285 τῷ
2973 4219 3165 4287 Κυρίῳ
3185 4219 3281 4272 καὶ
3300 4219 3744 4286 νηστευόντων.

2088 4306 2218 4363 εἷπε
2257 4312 2325 4362 τὸ
2366 4308 2611 4378 Πνεῦμα
2649 4307 2716 4361 τὸ
2756 4306 2959 4378 ἅγιον
3002 4307 3343 4377 Ἀφορίσατε
3386 4306 3463 4373 δή
3502 4324 3605 4376 μοι
3643 4307 3751 4359 τὸν

2090 4397 2405 4466 Βαρνάϐαν
2427 4396 2527 4450 καὶ
2554 4394 2805 4449 Σαῦλον.
2840 4395 2936 4460 Τίς
2961 4394 3027 4448 ἂν
3058 4395 3345 4466 ἐτόλμησε,
3364 4394 3440 4466 μὴ
3459 4393 3559 4465 τῆς
3579 4394 3752 4463 αὐτῆς

2091 4483 2334 4549 ἐξουσίας
2354 4483 2428 4537 ὢν
2452 4525 2466 4550 ,
2498 4483 2671 4536 ταῦτα
2705 4484 2915 4547 εἰπεῖν;
2949 4482 3120 4536 Τοῦτο
3142 4484 3199 4537 δὲ
3227 4484 3467 4552 γίνεται,
3500 4480 3640 4535 ὥστε
3673 4483 3752 4553 μὴ

2091 4566 2228 4624 εἶναι
2256 4572 2451 4634 αὐτοὺς
2480 4572 2631 4641 κοινῇ
2669 4568 2788 4641 μεθ’
2813 4569 3040 4625 ἑαυτῶν.
3073 4564 3227 4622 Εἷδεν
3254 4569 3449 4632 αὐτοὺς
3469 4566 3497 4608 δ
3531 4568 3751 4639 μείζονα

2089 4657 2317 4731 δύναμιν
2345 4660 2588 4730 ἔχοντας,
2618 4658 2712 4711 καὶ
2746 4658 2959 4721 πολλοῖς
2980 4657 3310 4728 δυναμένους
3339 4657 3590 4727 ἀρκέσαι.
3626 4656 3752 4719 Πῶς

2090 4745 2147 4800 δὲ
2174 4747 2358 4810 αὐτοῖς
2384 4741 2574 4810 εἶπενς
2603 4744 2703 4798 Διά
2725 4744 3021 4816 προφητῶν
3051 4745 3199 4808 ἴσως.
3230 4744 3331 4798 Διά
3359 4743 3518 4797 τοῦτο
3553 4743 3751 4813 προλα-

2092 4834 2202 4889 ϐὼν
2228 4829 2380 4887 εἶπεν
2407 4873 2422 4897 ,
2463 4835 2546 4887 ὃτι
2587 4834 2682 4887 κα)⁵
2725 4831 3003 4904 προφῆται
3034 4828 3175 4903 ἦσαν
3208 4833 3303 4886 καλ⁵
3332 4834 3620 4904 ὲνήστευον
3657 4831 3751 4882 καὶ

2092 4920 2491 4991 ἐλειτούργουν,
2516 4921 2605 4973 ἵνα
2657 4920 2854 4991 μάθῃς,
2880 4919 2962 4972 ὅτι
2992 4918 3193 4990 πολλῆς
3227 4918 3443 4990 νήψεως
3470 4918 3628 4990 χρεία
3659 4914 3747 4987 ἦν.

2104 5010 2193 5062 Ἐν
2235 5008 2534 5079 Ἀντιοχείᾳ
2565 5011 2972 5079 χειροτονεῖται,
2996 5006 3125 5061 ἔνθα
3152 5006 3428 5077 κηρύττει.
3456 5008 3556 5058 Διά
3587 5005 3639 5058 τί
3674 5007 3754 5075 μὴ

2094 5093 2236 5160 εἶπε,
2273 5095 2363 5166 Τῷ
2395 5096 2584 5166 Κυρίῳ
2638 5094 2951 5166 ἀφορίσατε,
2988 5094 3102 5148 ἀλλ’
3138 5095 3300 5163 Ἐμοί
3313 5110 3332 5159 ;
3358 5093 3653 5157 Δείκνυσιν,
3669 5094 3754 5146 ὅτι

2094 5185 2151 5236 ἓν
2173 5185 2291 5235 ἐστι
2323 5182 2384 5235 τὸ
2418 5182 2517 5251 τῆς
2554 5180 2803 5245 ἐξουσίας
2846 5183 3065 5253 καὶτῆς
3093 5181 3396 5250 δυνάμεως.
3768 5240 3775 5249 ,

2180 5270 2342 5340 Ὀρᾷς
2370 5271 2493 5323 ὅσον
2527 5272 2559 5341 ή
2589 5270 2810 5341 νηστεία
2850 5270 3030 5341 μέγα;
3066 5269 3364 5331 Δείκνυσιν,
3391 5268 3472 5321 ὃτι
3497 5266 3673 5321 πάντα
3693 5266 3757 5319 τὸ

2096 5357 2321 5426 Πνεῦμα
2342 5358 2530 5411 ἐποίει.
2553 5358 2710 5426 Μέγα
2731 5375 2783 5409 τι
2800 5359 2831 5427 ἡ
2848 5360 3067 5428 νηστεία
3085 5355 3305 5423 ἀγαθόν’
3324 5356 3421 5425 ούχ
3439 5356 3550 5425 ὅρῳ
3569 5370 3755 5425 περιο-

2099 5443 2327 5513 ρίζεται.
2348 5444 2476 5496 ’Ὅτε
2505 5448 2827 5515 χειροτονεῖν
2855 5444 2962 5497 ἔδει
2981 5483 2996 5505 ,
3022 5446 3139 5496 τότε
3168 5442 3506 5513 νηστεύουσι·
3539 5443 3633 5496 καὶ
3658 5458 3755 5511 νη-

2098 5530 2376 5584 στεύουσιν
2405 5531 2588 5593 αὐτοῖς
2608 5527 2727 5583 εἷπε
2752 5532 2812 5583 τὸ
2844 5532 3085 5600 Πνεῦμα.
3112 5531 3176 5583 Ἡ
3195 5530 3415 5600 νηστεία
3437 5530 3493 5582 δὲ
3512 5530 3573 5582 ού
3598 5529 3758 5581 τοῦτο

2099 5619 2257 5689 μόνον
2280 5621 2472 5689 οὲστὶν,
2503 5618 2637 5671 ἀλλά
2676 5618 2771 5671 καὶ
2801 5617 2860 5671 τὸ
2896 5618 3107 5688 τρυφῆς
3148 5616 3476 5687 ἀπέχεσθαι,
3504 5617 3757 5687 νηστείας

2095 5704 2230 5769 εἶδός
2249 5709 2384 5759 ἐστι.
2405 5705 2667 5759 Τοσοῦτον
2689 5706 2958 5759 ἐπιτάττω
2976 5706 3134 5772 μόνον
3155 5704 3284 5771 ἐγώ·
3310 5704 3386 5775 μὴ
3400 5706 3755 5772 νηστεύσητε,

2096 5795 2228 5846 ἀλλὰ
2268 5794 2477 5862 τρυφῆς
2507 5792 2794 5863 ἀπέχεσθε.
2841 5792 2884 5844 Τ
2889 5794 3059 5862 ροφάς
3109 5793 3359 5862 ζητῶμεν
3381 5831 3396 5855 ,
3434 5792 3508 5862 μὴ
3536 5791 3758 5859 διαφθοο

2162 5895 2186 5931 ιι
2201 5891 2388 5940 Λιιὶκαὶ
2411 5893 2543 5940 οὐδὲν
2562 5894 2865 5955 ἀνθρώπινον,
2887 5893 3096 5955 ἱστορίας
3117 5896 3376 5954 μεμνῆσθαι
3391 5895 3546 5953 μέλλει
3567 5892 3749 5941 λοιπόν.

2102 5960 2123 6029 ξ
2170 5955 2292 6007 \ldc
2330 5956 2594 6017 Joscphuw
2621 5960 2728 6004 ιιυι.
2755 5954 2849 6021 λυ,
2877 5969 2917 6004 c.
2948 5954 3007 6004 ’ἕξ
3061 5955 3087 5995 ἀ
3127 5956 3298 6005 Murri.
3329 5958 3445 6009 εῐιες
3481 5955 3666 6009 αὐτούς.
