4108 6172
457 303 562 359 205

458 423 716 487 occultat,
751 423 843 479 sed
885 435 940 480 et
969 423 1204 480 historia:
1234 426 1572 490 meminerit,
1616 435 1673 479 ut
1701 426 1887 481 doceat
1913 443 2032 482 nos.

460 514 657 570 Deinde
675 516 777 568 ait:
803 514 1209 586 Descendenqu
1227 533 1258 568 η
1277 514 1463 570 Iudaea
1485 516 1785 584 Cwsaream,
1810 517 1878 571 ibi
1906 535 2035 572 com.

457 619 676 662 moratus
691 618 784 661 est.
809 609 896 663 20.
915 608 1042 663 Erat
1057 621 1224 664 autem
1248 610 1484 664 Herodes
1507 611 1664 664 iratus
1683 610 1851 682 Tyriis
1871 623 1918 665 et
1947 611 2034 667 Si-

452 700 634 754 doniis.
652 703 715 755 At
731 703 812 756 illi
826 705 1082 757 unanimes
1103 713 1340 757 venerunt
1361 704 1428 756 ad
1439 721 1571 767 eum,
1591 714 1636 757 et
1656 721 1894 774 persuaso
1913 705 2034 758 Bla-

452 806 547 858 sto,
566 796 650 864 qui
665 807 776 848 erat
791 814 942 865 super
954 797 1240 850 cubiculum
1256 797 1405 866 regis,
1423 798 1743 864 postulabant
1759 815 1952 866 pacem,
1972 815 2030 852 eo

449 885 585 949 quod
609 889 826 940 aleretur
850 889 984 958 regio
999 904 1170 940 eorum
1185 887 1246 940 ab
1264 889 1371 942 illo.
1404 888 1492 942 21.
1517 887 1721 944 Statuto
1736 901 1902 942 autent
1924 891 2025 953 die,

452 975 680 1030 Herodes
710 979 910 1031 vestitus
937 988 1064 1032 veste
1087 979 1245 1048 regia,
1277 979 1403 1032 sedit
1426 997 1516 1047 pro
1538 980 1810 1045 tribunali,
1840 992 1884 1034 et
1907 998 2029 1034 con~

447 1069 741 1122 cionabatnr
765 1071 830 1123 ad
856 1087 957 1124 eos.
985 1071 1075 1125 22.
1105 1071 1336 1142 Papulas
1369 1082 1535 1126 autem
1560 1074 1895 1140 acclumabat,
1928 1074 2024 1127 Dei

445 1175 578 1225 vox,
618 1177 716 1213 non
749 1162 987 1215 hominis.
1014 1163 1103 1216 25.
1139 1163 1412 1234 Confestim
1443 1174 1611 1217 autem
1639 1166 1882 1233 percussit
1911 1182 2025 1218 eum

444 1252 655 1321 angelus
680 1251 922 1317 Domini,
955 1271 1012 1307 eo
1031 1257 1168 1325 quod
1194 1273 1291 1308 non
1317 1255 1532 1309 dedisset
1559 1257 1776 1326 gloriam
1807 1257 1913 1310 Deo
1940 1268 2024 1311 :et

444 1355 768 1412 consumptus
789 1362 820 1396 ιι
837 1345 1077 1399 vermibus
1093 1347 1381 1415 exspiravit.
1399 1348 1489 1402 24.
1517 1347 1730 1402 Verbum
1745 1360 1910 1402 autem
1929 1349 2023 1403 Dei

444 1436 692 1487 crescebat
720 1445 768 1487 et
815 1436 1258 1506 multiplicabatur.
1307 1436 1420 1492 Non
1451 1455 1610 1508 parva
1661 1456 1746 1496 res
1777 1441 1892 1495 lucc
1916 1455 2014 1498 est.

441 1524 633 1580 Statim
664 1527 812 1581 illum
845 1530 974 1584 ultio
1021 1531 1211 1585 invasit
1241 1550 1253 1584 :
1283 1533 1381 1586 etsi
1428 1549 1530 1586 non
1564 1544 1779 1604 propter
1805 1535 2018 1590 Petrum

441 1617 759 1683 invasisset,
807 1630 861 1674 at
900 1632 1114 1691 propter
1139 1633 1473 1692 arrogantem
1516 1626 1656 1680 illius
1681 1629 2014 1682 concionem.

437 1710 598 1778 Atqui
627 1711 725 1765 etsi
755 1712 827 1765 illi
856 1714 1255 1779 acclamarunt,
1291 1717 1528 1786 inquies,
1571 1717 1695 1787 quid
1725 1716 1826 1772 hoc
1855 1718 1919 1772 ad
1949 1719 2016 1774 il-

439 1797 545 1852 lum
561 1799 584 1852 ?
603 1802 861 1866 Quoniam
882 1804 994 1873 ipse
1010 1820 1194 1859 vocem
1213 1809 1440 1876 excepit.
1455 1809 1704 1878 quoniam
1723 1825 1782 1864 se
1797 1809 2014 1878 dignum

437 1892 644 1959 putavit
691 1894 780 1946 tali
827 1895 1156 1951 adulatione.
1196 1897 1299 1952 Per
1327 1898 1466 1954 hanc
1496 1901 1726 1956 maxime
1755 1903 2013 1957 erudiun-

439 1993 544 2045 tur,
573 1984 662 2050 qui
699 1994 902 2039 temere
930 1986 1231 2042 adulantur.
1268 1989 1548 2060 Perpende
1594 1992 1718 2046 item
1764 2005 2015 2063 utrosque

437 2074 696 2128 meruiSse
725 2090 946 2144 pinnas;
977 2077 1118 2134 hunc
1144 2090 1321 2135 autem
1351 2083 1528 2150 plecti.
1561 2082 1675 2138 Non
1703 2086 1845 2140 enim
1867 2086 2013 2154 judi-

436 2164 501 2216 cii
547 2173 757 2235 tempus
802 2182 942 2222 nunc
972 2178 1084 2235 est,
1134 2169 1230 2228 sed
1276 2173 1443 2242 magis
1491 2175 1706 2228 noxium
1751 2177 2013 2245 supplicio

436 2255 634 2322 allicit,
683 2258 788 2312 illis
834 2259 1105 2327 dimissis,
1153 2272 1208 2316 ut
1235 2261 1360 2319 hinc
1400 2267 1602 2320 lucrum
1629 2269 1912 2336 accipiant.
1947 2269 2011 2323 Et

433 2348 634 2404 verbum
665 2351 756 2406 Dei
783 2355 1064 2422 crescebat,
1098 2355 1304 2426 inquit,
1333 2369 1380 2412 et
1417 2361 1867 2432 multiplicabatur.
1899 2364 2011 2420 Hoc

433 2449 550 2506 est,
599 2457 661 2496 ea
708 2455 921 2512 peracta
963 2462 1045 2501 re.
1090 2447 1333 2504 Vidistin’
1364 2451 1454 2505 Dei
1499 2457 2006 2512 (eoenoniiam?25.

431 2531 692 2588 Barnabas
718 2551 884 2591 autem
913 2548 961 2592 et
999 2539 1190 2595 Saulus
1226 2545 1406 2598 reversi
1433 2555 1549 2597 sunt
1577 2546 1640 2598 ab
1675 2545 2011 2618 Jerosolymis

429 2625 626 2695 expleto
667 2628 939 2684 ministerio
959 2672 975 2696 ,
997 2644 1252 2702 assumpto
1279 2633 1498 2703 Joanne,
1517 2638 1604 2707 qui
1627 2642 2009 2710 cognominatus

429 2727 500 2770 est
553 2719 776 2774 Marcus.
818 2721 967 2793 (Cap.
1000 2724 1167 2795 15.)1.
1203 2726 1368 2781 Erant
1395 2741 1559 2784 autent
1588 2733 1793 2799 quidam
1818 2735 1869 2788 in
1900 2735 2006 2788 Ec-

427 2809 601 2876 clesia,
630 2828 741 2881 qua:
768 2823 876 2866 erat
902 2816 1200 2879 Antiochiw,
1233 2824 1491 2887 prapheto:
1523 2833 1570 2875 et
1607 2823 1856 2888 doctores,
1881 2825 2008 2878 Bar-

427 2901 604 2961 nabas,
639 2912 688 2954 et
737 2903 947 2958 Sinieon
1035 2909 1118 2970 qui
1163 2912 1434 2964 vocabatur
1479 2911 1672 2982 Niger,
1727 2924 1773 2968 et
1819 2915 2008 2972 Lucius

426 2994 744 3064 Cyrenensis,
767 3007 812 3050 et
836 2995 1093 3052 Manohen
1122 2999 1337 3056 Herodis
1358 3007 1621 3060 tetrarchia
1646 3007 2004 3073 collactaneus,

427 3096 476 3140 et
503 3085 718 3140 Saulus.
743 3089 937 3145 Adhuc
963 3091 1259 3147 Barnabam
1285 3098 1510 3165 primum
1542 3112 1802 3155 memorat
1827 3121 1839 3156 :
1873 3119 2009 3156 non-

426 3177 553 3232 dum
575 3180 715 3234 enim
739 3182 914 3237 clarus
935 3194 1048 3238 erat
1069 3185 1282 3252 Paulus,
1309 3190 1538 3245 nondum
1562 3193 1770 3264 signum
1793 3197 2003 3265 aliquod

428 3267 649 3325 fecerat.
679 3271 733 3326 2.
768 3273 1176 3334 Ministrantibus
1204 3290 1369 3334 autem
1396 3281 1499 3336 illis
1521 3283 1767 3351 Domino,
1794 3297 1838 3340 et
1858 3291 2004 3358 jeju-

426 3365 663 3419 nantibus
683 3407 699 3432 ,
725 3367 852 3421 dixit
879 3368 1104 3437 Spiritus
1128 3385 1331 3427 sanctus
1361 3391 1381 3428 .'
1407 3375 1682 3448 Segregate
1717 3380 1844 3434 mihi
1868 3379 2003 3433 Bar-

428 3456 618 3509 nabam
647 3467 694 3510 et
715 3456 930 3512 Saulum
954 3461 1007 3514 in
1027 3479 1174 3530 opus,
1200 3464 1269 3517 ad
1294 3466 1431 3534 quod
1457 3469 1626 3521 vocavi
1649 3486 1751 3523 eos.
1780 3471 1832 3524 5.
1861 3470 2004 3526 Tunc

425 3548 712 3618 icjunantes
737 3560 783 3604 et
809 3563 1009 3608 orantes
1036 3555 1444 3628 imponentesque
1471 3561 1542 3614 eis
1570 3577 1768 3629 manus,
1801 3564 2004 3618 dimise-

426 3649 546 3692 runt
581 3641 717 3695 illos.
760 3643 896 3708 Quid
924 3654 1040 3713 est,
1092 3646 1535 3706 Ministrantibus?
1562 3653 1999 3712 Praedicantibus.

429 3729 702 3803 Segregate
746 3735 900 3800 milti,
934 3736 1134 3808 inquit,
1164 3736 1456 3795 Barnabam
1496 3753 1543 3797 et
1587 3742 1824 3800 Sauluin.
1865 3748 2000 3814 Quid

427 3822 524 3877 sibi
558 3826 699 3890 vult,
730 3825 1004 3898 Segregate
1041 3832 1164 3884 mihi
1181 3832 1207 3886 .’
1233 3832 1312 3887 Ad
1345 3849 1498 3903 opus,
1527 3837 1593 3891 ad
1621 3842 1998 3906 apostolatnnt.

429 3914 562 3970 Vide
585 3933 820 3981 rursum,
843 3935 872 3971 a
897 3921 1091 3990 quibus
1115 3923 1432 3980 ordinentur
1455 3945 1468 3978 :
1496 3943 1526 3982 a
1550 3927 1718 3983 Lucio
1742 3931 2001 4003 Cyrenzeo

435 4018 488 4064 et
515 4009 757 4077 Manahe,
792 4013 899 4066 imo
926 4028 955 4066 a
982 4013 1209 4082 Spiritu.
1233 4015 1442 4084 Quanto
1461 4020 1602 4075 enim
1627 4023 1861 4078 minores
1882 4041 2003 4094 per-

425 4114 600 4166 Sonaa,
648 4109 796 4156 tanto
834 4103 1029 4158 clarior
1057 4116 1282 4175 apparet
1332 4108 1424 4163 Dei
1474 4111 1663 4180 gratia.
1713 4113 2000 4171 Ordinatur

425 4190 638 4246 demum
669 4193 720 4246 in
752 4195 1107 4263 apostolatum
1134 4238 1149 4260 ,
1180 4209 1237 4251 ut
1269 4213 1392 4254 cum
1427 4213 1686 4269 potestate
1726 4208 1998 4274 praedicet.

426 4281 705 4349 Quomodo
727 4285 885 4354 igitur
909 4286 1022 4356 ipse
1046 4288 1212 4342 dicit?
1240 4288 1362 4344 Non
1381 4291 1444 4344 ab
1465 4293 1769 4362 hominibus,
1800 4315 1892 4351 nec
1912 4317 2002 4369 per

427 4375 648 4430 homines
688 4376 900 4446 (Colat.
935 4379 984 4432 1.
1017 4379 1126 4451 i)?
1171 4379 1290 4434 Non
1322 4382 1384 4434 ab
1411 4385 1700 4440 hominibus
1739 4388 1911 4454 dixit,
1944 4402 2002 4446 ιιι

424 4468 747 4534 declararet,
798 4485 904 4524 non
957 4470 1230 4525 hominem
1283 4472 1454 4542 ipsum
1500 4491 1721 4532 vocasse
1767 4480 1848 4534 vel
1901 4479 1999 4534 ad-

424 4560 675 4617 duxisse:
705 4580 862 4633 neque
901 4582 991 4632 per
1017 4564 1244 4620 homines
1265 4608 1280 4632 ,
1313 4568 1434 4636 quia
1482 4585 1585 4624 non
1615 4571 1686 4625 ab
1709 4573 1816 4628 alio
1839 4590 1998 4644 quam

421 4668 450 4705 a
478 4655 676 4722 Spiritu
705 4656 897 4708 missus
933 4665 1038 4711 est.
1081 4656 1206 4710 ldco
1236 4658 1312 4712 sic
1348 4660 1550 4714 addidit
1581 4681 1593 4715 :
1624 4663 1677 4718 4.
1725 4663 1798 4718 Hi
1833 4677 2001 4738 itaque

423 4745 564 4797 missi
587 4761 619 4797 α
649 4745 843 4815 Spiritu
865 4789 878 4811 ,
910 4748 1268 4802 descenderunt
1297 4751 1580 4805 Seleuciam
1602 4770 1620 4809 :
1647 4755 1764 4810 inde
1790 4760 1999 4829 naviga-

423 4848 591 4888 verunt
637 4837 689 4890 in
733 4837 974 4906 Cyprum.
1027 4840 1129 4895 Sed
1175 4845 1420 4912 superius
1466 4844 1606 4901 dicta
1636 4849 1994 4918 exploremus.

425 4924 586 4980 Facta
623 4937 790 4980 autem
817 4929 897 4980 die
917 4969 931 4991 ,
972 4941 1076 4983 erat
1106 4932 1323 4988 turbatio
1353 4952 1452 4988 non
1483 4953 1637 5004 parva
1659 4952 1863 5007 propter
1891 4940 1994 4995 Pe-

423 5029 572 5072 trum.
604 5018 670 5072 Et
694 5020 1013 5089 inquisitione
1032 5023 1168 5091 facta
1194 5024 1257 5078 de
1279 5028 1586 5093 custodibus,
1611 5030 1770 5097 jussit
1791 5031 1992 5086 abduci.

425 5110 496 5164 Ita
519 5128 679 5166 sensu
711 5113 998 5168 destitutus
1025 5114 1124 5169 fuit
1145 5157 1160 5181 ,
1189 5128 1246 5172 ut
1272 5120 1432 5172 etiam
1465 5120 1661 5186 injuste
1690 5125 1874 5190 punire
1901 5140 1995 5195 ag-

420 5207 750 5274 grederetur.
797 5205 937 5260 Ecce
978 5223 1191 5262 causam
1237 5210 1447 5264 illorum
1489 5213 1738 5268 defendo.
1776 5216 1994 5272 Vincula

420 5311 572 5353 erant
594 5341 608 5360 ,
635 5299 884 5354 custodes
913 5300 1074 5364 intus,
1098 5316 1280 5355 carcer
1306 5303 1520 5378 clausus
1536 5347 1556 5368 ,
1580 5322 1838 5375 nusquam
1875 5326 1994 5376 per-

420 5392 599 5447 l'ossus
647 5395 863 5462 paries,
917 5410 1104 5448 oiinies
1150 5395 1335 5448 eadem
1379 5397 1655 5463 dicebant,
1706 5400 1876 5454 llomo
1906 5403 1994 5458 ille

419 5495 600 5554 raptus
627 5502 731 5538 non
757 5495 871 5550 est,
907 5501 1001 5539 cur
1028 5485 1144 5536 illos
1170 5486 1540 5542 condemnas?
1580 5490 1624 5543 si
1651 5492 1866 5547 solvere
1893 5510 1992 5547 vo-

418 5574 674 5637 luissent,
703 5578 783 5631 vel
809 5589 933 5631 ante
957 5577 1277 5641 solvissent,
1305 5577 1390 5633 vel
1419 5578 1577 5633 simul
1601 5584 1855 5637 exissent.
1885 5585 1993 5642 Sed

417 5668 670 5734 pecunias
688 5670 1030 5738 acceperunt?
1044 5668 1321 5737 Quomodo
1336 5671 1423 5740 qui
1442 5685 1612 5740 neque
1630 5676 1847 5742 pauperi
1867 5691 1991 5730 ero-

416 5774 541 5828 gare
563 5770 795 5832 poterat,
823 5762 904 5817 bis
922 5763 1196 5820 dedisset"
1215 5763 1396 5834 Neque
1418 5765 1556 5819 enim
1587 5764 1765 5821 fraeta:
1786 5778 1986 5825 catena:

1385 308 1448 364 IN
1487 309 1664 365 ACTA
1707 310 2228 370 Αροετοωιιυιι.
2274 313 2497 370 1101111...
2542 307 2754 371 XXVII.

3617 336 3718 392 20f.

2144 443 2318 498 neque
2346 432 2532 485 solutae
2567 443 2712 488 sunt.
2747 434 3035 506 Oportebat
3069 441 3249 499 videre
3288 459 3402 500 rem
3441 463 3561 504 esse
3586 451 3722 507 divi-

2141 534 2297 584 nam,
2322 537 2425 576 non
2456 523 2760 579 humanam.
2789 527 2991 585 Deinde
3012 572 3027 600 _.
3055 534 3178 602 quia
3211 535 3484 592 historiam
3508 557 3718 598 memo-

2139 624 2354 667 raturus
2379 624 2530 682 erat,
2581 619 2706 673 ideo
2722 621 2882 674 etiam
2914 625 3131 679 nomina
3165 629 3344 697 ponit,
3377 642 3434 687 ut
3465 635 3722 703 probetur

2137 707 2320 778 omnia
2345 723 2472 762 vere
2492 709 2614 764 diei.
2647 711 2713 764 Et
2736 730 2974 776 persuaso
2993 758 3008 781 ,
3043 717 3239 789 inquit,
3271 721 3476 790 Blasto,
3504 728 3590 796 qui
3611 742 3719 782 erat

2135 809 2286 864 super
2309 798 2592 852 cubiculum
2614 805 2764 872 regis,
2791 806 3111 866 postulabant
3137 828 3328 879 pacem.
3353 815 3465 869 Hoc
3485 818 3676 871 faciunt
3699 857 3714 883 ,

2134 888 2256 955 quia
2285 887 2456 945 latnes
2475 903 2606 946 erat.
2635 896 2838 948 Statnto
2863 909 3028 952 autent
3050 901 3148 966 die,
3173 906 3350 959 sedens
3372 907 3601 964 Herodes
3624 929 3714 980 pro

2133 980 2402 1046 tribunali,
2435 987 2799 1055 concionatur,
2850 991 3040 1060 inquit.
3073 993 3348 1066 Confestim
3388 1014 3552 1056 autem
3594 1022 3710 1072 per-

2132 1071 2286 1122 cussit
2321 1088 2435 1126 eum
2463 1078 2672 1145 angelus
2707 1077 2915 1135 Domini
2937 1098 2956 1135 :
2984 1094 3030 1136 et
3057 1098 3380 1157 consumptus
3408 1110 3440 1145 α
3466 1097 3710 1149 vermibus

2129 1165 2417 1232 exspiravit.

2198 1255 2251 1309 2.
2285 1255 2397 1311 Hoc
2422 1269 2474 1312 et
2502 1259 2765 1331 Josephns
2787 1265 2915 1320 dicit
2945 1268 3043 1338 (a),
3074 1271 3212 1338 quod
3245 1273 3297 1327 in
3322 1274 3541 1345 longum
3563 1295 3707 1334 mor-

2130 1344 2249 1404 bum
2283 1348 2543 1404 inciderit.
2573 1353 2718 1407 Multi
2749 1356 2924 1426 itaque
2955 1359 3056 1414 hoc
3085 1365 3395 1419 nesaiebant
3483 1381 3702 1437 aposto-

2128 1435 2211 1490 lus
2235 1455 2360 1493 vero
2385 1453 2581 1497 narrat.
2612 1446 2804 1500 Verum
2835 1449 3124 1518 ignorantia
3155 1455 3253 1507 illis
3286 1459 3552 1524 proderat,
3577 1461 3703 1516 dum

2127 1525 2354 1583 Herodis
2381 1547 2561 1588 casum
2595 1539 2750 1590 morti
2776 1539 2960 1595 Jacobi
2989 1552 3042 1597 et
3065 1545 3292 1599 militum
3315 1549 3444 1602 caedi
3475 1552 3704 1620 imputa-

2123 1631 2262 1674 rent.
2289 1621 2586 1693 Perpende,
2628 1631 2841 1696 quando
2865 1635 3162 1701 apostolum
3193 1640 3406 1704 occidit,
3438 1644 3566 1697 nihil
3601 1647 3707 1699 tale

2123 1709 2249 1766 fecit
2278 1731 2292 1767 :
2321 1718 2534 1782 quando
2561 1719 2699 1783 illos,
2727 1722 2856 1777 nihil
2884 1725 3114 1781 diccbat.
3146 1728 3338 1802 Utpote
3361 1732 3556 1789 dubius
3575 1751 3703 1807 ergo

2122 1817 2176 1861 et
2203 1808 2458 1863 confusus
2488 1827 2553 1865 ex
2579 1811 2760 1868 Judzea
2790 1817 3280 1876 Caesareamvenit.
3318 1825 3442 1880 Mihi
3473 1827 3726 1895 videtur,

2121 1910 2241 1949 cum
2286 1898 2408 1954 illos
2437 1901 2704 1957 abducere
2735 1907 2932 1973 vellet,
2964 1909 3029 1963 ad
3065 1911 3161 1966 hos
3203 1915 3448 1982 venisse,
3478 1927 3534 1971 ιιι
3582 1934 3703 1975 sese

2122 2001 2370 2058 purgaret
2400 2009 2413 2056 ;
2448 1993 2774 2050 irascebatur
2802 2001 2944 2054 enim
2992 2002 3118 2068 illis,
3149 2003 3273 2058 dtnn
3303 2006 3385 2061 his
3418 2009 3497 2063 sic
3532 2011 3700 2078 grati-

2119 2080 2390 2140 ﬁcaretur.
2419 2084 2550 2138 Vide
2578 2103 2735 2155 quam
2769 2105 2915 2144 vatur.
2942 2092 3126 2162 gloria:
3172 2096 3398 2165 cupidus
3423 2098 3582 2153 homo
3615 2116 3702 2156 es-

2117 2184 2217 2228 set.
2251 2174 2485 2230 Gratiam
2531 2178 2630 2232 illis
2659 2180 2879 2236 daturus
2907 2185 3258 2242 concinnatus
3286 2197 3390 2244 est.
3430 2189 3699 2259 Josephus

2119 2280 2244 2319 vero
2291 2267 2384 2332 ait,
2415 2269 2587 2339 ipsum
2618 2283 2763 2328 veste
2814 2276 3090 2344 splendida
3122 2289 3176 2334 et
3223 2289 3444 2351 argento
3492 2283 3697 2340 intexta

2117 2355 2368 2412 amictum
2399 2359 2584 2415 fuisse.
2614 2362 2746 2418 Vide
2772 2366 2934 2422 etiam
2975 2383 3134 2438 quam
3167 2369 3472 2427 adulatores
3517 2383 3699 2430 essent

2115 2446 2230 2510 illi,
2274 2459 2326 2502 et
2352 2453 2711 2520 apostolorum
2753 2471 2988 2512 sensum.
3021 2462 3186 2526 Quem
3228 2463 3371 2517 enim
3411 2479 3543 2534 gens
3586 2476 3695 2522 tota

2114 2541 2344 2608 colebat,
2377 2544 2518 2600 hunc
2550 2547 2622 2600 illi
2654 2551 2997 2619 respuebant.
3030 2553 3177 2609 Tune
3225 2555 3329 2609 illis
3369 2556 3550 2612 datum
3588 2569 3689 2624 est,

2116 2643 2172 2686 ut
2203 2637 2553 2704 respicerent,
2582 2648 2635 2692 et
2664 2642 2827 2694 multa
2855 2653 3002 2712 parta
3028 2655 3151 2698 sunt
3179 2647 3314 2700 bona
3339 2661 3403 2702 ex
3435 2648 3576 2703 illius
3613 2651 3692 2703 ul-

2116 2725 2278 2780 tione.
2309 2729 2457 2792 Quod
2480 2730 2523 2782 si
2557 2731 2643 2783 ille
2671 2731 2772 2786 hoc
2796 2733 2998 2799 audito,
3041 2735 3150 2790 Vox
3170 2737 3298 2803 Dei,
3320 2755 3421 2792 non
3452 2741 3689 2808 ltominis,

2114 2817 2235 2872 licet
2264 2818 2392 2872 nihil
2443 2822 2675 2886 dixerit,
2711 2823 2832 2878 talia
2883 2841 3067 2894 passus
3112 2837 3234 2882 est:
3275 2830 3442 2885 multo
3488 2831 3690 2901 majora

2111 2908 2379 2976 Christus,
2407 2912 2450 2966 si
2479 2912 2617 2967 Deus
2645 2929 2748 2968 non
2777 2913 2998 2980 fuisset,
3026 2933 3212 2986 passus
3238 2929 3400 2984 esset,
3434 2922 3520 2991 qui
3547 2936 3691 2976 sem—

2115 3019 2209 3070 per
2232 3005 2470 3069 dicebat,
2509 3005 2664 3060 Verba
2693 3024 2801 3061 mea
2826 3025 2926 3062 non
2953 3028 3061 3062 mea
3087 3021 3222 3074 sunt,
3246 3022 3320 3076 et,
3351 3013 3573 3067 blinistri
3595 3017 3692 3069 mei

2111 3094 2281 3165 utique
2309 3097 2614 3150 decertarent
2665 3097 2857 3172 (Joan.
2897 3103 2984 3155 14.
3031 3102 3118 3156 10.
3163 3114 3208 3157 et
3248 3104 3333 3159 18.
3367 3106 3493 3176 56),
3541 3106 3688 3160 θίξιιὶ-

2111 3185 2303 3256 liaqne.
2331 3189 2422 3243 ille
2449 3206 2575 3244 vero
2612 3190 2750 3247 laede
2781 3205 2832 3248 et
2859 3196 3232 3251 miserabiliter
3261 3200 3420 3252 vitam
3455 3201 3647 3255 clausit
3671 3219 3685 3266 ;

2109 3289 2164 3330 et
2213 3281 2341 3334 nihil
2389 3297 2456 3336 ex
2502 3297 2567 3337 eo
2588 3285 2872 3354 reliquum.
2923 3288 3200 3358 Perpende
3248 3292 3372 3347 item
3420 3297 3690 3363 quomodo
3730 3355 3739 3366 ,

2111 3369 2291 3424 Blasto
2320 3375 2660 3442 assentimur,
2706 3386 2760 3430 ct
2801 3394 2958 3444 quam
3010 3379 3164 3435 facile
3209 3383 3370 3436 miser
3413 3385 3500 3438 ille
3530 3385 3689 3440 homo

2111 3462 2391 3529 irascatur,
2423 3474 2478 3519 et
2507 3479 2686 3535 postea
2720 3471 3009 3539 mitigetur,
3042 3472 3238 3542 ubique
3269 3476 3448 3544 pepuli
3477 3492 3684 3539 servus.

2112 3554 2350 3624 nihilque
2391 3556 2615 3612 liberum
2663 3558 2887 3615 habens.
2919 3560 3207 3617 Considera
3242 3565 3365 3618 item
3396 3569 3686 3623 auctorita-

2112 3657 2215 3701 tem
2235 3649 2464 3719 Spiritus
2484 3653 2677 3706 sancti.
2695 3652 3099 3712 Ministrantibus
3127 3669 3290 3712 autem
3315 3659 3419 3714 illis
3449 3660 3682 3728 Domino,

2110 3737 2299 3809 inquit,
2327 3749 2376 3795 et
2411 3743 2780 3811 jeiunantibus,
2814 3747 2941 3800 dixit
2969 3747 3192 3817 Spiritus
3239 3762 3438 3806 sanctus
3457 3769 3475 3806 :
3503 3754 3689 3825 Segre-

2107 3841 2224 3900 gate
2267 3832 2392 3886 mihi
2434 3833 2719 3889 Barnabam
2756 3847 2800 3892 et
2841 3838 3080 3894 Saulunt.
3127 3842 3258 3911 Quis
3306 3859 3466 3900 ausus
3505 3859 3681 3912 esset,

2109 3923 2210 3976 nisi
2238 3931 2384 3978 tanta
2425 3936 2687 3994 potestate
2718 3929 2877 3984 fultus
2897 3973 2913 3997 ,
2947 3932 3061 3987 haec
3101 3935 3322 3990 dicere?
3369 3937 3479 3992 lloc
3507 3950 3683 3994 autem

2109 4015 2186 4072 lit.
2222 4025 2405 4069 utnon
2433 4017 2590 4072 simul
2637 4019 2736 4090 ipsi
2780 4033 3048 4078 maneant.
3086 4024 3226 4079 Vidit
3274 4028 3390 4082 illos
3431 4029 3686 4100 majorem

2109 4104 2305 4160 habere
2321 4107 2587 4172 virtutem,
2607 4119 2659 4164 et
2683 4112 2930 4179 pluribus.
2945 4129 3101 4183 posse
3121 4116 3384 4172 sufﬁcere.
3408 4117 3687 4186 Quomodo

2107 4204 2284 4250 autem
2313 4198 2418 4252 illis
2463 4201 2710 4269 loquutus
2753 4203 2871 4257 est?
2911 4203 3071 4260 Forte
3101 4221 3196 4274 per
3223 4208 3528 4276 prophetas.
3565 4212 3688 4264 ideo

2106 4298 2233 4342 ante
2260 4288 2412 4352 dixit,
2441 4299 2496 4344 et
2526 4292 2813 4360 prophetas
2835 4293 2999 4348 fuisse
3022 4306 3075 4351 et
3097 4297 3370 4365 jejunasse
3395 4310 3556 4369 atque
3589 4304 3685 4358 mi-

2107 4376 2386 4444 nistrasse,
2413 4387 2470 4434 ut
2493 4380 2670 4436 discas
2695 4385 2862 4438 multa
2890 4385 3178 4442 sobrietate
3203 4403 3335 4458 epos
3362 4391 3542 4447 fuisse.
3568 4398 3680 4448 An-

2108 4468 2317 4524 tiochize
2346 4472 2642 4540 ordinatur,
2698 4475 2784 4529 ubi
2817 4477 3086 4546 praedicat.
3120 4481 3229 4535 Cur
3252 4501 3354 4538 non
3383 4485 3547 4554 dixit,
3585 4490 3684 4542 Do-

2106 4561 2251 4617 mino
2304 4574 2610 4634 segregate,
2668 4567 2802 4634 sed,
2843 4567 3013 4624 Mihi?
3063 4570 3309 4628 Ostendit
3357 4592 3512 4631 unam
3562 4596 3684 4637 esse

2105 4657 2393 4725 potentiam
2416 4671 2470 4712 et
2500 4659 2764 4715 virtutem.

2177 4748 2368 4821 Magna
2409 4769 2488 4805 res
2526 4754 2800 4824 jejunium.
2843 4755 3061 4812 Muliere
3102 4759 3295 4815 deliciis
3346 4763 3516 4818 dedita
3553 4766 3683 4821 nihil

2104 4845 2320 4910 turpius.
2348 4872 2419 4881 —
2447 4843 2633 4898 Viden’
2663 4857 2857 4915 quanta
2890 4864 2974 4902 res
3003 4851 3073 4904 sit
3107 4851 3366 4921 jejunium
3390 4857 3414 4909 ?
3435 4856 3680 4912 Ostendit

2103 4930 2357 5000 Spiritum
2382 4935 2559 4988 omnia
2588 4937 2794 4992 fecisse.
2815 4939 3057 5008 Magnum
3087 4945 3352 5012 quoddam
3379 4948 3572 5004 bonum
3599 4962 3680 5006 est

2099 5021 2356 5090 jejunium
2386 5045 2398 5078 :
2432 5042 2534 5078 non
2567 5028 2794 5082 termino
2837 5031 3312 5091 cireumscribitur.
3347 5039 3476 5093 Cum
3527 5043 3674 5098 ordi-

2103 5129 2231 5168 nare
2263 5117 2571 5185 oportebat,
2623 5128 2748 5174 tunc
2787 5121 3031 5190 jejnnant
3057 5143 3070 5180 :
3100 5139 3153 5180 et
3185 5128 3550 5198 jejunantibus
3575 5136 3678 5191 illis

2101 5205 2234 5259 dixit
2255 5205 2504 5275 Spiritus.
2534 5209 2802 5279 Jejunium
2831 5230 2958 5269 vero
2986 5234 3092 5271 non
3119 5219 3219 5274 hoc
3245 5223 3416 5276 solum
3439 5237 3515 5280 est
3538 5245 3558 5292 ;
3581 5231 3676 5285 sed

2101 5297 2259 5350 etiam
2291 5299 2560 5355 abstinere
2601 5319 2631 5356 ει
2663 5304 2900 5371 deliciis,
2949 5307 3134 5376 jejunii
3167 5315 3372 5380 Species
3409 5326 3508 5370 est.
3565 5317 3675 5376 lloc

2103 5403 2311 5448 tantum
2341 5408 2438 5463 ego
2485 5396 2686 5463 impero
2735 5414 2748 5450 :
2794 5413 2898 5451 non
2939 5400 3210 5470 jejunate,
3249 5406 3341 5458 sed
3393 5424 3419 5459 a
3471 5408 3677 5468 deliciis

2099 5485 2379 5539 abstinete.
2409 5487 2672 5541 Alimenta
2722 5504 3052 5557 qtueramns.
3108 5508 3209 5545 non
3240 5499 3670 5568 corruptionem;

2097 5578 2343 5631 alimenta
2363 5579 2682 5648 quaeramus,
2708 5596 2810 5633 non
2831 5582 3134 5636 ntorhorum
3159 5588 3539 5646 occasionesct
3557 5596 3670 5664 api-

2165 5780 2242 5843 ια)
2279 5777 2396 5830 Vide
2420 5780 2713 5844 Josephum,
2731 5781 2814 5832 lib.
2845 5782 2922 5842 19,
2947 5781 3052 5835 εστ.
