4104 6148
387 246 490 306 ποτ

382 361 655 418 ritItalium
701 372 756 414 et
797 371 1214 429 corporeornm;
1262 357 1570 413 alimentum
1621 370 1960 428 quaeramus,

382 453 523 522 quod
555 451 880 520 voluptatem
908 451 1122 519 quidem
1164 450 1388 515 habeat,
1435 465 1540 505 non
1585 464 1714 504 vero
1747 448 1965 502 delicias

383 542 620 596 molestia
651 542 856 611 plenas.
881 540 1015 595 lllud
1045 555 1208 595 suave
1252 550 1356 607 εει,
1412 540 1517 596 hoc
1566 541 1962 611 perniciosum,

381 632 511 688 illud
538 633 781 702 voluptas
811 643 927 699 est,
963 633 1063 688 hoc
1086 633 1273 698 labor;
1305 632 1434 686 illud
1467 632 1762 688 secundum
1807 642 1964 686 natu-

379 705 524 787 ram,
573 723 674 778 hoc
703 735 896 794 pra-ter
925 735 1188 779 naturam.
1242 725 1336 780 Dic
1368 724 1510 780 enim
1551 724 1680 778 mihi
1706 764 1721 790 ,
1757 724 1800 778 si
1844 724 1966 792 quis

377 817 531 873 daret
559 817 653 873 tibi
684 820 918 873 toxicum
943 819 1011 874 ad
1041 828 1221 888 potum
1244 861 1258 882 ,
1287 834 1466 874 nonne
1492 817 1594 871 hoc
1629 829 1824 885 praeter
1863 832 1960 895 na_-

379 920 549 964 Iuram
582 911 763 964 esset?
789 911 832 964 si
863 911 981 980 quis
1007 912 1147 981 ligna
1175 921 1229 965 et
1254 911 1490 981 lapides,
1527 926 1707 965 nonne
1745 925 1960 965 aversa-

379 1000 534 1066 reris,
567 1011 622 1056 et
649 1001 864 1072 quidem
909 1002 1135 1058 merito?
1165 1003 1364 1058 Praeter
1405 1016 1644 1058 naturam
1675 1005 1817 1058 enim
1861 1001 1962 1057 hoc

377 1104 497 1160 est,
529 1104 586 1148 ut
621 1105 674 1149 et
714 1095 939 1151 deliciae.
963 1094 1096 1150 Nam
1129 1107 1186 1149 ut
1213 1097 1264 1150 in
1293 1097 1508 1151 civitate
1529 1139 1544 1162 ,
1585 1113 1704 1167 quzc
1748 1095 1960 1150 obside-

378 1198 482 1251 tur,
517 1204 703 1259 magna
735 1190 1064 1258 perturbatio
1093 1197 1149 1245 ει
1172 1190 1429 1244 tumultus
1453 1200 1535 1245 est
1555 1233 1570 1252 ,
1611 1190 1835 1245 inimicis
1879 1189 1959 1242 in-

373 1277 527 1347 gredi
564 1280 919 1334 conantibus:
953 1282 1023 1335 ita
1053 1282 1187 1336 etin
1231 1282 1406 1336 anima
1437 1281 1662 1343 accidit,
1703 1281 1831 1335 dum
1881 1281 1960 1334 vi-

375 1384 501 1422 num
529 1379 582 1422 et
600 1369 805 1424 delicia;
835 1373 1238 1440 superveniunt.
1268 1371 1364 1425 Cui
1388 1389 1462 1426 me
1487 1414 1502 1438 ,
1557 1375 1637 1426 cui
1665 1373 1911 1426 tumultus
1939 1415 1954 1436 ,

373 1459 454 1512 cui
475 1460 717 1515 molestia
739 1471 787 1517 et
814 1478 992 1533 nugw,
1020 1464 1102 1516 cui
1116 1464 1409 1534 judicium?
1445 1481 1611 1518 nonne
1636 1465 1697 1518 iis
1717 1504 1730 1517 .
1762 1466 1850 1534 qui
1878 1466 1956 1518 vi-

374 1567 495 1604 num
515 1552 717 1606 assidue
744 1555 956 1624 potant?
983 1553 1143 1624 Cujus
1178 1556 1307 1625 lippi
1347 1565 1465 1608 sunt
1485 1557 1621 1609 oculi
1657 1555 1839 1624 (Prov.
1863 1555 1952 1611 25.

371 1642 462 1697 29.
487 1643 614 1715 50)?
645 1643 838 1699 Verum
869 1647 1124 1717 quidquid
1152 1647 1465 1712 dixerimus,
1499 1664 1604 1702 nun
1651 1657 1958 1704 averlemus

372 1749 486 1802 eos,
511 1736 599 1806 qui
625 1736 832 1792 deliciis
853 1737 984 1792 dant
1005 1755 1245 1807 operam,
1279 1739 1376 1793 nisi
1400 1741 1561 1793 alium
1583 1740 1957 1808 aggrediamur
1979 1777 1982 1782 -

371 1829 533 1882 animi
552 1830 817 1884 morbum.
844 1830 910 1884 Et
935 1833 1162 1900 primum
1181 1842 1364 1886 contra
1390 1833 1641 1887 mulieres
1661 1834 1729 1886 sit
1752 1848 1952 1886 sermo.

371 1921 508 1976 Nihil
542 1924 748 1993 turpius
797 1925 1020 1979 muliere
1061 1925 1269 1980 deliciis
1306 1924 1520 1991 dedita,
1571 1925 1702 1978 nihil
1752 1925 1956 1993 turpius

369 2017 580 2073 ebriosa
606 2037 621 2074 :
661 2020 976 2075 obscuratur
1001 2021 1140 2076 enim
1172 2021 1271 2077 llos
1300 2023 1481 2077 vultus
1529 2022 1646 2092 ejus
1668 2065 1683 2090 ,
1715 2024 1956 2079 turbatur

368 2111 629 2167 serenitas
659 2121 713 2167 et
741 2113 974 2168 suavitas
1011 2113 1288 2168 oculorum
1314 2156 1328 2177 ,
1361 2115 1510 2185 quasi
1553 2115 1691 2170 nube
1724 2115 1953 2186 quadam

366 2205 575 2260 salares
600 2204 780 2261 radios
805 2205 1086 2262 subeunte.
1106 2207 1211 2262 Res
1235 2217 1319 2263 est
1339 2207 1612 2263 illiberalis
1633 2219 1686 2263 et
1709 2209 1914 2264 servili.-
1935 2251 1951 2276 ,

367 2309 528 2368 atque
553 2299 884 2370 ignobilitate
907 2303 1079 2369 plena.
1105 2301 1275 2370 Quam
1297 2302 1530 2357 insuavis
1554 2313 1636 2358 est
1658 2305 1850 2360 mulier
1876 2306 1956 2360 vi-

369 2403 495 2444 num
526 2392 736 2460 spirans
758 2433 771 2455 ,
803 2392 944 2462 quod
974 2394 1117 2448 oleat
1137 2404 1192 2450 et
1220 2406 1528 2465 corruptum
1555 2397 1625 2451 sit
1665 2398 1790 2453 dum
1829 2415 1951 2452 eru-

368 2487 478 2532 ctat
523 2481 764 2536 carnium
807 2493 1177 2553 corruptarum
1217 2485 1532 2555 humorem,
1572 2499 1853 2558 aggravata
1897 2499 1953 2544 ut

369 2587 588 2643 surgere
615 2585 866 2645 nequeat,
900 2577 1192 2632 rubicunda
1222 2580 1339 2649 plus
1366 2595 1526 2650 quam
1559 2595 1655 2650 par
1677 2591 1781 2647 est,
1810 2582 1952 2638 osci-

371 2674 508 2731 tans,
531 2677 584 2721 et
613 2665 1055 2738 caligineoffusa?
1081 2672 1150 2725 At
1187 2687 1291 2726 non
1326 2673 1444 2727 talis
1491 2683 1574 2728 est
1616 2674 1735 2739 illa,
1776 2690 1894 2744 qua:
1921 2692 1952 2731 a

368 2758 638 2828 voluptate
663 2761 930 2828 abstinet;
973 2762 1066 2818 sed
1108 2763 1366 2832 honesta,
1415 2775 1719 2834 temperans
1744 2778 1798 2823 et
1837 2766 1947 2823 for-

368 2865 517 2904 mosa
553 2867 567 2904 :
601 2866 722 2905 nam
750 2853 915 2906 animi
947 2855 1264 2924 compositio
1305 2856 1530 2912 multum
1560 2859 1770 2927 corpori
1798 2858 1952 2914 affert

367 2941 637 2997 decorem.
659 2942 734 2997 Ne
761 2955 913 3012 putes
935 2947 1077 2998 enim
1108 2962 1135 2997 a
1159 2947 1423 3016 corporali
1453 2948 1625 3002 solum
1653 2951 1830 3018 specie
1853 2950 1953 3007 hoc

369 3032 504 3086 fieri.
540 3033 610 3085 Da
643 3033 930 3088 formosam
960 3036 1211 3103 puellam,
1243 3038 1622 3104 turbulentam,
1651 3040 1948 3111 loquacem,

369 3127 776 3191 conviciantem,
807 3127 1094 3193 ebriosam,
1118 3140 1484 3199 sumptuosam
1523 3150 1535 3185 :
1567 3149 1743 3188 nonne
1764 3138 1954 3204 quavis

372 3218 510 3275 feda
551 3228 604 3273 et
635 3219 770 3288 turpi
797 3219 1088 3274 deformior
1123 3222 1245 3276 est?
1287 3221 1342 3276 Si
1383 3237 1511 3278 vero
1557 3225 1815 3294 pudorem
1860 3227 1955 3281 ha-

373 3312 487 3367 beat
511 3354 527 3379 ,
555 3314 597 3366 si
627 3322 797 3366 taceat
816 3355 832 3376 ,
862 3314 905 3366 si
935 3314 1251 3368 erubescere
1287 3314 1534 3370 didit-erit
1554 3359 1569 3383 ,
1611 3332 1674 3372 ac
1713 3320 1952 3374 modeste

371 3406 549 3476 loqui,
595 3405 639 3460 si
680 3409 924 3475 jejunare
950 3447 963 3469 ,
992 3405 1185 3475 duplex
1237 3415 1320 3460 est
1357 3407 1734 3477 pulchritudo,
1783 3412 1953 3480 major

371 3497 574 3559 forma,
624 3499 824 3568 gratior
862 3499 1070 3560 vultus,
1113 3499 1358 3554 castitate
1401 3509 1456 3554 et
1501 3514 1691 3556 ornatu
1740 3504 1948 3574 plenus.

376 3591 464 3644 \‘is
493 3591 598 3655 iam
627 3591 694 3646 de
724 3591 854 3644 viris
885 3591 1206 3661 loquamur?
1235 3591 1372 3657 Quid
1399 3593 1550 3646 ebrio
1581 3597 1826 3664 turpius?
1857 3598 1951 3651 lti-

370 3682 580 3736 diculus
612 3692 694 3735 cst
734 3681 944 3736 famulis
967 3724 980 3747 ,
1030 3681 1287 3737 ridiculus
1324 3683 1600 3751 hostibus,
1634 3687 1954 3744 miserabilis

370 3771 508 3839 apud
535 3771 735 3826 amicos
755 3812 770 3836 ,
801 3774 944 3826 omni
975 3773 1318 3831 damnatione
1367 3774 1597 3844 dignus:
1630 3775 1740 3830 fera
1787 3779 1953 3849 magis

371 3877 528 3930 quam
557 3860 718 3916 homo
750 3880 765 3918 :
797 3877 917 3917 nam
948 3863 1125 3919 multis
1152 3866 1462 3937 ingurgitari
1496 3867 1667 3936 pardi,
1704 3869 1872 3923 leonis
1901 3879 1954 3925 et

374 3953 482 4007 ursi
513 3961 615 4008 est.
645 3954 714 4008 At
745 3954 830 4008 illa
862 3955 939 4009 sic
964 3955 1157 4010 merito
1183 3957 1381 4012 faciunt
1410 3975 1424 4011 :
1455 3975 1558 4012 non
1584 3959 1782 4016 habent
1811 3963 1952 4016 enim

371 4047 600 4100 animam
631 4048 961 4103 rationalem.
985 4047 1122 4117 Quin
1150 4057 1205 4103 et
1232 4049 1335 4104 illa:
1356 4050 1400 4105 si
1431 4051 1564 4105 ultra
1591 4068 1891 4107 mensuram
1921 4070 1950 4108 a

374 4149 558 4192 natura
588 4138 861 4194 definitam
893 4140 1074 4206 edant,
1106 4149 1222 4195 toto
1243 4156 1469 4212 corpore
1490 4156 1906 4214 corrumpuntur
1937 4166 1950 4201 :

371 4239 570 4302 quanto
601 4233 768 4303 magis
793 4233 929 4287 nos?
973 4231 1095 4288 Ideo
1124 4233 1277 4288 nobis
1304 4235 1445 4290 Deus
1495 4245 1776 4305 angustum
1827 4254 1955 4294 ven-

375 4335 510 4378 trem
540 4325 721 4392 dedit;
757 4325 876 4380 ideo
903 4340 1121 4395 parvam
1153 4327 1245 4381 tibi
1275 4344 1579 4384 mensuram
1607 4331 1869 4400 definivit,
1898 4342 1955 4388 ut

372 4416 589 4472 doceret
615 4420 845 4473 animam
876 4421 1049 4473 curari
1079 4430 1347 4489 Oportere.

445 4509 498 4563 ὅ.
530 4509 942 4564 Cousideremus
979 4511 1148 4579 ipsam
1190 4514 1629 4569 constitutionem
1678 4525 1913 4571 nostram
1937 4560 1951 4580 ,

373 4609 428 4654 et
455 4599 751 4654 videbimus
777 4616 939 4654 uuam
973 4602 1281 4670 particulam
1311 4603 1361 4656 in
1406 4604 1559 4659 nobis
1589 4604 1725 4660 hanc
1756 4606 1954 4664 habere

371 4693 758 4762 operationem.
792 4690 867 4746 Os
908 4693 1050 4746 enim
1084 4702 1323 4747 nostrmn
1355 4701 1409 4748 et
1431 4695 1606 4766 lingua
1635 4698 1699 4751 ad
1730 4697 1957 4768 hymnos

371 4787 622 4854 deputata
651 4795 804 4838 sunt.
836 4785 1017 4839 fauces
1036 4785 1101 4839 ad
1128 4801 1335 4840 vocem.
1370 4787 1493 4842 Ideo
1524 4791 1814 4845 necessitas
1859 4809 1955 4846 na-

372 4891 508 4934 tura:
539 4893 636 4932 nos
664 4877 870 4949 ligavit,
903 4890 958 4932 ut
985 4895 1052 4932 ne
1080 4878 1226 4932 inviti
1253 4879 1465 4950 quidem
1491 4883 1540 4934 in
1569 4881 1784 4936 multam
1812 4882 1954 4937 diffi-

371 4974 624 5028 cultatem
668 4971 984 5026 incidamus.
1016 4972 1072 5026 Si
1115 4988 1344 5042 namque
1368 4975 1610 5044 voluptas
1654 4976 1869 5031 morbos
1900 4988 1954 5031 et

373 5064 715 5134 :rgritudines
745 5079 848 5118 non
878 5064 1116 5125 haberet,
1147 5065 1438 5120 tolerabilis
1470 5080 1555 5120 res
1594 5076 1736 5122 esset
1769 5085 1783 5122 :
1813 5085 1956 5123 nunc

373 5169 552 5213 autem
602 5166 807 5212 natura:
857 5157 948 5211 tibi
995 5157 1252 5212 terminos
1297 5158 1506 5226 pauit,
1552 5168 1611 5212 ut
1646 5174 1715 5215 ne
1761 5161 1950 5215 volens

370 5254 584 5322 quidem
614 5250 1041 5322 transgrediaris.
1087 5250 1273 5306 Nonne
1311 5251 1667 5322 voluptatem,
1717 5252 1911 5308 dilecte
1935 5296 1950 5317 ,

371 5343 611 5416 quaeris?
649 5343 795 5398 lianc
822 5359 850 5396 a
880 5342 1177 5412 frugalitate
1210 5342 1421 5412 parabis
1445 5360 1459 5398 :
1488 5359 1664 5399 nonne
1690 5344 1924 5400 valetudi

372 5437 534 5490 nem?
577 5436 643 5491 Et
671 5434 808 5489 hanc
834 5449 1083 5504 qu0que:
1130 5449 1306 5489 nomne
1353 5436 1649 5490 libertatem
1691 5452 1720 5489 a
1765 5439 1953 5491 curis?

371 5526 517 5582 lianc
563 5526 784 5581 itidem:
819 5541 996 5582 nonne
1055 5526 1388 5592 libertatem,
1446 5528 1606 5582 robur
1654 5541 1707 5584 et
1759 5530 1950 5584 bonam

371 5619 808 5676 constitutionem
835 5621 1096 5689 corporis,
1121 5621 1312 5674 anima:
1339 5621 1701 5685 sobrietatem,
1730 5623 1950 5690 vigilan—

372 5710 540 5764 tiam?
568 5708 713 5764 Bona
737 5710 915 5764 omnia
938 5709 1024 5765 hic
1043 5719 1165 5765 sunt
1196 5728 1208 5766 :
1245 5711 1294 5766 in
1323 5713 1540 5782 crapula
1580 5728 1705 5766 vero
1732 5725 1946 5768 contra—

1095 245 1151 300 S.
1191 242 1467 299 JOANNIS
1502 235 1972 298 CllllYSOSTOMI
2013 237 2326 294 ARCIIIEP.
2366 239 2898 318 CONSTANTINOP.

3551 245 3658 301 208

2078 356 2153 408 ιη
2183 395 2197 422 ,
2233 356 2541 421 insuavitas,
2579 357 2714 412 mala
2745 360 3012 426 valetudo,
3038 361 3275 425 morbus,
3306 361 3655 433 “liberalitas,

2071 460 2332 518 sumptus.
2360 450 2510 507 Unde
2532 452 2713 522 igitur,
2739 455 2965 524 inquies,
2987 455 3052 509 ad
3079 457 3220 510 illam
3244 457 3511 513 currimus
3537 475 3659 512 orn-

2070 541 2209 595 nes?
2245 541 2325 597 Ab
2355 541 2684 598 inﬁrmitate.
2718 545 2810 600 Dic
2837 549 2980 601 enim
3009 547 3134 601 mihi
3160 591 3175 615 ,
3209 564 3307 604 cur
3329 565 3473 620 aeger
3499 554 3656 608 noxia

2069 636 2495 704 qu:erit?:mnon
2545 637 2647 693 hoc
2692 639 2863 708 ipsmn
2907 642 3115 711 signmn
3161 651 3244 696 est
3291 644 3508 698 morbi?
3547 644 3659 701 Cur

2068 727 2288 784 claudus
2313 745 2418 785 non
2443 740 2588 786 recte
2620 732 2853 786 incedit?
2890 749 3067 788 nonne
3097 750 3162 789 ex
3192 735 3396 807 ignavia
3429 747 3484 792 et
3508 739 3652 808 quod

2069 820 2202 873 nolit
2221 823 2477 877 accedere
2501 822 2567 878 ad
2597 823 2903 879 medicum?
2930 826 3035 880 Res
3063 828 3205 882 enim
3231 828 3349 882 alia:
3381 839 3654 898 tempora-

2067 928 2220 966 neam
2254 913 2452 968 habent
2478 917 2804 984 voluptatem
2837 929 3259 988 perpetuumque
3299 923 3649 991 supplicium;

2065 1004 2184 1057 aliae
2218 1019 2250 1059 e
2289 1008 2560 1062 contrario
2586 1016 2984 1078 temporaneam
3015 1012 3323 1086 patientiam
3364 1025 3418 1068 et
3456 1031 3653 1086 perpe-

2069 1105 2214 1148 tuum
2241 1095 2512 1166 gaudium.
2541 1099 2640 1164 Qui
2666 1099 2828 1170 igitur
2847 1101 2926 1155 sic
2953 1099 3125 1156 mellis
3149 1111 3204 1157 et
3225 1103 3445 1174 ignavus
3464 1116 3566 1170 est,
3597 1116 3655 1162 ut

2066 1203 2171 1240 non
2199 1197 2506 1244 contemnat
2548 1202 2844 1261 prmsentes
2874 1193 3095 1249 delicias
3135 1210 3230 1263 pro
3260 1196 3450 1252 futuris
3472 1238 3488 1262 ,
3544 1199 3653 1252 cito

2064 1279 2290 1348 capitur.
2321 1281 2415 1336 Dic
2436 1282 2585 1349 mihi,
2613 1283 2752 1339 Esau
2777 1285 2917 1339 unde
2937 1295 3121 1354 captus
3143 1295 3258 1351 est;
3287 1286 3428 1343 unde
3454 1287 3649 1342 factum

2066 1385 2119 1428 ut
2147 1383 2462 1442 pr:rsentem
2491 1375 2812 1444 voluptatem
2863 1376 3038 1431 futuro
3086 1378 3274 1432 honori
3316 1379 3642 1448 prazlerret?

2065 1463 2142 1517 Ex
2173 1465 2415 1520 mollitie.
2439 1466 2552 1523 Hoc
2578 1467 2748 1537 ipsum
2778 1485 2906 1524 vero
2927 1470 3087 1537 unde,
3118 1471 3364 1541 inquies?
3387 1473 3462 1527 Ex
3497 1473 3650 1530 nobis

2064 1557 2226 1626 ipsis;
2256 1559 2398 1628 quod
2429 1559 2549 1614 hinc
2581 1561 2922 1617 manifestmn
2951 1576 3052 1618 est.
3085 1565 3310 1630 Quando
3358 1567 3606 1623 Volumus
3629 1610 3644 1630 ,

2063 1663 2161 1703 nos
2190 1651 2503 1714 excitaturus,
2531 1663 2584 1706 et
2614 1654 2874 1722 patientes
2901 1654 3182 1710 eflicimur.
3213 1657 3268 1712 Si
3298 1657 3458 1727 igitur
3478 1675 3650 1728 quan-

2061 1741 2238 1810 doque
2272 1743 2546 1798 advenerit
2580 1746 2905 1811 necessitas,
2951 1763 3095 1816 s:epe
3121 1749 3496 1804 contendendo
3526 1762 3647 1806 tan-

2064 1840 2196 1897 tum,
2219 1834 2344 1902 quid
2379 1836 2512 1890 utile
2538 1837 2607 1890 sit
2637 1837 3018 1906 conspicimus.

2133 1923 2279 1979 Gula:
2303 1927 2459 1980 mala.
2487 1956 2559 1967 -—
2581 1926 2717 1982 Cum
2751 1943 2880 1998 ergo
2916 1930 3122 1984 deliciis
3164 1939 3216 1987 te
3244 1929 3515 1986 dediturus
3543 1949 3602 1988 es
3629 1976 3642 1999 ,

2061 2027 2460 2089 temporaneam
2498 2035 2620 2075 esse
2654 2021 2981 2090 voluptatem
3028 2023 3201 2094 cogita
3229 2065 3242 2089 ,
3284 2024 3646 2095 damnumque

2060 2109 2186 2165 hinc
2228 2112 2547 2181 proveniens
2585 2114 2878 2182 (damnum
2911 2115 3051 2170 enim
3088 2131 3210 2172 vere
3245 2126 3366 2184 εει,
3400 2135 3520 2173 cum
3552 2134 3644 2173 Sua

2060 2203 2295 2272 pernicie
2325 2211 2398 2256 tot
2427 2218 2559 2274 opes
2590 2204 2901 2276 insumere),
2936 2207 3172 2269 morbos,
3207 2207 3563 2272 infirmitates,
3593 2220 3648 2265 et

2058 2296 2382 2366 voluptatem
2409 2307 2711 2352 contemne.
2742 2299 2883 2364 Quot
2913 2301 2989 2354 vis
3030 2300 3123 2354 tibi
3153 2300 3396 2355 homines
3425 2319 3645 2356 emunc-

2059 2403 2172 2443 rem
2199 2389 2332 2442 mala
2365 2402 2550 2458 passos
2578 2404 2607 2441 a
2636 2389 3008 2445 deliciis?Noe
3039 2391 3330 2446 im-briatus
3355 2403 3436 2447 est
3461 2409 3524 2449 ac
3549 2410 3646 2447 nu-

2057 2479 2248 2547 datus;
2281 2493 2334 2536 et
2359 2482 2480 2536 vide
2510 2492 2640 2550 quot
2673 2483 2797 2538 hinc
2827 2485 2962 2536 mala
2991 2486 3270 2538 evenerint
3300 2504 3312 2538 :
3347 2501 3443 2555 per
3467 2487 3642 2556 gulam

2057 2573 2197 2627 Esat'r
2243 2573 2592 2643 primogenita
2634 2574 2901 2643 perdidit,
2934 2583 2988 2628 et
3023 2575 3088 2629 ad
3134 2576 3308 2630 fratris
3351 2578 3550 2632 czedem
3588 2595 3646 2631 se

2057 2663 2306 2717 accinxit.
2343 2663 2572 2734 Papulas
2601 2663 2769 2718 Israel
2804 2667 2932 2719 sedit
2964 2668 3270 2720 manducare
3296 2678 3342 2721 et
3367 2669 3530 2722 bibere
3554 2711 3568 2734 ,
3599 2681 3645 2722 et

2057 2764 2378 2808 surrexerunt
2425 2755 2598 2808 ludere
2637 2755 2654 2824 (
2686 2754 2854 2809 Exod.
2891 2756 2976 2810 5‘2.
3009 2758 3106 2826 6).
3171 2757 3290 2812 Ideo
3344 2761 3444 2823 ait,
3488 2759 3639 2814 Com-

2057 2846 2210 2900 edens
2237 2856 2285 2901 et
2311 2847 2481 2901 bibens
2506 2847 2773 2901 recordare
2799 2847 3005 2902 Domini
3032 2848 3126 2903 Dei
3153 2851 3226 2902 tui
3247 2849 3419 2917 (Deut.
3450 2852 3500 2906 6.
3531 2853 3640 2922 12).

2059 2939 2116 2995 1η
2145 2940 2492 3010 praecipitium
2533 2942 2676 2996 enim
2708 2951 2964 3009 ruerunt,
2999 2944 3084 3012 qui
3118 2945 3168 2996 in
3197 2944 3416 2999 delicias
3448 2946 3645 3000 incide-

2058 3043 2200 3087 runt.
2242 3033 2428 3100 Vidua,
2462 3034 2652 3104 inquit,
2683 3049 2794 3104 qua:
2820 3035 2874 3087 in
2903 3035 3098 3088 deliciis
3127 3046 3218 3100 est,
3251 3037 3418 3090 vivens
3448 3049 3647 3090 mortua

2058 3137 2128 3180 est
2155 3126 2231 3200 (i.
2261 3124 2396 3181 Tim.
2426 3127 2478 3181 5.
2510 3125 2600 3199 li);
2633 3142 2696 3182 ac
2725 3143 2957 3191 rursum,
2989 3125 3364 3199 ltrrpitrgrtatits,
3395 3131 3643 3183 incrassa-

2058 3229 2138 3272 tus
2162 3229 2254 3285 est,
2284 3227 2330 3273 et
2353 3219 2686 3273 recalcitravit
2707 3219 2918 3273 dilectus
2939 3219 3114 3291 (Deut.
3141 3222 3228 3276 52.
3262 3222 3374 3292 l5);
3407 3237 3648 3276 rursum-

2057 3327 2160 3379 que
2179 3311 2461 3380 Apostolus
2485 3345 2500 3371 ,
2530 3310 2710 3365 Carnis
2741 3328 2913 3364 cru-am
2944 3328 3008 3365 ne
3043 3314 3257 3381 feceritis
3293 3313 3346 3366 in
3385 3313 3648 3367 desideriis

2059 3401 2252 3473 (Rom.
2287 3402 2373 3458 15.
2413 3402 2534 3471 14).
2575 3402 2689 3456 Non
2738 3403 2909 3473 legem
2957 3418 3096 3472 pono
3132 3404 3398 3472 jejunium
3428 3405 3446 3473 (
3475 3420 3649 3474 neque

2058 3495 2200 3550 enim
2231 3502 2315 3550 est
2339 3494 2428 3564 qui
2457 3494 2702 3562 audiat),
2735 3495 2829 3548 sed
2864 3496 3186 3564 voluptatem
3228 3497 3443 3550 nimiam
3474 3498 3602 3550 tollo
3627 3540 3644 3562 ,

2058 3587 2276 3642 delicias
2314 3587 2570 3642 exscinde
2609 3588 2673 3642 ad
2707 3588 2989 3642 utilitatem
3032 3599 3262 3643 vestram
3290 3608 3302 3641 :
3333 3590 3478 3644 velut
3504 3590 3645 3643 enim

2060 3689 2290 3744 torrens,
2313 3678 2393 3734 sic
2416 3681 2594 3734 omnia
2621 3681 2939 3734 subvertunt
2963 3681 3203 3746 delicize;
3238 3681 3369 3735 nihil
3399 3693 3480 3736 est
3504 3684 3646 3752 quod

2061 3770 2318 3840 impediat
2356 3771 2506 3836 illas;
2545 3787 2575 3825 e
2617 3787 2782 3841 regno
2823 3773 3061 3840 ejiciunt.
3091 3772 3224 3838 Quid
3256 3774 3524 3844 amplius?
3560 3775 3648 3830 Vis

2060 3859 2334 3915 dcliciari?
2368 3861 2447 3915 Da
2488 3862 2810 3931 pauperibus
2835 3903 2851 3923 .
2882 3877 3010 3916 voca
3054 3860 3324 3917 Christum
3349 3906 3364 3926 ,
3405 3874 3460 3918 ut
3488 3865 3646 3918 etiam

2060 3953 2268 4007 sublata
2310 3967 2494 4006 mensa
2534 3953 2820 4008 delicieris.
2853 3953 3004 4008 Nunc
3033 3955 3174 4009 cnim
3207 3970 3314 4009 non
3347 3955 3547 4019 habes;
3578 3958 3646 4009 ita

2061 4043 2316 4114 expedit:
2346 4060 2520 4114 neque
2565 4045 2706 4098 enim
2761 4055 2904 4099 stant
2952 4047 3233 4116 prmsentia
3263 4065 3276 4100 :
3309 4057 3435 4101 tunc
3471 4059 3646 4102 autem

2063 4136 2306 4192 habebis.
2357 4137 2448 4191 Vis
2491 4137 2774 4193 dcliciari?
2824 4139 2919 4194 Aie
2961 4141 3194 4195 animam
3226 4157 3240 4194 :
3270 4142 3334 4195 da
3381 4142 3458 4196 illi
3500 4142 3649 4196 cibos

2062 4231 2257 4300 quibus
2285 4229 2525 4284 assuevit
2552 4246 2566 4283 :
2595 4246 2662 4285 ne
2695 4231 2832 4285 fame
2863 4233 3074 4287 occidas
3105 4234 3270 4288 illam.
3304 4233 3538 4303 Tempus
3569 4248 3650 4286 est

2063 4324 2186 4377 belli
2231 4333 2280 4377 et
2328 4337 2537 4393 pugme,
2568 4331 2622 4377 tu
2653 4339 2777 4378 vero
2816 4324 2972 4379 sedes
3013 4326 3064 4378 in
3085 4326 3332 4381 deliciis?
3361 4325 3476 4381 Non
3500 4326 3650 4379 vides

2062 4429 2157 4469 eos
2185 4413 2276 4484 qui
2316 4423 2523 4484 sceptra
2557 4424 2740 4469 tenent
2765 4457 2779 4480 ,
2813 4415 2862 4468 in
2894 4417 3129 4469 exercitu
3173 4416 3442 4488 frugaliter
3472 4418 3652 4471 \iven-

2064 4515 2162 4560 tes.
2199 4504 2323 4560 Non
2359 4515 2429 4559 est
2459 4507 2601 4559 nobis
2633 4506 2766 4560 lucta
2792 4506 3031 4560 adversus
3057 4509 3348 4575 sanguine»:
3377 4519 3422 4562 et
3447 4525 3650 4562 carnem

2063 4599 2082 4666 (
2110 4597 2300 4667 Epiros.
2343 4597 2396 4652 (ἶ.
2438 4595 2582 4667 1‘2);
2619 4608 2671 4650 tu
2702 4614 2832 4652 vero
2865 4608 2919 4651 te
2950 4598 3248 4668 impinguas
3277 4599 3647 4669 pugnaturus?

2066 4691 2323 4746 Dentibus
2367 4690 2600 4744 stridens
2642 4700 2749 4744 stat
2792 4691 3164 4755 adversarius;
3213 4701 3264 4745 tu
3297 4708 3421 4746 vero
3450 4695 3650 4747 effusus

2063 4801 2122 4838 cs
2150 4793 2202 4838 et
2232 4798 2430 4836 mensas
2459 4782 2719 4837 addictus.
2758 4783 2882 4836 Scio
2923 4797 3008 4837 me
3048 4782 3164 4838 haec
3207 4783 3399 4839 frustra
3428 4787 3608 4840 dicere
3633 4827 3646 4842 .

2063 4877 2157 4931 sed
2199 4889 2304 4928 non
2343 4875 2611 4928 omnibus.
2656 4873 2754 4940 Qui
2790 4874 2934 4928 habet
2969 4891 3117 4928 aures
3151 4877 3430 4942 audiendi,
3473 4879 3650 4930 audiat

2065 4970 2210 5038 (Luc.
2240 4972 2293 5026 8.
2322 4971 2396 5042 8).
2428 4967 2671 5022 Christus
2700 4968 2838 5022 fame
2867 4969 3124 5034 tabescit;
3148 4980 3202 5024 et
3227 4980 3279 5022 tu
3305 4987 3411 5038 prze
3430 4974 3646 5038 crapula

2063 5062 2386 5131 dirumperis
2409 5078 2422 5112 :
2448 5059 2555 5114 duo
2584 5060 2699 5114 sine
2727 5077 2974 5114 mensura
3004 5071 3147 5115 sunt.
3181 5061 3315 5127 Quid
3349 5063 3489 5115 enim
3524 5061 3645 5113 mali

2066 5171 2170 5209 non
2191 5155 2400 5224 pariunt
2420 5152 2626 5207 delicia:
2649 5152 2765 5221 ?(u)
2788 5151 2922 5224 [Sibi
2944 5153 3071 5222 ipsis
3090 5153 3437 5206 adverSantur
3457 5151 3495 5222 :]
3511 5151 3649 5205 unde

2064 5250 2245 5302 nescio
2273 5247 2542 5316 quomodo
2577 5245 2680 5299 hoc‘
2712 5262 2904 5300 nomen
2933 5247 3135 5300 ευιίἰιιε
3162 5247 3303 5308 sint;
3332 5245 3425 5300 sed
3454 5261 3642 5314 quem-

2063 5342 2348 5397 admodum
2380 5352 2433 5397 et
2461 5340 2626 5411 gloria
2667 5357 2783 5410 qua:
2814 5350 2897 5395 est
2933 5341 3147 5396 infamia
3174 5383 3186 5403 ,
3219 5351 3274 5395 et
3301 5339 3500 5394 divitia:
3531 5356 3648 5407 qua:

2062 5447 2187 5490 sunt
2226 5443 2509 5503 paupertas
2532 5473 2548 5499 ,
2587 5432 2657 5486 ita
2693 5432 2849 5487 dictzc
2883 5442 3009 5488 sunt
3037 5451 3051 5487 :
3081 5433 3159 5488 sic
3192 5443 3244 5487 et
3283 5432 3490 5487 delicia:
3529 5447 3648 5502 qua:

2063 5537 2188 5582 sunt
2230 5524 2507 5643 molestia;
2539 5521 2678 5580 Num
2719 5523 3024 5577 immolandi
3064 5538 3249 5577 sumus
3273 5564 3287 5586 ,
3317 5525 3407 5593 qui
3442 5538 3539 5579 n0s
3578 5525 3647 5579 ita

2125 5660 2198 5721 (ιι)
2223 5671 2333 5716 quae
2368 5657 2557 5722 uncinis
2577 5654 2867 5707 clauduntur
2894 5670 2988 5706 nou
3024 5655 3144 5717 legit
3183 5657 3359 5719 Montf.,
3389 5662 3645 5722 pcsuttque

2063 5724 2110 5772 iu
2134 5717 2363 5784 Vniargiuc
2387 5717 2601 5768 savilius.
