4108 6172
317 366 419 423 207

1339 365 1405 422 IN
1439 364 1621 422 ACTA
1663 359 2202 420 APOSTOLURUM.
2242 359 2478 416 IIOMIL.
2506 361 2722 419 XXVII.

3636 369 3745 425 208

318 485 417 555 ρᾶν
443 500 456 514 ·
481 483 688 553 τροφὰς
726 482 999 554 ζητῶμεν,
1043 481 1116 553 μῆ
1147 480 1316 535 νόσων
1350 480 1656 542 ὑποθέσεις,
1683 478 1855 532 νόσων
1888 475 1983 529 καὶ
2019 502 2024 505 ·
2082 475 2265 547 ἐκείνῃ
2284 476 2341 529 δὲ
2360 478 2427 531 τὰ
2447 478 2685 547 ἐναντία,
2709 479 2889 548 ἀηδία,
2921 484 3168 552 καχεξία,
3181 484 3354 550 νόσος,
3376 486 3743 562 ἀνελευθερία,

313 572 558 643 ψυχικῶν
589 572 682 624 καὶ
717 571 1040 640 σωματικῶν
1061 588 1075 603 ·
1095 570 1300 641 τροφὴν
1327 567 1578 640 ζητῶμεν
1608 567 1799 637 ἡδονὴν
1830 566 1981 635 έχου-

317 677 437 725 σαν,
470 660 544 731 μὴ
569 661 779 731 τρυφὴν
805 658 995 727 ἀηδίας
1019 658 1297 728 γέμουσαν
1323 673 1335 686 ⁸
1364 655 1521 708 τοῦτο
1552 653 1731 724 τρυφὴ
1756 695 1769 718 ,
1803 654 1978 705 ἐκεῖνο

315 751 461 819 λύμη
487 766 503 781 ο
527 747 687 802 τοῦτο
723 747 905 817 ἡδονὴ,
938 748 1117 799 έκεῖνο
1155 745 1356 808 πόνοςδ
1378 759 1392 773 ’
1418 743 1576 796 τοῦτο
1603 743 1741 795 κατά
1775 741 1934 809 φύσιν
1960 780 1974 802 ,

317 840 492 892 έκεῖνο
515 837 666 908 παρὰ
694 836 876 906 φύσιν.
899 835 1036 889 Εἰπὲ
1062 834 1171 906 γάρ
1206 850 1318 903 μοι,
1355 833 1409 885 εί
1430 850 1514 895 τις
1554 831 1721 885 ἔδωκέ
1759 847 1842 883 σοι
1872 827 1979 882 κώ-

316 944 456 980 νειον
483 927 646 991 πιεῖν,
673 924 794 995 οὑχὶ
823 923 973 995 παρὰ
994 922 1159 991 φύσιν
1180 917 1283 993 ἧν;
1308 921 1360 974 εῖ
1377 937 1459 984 τις
1491 919 1621 984 ξύλα
1653 919 1745 971 καὶ
1773 915 1973 979 λίθους,

317 1015 415 1067 οὑκ
456 1013 521 1066 ἂν
565 1010 961 1083 ἀπεστράφηςς
1012 1009 1285 1073 Εἰκότως·
1331 1008 1482 1077 παρὰ
1508 1006 1670 1078 φύσιν
1706 1006 1814 1076 γάρ
1841 1008 1977 1057 ἐστι.

318 1100 570 1156 Τοιοῦτον
598 1100 695 1154 καὶ
722 1103 757 1170 ἡ
793 1101 994 1171 τρυφή.
1038 1097 1308 1169 Καθάπερ
1347 1096 1455 1168 γὰρ
1480 1098 1537 1149 ὲν
1569 1094 1723 1148 πόλει
1760 1094 1981 1164 πολιορ-

319 1191 442 1254 κίας
469 1189 770 1260 γενομένης
796 1187 965 1251 πολὺς
997 1185 1225 1257 θόρυϐος
1251 1184 1461 1253 γίνεται
1491 1183 1587 1237 καὶ
1610 1182 1847 1255 τάραχος
1872 1179 1979 1233 τῶν

320 1277 595 1348 πολεμίων
643 1276 1099 1332 ἐπεισελθόντων·
1125 1272 1298 1336 οὑτως
1338 1273 1397 1325 ἐν
1435 1273 1504 1343 τῇ
1553 1269 1698 1341 ψυχῇ
1732 1269 1976 1337 γίνεται,

316 1365 460 1418 οἴνου
490 1366 585 1419 καὶ.
601 1364 814 1437 τρυφῆς
841 1359 1280 1431 ἐπεισελθούσης.
1311 1358 1438 1413 Τίνι
1469 1358 1623 1422 οὐαί,
1657 1355 1777 1409 τίνι
1809 1356 1980 1423 θόρυ-

318 1454 431 1518 ϐοι,
464 1454 582 1507 τίνι
618 1452 820 1521 ἀηδίαι
867 1451 967 1504 καὶ
1009 1448 1258 1518 λέσχαι,
1286 1448 1405 1500 τίνι
1428 1446 1659 1513 κρίσις;
1686 1443 1822 1512 οὐχὶ
1856 1442 1982 1510 τοῖς

316 1538 768 1610 ἑτχρονίζουσιν
789 1539 859 1593 ἐν
883 1539 1100 1600 οινοις;
1135 1536 1304 1601 Τίνος
1335 1532 1627 1587 πελιδινοὶ
1664 1534 1719 1586 οἱ
1755 1532 1980 1600 ὀφθαλ-

314 1629 419 1697 μοί
435 1644 455 1692 ;
493 1628 651 1682 Ἀλλά
672 1627 801 1697 γάρ,
825 1627 924 1678 ὅσα
950 1624 1017 1679 ἂν
1046 1624 1314 1694 εἴπωμεν,
1335 1622 1435 1676 οὑκ
1453 1621 1832 1692 άποστήσομεν
1854 1619 1981 1683 τοὺς

318 1715 449 1787 περὶ
475 1714 573 1786 τὴν
607 1714 819 1785 τρυφὴν
852 1711 1339 1783 ἀπησχολημένους
1364 1752 1379 1776 ,
1407 1710 1473 1763 ἂν
1503 1709 1578 1781 μὴ
1617 1709 1750 1780 πρὸς
1795 1708 1980 1777 ἕτερον

319 1803 726 1872 ἀντιστήσωμεν
749 1801 811 1854 τὸ
834 1799 1023 1863 πάθος.
1044 1799 1151 1854 Καὶ
1166 1797 1383 1870 πρῶτον
1418 1797 1517 1869 μὲν
1531 1797 1668 1868 πρὸς
1693 1795 1790 1859 τὰς
1827 1793 1978 1868 HIS}

319 1893 580 1959 γυναῖκας
609 1892 740 1959 ἡμῖν
769 1888 908 1942 ἔστω
938 1887 1156 1957 ὁλόγος.
1184 1886 1349 1941 Οὐδὲν
1363 1886 1711 1958 αἰσχρότερον
1725 1884 1980 1952 γυναικὸς

320 1976 631 2049 τρυφώσης,
677 1976 831 2030 οὐδὲν
874 1975 1228 2047 αἰσχρότερον
1280 1973 1613 2044 μεθυούσης·
1638 1970 1980 2043 ἀμαυροῦται

323 2064 491 2135 αὑτῆς
518 2064 580 2117 τδ
621 2064 723 2134 τῆς
755 2064 930 2132 ὅψεως
980 2063 1160 2127 ἀνθος,
1216 2060 1463 2116 θολοῦ-ται
1512 2061 1576 2115 τὸ
1613 2060 1844 2132 γαληνὸν
1886 2059 1982 2113 καὶ

322 2153 526 2222 ἥμερον
572 2148 683 2205 τῶν
733 2149 1048 2220 ὀφθαλμῶν,
1098 2149 1261 2203 οἱονεὶ
1302 2149 1534 2220 νεφέλης
1579 2149 1723 2211 τινὸς
1761 2149 1984 2210 ἀκτῖνας

327 2238 743 2311 ὑποδραμούσης
791 2238 1043 2309 ἡλιακὰς.
1080 2237 1456 2310 Ἀνελεύθερον
1504 2237 1568 2290 τὸ
1604 2238 1838 2308 πρᾶγμα
1891 2236 1984 2289 καὶ

324 2329 586 2390 δουλικὸν,
616 2330 710 2382 καὶ
744 2327 924 2397 πάσης
959 2327 1279 2395 δυσγενείας
1310 2327 1633 2397 ἀνάμεστον.
1682 2324 1806 2387 Πῶς
1838 2324 1984 2375 ἐστιν

325 2417 494 2487 ἀηδὴς
523 2417 668 2469 οἴνου
715 2415 1062 2469 ἀποπνέουσα
1113 2416 1251 2486 γυνὴ
1313 2413 1588 2477 ὀδωδότος,
1647 2411 1945 2479 σεσηπότος
1964 2424 1981 2441 ’

327 2505 660 2577 έρευγομένη
697 2502 874 2575 κρεῶν
897 2502 1254 2574 διεφθορότων
1277 2502 1474 2573 χυμὸν,
1507 2500 1854 2572 βεϐαρημένη
1886 2500 1986 2552 καὶ

325 2591 674 2660 διαναστῆναι
724 2592 797 2663 μὴ
844 2590 1118 2662 δυναμένη
1144 2630 1160 2655 ,
1195 2589 1398 2661 ἐρυθρά
1447 2584 1585 2642 οῦσα
1626 2586 1721 2641 τοῦ
1778 2587 1986 2649 δέοντος

329 2681 507 2747 πλέον,
544 2682 763 2751 χάσμης
805 2680 1051 2749 γέμουσα
1080 2679 1174 2731 καὶ
1212 2677 1410 2749 ἀχλύος
1443 2676 1672 2746 πολλῆςς
1711 2674 1848 2727 Ἀλλ’
1886 2675 1987 2727 οὑκ

327 2770 510 2839 ἐκείνη
537 2770 571 2840 η
604 2767 818 2839 τρυφῆς
854 2767 1168 2837 ἀπεχομένη
1203 2764 1428 2834 τοιαύτη
1468 2780 1483 2795 ·
1524 2762 1661 2817 ἀλλά
1690 2762 1861 2833 σεμνὴ
1895 2763 1988 2817 καὶ

329 2856 559 2927 σώφρων
592 2856 686 2910 καὶ
716 2853 989 2925 εὔμορφος
1015 2853 1064 2906 ιι.
1093 2853 1203 2905 Καὶ
1234 2852 1343 2922 γάρ
1379 2850 1456 2921 τῷ
1489 2849 1700 2921 σώματι
1729 2849 1864 2903 πολὺ
1895 2865 1991 2902 πε-

328 2944 566 3015 ριτίθησι
612 2941 807 3004 κάλλος
847 2941 948 3011 τῆς
984 2938 1163 3009 ψυχῆς
1192 2939 1226 3008 ἡ
1271 2939 1623 3000 κατάστασις.
1658 2937 1750 3007 Μὴ
1783 2937 1893 3007 γάρ
1924 2936 1989 3008 δὴ

325 3033 555 3104 νομίσῃς
578 3030 684 3083 ἀπὸ
705 3028 812 3082 τῶν
837 3025 1164 3097 σωματικῶν
1190 3025 1376 3079 τύπων
1413 3024 1573 3078 τοῦτο
1613 3023 1857 3104 γίνεσθαι
1898 3024 1994 3095 μό-

323 3102 437 3174 νον.
461 3119 560 3182 Δὸς
579 3115 851 3187 εὔμορφον
867 3115 1057 3185 κόρην,
1075 3112 1508 3184 τεταραγμένην,
1533 3102 1721 3171 λάλονί
1733 3109 1989 3184 λοίδορον,

327 3206 588 3278 μέθυσον,
619 3201 915 3271 πολυτελῆ,
950 3202 1001 3253 εί.
1033 3200 1109 3272 μὴ
1143 3199 1322 3270 πάσης
1351 3200 1583 3271 αἰσχρᾶς
1614 3199 1992 3271 δυσειδεστέρα.

323 3293 670 3362 καθέστηκεν
695 3306 711 3355 ;
743 3290 804 3343 Εἰ
834 3289 890 3342 δὲ
920 3287 1261 3360 αἰσχύνοιτο,
1296 3289 1346 3341 εἰ
1381 3288 1436 3341 δὲ
1463 3286 1633 3359 σιγῴη
1658 3327 1672 3352 ,
1701 3290 1749 3341 εί
1776 3288 1832 3342 δὲ
1865 3290 1992 3360 ἐρυ-

327 3385 490 3457 θριᾷν
532 3380 811 3452 μανθάνοι,
843 3379 892 3432 εί
916 3378 972 3431 δὲ
994 3376 1326 3447 φθέγγεσθαι
1354 3377 1703 3449 συμμέτρως,
1738 3379 1788 3430 εἰ
1812 3376 1869 3430 δὲ
1894 3394 1992 3446 νη.-

329 3475 541 3534 στείαις
562 3467 910 3540 ἐσχολακέναι
933 3479 951 3495 ⁸
971 3463 1196 3519 διπλοῦν
1227 3465 1289 3518 τὸ
1321 3465 1536 3529 κάλλος,
1574 3465 1826 3536 πλείωνὴ
1851 3463 1990 3537 ὥρα,

329 3556 682 3628 ποθεινοτέρα
720 3557 755 3627 ἡ
788 3554 909 3624 ὖψις
931 3594 947 3618 ,
980 3552 1333 3626 σωφροσύνης
1366 3553 1610 3624 γέμουσα
1635 3553 1729 3606 καὶ
1765 3552 1993 3623 κοσμιό-

328 3663 513 3718 τητος.
539 3644 727 3697 Βούλει
745 3641 931 3696 λοιπὸν
959 3640 1055 3694 καὶ
1082 3640 1213 3712 περὶ
1242 3640 1452 3711 ἀνδρῶν
1477 3638 1754 3712 εἴπωμεν;
1803 3641 1870 3694 Τί
1896 3638 1992 3694 τοῦ

338 3733 627 3804 μεθύοντος
661 3728 1052 3800 αἰσχρότερονς
1084 3727 1503 3795 Καταγέλαστος
1535 3727 1795 3792 οἰκέταις,
1833 3745 1995 3783 κατα-

332 3822 594 3892 γέλαστος
619 3818 854 3890 ἐχθροῖς,
882 3817 1112 3879 ἐλεεινὸς
1137 3817 1288 3887 παρὰ
1321 3814 1492 3886 φίλοις
1512 3860 1525 3880 ,
1591 3816 1791 3887 μυρίας
1828 3835 1998 3870 κατα-

333 3909 587 3980 γνώσεως
611 3906 775 3972 ἄξιος,
807 3904 991 3976 θηρίον
1022 3905 1137 3957 ἐστὶ
1165 3903 1365 3974 μᾶλλον
1389 3902 1421 3973 ἢ
1451 3902 1734 3980 ἄνθρωπος
1763 3919 1779 3936 ο
1808 3904 1869 3956 τὸ
1887 3906 1997 3974 γάρ

335 3976 506 4051 πολλά
531 3992 794 4048 σιτεῖσθαι
817 4031 832 4055 ,
858 3990 1176 4062 παρδάλεως
1196 4032 1210 4053 ,
1252 3992 1347 4044 καὶ
1377 3990 1589 4054 λέοντος
1611 4032 1626 4054 ,
1659 3976 1757 4045 καὶ
1794 3992 1996 4061 ἄρκτου

335 4083 507 4139 ἐστίν.
545 4082 785 4144 Εἰκότως
815 4095 832 4110 ⁸
858 4079 921 4132 οὑ
949 4079 1058 4150 γὰρ
1083 4077 1295 4148 ἔχουσιν
1328 4078 1512 4130 ἐκεῖνα
1541 4077 1716 4149 ψυχὴν
1746 4078 1994 4149 λογικήν.

338 4170 449 4226 Καὶ
472 4169 579 4242 μὴν
603 4169 830 4223 κάκεῖνα
855 4164 1019 4219 πλέον
1045 4164 1140 4218 τοῦ
1169 4166 1379 4228 δέοντος
1407 4165 1502 4218 καὶ
1539 4165 1633 4219 τοῦ
1676 4167 1872 4236 μέτρου
1903 4165 1996 4219 τοῦ

338 4258 491 4330 παρά
502 4257 602 4327 τῆς
618 4255 830 4326 φύσεως
854 4254 1036 4316 αὑτοῖς
1055 4252 1361 4324 ὡρισμένου
1385 4252 1707 4316 σιτισθέντα,
1724 4253 1998 4323 διέφθειρε

338 4345 399 4398 τὸ
425 4345 534 4398 πάν
562 4343 721 4414 σῶμα
750 4360 765 4375 ’
799 4343 950 4410 πόσῳ
979 4334 1073 4394 οῦν
1115 4340 1314 4409 μᾶλλον
1343 4340 1543 4412 ήμεῖς;
1570 4341 1669 4393 Διά
1688 4339 1848 4393 τοῦτο
1866 4342 1999 4410 ἡμῖν

340 4433 419 4496 είς
450 4432 648 4504 μικρὸν
690 4429 996 4485 συνέστειλε
1038 4429 1138 4499 τὴν
1164 4429 1408 4499 γαστέρα
1450 4430 1479 4481 6
1520 4427 1653 4492 Θεός
1680 4443 1697 4459 ο
1724 4427 1813 4481 διὰ
1842 4427 2001 4481 τοῦτο

339 4521 558 4643 όλῖτιηέθ
567 4518 764 4591 μέτρον
787 4516 957 4591 ὥρισε
983 4515 1218 4587 τροφῆς,
1253 4515 1341 4570 ῖνα
1370 4514 1637 4587 παιδεύσῃ
1666 4515 1844 4585 ψυχῆς
1875 4517 1999 4568 ἑπι-

343 4608 410 4643 ιιε
445 4609 466 4620 ⁸
563 4608 642 4643 αι.
1808 4597 1842 4621 ’⁸

445 4597 642 4643 εῖσθαι.
1808 4597 1842 4621 ’⁸

343 4608 654 4729 “afaf;
661 4658 919 4729 μάθωμεν
933 4657 1104 4730 αὑτὴν
1120 4657 1217 4729 τὴν
1231 4655 1575 4724 κατασκευὴν
1589 4654 1690 4724 τὴν
1707 4608 1875 4725 ἡμετέ
1882 4671 1998 4726 ραν,

340 4749 435 4803 καὶ
473 4746 720 4818 ὀψόμεθα
753 4745 812 4799 ἓν
853 4745 1039 4818 μόριον
1071 4746 1130 4799 ἐν
1159 4746 1291 4816 ἡμῖν
1320 4741 1524 4813 ταύτην
1560 4740 1682 4812 ἔχον
1726 4742 1823 4812 τὴν
1853 4741 2003 4814 ἐνέρ-

340 4851 517 4905 γειαν.
546 4834 621 4888 T6
652 4834 828 4904 στόμα
863 4833 971 4905 γάρ
1003 4832 1161 4905 ἡμῶν
1191 4833 1285 4887 καὶ
1314 4832 1348 4903 ὴ
1376 4829 1593 4899 γλῶττα
1630 4829 1765 4900 πρὸς
1798 4829 2002 4899 ὕμνους

339 4921 670 4995 ἀφώρισται,
705 4924 734 4975 6
759 4921 974 4992 φάρυγξ
1002 4921 1138 4991 πρὸς
1158 4921 1361 4992 φωνήν.
1378 4918 1477 4972 Διά
1497 4916 1654 4971 τοῦτο
1676 4918 1768 4971 καί
1787 4916 1998 4988 ἀνάγκη

340 5012 438 5080 τῆς
465 5011 681 5081 φύσεως
711 5011 856 5080 ἡμᾶς
890 5008 1250 5078 ὲγκατέδησεν
1274 5018 1322 5073 ο,
1367 5008 1454 5061 ἵνα
1484 5006 1617 5078 μηδὲ
1649 5006 1873 5069 ἄκοντες
1898 5008 2000 5077 ἐμ-

343 5098 635 5170 πίπτωμεν
671 5102 752 5162 εἰς
799 5096 1004 5168 πολλὴν
1040 5097 1439 5166 πραγματείαν.
1477 5097 1563 5160 Ὠς
1594 5096 1647 5149 ετ
1667 5112 1730 5165 γε
1761 5098 1793 5167 ή
1823 5094 2001 5167 τρυφὴ

345 5188 541 5250 πόνους
569 5186 646 5257 μὴ
672 5183 810 5257 εἶχε,
852 5184 986 5256 μηδὲ
1009 5185 1194 5246 νόσους
1222 5183 1314 5236 καὶ
1341 5182 1649 5254 ἀρῤωστίάς
1669 5222 1684 5248 ,
1718 5183 1952 5252 φορητὸν
1982 5187 2001 5205 ‘

341 5268 411 5344 ῆν
432 5290 450 5306 ·
476 5273 572 5328 νῦν
595 5274 653 5328 δέ
677 5289 760 5326 σοι
790 5271 1035 5326 τέθεικεν
1062 5270 1314 5340 ὁροθέσια
1343 5270 1445 5338 τῆς
1478 5269 1714 5339 φύσεως,
1741 5269 1827 5323 ἵνα
1869 5269 2004 5339 μηδὲ

348 5360 670 5431 βουλόμενος
697 5359 1054 5431 ὑπερϐαίνῃς.
1100 5357 1212 5426 υὺχ
1240 5356 1431 5426 ἡδονὴν
1464 5357 1644 5426 ζητεῖς
1666 5396 1683 5419 ,
1715 5355 2000 5425 ἀγαπητέ;

345 5448 518 5503 Τοῦτο
548 5448 703 5518 παρά
730 5448 829 5518 τῆς
862 5445 1196 5517 αὐταρκείας
1222 5445 1492 5514 εὑρήσεις.
1521 5445 1632 5513 Οὐχ
1661 5444 1849 5510 ὑγείαν
1872 5460 1888 5508 ;
1909 5444 2005 5498 καὶ

345 5535 504 5591 τοῦτο
525 5552 540 5567 ·
566 5537 688 5607 οὑχ).
709 5537 1080 5608 ἁμεριμνίαν;
1127 5534 1221 5586 καὶ
1269 5530 1428 5585 τοῦτο
1445 5547 1460 5561 ο
1487 5531 1607 5600 οὐχὶ
1652 5530 1963 5601 ἐλευθερίαν
1985 5548 2002 5599 ;

348 5624 467 5696 οὐχὶ
498 5625 669 5698 βῶσιν
704 5624 955 5697 σώματος
980 5663 997 5687 ,
1026 5622 1147 5692 οὑχὶ¹
1176 5620 1391 5686 εὐεξίαν
1409 5657 1426 5683 ,
1455 5619 1574 5688 οὐχὶ
1601 5618 1761 5688 νῆψιν
1781 5618 1961 5690 ψυχῆς
1978 5658 2002 5684 ,

352 5712 470 5782 οὐχὶ
521 5712 832 5783 διέγερσιν;
883 5711 1026 5765 οὑτω
1083 5710 1260 5763 πάντα
1324 5705 1392 5760 τά
1449 5704 1589 5759 καλὰ
1652 5705 1883 5783 ἐνταῦθα
1906 5720 1919 5735 ’
1949 5707 2007 5759 ὲν

413 5777 448 5829 ἶ
467 5777 780 5849 Αιίιιεεκὶῖνο
805 5799 857 5848 δὲ
877 5798 1018 5859 λύμη,
1063 5799 1187 5846 alius
1207 5795 1371 5859 ἐκεῖνα
1391 5794 1443 5842 δι
1463 5793 1653 5859 πόνος.-
1681 5777 1711 5817 ιι
1746 5792 1866 5859 λιιι
1894 5795 2005 5859 ἀλλ’

350 5859 395 5891 -.ι
597 5861 609 5874 ι
723 5877 734 5886 .
1363 5854 1473 5871 ε’
1632 5857 1656 5883 c
1767 5856 1776 5865 ’
1880 5857 2005 5889 4-.

348 5876 673 5966 :ms?“
695 5860 819 5966 ~32:
839 5873 1255 5966 ἕὲῖῗίοζῖῗξιῗίῧίιί
1278 5855 2005 5966 ὥῗῐὶιέαὲδωωειθὲῖἳιολῗῗ

348 5915 629 5982 κατέδησενῖ
695 5923 723 5957 ν
738 5920 819 5970 Sic
839 5915 989 5972 SavII'.
1015 5928 1067 5969 el
1087 5915 1255 5982 opiimi
1278 5916 1447 5976 co«ld.;
1475 5915 1712 5968 Commel.
1734 5923 1787 5966 el
1810 5915 1978 5968 Movlf.

346 5980 557 6047 aput-:64.
600 5982 736 6033 Εοιτ.

2080 562 2316 633 δαπάνη.
2365 565 2535 619 Πόθεν
2566 565 2659 621 οὖν
2678 607 2694 632 ,
2719 570 2904 637 φησὶν,
2933 571 3027 623 ἐπὶ
3052 571 3256 643 ταύτην
3279 573 3545 645 τρέχομεν
3571 579 3747 632 ἃπαν-

2083 667 2205 717 τες;
2245 653 2376 706 Ἀπὸ
2397 654 2572 709 νόσου.
2602 656 2735 709 Εἰπὲ
2762 656 2871 727 γάρ
2914 675 3023 727 μοι,
3053 658 3140 712 διὰ
3164 660 3217 712 τί
3246 661 3308 713 τὸ
3342 660 3575 731 βλάπτον
3596 667 3625 717 6
3655 682 3745 718 νο-

2082 737 2190 791 σῶν
2217 740 2498 811 ὲπιζητεῖς
2532 743 2652 813 οὑχὶ
2691 744 2784 797 καὶ
2814 745 2947 797 αὑτὸ
2979 745 3137 798 τοῦτο
3176 748 3268 799 τοῦ
3312 753 3486 802 νοσεῖν
3520 753 3743 822 σημεῖόν

2078 827 2227 894 ὲστις
2260 830 2357 882 Διά
2387 830 2440 882 τί
2463 833 2490 883 ό
2510 831 2683 901 χωλὸς
2711 834 2783 902 μὴ
2807 834 2942 904 ὀρθὰ
2973 832 3177 901 βαδίζει
3201 851 3214 896 ς
3238 837 3370 888 αὑτὸ
3388 836 3443 889 δὲ
3465 840 3623 892 τοῦτο
3644 841 3744 894 οὐκ

2078 915 2187 969 ἀπὸ
2229 918 2501 988 ῥᾳθυμίας
2538 921 2631 974 καὶ
2671 920 2764 973 τοῦ
2811 921 2884 991 μὴ
2929 920 3214 991 βούλεσθαι
3249 924 3398 994 παρὰ
3440 926 3529 979 τὸν
3565 928 3744 998 ίατρδν

2082 1004 2255 1068 ξέναις
2285 1005 2404 1059 Τῶν
2432 1007 2541 1077 γάρ
2573 1007 2917 1079 πραγμάτων
2947 1010 3016 1061 τά
3055 1010 3153 1079 μὲν
3182 1011 3514 1083 πρόσκαιρον
3550 1016 3743 1085 ἡδονὴν

2079 1088 2212 1161 ἔχει,
2244 1092 2464 1164 διηνεκῆ
2489 1094 2547 1147 δὲ
2573 1095 2667 1166 τὴν
2693 1096 2914 1150 κόλασιν
2939 1113 2953 1127 ο
2984 1097 3052 1149 τὰ
3077 1097 3133 1149 δὲ
3154 1099 3481 1160 τούναντίον,
3520 1105 3617 1170 την
3647 1103 3745 1172 μὲν

2080 1180 2373 1251 καρτερίαν
2421 1182 2756 1254 πρόσκαιρον
2779 1225 2793 1248 ,
2845 1184 3065 1255 διηνεκῆ
3098 1185 3153 1237 δὲ
3185 1185 3283 1257 τὴν
3314 1187 3635 1243 ἀπόλαυσιν.
3682 1191 3742 1243 Ὀ

2078 1267 2257 1320 τοίνυν
2276 1269 2419 1322 οὑτω
2444 1269 2641 1340 χαῦνος
2666 1273 2757 1323 καὶ
2790 1272 3052 1343 ῥᾴθυμος.
3077 1270 3217 1325 ὥστε
3243 1273 3318 1344 μὴ
3345 1275 3617 1346 ὑπεριδεῖν
3639 1277 3746 1330 τῶν

2082 1355 2365 1423 παρόντων
2405 1357 2575 1427 ἡδέων
2608 1359 2748 1428 ὑπὲρ
2777 1360 2886 1411 τῶν
2929 1359 3253 1429 μελλόντων,
3286 1363 3493 1432 ταχέως
3527 1363 3746 1416 ἁλίσκεο

2077 1457 2183 1496 ται.
2205 1441 2351 1515 [εῖτθ]
2376 1446 2507 1498 Εἰπέ
2528 1463 2639 1515 μοι,
2653 1449 2681 1499 ὁ
2695 1447 2862 1500 Ἡσαῦ
2877 1449 3038 1500 πόθεν
3054 1449 3195 1502 ἑάλω
3214 1465 3227 1512 ;
3245 1449 3404 1502 πόθεν
3435 1452 3530 1520 τὴν
3545 1452 3720 1523 παροῦ
3737 1482 3748 1492 -

2082 1544 2180 1583 σαν
2228 1530 2420 1602 ἡδονὴν
2466 1536 2562 1603 τῆς
2604 1533 2902 1607 μελλούσης
2946 1537 3314 1606 προτετίμηκε
3359 1539 3563 1608 τιμῆς;
3614 1539 3748 1592 Ἀπὸ

2079 1620 2407 1690 χαυνότητος
2437 1623 2528 1674 καὶ
2564 1624 2855 1692 μαλακίας.
2886 1624 3056 1677 Τοῦτο
3081 1625 3140 1679 δὲ
3166 1626 3297 1679 αὐτὸ
3319 1625 3503 1685 πόθεν,
3544 1627 3744 1699 φησίν;

2091 1706 2183 1770 Ἐξ
2209 1708 2369 1789 ἡμῶν
2385 1708 2564 1763 αὑτῶν
2580 1727 2592 1741 ·
2617 1712 2708 1764 καὶ
2738 1712 2898 1782 δῆλον
2918 1712 3325 1766 ἐκεῖθεν.Ὂταν
3348 1712 3453 1789 γάρ
3474 1713 3744 1784 θέλωμεν,

2078 1786 2442 1866 διανιστῶμεν
2490 1799 2737 1863 ἑαυτοὺς,
2781 1801 2875 1853 καὶ
2925 1802 3246 1872 καρτερικοὶ
3297 1786 3558 1871 γινόμεθα
3620 1803 3747 1856 Ὲάν

2079 1884 2212 1952 γοῦν
2233 1886 2445 1958 ἀνάγκη
2478 1887 2608 1940 ποτὲ
2640 1888 2878 1951 ἐπέλθοι,
2915 1889 3175 1954 πολλάκις
3207 1891 3262 1944 δὲ
3301 1893 3394 1943 καὶ
3441 1892 3749 1962 φιλονεική-

2085 1989 2276 2037 σαντες
2301 1974 2485 2045 μόνον,
2511 1975 2572 2029 τὸ
2598 1977 2869 2049 χρήσιμον
2897 1978 3229 2048 συνείδομεν.

2156 2073 2322 2124 Ὅταν
2341 2073 2519 2125 τοίνυν
2548 2074 2748 2145 μέλλῃς
2780 2076 3008 2147 τρυφᾷν,
3040 2076 3291 2147 ἐννόησον
3329 2076 3389 2128 τὸ
3415 2075 3748 2147 πρόσκαιρον

2082 2157 2181 2228 τὴς
2208 2158 2421 2230 ἡδονῆς,
2465 2160 2564 2230 τὴν
2598 2159 2800 2231 ζημίαν
2856 2162 3054 2232 (ζημία
3102 2162 3211 2233 γάρ
3238 2162 3406 2225 ὅντως
3439 2164 3554 2215 ἐστὶ
3611 2163 3748 2231 μετὰ

2082 2248 2183 2318 τῆς
2208 2249 2414 2312 οἰκείας
2442 2249 2619 2321 λύμης
2647 2250 2884 2304 τοσαῦτα
2922 2252 3177 2323 χρήματα
3199 2250 3488 2322 δαπανᾷν),
3526 2249 3624 2313 τὰς
3670 2251 3750 2305 νό-

2083 2351 2229 2398 σους,
2253 2336 2351 2399 τάς
2373 2337 2704 2408 ἀρρωστίας,
2731 2338 2823 2392 καὶ
2844 2338 3254 2408 καταφρόνησον
3283 2340 3512 2408 τρυφῆς.
3542 2338 3749 2403 Πόσους

2085 2422 2170 2474 σοὶ
2200 2421 2378 2492 βούλει
2414 2423 2707 2495 ἀριθμήσω
2731 2425 2876 2478 κακά
2915 2426 3184 2487 παθόντας
3230 2426 3336 2478 ἀπὸ
3362 2427 3460 2493 τῆς
3500 2427 3746 2497 τρυφῆς;

2097 2509 2157 2563 '0
2188 2509 2310 2563 Νῶε
2335 2511 2608 2581 ἐμεθύσθη
2632 2514 2727 2566 καὶ
2758 2512 3070 2582 ἐγυμνώθη,
3122 2512 3218 2565 καὶ
3254 2514 3356 2584 ὅρα
3383 2513 3525 2566 πόσα
3558 2515 3750 2581 γέγονε

2084 2598 2230 2650 κακὰ
2257 2597 2364 2650 ἀπὸ
2386 2597 2596 2650 τούτου·
2631 2599 2660 2650 ὁ
2713 2599 2885 2652 Ἠσαῦ
2941 2599 3048 2652 ἀπὸ
3081 2597 3418 2671 λαιμαργίας
3474 2601 3751 2671 προέδωκε

2082 2685 2154 2739 τά
2201 2686 2565 2757 πρωτοτόκια.
2600 2688 2694 2739 καὶ
2744 2690 2827 2751 εἰς
2871 2687 3287 2756 ἀδελφοκτονίαν
3348 2688 3627 2759 ὥρμησεν.
3688 2691 3751 2742 '0

2082 2773 2234 2840 λαὸς
2259 2776 2293 2827 ό
2326 2774 2432 2828 τοῦ
2475 2774 2711 2842 Ἰσραὴλ
2739 2774 2979 2828 ἐκάθισε
3033 2775 3247 2843 φαγεῖν
3296 2776 3398 2831 καὶ
3425 2777 3599 2834 πιεῖν,
3654 2778 3750 2831 καί

2085 2859 2436 2927 ἀνέστησαν
2458 2859 2702 2921 παίζειν.
2744 2860 2844 2913 Διά
2865 2859 3022 2914 τοῦτό
3066 2877 3220 2931 φησι,
3245 2861 3456 2932 Φαγὼν
3474 2863 3574 2917 καὶ
3601 2863 3756 2916 πιὼν

2083 2944 2387 3015 μνήσθητι
2440 2946 2663 3015 Κυρίου
2714 2947 2821 3001 τοῦ
2854 2947 3002 3002 Θεοῦ
3035 2963 3173 3002 σου.
3219 2949 3314 3012 EI;
3367 2949 3477 3019 γάρ
3512 2950 3757 3021 κρημνὸν

2087 3032 2341 3086 ἐνέπεσον
2364 3035 2414 3087 οι
2434 3036 2515 3098 είς
2546 3034 2647 3090 τὴν
2696 3034 2905 3104 τρυφὴν
2937 3035 3289 3105 ἐμπεσόντες.
3332 3036 3398 3090 'H
3444 3036 3622 3105 χήρα.
3653 3054 3758 3107 φη-

2089 3121 2196 3185 σὶν,
2210 3122 2247 3189 ἠ
2267 3119 2655 3186 σπαταλῶσα,
2670 3119 2826 3182 ζῶσα
2845 3121 3150 3191 τέθνηκεν·
3166 3124 3262 3176 καὶ
3276 3122 3460 3188 πάλιν,
3479 3124 3757 3178 Ἐλιπάν-

2087 3212 2181 3275 θη,
2201 3209 2532 3278 ἐπαχύνθη,
2554 3209 2651 3263 καί
2671 3209 3531 3279 ἀπελάκτισενόήγαπημένος·
3549 3213 3643 3265 καὶ
3652 3214 3760 3264 πέδ-

2086 3298 2170 3350 λιν
2185 3297 2213 3349 6
2229 3296 2565 3362 ’Δπόστολος,
2588 3295 2707 3366 Τῆς
2722 3296 2949 3365 σαρκὸς
2965 3299 3255 3366 πρόνοιαν
3263 3298 3351 3367 μὴ
3374 3299 3643 3353 ποιεῖσθε
3669 3303 3757 3366 εις

2087 3384 2422 3453 ἐπιθυμίας.
2457 3385 2533 3438 Οὐ
2563 3384 2843 3454 νομοθετῶ
2870 3384 3124 3454 νηστείαν
3154 3384 3297 3453 (οὑδὲ
3339 3386 3448 3456 γὰρ
3484 3387 3513 3438 6
3545 3385 3758 3440 ἀκούων

2088 3471 2275 3542 ἐστίν),
2305 3470 2422 3525 ἀλλ’
2452 3470 2661 3543 ἀναιρῶ
2695 3471 2996 3543 σπατάλην,
3040 3472 3292 3524 ὲκκὸπτω
3320 3473 3552 3544 τρυφὴν,
3580 3473 3669 3528 διὰ
3698 3474 3759 3527 τὸ

2088 3560 2360 3630 χρήσιμον
2388 3558 2451 3612 τὸ
2478 3557 2762 3629 ὑμέτερον·
2796 3558 3049 3627 καθάπερ
3088 3558 3194 3630 γὰρ
3254 3560 3574 3631 χείμαρρος,
3616 3561 3759 3615 οὕτω

2089 3646 2267 3700 πάντα
2290 3646 2584 3717 ἀνατρέπει
2617 3648 2651 3717 ἡ
2678 3647 2880 3718 τρυφή’
2921 3646 3072 3699 οὐδὲν
3098 3645 3268 3717 αὐτὴν
3295 3647 3355 3698 τὸ
3389 3648 3594 3702 κωλύον
3617 3650 3754 3701 ἐστί·

2094 3734 2371 3805 βασιλείας
2400 3733 2671 3788 ἐκϐάλλει.
2709 3734 2774 3786 Τί
2803 3733 2865 3786 τὸ
2915 3734 3111 3799 πλέον;
3163 3734 3352 3788 Βούλει
3388 3737 3631 3806 τρυφᾷνς
3659 3737 3757 3799 Δὸς

2094 3821 2313 3890 πένησι,
2348 3819 2573 3873 κάλεσον
2591 3820 2682 3873 τὸν
2715 3819 2949 3889 Χριστὸν
2983 3819 3069 3873 ἵνα
3102 3821 3196 3873 καὶ
3249 3820 3384 3889 μετὰ
3408 3819 3468 3872 τὸ
3499 3821 3598 3892 τὴν
3628 3822 3764 3892 τρά-

2094 3907 2266 3972 πεζαν
2299 3907 2528 3980 ἀρθῆναι
2560 3908 2689 3981 ἔχῃς
2740 3908 2972 3979 τρυφᾷν.
3013 3906 3128 3960 Νῦν
3160 3908 3256 3976 μὲν
3291 3908 3400 3979 γὰρ
3438 3909 3539 3962 οὑκ
3589 3908 3754 3978 ἔχεις.

2095 3995 2339 4057 εἰκότως
2371 3993 2622 4064 οὐδὲγὰρ
2659 3994 2858 4063 ἔστηκε
2903 3993 2972 4046 τὰ
3000 3992 3252 4046 ἐνταῦθα·
3312 3994 3433 4047 τότε
3481 3994 3539 4047 δὲ
3591 3994 3752 4058 ἕξεις.

2095 4079 2282 4134 Βούλει
2301 4081 2611 4152 τρυφῆσαι;
2666 4080 2872 4150 Θρέψον
2904 4081 3003 4150 τὴν
3027 4078 3230 4149 ψυχὴν,
3265 4081 3491 4150 μετάδος
3516 4081 3652 4150 αὑτῇ
3674 4098 3759 4133 σι-

2093 4166 2221 4219 τίων
2259 4159 2335 4220 ὧν
2388 4166 2507 4226 ἔθος
2554 4166 2687 4236 ἔχει·
2739 4166 2813 4236 μὴ
2861 4165 3256 4235 λιμοκτονήσῃς
3305 4166 3495 4233 αὑτήν.
3555 4166 3759 4236 Κάιρδς

2096 4252 2354 4323 πολέμου,
2377 4253 2568 4322 καιρὸς
2621 4251 2852 4320 ἀγῶνος⁸
2887 4253 2951 4304 σὺ
2974 4250 3033 4303 δὲ
3076 4251 3319 4321 κάθησαι
3357 4250 3615 4320 τρυφῶν;
3649 4252 3756 4318 Οὑγ

2094 4338 2227 4410 ὁρᾷς
2262 4339 2511 4401 καὶτοὺς
2541 4338 2609 4391 τά
2664 4337 2918 4409 σκῆπτρα
2970 4337 3484 4407 ἐγκεχειρισμένους
3534 4338 3591 4389 ὲν
3639 4341 3758 4401 ταῖς

2095 4424 2202 4491 ἔξω
2241 4424 2552 4495 στρατείαις
2584 4423 2817 4486 εὐτελῶς
2855 4423 3096 4489 ζῶντας;
3152 4425 3271 4477 Οὐκ
3331 4424 3502 4478 ἔστιν
3552 4424 3695 4493 ἡμῖν
3722 4426 3760 4496 ἠ

2097 4514 2263 4582 πάλη
2306 4513 2453 4579 πρὸς
2476 4506 2619 4580 αἷμα
2652 4510 2753 4565 καὶ
2783 4509 3002 4580 σάρκα·
3043 4511 3111 4564 σὺ
3147 4510 3204 4563 δὲ
3246 4509 3514 4574 λιπαίνεις
3565 4513 3760 4565 σαυτὸν

2101 4601 2310 4673 μέλλων
2339 4599 2618 4667 παλαίεινς
2653 4601 2894 4671 Ἕστηκε
2913 4599 3115 4671 τρίζων
3146 4599 3272 4664 τοὺς
3295 4599 3513 4663 ὀδόντας
3537 4601 3701 4653 αὑτοῦ
3731 4604 3762 4655 ό

2098 4689 2410 4754 ἀντίπαλος,
2446 4691 2510 4744 σὺ
2527 4689 2585 4744 δὲ
2619 4689 3008 4761 διακεχυμένος
3037 4690 3347 4760 τυγχάνεις,
3401 4690 3493 4743 καὶ
3513 4686 3763 4761 τραπέζῃ

2099 4778 2412 4850 προσέχεις.
2442 4774 2576 4832 Οἶδα
2620 4778 2743 4850 είκῆ
2767 4777 2942 4847 ταῦτα
2999 4777 3194 4847 λέγων,
3243 4777 3359 4832 ἀλλ’
3388 4779 3486 4848 οὑχ
3533 4779 3759 4837 ἅπασιν.

2110 4869 2174 4923 ’0
2198 4870 2356 4937 ἔχων
2377 4864 2496 4924 ὦτα
2513 4868 2758 4923 ἀκούειν
2783 4866 3070 4922 ἀκουέτω.
3113 4868 3172 4921 '0
3212 4866 3444 4939 Χριστὸς
3471 4868 3577 4921 ὑπὸ
3602 4866 3761 4936 λιμοῦ

2100 4957 2346 5027 τήκεται,
2376 4955 2441 5009 σὺ
2462 4955 2517 5008 δὲ
2550 4955 2656 5009 ὑπὸ
2679 4955 3123 5026 γαστριμαργίας
3154 4955 3390 5025 διασπᾷς
3419 4955 3634 5007 σαυτόν’
3668 4952 3764 5007 δύο

2099 5044 2381 5116 ἀμετρίαι.
2410 5042 2476 5097 Τί
2498 5043 2606 5115 γὰρ
2632 5043 2693 5095 οὑ
2719 5045 2864 5096 ποιεῖ
2889 5041 3059 5096 κακὸν
3084 5043 3118 5113 ἡ
3144 5042 3359 5113 τρυφη;
3392 5041 3534 5111 Πρὸς
3563 5042 3762 5106 ἑαυτὴν

2099 5132 2317 5186 ιναντία
2346 5129 2495 5185 ἐστίν
2518 5134 2561 5161 ὀ
2585 5129 2708 5183 ὅθεν
2737 5129 2838 5183 οὑκ
2865 5124 3004 5193 οἶδα,
3040 5128 3158 5192 πῶς
3204 5130 3299 5182 καὶ
3325 5128 3389 5182 τὸ
3414 5128 3584 5198 ὄνομα
3604 5127 3762 5181 τοῦτο

2089 5216 2236 5288 εῖχει·
2266 5216 2380 5270 ἀλλ’
2403 5214 2643 5287 ῶσπερὴ
2677 5214 2803 5281 δόξα
2839 5216 3035 5286 ἀτιμία
3055 5209 3210 5278 οὖσα,
3245 5215 3340 5269 καὶ
3363 5216 3393 5268 6
3417 5214 3645 5276 πλοῦτος
3666 5231 3764 5267 πε-

2101 5306 2191 5359 νία
2220 5301 2316 5368 ὣν,
2350 5301 2509 5356 τοῦτο
2534 5302 2814 5370 κέκληται⁸
2849 5302 2992 5356 οὑτω
3016 5302 3109 5355 καὶ¹
3136 5304 3171 5374 ἡ
3200 5301 3379 5373 τρυφὴ
3409 5300 3572 5371 ἀηδία
3603 5295 3761 5369 οὖσα,

2099 5394 2193 5466 Μὴ
2220 5391 2333 5463 γὰρ
2380 5390 2611 5460 τυθῆναι
2642 5389 2859 5461 ἔχομεν,
2902 5391 2984 5444 ὃτι
3027 5389 3344 5459 λιπαίνομεν
3388 5387 3645 5452 έαυτούςς
3697 5386 3766 5452 Ti

2102 5476 2449 5552 παρέχειςτῷ
2470 5476 2712 5547 σκώληκι
2730 5477 2990 5548 λαμπράν
3002 5477 3102 5546 τὴν
3119 5475 3399 5545 τράπεζαν
3418 5475 3502 5541 ςτί
3515 5475 3611 5528 πλε
3620 5475 3767 5545 lava;

2103 5570 2279 5631 ποιεῖς
2298 5565 2424 5629 τοὺς
2466 5563 2698 5635 ίχώρας;
2743 5564 2795 5619 τί
2824 5565 3007 5635 πηγάς
3055 5562 3315 5633 ἱδρώτων,
3358 5564 3454 5617 καὶ
3500 5563 3762 5632 δυσωδίας

2103 5653 2512 5716 ὲναποτίθεσαι;
2539 5650 2593 5704 τί
2644 5650 2782 5719 πρὸς
2819 5650 2997 5703 πάντα
3031 5648 3256 5703 σεαυτὸν
3292 5647 3564 5721 ἄχρηστον
3592 5636 3764 5705 κατα-ι

2105 5741 2425 5807 σκευάζειςς
2449 5740 2637 5795 Βούλει
2669 5739 2921 5807 γενέσθαι
2955 5738 3174 5810 ἰσχυρὸν
3220 5738 3313 5792 τὸν
3337 5739 3654 5811 όφθαλμόν;
3688 5741 3767 5794 Τὸ

2106 5829 2265 5899 σῶμα
2295 5829 2520 5898 ποίησον
2539 5825 2775 5880 εὔτονον.
2801 5825 2911 5880 Καὶ
2943 5826 3051 5897 γάρ
3074 5828 3131 5879 ὲν
3181 5829 3301 5890 ταῖς
3332 5825 3550 5898 χορδαῖς
3597 5828 3631 5896 ὴ
3663 5843 3764 5894 μευ

2187 5916 2375 5982 ἤμεε,
2396 5915 2514 5982 πρὸς
2546 5912 2921 5982 emit-union
2943 5913 3088 5976 ἐστίν,
3115 5926 3143 5963 e
3168 5913 3328 5965 tribus
3348 5914 3488 5965 codd.
3518 5918 3573 5966 et
3604 5926 3757 5982 marg,

2042 6052 2046 6055 γ
2108 5976 2279 6031 Samii
2302 5976 2528 6041 suppleta
2543 5982 2677 6027 sunt.
2703 5976 2835 6030 Εωτ.
