4108 6172
390 305 502 362 209

389 418 593 489 παχεῖα
613 419 708 473 καὶ
728 416 1143 490 ἀδιακάθαρτος,
1180 417 1452 488 ἄχρηστος
1475 415 1611 487 πρὸς
1636 414 1735 478 τὰς
1761 413 2047 486 μελῳδίας·

390 509 426 577 ή
452 508 510 561 δὲ
536 505 798 561 πάντοθεν
818 504 1156 577 ἐπεεεσμένη
1211 504 1425 568 εὐτονός
1484 505 1601 557 ἐστι
1635 505 1732 557 καὶ
1769 502 2049 573 παναρμό-

390 611 520 658 νιος..
536 648 539 655 ,
558 594 623 647 Τί
645 590 1047 663 καταχωννύεις
1073 592 1172 662 τὴν
1195 591 1375 662 ψυχήν
1398 608 1413 654 ;
1460 590 1511 645 τί
1536 593 1713 660 τοῖχον
1744 588 2048 660 παχύτερον

389 683 565 744 ποιεῖς
586 696 601 746 ;
628 679 682 732 τί
704 679 872 732 πολὺν
897 678 990 731 τὸν
1011 678 1216 732 καπνὸν
1240 679 1334 732 καὶ
1352 678 1450 748 τὴν
1475 677 1723 746 νεφέλην.
1743 678 1872 730 ὅταν
1892 674 2045 747 [220]

386 768 551 839 ἀτμοί
576 768 827 838 καθάπερ
860 784 946 829 τις
970 765 1136 836 ἀχλὺς
1182 765 1441 818 πάντοθεν
1465 759 1598 818 ῶσιν
1645 764 2043 833 ἀναδιδόμενοι;

385 855 450 908 Εἰ
485 855 578 908 καὶ
613 853 799 924 μηδεὶς
827 853 1033 924 ἕτερος,
1065 854 1112 905 οί
1146 852 1374 922 ἀθληταί
1402 869 1460 905 σε
1515 850 1940 915 παιδευέτωσαν,
1964 850 2048 905 ὅτι

381 942 447 994 τὸ
481 941 785 1012 ἰσχνότερον
817 940 976 1010 σῶμα
1012 940 1376 1011 ἰσχυρότερον.
1409 940 1621 993 Οὐκοῦν
1650 939 1743 991 καὶ
1771 941 1802 1009 ή
1836 938 2046 1006 φιλοσο-

382 1028 559 1094 φούσα
582 1028 727 1099 ψυχὴ
758 1028 1112 1096 εὐτονωτέρα·
1165 1027 1363 1098 ήνιόχῳ
1389 1026 1499 1097 γάρ
1551 1026 1645 1078 καί
1674 1026 1825 1096 ἵππῳ
1877 1024 2039 1078 ἔοικε.

382 1115 494 1168 Καὶ
524 1114 730 1179 ἔξεστιν
754 1115 906 1185 ὀρᾷν,
938 1113 1186 1185 καθάπερ
1209 1112 1429 1166 ἐπὶτῶν
1457 1114 1632 1184 τρυφῇ
1666 1111 2042 1183 προσεχόντων

381 1198 685 1270 ἀνθρώπων
714 1201 807 1252 καὶ
828 1199 1257 1269 εὐσαρκούντων,
1279 1196 1423 1251 οὕτω
1446 1197 1540 1249 καὶ
1566 1198 1691 1257 τοὺς
1711 1194 2042 1265 εὐσαρκοῦν-

380 1302 481 1350 τας
500 1285 610 1338 τῶν
636 1286 817 1339 ἵππων
849 1286 1200 1356 δυσκινήτους
1242 1284 1420 1347 ὄντας,
1450 1284 1541 1337 καί
1597 1282 1765 1336 πολλὰ
1796 1282 1873 1353 τῷ
1892 1283 2040 1352 ήνιό-

380 1390 463 1443 χῳ
490 1384 518 1413 ι
545 1371 847 1444 πράγματα
870 1372 1228 1443 παρέχοντας.
1296 1370 1601 1441 ’Δγαπητὸν
1631 1370 1845 1441 εὐήνιον
1875 1368 2040 1423 ἵππον

376 1458 571 1529 ἔχοντα
596 1460 687 1513 καὶ
710 1458 937 1529 εὐσκελῆ
963 1458 1258 1529 δυνηθῆναι
1286 1458 1345 1512 1:0
1368 1457 1619 1529 βραϐεῖον
1641 1455 1845 1512 λαϐεῖν.
1872 1456 2038 1510 Ὅταν

444 1551 463 1576 ⁸
507 1553 680 1603 Morel.
713 1555 844 1603 male
877 1555 974 1602 τῶν
1012 1553 1234 1616 ἡνιόχων.

1183 302 1243 357 8.
1283 298 1566 356 JOANNIS
1600 296 2086 355 CHRYSOSTOMI
2122 296 2443 355 ARCHIEP.
2483 296 3029 356 CONS'I‘ANTINOP.

3704 307 3819 363 210

2144 414 2205 469 δέ
2226 413 2602 484 ἀναγκάζηται
2629 415 2658 467 ό
2686 414 2898 486 ήνίοχος
2940 414 3119 468 ἕλκειν
3144 412 3327 479 αὐτὸν,
3361 416 3454 469 καὶ
3480 423 3811 476 καταπεσόν-

2146 517 2215 554 τα
2238 500 2495 571 μυριάκις
2537 500 2743 555 νύττων
2772 502 2846 573 μὴ
2896 501 3193 571 διανιστᾷν,
3233 501 3334 555 κάν
3396 504 3591 575 ιφόδρα
3646 509 3811 571 αὐτὸς

2145 587 2408 659 ἔμπειρος
2434 583 2491 660 ᾖ,
2513 588 2613 658 τῆς
2636 587 2793 658 νίκης
2814 587 3340 659 ἀποστερηθήσεται.
3362 588 3456 659 Μὴ
3474 589 3539 661 δὴ
3565 592 3815 663 περιῖδου-

2150 690 2250 744 μεν
2276 673 2433 745 ἡμῶν
2461 674 2559 744 τὴν
2584 673 2762 744 ψυχὴν
2789 674 3238 745 ἐπηρεαζομένην
3264 674 3353 727 διά
3387 675 3447 728 τὸ
3472 675 3651 747 σῶμα,
3676 679 3812 734 ἀλλὰ

2148 763 2244 815 καὶ⁸
2298 761 2511 833 ἐκείνην
2571 761 3022 832 διορατικωτέραν
3062 759 3451 832 ἐργασώμεθα·
3498 764 3561 817 τὸ
3614 766 3813 836 πτερὸν

2153 849 2289 919 αὐτῇ
2324 847 2524 917 κοῦφον
2556 849 2888 919 ποιήσωμεν,
2921 848 3225 920 χαυνότερα
3270 848 3339 902 τά
3382 849 3576 920 δεσμά·
3632 852 3811 921 λόγοις

2150 935 2320 1006 αὐτὴν
2354 936 2665 1006 τρέφωμεν,
2708 935 3028 1007 αὐταρκείᾳ,
3058 936 3180 989 ὅσον
3231 936 3497 1004 ὑγιαίνειν
3536 938 3695 1007 μόνον
3748 938 3811 991 τὸ

2149 1023 2327 1095 σῶμα,
2356 1025 2478 1077 ὅσον
2509 1022 2782 1095 εὔρωστον
2810 1020 2973 1085 εἶναι,
3005 1024 3127 1077 ὅσον
3146 1025 3357 1094 χαίρειν
3380 1025 3474 1077 καὶ
3497 1024 3571 1096 μή
3601 1026 3808 1094 ἀλγεῖν·

2148 1109 2235 1163 ἵνα
2254 1108 2397 1162 οὕτω
2420 1109 2489 1163 τά
2519 1109 2643 1163 καθ’
2698 1110 2922 1173 ἑαυτοὺς
2955 1105 3015 1163 εὖ
3041 1110 3318 1175 διαθέντες
3363 1110 3678 1181 δυνηθῶμεν
3705 1112 3809 1183 τῆς

2145 1195 2321 1267 ἄκρας
2371 1195 2575 1265 ἀρετῆς
2607 1195 2979 1261 ἐπιλαϐέσθαι,
3012 1197 3106 1250 καὶ
3150 1197 3259 1250 τῶν
3306 1196 3541 1251 αίωνίων
3586 1198 3807 1267 ἀγαθῶν

2146 1285 2443 1353 ἐπιτυχεῖν,
2491 1284 2674 1356 χάριτι
2699 1283 2795 1335 καὶ
2833 1282 3213 1356 φιλανθρωπίᾳ
3262 1283 3358 1338 τοῦ
3404 1285 3607 1356 Κυρίου
3651 1286 3808 1356 ήμῶν

2155 1367 2328 1439 Ἰησοῦ
2365 1370 2626 1440 Χριστοῦ,
2663 1369 2783 1440 μεθ’
2805 1365 2865 1425 οὕ
2886 1370 2962 1440 τῷ
3002 1371 3179 1442 Πατρὶ
3212 1370 3328 1443 ἅμα
3354 1370 3432 1442 τῷ
3463 1371 3603 1442 ἁγίῳ
3638 1371 3808 1426 Πνεύο

2141 1473 2272 1524 ματι
2296 1455 2443 1522 δόξα,
2476 1456 2698 1527 κράτος,
2715 1458 2871 1529 τιμὴ,
2894 1457 2990 1511 νῦν
3016 1458 3109 1512 καὶ
3123 1458 3231 1524 ἀεὶ,
3250 1459 3345 1513 καὶ
3365 1460 3443 1521 εἰς
3464 1458 3590 1522 τούς
3604 1458 3806 1523 αἰῶνας

2137 1541 2246 1596 τῶν
2276 1542 2510 1597 αἰώνων.
2552 1543 2744 1615 ’Δμήν.

1850 1727 2102 1783 OMIAIA
2132 1727 2271 1783 κη’.

371 1823 550 1902 οὗτοι
581 1821 838 1902 οὖν
878 1820 1318 1902 ἐκπεμφθέντες
1355 1821 1485 1902 υπὸ
1514 1820 1647 1902 ⁸τοῦ
1695 1822 2037 1902 Πνεύματος

444 1897 551 1951 τοῦ
583 1893 781 1964 “ιίγίου
839 1893 1143 1964 κατῆλθον
1194 1896 1282 1957 εὶς
1344 1893 1721 1964 Σελεύκειαν,
1748 1893 2037 1964 Δκάκεῖθεν

440 1961 840 2041 ἀπέπλευσαν
888 1961 983 2041 είς
1018 1963 1132 2041 τὴν
1175 1965 1437 2041 Κύπρονι
1459 1962 1582 2041 ¹Καὶ
1614 1962 1923 2041 γενόμενοι

444 2035 755 2103 Σαλαμῖνι,
805 2036 1207 2102 κατήγγειλαν
1262 2033 1368 2103 τόν
1395 2032 1581 2103 λόγον
1613 2032 1737 2103 ἢτοῦ
1779 2032 1926 2103 θεοῦ
1966 2032 2036 2103 ἐν

437 2106 567 2172 ταῖς
598 2096 977 2173 συναγωγαῖς
1003 2096 1154 2156 ’τῶν
1191 2096 1510 2157 Ἰουδαίων.
1564 2096 1747 2168 Εἶχον
1799 2099 1870 2153 δὲ
1933 2100 2034 2153 καὶ

449 2175 738 2242 Ἰωάννην
761 2174 1086 2243 ὑπηρέτην.

439 2280 509 2336 α’.
531 2281 683 2351 ’Ἅμα
698 2278 1158 2350 χειροτονηθέντες
1179 2276 1419 2346 ἐξῆλθον,
1443 2277 1537 2330 καὶ
1557 2278 1634 2340 εἰς
1655 2275 1877 2345 Κύπρον
1898 2276 2031 2329 ἀπέ-

364 2370 632 2433 πλευσαν,
667 2367 762 2421 ἆτε
801 2367 901 2419 οὐκ
928 2365 1094 2436 οὔσης
1120 2364 1413 2434 ἐπιϐουλῆς
1452 2365 1589 2429 ἐκεῖ,
1611 2365 1704 2418 καί
1730 2363 1823 2418 τοῦ
1871 2364 2028 2432 λόγου

369 2453 820 2523 κατασπαρέντος
851 2453 974 2524 ήδη.
1028 2453 1116 2505 Ἑν
1164 2452 1462 2522 Ἀντιοχείᾳ
1490 2452 1588 2522 μὲν
1614 2452 1724 2522 γὰρ
1743 2448 1883 2524 ἦσαν
1913 2453 2033 2505 ἰκα-

358 2537 465 2592 νοί·
494 2537 588 2591 καὶ
616 2538 650 2607 ή
674 2536 892 2604 Φοινίκη
914 2534 971 2587 δέ
993 2534 1217 2606 πλησίον
1249 2535 1349 2605 τῆς
1393 2535 1755 2606 Παλαιστίνης
1777 2531 1868 2607 ἦν,
1916 2536 2029 2589 Κύ-

362 2641 501 2697 προς
530 2626 587 2679 δὲ
608 2624 747 2695 οὐχί.
775 2624 974 2678 Λοιπὸν
1025 2622 1099 2693 μὴ
1131 2623 1303 2694 ζήτει,
1332 2622 1425 2676 διά
1441 2622 1531 2689 τίς
1582 2624 1711 2681 ὅταν
1746 2623 2026 2695 Πνεύματι

359 2712 639 2766 κινῶνται·
674 2713 737 2765 οὐ
770 2712 878 2782 γάρ
910 2711 973 2781 δὴ
1006 2709 1492 2781 ἐχειροτονήθησαν
1528 2711 1803 2782 Πνεύματι
1841 2712 2021 2780 μόνον,

357 2799 499 2855 ἀλλά
536 2799 629 2853 καὶ
657 2797 1100 2869 ἐξεπέμφθησαν.
1159 2797 1265 2851 Kal
1304 2799 1609 2867 γενόμενοι
1639 2799 1710 2852 ἐν
1732 2799 2025 2868 Σαλαμῖνι

359 2885 776 2957 κατήγγελλον
807 2885 916 2939 τὸν
945 2886 1131 2955 λόγον
1162 2886 1269 2939 τοῦ
1305 2886 1453 2939 Θεοῦ
1478 2887 1550 2939 ἐν
1601 2886 1729 2952 ταῖς
1750 2903 2024 2957 συναγω-

360 2974 493 3047 γαῖς
522 2973 641 3028 τῶν
677 2973 1000 3029 Ἰουδαίων.
1045 2973 1206 3043 Ὁρᾷς
1260 2973 1439 3026 πᾶσαν
1485 2972 1719 3043 σπουδὴν
1769 2974 2023 3045 ποιουμέ-

357 3079 484 3125 νους
515 3062 711 3123 αὐτοὺς
741 3060 969 3123 ἐκείνοις
993 3058 1384 3127 καταγγέλλειν
1405 3061 1498 3113 τὸν
1557 3058 1714 3129 λόγον
1761 3061 2020 3133 πρώτοις,

357 3149 452 3203 ενα
485 3148 561 3219 μὴ
591 3148 1057 3218 φιλονεικοτέρους
1117 3146 1496 3218 ἐργάσωνται;
1558 3149 1667 3201 Καὶ¹
1698 3148 1894 3202 ἐκεῖνοι
1923 3148 2023 3202 οὐκ

357 3236 583 3290 ἐλάλουν
601 3248 626 3277 ο
653 3237 703 3289 εἰ
740 3235 817 3306 μὴ
855 3233 1128 3297 Ἰουδαίοις
1160 3235 1360 3305 μόνοις,
1396 3235 1490 3288 καὶ
1506 3229 1652 3289 οὗτοι
1668 3238 1746 3300 εἰς
1777 3236 1875 3300 τὰς
1897 3254 2021 3291 συν-

354 3324 579 3393 αγωγάς
634 3322 900 3393 ἀπῄεσαν.
934 3323 1281 3388 Διελθόντες
1341 3322 1410 3375 δὲ
1444 3322 1561 3391 τὴν
1610 3321 1811 3392 νῆσον
1864 3324 2020 3390 ὅλην

351 3411 493 3479 ἄχρι
520 3409 751 3478 Πάφου,
784 3405 967 3476 εὗρον
986 3407 1176 3478 ἄνδρα
1207 3409 1339 3464 τινὰ
1360 3408 1558 3479 μάγον
1604 3410 2020 3481 ψευδοπροφή-

351 3515 468 3564 την
503 3497 805 3560 Ἰουδαῖον,
839 3490 887 3563 ᾧ
911 3497 1099 3564 ὄνομα
1154 3496 1275 3564 Βὰρ
1311 3496 1570 3565 Ἰησοῦς,
1602 3498 1669 3563 ὃς
1693 3494 1773 3569 ἦν
1795 3498 1918 3552 σὺν
1937 3498 2018 3565 τῷ

348 3583 675 3651 ἀνθυπάτῳ
709 3584 933 3653 Σεργίῳ
977 3586 1214 3653 Παύλῳ,
1247 3584 1419 3654 ἀνδρὶ
1446 3586 1700 3652 συνετῷ·
1737 3585 1803 3654 ὃς
1828 3602 2017 3656 προσ-

351 3670 764 3741 καλεσάμενος
829 3672 1142 3740 Βαρνάϐαν
1195 3673 1293 3726 καὶ
1342 3673 1600 3736 Σαῦλον.
1651 3673 2019 3743 ἐπεζήτησεν

344 3758 610 3814 ἀκοῦσαι
642 3759 748 3813 τὸν
778 3761 966 3828 λόγον
990 3760 1096 3815 τοῦ
1130 3761 1298 3817 Θεοῦ.
1347 3762 1693 3817 Ἀνθίστατο
1717 3762 1786 3816 δὲ
1811 3762 2017 3830 αὐτοῷ

366 3848 623 3917 Ἐλύμας
656 3850 691 3901 ό
720 3848 914 3919 μάγος
945 3849 1119 3919 (οὕτω
1144 3850 1255 3920 γὰρ
1275 3853 1771 3920 μεθερμηνεύεται
1797 3852 1863 3906 τὸ
1891 3852 2017 3908 δνο-

344 3951 432 4004 ιια
467 3933 699 4001 αὐτοῦ),
730 3931 919 4003 ζἠτῶν
952 3936 1312 4006 διαστρέψαι
1360 3938 1467 3992 τὸν
1492 3939 1843 3994 ἀνθύπατον
1894 3940 2016 3996 ἀπὸ

348 4021 462 4091 τῆς
489 4023 767 4090 πίστεως.
802 4023 972 4077 Πάλιν
1005 4025 1178 4095 μάγος
1229 4026 1500 4090 Ἰουδαῖος,
1527 4025 1780 4099 καθάπερ
1810 4028 2010 4098 Σίμων.

347 4112 460 4166 Καὶ
491 4112 593 4181 ὅρα
622 4111 833 4177 τοῦτον,
888 4113 980 4167 ὅτε
1012 4114 1112 4184 μὲν
1157 4116 1269 4178 τοῖς
1300 4113 1477 4178 ἄλλοις
1512 4114 1662 4187 [221]
1695 4116 2011 4186 ἐκήρυττον,

342 4199 408 4252 οὐ
435 4199 639 4270 σφόδρα
669 4199 1102 4267 ἀγανακτοῦντα·
1120 4201 1307 4273 ἐπειδὴ
1332 4202 1394 4255 δὲ
1420 4200 1496 4272 τῷ
1522 4201 1814 4275 ἀνθυπάτῳ
1840 4221 2011 4276 προσ-

343 4286 534 4357 ῄεσαν,
581 4287 724 4341 τότε.
768 4288 841 4341 Τὸ
868 4288 924 4342 δὲ
946 4288 1261 4361 θαυμαστὸν
1305 4290 1399 4343 τοῦ
1447 4289 1777 4354 ἀνθυπάτου,
1807 4293 1888 4347 ὅτι
1917 4293 2010 4347 καὶ

338 4374 888 4445 προκατειλημμένος
918 4377 983 4447 τῇ
1008 4376 1218 4449 μαγείᾳ
1278 4377 1511 4441 ἐκείνου,
1538 4378 1729 4450 ήθελεν
1777 4377 2007 4433 ἀκοῦσαι

341 4460 452 4513 τῶν
477 4462 811 4517 ἀποστόλων.
844 4462 1001 4517 Οὕτω
1036 4465 1130 4517 καὶ
1153 4465 1203 4518 οί
1234 4465 1565 4535 Σαμαρεῖται
1594 4466 1878 4537 ἐποίησαν,
1912 4468 2009 4521 καὶ

341 4552 452 4605 ἀπὸ
475 4553 812 4621 συγκρίσεως
836 4554 869 4623 ή
899 4553 1023 4623 νίκη
1056 4555 1321 4620 φαίνεται,
1343 4555 1442 4624 τῆς
1469 4556 1700 4625 μαγείας
1724 4558 2009 4627 ἁλισκομέ-

336 4656 459 4709 νης.
488 4639 769 4710 Πανταχοῦ
806 4641 839 4709 ή
871 4639 1146 4704 κενοδοξία
1172 4643 1266 4694 καὶ
1290 4643 1323 4712 ή
1366 4641 1627 4711 φιλαρχία
1653 4648 1667 4665 ⁸
1694 4644 1867 4697 αῖτιαι
1896 4645 2006 4699 τῶν

341 4724 549 4779 κακῶν.
577 4725 812 4791 Σαῦλος
837 4724 906 4778 δὲ
933 4728 968 4779 ὁ
1024 4727 1121 4779 καὶ
1173 4727 1429 4792 Παῦλος,
1478 4727 1768 4794 πλησθεὶς
1819 4731 2007 4785 Πνεύ-

332 4830 526 4883 ματος
562 4812 756 4882 ἁγίου,
780 4813 1068 4880 ἀτενίσας
1098 4816 1185 4880 είς
1232 4815 1420 4869 αὐτὸν
1446 4809 1635 4867 εἶπεν·
1674 4815 1742 4867 Ὦ
1766 4817 2003 4888 πλήρης

334 4898 563 4965 παντὸς
591 4898 776 4953 δόλου
800 4900 899 4953 καί
919 4899 1121 4969 πάσης
1139 4901 1545 4970 ῥᾳδιουργίας,
1571 4901 1663 4956 υίὲ
1694 4902 1998 4973 διαϐόλου,

331 4988 514 5057 ἐχθρὲ
530 4986 733 5053 πάσης
757 4989 1173 5056 δικαιοσύνης,
1193 4992 1265 5044 οὐ
1281 4991 1490 5058 παύση
1504 4988 1877 5061 διαστρέφων
1894 4995 2003 5062 τὰς

335 5075 520 5141 ὀδοὺς
545 5077 767 5143 Κυρίου
821 5074 931 5143 τὰς
958 5079 1231 5142 εὑθείας;
1258 5078 1367 5132 Καὶ
1415 5078 1531 5132 νῦν
1554 5078 1684 5133 ἰδοὺ
1729 5079 1856 5149 χείρ
1887 5085 2003 5137 Κυ-

326 5165 468 5233 ρίου
496 5163 594 5218 ἐπί
622 5163 716 5226 σὲ,
745 5163 842 5217 καί
866 5164 982 5230 ἔσῃ
1011 5165 1259 5233 τυφλὸς,
1305 5166 1391 5234 μὴ
1412 5165 1663 5231 ,βλέπων
1687 5167 1796 5220 τόν
1820 5167 2000 5235 ἣλιον

329 5251 474 5319 ἄχρι
508 5250 737 5318 καιροῦ.
789 5248 1054 5303 Ἐνταῦθα
1083 5253 1143 5304 τὸ
1167 5251 1337 5324 ὄνομα
1360 5252 1523 5306 αὐτοῦ
1547 5254 1831 5324 ἀμείϐεται
1860 5257 1997 5327 μετά

332 5341 433 5403 τῆς
462 5338 813 5409 χειροτονίας,
845 5340 984 5410 ὅπερ
1014 5340 1109 5394 καὶ
1154 5342 1247 5393 ἐπὶ
1290 5340 1385 5394 τοῦ
1422 5341 1634 5411 Πέτρου
1678 5344 1990 5413 γεγένηται.

332 5425 444 5478 Καὶ
482 5426 606 5495 ὅρα,
661 5426 759 5497 οὐχ
792 5425 946 5497 ὕϐρις
977 5427 1040 5481 1:0
1065 5429 1300 5499 πρᾶγμά
1329 5430 1494 5493 ἐστιν,
1526 5428 1664 5484 ἀλλά
1714 5431 1996 5504 κατάπλη-

328 5510 435 5576 ξις.
465 5511 603 5575 Τοὺς
632 5511 741 5584 γὰρ
769 5513 995 5584 ἰταμοὺς
1025 5516 1120 5568 καὶ
1142 5513 1531 5585 ἀναισχύντους
1561 5516 1701 5571 οὕτω
1726 5518 1807 5571 δεῖ
1833 5536 1994 5573 κατα·

329 5596 684 5667 πλήττεσθαι.
754 5600 822 5653 Ὦ
854 5600 1098 5671 πλήρης
1144 5602 1372 5668 παντὸς
1423 5602 1630 5667 δόλου,
1686 5605 1840 5675 φησι,
1893 5606 1994 5659 καί

329 5682 534 5751 πάσης
551 5684 956 5755 ῥᾳδιουργίας,
997 5689 1089 5743 υίέ
1113 5688 1418 5754 διαϐόλου,
1457 5689 1633 5757 ἐχθρὲ
1660 5693 1864 5759 πάσης
1909 5692 1995 5747 δι-

327 5770 681 5838 καιοσύνης.
735 5773 996 5828 Ἐνταῦθα
1023 5777 1187 5829 αὐτοῦ
1217 5776 1591 5830 ἀποκαλύπτει
1615 5776 1681 5830 τὰ
1710 5780 1767 5830 ἐν
1791 5782 1855 5848 τῇ
1880 5780 1995 5833 δια-

374 5857 392 5880 ⁸
418 5859 514 5923 Αἰίἰ
539 5857 742 5923 ἐκείνους
755 5860 855 5923 ⁸οὐκ
877 5861 1086 5910 ἐλάλουν.
1112 5862 1239 5914 Infra
1263 5865 1391 5916 Edili
1414 5864 1657 5923 ἐζήτησεν,
1678 5877 1795 5913 mss.
1821 5877 1995 5918 omnes

324 5921 625 5981 ἐπεζήτησεν.
698 5918 715 5938 ⁵
755 5919 905 5984 Unus,
929 5925 1224 5989 φιλαργυρίαι.

2138 1820 2276 1891 vola,
2310 1820 2661 1892 προσχήματι
2687 1822 2963 1893 σωτηρίας
3014 1823 3302 1879 ἀπολλύντι
3336 1825 3428 1879 τὸν
3466 1826 3805 1888 ἀνθύπατον.

2138 1911 2221 1963 Οὐ
2264 1910 2492 1978 παύση,
2549 1910 2701 1981 φησὶ,
2745 1910 3118 1980 διαστρέφων
3154 1912 3262 1978 τὰς
3304 1912 3485 1983 ὀδοὺς
3536 1913 3804 1986 κυρίους

2133 1995 2244 2050 Καὶ
2271 1996 2620 2062 ἀξιοπίστως,
2649 1998 2761 2068 Οὐχ
2781 1999 2912 2068 ἡμῖν
2938 1999 3217 2069 πολεμεῖς,
3248 2002 3438 2070 φησὶν.
3471 2003 3588 2057 οὐδὲ
3620 2006 3799 2078 μάχῃ,

2130 2082 2268 2137 ἀλλά
2288 2082 2388 2147 τάς
2430 2083 2584 2148 όδούς
2630 2084 2834 2156 Κυρίου
2871 2085 3219 2156 διαστρέφεις
3268 2088 3369 2151 τὰς
3420 2088 3655 2154 εὐθείας.
3708 2095 3801 2147 καὶ

2131 2168 2251 2238 μετ’
2308 2170 2607 2241 ἐγκωμίου.
2660 2170 2772 2225 Kal
2812 2172 2930 2226 νῦν
2963 2173 3091 2227 ίδοὺ
3125 2175 3255 2243 χεὶρ
3305 2178 3527 2244 Κιιρίου
3572 2178 3671 2231 ἐπὶ
3699 2180 3800 2242 σὲ,

2129 2256 2228 2309 καί
2260 2256 2376 2324 ἔσῃ
2410 2257 2658 2325 τυφλός·
2692 2250 2762 2329 ’ῼ
2804 2259 2962 2323 αὐτὸς
3014 2262 3297 2332 προσήχθη
3355 2262 3586 2334 σημείῳ,
3625 2266 3800 2337 τούτῳ

2131 2341 2225 2392 καὶ
2249 2340 2436 2393 τοῦτον
2455 2340 2728 2413 ἠϐουλήθη
2772 2346 3163 2412 προσαγαγεῖν.
3202 2346 3310 2398 Καὶ
3328 2344 3407 2410 τὸ,
3443 2346 3614 2417 ’Ἄχρι
3669 2367 3798 2404 και-

2121 2424 2236 2493 ροῦ
2265 2427 2340 2491 δὲ,
2369 2427 2430 2479 οὐ
2460 2426 2780 2492 κολάζοντος
2807 2425 2876 2500 ἦν
2905 2429 2966 2482 τὸ
2998 2433 3169 2501 ῥῆμα,
3210 2431 3325 2484 ἀλλ’
3351 2433 3797 2505 ἐπιστρέφοντος.

2129 2513 2193 2566 Εἰ
2221 2513 2328 2584 γάρ
2359 2514 2679 2579 κολάζοντος
2702 2511 2790 2587 ἦν,
2825 2517 3115 2582 διαπαντὸς
3138 2518 3205 2573 ἂν
3255 2520 3419 2573 αὐτὸν
3446 2523 3667 2594 ἐποίησε
3703 2541 3801 2578 τυ-

2127 2600 2280 2668 φλόν·
2310 2600 2406 2653 νῦν
2426 2601 2483 2655 δὲ
2512 2603 2575 2655 οὐ
2608 2602 2787 2668 τοῦτο,
2819 2604 2954 2657 ἀλλά
2976 2605 3111 2677 πρὸς
3162 2606 3375 2677 καιρὸν,
3406 2609 3494 2662 ἴνα
3515 2609 3608 2664 τὸν
3634 2611 3797 2665 ἀνθύ-

2125 2703 2294 2740 πατον
2317 2687 2573 2762 κερδάνῃ.
2609 2690 2976 2760 Παραχρῆμα
3024 2692 3092 2746 δὲ
3139 2692 3440 2748 ἐπέπεσεν
3480 2696 3575 2749 ἐπ’
3609 2700 3801 2753 αὐτὸν

2122 2774 2318 2844 ἀχλὺς
2344 2775 2445 2828 καί
2492 2777 2736 2844 σκότος,
2786 2778 2884 2831 καί
2932 2779 3230 2850 περιάγων
3276 2779 3467 2848 ἐζήτει
3513 2801 3798 2855 χειραγω-

2122 2862 2287 2930 γούς.
2324 2863 2457 2916 Τότε
2481 2862 2621 2916 ἰδὼν
2649 2866 2684 2918 ό
2714 2864 3058 2932 ἀνθύπατος
3080 2867 3146 2921 τὸ
3197 2869 3467 2938 γεγονὸς,
3513 2871 3794 2927 ἐπίστευ-

2121 2963 2253 3013 σεν,
2301 2948 2786 3019 ἐκπληττόμενος
2842 2952 2941 3005 ἐπὶ
2997 2952 3073 3022 τῇ
3122 2953 3340 3025 διδαχῇ
3393 2957 3499 3012 τοῦ
3544 2960 3790 3027 Kvpiov.

2122 3034 2360 3123 Εἰκότως
2387 3035 2438 3077 ιο·
2469 3038 2560 3091 τὸν
2582 3040 2691 3109 γὰρ
2719 3040 3263 3113 προκατειλημμένον
3285 3047 3351 3115 τῇ
3387 3046 3591 3118 μαγείᾳ
3614 3047 3794 3123 ταύτῃ

2120 3122 2188 3191 τῇ
2217 3123 2457 3195 τιμωρίᾳ
2485 3125 2772 3180 παιδεῦσαι
2814 3127 2998 3198 ἐχρῆν.
3034 3129 3191 3183 Οὕτω
3232 3131 3327 3184 καί
3354 3133 3403 3185 οἱ
3432 3133 3491 3186 ἐν
3531 3134 3794 3207 Αἰγύπτῳ

2121 3208 2286 3276 μάγοι
2309 3207 2415 3262 ὐπδ
2441 3209 2547 3262 τῶν
2576 3211 2878 3279 φλυκτίδων
2903 3214 2965 3267 τὸ
2997 3215 3127 3284 πρὶν
3158 3218 3520 3273 ἐπαιδεύοντο.
3559 3221 3700 3291 Ὅρα
3731 3225 3792 3279 δὲ

2119 3295 2318 3359 αὐτοὺς
2348 3297 2449 3350 οὐκ
2481 3299 2894 3370 ἐγχρονίζοντας
2952 3303 3162 3368 αὐτόθι,
3191 3304 3286 3359 ἀτε
3320 3307 3412 3361 τοῦ
3477 3309 3790 3367 ἀνθυπάτου

2117 3381 2306 3436 λοιπὸν
2337 3384 2748 3452 πιστεύσαντος,
2783 3389 2905 3443 οὐδέ
2935 3390 3372 3461 μαλακισθέντας
3410 3398 3477 3466 τῇ
3524 3399 3792 3471 κολακείᾳ

2116 3471 2211 3524 καὶ
2234 3474 2301 3543 τῇ
2332 3475 2488 3544 τιμῇ,
2511 3473 2624 3527 ἀλλ’
2656 3475 2859 3541 εὐθέως
2883 3476 2976 3531 τοῦ
2998 3476 3164 3548 ἐργου
3210 3479 3528 3551 ἐχομένους,
3558 3485 3653 3537 καὶ
3704 3487 3790 3550 εἰς

2115 3559 2214 3627 τὴν
2241 3560 2539 3632 ἀντιπέραν
2568 3560 2752 3633 χώραν
2776 3563 3083 3635 ὁρμῶντας.
3132 3565 3511 3637 Ἃναχθέντες
3569 3570 3637 3624 δὲ
3663 3573 3789 3627 ἀπὸ

2115 3640 2225 3714 τῆς
2248 3649 2493 3718 Κύπρου
2512 3652 2567 3704 οι
2600 3650 2733 3719 περί
2760 3651 3029 3717 Παῦλον,
3068 3650 3260 3724 ἦλθον
3305 3658 3394 3723 εἰς
3418 3657 3654 3729 Πέργην
3674 3660 3790 3728 τῆς

2116 3731 2495 3800 Παμφυλίας.
2566 3732 2851 3801 Ἰωάννης
2893 3735 2963 3789 δὲ
3019 3737 3423 3809 ἀποχωρήσας
3454 3742 3556 3796 ἀπ’
3585 3743 3791 3798 αὐτῶν

2115 3820 2496 3891 ὑπέστρεψεν
2531 3825 2620 3890 εις
2659 3825 3069 3903 Ἰεροσόλυμα.
3116 3829 3296 3885 Αὐτοὶ
3324 3828 3392 3883 δέ
3443 3830 3791 3901 διελθόντες

2111 3908 2231 3962 ἀπὸ
2264 3907 2372 3975 τῆς
2404 3908 2633 3980 Πέργης
2678 3912 3078 3981 παρεγένοντο
3113 3918 3201 3982 εἰς
3269 3917 3624 3989 Ἀντιόχειαν
3670 3917 3790 3989 τῆς

2113 3996 2388 4063 Πισιδίας
2441 3997 2544 4052 καὶ
2601 4001 2979 4068 εἰσελθόντες
3005 4004 3094 4070 είς
3139 4003 3257 4073 τὴν
3298 4005 3662 4078 συναγωγήν
3706 4008 3787 4079 τῇ

2113 4081 2305 4151 ήμέρᾳ
2330 4082 2447 4138 τῶν
2472 4084 2788 4140 σαϐϐάτων
2822 4087 3131 4145 ἐκάθισαν.
3174 4092 3346 4147 Πάλιν
3392 4094 3474 4157 είς
3507 4095 3606 4160 τάς
3655 4112 3789 4150 συν-

2110 4174 2334 4242 αγωγάς
2367 4177 2425 4229 ἐν
2453 4176 2692 4246 σχήματι
2740 4176 3314 4254 Ἰουδαίων-εἰσῄεσαν,
3348 4182 3491 4238 ὥστε
3520 4185 3594 4257 μὴ
3619 4185 3789 4240 πολε-

2114 4259 2333 4330 μείσθαι
2359 4262 2495 4332 μηδέ
2526 4261 2866 4332 ἐλαύνεσθαι,
2890 4266 2986 4319 καὶ
3013 4265 3155 4320 οὕτω
3182 4268 3244 4322 τὸ
3280 4269 3388 4322 πᾶν
3438 4270 3784 4341 κατώρθουν.

2108 4349 2271 4402 Μετὰ
2291 4346 2359 4401 δὲ
2394 4347 2511 4418 τὴν
2546 4349 2891 4421 ἀνάγνωσιν
2914 4352 3023 4407 τοῦ
3053 4356 3240 4425 νόμου
3270 4356 3370 4411 καί
3398 4356 3519 4411 τῶν
3548 4374 3788 4430 προφη-

2109 4432 2246 4497 τῶν,
2274 4434 2641 4492 ἀπέστειλαν
2667 4441 2722 4492 οί
2748 4438 3226 4513 ἀρχισυνάγωγοι
3258 4444 3410 4514 πρὸς
3433 4447 3655 4513 αὐτοὺς
3673 4448 3786 4504 λέ-

2106 4537 2333 4589 γοντες·
2378 4522 2624 4591 ’Ἄνδρες
2661 4524 2932 4595 ἀδελφοί.
2994 4529 3049 4582 εἱ
3094 4528 3226 4583 ἔστι
3283 4531 3469 4600 λόγος
3510 4531 3581 4586 ἐν
3632 4533 3787 4603 ὑμῖν

2102 4608 2541 4679 παρακλήσεως
2563 4611 2713 4679 πρὸς
2734 4612 2844 4667 τὸν
2863 4614 3037 4680 λαὸν,
3075 4616 3302 4684 λέγετε.
3337 4617 3538 4671 Λοιπὸν
3594 4621 3784 4675 ἐντεῦ-

2102 4694 2198 4747 θεν
2250 4697 2319 4750 τά
2374 4698 2517 4751 κατά
2568 4700 2782 4754 Παῦλον
2812 4701 3178 4774 μανθάνομεν,
3225 4704 3289 4757 οὐ
3318 4705 3492 4777 μικρά
3514 4709 3644 4777 περὶ
3678 4709 3778 4763 τοῦ

2104 4783 2311 4855 Πέτρου
2341 4785 2606 4854 μαθόντες
2632 4790 2692 4840 ἐν
2724 4791 2837 4851 τοῖς
2871 4789 3062 4861 πρῴην
3089 4790 3422 4862 εἰρημένοις.
3462 4793 3601 4846 Ἀλλ’
3653 4795 3779 4850 ἴδω-

2106 4887 2206 4939 μεν
2264 4872 2469 4926 ἀνωθεν
2495 4873 2564 4926 τά
2596 4874 2881 4945 εἰρημένα.
2937 4877 3048 4931 Kal
3106 4880 3434 4948 γενόμενοι,
3464 4882 3649 4951 φησὶν,
3702 4884 3780 4938 ἐν

2101 4956 2409 5027 Σαλαμῖνι,
2450 4959 2862 5030 κατήγγελλον
2897 4964 3005 5018 τὸν
3034 4966 3220 5036 λόγον
3243 4967 3352 5022 τοῦ
3382 4968 3532 5023 Θεοῦ
3565 4973 3632 5041 τῇ
3663 4989 3776 5043 μη-

2100 5045 2350 5115 τροπόλει
2378 5046 2477 5115 τῆς
2519 5047 2769 5119 Κύπρου.
2828 5050 3124 5122 Ἐποίησαν
3168 5054 3415 5109 ἐνιαυτὸν
3444 5060 3504 5109 ἐν
3569 5059 3778 5113 Ἀντιο-

2098 5132 2244 5202 χείᾳ.
2302 5132 2448 5185 Ἔδει
2490 5135 2651 5187 κάκεῖ
2694 5134 2843 5211 [ΞΞΞ]
2898 5139 3176 5205 ἀπελθεῖν,
3234 5142 3329 5195 καὶ
3364 5141 3440 5213 μή
3472 5144 3775 5214 διαπαντὸς

2095 5220 2283 5272 ἐνθάδε
2344 5222 2633 5293 καθῆσθαι·
2693 5225 2800 5279 ἔδει
2861 5228 3124 5298 μειζόνων
3174 5230 3357 5296 αὐτοῖς
3410 5232 3772 5295 διδασκάλων.

2097 5306 2241 5379 ὐρα
2267 5306 2385 5371 πῶς
2415 5309 2508 5363 καὶ
2540 5311 2598 5364 ἐν
2626 5312 2918 5388 Σελευκείᾳ
2942 5317 3003 5369 οὐ
3026 5317 3415 5390 διατρίϐουσιν,
3443 5321 3774 5387 εἰδότες,ὄτι

2092 5394 2323 5484 ἀπὺτῆς
2351 5398 2587 5466 γείτονος
2641 5402 2848 5465 πόλεως
2888 5404 3283 5475 ἐκαρπώσαντο
3311 5408 3379 5462 ἂν
3431 5408 3634 5481 πολλὴν
3666 5412 3773 5484 τήν

2091 5482 2381 5553 ὠφέλειαν,
2411 5486 2547 5540 ἀλλά
2571 5489 2707 5558 πρὸς
2760 5490 2832 5543 τά
2885 5493 3282 5562 κατεπείγοντα
3329 5497 3618 5551 σπεύδουσι
3670 5482 3772 5555 καὶ

2090 5574 2229 5627 ἐκεῖ.
2265 5573 2410 5645 Πρὸς
2453 5576 2565 5644 γάρ
2612 5577 2716 5648 τήν
2765 5578 3095 5648 μητρόπολιν
3145 5582 3394 5649 ἐλθόντες
3423 5586 3522 5656 τῆς
3572 5587 3767 5656 νήσου,

2090 5658 2181 5710 τὸν
2237 5659 2547 5715 ἀνθύπατον
2591 5662 2850 5716 ἔσπευδον
2902 5664 3213 5736 διορθῶσαι.
3252 5670 3376 5724 Ὅτι
3404 5671 3462 5724 δὲ
3494 5672 3556 5724 οὐ
3599 5673 3768 5729 κολα-

2092 5746 2246 5809 κείας
2272 5743 2340 5817 ἧν
2368 5748 2427 5800 τὸ
2449 5748 2649 5818 λέγειν,
2680 5750 2884 5817 Συνῆν
2925 5752 3006 5818 τῷ
3032 5755 3375 5821 ἀνθυπάτῳ,
3412 5757 3585 5825 ἀνδρί
3617 5777 3766 5814 συν-

2092 5832 2223 5898 ετῷ,
2254 5833 2363 5887 ἀπὸ
2396 5834 2488 5888 τοῦ
2518 5837 2837 5907 πράγματος
2866 5840 3124 5909 μάνθανε,
3165 5844 3278 5909 πῶς
3302 5845 3404 5900 οὐκ
3453 5845 3646 5919 ἐδεήθη
3675 5846 3765 5902 λό-

2157 5928 2184 5969 h
2224 5929 2436 5986 Εἰκότως
2480 5932 2528 5980 iu
2574 5932 2859 5992 quibusdam
2883 5935 3041 5986 deest.
