4104 6148
398 275 501 328 209

399 388 831 459 impiuguamus?
851 391 962 446 Cur
983 387 1147 441 vermi
1178 387 1373 442 lautam
1401 405 1557 459 paras
1581 390 1864 446 mensam?
1890 408 1984 446 cur

397 481 652 550 majorem
682 479 812 534 facis
831 481 1034 535 saniem
1050 480 1076 535 ?
1094 497 1190 535 cur
1216 481 1392 537 fontes
1414 483 1664 538 sudorum
1686 495 1740 539 et
1767 483 1982 540 lunares

395 572 657 641 deponis?
685 586 782 626 cur
820 579 871 626 te
899 571 966 626 ad
993 573 1171 626 omnia
1217 573 1456 628 inutilem
1499 574 1715 629 reddis?
1745 574 1836 628 Vis
1861 591 1981 632 esse

395 667 582 718 fortem
607 663 861 718 oculum?
881 661 1086 732 Corpus
1108 662 1190 718 l'ac
1209 664 1506 719 robustum.
1535 663 1664 720 Nam
1689 666 1739 718 in
1763 666 1980 721 chordis

395 771 510 825 qua:
539 770 720 809 crassa
760 762 814 810 et
844 754 1069 823 impura,
1108 754 1174 808 ad
1195 755 1477 809 melodiatn
1505 755 1703 810 inu:ilis
1736 765 1836 820 est,
1859 772 1977 827 qute

396 863 520 902 vero
548 846 784 916 undique
811 861 940 916 pura
966 855 1022 900 et
1051 853 1198 900 tensa
1228 887 1243 912 ,
1273 845 1339 900 ad
1369 860 1532 900 sonos
1560 848 1780 901 omnino
1809 848 1971 903 utilis.

393 937 496 992 Cur
521 937 728 992 deludis
753 937 984 990 animam
1000 936 1026 990 ἲ
1053 951 1150 992 cur
1177 937 1432 1006 parietem
1459 939 1776 992 crassiorem
1807 938 1934 992 facis
1951 939 1976 991 τ

393 1042 486 1083 cur
513 1042 760 1098 magunum
788 1027 992 1081 fumum
1018 1036 1072 1080 et
1098 1027 1333 1081 nubem?
1358 1026 1786 1097 quandoquidem
1815 1043 1976 1097 vapo—

393 1137 478 1176 res
504 1131 560 1174 ut
586 1120 776 1175 nebula
803 1121 1046 1190 quaulam
1072 1119 1305 1190 undique
1330 1120 1694 1175 ell'unduntur.
1729 1121 1783 1175 Si
1817 1137 1975 1176 netno

392 1213 564 1277 alius,
591 1213 778 1267 saltem
822 1212 1035 1266 athleta:
1076 1212 1305 1267 doceant
1351 1219 1438 1277 te,
1483 1228 1678 1280 corpus
1721 1215 1971 1282 gracilius

392 1320 508 1359 esse
547 1305 834 1358 robustius.
864 1304 953 1359 Sic
990 1315 1042 1358 et
1083 1303 1257 1356 anima
1289 1302 1642 1373 philosophiae
1668 1305 1846 1360 dedita
1880 1307 1971 1358 lir-

392 1397 562 1461 mior;
591 1395 780 1449 similis
807 1411 1036 1466 namque
1070 1405 1151 1449 est
1187 1396 1384 1466 aurigae
1420 1406 1474 1448 et
1503 1410 1659 1464 equo.
1696 1396 1762 1449 Et
1789 1397 1970 1451 videre

393 1489 546 1555 licet,
573 1490 708 1542 sicut
733 1487 977 1541 homines
1000 1487 1208 1541 delicati
1237 1495 1290 1541 et
1317 1487 1592 1542 obesiores
1613 1529 1627 1549 .
1655 1488 1732 1545 si:
1763 1499 1817 1542 et
1842 1489 1969 1543 obe-

390 1583 555 1635 siores
587 1580 708 1650 equi
744 1578 1009 1633 difficilius
1046 1580 1346 1633 excitantur
1368 1619 1386 1646 ,
1413 1588 1466 1633 et
1508 1581 1732 1634 multum
1771 1584 1969 1652 aurigas

392 1671 580 1741 negotii
617 1670 904 1726 facessunt.
946 1669 1245 1739 Optandum
1287 1678 1455 1737 certe,
1489 1680 1546 1724 ut
1584 1670 1968 1742 obsequentem

1315 273 1382 329 IN
1419 274 1600 330 ACTA
1639 277 2157 338 APOSTULORUM.
2200 283 2430 341 IIOMIL.
2475 287 2712 344 XXVIII.

3565 303 3674 360 ⁸110

2083 405 2138 450 et
2186 398 2395 456 ﬁrmum
2437 415 2632 471 equum
2680 403 2886 458 habens
2933 407 3100 475 possit
3147 407 3386 466 brevium
3435 418 3671 486 assequi.

2083 489 2309 555 Quando
2336 503 2512 548 autem
2542 495 2748 565 cogitur
2771 499 2950 568 auriga
2983 500 3195 558 trahere
3221 504 3392 574 ipsum
3414 546 3432 571 ,
3465 517 3520 561 et
3547 511 3670 562 mil-

2082 580 2179 636 lies
2207 583 2410 652 lapsum
2434 601 2502 641 ne
2527 587 2812 658 pungendo
2835 592 3047 659 quidem
3074 595 3232 664 erigit
3255 599 3492 653 :etiamsi
3515 601 3670 654 valde

2081 673 2150 725 sit
2192 674 2390 741 peritus
2414 718 2429 741 ,
2460 691 2491 731 a
2518 677 2742 733 victoria
2779 681 3008 735 excidet.
3049 683 3126 737 Ne
3160 685 3520 754 despiciemus
3547 696 3662 745 ani—

2081 778 2220 816 mam
2252 774 2508 832 nostram,
2539 783 2568 821 a
2598 783 2821 838 corpore
2847 773 3063 837 la-sam;
3096 775 3204 828 imo
3230 776 3370 830 illam
3402 782 3668 849 perspica-

2079 855 2276 908 ciorem
2305 854 2608 913 efﬁciamus
2636 879 2649 914 :
2677 860 2813 914 alam
2842 863 2958 930 ejus
2985 865 3152 919 levem
3186 867 3468 922 reddamus
3488 912 3502 933 .
3535 872 3666 924 mol-

2079 943 2209 999 liora
2229 947 2434 1002 viucula
2461 967 2474 1002 :
2493 952 2835 1007 sermonibus
2856 955 2996 1008 illam
3021 971 3320 1024 pascamus,
3343 959 3662 1028 frugalitate.

2078 1047 2136 1091 ut
2178 1054 2364 1094 sanum
2395 1041 2466 1095 sit
2496 1058 2691 1113 corpus
2716 1086 2731 1110 ,
2772 1055 2828 1099 ut
2857 1047 3132 1102 robustum
3157 1090 3173 1116 ,
3219 1061 3274 1104 ut
3309 1052 3536 1122 gaudeat
3565 1069 3664 1107 nec

2076 1133 2294 1189 doleat:
2328 1146 2385 1189 ut
2430 1147 2611 1192 nostra
2653 1139 2732 1195 sic
2776 1150 2922 1196 recte
2969 1145 3356 1199 constituentes
3396 1146 3663 1214 possimus

2075 1241 2333 1280 summam
2365 1228 2616 1283 virtutem
2651 1230 2916 1300 attingere
2941 1274 2955 1296 ,
2992 1244 3151 1304 atque
3180 1247 3376 1290 interna
3407 1239 3661 1306 consequi

2074 1321 2233 1380 bona,
2255 1321 2422 1387 gratia
2444 1329 2498 1373 et
2522 1321 2848 1391 benignitate
2873 1326 3078 1380 Domini
3107 1329 3271 1381 nostri
3293 1327 3416 1382 Jesu
3438 1328 3658 1390 Christi.

2072 1411 2284 1478 quicum
2333 1411 2474 1467 Patri
2517 1430 2730 1485 unaque
2772 1417 2992 1487 Spiritui
3031 1429 3217 1475 sancto
3245 1421 3450 1490 gloria.
3486 1424 3658 1492 impc-

2073 1501 2230 1563 rium.
2251 1503 2444 1568 honor,
2467 1521 2607 1561 nunc
2629 1515 2682 1560 et
2707 1521 2939 1578 semper,
2959 1519 3013 1564 et
3033 1510 3085 1564 in
3105 1512 3296 1565 saecula
3318 1512 3658 1568 saeculorum.

2073 1594 2264 1646 Amen.

1663 1879 2007 1942 HOMILIA
2053 1884 2342 1947 XXVIII.
3081 1911 3112 1937 ο

384 2029 507 2084 CAP.
551 2027 636 2082 15.
670 2041 724 2081 v.
755 2027 807 2080 ι1.
841 2024 908 2080 Et
950 2023 1050 2096 ipsi
1093 2025 1291 2096 quidem
1337 2026 1478 2080 missi
1505 2042 1537 2078 a
1565 2025 1765 2092 Spiritu
1794 2037 1968 2078 sancto

450 2119 676 2172 abierunt
705 2117 1029 2181 Seleuciam;
1050 2128 1097 2171 et
1123 2119 1240 2170 inde
1260 2118 1620 2186 navigaverunt
1640 2119 1691 2170 in
1718 2116 1962 2188 Cyprum.

453 2212 502 2268 5.
533 2211 597 2266 Et
623 2229 736 2264 cum
767 2212 1010 2264 venissent
1037 2210 1373 2274 Salaminam,
1401 2211 1744 2280 praedicabant
1764 2211 1966 2264 verbum

451 2304 544 2358 Dei
563 2308 612 2356 in
634 2301 944 2374 synagogisl
952 2301 1231 2356 uda’orum.
1259 2300 1308 2355 Η
1313 2302 1523 2355 abebant
1543 2311 1709 2355 autem
1731 2313 1776 2356 et
1797 2301 1828 2354 .l
1837 2319 1932 2354 oan
1943 2330 1964 2340 -

451 2412 560 2448 nent
585 2396 889 2448 ministrum.

450 2489 505 2544 1.
543 2486 781 2542 Ordinati
819 2485 978 2540 simul
1007 2485 1252 2540 exierunt
1275 2527 1290 2550 ,
1319 2495 1375 2540 et
1404 2486 1455 2539 in
1486 2485 1716 2558 Cyprum
1749 2486 1964 2554 naviga-

381 2591 498 2634 runt
519 2623 534 2645 ,
563 2595 629 2634 eo
665 2578 806 2648 quod
836 2578 942 2632 illic
983 2578 1142 2632 nullae
1176 2588 1353 2634 essent
1396 2577 1621 2641 insidiae.
1644 2587 1699 2632 et
1738 2579 1957 2632 verbum

379 2673 469 2727 Dei
516 2673 625 2743 jam
655 2673 1058 2727 disseminatum
1094 2683 1259 2727 esset.
1290 2673 1586 2728 Antiochia:
1614 2673 1824 2744 quidem
1850 2673 1955 2740 jam

377 2763 524 2820 ntulti
555 2774 734 2819 erant:
757 2765 1026 2819 [‘ltmnicia
1063 2779 1225 2833 prope
1247 2763 1582 2819 Palaestinam
1603 2765 1958 2836 erat,Cyprus

376 2875 480 2912 non
505 2860 651 2910 item.
675 2857 937 2912 Caeterum
962 2875 1026 2912 ne
1045 2872 1272 2928 quat-ras,
1301 2873 1497 2925 quare;
1518 2857 1729 2925 quando
1750 2855 1950 2926 Spiritu

373 2960 699 3005 moventur:
728 2966 830 3006 non
877 2951 1052 3005 solum
1091 2951 1233 3005 enim
1276 2951 1476 3021 Spiritu
1519 2961 1643 3003 sunt
1680 2950 1950 3017 ordinati,

373 3043 469 3096 sed
500 3042 657 3096 etiam
692 3043 851 3096 missi.
887 3041 954 3095 Et
982 3059 1095 3096 cum
1120 3043 1364 3096 venissent
1390 3040 1706 3096 Salaminam
1727 3083 1741 3100 .
1771 3042 1955 3109 pra'di-

375 3134 555 3188 cubant
587 3133 778 3186 verbum
802 3132 898 3188 Dei
919 3133 974 3186 in
1005 3135 1270 3204 sgnagogis
1297 3132 1612 3188 Judazomm.
1648 3134 1806 3188 Vides
1833 3134 1953 3188 illos

371 3239 495 3278 cum
527 3223 670 3278 omni
699 3224 967 3295 diligentia
997 3228 1213 3279 verbum
1247 3229 1490 3279 nuntiare
1521 3226 1704 3294 primis
1733 3225 1856 3289 illis,
1885 3242 1952 3280 ne

369 3315 492 3370 illos
523 3315 963 3370 contentiosiores
1000 3315 1316 3370 redderent?
1345 3316 1409 3370 Et
1431 3317 1502 3369 illi
1528 3317 1733 3370 nonnisi
1756 3317 1952 3370 .luda'is

367 3409 723 3478 loquebantur
748 3449 762 3472 ,
791 3418 846 3463 et
874 3410 924 3461 hi
952 3409 1016 3462 ad
1053 3423 1346 3480 synagogas
1375 3410 1637 3464 abierunt.
1663 3411 1715 3464 6.
1745 3410 1808 3464 Et
1835 3428 1951 3464 cum

367 3499 793 3569 perambulassent
804 3500 1082 3553 universam
1092 3501 1308 3553 insulam
1321 3516 1474 3570 usque
1491 3500 1743 3569 Paphum,
1759 3519 1952 3557 invene-

367 3598 482 3644 runt
499 3591 658 3644 virum
668 3589 934 3660 quemdam
954 3607 1154 3658 magum
1177 3591 1662 3660 pseudopmphetam
1685 3592 1945 3657 Judamm,

367 3681 448 3734 cui
479 3697 658 3735 nomen
688 3679 927 3752 Barjesu,
963 3681 1014 3734 7.
1037 3683 1119 3752 qui
1154 3691 1258 3735 erat
1291 3698 1404 3734 cum
1433 3685 1730 3747 proconsule
1767 3683 1947 3753 Sergio

369 3772 552 3837 Ponto,
582 3776 687 3827 viro
715 3776 959 3843 prudente
987 3790 1004 3826 :
1029 3776 1113 3843 qui
1141 3777 1395 3829 accersitis
1421 3774 1656 3829 Barnaba
1682 3787 1729 3829 et
1759 3777 1942 3844 Saulo,

363 3865 676 3919 desiderabat
704 3865 882 3918 audire
905 3866 1102 3920 verbum
1129 3865 1244 3919 Dei.
1271 3866 1324 3922 8.
1360 3866 1630 3921 Resistebat
1655 3880 1818 3923 autem
1844 3870 1945 3926 illis

364 3957 574 4027 Elymus
615 3974 790 4028 magus
817 3957 834 4025 (
859 3959 931 4010 sic
971 3959 1103 4011 enim
1141 3959 1495 4029 interpretatur
1535 3977 1714 4014 nomen
1757 3961 1940 4032 ejus),

362 4065 586 4116 quaerens
623 4060 844 4103 avertere
883 4051 1227 4119 proconsulem
1260 4069 1292 4104 a
1321 4052 1440 4118 ﬁde.
1486 4051 1714 4106 Rursum
1755 4069 1942 4123 magus

360 4140 575 4195 Julia-us
605 4143 743 4195 sicut
781 4143 986 4196 Simon.
1025 4142 1088 4196 Et
1115 4142 1396 4197 considera
1430 4145 1598 4212 ipsum
1625 4186 1640 4206 ,
1669 4145 1793 4198 dum
1822 4147 1940 4199 aliis

360 4233 738 4302 prmdicabant,
765 4251 867 4288 non
896 4235 1117 4289 multum
1142 4234 1522 4303 indignantem,
1546 4237 1641 4290 sed
1668 4253 1787 4290 cum
1817 4253 1939 4306 pro-

356 4328 628 4381 consulem
650 4326 926 4382 adiissent.
956 4325 1108 4393 Quod
1129 4335 1307 4379 autent
1330 4327 1380 4379 in
1407 4327 1721 4394 proconsule
1745 4328 1937 4382 mirum

357 4429 458 4484 est,
489 4420 630 4489 quod
659 4419 804 4473 illius
830 4420 996 4489 magia
1028 4430 1446 4487 prmoccupatus,
1478 4419 1702 4473 voluerit
1725 4430 1937 4488 aposto-

356 4511 433 4564 los
459 4513 663 4566 audire.
694 4512 783 4566 Sic
811 4520 864 4566 et
891 4508 1208 4565 Samaritani
1239 4509 1512 4573 fecerunt;
1540 4520 1592 4563 et
1619 4525 1682 4565 ex
1713 4526 1934 4580 compa-

356 4603 558 4658 ratione
586 4604 806 4657 victoria
843 4613 1064 4671 apparet
1088 4644 1101 4663 .
1142 4610 1194 4654 et
1234 4601 1399 4670 magia
1441 4601 1694 4655 vincitur.
1729 4600 1933 4671 Ubique

354 4709 484 4746 vana
511 4695 674 4763 gloria
700 4704 754 4747 et
779 4710 927 4746 amor
954 4692 1277 4762 principatus
1304 4705 1476 4744 causa:
1503 4691 1760 4745 malorum
1786 4704 1928 4747 sunt.

353 4784 404 4840 9.
431 4786 618 4840 Saulus
644 4798 831 4850 autem,
854 4789 939 4856 qui
963 4795 1009 4838 et
1040 4785 1250 4850 Paulus,
1274 4785 1493 4854 repletus
1519 4784 1714 4855 Spiritu
1733 4797 1926 4850 sancto,

351 4879 545 4933 intuens
581 4881 634 4932 in
671 4897 784 4931 eum
805 4920 820 4943 ,
857 4880 942 4932 10.
980 4879 1107 4931 dixit
1131 4894 1148 4930 :
1172 4878 1214 4931 0
1241 4880 1386 4948 plene
1413 4878 1548 4929 onmi
1577 4877 1693 4930 dolo
1719 4888 1765 4931 et
1793 4882 1929 4932 onmi

350 4972 574 5040 fallacia,
604 4971 681 5039 [ili
708 4971 916 5026 diaboli.
946 4970 1143 5022 inimice
1168 4969 1329 5021 omnis
1355 4969 1581 5036 iustitiae,
1613 4985 1712 5022 non
1741 4969 1928 5022 desinis

348 5062 625 5116 subvertere
650 5064 754 5116 uias
786 5062 989 5114 Domini
1019 5060 1218 5114 rectus?
1245 5062 1330 5115 11.
1365 5060 1429 5112 Ει
1455 5077 1587 5114 nunc
1611 5078 1722 5114 ecce
1749 5079 1924 5114 manus

351 5151 554 5205 Domini
583 5171 738 5222 super
764 5165 828 5215 te,
858 5163 905 5206 et
932 5153 1028 5205 eris
1050 5168 1209 5204 aecus
1227 5192 1242 5216 ,
1272 5168 1371 5204 non
1398 5152 1567 5204 videns
1591 5151 1744 5204 solem
1774 5168 1926 5220 usque

345 5247 410 5296 ml
436 5257 650 5309 tempus.
687 5247 782 5299 llic
813 5261 1006 5299 nomen
1046 5245 1186 5297 illius
1216 5254 1446 5295 mutatur
1490 5253 1607 5312 post
1634 5245 1921 5298 ordinatio-

348 5354 463 5392 nem
483 5380 498 5400 .
527 5339 577 5391 id
605 5338 744 5406 quod
777 5339 932 5390 etiam
966 5336 1122 5390 Petro
1151 5335 1358 5387 accidit.
1393 5334 1458 5386 Et
1484 5334 1622 5400 vide,
1655 5350 1756 5387 non
1787 5350 1918 5388 eon-

348 5427 558 5482 nnuelia
584 5440 688 5493 est,
720 5429 809 5481 sed
840 5427 1148 5496 increpatio.
1183 5423 1482 5478 Petulantes
1506 5424 1645 5477 enim
1673 5434 1726 5476 et
1753 5424 1921 5492 impu-

345 5517 531 5576 dentes
551 5521 629 5574 sic
649 5532 860 5589 Oportet
881 5521 1175 5588 increpare.
1200 5515 1243 5570 0
1262 5517 1405 5584 plene
1419 5517 1554 5568 omni
1570 5516 1705 5580 dolo,
1728 5517 1916 5585 inquit,

345 5628 388 5667 et
408 5616 548 5669 omni
569 5613 800 5684 fallacia,
823 5613 899 5681 [ili
925 5611 1110 5665 diaboli
1130 5652 1144 5676 ,
1168 5609 1366 5662 inimice
1391 5609 1550 5661 omnis
1566 5609 1798 5677 justitiw.
1825 5609 1919 5666 llic

348 5706 546 5761 revelat
588 5721 649 5760 ea
676 5748 691 5770 ,
723 5720 838 5774 qua:
878 5705 930 5759 in
958 5711 1136 5758 mente
1168 5701 1258 5756 ille
1289 5700 1546 5766 habebat,
1578 5701 1703 5756 dum
1735 5704 1916 5759 salutis

2072 2031 2291 2086 obtentu
2325 2036 2694 2100 proconsulem
2731 2037 2994 2106 perderet.
3029 2039 3148 2094 Non
3178 2039 3364 2095 desinis
3388 2081 3405 2106 ,
3439 2043 3607 2112 inquit
3632 2084 3648 2106 ,

2069 2122 2350 2178 subvertere
2374 2126 2481 2178 vias
2513 2125 2752 2182 Domini?
2771 2130 2835 2183 Et
2864 2145 2985 2184 cum
3028 2131 3130 2185 lide
3155 2173 3170 2197 ,
3199 2132 3312 2187 Non
3344 2146 3525 2188 contra
3555 2149 3653 2190 nos

2069 2213 2311 2268 decet-tas
2336 2227 2388 2270 et
2419 2232 2620 2288 pugnas
2639 2261 2654 2285 ,
2687 2221 2761 2272 ait
2780 2262 2794 2282 .
2824 2221 2916 2275 sed
2943 2222 3053 2277 vias
3083 2225 3289 2278 Domini
3320 2234 3492 2280 ret-tas
3520 2227 3650 2279 sub-

2067 2305 2252 2371 vertis,
2277 2317 2330 2360 et
2359 2322 2479 2362 cum
2509 2311 2752 2364 encomio
2775 2311 2888 2365 lnec
2913 2313 3059 2367 dicit.
3093 2312 3157 2366 Et
3183 2331 3316 2368 nunc
3341 2332 3452 2369 ecce
3471 2333 3650 2370 manus

2069 2394 2272 2450 Domini
2299 2414 2452 2465 super
2476 2409 2523 2453 te
2545 2440 2560 2464 ,
2585 2413 2634 2454 et
2660 2403 2757 2455 eris
2781 2420 2961 2456 ca'cus.
2995 2404 3110 2471 Quo
3145 2405 3256 2474 ipse
3289 2406 3540 2463 reductus
3566 2416 3650 2460 est

2067 2489 2239 2558 signo,
2270 2488 2370 2544 hoc
2399 2499 2453 2574 et
2481 2491 2628 2545 illum
2655 2493 2765 2546 vult
2793 2493 3068 2549 reducere.
3101 2495 3166 2548 Et
3195 2496 3318 2549 illud
3341 2537 3353 2558 ,
3387 2495 3555 2563 Usque
3581 2499 3648 2549 ad

2066 2587 2262 2649 tempus
2284 2620 2300 2644 ,
2330 2596 2433 2634 non
2466 2583 2729 2650 punientis
2759 2584 2956 2638 dictqu
2988 2596 3069 2640 est
3091 2627 3106 2651 ,
3139 2587 3231 2640 sed
3262 2589 3640 2642 Converteutis.

2065 2669 2195 2724 Nam
2225 2672 2268 2724 si
2303 2673 2567 2740 punieulis
2608 2685 2786 2741 esset,
2819 2677 2965 2729 illutn
2995 2678 3044 2730 in
3087 2687 3398 2747 perpetuum
3433 2679 3646 2735 fecisset

2063 2779 2262 2819 czecum
2292 2782 2306 2818 :
2337 2781 2477 2820 nunc
2503 2782 2630 2821 vero
2663 2782 2764 2821 non
2792 2767 2894 2821 hoc
2919 2769 3055 2838 agit,
3089 2769 3182 2824 sed
3209 2770 3272 2823 ad
3303 2779 3511 2840 tempus
3534 2811 3549 2835 ,
3584 2781 3640 2826 ut

2064 2856 2434 2924 proconsulem
2465 2856 2716 2911 lucretur.
2749 2857 2816 2911 Et
2844 2860 3104 2930 confestim
3131 2861 3307 2914 cecidit
3335 2862 3528 2915 in-eum
3552 2879 3640 2914 ca-

2061 2946 2164 3017 ligo
2201 2957 2248 3002 et
2290 2949 2502 3002 tenebra:
2523 2988 2539 3014 ,
2583 2959 2627 3001 et
2664 2950 2905 3003 circuiens
2943 2950 3188 3019 quaerebat
3226 2953 3314 3021 qui
3355 2953 3399 3005 ei
3439 2970 3642 3006 manum

2060 3040 2222 3094 daret.
2255 3039 2338 3093 l2.
2371 3039 2514 3094 Tunc
2539 3041 2811 3111 proconsul
2832 3058 2944 3094 cum
2971 3041 3173 3094 vidisset
3196 3045 3406 3111 fectant,
3430 3045 3640 3096 credidit

2059 3133 2317 3185 admirans
2337 3149 2488 3200 super
2507 3133 2736 3186 doctrina
2760 3131 2980 3188 Domini.
3003 3132 3128 3187 Jure
3147 3141 3292 3186 certe
3316 3150 3330 3187 :
3351 3149 3471 3187 nam
3491 3150 3635 3198 eum,

2057 3225 2146 3294 qui
2177 3225 2343 3292 magia
2374 3236 2773 3294 praeoccupatus
2811 3235 2926 3278 erat
2949 3267 2964 3290 ,
3005 3224 3103 3279 hac
3148 3241 3302 3294 pmua
3331 3225 3510 3280 doceri
3543 3243 3638 3295 par

2055 3326 2190 3370 erat.
2233 3315 2323 3370 Sic
2364 3315 2596 3387 Egyptii
2631 3317 2765 3385 magi
2797 3317 2922 3369 olim
2954 3332 2982 3368 a
3015 3317 3238 3384 pustulis
3266 3317 3454 3370 eruditi
3488 3328 3631 3371 sunt.

2056 3407 2330 3476 Perpende
2363 3418 2539 3462 autem
2582 3407 2698 3462 illos
2739 3425 2842 3462 non
2885 3407 3039 3463 isthic
3079 3423 3282 3462 moram
3322 3409 3591 3464 trahentes
3615 3452 3630 3476 ,

2056 3509 2236 3571 utpote
2259 3503 2578 3573 proconsule
2601 3502 2711 3572 jam
2739 3503 2989 3559 credente
3009 3543 3023 3567 .
3054 3519 3228 3574 neque
3253 3503 3554 3559 adulatione
3580 3515 3634 3559 et

2055 3593 2258 3648 hoinore
2284 3594 2502 3648 emolliti
2531 3601 2676 3659 sunt,
2704 3593 2798 3648 sed
2824 3595 2999 3648 statim
3030 3594 3178 3664 operi
3205 3610 3264 3650 se
3290 3595 3628 3655 dediderunt,

2051 3695 2104 3741 et
2134 3686 2185 3740 iu
2229 3667 2635 3741 transmarinam
2671 3687 2941 3755 regionem
2969 3702 3028 3741 se
3055 3689 3411 3742 contulerunt.
3445 3688 3530 3742 l3.
3564 3686 3630 3740 Et

2049 3794 2163 3830 cum
2194 3794 2222 3830 e
2247 3775 2414 3848 Cypro
2445 3780 2759 3848 navigassent
2783 3777 2982 3833 Paulus
3017 3788 3064 3832 et
3091 3781 3178 3848 qui
3204 3796 3318 3832 cum
3353 3796 3410 3833 eo
3449 3789 3588 3834 erant
3609 3822 3624 3842 ,

2049 3881 2286 3923 venerunt
2321 3868 2515 3940 Pergen
2544 3869 2883 3941 Pamphylite.
2921 3868 3147 3923 Joannes
3173 3881 3338 3925 autem
3369 3871 3627 3924 discedens

2046 3961 2109 4014 ab
2149 3962 2219 4015 eis
2245 4003 2260 4024 ,
2300 3979 2523 4016 reversus
2557 3973 2627 4016 est
2653 3960 3044 4032 Jerosolymam.
3079 3964 3165 4018 14.
3197 3963 3222 4016 l
3233 3964 3289 4017 lli
3315 3975 3478 4018 autem
3507 3982 3621 4030 per-

2046 4064 2354 4108 transeuntes
2397 4051 2594 4125 Pergen
2618 4094 2634 4120 ,
2675 4063 2914 4107 venerunt
2951 4054 3266 4108 Antiochiam
3297 4055 3505 4108 Pisidia:
3535 4071 3554 4108 :
3578 4066 3624 4108 et

2045 4146 2255 4214 ingressi
2291 4161 2598 4214 synagogam
2639 4145 2720 4196 die
2758 4145 3075 4198 sabbatorum
3108 4148 3359 4198 sederunt.
3393 4145 3618 4200 Rursum

2047 4237 2097 4290 in
2126 4252 2422 4307 synagogas
2452 4236 2630 4290 habitu
2655 4235 2957 4290 Jndmorum
2991 4237 3212 4306 ingressi
3243 4247 3359 4291 sunt
3380 4279 3395 4302 ,
3427 4256 3492 4293 ne
3521 4240 3621 4293 im-

2045 4337 2403 4396 pugnarentur
2419 4327 2500 4381 vel
2525 4327 2880 4396 pellerentur:
2900 4337 2954 4380 et
2975 4329 3042 4380 ita
3064 4338 3228 4380 totum
3255 4330 3614 4397 perliciebant.

2043 4417 2131 4473 15.
2161 4417 2286 4472 Post
2324 4418 2579 4470 lectionem
2605 4428 2770 4470 autent
2807 4417 2931 4486 legis
2957 4426 3002 4470 et
3032 4418 3390 4488 prapltetarum
3413 4460 3427 4484 ,
3467 4423 3614 4472 mise-

2040 4521 2156 4564 runt
2187 4503 2434 4580 principes
2467 4524 2739 4579 synagoga!
2772 4508 2838 4561 ad
2863 4525 2948 4562 eos
2971 4550 2983 4572 ,
3012 4509 3232 4562 dicentes
3257 4525 3276 4562 :
3296 4507 3505 4564 Fratres
3523 4549 3538 4573 ,
3572 4513 3614 4563 si

2039 4615 2110 4657 est
2139 4605 2190 4656 in
2215 4605 2352 4656 vobis
2380 4619 2541 4656 sermo
2565 4603 2925 4656 exhortationis
2951 4602 3018 4654 ad
3045 4602 3233 4673 plebem
3255 4645 3270 4667 ,
3299 4603 3467 4656 dicite.
3494 4604 3612 4658 Jum

2040 4696 2161 4750 hinc
2188 4711 2304 4765 qua:
2334 4696 2551 4748 Paulum
2590 4703 2830 4762 spectant
2859 4692 3112 4747 discimus
3131 4735 3147 4760 ,
3175 4709 3293 4748 cum
3325 4705 3476 4749 antea
3505 4713 3609 4749 non

2039 4802 2199 4855 pauca
2231 4787 2297 4839 de
2326 4787 2481 4838 Petro
2510 4785 2871 4837 didicerimus.
2903 4783 3006 4838 Sed
3036 4800 3153 4852 qua:
3194 4787 3436 4852 superius
3470 4785 3608 4839 dicta

2036 4889 2156 4932 sunt
2183 4877 2542 4945 extxlorcntus.
2571 4876 2638 4928 Et
2672 4892 2785 4928 cum
2824 4877 3066 4928 venissent
3094 4875 3439 4939 Salaminam,
3472 4893 3605 4943 pra:-

2034 4969 2264 5021 dicabunt
2295 4968 2495 5020 verbum
2529 4966 2620 5018 Dei
2651 4967 2702 5019 in
2735 4967 3012 5035 metropoli
3055 4967 3234 5035 Cypri.
3280 4967 3381 5018 Per
3409 4984 3602 5018 amnnn

2031 5067 2340 5113 manserunt
2369 5057 2681 5111 Antiochiae.
2711 5057 2995 5125 Oportebat
3028 5057 3119 5110 illo
3145 5057 3306 5120 abire,
3342 5074 3438 5111 nec
3465 5074 3604 5112 St'lll-

2033 5169 2128 5221 per
2153 5151 2235 5204 hic
2259 5149 2445 5204 sedere
2473 5166 2485 5202 :
2515 5149 2802 5218 majoribus
2827 5165 2957 5217 opus
2987 5150 3250 5202 habebant
3273 5149 3598 5202 doctoribus.

2037 5243 2183 5309 Vide,
2209 5240 2475 5311 quomodo
2499 5241 2752 5294 Seleucia:
2784 5256 2885 5292 non
2913 5255 3090 5293 moras
3115 5240 3344 5302 trahant,
3369 5240 3601 5293 scientes

2028 5354 2056 5391 a
2090 5337 2255 5390 vicina
2297 5333 2514 5387 civitate
2561 5335 2781 5386 multum
2830 5332 3067 5385 utilitatis
3106 5332 3373 5399 accepisse
3417 5331 3600 5384 Selen-

2026 5427 2232 5481 cienses
2255 5467 2270 5490 ,
2303 5424 2396 5478 sed
2440 5425 2545 5478 illic
2574 5425 2734 5476 etiam
2773 5423 3026 5476 festinant
3061 5423 3124 5474 ad
3155 5437 3214 5476 ea
3241 5464 3256 5488 ,
3285 5439 3401 5490 qu2t-
3433 5423 3598 5490 magis

2027 5519 2303 5585 urgebant.
2343 5515 2473 5568 Nam
2520 5525 2576 5567 ut
2614 5525 2874 5568 venerunt
2915 5514 2978 5566 ad
3027 5517 3341 5582 melropolin
3389 5517 3593 5579 insulm,

2026 5607 2394 5676 proconsulem
2437 5605 2720 5659 emendare
2758 5604 3062 5658 studebant.
3095 5606 3246 5672 Quod
3276 5615 3450 5660 autem
3490 5623 3594 5660 non

2027 5715 2088 5752 es
2120 5697 2420 5753 adulatione
2444 5696 2671 5761 dicatur,
2707 5695 2828 5748 Erat
2857 5711 2969 5748 cum
2994 5695 3310 5762 proconsule,
3341 5699 3446 5751 viro
3476 5713 3593 5754 aruo
