4104 6148
473 341 572 398 2H

473 465 638 522 dente,
673 472 738 512 ex
767 472 828 511 re
855 456 964 523 ipsa
989 451 1141 508 disce
1168 470 1180 506 :
1205 450 1472 521 quomodo
1509 465 1612 502 non
1642 448 1818 501 multis
1845 457 2058 498 sermo-

475 552 634 606 nibus
659 564 793 618 opus
818 547 1086 608 habuerit.
1115 543 1384 615 quomodo
1408 542 1633 598 voluerit
1658 541 1827 609 ipsum
1854 537 2059 591 audire.

475 643 543 697 Et
569 642 782 696 nomina
810 641 1081 694 civitatum
1119 647 1391 701 recenset,
1421 635 1709 690 ostendens
1737 631 1900 702 quod,
1929 646 2062 699 quo-

475 736 616 792 niam
650 750 818 802 nuper
844 734 1062 788 verlmm
1094 739 1429 800 receperant,
1454 744 1589 798 opus
1611 737 1729 780 erat
1753 723 2060 780 conﬁrmari

475 826 598 879 illos
648 834 704 878 ut
753 825 802 878 in
852 823 954 878 ﬁde
1001 831 1281 877 manerent
1323 840 1335 876 :
1385 837 1549 892 quare
1594 821 1901 890 frequenter
1945 820 2063 873 illas

473 920 692 972 adeunt.
728 917 1000 985 Perpende
1021 959 1036 982 ,
1065 915 1335 986 quomodo
1362 915 1491 968 nihil
1524 931 1676 983 mago
1705 914 1934 980 dixerit,
1965 911 2063 965 do-

476 1029 575 1065 nec
604 1013 694 1065 ille
720 1013 1055 1065 (mensionem
1084 1011 1257 1076 daret,
1280 1009 1373 1064 sed
1401 1011 1622 1064 verbum
1654 1009 1861 1064 Domini
1887 1011 2062 1063 solum

474 1107 879 1159 annlmtiahant.
923 1106 1054 1173 Quia
1085 1106 1228 1159 enim
1268 1105 1402 1160 alios
1446 1104 1783 1158 attendentes
1812 1102 2060 1168 videbat,

476 1199 528 1252 id
560 1215 722 1253 unum
756 1200 841 1252 ille
871 1200 920 1251 in
948 1213 1113 1267 scopo
1143 1198 1394 1261 habebat,
1419 1215 1487 1252 ne
1516 1199 1602 1251 ille
1629 1195 2060 1266 persuaderetut.

477 1291 545 1346 Et
575 1308 671 1347 cur
699 1308 800 1346 non
829 1291 970 1347 aliud
995 1292 1206 1361 signum
1240 1291 1404 1346 fecit?
1430 1290 1550 1362 quia
1582 1290 1784 1344 nullum
1817 1290 1941 1345 huic
1967 1304 2066 1360 par

476 1393 620 1446 erat,
653 1383 790 1445 quod
821 1383 1092 1436 inimicum
1121 1393 1354 1450 caperet.

548 1475 603 1528 2.
641 1475 705 1529 Et
732 1475 870 1539 vide,
899 1478 1070 1544 primo
1091 1476 1362 1544 objurgat,
1390 1485 1439 1530 et
1467 1486 1590 1530 tunc
1618 1477 1789 1546 punit.
1818 1475 2066 1531 Ostendit

477 1574 654 1619 autem
684 1567 832 1621 illum
859 1567 1002 1633 juste
1036 1567 1140 1634 pati
1164 1583 1282 1620 cum
1307 1567 1473 1620 dicit:
1509 1566 1555 1621 0
1580 1569 1725 1638 plene
1748 1570 1886 1622 omni
1908 1569 2066 1624 dolo!

479 1657 582 1713 hoc
606 1669 687 1713 est
711 1702 726 1725 ,
760 1660 888 1712 nihil
931 1660 1053 1714 dolo
1091 1677 1313 1713 vacuum
1346 1660 1569 1715 habens.
1617 1662 1682 1716 Et
1713 1671 1856 1716 recte
1895 1662 2061 1728 dicit,

482 1749 633 1804 Omni
675 1753 828 1816 dolo;
860 1753 1140 1806 simulabat
1170 1754 1334 1808 enim.
1369 1753 1476 1806 Fili
1515 1754 1748 1808 diaboli:
1772 1771 1892 1808 nam
1930 1772 2065 1826 opus

482 1841 624 1896 illius
662 1843 869 1911 agebat.
905 1842 1118 1896 Inimica
1145 1847 1308 1898 omnis
1347 1847 1554 1907 iustitia:
1581 1862 1600 1899 .°
1629 1846 1742 1900 lucc
1771 1848 1909 1901 enim
1941 1863 2066 1903 vere

479 1947 592 1988 erat
635 1937 807 1988 otnnis
847 1935 1072 2004 justitia.
1116 1936 1238 1991 Mihi
1271 1938 1484 1992 videtur
1521 1939 1620 1992 hoc
1649 1939 1867 2004 dicens,
1903 1940 2064 1994 vitam

479 2027 619 2081 illius
648 2029 987 2099 redarguere.
1020 2029 1086 2084 Ut
1111 2045 1286 2085 autem
1310 2033 1617 2087 ostenderet
1643 2033 1757 2087 haec
1778 2035 1935 2088 verba
1961 2051 2063 2088 non

479 2119 546 2172 ab
577 2121 648 2172 ira
685 2119 965 2188 proﬁciSci,
995 2123 1138 2188 prius
1165 2124 1297 2178 dixit
1325 2142 1338 2176 :
1367 2123 1609 2193 chletus
1637 2124 1834 2198 Spiritu
1859 2137 2067 2192 sancto;

485 2211 587 2266 hoc
615 2223 695 2266 est
712 2256 725 2277 ,
756 2217 1088 2276 oneratione.
1115 2217 1179 2271 Et
1203 2235 1335 2272 nunc
1354 2235 1464 2274 ecce
1484 2237 1664 2276 manus
1686 2220 1891 2276 Domini
1917 2241 2070 2293 super

485 2312 546 2356 te.
580 2304 694 2358 Non
745 2307 874 2360 ultio
913 2319 1067 2375 erat,
1096 2310 1186 2364 sed
1221 2311 1448 2365 medela.
1483 2314 1560 2368 Ac
1595 2315 1638 2368 si
1677 2315 1881 2370 diceret
1912 2316 2067 2371 :Non

482 2411 582 2460 ego
608 2395 763 2456 facio,
793 2397 885 2451 sed
918 2398 1008 2453 Dei
1042 2416 1249 2454 manus.
1278 2402 1410 2457 Vide
1440 2412 1495 2457 ut
1524 2404 1729 2460 alienus
1752 2417 1834 2460 est
1853 2422 1882 2461 a
1907 2406 2064 2460 fastu.

488 2484 603 2538 Eris
643 2503 803 2540 cwcus
827 2529 842 2551 ,
875 2506 974 2542 non
1012 2491 1186 2544 videns
1219 2494 1373 2547 soleat
1413 2512 1567 2561 usque
1604 2499 1672 2550 ad
1709 2507 1919 2567 tempus.
1959 2499 2069 2554 lloc

483 2575 653 2644 dicit,
688 2588 743 2631 ut
770 2580 858 2633 det
900 2580 970 2634 illi
1024 2586 1348 2651 pmuiteutiu:
1391 2587 1590 2642 locum.
1625 2589 1893 2660 Nusquam
1924 2592 2068 2646 enim

484 2669 733 2723 volebant
760 2690 825 2726 ex
855 2675 1093 2729 tristibus
1123 2679 1393 2744 Conspicui
1424 2696 1562 2746 esse,
1594 2685 1834 2752 quamvis
1861 2685 1960 2738 hoc
1986 2702 2072 2738 er-

485 2777 546 2827 ga
573 2761 810 2815 inimicos
835 2767 1038 2818 ﬁerent.
1061 2768 1163 2821 Sed
1181 2784 1301 2837 erga
1327 2787 1452 2826 suos
1471 2776 1591 2839 jure
1612 2775 1824 2842 quidem
1849 2778 2068 2830 merito:

484 2867 604 2905 cum
635 2869 759 2905 vero
785 2853 851 2907 de
881 2856 1068 2910 alienis
1097 2871 1360 2926 agt-retur,
1393 2879 1496 2916 non
1528 2865 1674 2930 item,
1705 2882 1769 2920 ne
1799 2879 2072 2936 putaretur

487 2961 572 2998 tes
600 2961 662 2998 ex
692 2949 1004 3003 necessitate
1031 2962 1078 3002 et
1115 2954 1302 3007 timore
1332 2959 1610 3023 proﬁcisci.
1643 2960 1909 3016 (la-citatis
1942 2979 2070 3016 vero

486 3036 693 3102 signum
737 3037 868 3101 fuit,
915 3041 1054 3108 quod
1094 3043 1343 3098 ductores
1379 3058 1662 3115 quau-cret.
1697 3051 1898 3106 Deinde
1927 3055 2073 3110 videt

484 3130 780 3183 cmcilatem
812 3133 1113 3198 proconsul,
1147 3147 1196 3188 et
1224 3138 1400 3190 statiua
1430 3140 1602 3194 credit
1629 3158 1642 3194 :
1674 3159 1844 3210 neque
1867 3145 2074 3214 simpli-

486 3223 638 3285 citer,
663 3224 754 3275 sed
781 3223 1144 3295 Obstupescens
1168 3244 1186 3282 :
1205 3231 1330 3282 vidit
1350 3246 1490 3285 emm
1516 3249 1622 3288 non
1644 3233 1731 3289 hic
1751 3237 1909 3292 verba
1930 3239 2068 3308 dari,

485 3328 660 3384 neque
690 3315 908 3370 fallaciis
937 3333 1047 3371 rem
1076 3321 1178 3388 agi.
1213 3321 1341 3376 Vide
1366 3333 1618 3390 quantum
1645 3326 1900 3382 doctrinae
1925 3346 2071 3385 amo-

485 3408 600 3458 rem
646 3404 823 3459 habuit
850 3450 862 3468 ,
897 3408 986 3476 qui
1031 3420 1230 3464 unitum
1274 3414 1496 3482 gerebat
1544 3417 1913 3488 principatum.
1954 3423 2070 3478 Non

487 3494 621 3547 dixit
649 3513 802 3566 mago
831 3498 1022 3552 Paulus
1049 3519 1062 3555 :
1088 3500 1198 3554 Non
1227 3503 1425 3559 desinis
1448 3506 1760 3566 subvertere
1783 3527 2074 3581 proconsu-

489 3585 589 3639 lem
611 3603 625 3652 ;
650 3590 763 3651 sed,
801 3589 916 3644 l’ias
939 3591 1163 3658 Domini,
1187 3597 1325 3664 quod
1355 3599 1524 3665 majus
1545 3611 1689 3668 erat;
1715 3620 1781 3658 ne
1803 3606 2072 3662 videretur

486 3679 713 3733 adulari.
748 3683 854 3735 Cur
885 3701 1009 3737 vero
1037 3686 1270 3742 Joannes
1305 3692 1506 3746 recedit
1542 3694 1608 3748 ab
1638 3698 1754 3750 eis?
1794 3715 1914 3754 nam
1954 3701 2067 3769 ait,

484 3769 713 3826 Joannes
733 3778 964 3830 recedens
984 3779 1047 3830 ab
1073 3779 1162 3842 eis,
1186 3796 1410 3836 reversus
1432 3794 1501 3837 est
1520 3785 1910 3858 Jerosolymam.
1937 3793 2068 3860 Quia

487 3864 696 3935 longius
722 3867 974 3940 deinceps
1005 3874 1104 3926 iter
1128 3873 1486 3943 Suscipiebant
1514 3899 1526 3930 :
1557 3885 1800 3949 quamvis
1831 3885 1941 3952 ipse
1969 3888 2070 3940 tui-

487 3959 652 4011 nister
674 3973 847 4027 esset;
877 3963 945 4017 illi
971 3981 1097 4018 vero
1123 3968 1414 4032 periculum
1437 3971 1692 4028 subirent.
1720 3975 1922 4034 Rursus
1947 3979 2071 4034 Per-

483 4066 586 4120 gen
614 4055 910 4119 venientes,
943 4069 1356 4125 prtetercurrunt
1387 4064 1518 4118 alias
1544 4067 1784 4122 civitates
1810 4088 1822 4121 :
1852 4087 1970 4125 nam
2003 4073 2068 4127 ad

483 4149 801 4218 metropolin
849 4153 1182 4208 Antiochiam
1226 4155 1562 4213 festinabant.
1607 4161 1675 4216 Et
1719 4165 1872 4228 vide,
1910 4181 2067 4236 quam

482 4241 798 4308 eompendio
826 4253 1007 4297 narret
1035 4245 1284 4314 scriptor.
1317 4247 1588 4317 Sederuut,
1619 4253 1807 4324 inquit,
1837 4257 1888 4309 in
1915 4274 2068 4327 syna-

481 4349 611 4400 goga
637 4333 718 4385 die
746 4334 1065 4391 sabbatorum
1092 4355 1111 4392 :
1135 4351 1190 4393 ut
1217 4344 1448 4397 sermoni
1481 4345 1618 4400 viam
1663 4363 1923 4417 pararent.
1959 4351 2069 4407 Nec

481 4424 685 4492 priores
715 4425 1024 4496 loquun'ur,
1053 4431 1145 4484 sed
1176 4431 1400 4497 invitati,
1424 4444 1477 4489 et
1501 4439 1648 4507 quasi
1681 4441 1918 4509 hospites
1945 4459 2068 4512 pro-

479 4521 670 4572 vocati.
701 4519 753 4574 Si
783 4531 959 4575 autem
993 4539 1094 4577 non
1127 4525 1196 4579 ibi
1228 4529 1583 4594 mansissent,
1625 4549 1802 4586 sermo
1833 4552 1935 4588 non
1966 4537 2065 4592 ha-

482 4610 623 4665 bitus
653 4611 854 4667 fuisset.
881 4614 975 4668 llic
1000 4616 1170 4685 primo
1201 4621 1450 4687 prtedicat
1479 4622 1686 4678 Paulus.
1718 4627 1778 4680 Et
1804 4629 1924 4682 vide
1950 4631 2066 4698 ejus

479 4703 816 4772 prtnlenliam
845 4723 857 4754 :
887 4707 970 4760 ubi
1001 4723 1179 4762 sermo
1206 4726 1421 4780 sparsus
1451 4716 1615 4769 luerat
1634 4754 1648 4777 ,
1670 4727 2059 4790 praetereurrit;

480 4793 568 4846 ubi
619 4809 744 4847 vero
793 4797 968 4850 nullus
1015 4797 1205 4863 fuerat,
1253 4800 1452 4858 diutius
1498 4820 1710 4871 manet;
1756 4818 1811 4863 ut
1853 4822 1905 4865 et
1950 4813 2063 4883 ipse

477 4899 518 4937 si
542 4885 720 4939 ribeus
749 4886 876 4941 dicit
907 4907 919 4943 :
951 4889 1039 4944 Sic
1065 4903 1228 4945 autem
1261 4896 1431 4948 studui
1461 4900 1820 4967 euangelizarc,
1853 4921 1952 4959 non
1977 4909 2061 4963 ubi

477 4977 764 5034 nominatus
795 4990 866 5032 est
891 4979 1119 5035 Christus
1146 4982 1165 5053 (
1189 4984 1336 5040 llam.
1371 4989 1456 5043 15.
1485 4989 1557 5044 20
1579 4991 1619 5057 ).
1651 4992 1760 5047 lloc
1791 5011 1915 5050 vero
1941 5015 2058 5054 ma-

475 5084 595 5137 gna:
624 5069 946 5124 fortitudinis
976 5082 1110 5127 erat.
1143 5076 1278 5131 Vere
1299 5096 1324 5130 a
1353 5081 1610 5152 principio
1633 5085 1959 5145 admirabilis
1982 5093 2062 5148 vir

478 5161 576 5215 fuit
603 5180 615 5215 :
644 5163 931 5218 cruciﬁxus
951 5206 964 5227 ,
993 5166 1045 5220 in
1076 5169 1192 5222 acie
1221 5171 1442 5240 positus,
1470 5177 1670 5231 sciebat
1699 5193 1892 5249 quanta
1925 5186 2061 5252 poti-

476 5264 624 5308 retur
665 5256 874 5324 gratia;
917 5272 1010 5324 par
1055 5259 1258 5314 induxit
1301 5263 1551 5319 studium.
1598 5267 1710 5323 Non
1757 5275 2060 5329 succensuit

474 5343 666 5406 Joauni
697 5369 710 5404 :
741 5364 844 5402 non
871 5350 1011 5403 enim
1041 5350 1196 5420 hujus
1221 5366 1336 5408 erat
1361 5358 1459 5426 (a),
1487 5359 1580 5413 sed
1607 5365 1752 5431 operi
1783 5365 2015 5420 luercbat
2040 5385 2054 5423 :

475 5454 583 5501 non
631 5443 971 5507 formidavit,
1027 5461 1130 5501 non
1182 5448 1353 5503 timuit
1402 5451 1452 5505 iu
1502 5455 1671 5510 media
1720 5459 2056 5516 multitudine

542 5579 618 5652 tu}
655 5584 838 5652 't‘extus
862 5588 1059 5652 Δδιέπους’)
1082 5582 1266 5652 habet,
1303 5597 1344 5636 ob
1368 5599 1587 5652 ﬁatque”
1619 5595 1676 5652 ἦν.
1701 5601 1939 5645 minimus
1976 5609 2049 5648 su:

476 5639 766 5708 uertendum
792 5649 944 5708 putat.
966 5653 1066 5693 non
1087 5645 1215 5694 enim
1248 5645 1338 5697 ira:
1360 5639 1554 5700 deditus
1575 5639 1679 5702 erat
1704 5639 1728 5703 ξ
1747 5639 2049 5708 veil-i661

475 5699 616 5782 tusis-ip.
634 5698 968 5782 explicandum
994 5719 1006 5752 :
1035 5714 1128 5782 von
1147 5708 1275 5756 eitim
1297 5698 1444 5772 ipsius
1464 5698 1612 5774 erat}
1633 5698 1680 5765 id
1707 5698 2044 5782 estIiuinville,

476 5759 563 5818 sed
588 5759 747 5815 Baroal
767 5777 819 5811 as
845 5763 975 5813 illum
1000 5767 1287 5820 adduxerat.

1201 335 1258 390 S.
1300 331 1578 389 JOANNIS
1611 324 2092 385 CllRYSOSTOMl
2131 326 2448 385 ARCHIEP.
2480 329 3008 390 CONSTANTINOP.
3064 346 3066 348 '

3649 345 3758 400 9J3

2171 445 2474 500 conclusus.
2504 446 2637 502 Vide
2661 451 2929 517 qmimode
2953 450 3280 521 providetnr,
3307 468 3370 506 ne
3400 452 3598 509 Paulus
3623 473 3761 526 prae-

2169 534 2312 590 dicet
2341 537 2391 590 in
2421 537 2714 593 Jerusalem
2745 557 2757 591 :
2785 541 3083 596 sufﬁciebat
3115 543 3214 597 hoc
3240 543 3446 608 audire,
3473 547 3614 615 quod
3640 564 3756 604 cre-

2169 629 2428 690 didisset;
2485 632 2860 701 praedicantcm
2908 649 3034 688 vero
3084 651 3188 688 non
3244 638 3491 692 tulissent
3541 653 3762 709 propter

2168 720 2346 775 odium
2378 742 2390 772 :
2417 734 2471 777 et
2509 725 2694 792 procul
2738 727 2928 794 migrat
2958 726 3044 781 ubi
3081 738 3240 782 notus
3271 744 3375 783 non
3405 740 3542 786 erat.
3577 732 3760 787 Primo

2169 829 2379 884 magum
2423 816 2728 885 redarguit,
2760 829 2812 872 et
2850 820 3021 888 qualis
3049 831 3193 875 esset
3219 824 3432 888 aperuit
3463 841 3478 876 :
3505 826 3758 895 quodque

2171 907 2289 960 talis
2327 917 2500 970 esset,
2533 909 2738 976 signum
2782 911 3037 978 probavit.
3080 912 3192 968 Hoc
3231 915 3438 984 signum
3481 927 3596 971 erat
3638 919 3756 986 ejus

2168 1001 2360 1052 animae
2389 1001 2662 1054 etccitatis.
2696 1003 2772 1055 Ad
2807 1013 3014 1072 tempus
3047 1006 3262 1073 patitur,
3297 1016 3353 1060 ut
3383 1009 3751 1074 paenitentiam

2167 1098 2307 1159 agat.
2340 1091 2482 1146 Bene
2507 1102 2682 1148 autem
2713 1095 2764 1147 in
2795 1098 3016 1150 sabbato
3048 1096 3241 1153 Paulus
3266 1099 3485 1153 intravit
3513 1101 3564 1154 in
3595 1116 3753 1170 syna-

2167 1197 2377 1252 gogam,
2420 1185 2632 1252 quando
2670 1202 2857 1240 omm-s
2892 1190 3198 1259 congregati
3231 1201 3405 1246 erant.
3434 1193 3520 1246 l5.
3546 1193 3609 1245 l6:
3641 1204 3752 1262 post

2169 1274 2450 1340 lectionem,
2483 1277 2680 1347 inquit,
2709 1279 2831 1349 legis
2855 1289 2903 1333 et
2933 1283 3312 1349 prop/telarum,
3343 1285 3583 1338 miserunt
3614 1289 3755 1353 prin-

2167 1367 2304 1433 cipes
2331 1383 2604 1438 synagoga:
2625 1409 2641 1435 ,
2669 1371 2886 1426 dicentes
2913 1389 2932 1426 :
2969 1372 3072 1425 l'iri
3100 1377 3282 1443 fratres
3302 1417 3316 1439 ,
3349 1377 3395 1430 si
3436 1388 3507 1431 est
3536 1379 3587 1430 in
3617 1381 3754 1433 vobis

2167 1476 2331 1514 sermo
2357 1463 2718 1518 exhortationis
2742 1466 2809 1516 ad
2837 1467 3099 1535 populum,
3123 1469 3292 1524 dicite.
3326 1469 3456 1524 Vide
3487 1472 3603 1528 illos
3630 1483 3754 1527 tunc

2169 1552 2284 1606 sine
2315 1552 2510 1606 invidia
2541 1556 2747 1624 copiam
2780 1557 2984 1620 facere;
3018 1573 3200 1628 poSlea
3232 1577 3360 1617 vero
3387 1578 3490 1618 non
3523 1565 3667 1619 item.
3697 1567 3754 1620 Si

2169 1643 2272 1698 hoc
2290 1645 2538 1701 voluisset
2549 1651 2611 1709 is.
2630 1651 2795 1718 magis
2811 1655 3090 1718 opimebat
3110 1654 3399 1709 exhortari.
3425 1656 3593 1723 Sed,o
3615 1659 3755 1728 prin-

2169 1735 2374 1805 cipatus
2405 1754 2640 1794 amorem
2667 1742 2680 1794 !
2713 1757 2746 1796 ο
2771 1759 2956 1796 vanam
2985 1744 3208 1814 gloriam
3232 1747 3245 1800 l
3275 1749 3542 1817 quomodo
3571 1753 3750 1806 omnia

2170 1831 2428 1884 subvertit
2449 1841 2503 1885 et
2533 1834 2703 1901 perdit
2731 1851 2743 1888 :
2771 1846 2955 1891 contra
2988 1840 3272 1906 propriam,
3297 1849 3477 1896 eontra
3511 1852 3748 1896 mutuam

2171 1922 2394 1977 salutem
2425 1935 2566 1980 stare
2595 1927 2781 1983 suadet
2811 1946 2823 1982 :
2856 1929 2922 1982 ita
2952 1946 3124 1985 caecos
3152 1931 3313 1986 efﬁcit
3343 1935 3381 1998 ',
3414 1946 3469 1989 ut
3497 1935 3748 1991 ductores

2171 2027 2495 2082 qmrrantur.
2532 2018 2739 2074 Utinam
2771 2023 2958 2076 saltem
3003 2023 3138 2089 hoc,
3179 2027 3377 2079 utinam
3419 2028 3608 2082 saltem
3653 2028 3752 2082 du-

2169 2115 2345 2161 ctorcs
2375 2121 2679 2178 qu:erercnt
2707 2129 2721 2166 :
2747 2128 2930 2167 verum
2962 2116 3063 2170 hoc
3092 2134 3197 2170 non
3228 2131 3492 2186 qua-runt,
3524 2121 3616 2175 sed
3649 2123 3748 2175 sibi

2172 2198 2300 2267 ipsis
2333 2211 2498 2255 totum
2523 2205 2881 2260 committunt.
2923 2208 3196 2264 Neminem
3243 2213 3332 2267 ille
3365 2215 3492 2268 sinit
3522 2216 3701 2270 videre
3730 2237 3743 2272 :

2172 2293 2309 2347 sicut
2331 2293 2503 2364 caligo
2530 2307 2585 2350 et
2615 2299 2804 2353 nebula
2837 2301 3045 2369 ingruit,
3084 2321 3182 2358 nee
3209 2307 3335 2361 sinit
3365 2309 3646 2376 inspicere.

2254 2388 2440 2442 Vitium
2474 2393 2751 2460 aliquando
2780 2394 2925 2448 aliud
2949 2397 3119 2450 vitium
3150 2410 3449 2468 superat.—
3463 2403 3630 2470 Quam
3661 2404 3752 2457 de-

2175 2479 2472 2536 fensionem
2515 2485 2850 2550 habebimus,
2897 2488 2985 2557 qui
3033 2505 3126 2557 per
3167 2492 3350 2546 vitium
3396 2493 3523 2547 illud
3571 2495 3753 2548 vitium

2173 2572 2314 2627 aliud
2345 2588 2679 2643 superamus.
2709 2577 2801 2631 Sed
2833 2595 2938 2634 non
2985 2595 3081 2649 per
3128 2583 3372 2636 timorem
3421 2585 3556 2639 Dei?
3598 2586 3751 2641 Verbi

2171 2665 2361 2733 gratia.
2396 2667 2545 2720 multi
2589 2669 2678 2738 qui
2715 2669 2875 2725 simul
2922 2672 3102 2729 lascivi
3148 2683 3202 2730 ct
3246 2679 3390 2731 avari
3439 2689 3613 2744 erant,
3664 2695 3760 2748 pcr

2175 2759 2557 2824 parcimuniam
2610 2763 2880 2818 lasciviam
2923 2779 3276 2836 superarunt;
3330 2772 3416 2824 alii
3458 2781 3641 2826 contra
3690 2790 3755 2827 ex

2173 2850 2388 2904 lascivia
2427 2857 2686 2923 pecunias
2727 2869 3189 2930 cootempscrunt.
3241 2863 3473 2918 Rursum
3501 2865 3590 2918 alii
3621 2881 3753 2919 vana

2173 2943 2342 3012 gloria
2383 2948 2544 3015 capti,
2578 2949 2740 3004 ambo
2780 2950 2866 3005 illa
2913 2953 3037 3008 vitia
3093 2967 3452 3024 prostravere,
3502 2960 3758 3027 pecunias

2173 3039 2290 3092 sine
2327 3042 2487 3096 modo
2527 3043 2887 3110 insumentes,
2929 3058 2983 3103 et
3022 3048 3215 3104 frustra
3254 3053 3590 3108 continentes
3624 3072 3636 3106 :
3667 3057 3759 3111 alii

2175 3149 2384 3188 rursum
2408 3151 2558 3189 vanas
2579 3137 2760 3206 gloriae
2780 3139 3066 3194 admodum
3089 3143 3287 3212 cupidi,
3309 3143 3409 3199 hoc
3429 3145 3612 3200 vitimn
3629 3164 3758 3201 con-

2177 3233 2527 3294 tempsernnt,
2557 3228 2726 3284 multa
2772 3230 2910 3286 unda
2940 3233 3080 3301 passi
3109 3241 3165 3288 et
3191 3246 3414 3306 propter
3451 3252 3665 3293 amores
3702 3247 3759 3294 et

2177 3332 2394 3390 propter
2438 3326 2689 3391 pecunias
2739 3343 2752 3381 :
2801 3325 2891 3380 alii
2938 3343 3147 3383 rursum
3191 3339 3249 3384 ut
3296 3331 3427 3385 iram
3479 3333 3758 3402 explerent

2175 3428 2347 3480 suam,
2379 3415 2656 3470 innumera
2695 3417 2887 3474 damna
2913 3419 3144 3488 subiere,
3179 3430 3235 3476 et
3262 3423 3394 3477 nihil
3427 3425 3569 3477 aliud
3597 3440 3756 3479 cura-

2176 3517 2386 3566 verunt.
2419 3525 2575 3578 quam
2604 3519 2660 3563 ut
2686 3511 3007 3567 voluntatem
3039 3529 3188 3569 suam
3216 3515 3282 3570 ad
3305 3517 3550 3572 effectum
3585 3518 3756 3574 dedu-

2174 3614 2381 3655 cerent.
2424 3603 2487 3657 Et
2520 3604 2659 3673 quod
2691 3606 2868 3676 passio
2900 3609 3086 3675 putuit,
3131 3625 3235 3663 non
3269 3612 3439 3680 potuit
3479 3613 3617 3681 apud
3658 3629 3759 3667 nos

2179 3693 2268 3748 Dei
2299 3699 2477 3750 timor.
2510 3697 2570 3751 Et
2597 3699 2722 3768 quid
2760 3700 3058 3767 passionem
3081 3702 3243 3757 dico?
3270 3703 3421 3770 Quod
3455 3705 3625 3775 pudor
3656 3708 3756 3756 lm-

2175 3800 2365 3839 manus
2395 3797 2586 3856 potest,
2621 3804 2724 3843 non
2773 3801 2948 3858 potest
2990 3793 3080 3848 Dei
3117 3795 3294 3849 timor.
3333 3795 3488 3848 Multa
3529 3807 3582 3850 et
3616 3808 3758 3851 recte

2177 3877 2398 3934 facimus
2439 3891 2494 3935 et
2540 3899 2820 3949 peccamus
2855 3902 2960 3954 prae
3003 3885 3274 3953 hominum
3310 3889 3545 3957 pudore;
3591 3889 3754 3943 Demn

2175 3988 2302 4028 vero
2331 3991 2436 4028 non
2464 3975 2728 4030 timemus.
2754 3979 2895 4045 Quot
2921 3994 3028 4048 pra:
3052 3981 3252 4048 pudore
3273 3997 3400 4049 opes
3420 3981 3757 4036 eﬁ'uderunt?

2173 4075 2302 4136 quot
2346 4069 2538 4121 frustra
2579 4070 2884 4125 ambierunt
2921 4073 3108 4127 amicis
3149 4075 3198 4127 iu
3247 4076 3386 4128 malo
3415 4076 3758 4130 servientes?

2172 4167 2302 4227 quot
2323 4159 2373 4212 in
2403 4161 2694 4214 amicorum
2723 4163 2943 4231 gratiam
2971 4165 3263 4232 sa-pissime
3291 4167 3685 4234 peccaverunt?

2243 4252 2296 4305 5.
2333 4251 2512 4306 Gloria
2556 4254 2776 4306 humana
2820 4254 3105 4325 fugTeudu;
3154 4273 3385 4328 quantum
3427 4257 3591 4328 gloria
3620 4275 3757 4322 qua:-

2171 4343 2330 4396 reuda
2357 4345 2440 4396 sit.
2461 4344 2598 4399 —Si
2627 4361 2756 4414 ergo
2781 4357 2835 4399 et
2868 4345 3090 4400 allectus
3130 4357 3183 4401 ct
3215 4349 3383 4415 pudor
3413 4348 3676 4402 hmnauus
3703 4358 3758 4402 et

2172 4437 2236 4490 ad
2266 4446 2479 4506 peccata
2512 4448 2565 4492 et
2602 4437 2668 4492 ad
2719 4439 2854 4492 bona
2885 4457 3043 4508 opera
3077 4457 3171 4492 nos
3215 4449 3438 4508 possunt
3479 4441 3752 4507 inducere,

2173 4531 2365 4585 frustra
2404 4532 2630 4586 dicimus
2677 4547 2774 4587 nos
2806 4549 2908 4587 non
2957 4549 3152 4602 posse:
3188 4549 3469 4603 possumus
3503 4535 3667 4597 enim,
3709 4534 3755 4587 si

2169 4625 2452 4690 volumus;
2485 4626 2620 4680 velle
2646 4636 2843 4691 autem,
2874 4642 3060 4680 otnttes
3086 4635 3312 4694 oportet.
3343 4626 3436 4681 Dic
3466 4625 3595 4680 mihi
3623 4644 3635 4678 :
3660 4641 3756 4680 cur

2169 4733 2273 4770 non
2318 4729 2470 4786 potes
2507 4718 2738 4786 gloriam
2777 4720 3009 4781 vincere,
3044 4734 3162 4771 cum
3212 4718 3298 4771 alii
3344 4721 3588 4773 eamdem
3633 4719 3755 4771 ani-

2169 4825 2334 4872 mam,
2361 4811 2498 4864 idem
2525 4812 2778 4881 corpns’,
2802 4811 3044 4865 eamdem
3067 4811 3310 4876 formam,
3329 4813 3570 4866 eatndem
3592 4812 3754 4865 vitam

2169 4903 2444 4969 habentes,
2494 4904 2661 4973 ipsam
2709 4905 2962 4957 vincant?
2991 4905 3173 4974 Cogita
3223 4906 3412 4972 Deum,
3457 4907 3630 4974 cogita
3663 4920 3753 4958 su-

2169 5011 2384 5065 pernam
2415 4997 2636 5065 gloriam
2672 5016 2684 5051 :
2713 4997 2899 5051 conl‘er
2941 4999 3082 5051 illam
3115 5016 3234 5053 cum
3284 4999 3658 5069 pra-sentibus,
3702 5006 3756 5052 et

2164 5091 2341 5146 statim
2369 5093 2436 5147 ab
2467 5095 2561 5148 hac
2590 5096 2754 5165 gloria
2787 5095 3014 5150 resilies.
3046 5095 3102 5150 Si
3145 5096 3364 5148 omnino
3399 5095 3622 5163 gloriam
3660 5109 3755 5145 cx-

2166 5188 2320 5254 petis,
2357 5204 2471 5240 eam
2496 5205 2612 5257 qtae
2640 5205 2763 5244 vere
2787 5190 2955 5260 gloria
2983 5203 3065 5246 est
3094 5192 3431 5259 ermottpisce.
3465 5193 3593 5256 Quae
3634 5190 3752 5258 glo-

2162 5281 2242 5338 ria
2270 5295 2372 5348 est,
2403 5300 2523 5339 cum
2571 5285 2840 5340 infamiam
2880 5288 3092 5358 pariat?
3140 5305 3259 5357 quaa
3297 5289 3486 5358 gloria,
3530 5290 3746 5355 quando

2163 5375 2474 5431 inferiorum
2506 5377 2763 5433 honorem
2799 5395 2997 5450 cupere
3039 5383 3246 5449 cogeris
3290 5391 3343 5434 et
3375 5383 3464 5435 illo
3491 5398 3624 5450 opus
3655 5381 3749 5434 ha-

2162 5469 2328 5524 bere?
2355 5473 2538 5526 llonor
2562 5482 2644 5527 est
2673 5471 2932 5543 majormn
2963 5473 3129 5543 gloria
3161 5474 3283 5528 frui.
3315 5475 3369 5530 Si
3401 5475 3619 5529 omnino
3646 5473 3749 5543 glo-

2226 5660 2243 5734 ξ
2271 5660 2473 5734 Quidam
2497 5660 2699 5734 habent,
2718 5673 2827 5730 vere
2849 5673 3000 5734 στεςρε
3022 5659 3165 5724 εθῖαῑ
3172 5697 3185 5711 ο
3432 5724 3447 5734 ,
3692 5723 3703 5734 .

2224 5723 2243 5752 ²
2269 5721 2401 5788 llaec,
2425 5721 2896 5788 eamdcugmimam,
2920 5721 3056 5772 idem
3064 5721 3246 5787 corpus
3271 5761 3285 5786 ,
3313 5738 3407 5774 non
3432 5724 3664 5788 leguntur
3691 5723 3739 5773 in

2168 5776 2355 5846 Moutf.,
2379 5776 2466 5834 Sed
2490 5795 2519 5834 e
2542 5794 2564 5833 ε
2582 5779 2712 5834 tvilio
2734 5776 2921 5846 adjecta
2937 5792 3066 5836 sunt.
