  <div class='ocr_page' id='page_1' title='image "/cluster/home/n/w/nwhite01/storage/ocr_20150623/60/mdp.39015028539453/216.png"; bbox 0 0 4108 6172; ppageno 0'>
   <div class='ocr_carea' id='block_1_1' title="bbox 254 410 1915 485">
    <p class='ocr_par' dir='ltr' id='par_1_1' title="bbox 254 410 1915 485">
     <span class='ocr_line' id='line_1_1' title="bbox 254 410 1915 485; baseline -0.004 -15"><span class='ocrx_word' id='word_1_1' title='bbox 254 434 360 485; x_wconf 84' lang='grc' dir='ltr'>γων</span> <span class='ocrx_word' id='word_1_2' title='bbox 411 415 643 481; x_wconf 80' lang='grc' dir='ltr'>πολλῶν,</span> <span class='ocrx_word' id='word_1_3' title='bbox 693 414 810 478; x_wconf 78' lang='grc' dir='ltr'>πῶς</span> <span class='ocrx_word' id='word_1_4' title='bbox 852 410 1117 483; x_wconf 71' lang='grc' dir='ltr'>ἠθέλησεν</span> <span class='ocrx_word' id='word_1_5' title='bbox 1162 411 1341 466; x_wconf 85' lang='grc' dir='ltr'>αὑτῶν</span> <span class='ocrx_word' id='word_1_6' title='bbox 1379 412 1631 467; x_wconf 86' lang='grc' dir='ltr'>ἀκοῦσαι.</span> <span class='ocrx_word' id='word_1_7' title='bbox 1689 411 1798 466; x_wconf 81' lang='lat' dir='ltr'>Kal</span> <span class='ocrx_word' id='word_1_8' title='bbox 1844 410 1915 464; x_wconf 80' lang='grc' dir='ltr'>τὰ</span> 
     </span>
    </p>
   </div>
   <div class='ocr_carea' id='block_1_2' title="bbox 258 499 1913 576">
    <p class='ocr_par' dir='ltr' id='par_1_2' title="bbox 258 499 1913 576">
     <span class='ocr_line' id='line_1_2' title="bbox 258 499 1913 576; baseline -0.004 -17"><span class='ocrx_word' id='word_1_9' title='bbox 258 507 492 576; x_wconf 80' lang='grc' dir='ltr'>ὀνόματα</span> <span class='ocrx_word' id='word_1_10' title='bbox 520 506 576 559; x_wconf 83' lang='grc' dir='ltr'>δέ</span> <span class='ocrx_word' id='word_1_11' title='bbox 605 503 890 571; x_wconf 79' lang='grc' dir='ltr'><strong>καταλέγει</strong></span> <span class='ocrx_word' id='word_1_12' title='bbox 912 504 1016 557; x_wconf 81' lang='grc' dir='ltr'>τῶν</span> <span class='ocrx_word' id='word_1_13' title='bbox 1042 502 1270 555; x_wconf 83' lang='grc' dir='ltr'>πόλεων·</span> <span class='ocrx_word' id='word_1_14' title='bbox 1323 501 1559 565; x_wconf 69' lang='grc' dir='ltr'>δεικνὺς,</span> <span class='ocrx_word' id='word_1_15' title='bbox 1592 503 1674 554; x_wconf 81' lang='grc' dir='ltr'>ὅτι</span> <span class='ocrx_word' id='word_1_16' title='bbox 1726 499 1913 572; x_wconf 80' lang='grc' dir='ltr'>ἐπειδὴ</span> 
     </span>
    </p>
   </div>
   <div class='ocr_carea' id='block_1_3' title="bbox 255 585 1912 664">
    <p class='ocr_par' dir='ltr' id='par_1_3' title="bbox 255 585 1912 664">
     <span class='ocr_line' id='line_1_3' title="bbox 255 585 1912 664; baseline -0.004 -17"><span class='ocrx_word' id='word_1_17' title='bbox 255 594 578 664; x_wconf 81' lang='grc' dir='ltr'>προσφάτως</span> <span class='ocrx_word' id='word_1_18' title='bbox 600 592 693 645; x_wconf 77' lang='grc' dir='ltr'>τὸν</span> <span class='ocrx_word' id='word_1_19' title='bbox 719 590 877 659; x_wconf 89' lang='grc' dir='ltr'>λόγον</span> <span class='ocrx_word' id='word_1_20' title='bbox 904 590 1172 655; x_wconf 78' lang='grc' dir='ltr'>ἐδέξαντο,</span> <span class='ocrx_word' id='word_1_21' title='bbox 1195 588 1353 659; x_wconf 89' lang='grc' dir='ltr'>χρεία</span> <span class='ocrx_word' id='word_1_22' title='bbox 1379 585 1446 660; x_wconf 84' lang='grc' dir='ltr'>ἦν</span> <span class='ocrx_word' id='word_1_23' title='bbox 1470 587 1912 660; x_wconf 79' lang='grc' dir='ltr'>ἐπιστηρίζεσθαι</span> 
     </span>
    </p>
   </div>
   <div class='ocr_carea' id='block_1_4' title="bbox 253 673 1915 747">
    <p class='ocr_par' dir='ltr' id='par_1_4' title="bbox 253 673 1915 747">
     <span class='ocr_line' id='line_1_4' title="bbox 253 673 1915 747; baseline -0.002 -17"><span class='ocrx_word' id='word_1_24' title='bbox 253 680 311 747; x_wconf 78' lang='grc' dir='ltr'>τῇ</span> <span class='ocrx_word' id='word_1_25' title='bbox 339 678 519 731; x_wconf 89' lang='grc' dir='ltr'>πίστει</span> <span class='ocrx_word' id='word_1_26' title='bbox 545 675 824 747; x_wconf 86' lang='grc' dir='ltr'>ἐμμένειν·</span> <span class='ocrx_word' id='word_1_27' title='bbox 861 674 942 727; x_wconf 82' lang='grc' dir='ltr'>διδ</span> <span class='ocrx_word' id='word_1_28' title='bbox 961 674 1056 727; x_wconf 73' lang='grc' dir='ltr'>καὶ</span> <span class='ocrx_word' id='word_1_29' title='bbox 1077 673 1315 742; x_wconf 83' lang='grc' dir='ltr'>συνεχῶς</span> <span class='ocrx_word' id='word_1_30' title='bbox 1358 675 1552 736; x_wconf 84' lang='grc' dir='ltr'>αὑταῖς</span> <span class='ocrx_word' id='word_1_31' title='bbox 1609 673 1915 741; x_wconf 78' lang='grc' dir='ltr'>ἐφίσταντο.</span> 
     </span>
    </p>
   </div>
   <div class='ocr_carea' id='block_1_5' title="bbox 258 754 1916 835">
    <p class='ocr_par' dir='ltr' id='par_1_5' title="bbox 258 754 1916 835">
     <span class='ocr_line' id='line_1_5' title="bbox 258 754 1916 835; baseline -0.002 -20"><span class='ocrx_word' id='word_1_32' title='bbox 258 764 391 835; x_wconf 81' lang='grc' dir='ltr'>Ὅρα</span> <span class='ocrx_word' id='word_1_33' title='bbox 436 764 519 816; x_wconf 80' lang='grc' dir='ltr'>δτι</span> <span class='ocrx_word' id='word_1_34' title='bbox 556 762 706 815; x_wconf 78' lang='grc' dir='ltr'>οὐδὲν</span> <span class='ocrx_word' id='word_1_35' title='bbox 761 761 898 832; x_wconf 77' lang='grc' dir='ltr'>πρὸς</span> <span class='ocrx_word' id='word_1_36' title='bbox 943 760 1035 813; x_wconf 82' lang='grc' dir='ltr'>τὸν</span> <span class='ocrx_word' id='word_1_37' title='bbox 1086 761 1259 832; x_wconf 83' lang='grc' dir='ltr'>μάγον</span> <span class='ocrx_word' id='word_1_38' title='bbox 1323 754 1494 821; x_wconf 78' lang='grc' dir='ltr'>εἶπεν,</span> <span class='ocrx_word' id='word_1_39' title='bbox 1546 758 1651 822; x_wconf 75' lang='grc' dir='ltr'>ἕως</span> <span class='ocrx_word' id='word_1_40' title='bbox 1711 760 1916 822; x_wconf 84' lang='grc' dir='ltr'>ἐκεῖνος</span> 
     </span>
    </p>
   </div>
   <div class='ocr_carea' id='block_1_6' title="bbox 254 845 1916 922">
    <p class='ocr_par' dir='ltr' id='par_1_6' title="bbox 254 845 1916 922">
     <span class='ocr_line' id='line_1_6' title="bbox 254 845 1916 922; baseline -0.003 -18"><span class='ocrx_word' id='word_1_41' title='bbox 254 852 502 922; x_wconf 79' lang='grc' dir='ltr'>ἀφορμὴν</span> <span class='ocrx_word' id='word_1_42' title='bbox 528 850 747 903; x_wconf 80' lang='grc' dir='ltr'>ἔδωκεν·</span> <span class='ocrx_word' id='word_1_43' title='bbox 782 849 917 903; x_wconf 90' lang='grc' dir='ltr'>ἀλλά</span> <span class='ocrx_word' id='word_1_44' title='bbox 962 847 1053 901; x_wconf 80' lang='grc' dir='ltr'>τὸν</span> <span class='ocrx_word' id='word_1_45' title='bbox 1086 848 1248 915; x_wconf 90' lang='grc' dir='ltr'>λόγον</span> <span class='ocrx_word' id='word_1_46' title='bbox 1276 847 1369 900; x_wconf 91' lang='grc' dir='ltr'>τοῦ</span> <span class='ocrx_word' id='word_1_47' title='bbox 1396 847 1602 917; x_wconf 84' lang='grc' dir='ltr'>Κυρίου</span> <span class='ocrx_word' id='word_1_48' title='bbox 1633 845 1791 917; x_wconf 91' lang='grc' dir='ltr'>μόνον</span> <span class='ocrx_word' id='word_1_49' title='bbox 1817 864 1916 900; x_wconf 92' lang='grc' dir='ltr'>κα-</span> 
     </span>
    </p>
   </div>
   <div class='ocr_carea' id='block_1_7' title="bbox 253 936 1914 1010">
    <p class='ocr_par' dir='ltr' id='par_1_7' title="bbox 253 936 1914 1010">
     <span class='ocr_line' id='line_1_7' title="bbox 253 936 1914 1010; baseline -0.002 -18"><span class='ocrx_word' id='word_1_50' title='bbox 253 939 560 1010; x_wconf 82' lang='grc' dir='ltr'>τήγγελλον.</span> <span class='ocrx_word' id='word_1_51' title='bbox 606 939 825 1007; x_wconf 83' lang='grc' dir='ltr'>Ἐπειδὴ</span> <span class='ocrx_word' id='word_1_52' title='bbox 860 939 969 1009; x_wconf 81' lang='grc' dir='ltr'>γὰρ</span> <span class='ocrx_word' id='word_1_53' title='bbox 992 938 1117 1000; x_wconf 78' lang='grc' dir='ltr'>τοὺς</span> <span class='ocrx_word' id='word_1_54' title='bbox 1145 936 1337 999; x_wconf 85' lang='grc' dir='ltr'>ἀλλους</span> <span class='ocrx_word' id='word_1_55' title='bbox 1359 937 1504 1007; x_wconf 81' lang='grc' dir='ltr'>ἐώρα</span> <span class='ocrx_word' id='word_1_56' title='bbox 1528 937 1914 1007; x_wconf 78' lang='grc' dir='ltr'>προσέχοντας,</span> 
     </span>
    </p>
   </div>
   <div class='ocr_carea' id='block_1_8' title="bbox 251 1027 1918 1101">
    <p class='ocr_par' dir='ltr' id='par_1_8' title="bbox 251 1027 1918 1101">
     <span class='ocr_line' id='line_1_8' title="bbox 251 1027 1918 1101; baseline -0.001 -18"><span class='ocrx_word' id='word_1_57' title='bbox 251 1031 409 1091; x_wconf 81' lang='grc' dir='ltr'>αὑτὸς</span> <span class='ocrx_word' id='word_1_58' title='bbox 448 1031 584 1101; x_wconf 74' lang='grc' dir='ltr'>πρὸς</span> <span class='ocrx_word' id='word_1_59' title='bbox 614 1030 671 1083; x_wconf 85' lang='grc' dir='ltr'>ἐν</span> <span class='ocrx_word' id='word_1_60' title='bbox 700 1029 859 1083; x_wconf 89' lang='grc' dir='ltr'>τοῦτο</span> <span class='ocrx_word' id='word_1_61' title='bbox 894 1031 1138 1089; x_wconf 83' lang='grc' dir='ltr'>ἐσκόπει,</span> <span class='ocrx_word' id='word_1_62' title='bbox 1170 1028 1311 1082; x_wconf 82' lang='grc' dir='ltr'>ὥστε</span> <span class='ocrx_word' id='word_1_63' title='bbox 1340 1029 1545 1081; x_wconf 86' lang='grc' dir='ltr'>ἐκεῖνον</span> <span class='ocrx_word' id='word_1_64' title='bbox 1594 1029 1668 1099; x_wconf 87' lang='grc' dir='ltr'>μὴ</span> <span class='ocrx_word' id='word_1_65' title='bbox 1693 1027 1918 1098; x_wconf 81' lang='grc' dir='ltr'>πεισθῆ-</span> 
     </span>
    </p>
   </div>
   <div class='ocr_carea' id='block_1_9' title="bbox 250 1116 1918 1191">
    <p class='ocr_par' dir='ltr' id='par_1_9' title="bbox 250 1116 1918 1191">
     <span class='ocr_line' id='line_1_9' title="bbox 250 1116 1918 1191; baseline 0.003 -22"><span class='ocrx_word' id='word_1_66' title='bbox 250 1135 356 1172; x_wconf 84' lang='grc' dir='ltr'>ναι.</span> <span class='ocrx_word' id='word_1_67' title='bbox 389 1120 498 1173; x_wconf 76' lang='grc' dir='ltr'>Καὶ</span> <span class='ocrx_word' id='word_1_68' title='bbox 515 1119 602 1173; x_wconf 82' lang='grc' dir='ltr'>διὰ</span> <span class='ocrx_word' id='word_1_69' title='bbox 631 1120 686 1172; x_wconf 89' lang='grc' dir='ltr'>τί</span> <span class='ocrx_word' id='word_1_70' title='bbox 717 1119 792 1191; x_wconf 78' lang='grc' dir='ltr'>μή</span> <span class='ocrx_word' id='word_1_71' title='bbox 825 1119 1009 1190; x_wconf 71' lang='grc' dir='ltr'>ἕτερον</span> <span class='ocrx_word' id='word_1_72' title='bbox 1035 1121 1259 1188; x_wconf 84' lang='grc' dir='ltr'>σημεῖον</span> <span class='ocrx_word' id='word_1_73' title='bbox 1306 1116 1600 1188; x_wconf 85' lang='grc' dir='ltr'>ἐποίησεν;</span> <span class='ocrx_word' id='word_1_74' title='bbox 1655 1119 1778 1173; x_wconf 87' lang='grc' dir='ltr'>Ὅτι</span> <span class='ocrx_word' id='word_1_75' title='bbox 1817 1121 1918 1174; x_wconf 91' lang='grc' dir='ltr'>οὑκ</span> 
     </span>
    </p>
   </div>
   <div class='ocr_carea' id='block_1_10' title="bbox 249 1203 1350 1278">
    <p class='ocr_par' dir='ltr' id='par_1_10' title="bbox 249 1203 1350 1278">
     <span class='ocr_line' id='line_1_10' title="bbox 249 1203 1350 1278; baseline 0.003 -21"><span class='ocrx_word' id='word_1_76' title='bbox 249 1203 315 1277; x_wconf 77' lang='grc' dir='ltr'>ἦν</span> <span class='ocrx_word' id='word_1_77' title='bbox 341 1206 532 1261; x_wconf 87' lang='grc' dir='ltr'>τούτου</span> <span class='ocrx_word' id='word_1_78' title='bbox 559 1207 692 1270; x_wconf 81' lang='grc' dir='ltr'>ἴσον,</span> <span class='ocrx_word' id='word_1_79' title='bbox 718 1207 813 1261; x_wconf 87' lang='grc' dir='ltr'>τοῦ</span> <span class='ocrx_word' id='word_1_80' title='bbox 842 1207 931 1260; x_wconf 77' lang='grc' dir='ltr'>τὸν</span> <span class='ocrx_word' id='word_1_81' title='bbox 960 1206 1155 1278; x_wconf 75' lang='grc' dir='ltr'>ἐχθρὸν</span> <span class='ocrx_word' id='word_1_82' title='bbox 1188 1208 1350 1262; x_wconf 86' lang='grc' dir='ltr'>ἐλεῖν.</span> 
     </span>
    </p>
   </div>
   <div class='ocr_carea' id='block_1_11' title="bbox 317 1292 1912 1367">
    <p class='ocr_par' dir='ltr' id='par_1_11' title="bbox 317 1292 1912 1367">
     <span class='ocr_line' id='line_1_11' title="bbox 317 1292 1912 1367; baseline 0.002 -21"><span class='ocrx_word' id='word_1_83' title='bbox 317 1292 383 1362; x_wconf 85' lang='grc' dir='ltr'>β’.</span> <span class='ocrx_word' id='word_1_84' title='bbox 415 1295 524 1347; x_wconf 82' lang='lat' dir='ltr'><strong><em>Kal</em></strong></span> <span class='ocrx_word' id='word_1_85' title='bbox 555 1295 676 1364; x_wconf 80' lang='grc' dir='ltr'>ὅρα,</span> <span class='ocrx_word' id='word_1_86' title='bbox 712 1296 975 1365; x_wconf 87' lang='grc' dir='ltr'>πρότερον</span> <span class='ocrx_word' id='word_1_87' title='bbox 1005 1296 1246 1363; x_wconf 89' lang='grc' dir='ltr'>ἐγκαλεῖ,</span> <span class='ocrx_word' id='word_1_88' title='bbox 1277 1297 1369 1350; x_wconf 76' lang='grc' dir='ltr'>καὶ</span> <span class='ocrx_word' id='word_1_89' title='bbox 1417 1297 1535 1350; x_wconf 88' lang='grc' dir='ltr'>τότε</span> <span class='ocrx_word' id='word_1_90' title='bbox 1570 1298 1912 1367; x_wconf 80' lang='grc' dir='ltr'><strong>τιμωρεῖται.</strong></span> 
     </span>
    </p>
   </div>
   <div class='ocr_carea' id='block_1_12' title="bbox 248 1380 1917 1454">
    <p class='ocr_par' dir='ltr' id='par_1_12' title="bbox 248 1380 1917 1454">
     <span class='ocr_line' id='line_1_12' title="bbox 248 1380 1917 1454; baseline 0.002 -22"><span class='ocrx_word' id='word_1_91' title='bbox 248 1380 499 1433; x_wconf 87' lang='grc' dir='ltr'>Δείκνυσι</span> <span class='ocrx_word' id='word_1_92' title='bbox 520 1381 576 1434; x_wconf 83' lang='grc' dir='ltr'>δὲ</span> <span class='ocrx_word' id='word_1_93' title='bbox 603 1380 828 1443; x_wconf 78' lang='grc' dir='ltr'>δικαίως</span> <span class='ocrx_word' id='word_1_94' title='bbox 854 1382 1017 1435; x_wconf 78' lang='grc' dir='ltr'>αὑτὸν</span> <span class='ocrx_word' id='word_1_95' title='bbox 1039 1382 1279 1436; x_wconf 76' lang='grc' dir='ltr'><strong>παθόντα</strong></span> <span class='ocrx_word' id='word_1_96' title='bbox 1307 1383 1388 1454; x_wconf 84' lang='grc' dir='ltr'><strong>τῷ</strong></span> <span class='ocrx_word' id='word_1_97' title='bbox 1423 1383 1621 1451; x_wconf 87' lang='grc' dir='ltr'>λέγειν·</span> <span class='ocrx_word' id='word_1_98' title='bbox 1673 1384 1741 1436; x_wconf 83' lang='grc' dir='ltr'><strong><em>Ὠ</em></strong></span> <span class='ocrx_word' id='word_1_99' title='bbox 1763 1381 1917 1448; x_wconf 71' lang='grc' dir='ltr'>πλή-</span> 
     </span>
    </p>
   </div>
   <div class='ocr_carea' id='block_1_13' title="bbox 241 1468 1914 1542">
    <p class='ocr_par' dir='ltr' id='par_1_13' title="bbox 241 1468 1914 1542">
     <span class='ocr_line' id='line_1_13' title="bbox 241 1468 1914 1542; baseline 0.001 -21"><span class='ocrx_word' id='word_1_100' title='bbox 241 1486 355 1537; x_wconf 69' lang='grc' dir='ltr'>ρης</span> <span class='ocrx_word' id='word_1_101' title='bbox 385 1468 614 1535; x_wconf 74' lang='grc' dir='ltr'>παντὸς</span> <span class='ocrx_word' id='word_1_102' title='bbox 669 1468 875 1522; x_wconf 84' lang='grc' dir='ltr'>δόλου.</span> <span class='ocrx_word' id='word_1_103' title='bbox 927 1469 1241 1532; x_wconf 84' lang='grc' dir='ltr'>Τουτέστιν,</span> <span class='ocrx_word' id='word_1_104' title='bbox 1289 1470 1442 1524; x_wconf 79' lang='grc' dir='ltr'>οὐδὲν</span> <span class='ocrx_word' id='word_1_105' title='bbox 1492 1471 1629 1542; x_wconf 77' lang='grc' dir='ltr'>ἔχων</span> <span class='ocrx_word' id='word_1_106' title='bbox 1677 1469 1914 1533; x_wconf 84' lang='grc' dir='ltr'>ἐλλιπὲς,</span> 
     </span>
    </p>
   </div>
   <div class='ocr_carea' id='block_1_14' title="bbox 248 1554 1918 1633">
    <p class='ocr_par' dir='ltr' id='par_1_14' title="bbox 248 1554 1918 1633">
     <span class='ocr_line' id='line_1_14' title="bbox 248 1554 1918 1633; baseline 0.004 -23"><span class='ocrx_word' id='word_1_107' title='bbox 248 1557 400 1628; x_wconf 83' lang='grc' dir='ltr'>φησί.</span> <span class='ocrx_word' id='word_1_108' title='bbox 455 1559 566 1611; x_wconf 79' lang='grc' dir='ltr'>Καὶ</span> <span class='ocrx_word' id='word_1_109' title='bbox 620 1557 799 1623; x_wconf 85' lang='grc' dir='ltr'>καλῶς</span> <span class='ocrx_word' id='word_1_110' title='bbox 843 1554 987 1622; x_wconf 79' lang='grc' dir='ltr'>εἷπε,</span> <span class='ocrx_word' id='word_1_111' title='bbox 1054 1561 1288 1627; x_wconf 76' lang='grc' dir='ltr'>Παντὸς</span> <span class='ocrx_word' id='word_1_112' title='bbox 1337 1560 1543 1615; x_wconf 72' lang='grc' dir='ltr'>δόλου·</span> <span class='ocrx_word' id='word_1_113' title='bbox 1596 1561 1918 1633; x_wconf 78' lang='grc' dir='ltr'>ὑπεκρίνετο</span> 
     </span>
    </p>
   </div>
   <div class='ocr_carea' id='block_1_15' title="bbox 245 1645 1913 1720">
    <p class='ocr_par' dir='ltr' id='par_1_15' title="bbox 245 1645 1913 1720">
     <span class='ocr_line' id='line_1_15' title="bbox 245 1645 1913 1720; baseline 0.002 -21"><span class='ocrx_word' id='word_1_114' title='bbox 245 1647 375 1716; x_wconf 83' lang='grc' dir='ltr'>γάρ.</span> <span class='ocrx_word' id='word_1_115' title='bbox 429 1646 526 1699; x_wconf 85' lang='grc' dir='ltr'>Υἱὲ</span> <span class='ocrx_word' id='word_1_116' title='bbox 570 1645 840 1700; x_wconf 89' lang='grc' dir='ltr'>διαϐόλου·</span> <span class='ocrx_word' id='word_1_117' title='bbox 893 1647 954 1702; x_wconf 86' lang='grc' dir='ltr'>τὸ</span> <span class='ocrx_word' id='word_1_118' title='bbox 1004 1647 1112 1717; x_wconf 87' lang='grc' dir='ltr'>γὰρ</span> <span class='ocrx_word' id='word_1_119' title='bbox 1143 1647 1303 1719; x_wconf 77' lang='grc' dir='ltr'>ἔργον</span> <span class='ocrx_word' id='word_1_120' title='bbox 1356 1649 1564 1702; x_wconf 87' lang='grc' dir='ltr'>ἐκείνου</span> <span class='ocrx_word' id='word_1_121' title='bbox 1624 1648 1913 1720; x_wconf 80' lang='grc' dir='ltr'>ἔπραττεν.</span> 
     </span>
    </p>
   </div>
   <div class='ocr_carea' id='block_1_16' title="bbox 259 1732 1914 1807">
    <p class='ocr_par' dir='ltr' id='par_1_16' title="bbox 259 1732 1914 1807">
     <span class='ocr_line' id='line_1_16' title="bbox 259 1732 1914 1807; baseline 0.001 -19"><span class='ocrx_word' id='word_1_122' title='bbox 259 1732 464 1803; x_wconf 80' lang='grc' dir='ltr'>Ἐχθρὲ</span> <span class='ocrx_word' id='word_1_123' title='bbox 495 1733 698 1801; x_wconf 79' lang='grc' dir='ltr'>πάσης</span> <span class='ocrx_word' id='word_1_124' title='bbox 746 1733 1155 1801; x_wconf 79' lang='grc' dir='ltr'>δικαιοσύνης·</span> <span class='ocrx_word' id='word_1_125' title='bbox 1207 1735 1376 1806; x_wconf 76' lang='grc' dir='ltr'>ήγάρ</span> <span class='ocrx_word' id='word_1_126' title='bbox 1426 1739 1575 1791; x_wconf 76' lang='grc' dir='ltr'>πᾶσα</span> <span class='ocrx_word' id='word_1_127' title='bbox 1603 1735 1914 1807; x_wconf 80' lang='grc' dir='ltr'>δικαιοσύνη</span> 
     </span>
    </p>
   </div>
   <div class='ocr_carea' id='block_1_17' title="bbox 249 1817 1916 1895">
    <p class='ocr_par' dir='ltr' id='par_1_17' title="bbox 249 1817 1916 1895">
     <span class='ocr_line' id='line_1_17' title="bbox 249 1817 1916 1895; baseline 0 -20"><span class='ocrx_word' id='word_1_128' title='bbox 249 1820 415 1885; x_wconf 76' lang='grc' dir='ltr'>ὅντως</span> <span class='ocrx_word' id='word_1_129' title='bbox 447 1821 587 1892; x_wconf 86' lang='grc' dir='ltr'>αῦτη</span> <span class='ocrx_word' id='word_1_130' title='bbox 610 1817 699 1893; x_wconf 85' lang='grc' dir='ltr'>ἦν.</span> <span class='ocrx_word' id='word_1_131' title='bbox 766 1821 922 1888; x_wconf 75' lang='grc' dir='ltr'>Ἐμοὶ</span> <span class='ocrx_word' id='word_1_132' title='bbox 949 1822 1097 1875; x_wconf 86' lang='grc' dir='ltr'>δοκεῖ</span> <span class='ocrx_word' id='word_1_133' title='bbox 1126 1823 1219 1876; x_wconf 73' lang='grc' dir='ltr'>καὶ</span> <span class='ocrx_word' id='word_1_134' title='bbox 1245 1823 1339 1876; x_wconf 81' lang='grc' dir='ltr'>τὸν</span> <span class='ocrx_word' id='word_1_135' title='bbox 1373 1822 1488 1893; x_wconf 85' lang='grc' dir='ltr'>βίον</span> <span class='ocrx_word' id='word_1_136' title='bbox 1534 1824 1775 1895; x_wconf 81' lang='grc' dir='ltr'>ἐλέγχειν</span> <span class='ocrx_word' id='word_1_137' title='bbox 1825 1826 1916 1877; x_wconf 83' lang='grc' dir='ltr'>τὸν</span> 
     </span>
    </p>
   </div>
   <div class='ocr_carea' id='block_1_18' title="bbox 248 1908 1916 1985">
    <p class='ocr_par' dir='ltr' id='par_1_18' title="bbox 248 1908 1916 1985">
     <span class='ocr_line' id='line_1_18' title="bbox 248 1908 1916 1985; baseline 0.002 -22"><span class='ocrx_word' id='word_1_138' title='bbox 248 1912 433 1976; x_wconf 86' lang='grc' dir='ltr'>αὑτοῦ,</span> <span class='ocrx_word' id='word_1_139' title='bbox 466 1911 640 1966; x_wconf 85' lang='grc' dir='ltr'>ταῦτα</span> <span class='ocrx_word' id='word_1_140' title='bbox 690 1911 885 1980; x_wconf 85' lang='grc' dir='ltr'>λέγων.</span> <span class='ocrx_word' id='word_1_141' title='bbox 927 1913 1038 1967; x_wconf 76' lang='grc' dir='ltr'>Καὶ</span> <span class='ocrx_word' id='word_1_142' title='bbox 1065 1913 1153 1967; x_wconf 81' lang='grc' dir='ltr'>ἵνα</span> <span class='ocrx_word' id='word_1_143' title='bbox 1184 1913 1353 1984; x_wconf 77' lang='grc' dir='ltr'>δείξῃ,</span> <span class='ocrx_word' id='word_1_144' title='bbox 1413 1912 1494 1967; x_wconf 82' lang='grc' dir='ltr'>ὅτι</span> <span class='ocrx_word' id='word_1_145' title='bbox 1517 1925 1543 1954; x_wconf 76' lang='grc' dir='ltr'>ιι</span> <span class='ocrx_word' id='word_1_146' title='bbox 1596 1914 1695 1967; x_wconf 83' lang='grc' dir='ltr'>οὑκ</span> <span class='ocrx_word' id='word_1_147' title='bbox 1725 1908 1792 1985; x_wconf 77' lang='grc' dir='ltr'>ἦν</span> <span class='ocrx_word' id='word_1_148' title='bbox 1824 1913 1916 1967; x_wconf 84' lang='grc' dir='ltr'>θυ-</span> 
     </span>
    </p>
   </div>
   <div class='ocr_carea' id='block_1_19' title="bbox 252 1988 1918 2072">
    <p class='ocr_par' dir='ltr' id='par_1_19' title="bbox 252 1988 1918 2072">
     <span class='ocr_line' id='line_1_19' title="bbox 252 1988 1918 2072; baseline -0.002 -18"><span class='ocrx_word' id='word_1_149' title='bbox 252 1988 446 2071; x_wconf 85' lang='grc' dir='ltr'>μοῦτά</span> <span class='ocrx_word' id='word_1_150' title='bbox 476 2002 718 2072; x_wconf 80' lang='grc' dir='ltr'>ῥήματα,</span> <span class='ocrx_word' id='word_1_151' title='bbox 750 1999 838 2053; x_wconf 84' lang='grc' dir='ltr'>διὰ</span> <span class='ocrx_word' id='word_1_152' title='bbox 874 1998 1033 2053; x_wconf 88' lang='grc' dir='ltr'>τοῦτο</span> <span class='ocrx_word' id='word_1_153' title='bbox 1082 1999 1369 2071; x_wconf 86' lang='grc' dir='ltr'>προλαϐὼν</span> <span class='ocrx_word' id='word_1_154' title='bbox 1420 1993 1563 2065; x_wconf 87' lang='grc' dir='ltr'>εἷπε,</span> <span class='ocrx_word' id='word_1_155' title='bbox 1616 1999 1918 2066; x_wconf 78' lang='grc' dir='ltr'>Πλησθείς</span> 
     </span>
    </p>
   </div>
   <div class='ocr_carea' id='block_1_20' title="bbox 249 2086 1915 2157">
    <p class='ocr_par' dir='ltr' id='par_1_20' title="bbox 249 2086 1915 2157">
     <span class='ocr_line' id='line_1_20' title="bbox 249 2086 1915 2157; baseline -0.001 -16"><span class='ocrx_word' id='word_1_156' title='bbox 249 2090 593 2157; x_wconf 76' lang='grc' dir='ltr'>Πνεύματος</span> <span class='ocrx_word' id='word_1_157' title='bbox 611 2087 805 2157; x_wconf 78' lang='grc' dir='ltr'>ἁγίου·</span> <span class='ocrx_word' id='word_1_158' title='bbox 833 2088 1131 2150; x_wconf 77' lang='grc' dir='ltr'>τουτέστιν,</span> <span class='ocrx_word' id='word_1_159' title='bbox 1166 2086 1463 2157; x_wconf 81' lang='grc' dir='ltr'>ἐνεργείας.</span> <span class='ocrx_word' id='word_1_160' title='bbox 1501 2086 1610 2142; x_wconf 82' lang='grc' dir='ltr'>Καί</span> <span class='ocrx_word' id='word_1_161' title='bbox 1639 2087 1757 2141; x_wconf 82' lang='grc' dir='ltr'>νῦν</span> <span class='ocrx_word' id='word_1_162' title='bbox 1788 2087 1915 2141; x_wconf 73' lang='grc' dir='ltr'>ἰδοὺ</span> 
     </span>
    </p>
   </div>
   <div class='ocr_carea' id='block_1_21' title="bbox 249 2170 1912 2246">
    <p class='ocr_par' dir='ltr' id='par_1_21' title="bbox 249 2170 1912 2246">
     <span class='ocr_line' id='line_1_21' title="bbox 249 2170 1912 2246; baseline 0.001 -18"><span class='ocrx_word' id='word_1_163' title='bbox 249 2176 374 2244; x_wconf 73' lang='grc' dir='ltr'>χείρ</span> <span class='ocrx_word' id='word_1_164' title='bbox 406 2176 625 2244; x_wconf 84' lang='grc' dir='ltr'>Κυρίου</span> <span class='ocrx_word' id='word_1_165' title='bbox 662 2175 760 2228; x_wconf 77' lang='grc' dir='ltr'>ἐπί</span> <span class='ocrx_word' id='word_1_166' title='bbox 796 2174 889 2228; x_wconf 85' lang='grc' dir='ltr'>σέ.</span> <span class='ocrx_word' id='word_1_167' title='bbox 919 2175 1033 2229; x_wconf 82' lang='grc' dir='ltr'>υὺκ</span> <span class='ocrx_word' id='word_1_168' title='bbox 1057 2175 1165 2245; x_wconf 74' lang='grc' dir='ltr'>ἀρα</span> <span class='ocrx_word' id='word_1_169' title='bbox 1215 2174 1454 2246; x_wconf 78' lang='grc' dir='ltr'><strong>τιμωρία</strong></span> <span class='ocrx_word' id='word_1_170' title='bbox 1484 2170 1575 2245; x_wconf 79' lang='grc' dir='ltr'>ἦν,</span> <span class='ocrx_word' id='word_1_171' title='bbox 1603 2173 1717 2227; x_wconf 84' lang='grc' dir='ltr'>ἀλλ’</span> <span class='ocrx_word' id='word_1_172' title='bbox 1751 2175 1912 2238; x_wconf 79' lang='grc' dir='ltr'>ἴασις.</span> 
     </span>
    </p>
   </div>
   <div class='ocr_carea' id='block_1_22' title="bbox 247 2262 1916 2339">
    <p class='ocr_par' dir='ltr' id='par_1_22' title="bbox 247 2262 1916 2339">
     <span class='ocr_line' id='line_1_22' title="bbox 247 2262 1916 2339; baseline 0 -23"><span class='ocrx_word' id='word_1_173' title='bbox 247 2264 548 2334; x_wconf 81' lang='grc' dir='ltr'>Μονονουχὶ</span> <span class='ocrx_word' id='word_1_174' title='bbox 581 2263 698 2339; x_wconf 65' lang='grc' dir='ltr'>⁸γὰρ</span> <span class='ocrx_word' id='word_1_175' title='bbox 748 2262 955 2331; x_wconf 75' lang='grc' dir='ltr'>ἔλεγεν·</span> <span class='ocrx_word' id='word_1_176' title='bbox 1006 2264 1127 2316; x_wconf 82' lang='grc' dir='ltr'>Οὐκ</span> <span class='ocrx_word' id='word_1_177' title='bbox 1175 2262 1291 2332; x_wconf 80' lang='grc' dir='ltr'>ἐγὼ</span> <span class='ocrx_word' id='word_1_178' title='bbox 1341 2262 1508 2329; x_wconf 72' lang='grc' dir='ltr'>ποιιῖι,</span> <span class='ocrx_word' id='word_1_179' title='bbox 1540 2263 1676 2317; x_wconf 81' lang='grc' dir='ltr'>ἀλλ’</span> <span class='ocrx_word' id='word_1_180' title='bbox 1733 2264 1772 2330; x_wconf 81' lang='grc' dir='ltr'><em>ὴ</em></span> <span class='ocrx_word' id='word_1_181' title='bbox 1812 2262 1916 2316; x_wconf 87' lang='grc' dir='ltr'>τοῦ</span> 
     </span>
    </p>
   </div>
   <div class='ocr_carea' id='block_1_23' title="bbox 251 2348 1917 2420">
    <p class='ocr_par' dir='ltr' id='par_1_23' title="bbox 251 2348 1917 2420">
     <span class='ocr_line' id='line_1_23' title="bbox 251 2348 1917 2420; baseline -0.001 -16"><span class='ocrx_word' id='word_1_182' title='bbox 251 2351 397 2405; x_wconf 87' lang='grc' dir='ltr'>Θεοῦ</span> <span class='ocrx_word' id='word_1_183' title='bbox 431 2351 578 2419; x_wconf 83' lang='grc' dir='ltr'>χείρ.</span> <span class='ocrx_word' id='word_1_184' title='bbox 613 2352 756 2420; x_wconf 85' lang='grc' dir='ltr'>Ὅρα</span> <span class='ocrx_word' id='word_1_185' title='bbox 804 2350 864 2402; x_wconf 84' lang='grc' dir='ltr'>τὺ</span> <span class='ocrx_word' id='word_1_186' title='bbox 894 2349 1117 2418; x_wconf 84' lang='grc' dir='ltr'>ἀτυφον.</span> <span class='ocrx_word' id='word_1_187' title='bbox 1176 2350 1332 2418; x_wconf 82' lang='grc' dir='ltr'>Ἕσῃ</span> <span class='ocrx_word' id='word_1_188' title='bbox 1372 2350 1621 2418; x_wconf 71' lang='grc' dir='ltr'>τυφλὸς,</span> <span class='ocrx_word' id='word_1_189' title='bbox 1656 2348 1741 2420; x_wconf 80' lang='grc' dir='ltr'>μὴ</span> <span class='ocrx_word' id='word_1_190' title='bbox 1770 2348 1917 2413; x_wconf 81' lang='grc' dir='ltr'>,βλέ-</span> 
     </span>
    </p>
   </div>
   <div class='ocr_carea' id='block_1_24' title="bbox 245 2437 1916 2509">
    <p class='ocr_par' dir='ltr' id='par_1_24' title="bbox 245 2437 1916 2509">
     <span class='ocr_line' id='line_1_24' title="bbox 245 2437 1916 2509; baseline -0.002 -16"><span class='ocrx_word' id='word_1_191' title='bbox 245 2456 373 2493; x_wconf 76' lang='grc' dir='ltr'>αων</span> <span class='ocrx_word' id='word_1_192' title='bbox 394 2440 508 2495; x_wconf 80' lang='grc' dir='ltr'>τὸν</span> <span class='ocrx_word' id='word_1_193' title='bbox 545 2440 724 2509; x_wconf 74' lang='grc' dir='ltr'>ἣλιον</span> <span class='ocrx_word' id='word_1_194' title='bbox 748 2438 886 2508; x_wconf 77' lang='grc' dir='ltr'>ἄχρι</span> <span class='ocrx_word' id='word_1_195' title='bbox 909 2438 1137 2509; x_wconf 80' lang='grc' dir='ltr'>καιροῦ.</span> <span class='ocrx_word' id='word_1_196' title='bbox 1175 2438 1345 2492; x_wconf 86' lang='grc' dir='ltr'>Τοῦτο</span> <span class='ocrx_word' id='word_1_197' title='bbox 1375 2438 1545 2508; x_wconf 83' lang='grc' dir='ltr'>λέγει,</span> <span class='ocrx_word' id='word_1_198' title='bbox 1578 2439 1665 2491; x_wconf 79' lang='grc' dir='ltr'>ἵνα</span> <span class='ocrx_word' id='word_1_199' title='bbox 1715 2437 1790 2509; x_wconf 84' lang='grc' dir='ltr'>δῷ</span> <span class='ocrx_word' id='word_1_200' title='bbox 1817 2439 1916 2491; x_wconf 89' lang='grc' dir='ltr'>αὑ-</span> 
     </span>
    </p>
   </div>
   <div class='ocr_carea' id='block_1_25' title="bbox 245 2525 1916 2600">
    <p class='ocr_par' dir='ltr' id='par_1_25' title="bbox 245 2525 1916 2600">
     <span class='ocr_line' id='line_1_25' title="bbox 245 2525 1916 2600; baseline -0.003 -15"><span class='ocrx_word' id='word_1_201' title='bbox 245 2528 319 2599; x_wconf 86' lang='grc' dir='ltr'>τῷ</span> <span class='ocrx_word' id='word_1_202' title='bbox 348 2528 704 2598; x_wconf 82' lang='grc' dir='ltr'>μετανοῆσαι.</span> <span class='ocrx_word' id='word_1_203' title='bbox 732 2527 983 2598; x_wconf 88' lang='grc' dir='ltr'>Οὑδαμοῦ</span> <span class='ocrx_word' id='word_1_204' title='bbox 1021 2528 1129 2600; x_wconf 80' lang='grc' dir='ltr'>γάρ</span> <span class='ocrx_word' id='word_1_205' title='bbox 1176 2526 1459 2581; x_wconf 83' lang='grc' dir='ltr'>ἐϐούλοντο</span> <span class='ocrx_word' id='word_1_206' title='bbox 1484 2525 1594 2582; x_wconf 82' lang='grc' dir='ltr'>ἀπὸ</span> <span class='ocrx_word' id='word_1_207' title='bbox 1644 2526 1750 2581; x_wconf 83' lang='grc' dir='ltr'>τῶν</span> <span class='ocrx_word' id='word_1_208' title='bbox 1782 2543 1916 2581; x_wconf 84' lang='grc' dir='ltr'>σκυ-</span> 
     </span>
    </p>
   </div>
   <div class='ocr_carea' id='block_1_26' title="bbox 247 2613 1919 2689">
    <p class='ocr_par' dir='ltr' id='par_1_26' title="bbox 247 2613 1919 2689">
     <span class='ocr_line' id='line_1_26' title="bbox 247 2613 1919 2689; baseline 0 -20"><span class='ocrx_word' id='word_1_209' title='bbox 247 2615 612 2689; x_wconf 81' lang='grc' dir='ltr'>θρωποτέρων</span> <span class='ocrx_word' id='word_1_210' title='bbox 652 2615 962 2687; x_wconf 88' lang='grc' dir='ltr'>φαίνεσθαι,</span> <span class='ocrx_word' id='word_1_211' title='bbox 1001 2617 1051 2669; x_wconf 86' lang='grc' dir='ltr'>εἰ</span> <span class='ocrx_word' id='word_1_212' title='bbox 1081 2618 1174 2670; x_wconf 76' lang='grc' dir='ltr'>καὶ</span> <span class='ocrx_word' id='word_1_213' title='bbox 1218 2618 1298 2680; x_wconf 86' lang='grc' dir='ltr'>είς</span> <span class='ocrx_word' id='word_1_214' title='bbox 1325 2615 1551 2688; x_wconf 77' lang='grc' dir='ltr'>ἐχθροὺς</span> <span class='ocrx_word' id='word_1_215' title='bbox 1578 2617 1752 2671; x_wconf 89' lang='grc' dir='ltr'>ταῦτα</span> <span class='ocrx_word' id='word_1_216' title='bbox 1797 2613 1919 2685; x_wconf 87' lang='grc' dir='ltr'>ἐγέ-</span> 
     </span>
    </p>
   </div>
   <div class='ocr_carea' id='block_1_27' title="bbox 244 2704 1917 2778">
    <p class='ocr_par' dir='ltr' id='par_1_27' title="bbox 244 2704 1917 2778">
     <span class='ocr_line' id='line_1_27' title="bbox 244 2704 1917 2778; baseline -0.001 -18"><span class='ocrx_word' id='word_1_217' title='bbox 244 2723 383 2762; x_wconf 87' lang='grc' dir='ltr'>νετο.</span> <span class='ocrx_word' id='word_1_218' title='bbox 435 2705 578 2760; x_wconf 80' lang='grc' dir='ltr'>Ἀλλ’</span> <span class='ocrx_word' id='word_1_219' title='bbox 604 2706 700 2760; x_wconf 80' lang='grc' dir='ltr'>ἐπὶ</span> <span class='ocrx_word' id='word_1_220' title='bbox 750 2704 850 2778; x_wconf 72' lang='grc' dir='ltr'>μὲν</span> <span class='ocrx_word' id='word_1_221' title='bbox 872 2704 978 2760; x_wconf 83' lang='grc' dir='ltr'>τῶν</span> <span class='ocrx_word' id='word_1_222' title='bbox 1014 2707 1233 2761; x_wconf 77' lang='grc' dir='ltr'>οἰκείων</span> <span class='ocrx_word' id='word_1_223' title='bbox 1274 2707 1520 2770; x_wconf 78' lang='grc' dir='ltr'>εἰκότως·</span> <span class='ocrx_word' id='word_1_224' title='bbox 1578 2707 1674 2761; x_wconf 83' lang='grc' dir='ltr'>ἐπὶ</span> <span class='ocrx_word' id='word_1_225' title='bbox 1722 2706 1778 2761; x_wconf 77' lang='grc' dir='ltr'>δὲ</span> <span class='ocrx_word' id='word_1_226' title='bbox 1807 2707 1917 2760; x_wconf 82' lang='grc' dir='ltr'>τῶν</span> 
     </span>
    </p>
   </div>
   <div class='ocr_carea' id='block_1_28' title="bbox 245 2793 1918 2867">
    <p class='ocr_par' dir='ltr' id='par_1_28' title="bbox 245 2793 1918 2867">
     <span class='ocr_line' id='line_1_28' title="bbox 245 2793 1918 2867; baseline -0.001 -19"><span class='ocrx_word' id='word_1_227' title='bbox 245 2793 544 2863; x_wconf 82' lang='grc' dir='ltr'>ἀλλοτρίων</span> <span class='ocrx_word' id='word_1_228' title='bbox 574 2794 715 2865; x_wconf 75' lang='grc' dir='ltr'>οὑχὶ,</span> <span class='ocrx_word' id='word_1_229' title='bbox 764 2794 850 2849; x_wconf 83' lang='grc' dir='ltr'>ίνα</span> <span class='ocrx_word' id='word_1_230' title='bbox 896 2794 972 2867; x_wconf 80' lang='grc' dir='ltr'>μὴ</span> <span class='ocrx_word' id='word_1_231' title='bbox 1002 2794 1230 2867; x_wconf 82' lang='grc' dir='ltr'>νομισθῇ</span> <span class='ocrx_word' id='word_1_232' title='bbox 1279 2795 1341 2849; x_wconf 86' lang='grc' dir='ltr'>τὸ</span> <span class='ocrx_word' id='word_1_233' title='bbox 1390 2796 1624 2866; x_wconf 80' lang='grc' dir='ltr'>πρᾶγμα</span> <span class='ocrx_word' id='word_1_234' title='bbox 1672 2796 1918 2866; x_wconf 80' lang='grc' dir='ltr'>ἀνάγκης</span> 
     </span>
    </p>
   </div>
   <div class='ocr_carea' id='block_1_29' title="bbox 244 2880 1916 2955">
    <p class='ocr_par' dir='ltr' id='par_1_29' title="bbox 244 2880 1916 2955">
     <span class='ocr_line' id='line_1_29' title="bbox 244 2880 1916 2955; baseline 0.003 -20"><span class='ocrx_word' id='word_1_235' title='bbox 244 2880 380 2936; x_wconf 78' lang='grc' dir='ltr'>εἶναι</span> <span class='ocrx_word' id='word_1_236' title='bbox 416 2881 609 2936; x_wconf 81' lang='grc' dir='ltr'>λοιπὸν</span> <span class='ocrx_word' id='word_1_237' title='bbox 650 2884 745 2936; x_wconf 72' lang='grc' dir='ltr'>καὶ</span> <span class='ocrx_word' id='word_1_238' title='bbox 774 2882 944 2947; x_wconf 85' lang='grc' dir='ltr'>δέους.</span> <span class='ocrx_word' id='word_1_239' title='bbox 993 2884 1305 2954; x_wconf 85' lang='grc' dir='ltr'>Τεκμήριον</span> <span class='ocrx_word' id='word_1_240' title='bbox 1349 2882 1405 2937; x_wconf 80' lang='grc' dir='ltr'>δὲ</span> <span class='ocrx_word' id='word_1_241' title='bbox 1440 2887 1537 2955; x_wconf 80' lang='grc' dir='ltr'>τῆς</span> <span class='ocrx_word' id='word_1_242' title='bbox 1566 2883 1916 2953; x_wconf 81' lang='grc' dir='ltr'>τυφλότητος.</span> 
     </span>
    </p>
   </div>
   <div class='ocr_carea' id='block_1_30' title="bbox 242 2954 1918 3044">
    <p class='ocr_par' dir='ltr' id='par_1_30' title="bbox 242 2954 1918 3044">
     <span class='ocr_line' id='line_1_30' title="bbox 242 2954 1918 3044; baseline -0.001 -22"><span class='ocrx_word' id='word_1_243' title='bbox 242 2971 301 3023; x_wconf 81' lang='grc' dir='ltr'>τὸ</span> <span class='ocrx_word' id='word_1_244' title='bbox 329 2972 716 3044; x_wconf 73' lang='grc' dir='ltr'>χειραγωγοὺς</span> <span class='ocrx_word' id='word_1_245' title='bbox 748 2954 953 3040; x_wconf 74' lang='grc' dir='ltr'>ζητεῖν.</span> <span class='ocrx_word' id='word_1_246' title='bbox 1013 2966 1148 3024; x_wconf 73' lang='grc' dir='ltr'>Εἶτα</span> <span class='ocrx_word' id='word_1_247' title='bbox 1204 2972 1305 3041; x_wconf 76' lang='grc' dir='ltr'>ὁρᾷ</span> <span class='ocrx_word' id='word_1_248' title='bbox 1336 2970 1434 3040; x_wconf 83' lang='grc' dir='ltr'>τὴν</span> <span class='ocrx_word' id='word_1_249' title='bbox 1467 2954 1716 3042; x_wconf 84' lang='grc' dir='ltr'>πήρωσιν</span> <span class='ocrx_word' id='word_1_250' title='bbox 1761 2971 1790 3023; x_wconf 99' lang='lat'>6</span> <span class='ocrx_word' id='word_1_251' title='bbox 1822 2972 1918 3024; x_wconf 80' lang='grc' dir='ltr'>ἀν-</span> 
     </span>
    </p>
   </div>
   <div class='ocr_carea' id='block_1_31' title="bbox 242 3056 1923 3129">
    <p class='ocr_par' dir='ltr' id='par_1_31' title="bbox 242 3056 1923 3129">
     <span class='ocr_line' id='line_1_31' title="bbox 242 3056 1923 3129; baseline 0.001 -20"><span class='ocrx_word' id='word_1_252' title='bbox 242 3057 511 3122; x_wconf 87' lang='grc' dir='ltr'>θύπατος,</span> <span class='ocrx_word' id='word_1_253' title='bbox 548 3059 642 3112; x_wconf 78' lang='grc' dir='ltr'>καὶ</span> <span class='ocrx_word' id='word_1_254' title='bbox 692 3057 854 3120; x_wconf 76' lang='grc' dir='ltr'>εὐθὺς</span> <span class='ocrx_word' id='word_1_255' title='bbox 905 3056 1171 3111; x_wconf 85' lang='grc' dir='ltr'>πιστεύει·</span> <span class='ocrx_word' id='word_1_256' title='bbox 1239 3059 1332 3111; x_wconf 71' lang='grc' dir='ltr'>καὶ</span> <span class='ocrx_word' id='word_1_257' title='bbox 1389 3058 1487 3129; x_wconf 88' lang='grc' dir='ltr'>οὑχ</span> <span class='ocrx_word' id='word_1_258' title='bbox 1542 3057 1747 3122; x_wconf 85' lang='grc' dir='ltr'>ἁπλῶς,</span> <span class='ocrx_word' id='word_1_259' title='bbox 1802 3057 1923 3111; x_wconf 75' lang='grc' dir='ltr'>ἀλλ’</span> 
     </span>
    </p>
   </div>
   <div class='ocr_carea' id='block_1_32' title="bbox 253 3138 1921 3216">
    <p class='ocr_par' dir='ltr' id='par_1_32' title="bbox 253 3138 1921 3216">
     <span class='ocr_line' id='line_1_32' title="bbox 253 3138 1921 3216; baseline -0.001 -17"><span class='ocrx_word' id='word_1_260' title='bbox 253 3143 802 3213; x_wconf 78' lang='grc' dir='ltr'>Ἐκπληττόμενοςο</span> <span class='ocrx_word' id='word_1_261' title='bbox 853 3138 960 3196; x_wconf 80' lang='grc' dir='ltr'>εἶδε</span> <span class='ocrx_word' id='word_1_262' title='bbox 994 3141 1123 3214; x_wconf 83' lang='grc' dir='ltr'>γὰρ,</span> <span class='ocrx_word' id='word_1_263' title='bbox 1159 3143 1239 3196; x_wconf 86' lang='grc' dir='ltr'>ὄτι</span> <span class='ocrx_word' id='word_1_264' title='bbox 1265 3144 1326 3197; x_wconf 89' lang='grc' dir='ltr'>οὑ</span> <span class='ocrx_word' id='word_1_265' title='bbox 1381 3144 1524 3213; x_wconf 86' lang='grc' dir='ltr'>λόγοι</span> <span class='ocrx_word' id='word_1_266' title='bbox 1566 3145 1685 3199; x_wconf 84' lang='grc' dir='ltr'>οὑδὲ</span> <span class='ocrx_word' id='word_1_267' title='bbox 1734 3145 1921 3216; x_wconf 83' lang='grc' dir='ltr'>ἀπάτη</span> 
     </span>
    </p>
   </div>
   <div class='ocr_carea' id='block_1_33' title="bbox 241 3224 1917 3305">
    <p class='ocr_par' dir='ltr' id='par_1_33' title="bbox 241 3224 1917 3305">
     <span class='ocr_line' id='line_1_33' title="bbox 241 3224 1917 3305; baseline 0.005 -27"><span class='ocrx_word' id='word_1_268' title='bbox 241 3231 445 3286; x_wconf 77' lang='grc' dir='ltr'>ταῦτα,</span> <span class='ocrx_word' id='word_1_269' title='bbox 506 3228 648 3299; x_wconf 83' lang='grc' dir='ltr'>Ὅρα</span> <span class='ocrx_word' id='word_1_270' title='bbox 695 3229 859 3283; x_wconf 87' lang='grc' dir='ltr'>πόσον</span> <span class='ocrx_word' id='word_1_271' title='bbox 906 3229 1087 3302; x_wconf 74' lang='grc' dir='ltr'>ἔρωτα</span> <span class='ocrx_word' id='word_1_272' title='bbox 1134 3224 1246 3300; x_wconf 77' lang='grc' dir='ltr'>εἶχε</span> <span class='ocrx_word' id='word_1_273' title='bbox 1289 3228 1634 3295; x_wconf 82' lang='grc' dir='ltr'>διδασκαλίας</span> <span class='ocrx_word' id='word_1_274' title='bbox 1669 3234 1727 3285; x_wconf 89' lang='grc' dir='ltr'>ἐν</span> <span class='ocrx_word' id='word_1_275' title='bbox 1774 3233 1917 3305; x_wconf 80' lang='grc' dir='ltr'>ἀρχῇ</span> 
     </span>
    </p>
   </div>
   <div class='ocr_carea' id='block_1_34' title="bbox 241 3312 1920 3392">
    <p class='ocr_par' dir='ltr' id='par_1_34' title="bbox 241 3312 1920 3392">
     <span class='ocr_line' id='line_1_34' title="bbox 241 3312 1920 3392; baseline 0.002 -21"><span class='ocrx_word' id='word_1_276' title='bbox 241 3316 309 3371; x_wconf 81' lang='grc' dir='ltr'>ὣν</span> <span class='ocrx_word' id='word_1_277' title='bbox 344 3314 623 3390; x_wconf 82' lang='grc' dir='ltr'>τοσαύτῃ.</span> <span class='ocrx_word' id='word_1_278' title='bbox 651 3315 763 3369; x_wconf 91' lang='grc' dir='ltr'>Οὑκ</span> <span class='ocrx_word' id='word_1_279' title='bbox 788 3312 907 3370; x_wconf 78' lang='grc' dir='ltr'>εἷπε</span> <span class='ocrx_word' id='word_1_280' title='bbox 941 3316 1076 3388; x_wconf 85' lang='grc' dir='ltr'>πρὸς</span> <span class='ocrx_word' id='word_1_281' title='bbox 1121 3319 1305 3383; x_wconf 78' lang='grc' dir='ltr'>αὑτὸν,</span> <span class='ocrx_word' id='word_1_282' title='bbox 1339 3319 1412 3371; x_wconf 84' lang='grc' dir='ltr'>οὑ</span> <span class='ocrx_word' id='word_1_283' title='bbox 1456 3318 1641 3392; x_wconf 79' lang='grc' dir='ltr'>παύσῃ</span> <span class='ocrx_word' id='word_1_284' title='bbox 1671 3319 1920 3392; x_wconf 84' lang='grc' dir='ltr'>διαστρέ-</span> 
     </span>
    </p>
   </div>
   <div class='ocr_carea' id='block_1_35' title="bbox 241 3402 1918 3474">
    <p class='ocr_par' dir='ltr' id='par_1_35' title="bbox 241 3402 1918 3474">
     <span class='ocr_line' id='line_1_35' title="bbox 241 3402 1918 3474; baseline 0.002 -15"><span class='ocrx_word' id='word_1_285' title='bbox 241 3422 351 3473; x_wconf 86' lang='grc' dir='ltr'>φων</span> <span class='ocrx_word' id='word_1_286' title='bbox 383 3406 489 3461; x_wconf 74' lang='grc' dir='ltr'>τὸν</span> <span class='ocrx_word' id='word_1_287' title='bbox 523 3402 849 3457; x_wconf 86' lang='grc' dir='ltr'>ἀνθύπατον·</span> <span class='ocrx_word' id='word_1_288' title='bbox 884 3404 1041 3468; x_wconf 79' lang='grc' dir='ltr'>ἀλλὰ,</span> <span class='ocrx_word' id='word_1_289' title='bbox 1077 3408 1187 3470; x_wconf 75' lang='grc' dir='ltr'>Τὰς</span> <span class='ocrx_word' id='word_1_290' title='bbox 1212 3404 1391 3470; x_wconf 80' lang='grc' dir='ltr'>ὀδοὺς</span> <span class='ocrx_word' id='word_1_291' title='bbox 1419 3407 1664 3474; x_wconf 84' lang='grc' dir='ltr'>Κυρίου,</span> <span class='ocrx_word' id='word_1_292' title='bbox 1702 3407 1731 3461; x_wconf 85' lang='grc' dir='ltr'>δ</span> <span class='ocrx_word' id='word_1_293' title='bbox 1756 3409 1918 3464; x_wconf 80' lang='grc' dir='ltr'>πλέον</span> 
     </span>
    </p>
   </div>
   <div class='ocr_carea' id='block_1_36' title="bbox 239 3488 1917 3570">
    <p class='ocr_par' dir='ltr' id='par_1_36' title="bbox 239 3488 1917 3570">
     <span class='ocr_line' id='line_1_36' title="bbox 239 3488 1917 3570; baseline 0.003 -26"><span class='ocrx_word' id='word_1_294' title='bbox 239 3488 322 3564; x_wconf 82' lang='grc' dir='ltr'>ἦν·</span> <span class='ocrx_word' id='word_1_295' title='bbox 348 3494 443 3547; x_wconf 81' lang='grc' dir='ltr'>ἵνα</span> <span class='ocrx_word' id='word_1_296' title='bbox 475 3492 556 3564; x_wconf 85' lang='grc' dir='ltr'>μὴ</span> <span class='ocrx_word' id='word_1_297' title='bbox 590 3491 718 3564; x_wconf 79' lang='grc' dir='ltr'>δόξῃ</span> <span class='ocrx_word' id='word_1_298' title='bbox 762 3491 1098 3546; x_wconf 79' lang='grc' dir='ltr'>κολακεύειν.</span> <span class='ocrx_word' id='word_1_299' title='bbox 1133 3493 1198 3545; x_wconf 90' lang='grc' dir='ltr'>Τί</span> <span class='ocrx_word' id='word_1_300' title='bbox 1229 3494 1425 3564; x_wconf 86' lang='grc' dir='ltr'>δήποτε</span> <span class='ocrx_word' id='word_1_301' title='bbox 1467 3495 1526 3549; x_wconf 75' lang='grc' dir='ltr'>δὲ</span> <span class='ocrx_word' id='word_1_302' title='bbox 1579 3498 1608 3550; x_wconf 90' lang='lat'>6</span> <span class='ocrx_word' id='word_1_303' title='bbox 1666 3498 1917 3570; x_wconf 81' lang='grc' dir='ltr'>Ἰωάννης</span> 
     </span>
    </p>
   </div>
   <div class='ocr_carea' id='block_1_37' title="bbox 241 3580 1917 3655">
    <p class='ocr_par' dir='ltr' id='par_1_37' title="bbox 241 3580 1917 3655">
     <span class='ocr_line' id='line_1_37' title="bbox 241 3580 1917 3655; baseline 0.003 -20"><span class='ocrx_word' id='word_1_304' title='bbox 241 3583 529 3653; x_wconf 81' lang='grc' dir='ltr'>ἀναχωρεῖ</span> <span class='ocrx_word' id='word_1_305' title='bbox 559 3581 653 3634; x_wconf 80' lang='grc' dir='ltr'>ἀπ’</span> <span class='ocrx_word' id='word_1_306' title='bbox 678 3580 892 3644; x_wconf 82' lang='grc' dir='ltr'>αὑτῶνς</span> <span class='ocrx_word' id='word_1_307' title='bbox 940 3580 1222 3649; x_wconf 78' lang='grc' dir='ltr'>Ἰωάννης</span> <span class='ocrx_word' id='word_1_308' title='bbox 1276 3581 1406 3653; x_wconf 82' lang='grc' dir='ltr'>γάρ,</span> <span class='ocrx_word' id='word_1_309' title='bbox 1467 3584 1654 3655; x_wconf 74' lang='grc' dir='ltr'>φησὶν,</span> <span class='ocrx_word' id='word_1_310' title='bbox 1684 3586 1917 3653; x_wconf 82' lang='grc' dir='ltr'>ἀποχω-</span> 
     </span>
    </p>
   </div>
   <div class='ocr_carea' id='block_1_38' title="bbox 233 3665 1917 3741">
    <p class='ocr_par' dir='ltr' id='par_1_38' title="bbox 233 3665 1917 3741">
     <span class='ocr_line' id='line_1_38' title="bbox 233 3665 1917 3741; baseline 0.004 -20"><span class='ocrx_word' id='word_1_311' title='bbox 233 3666 433 3734; x_wconf 75' lang='grc' dir='ltr'>ρήσας</span> <span class='ocrx_word' id='word_1_312' title='bbox 462 3668 574 3722; x_wconf 75' lang='grc' dir='ltr'>ἀπ’</span> <span class='ocrx_word' id='word_1_313' title='bbox 601 3665 821 3730; x_wconf 82' lang='grc' dir='ltr'>αὐτῶν,</span> <span class='ocrx_word' id='word_1_314' title='bbox 842 3666 1227 3736; x_wconf 73' lang='grc' dir='ltr'>ὑπέστρεψεν</span> <span class='ocrx_word' id='word_1_315' title='bbox 1250 3673 1338 3735; x_wconf 81' lang='grc' dir='ltr'>είς</span> <span class='ocrx_word' id='word_1_316' title='bbox 1386 3670 1793 3741; x_wconf 77' lang='grc' dir='ltr'>Ἰεροσόλυμα·</span> <span class='ocrx_word' id='word_1_317' title='bbox 1820 3672 1917 3727; x_wconf 63' lang='lat' dir='ltr'>an</span> 
     </span>
    </p>
   </div>
   <div class='ocr_carea' id='block_1_39' title="bbox 240 3754 1917 3830">
    <p class='ocr_par' dir='ltr' id='par_1_39' title="bbox 240 3754 1917 3830">
     <span class='ocr_line' id='line_1_39' title="bbox 240 3754 1917 3830; baseline 0.006 -25"><span class='ocrx_word' id='word_1_318' title='bbox 240 3754 329 3807; x_wconf 75' lang='grc' dir='ltr'>ἐπὶ</span> <span class='ocrx_word' id='word_1_319' title='bbox 386 3754 746 3826; x_wconf 83' lang='grc' dir='ltr'>μακροτέραν</span> <span class='ocrx_word' id='word_1_320' title='bbox 801 3754 990 3808; x_wconf 73' lang='grc' dir='ltr'>λοιπον</span> <span class='ocrx_word' id='word_1_321' title='bbox 1042 3756 1408 3827; x_wconf 82' lang='grc' dir='ltr'>στελλομένων</span> <span class='ocrx_word' id='word_1_322' title='bbox 1454 3758 1591 3810; x_wconf 83' lang='grc' dir='ltr'>ὁδόν·</span> <span class='ocrx_word' id='word_1_323' title='bbox 1645 3759 1823 3813; x_wconf 83' lang='grc' dir='ltr'>καίτοι</span> <span class='ocrx_word' id='word_1_324' title='bbox 1854 3778 1917 3830; x_wconf 88' lang='grc' dir='ltr'>γε</span> 
     </span>
    </p>
   </div>
   <div class='ocr_carea' id='block_1_40' title="bbox 240 3837 1919 3917">
    <p class='ocr_par' dir='ltr' id='par_1_40' title="bbox 240 3837 1919 3917">
     <span class='ocr_line' id='line_1_40' title="bbox 240 3837 1919 3917; baseline 0.006 -24"><span class='ocrx_word' id='word_1_325' title='bbox 240 3842 534 3914; x_wconf 75' lang='grc' dir='ltr'>ὑπηρέτης</span> <span class='ocrx_word' id='word_1_326' title='bbox 557 3844 766 3905; x_wconf 78' lang='grc' dir='ltr'>ἐκεῖνος</span> <span class='ocrx_word' id='word_1_327' title='bbox 792 3837 882 3913; x_wconf 82' lang='grc' dir='ltr'>ἦν,</span> <span class='ocrx_word' id='word_1_328' title='bbox 903 3843 1059 3896; x_wconf 76' lang='grc' dir='ltr'>αὑτοὶ</span> <span class='ocrx_word' id='word_1_329' title='bbox 1088 3843 1146 3896; x_wconf 82' lang='grc' dir='ltr'>δὲ</span> <span class='ocrx_word' id='word_1_330' title='bbox 1184 3844 1274 3896; x_wconf 75' lang='grc' dir='ltr'>τὸν</span> <span class='ocrx_word' id='word_1_331' title='bbox 1303 3844 1547 3898; x_wconf 87' lang='grc' dir='ltr'>κίνδυνον</span> <span class='ocrx_word' id='word_1_332' title='bbox 1581 3841 1750 3917; x_wconf 79' lang='grc' dir='ltr'>εἶχον.</span> <span class='ocrx_word' id='word_1_333' title='bbox 1804 3849 1919 3903; x_wconf 85' lang='grc' dir='ltr'>Πά-</span> 
     </span>
    </p>
   </div>
   <div class='ocr_carea' id='block_1_41' title="bbox 242 3926 1920 4004">
    <p class='ocr_par' dir='ltr' id='par_1_41' title="bbox 242 3926 1920 4004">
     <span class='ocr_line' id='line_1_41' title="bbox 242 3926 1920 4004; baseline 0.005 -24"><span class='ocrx_word' id='word_1_334' title='bbox 242 3926 321 3982; x_wconf 85' lang='grc' dir='ltr'>λιν</span> <span class='ocrx_word' id='word_1_335' title='bbox 355 3930 617 3993; x_wconf 73' lang='grc' dir='ltr'>ἐλθόντες</span> <span class='ocrx_word' id='word_1_336' title='bbox 651 3931 730 3994; x_wconf 84' lang='grc' dir='ltr'>εἰς</span> <span class='ocrx_word' id='word_1_337' title='bbox 782 3931 1024 4002; x_wconf 82' lang='grc' dir='ltr'>Πέργην,</span> <span class='ocrx_word' id='word_1_338' title='bbox 1059 3931 1461 4004; x_wconf 87' lang='grc' dir='ltr'>παρατρέχουσι</span> <span class='ocrx_word' id='word_1_339' title='bbox 1486 3934 1587 3998; x_wconf 74' lang='grc' dir='ltr'>τὰς</span> <span class='ocrx_word' id='word_1_340' title='bbox 1630 3934 1796 3999; x_wconf 81' lang='grc' dir='ltr'>ἀλλας</span> <span class='ocrx_word' id='word_1_341' title='bbox 1822 3937 1920 3989; x_wconf 86' lang='grc' dir='ltr'>πό-</span> 
     </span>
    </p>
   </div>
   <div class='ocr_carea' id='block_1_42' title="bbox 241 4015 1920 4094">
    <p class='ocr_par' dir='ltr' id='par_1_42' title="bbox 241 4015 1920 4094">
     <span class='ocr_line' id='line_1_42' title="bbox 241 4015 1920 4094; baseline 0.007 -27"><span class='ocrx_word' id='word_1_342' title='bbox 241 4015 369 4082; x_wconf 83' lang='grc' dir='ltr'>λεις·</span> <span class='ocrx_word' id='word_1_343' title='bbox 408 4020 509 4073; x_wconf 79' lang='grc' dir='ltr'>ἐπὶ</span> <span class='ocrx_word' id='word_1_344' title='bbox 568 4018 670 4090; x_wconf 82' lang='grc' dir='ltr'>τὴν</span> <span class='ocrx_word' id='word_1_345' title='bbox 723 4020 1057 4091; x_wconf 77' lang='grc' dir='ltr'>μητρόπολιν</span> <span class='ocrx_word' id='word_1_346' title='bbox 1098 4020 1207 4091; x_wconf 83' lang='grc' dir='ltr'>γὰρ</span> <span class='ocrx_word' id='word_1_347' title='bbox 1229 4021 1518 4090; x_wconf 76' lang='grc' dir='ltr'>ἠπείγοντο</span> <span class='ocrx_word' id='word_1_348' title='bbox 1555 4022 1654 4094; x_wconf 82' lang='grc' dir='ltr'>τὴν</span> <span class='ocrx_word' id='word_1_349' title='bbox 1716 4024 1920 4079; x_wconf 78' lang='grc' dir='ltr'>Ἀντιό-</span> 
     </span>
    </p>
   </div>
   <div class='ocr_carea' id='block_1_43' title="bbox 243 4106 1919 4182">
    <p class='ocr_par' dir='ltr' id='par_1_43' title="bbox 243 4106 1919 4182">
     <span class='ocr_line' id='line_1_43' title="bbox 243 4106 1919 4182; baseline 0.007 -24"><span class='ocrx_word' id='word_1_350' title='bbox 243 4122 414 4173; x_wconf 75' lang='grc' dir='ltr'>χεπαν.</span> <span class='ocrx_word' id='word_1_351' title='bbox 450 4107 569 4161; x_wconf 83' lang='lat' dir='ltr'><strong><em>Kal</em></strong></span> <span class='ocrx_word' id='word_1_352' title='bbox 599 4107 700 4178; x_wconf 87' lang='grc' dir='ltr'>δρα</span> <span class='ocrx_word' id='word_1_353' title='bbox 726 4108 845 4169; x_wconf 86' lang='grc' dir='ltr'>πῶς</span> <span class='ocrx_word' id='word_1_354' title='bbox 871 4106 1229 4177; x_wconf 75' lang='grc' dir='ltr'>ὑποτέμνεται</span> <span class='ocrx_word' id='word_1_355' title='bbox 1254 4109 1285 4161; x_wconf 93' lang='lat'>6</span> <span class='ocrx_word' id='word_1_356' title='bbox 1331 4112 1698 4182; x_wconf 83' lang='grc' dir='ltr'>συγγραφεύς.</span> <span class='ocrx_word' id='word_1_357' title='bbox 1751 4112 1919 4168; x_wconf 75' lang='grc' dir='ltr'>Ἐκά-</span> 
     </span>
    </p>
   </div>
   <div class='ocr_carea' id='block_1_44' title="bbox 242 4191 1921 4270">
    <p class='ocr_par' dir='ltr' id='par_1_44' title="bbox 242 4191 1921 4270">
     <span class='ocr_line' id='line_1_44' title="bbox 242 4191 1921 4270; baseline 0.006 -25"><span class='ocrx_word' id='word_1_358' title='bbox 242 4195 422 4247; x_wconf 76' lang='grc' dir='ltr'>θισαν</span> <span class='ocrx_word' id='word_1_359' title='bbox 453 4196 529 4249; x_wconf 81' lang='grc' dir='ltr'>ἐν</span> <span class='ocrx_word' id='word_1_360' title='bbox 582 4191 663 4262; x_wconf 76' lang='grc' dir='ltr'>τῇ</span> <span class='ocrx_word' id='word_1_361' title='bbox 707 4192 1053 4263; x_wconf 73' lang='grc' dir='ltr'>συναγωγῇ,</span> <span class='ocrx_word' id='word_1_362' title='bbox 1107 4195 1261 4267; x_wconf 72' lang='grc' dir='ltr'>φησὶ,</span> <span class='ocrx_word' id='word_1_363' title='bbox 1301 4197 1398 4250; x_wconf 78' lang='grc' dir='ltr'>καί</span> <span class='ocrx_word' id='word_1_364' title='bbox 1454 4197 1528 4266; x_wconf 72' lang='grc' dir='ltr'>τῇ</span> <span class='ocrx_word' id='word_1_365' title='bbox 1575 4198 1766 4270; x_wconf 73' lang='grc' dir='ltr'>ἡμέρᾳ.</span> <span class='ocrx_word' id='word_1_366' title='bbox 1801 4200 1921 4254; x_wconf 77' lang='grc' dir='ltr'>τῶν</span> 
     </span>
    </p>
   </div>
   <div class='ocr_carea' id='block_1_45' title="bbox 243 4280 1920 4358">
    <p class='ocr_par' dir='ltr' id='par_1_45' title="bbox 243 4280 1920 4358">
     <span class='ocr_line' id='line_1_45' title="bbox 243 4280 1920 4358; baseline 0.005 -25"><span class='ocrx_word' id='word_1_367' title='bbox 243 4283 579 4336; x_wconf 78' lang='grc' dir='ltr'>σαϐϐάτων·</span> <span class='ocrx_word' id='word_1_368' title='bbox 611 4280 752 4335; x_wconf 83' lang='grc' dir='ltr'>ὥστε</span> <span class='ocrx_word' id='word_1_369' title='bbox 775 4281 1196 4353; x_wconf 86' lang='grc' dir='ltr'>προοδοποιῆσαι</span> <span class='ocrx_word' id='word_1_370' title='bbox 1224 4282 1300 4354; x_wconf 84' lang='grc' dir='ltr'>τῷ</span> <span class='ocrx_word' id='word_1_371' title='bbox 1319 4283 1480 4356; x_wconf 84' lang='grc' dir='ltr'>λόγῳ.</span> <span class='ocrx_word' id='word_1_372' title='bbox 1515 4287 1624 4340; x_wconf 80' lang='lat' dir='ltr'>Kal</span> <span class='ocrx_word' id='word_1_373' title='bbox 1669 4288 1733 4340; x_wconf 82' lang='grc' dir='ltr'>οὑ</span> <span class='ocrx_word' id='word_1_374' title='bbox 1768 4287 1920 4358; x_wconf 87' lang='grc' dir='ltr'>πρῶ-</span> 
     </span>
    </p>
   </div>
   <div class='ocr_carea' id='block_1_46' title="bbox 241 4370 1919 4445">
    <p class='ocr_par' dir='ltr' id='par_1_46' title="bbox 241 4370 1919 4445">
     <span class='ocr_line' id='line_1_46' title="bbox 241 4370 1919 4445; baseline 0.004 -22"><span class='ocrx_word' id='word_1_375' title='bbox 241 4385 319 4426; x_wconf 89' lang='grc' dir='ltr'>τοι</span> <span class='ocrx_word' id='word_1_376' title='bbox 352 4370 514 4445; x_wconf 72' lang='lat'>[2‘33]</span> <span class='ocrx_word' id='word_1_377' title='bbox 571 4371 845 4440; x_wconf 88' lang='grc' dir='ltr'>λέγουσιν,</span> <span class='ocrx_word' id='word_1_378' title='bbox 896 4370 1011 4426; x_wconf 87' lang='grc' dir='ltr'>ἀλλ’</span> <span class='ocrx_word' id='word_1_379' title='bbox 1045 4373 1456 4443; x_wconf 85' lang='grc' dir='ltr'>ἐπιτραπέντες,</span> <span class='ocrx_word' id='word_1_380' title='bbox 1491 4375 1587 4429; x_wconf 83' lang='grc' dir='ltr'>ἆτε</span> <span class='ocrx_word' id='word_1_381' title='bbox 1615 4375 1690 4433; x_wconf 77' lang='grc' dir='ltr'>ὡς</span> <span class='ocrx_word' id='word_1_382' title='bbox 1736 4375 1919 4441; x_wconf 76' lang='grc' dir='ltr'>ξένους</span> 
     </span>
    </p>
   </div>
   <div class='ocr_carea' id='block_1_47' title="bbox 242 4458 1920 4531">
    <p class='ocr_par' dir='ltr' id='par_1_47' title="bbox 242 4458 1920 4531">
     <span class='ocr_line' id='line_1_47' title="bbox 242 4458 1920 4531; baseline 0.005 -23"><span class='ocrx_word' id='word_1_383' title='bbox 242 4460 711 4528; x_wconf 86' lang='grc' dir='ltr'>προσεκαλοῦντο.</span> <span class='ocrx_word' id='word_1_384' title='bbox 748 4459 811 4513; x_wconf 77' lang='lat' dir='ltr'><strong><em>El</em></strong></span> <span class='ocrx_word' id='word_1_385' title='bbox 840 4458 917 4531; x_wconf 79' lang='grc' dir='ltr'>μὴ</span> <span class='ocrx_word' id='word_1_386' title='bbox 961 4459 1314 4531; x_wconf 81' lang='grc' dir='ltr'>περιέμειναν</span> <span class='ocrx_word' id='word_1_387' title='bbox 1342 4459 1420 4525; x_wconf 83' lang='grc' dir='ltr'>δὲ,</span> <span class='ocrx_word' id='word_1_388' title='bbox 1466 4463 1566 4514; x_wconf 90' lang='grc' dir='ltr'>οὑκ</span> <span class='ocrx_word' id='word_1_389' title='bbox 1603 4461 1669 4516; x_wconf 83' lang='grc' dir='ltr'>ἂν</span> <span class='ocrx_word' id='word_1_390' title='bbox 1703 4463 1920 4530; x_wconf 84' lang='grc' dir='ltr'>ἐγένετο</span> 
     </span>
    </p>
   </div>
   <div class='ocr_carea' id='block_1_48' title="bbox 242 4544 1923 4623">
    <p class='ocr_par' dir='ltr' id='par_1_48' title="bbox 242 4544 1923 4623">
     <span class='ocr_line' id='line_1_48' title="bbox 242 4544 1923 4623; baseline 0.004 -26"><span class='ocrx_word' id='word_1_391' title='bbox 242 4544 415 4616; x_wconf 83' lang='grc' dir='ltr'>λόγος.</span> <span class='ocrx_word' id='word_1_392' title='bbox 489 4546 764 4603; x_wconf 77' lang='grc' dir='ltr'>Ἐνταῦθα</span> <span class='ocrx_word' id='word_1_393' title='bbox 819 4548 1032 4619; x_wconf 83' lang='grc' dir='ltr'>πρῶτον</span> <span class='ocrx_word' id='word_1_394' title='bbox 1086 4546 1349 4619; x_wconf 77' lang='grc' dir='ltr'>κηρύττει</span> <span class='ocrx_word' id='word_1_395' title='bbox 1408 4548 1639 4612; x_wconf 90' lang='grc' dir='ltr'>Παῦλος.</span> <span class='ocrx_word' id='word_1_396' title='bbox 1684 4551 1793 4604; x_wconf 81' lang='lat' dir='ltr'><strong><em>Kal</em></strong></span> <span class='ocrx_word' id='word_1_397' title='bbox 1817 4551 1923 4623; x_wconf 84' lang='grc' dir='ltr'>ὅρα</span> 
     </span>
    </p>
   </div>
   <div class='ocr_carea' id='block_1_49' title="bbox 245 4629 1917 4707">
    <p class='ocr_par' dir='ltr' id='par_1_49' title="bbox 245 4629 1917 4707">
     <span class='ocr_line' id='line_1_49' title="bbox 245 4629 1917 4707; baseline 0.004 -23"><span class='ocrx_word' id='word_1_398' title='bbox 245 4634 405 4689; x_wconf 87' lang='grc' dir='ltr'>αὑτοῦ</span> <span class='ocrx_word' id='word_1_399' title='bbox 458 4636 569 4707; x_wconf 75' lang='grc' dir='ltr'>τὴν</span> <span class='ocrx_word' id='word_1_400' title='bbox 622 4634 857 4688; x_wconf 83' lang='grc' dir='ltr'>σύνεσιν·</span> <span class='ocrx_word' id='word_1_401' title='bbox 886 4634 1015 4689; x_wconf 79' lang='grc' dir='ltr'>ἔνθα</span> <span class='ocrx_word' id='word_1_402' title='bbox 1042 4634 1142 4705; x_wconf 84' lang='grc' dir='ltr'>μὲν</span> <span class='ocrx_word' id='word_1_403' title='bbox 1167 4629 1235 4704; x_wconf 80' lang='grc' dir='ltr'>ἦν</span> <span class='ocrx_word' id='word_1_404' title='bbox 1279 4635 1725 4707; x_wconf 87' lang='grc' dir='ltr'>κατεσπαρμένος</span> <span class='ocrx_word' id='word_1_405' title='bbox 1754 4638 1783 4690; x_wconf 90' lang='grc' dir='ltr'>ό</span> <span class='ocrx_word' id='word_1_406' title='bbox 1828 4638 1917 4692; x_wconf 82' lang='grc' dir='ltr'>λό-</span> 
     </span>
    </p>
   </div>
   <div class='ocr_carea' id='block_1_50' title="bbox 245 4719 1921 4797">
    <p class='ocr_par' dir='ltr' id='par_1_50' title="bbox 245 4719 1921 4797">
     <span class='ocr_line' id='line_1_50' title="bbox 245 4719 1921 4797; baseline 0.002 -20"><span class='ocrx_word' id='word_1_407' title='bbox 245 4736 355 4789; x_wconf 84' lang='grc' dir='ltr'>γος,</span> <span class='ocrx_word' id='word_1_408' title='bbox 392 4722 767 4797; x_wconf 82' lang='grc' dir='ltr'>παρατρέχει·</span> <span class='ocrx_word' id='word_1_409' title='bbox 801 4722 931 4777; x_wconf 72' lang='grc' dir='ltr'>ἐνθα</span> <span class='ocrx_word' id='word_1_410' title='bbox 960 4722 1017 4776; x_wconf 83' lang='grc' dir='ltr'>δὲ</span> <span class='ocrx_word' id='word_1_411' title='bbox 1045 4722 1220 4787; x_wconf 75' lang='grc' dir='ltr'>οὐδεὶς</span> <span class='ocrx_word' id='word_1_412' title='bbox 1245 4719 1335 4794; x_wconf 79' lang='grc' dir='ltr'>ἦν,</span> <span class='ocrx_word' id='word_1_413' title='bbox 1367 4723 1690 4795; x_wconf 81' lang='grc' dir='ltr'>ἐνδιατρίϐει</span> <span class='ocrx_word' id='word_1_414' title='bbox 1737 4726 1921 4792; x_wconf 83' lang='grc' dir='ltr'>καθὼς</span> 
     </span>
    </p>
   </div>
   <div class='ocr_carea' id='block_1_51' title="bbox 244 4810 1921 4883">
    <p class='ocr_par' dir='ltr' id='par_1_51' title="bbox 244 4810 1921 4883">
     <span class='ocr_line' id='line_1_51' title="bbox 244 4810 1921 4883; baseline 0.006 -23"><span class='ocrx_word' id='word_1_415' title='bbox 244 4810 335 4864; x_wconf 75' lang='grc' dir='ltr'>καὶ</span> <span class='ocrx_word' id='word_1_416' title='bbox 374 4812 547 4876; x_wconf 87' lang='grc' dir='ltr'>αὑτός</span> <span class='ocrx_word' id='word_1_417' title='bbox 618 4828 752 4882; x_wconf 86' lang='grc' dir='ltr'>φησι</span> <span class='ocrx_word' id='word_1_418' title='bbox 797 4811 1048 4883; x_wconf 87' lang='grc' dir='ltr'>γράφων·</span> <span class='ocrx_word' id='word_1_419' title='bbox 1111 4812 1275 4865; x_wconf 80' lang='grc' dir='ltr'>Οὕτω</span> <span class='ocrx_word' id='word_1_420' title='bbox 1306 4811 1374 4865; x_wconf 83' lang='grc' dir='ltr'>δὲ</span> <span class='ocrx_word' id='word_1_421' title='bbox 1424 4815 1921 4883; x_wconf 65' lang='grc' dir='ltr'>φιλοτιμούμενος</span> 
     </span>
    </p>
   </div>
   <div class='ocr_carea' id='block_1_52' title="bbox 245 4894 1922 4968">
    <p class='ocr_par' dir='ltr' id='par_1_52' title="bbox 245 4894 1922 4968">
     <span class='ocr_line' id='line_1_52' title="bbox 245 4894 1922 4968; baseline 0.005 -21"><span class='ocrx_word' id='word_1_422' title='bbox 245 4897 763 4968; x_wconf 72' lang='grc' dir='ltr'>εὐαγγελίζεσθαι,</span> <span class='ocrx_word' id='word_1_423' title='bbox 793 4901 906 4966; x_wconf 79' lang='grc' dir='ltr'>οὐχ</span> <span class='ocrx_word' id='word_1_424' title='bbox 946 4894 1097 4951; x_wconf 80' lang='grc' dir='ltr'>ὅπου</span> <span class='ocrx_word' id='word_1_425' title='bbox 1129 4897 1449 4968; x_wconf 80' lang='grc' dir='ltr'>ὠνομάσθη</span> <span class='ocrx_word' id='word_1_426' title='bbox 1477 4901 1746 4968; x_wconf 83' lang='grc' dir='ltr'>Χριστός.</span> <span class='ocrx_word' id='word_1_427' title='bbox 1806 4902 1922 4956; x_wconf 83' lang='grc' dir='ltr'>Ἀν-</span> 
     </span>
    </p>
   </div>
   <div class='ocr_carea' id='block_1_53' title="bbox 244 4981 1920 5063">
    <p class='ocr_par' dir='ltr' id='par_1_53' title="bbox 244 4981 1920 5063">
     <span class='ocr_line' id='line_1_53' title="bbox 244 4981 1920 5063; baseline 0.004 -28"><span class='ocrx_word' id='word_1_428' title='bbox 244 4981 420 5054; x_wconf 85' lang='grc' dir='ltr'>δρείας</span> <span class='ocrx_word' id='word_1_429' title='bbox 445 4987 507 5040; x_wconf 80' lang='grc' dir='ltr'>δὲ</span> <span class='ocrx_word' id='word_1_430' title='bbox 548 4981 627 5057; x_wconf 78' lang='grc' dir='ltr'>ἧν</span> <span class='ocrx_word' id='word_1_431' title='bbox 669 4987 765 5039; x_wconf 78' lang='grc' dir='ltr'>καὶ</span> <span class='ocrx_word' id='word_1_432' title='bbox 813 4984 972 5038; x_wconf 89' lang='grc' dir='ltr'>τοῦτο</span> <span class='ocrx_word' id='word_1_433' title='bbox 1019 4986 1239 5056; x_wconf 81' lang='grc' dir='ltr'>πολλῆς.</span> <span class='ocrx_word' id='word_1_434' title='bbox 1271 4990 1475 5050; x_wconf 83' lang='grc' dir='ltr'>Ὄντως</span> <span class='ocrx_word' id='word_1_435' title='bbox 1505 4991 1569 5041; x_wconf 89' lang='grc' dir='ltr'>ἐκ</span> <span class='ocrx_word' id='word_1_436' title='bbox 1622 4988 1920 5063; x_wconf 84' lang='grc' dir='ltr'>προοιμίων</span> 
     </span>
    </p>
   </div>
   <div class='ocr_carea' id='block_1_54' title="bbox 247 5068 1921 5149">
    <p class='ocr_par' dir='ltr' id='par_1_54' title="bbox 247 5068 1921 5149">
     <span class='ocr_line' id='line_1_54' title="bbox 247 5068 1921 5149; baseline 0.007 -28"><span class='ocrx_word' id='word_1_437' title='bbox 247 5068 565 5143; x_wconf 82' lang='grc' dir='ltr'>θαυμαστὸς</span> <span class='ocrx_word' id='word_1_438' title='bbox 624 5074 655 5127; x_wconf 89' lang='grc' dir='ltr'>ό</span> <span class='ocrx_word' id='word_1_439' title='bbox 718 5074 879 5144; x_wconf 85' lang='grc' dir='ltr'>ἀνήρ·</span> <span class='ocrx_word' id='word_1_440' title='bbox 929 5074 1363 5144; x_wconf 81' lang='grc' dir='ltr'>ἐσταυρωμένος,</span> <span class='ocrx_word' id='word_1_441' title='bbox 1416 5078 1921 5149; x_wconf 78' lang='grc' dir='ltr'>παρατεταγμένος,</span> 
     </span>
    </p>
   </div>
   <div class='ocr_carea' id='block_1_55' title="bbox 246 5158 1922 5237">
    <p class='ocr_par' dir='ltr' id='par_1_55' title="bbox 246 5158 1922 5237">
     <span class='ocr_line' id='line_1_55' title="bbox 246 5158 1922 5237; baseline 0.004 -24"><span class='ocrx_word' id='word_1_442' title='bbox 246 5158 359 5230; x_wconf 65' lang='grc' dir='ltr'>ᾔδει</span> <span class='ocrx_word' id='word_1_443' title='bbox 393 5166 579 5234; x_wconf 81' lang='grc' dir='ltr'>πόσης</span> <span class='ocrx_word' id='word_1_444' title='bbox 603 5162 883 5216; x_wconf 84' lang='grc' dir='ltr'>ἀπέλαυσε</span> <span class='ocrx_word' id='word_1_445' title='bbox 911 5162 1152 5234; x_wconf 76' lang='grc' dir='ltr'>χάριτος·</span> <span class='ocrx_word' id='word_1_446' title='bbox 1180 5164 1503 5235; x_wconf 80' lang='grc' dir='ltr'>ἀντίρροπον</span> <span class='ocrx_word' id='word_1_447' title='bbox 1542 5168 1800 5237; x_wconf 78' lang='grc' dir='ltr'>εἰσήγαγε</span> <span class='ocrx_word' id='word_1_448' title='bbox 1820 5166 1922 5237; x_wconf 84' lang='grc' dir='ltr'>τὴν</span> 
     </span>
    </p>
   </div>
   <div class='ocr_carea' id='block_1_56' title="bbox 250 5244 1920 5324">
    <p class='ocr_par' dir='ltr' id='par_1_56' title="bbox 250 5244 1920 5324">
     <span class='ocr_line' id='line_1_56' title="bbox 250 5244 1920 5324; baseline 0.006 -26"><span class='ocrx_word' id='word_1_449' title='bbox 250 5250 509 5322; x_wconf 86' lang='grc' dir='ltr'>σπουδήν.</span> <span class='ocrx_word' id='word_1_450' title='bbox 540 5250 665 5303; x_wconf 84' lang='grc' dir='ltr'>Οὑκ</span> <span class='ocrx_word' id='word_1_451' title='bbox 711 5248 960 5321; x_wconf 85' lang='grc' dir='ltr'>ὠργίσθη</span> <span class='ocrx_word' id='word_1_452' title='bbox 991 5248 1128 5319; x_wconf 81' lang='grc' dir='ltr'>πρὸς</span> <span class='ocrx_word' id='word_1_453' title='bbox 1167 5249 1439 5320; x_wconf 79' lang='grc' dir='ltr'>Ἰωάννην·</span> <span class='ocrx_word' id='word_1_454' title='bbox 1471 5252 1530 5305; x_wconf 88' lang='grc' dir='ltr'>οὑ</span> <span class='ocrx_word' id='word_1_455' title='bbox 1573 5244 1683 5324; x_wconf 81' lang='grc' dir='ltr'>γὰρ</span> <span class='ocrx_word' id='word_1_456' title='bbox 1730 5252 1920 5308; x_wconf 86' lang='grc' dir='ltr'>τούτου</span> 
     </span>
    </p>
   </div>
   <div class='ocr_carea' id='block_1_57' title="bbox 244 5328 1920 5413">
    <p class='ocr_par' dir='ltr' id='par_1_57' title="bbox 244 5328 1920 5413">
     <span class='ocr_line' id='line_1_57' title="bbox 244 5328 1920 5413; baseline 0.005 -26"><span class='ocrx_word' id='word_1_457' title='bbox 244 5328 331 5406; x_wconf 80' lang='grc' dir='ltr'>ἦν·</span> <span class='ocrx_word' id='word_1_458' title='bbox 360 5337 502 5392; x_wconf 81' lang='grc' dir='ltr'>άλλά</span> <span class='ocrx_word' id='word_1_459' title='bbox 530 5336 638 5391; x_wconf 86' lang='grc' dir='ltr'>τοῦ</span> <span class='ocrx_word' id='word_1_460' title='bbox 671 5337 833 5410; x_wconf 78' lang='grc' dir='ltr'>ἔργου</span> <span class='ocrx_word' id='word_1_461' title='bbox 864 5336 1059 5409; x_wconf 77' lang='grc' dir='ltr'>εἴχετο·</span> <span class='ocrx_word' id='word_1_462' title='bbox 1094 5337 1194 5391; x_wconf 84' lang='grc' dir='ltr'>οὑκ</span> <span class='ocrx_word' id='word_1_463' title='bbox 1226 5337 1536 5404; x_wconf 87' lang='grc' dir='ltr'>ἐδειλίασεν,</span> <span class='ocrx_word' id='word_1_464' title='bbox 1563 5342 1664 5394; x_wconf 86' lang='grc' dir='ltr'>οὑκ</span> <span class='ocrx_word' id='word_1_465' title='bbox 1683 5341 1920 5413; x_wconf 86' lang='grc' dir='ltr'>ἐφοϐήθη</span> 
     </span>
    </p>
   </div>
   <div class='ocr_carea' id='block_1_58' title="bbox 246 5423 1922 5500">
    <p class='ocr_par' dir='ltr' id='par_1_58' title="bbox 246 5423 1922 5500">
     <span class='ocr_line' id='line_1_58' title="bbox 246 5423 1922 5500; baseline 0.004 -24"><span class='ocrx_word' id='word_1_466' title='bbox 246 5423 301 5476; x_wconf 78' lang='grc' dir='ltr'>ἐν</span> <span class='ocrx_word' id='word_1_467' title='bbox 329 5426 484 5497; x_wconf 84' lang='grc' dir='ltr'>μέσῳ</span> <span class='ocrx_word' id='word_1_468' title='bbox 510 5425 760 5497; x_wconf 83' lang='grc' dir='ltr'>πλήθους</span> <span class='ocrx_word' id='word_1_469' title='bbox 789 5425 1221 5498; x_wconf 86' lang='grc' dir='ltr'>ἀπειλημμένος.</span> <span class='ocrx_word' id='word_1_470' title='bbox 1259 5424 1398 5499; x_wconf 88' lang='grc' dir='ltr'>Ὅρα</span> <span class='ocrx_word' id='word_1_471' title='bbox 1419 5426 1537 5490; x_wconf 84' lang='grc' dir='ltr'>πῶς</span> <span class='ocrx_word' id='word_1_472' title='bbox 1561 5428 1922 5500; x_wconf 75' lang='grc' dir='ltr'>οἰκονομεῖται</span> 
     </span>
    </p>
   </div>
   <div class='ocr_carea' id='block_1_59' title="bbox 245 5509 1924 5585">
    <p class='ocr_par' dir='ltr' id='par_1_59' title="bbox 245 5509 1924 5585">
     <span class='ocr_line' id='line_1_59' title="bbox 245 5509 1924 5585; baseline 0.005 -23"><span class='ocrx_word' id='word_1_473' title='bbox 245 5509 456 5568; x_wconf 78' lang='grc' dir='ltr'>Παῦλον</span> <span class='ocrx_word' id='word_1_474' title='bbox 481 5513 564 5585; x_wconf 83' lang='grc' dir='ltr'>μὴ</span> <span class='ocrx_word' id='word_1_475' title='bbox 595 5513 891 5584; x_wconf 79' lang='grc' dir='ltr'>κηρύττειν</span> <span class='ocrx_word' id='word_1_476' title='bbox 913 5514 971 5567; x_wconf 87' lang='grc' dir='ltr'>ἐν</span> <span class='ocrx_word' id='word_1_477' title='bbox 1016 5511 1427 5584; x_wconf 85' lang='grc' dir='ltr'>Ἰεροσολύμοις·</span> <span class='ocrx_word' id='word_1_478' title='bbox 1461 5513 1621 5584; x_wconf 81' lang='grc' dir='ltr'>ἀρκεῖ</span> <span class='ocrx_word' id='word_1_479' title='bbox 1648 5517 1742 5568; x_wconf 73' lang='grc' dir='ltr'>καὶ</span> <span class='ocrx_word' id='word_1_480' title='bbox 1765 5516 1924 5570; x_wconf 81' lang='grc' dir='ltr'>τοῦτο</span> 
     </span>
    </p>
   </div>
   <div class='ocr_carea' id='block_1_60' title="bbox 240 5599 1924 5671">
    <p class='ocr_par' dir='ltr' id='par_1_60' title="bbox 240 5599 1924 5671">
     <span class='ocr_line' id='line_1_60' title="bbox 240 5599 1924 5671; baseline 0.002 -18"><span class='ocrx_word' id='word_1_481' title='bbox 240 5599 407 5667; x_wconf 56' lang='grc' dir='ltr'>μόνον</span> <span class='ocrx_word' id='word_1_482' title='bbox 458 5602 526 5654; x_wconf 81' lang='grc' dir='ltr'>τὸ</span> <span class='ocrx_word' id='word_1_483' title='bbox 557 5600 820 5664; x_wconf 82' lang='grc' dir='ltr'>ἀκοῦσαι,</span> <span class='ocrx_word' id='word_1_484' title='bbox 853 5602 936 5655; x_wconf 81' lang='grc' dir='ltr'>ὅτι</span> <span class='ocrx_word' id='word_1_485' title='bbox 974 5602 1282 5655; x_wconf 84' lang='grc' dir='ltr'>ἐπίστευσε·</span> <span class='ocrx_word' id='word_1_486' title='bbox 1317 5599 1680 5671; x_wconf 83' lang='grc' dir='ltr'>κηρύττοντος</span> <span class='ocrx_word' id='word_1_487' title='bbox 1720 5602 1777 5656; x_wconf 82' lang='grc' dir='ltr'>δὲ</span> <span class='ocrx_word' id='word_1_488' title='bbox 1823 5605 1924 5658; x_wconf 90' lang='grc' dir='ltr'>οὑκ</span> 
     </span>
    </p>
   </div>
   <div class='ocr_carea' id='block_1_61' title="bbox 250 5684 1927 5760">
    <p class='ocr_par' dir='ltr' id='par_1_61' title="bbox 250 5684 1927 5760">
     <span class='ocr_line' id='line_1_61' title="bbox 250 5684 1927 5760; baseline 0.002 -20"><span class='ocrx_word' id='word_1_489' title='bbox 250 5684 311 5740; x_wconf 63' lang='grc' dir='ltr'>ἂν</span> <span class='ocrx_word' id='word_1_490' title='bbox 341 5689 653 5760; x_wconf 69' lang='grc' dir='ltr'>ἠνέσχοντο</span> <span class='ocrx_word' id='word_1_491' title='bbox 702 5688 789 5742; x_wconf 82' lang='grc' dir='ltr'>διὰ</span> <span class='ocrx_word' id='word_1_492' title='bbox 817 5689 877 5741; x_wconf 83' lang='grc' dir='ltr'>τὸ</span> <span class='ocrx_word' id='word_1_493' title='bbox 918 5692 1095 5759; x_wconf 84' lang='grc' dir='ltr'>μῖσος·</span> <span class='ocrx_word' id='word_1_494' title='bbox 1123 5688 1220 5742; x_wconf 77' lang='grc' dir='ltr'>καὶ</span> <span class='ocrx_word' id='word_1_495' title='bbox 1275 5688 1468 5760; x_wconf 80' lang='grc' dir='ltr'>τιόρρω</span> <span class='ocrx_word' id='word_1_496' title='bbox 1512 5687 1751 5752; x_wconf 76' lang='grc' dir='ltr'>ἄπεισιν,</span> <span class='ocrx_word' id='word_1_497' title='bbox 1798 5688 1927 5744; x_wconf 77' lang='grc' dir='ltr'>ἔνθα</span> 
     </span>
    </p>
   </div>
   <div class='ocr_carea' id='block_1_62' title="bbox 256 5770 1921 5849">
    <p class='ocr_par' dir='ltr' id='par_1_62' title="bbox 256 5770 1921 5849">
     <span class='ocr_line' id='line_1_62' title="bbox 256 5770 1921 5849; baseline 0.001 -21"><span class='ocrx_word' id='word_1_498' title='bbox 256 5775 526 5848; x_wconf 67' lang='grc' dir='ltr'>γνώριμος</span> <span class='ocrx_word' id='word_1_499' title='bbox 557 5776 667 5828; x_wconf 84' lang='grc' dir='ltr'>οὑκ</span> <span class='ocrx_word' id='word_1_500' title='bbox 693 5770 777 5849; x_wconf 80' lang='grc' dir='ltr'>ἦν.</span> <span class='ocrx_word' id='word_1_501' title='bbox 811 5776 1080 5847; x_wconf 80' lang='grc' dir='ltr'>Πρότερον</span> <span class='ocrx_word' id='word_1_502' title='bbox 1109 5776 1304 5847; x_wconf 81' lang='grc' dir='ltr'>ήλεγξε</span> <span class='ocrx_word' id='word_1_503' title='bbox 1331 5775 1422 5829; x_wconf 87' lang='grc' dir='ltr'><strong>τὸν</strong></span> <span class='ocrx_word' id='word_1_504' title='bbox 1460 5775 1633 5847; x_wconf 70' lang='grc' dir='ltr'>μάγον</span> <span class='ocrx_word' id='word_1_505' title='bbox 1655 5777 1800 5838; x_wconf 83' lang='grc' dir='ltr'>ὅστις</span> <span class='ocrx_word' id='word_1_506' title='bbox 1831 5771 1921 5848; x_wconf 78' lang='grc' dir='ltr'>ἦν·</span> 
     </span>
    </p>
   </div>
   <div class='ocr_carea' id='block_1_63' title="bbox 292 5930 1633 6016">
    <p class='ocr_par' dir='ltr' id='par_1_63' title="bbox 292 5930 1633 6016">
     <span class='ocr_line' id='line_1_63' title="bbox 292 5930 1633 6016; baseline 0 -16"><span class='ocrx_word' id='word_1_507' title='bbox 292 5951 319 5980; x_wconf 80' lang='grc'><strong><em>⁸</em></strong></span> <span class='ocrx_word' id='word_1_508' title='bbox 340 5948 484 6006; x_wconf 70' lang='lat' dir='ltr'>Hm.</span> <span class='ocrx_word' id='word_1_509' title='bbox 506 5930 771 5998; x_wconf 78' lang='grc' dir='ltr'>τα’›τα-...</span> <span class='ocrx_word' id='word_1_510' title='bbox 812 5947 904 6001; x_wconf 75' lang='grc' dir='ltr'>ὅτι.</span> <span class='ocrx_word' id='word_1_511' title='bbox 925 5949 1104 6003; x_wconf 72' lang='lat' dir='ltr'><strong>desunt</strong></span> <span class='ocrx_word' id='word_1_512' title='bbox 1125 5954 1174 6003; x_wconf 87' lang='lat' dir='ltr'><strong>in</strong></span> <span class='ocrx_word' id='word_1_513' title='bbox 1197 5950 1483 6016; x_wconf 73' lang='lat' dir='ltr'><strong>quibusdam</strong></span> <span class='ocrx_word' id='word_1_514' title='bbox 1518 5962 1633 6002; x_wconf 72' lang='lat' dir='ltr'>mas.</span> 
     </span>
    </p>
   </div>
   <div class='ocr_carea' id='block_1_64' title="bbox 1320 288 2763 354">
    <p class='ocr_par' dir='ltr' id='par_1_64' title="bbox 1320 288 2763 354">
     <span class='ocr_line' id='line_1_64' title="bbox 1320 288 2763 354; baseline 0.007 -10"><span class='ocrx_word' id='word_1_515' title='bbox 1320 290 1385 346; x_wconf 84' lang='lat' dir='ltr'>IN</span> <span class='ocrx_word' id='word_1_516' title='bbox 1426 290 1603 348; x_wconf 79' lang='lat' dir='ltr'><strong>ACTA</strong></span> <span class='ocrx_word' id='word_1_517' title='bbox 1643 288 2173 349; x_wconf 71' lang='lat' dir='ltr'>APOSTOLORUM.</span> <span class='ocrx_word' id='word_1_518' title='bbox 2215 291 2451 353; x_wconf 77' lang='lat' dir='ltr'>HOMlL.</span> <span class='ocrx_word' id='word_1_519' title='bbox 2528 295 2763 354; x_wconf 74' lang='lat' dir='ltr'>XXVIII.</span> 
     </span>
    </p>
   </div>
   <div class='ocr_carea' id='block_1_65' title="bbox 3570 300 3677 359">
    <p class='ocr_par' dir='ltr' id='par_1_65' title="bbox 3570 300 3677 359">
     <span class='ocr_line' id='line_1_65' title="bbox 3570 300 3677 359; baseline -0.037 0"><span class='ocrx_word' id='word_1_520' title='bbox 3570 300 3677 359; x_wconf 69' lang='grc'>212</span> 
     </span>
    </p>
   </div>
   <div class='ocr_carea' id='block_1_66' title="bbox 2019 412 3677 496">
    <p class='ocr_par' dir='ltr' id='par_1_66' title="bbox 2019 412 3677 496">
     <span class='ocr_line' id='line_1_66' title="bbox 2019 412 3677 496; baseline 0.01 -33"><span class='ocrx_word' id='word_1_521' title='bbox 2019 413 2111 465; x_wconf 75' lang='grc' dir='ltr'>καὶ</span> <span class='ocrx_word' id='word_1_522' title='bbox 2143 414 2224 466; x_wconf 87' lang='grc' dir='ltr'>ὄτι</span> <span class='ocrx_word' id='word_1_523' title='bbox 2250 414 2490 480; x_wconf 88' lang='grc' dir='ltr'>τοιοῦτος</span> <span class='ocrx_word' id='word_1_524' title='bbox 2520 412 2608 488; x_wconf 83' lang='grc' dir='ltr'>ἦν,</span> <span class='ocrx_word' id='word_1_525' title='bbox 2634 417 2695 471; x_wconf 72' lang='grc' dir='ltr'>τὸ</span> <span class='ocrx_word' id='word_1_526' title='bbox 2739 421 2962 489; x_wconf 88' lang='grc' dir='ltr'>σημεῖον</span> <span class='ocrx_word' id='word_1_527' title='bbox 2995 419 3222 476; x_wconf 82' lang='grc' dir='ltr'>ἐδείκνυ.</span> <span class='ocrx_word' id='word_1_528' title='bbox 3254 421 3364 494; x_wconf 76' lang='grc' dir='ltr'>Τῆς</span> <span class='ocrx_word' id='word_1_529' title='bbox 3394 423 3449 475; x_wconf 79' lang='grc' dir='ltr'>ἐν</span> <span class='ocrx_word' id='word_1_530' title='bbox 3478 427 3541 496; x_wconf 74' lang='grc' dir='ltr'>τῇ</span> <span class='ocrx_word' id='word_1_531' title='bbox 3571 425 3677 495; x_wconf 48' lang='lat'>60-</span> 
     </span>
    </p>
   </div>
   <div class='ocr_carea' id='block_1_67' title="bbox 2018 501 3678 580">
    <p class='ocr_par' dir='ltr' id='par_1_67' title="bbox 2018 501 3678 580">
     <span class='ocr_line' id='line_1_67' title="bbox 2018 501 3678 580; baseline 0.008 -27"><span class='ocrx_word' id='word_1_532' title='bbox 2018 501 2087 570; x_wconf 77' lang='grc' dir='ltr'>χῇ</span> <span class='ocrx_word' id='word_1_533' title='bbox 2121 501 2449 572; x_wconf 81' lang='grc' dir='ltr'>τυφλότητος</span> <span class='ocrx_word' id='word_1_534' title='bbox 2466 503 2624 558; x_wconf 88' lang='grc' dir='ltr'>τοῦτο</span> <span class='ocrx_word' id='word_1_535' title='bbox 2647 508 2872 576; x_wconf 87' lang='grc' dir='ltr'>σημεῖον</span> <span class='ocrx_word' id='word_1_536' title='bbox 2914 502 3003 577; x_wconf 80' lang='grc' dir='ltr'>ἦν·</span> <span class='ocrx_word' id='word_1_537' title='bbox 3038 506 3199 578; x_wconf 73' lang='grc' dir='ltr'>’Ἄχρι</span> <span class='ocrx_word' id='word_1_538' title='bbox 3248 509 3305 569; x_wconf 81' lang='grc' dir='ltr'>δὲ</span> <span class='ocrx_word' id='word_1_539' title='bbox 3334 512 3528 580; x_wconf 85' lang='grc' dir='ltr'>καιροῦ</span> <span class='ocrx_word' id='word_1_540' title='bbox 3570 514 3678 566; x_wconf 83' lang='grc' dir='ltr'>πά-</span> 
     </span>
    </p>
   </div>
   <div class='ocr_carea' id='block_1_68' title="bbox 2022 587 3680 668">
    <p class='ocr_par' dir='ltr' id='par_1_68' title="bbox 2022 587 3680 668">
     <span class='ocr_line' id='line_1_68' title="bbox 2022 587 3680 668; baseline 0.008 -30"><span class='ocrx_word' id='word_1_541' title='bbox 2022 603 2161 657; x_wconf 88' lang='grc' dir='ltr'>σχει,</span> <span class='ocrx_word' id='word_1_542' title='bbox 2183 587 2323 642; x_wconf 83' lang='grc' dir='ltr'>ὥστε</span> <span class='ocrx_word' id='word_1_543' title='bbox 2348 592 2701 661; x_wconf 82' lang='grc' dir='ltr'>μετανοῆσαι.</span> <span class='ocrx_word' id='word_1_544' title='bbox 2744 592 2937 657; x_wconf 82' lang='grc' dir='ltr'>Καλῶς</span> <span class='ocrx_word' id='word_1_545' title='bbox 2962 593 3017 646; x_wconf 83' lang='grc' dir='ltr'>δὲ</span> <span class='ocrx_word' id='word_1_546' title='bbox 3046 595 3121 664; x_wconf 83' lang='grc' dir='ltr'>τῷ</span> <span class='ocrx_word' id='word_1_547' title='bbox 3153 596 3405 667; x_wconf 82' lang='grc' dir='ltr'>σαϐϐάτῳ</span> <span class='ocrx_word' id='word_1_548' title='bbox 3429 598 3680 668; x_wconf 76' lang='grc' dir='ltr'>εἰσῆλθον</span> 
     </span>
    </p>
   </div>
   <div class='ocr_carea' id='block_1_69' title="bbox 2014 676 3677 754">
    <p class='ocr_par' dir='ltr' id='par_1_69' title="bbox 2014 676 3677 754">
     <span class='ocr_line' id='line_1_69' title="bbox 2014 676 3677 754; baseline 0.008 -28"><span class='ocrx_word' id='word_1_549' title='bbox 2014 676 2095 737; x_wconf 80' lang='grc' dir='ltr'>εἰς</span> <span class='ocrx_word' id='word_1_550' title='bbox 2144 676 2245 747; x_wconf 80' lang='grc' dir='ltr'>τὴν</span> <span class='ocrx_word' id='word_1_551' title='bbox 2303 678 2646 749; x_wconf 84' lang='grc' dir='ltr'>συναγωγὴν,</span> <span class='ocrx_word' id='word_1_552' title='bbox 2675 681 2763 733; x_wconf 83' lang='grc' dir='ltr'>ὅτε</span> <span class='ocrx_word' id='word_1_553' title='bbox 2807 681 3006 745; x_wconf 82' lang='grc' dir='ltr'>πάντες</span> <span class='ocrx_word' id='word_1_554' title='bbox 3055 678 3197 752; x_wconf 80' lang='grc' dir='ltr'>ἦσαν</span> <span class='ocrx_word' id='word_1_555' title='bbox 3252 686 3677 754; x_wconf 84' lang='grc' dir='ltr'>συνειλεγμένοι.</span> 
     </span>
    </p>
   </div>
   <div class='ocr_carea' id='block_1_70' title="bbox 2012 763 3680 843">
    <p class='ocr_par' dir='ltr' id='par_1_70' title="bbox 2012 763 3680 843">
     <span class='ocr_line' id='line_1_70' title="bbox 2012 763 3680 843; baseline 0.007 -27"><span class='ocrx_word' id='word_1_556' title='bbox 2012 763 2122 816; x_wconf 77' lang='grc' dir='ltr'>Καὶ</span> <span class='ocrx_word' id='word_1_557' title='bbox 2142 765 2293 833; x_wconf 83' lang='grc' dir='ltr'>μετὰ</span> <span class='ocrx_word' id='word_1_558' title='bbox 2317 765 2431 831; x_wconf 79' lang='grc' dir='ltr'>τὴν</span> <span class='ocrx_word' id='word_1_559' title='bbox 2456 764 2802 835; x_wconf 72' lang='grc' dir='ltr'>ἀνάγνωσιν</span> <span class='ocrx_word' id='word_1_560' title='bbox 2829 767 2936 821; x_wconf 86' lang='grc' dir='ltr'>τοῦ</span> <span class='ocrx_word' id='word_1_561' title='bbox 2952 767 3140 836; x_wconf 79' lang='grc' dir='ltr'>νόμου</span> <span class='ocrx_word' id='word_1_562' title='bbox 3171 770 3272 823; x_wconf 82' lang='grc' dir='ltr'>καὶ</span> <span class='ocrx_word' id='word_1_563' title='bbox 3303 770 3421 824; x_wconf 76' lang='grc' dir='ltr'>τῶν</span> <span class='ocrx_word' id='word_1_564' title='bbox 3450 787 3680 843; x_wconf 62' lang='grc' dir='ltr'>προφη-</span> 
     </span>
    </p>
   </div>
   <div class='ocr_carea' id='block_1_71' title="bbox 2012 850 3677 927">
    <p class='ocr_par' dir='ltr' id='par_1_71' title="bbox 2012 850 3677 927">
     <span class='ocr_line' id='line_1_71' title="bbox 2012 850 3677 927; baseline 0.007 -25"><span class='ocrx_word' id='word_1_565' title='bbox 2012 850 2149 916; x_wconf 74' lang='grc' dir='ltr'>τῶν,</span> <span class='ocrx_word' id='word_1_566' title='bbox 2182 852 2368 923; x_wconf 70' lang='grc' dir='ltr'>φησὶν,</span> <span class='ocrx_word' id='word_1_567' title='bbox 2385 852 2751 906; x_wconf 75' lang='grc' dir='ltr'>ἀπέστειλαν</span> <span class='ocrx_word' id='word_1_568' title='bbox 2777 853 3344 924; x_wconf 61' lang='grc' dir='ltr'>οὶάρχισυνάγωτοι,</span> <span class='ocrx_word' id='word_1_569' title='bbox 3373 856 3677 927; x_wconf 73' lang='grc' dir='ltr'>λέγοντες·</span> 
     </span>
    </p>
   </div>
   <div class='ocr_carea' id='block_1_72' title="bbox 2016 939 3679 1013">
    <p class='ocr_par' dir='ltr' id='par_1_72' title="bbox 2016 939 3679 1013">
     <span class='ocr_line' id='line_1_72' title="bbox 2016 939 3679 1013; baseline 0.002 -20"><span class='ocrx_word' id='word_1_570' title='bbox 2016 940 2257 1008; x_wconf 75' lang='grc' dir='ltr'>Ἄνδρες</span> <span class='ocrx_word' id='word_1_571' title='bbox 2279 939 2553 1008; x_wconf 66' lang='grc' dir='ltr'>ἀδελφοί,</span> <span class='ocrx_word' id='word_1_572' title='bbox 2589 943 2643 993; x_wconf 82' lang='grc' dir='ltr'>εί</span> <span class='ocrx_word' id='word_1_573' title='bbox 2687 940 2819 993; x_wconf 78' lang='grc' dir='ltr'>ἐστι</span> <span class='ocrx_word' id='word_1_574' title='bbox 2850 943 3032 1010; x_wconf 75' lang='grc' dir='ltr'>λόγος</span> <span class='ocrx_word' id='word_1_575' title='bbox 3078 943 3147 994; x_wconf 83' lang='grc' dir='ltr'>ἐν</span> <span class='ocrx_word' id='word_1_576' title='bbox 3173 942 3316 1010; x_wconf 84' lang='grc' dir='ltr'>ὑμῖν</span> <span class='ocrx_word' id='word_1_577' title='bbox 3367 946 3679 1013; x_wconf 77' lang='grc' dir='ltr'>παρακλή-</span> 
     </span>
    </p>
   </div>
   <div class='ocr_carea' id='block_1_73' title="bbox 2013 1026 3681 1100">
    <p class='ocr_par' dir='ltr' id='par_1_73' title="bbox 2013 1026 3681 1100">
     <span class='ocr_line' id='line_1_73' title="bbox 2013 1026 3681 1100; baseline 0.004 -20"><span class='ocrx_word' id='word_1_578' title='bbox 2013 1041 2166 1093; x_wconf 87' lang='grc' dir='ltr'>σεως</span> <span class='ocrx_word' id='word_1_579' title='bbox 2193 1026 2346 1093; x_wconf 79' lang='grc' dir='ltr'>πρὸς</span> <span class='ocrx_word' id='word_1_580' title='bbox 2370 1027 2479 1079; x_wconf 77' lang='grc' dir='ltr'>τὸν</span> <span class='ocrx_word' id='word_1_581' title='bbox 2505 1026 2677 1090; x_wconf 79' lang='grc' dir='ltr'>λαὸν,</span> <span class='ocrx_word' id='word_1_582' title='bbox 2721 1026 2948 1097; x_wconf 74' lang='grc' dir='ltr'>λέγετε.</span> <span class='ocrx_word' id='word_1_583' title='bbox 3002 1029 3140 1098; x_wconf 81' lang='grc' dir='ltr'>Ὅρα</span> <span class='ocrx_word' id='word_1_584' title='bbox 3198 1031 3395 1095; x_wconf 80' lang='grc' dir='ltr'>αὑτοὺς</span> <span class='ocrx_word' id='word_1_585' title='bbox 3436 1033 3681 1100; x_wconf 82' lang='grc' dir='ltr'>ἀφθόνως</span> 
     </span>
    </p>
   </div>
   <div class='ocr_carea' id='block_1_74' title="bbox 2013 1113 3680 1183">
    <p class='ocr_par' dir='ltr' id='par_1_74' title="bbox 2013 1113 3680 1183">
     <span class='ocr_line' id='line_1_74' title="bbox 2013 1113 3680 1183; baseline 0.004 -16"><span class='ocrx_word' id='word_1_586' title='bbox 2013 1114 2136 1167; x_wconf 86' lang='grc' dir='ltr'>τότε</span> <span class='ocrx_word' id='word_1_587' title='bbox 2171 1113 2329 1166; x_wconf 87' lang='grc' dir='ltr'>τοῦτο</span> <span class='ocrx_word' id='word_1_588' title='bbox 2363 1113 2667 1176; x_wconf 79' lang='grc' dir='ltr'>ποιοῦντας,</span> <span class='ocrx_word' id='word_1_589' title='bbox 2700 1113 2838 1183; x_wconf 85' lang='grc' dir='ltr'>μετά</span> <span class='ocrx_word' id='word_1_590' title='bbox 2881 1114 2937 1168; x_wconf 84' lang='grc' dir='ltr'>δὲ</span> <span class='ocrx_word' id='word_1_591' title='bbox 2962 1114 3119 1169; x_wconf 87' lang='grc' dir='ltr'>τοῦτο</span> <span class='ocrx_word' id='word_1_592' title='bbox 3148 1116 3248 1170; x_wconf 90' lang='grc' dir='ltr'>οὑκ</span> <span class='ocrx_word' id='word_1_593' title='bbox 3293 1117 3394 1171; x_wconf 76' lang='grc' dir='ltr'>ἔτι.</span> <span class='ocrx_word' id='word_1_594' title='bbox 3431 1120 3493 1171; x_wconf 83' lang='grc' dir='ltr'><strong>Εἰ</strong></span> <span class='ocrx_word' id='word_1_595' title='bbox 3523 1121 3680 1173; x_wconf 89' lang='grc' dir='ltr'>τοῦτο</span> 
     </span>
    </p>
   </div>
   <div class='ocr_carea' id='block_1_75' title="bbox 2014 1200 3680 1275">
    <p class='ocr_par' dir='ltr' id='par_1_75' title="bbox 2014 1200 3680 1275">
     <span class='ocr_line' id='line_1_75' title="bbox 2014 1200 3680 1275; baseline 0.004 -23"><span class='ocrx_word' id='word_1_596' title='bbox 2014 1200 2321 1264; x_wconf 87' lang='grc' dir='ltr'>ἐϐούλεσθε,</span> <span class='ocrx_word' id='word_1_597' title='bbox 2351 1200 2548 1269; x_wconf 80' lang='grc' dir='ltr'>μᾶλλον</span> <span class='ocrx_word' id='word_1_598' title='bbox 2575 1200 2680 1253; x_wconf 80' lang='grc' dir='ltr'>ἔδει</span> <span class='ocrx_word' id='word_1_599' title='bbox 2735 1201 3132 1270; x_wconf 88' lang='grc' dir='ltr'>παρακαλέσαι.</span> <span class='ocrx_word' id='word_1_600' title='bbox 3170 1203 3307 1256; x_wconf 83' lang='grc' dir='ltr'>Ἀλλ’</span> <span class='ocrx_word' id='word_1_601' title='bbox 3353 1204 3398 1256; x_wconf 84' lang='grc' dir='ltr'><strong>ὣ</strong></span> <span class='ocrx_word' id='word_1_602' title='bbox 3451 1206 3551 1275; x_wconf 81' lang='grc' dir='ltr'>τῆς</span> <span class='ocrx_word' id='word_1_603' title='bbox 3598 1223 3680 1274; x_wconf 89' lang='grc' dir='ltr'>φι-</span> 
     </span>
    </p>
   </div>
   <div class='ocr_carea' id='block_1_76' title="bbox 2012 1287 3681 1364">
    <p class='ocr_par' dir='ltr' id='par_1_76' title="bbox 2012 1287 3681 1364">
     <span class='ocr_line' id='line_1_76' title="bbox 2012 1287 3681 1364; baseline 0.004 -22"><span class='ocrx_word' id='word_1_604' title='bbox 2012 1289 2262 1360; x_wconf 86' lang='grc' dir='ltr'>λαρχίας,</span> <span class='ocrx_word' id='word_1_605' title='bbox 2289 1287 2453 1359; x_wconf 83' lang='grc' dir='ltr'>ὢτῆς</span> <span class='ocrx_word' id='word_1_606' title='bbox 2505 1288 2830 1354; x_wconf 79' lang='grc' dir='ltr'>κενοδοξίας,</span> <span class='ocrx_word' id='word_1_607' title='bbox 2866 1289 2981 1352; x_wconf 83' lang='grc' dir='ltr'>πῶς</span> <span class='ocrx_word' id='word_1_608' title='bbox 3011 1289 3188 1343; x_wconf 84' lang='grc' dir='ltr'>πάντα</span> <span class='ocrx_word' id='word_1_609' title='bbox 3241 1292 3539 1364; x_wconf 87' lang='grc' dir='ltr'>ἀνατρέπει</span> <span class='ocrx_word' id='word_1_610' title='bbox 3586 1296 3681 1349; x_wconf 76' lang='grc' dir='ltr'>καὶ</span> 
     </span>
    </p>
   </div>
   <div class='ocr_carea' id='block_1_77' title="bbox 2012 1376 3679 1455">
    <p class='ocr_par' dir='ltr' id='par_1_77' title="bbox 2012 1376 3679 1455">
     <span class='ocr_line' id='line_1_77' title="bbox 2012 1376 3679 1455; baseline 0.002 -24"><span class='ocrx_word' id='word_1_611' title='bbox 2012 1377 2296 1431; x_wconf 81' lang='grc' dir='ltr'>ἀπόλλυσι·</span> <span class='ocrx_word' id='word_1_612' title='bbox 2330 1376 2474 1431; x_wconf 89' lang='grc' dir='ltr'>κατά</span> <span class='ocrx_word' id='word_1_613' title='bbox 2502 1377 2599 1447; x_wconf 80' lang='grc' dir='ltr'>τῆς</span> <span class='ocrx_word' id='word_1_614' title='bbox 2628 1377 2831 1440; x_wconf 82' lang='grc' dir='ltr'>οἰκείας</span> <span class='ocrx_word' id='word_1_615' title='bbox 2858 1378 2911 1441; x_wconf 72' lang='grc' dir='ltr'>ιι,</span> <span class='ocrx_word' id='word_1_616' title='bbox 2943 1378 3084 1431; x_wconf 81' lang='grc' dir='ltr'>κατὰ</span> <span class='ocrx_word' id='word_1_617' title='bbox 3110 1380 3208 1448; x_wconf 78' lang='grc' dir='ltr'>τῆς</span> <span class='ocrx_word' id='word_1_618' title='bbox 3239 1380 3482 1452; x_wconf 88' lang='grc' dir='ltr'>ἀλλήλων</span> <span class='ocrx_word' id='word_1_619' title='bbox 3507 1399 3679 1455; x_wconf 87' lang='grc' dir='ltr'>σωτη-</span> 
     </span>
    </p>
   </div>
   <div class='ocr_carea' id='block_1_78' title="bbox 2016 1463 3681 1540">
    <p class='ocr_par' dir='ltr' id='par_1_78' title="bbox 2016 1463 3681 1540">
     <span class='ocr_line' id='line_1_78' title="bbox 2016 1463 3681 1540; baseline 0.004 -23"><span class='ocrx_word' id='word_1_620' title='bbox 2016 1465 2138 1537; x_wconf 74' lang='grc' dir='ltr'>ρίις</span> <span class='ocrx_word' id='word_1_621' title='bbox 2167 1465 2388 1517; x_wconf 78' lang='grc' dir='ltr'>ἑστάναι</span> <span class='ocrx_word' id='word_1_622' title='bbox 2420 1463 2849 1535; x_wconf 71' lang='grc' dir='ltr'>παρασκευάζει·</span> <span class='ocrx_word' id='word_1_623' title='bbox 2875 1466 3082 1536; x_wconf 73' lang='grc' dir='ltr'>πηροίις</span> <span class='ocrx_word' id='word_1_624' title='bbox 3105 1465 3246 1519; x_wconf 86' lang='grc' dir='ltr'>οῦτω</span> <span class='ocrx_word' id='word_1_625' title='bbox 3275 1478 3298 1506; x_wconf 77' lang='grc' dir='ltr'>ο</span> <span class='ocrx_word' id='word_1_626' title='bbox 3328 1469 3422 1522; x_wconf 71' lang='grc' dir='ltr'>καὶ</span> <span class='ocrx_word' id='word_1_627' title='bbox 3449 1471 3681 1540; x_wconf 77' lang='grc' dir='ltr'>τυφλοὺς</span> 
     </span>
    </p>
   </div>
   <div class='ocr_carea' id='block_1_79' title="bbox 2013 1550 3682 1626">
    <p class='ocr_par' dir='ltr' id='par_1_79' title="bbox 2013 1550 3682 1626">
     <span class='ocr_line' id='line_1_79' title="bbox 2013 1550 3682 1626; baseline 0.005 -21"><span class='ocrx_word' id='word_1_628' title='bbox 2013 1550 2326 1622; x_wconf 71' lang='grc' dir='ltr'>ὲεγάζεται,</span> <span class='ocrx_word' id='word_1_629' title='bbox 2366 1551 2507 1604; x_wconf 83' lang='grc' dir='ltr'>ὥστε</span> <span class='ocrx_word' id='word_1_630' title='bbox 2563 1553 2657 1604; x_wconf 76' lang='grc' dir='ltr'>καὶ</span> <span class='ocrx_word' id='word_1_631' title='bbox 2706 1555 3081 1623; x_wconf 76' lang='grc' dir='ltr'>χειραγωγοὺς</span> <span class='ocrx_word' id='word_1_632' title='bbox 3133 1555 3337 1626; x_wconf 80' lang='grc' dir='ltr'>ζητεῖν.</span> <span class='ocrx_word' id='word_1_633' title='bbox 3392 1557 3518 1611; x_wconf 78' lang='grc' dir='ltr'>Εἴθε</span> <span class='ocrx_word' id='word_1_634' title='bbox 3579 1559 3682 1614; x_wconf 75' lang='grc' dir='ltr'>κάν</span> 
     </span>
    </p>
   </div>
   <div class='ocr_carea' id='block_1_80' title="bbox 2012 1640 3682 1712">
    <p class='ocr_par' dir='ltr' id='par_1_80' title="bbox 2012 1640 3682 1712">
     <span class='ocr_line' id='line_1_80' title="bbox 2012 1640 3682 1712; baseline 0.004 -18"><span class='ocrx_word' id='word_1_635' title='bbox 2012 1640 2188 1704; x_wconf 77' lang='grc' dir='ltr'>τιῦτο,</span> <span class='ocrx_word' id='word_1_636' title='bbox 2213 1640 2322 1694; x_wconf 76' lang='grc' dir='ltr'>εἴθε</span> <span class='ocrx_word' id='word_1_637' title='bbox 2354 1640 2458 1693; x_wconf 75' lang='grc' dir='ltr'>κᾶν</span> <span class='ocrx_word' id='word_1_638' title='bbox 2492 1641 2869 1711; x_wconf 88' lang='grc' dir='ltr'>χειραγωγοὺς</span> <span class='ocrx_word' id='word_1_639' title='bbox 2900 1641 3145 1712; x_wconf 77' lang='grc' dir='ltr'>ἐζήτουν·</span> <span class='ocrx_word' id='word_1_640' title='bbox 3185 1643 3300 1695; x_wconf 84' lang='grc' dir='ltr'>ἀλλ’</span> <span class='ocrx_word' id='word_1_641' title='bbox 3330 1645 3526 1700; x_wconf 77' lang='grc' dir='ltr'>οὐκέτι</span> <span class='ocrx_word' id='word_1_642' title='bbox 3559 1647 3682 1701; x_wconf 84' lang='grc' dir='ltr'>τού-</span> 
     </span>
    </p>
   </div>
   <div class='ocr_carea' id='block_1_81' title="bbox 2012 1727 3682 1800">
    <p class='ocr_par' dir='ltr' id='par_1_81' title="bbox 2012 1727 3682 1800">
     <span class='ocr_line' id='line_1_81' title="bbox 2012 1727 3682 1800; baseline 0.004 -19"><span class='ocrx_word' id='word_1_643' title='bbox 2012 1746 2105 1782; x_wconf 70' lang='grc' dir='ltr'>του</span> <span class='ocrx_word' id='word_1_644' title='bbox 2136 1729 2445 1799; x_wconf 83' lang='grc' dir='ltr'>ἀνέχονται,</span> <span class='ocrx_word' id='word_1_645' title='bbox 2476 1727 2589 1781; x_wconf 82' lang='grc' dir='ltr'>ἀλλ’</span> <span class='ocrx_word' id='word_1_646' title='bbox 2628 1728 2840 1791; x_wconf 80' lang='grc' dir='ltr'>ἑαυτοῖς</span> <span class='ocrx_word' id='word_1_647' title='bbox 2872 1730 3226 1800; x_wconf 76' lang='grc' dir='ltr'>ἐπιτρέπουσι</span> <span class='ocrx_word' id='word_1_648' title='bbox 3256 1731 3315 1784; x_wconf 75' lang='grc' dir='ltr'>τὸ</span> <span class='ocrx_word' id='word_1_649' title='bbox 3364 1735 3491 1786; x_wconf 85' lang='grc' dir='ltr'>πᾶν.</span> <span class='ocrx_word' id='word_1_650' title='bbox 3519 1735 3682 1788; x_wconf 88' lang='grc' dir='ltr'>Οὑδέ-</span> 
     </span>
    </p>
   </div>
   <div class='ocr_carea' id='block_1_82' title="bbox 2013 1816 3678 1892">
    <p class='ocr_par' dir='ltr' id='par_1_82' title="bbox 2013 1816 3678 1892">
     <span class='ocr_line' id='line_1_82' title="bbox 2013 1816 3678 1892; baseline 0.005 -25"><span class='ocrx_word' id='word_1_651' title='bbox 2013 1834 2081 1870; x_wconf 89' lang='grc' dir='ltr'>να</span> <span class='ocrx_word' id='word_1_652' title='bbox 2108 1818 2332 1888; x_wconf 77' lang='grc' dir='ltr'>ἀφίησιν</span> <span class='ocrx_word' id='word_1_653' title='bbox 2375 1818 2522 1870; x_wconf 82' lang='grc' dir='ltr'>ἰδεῖν·</span> <span class='ocrx_word' id='word_1_654' title='bbox 2564 1817 2814 1889; x_wconf 87' lang='grc' dir='ltr'>καθάπερ</span> <span class='ocrx_word' id='word_1_655' title='bbox 2844 1816 3012 1889; x_wconf 78' lang='grc' dir='ltr'>ἀχλὺς</span> <span class='ocrx_word' id='word_1_656' title='bbox 3041 1818 3338 1873; x_wconf 89' lang='grc' dir='ltr'>ἐπιτίθεται</span> <span class='ocrx_word' id='word_1_657' title='bbox 3368 1822 3462 1874; x_wconf 75' lang='grc' dir='ltr'>καὶ</span> <span class='ocrx_word' id='word_1_658' title='bbox 3495 1821 3678 1892; x_wconf 83' lang='grc' dir='ltr'>ζόφος,</span> 
     </span>
    </p>
   </div>
   <div class='ocr_carea' id='block_1_83' title="bbox 2010 1905 2669 1976">
    <p class='ocr_par' dir='ltr' id='par_1_83' title="bbox 2010 1905 2669 1976">
     <span class='ocr_line' id='line_1_83' title="bbox 2010 1905 2669 1976; baseline 0.003 -17"><span class='ocrx_word' id='word_1_659' title='bbox 2010 1907 2112 1960; x_wconf 87' lang='grc' dir='ltr'>οὑκ</span> <span class='ocrx_word' id='word_1_660' title='bbox 2136 1907 2319 1976; x_wconf 75' lang='grc' dir='ltr'>ἀφιεὶς</span> <span class='ocrx_word' id='word_1_661' title='bbox 2358 1905 2669 1975; x_wconf 63' lang='grc' dir='ltr'>διαϐλέψαι.</span> 
     </span>
    </p>
   </div>
   <div class='ocr_carea' id='block_1_84' title="bbox 2084 2017 3681 2091">
    <p class='ocr_par' dir='ltr' id='par_1_84' title="bbox 2084 2017 3681 2091">
     <span class='ocr_line' id='line_1_84' title="bbox 2084 2017 3681 2091; baseline 0.001 -18"><span class='ocrx_word' id='word_1_662' title='bbox 2084 2020 2252 2074; x_wconf 84' lang='grc' dir='ltr'>Ποίαν</span> <span class='ocrx_word' id='word_1_663' title='bbox 2280 2019 2477 2091; x_wconf 71' lang='grc' dir='ltr'>ἕξομεν</span> <span class='ocrx_word' id='word_1_664' title='bbox 2493 2019 2789 2089; x_wconf 87' lang='grc' dir='ltr'>ἀπολογίαν</span> <span class='ocrx_word' id='word_1_665' title='bbox 2818 2019 2907 2074; x_wconf 80' lang='grc' dir='ltr'>διὰ</span> <span class='ocrx_word' id='word_1_666' title='bbox 2949 2018 3120 2084; x_wconf 86' lang='grc' dir='ltr'>πάθος</span> <span class='ocrx_word' id='word_1_667' title='bbox 3160 2017 3365 2083; x_wconf 85' lang='grc' dir='ltr'>πάθους</span> <span class='ocrx_word' id='word_1_668' title='bbox 3412 2020 3681 2091; x_wconf 83' lang='grc' dir='ltr'>κρατοῦν-</span> 
     </span>
    </p>
   </div>
   <div class='ocr_carea' id='block_1_85' title="bbox 2010 2103 3680 2176">
    <p class='ocr_par' dir='ltr' id='par_1_85' title="bbox 2010 2103 3680 2176">
     <span class='ocr_line' id='line_1_85' title="bbox 2010 2103 3680 2176; baseline 0.003 -17"><span class='ocrx_word' id='word_1_669' title='bbox 2010 2125 2121 2171; x_wconf 87' lang='grc' dir='ltr'>τες,</span> <span class='ocrx_word' id='word_1_670' title='bbox 2155 2108 2245 2161; x_wconf 81' lang='grc' dir='ltr'>διὰ</span> <span class='ocrx_word' id='word_1_671' title='bbox 2272 2107 2329 2161; x_wconf 80' lang='grc' dir='ltr'>δὲ</span> <span class='ocrx_word' id='word_1_672' title='bbox 2374 2107 2466 2161; x_wconf 79' lang='grc' dir='ltr'>τὸν</span> <span class='ocrx_word' id='word_1_673' title='bbox 2494 2109 2588 2161; x_wconf 87' lang='grc' dir='ltr'>τοῦ</span> <span class='ocrx_word' id='word_1_674' title='bbox 2614 2108 2750 2162; x_wconf 88' lang='grc' dir='ltr'>Θεοῦ</span> <span class='ocrx_word' id='word_1_675' title='bbox 2791 2107 2956 2176; x_wconf 87' lang='grc' dir='ltr'>φόϐον</span> <span class='ocrx_word' id='word_1_676' title='bbox 2992 2109 3095 2161; x_wconf 88' lang='grc' dir='ltr'>οὐκ</span> <span class='ocrx_word' id='word_1_677' title='bbox 3147 2107 3261 2174; x_wconf 70' lang='lat' dir='ltr'>Eu;</span> <span class='ocrx_word' id='word_1_678' title='bbox 3292 2103 3436 2169; x_wconf 83' lang='grc' dir='ltr'>Οἷον,</span> <span class='ocrx_word' id='word_1_679' title='bbox 3493 2110 3680 2164; x_wconf 72' lang='grc' dir='ltr'>πολλοὶ</span> 
     </span>
    </p>
   </div>
   <div class='ocr_carea' id='block_1_86' title="bbox 2012 2195 3684 2268">
    <p class='ocr_par' dir='ltr' id='par_1_86' title="bbox 2012 2195 3684 2268">
     <span class='ocr_line' id='line_1_86' title="bbox 2012 2195 3684 2268; baseline 0.002 -20"><span class='ocrx_word' id='word_1_680' title='bbox 2012 2195 2261 2263; x_wconf 82' lang='grc' dir='ltr'>ἀσελγεῖς</span> <span class='ocrx_word' id='word_1_681' title='bbox 2287 2195 2438 2258; x_wconf 79' lang='grc' dir='ltr'>ὄντες</span> <span class='ocrx_word' id='word_1_682' title='bbox 2491 2197 2584 2249; x_wconf 70' lang='grc' dir='ltr'>καὶ</span> <span class='ocrx_word' id='word_1_683' title='bbox 2623 2196 3040 2268; x_wconf 78' lang='grc' dir='ltr'>φιλοχρήματοι,</span> <span class='ocrx_word' id='word_1_684' title='bbox 3092 2195 3181 2249; x_wconf 86' lang='grc' dir='ltr'>διὰ</span> <span class='ocrx_word' id='word_1_685' title='bbox 3207 2197 3306 2267; x_wconf 82' lang='grc' dir='ltr'>τὴν</span> <span class='ocrx_word' id='word_1_686' title='bbox 3335 2197 3443 2249; x_wconf 82' lang='grc' dir='ltr'>τῶν</span> <span class='ocrx_word' id='word_1_687' title='bbox 3467 2198 3684 2268; x_wconf 81' lang='grc' dir='ltr'>χρημά-</span> 
     </span>
    </p>
   </div>
   <div class='ocr_carea' id='block_1_87' title="bbox 2012 2284 3680 2356">
    <p class='ocr_par' dir='ltr' id='par_1_87' title="bbox 2012 2284 3680 2356">
     <span class='ocr_line' id='line_1_87' title="bbox 2012 2284 3680 2356; baseline 0.004 -21"><span class='ocrx_word' id='word_1_688' title='bbox 2012 2300 2120 2336; x_wconf 88' lang='grc' dir='ltr'>των</span> <span class='ocrx_word' id='word_1_689' title='bbox 2143 2284 2429 2353; x_wconf 79' lang='grc' dir='ltr'>φειδωλίαν</span> <span class='ocrx_word' id='word_1_690' title='bbox 2454 2285 2787 2355; x_wconf 86' lang='grc' dir='ltr'>ἐχαλίνωσαν</span> <span class='ocrx_word' id='word_1_691' title='bbox 2810 2285 2911 2356; x_wconf 82' lang='grc' dir='ltr'>τὴν</span> <span class='ocrx_word' id='word_1_692' title='bbox 2938 2285 3149 2355; x_wconf 84' lang='grc' dir='ltr'>ήδονήν·</span> <span class='ocrx_word' id='word_1_693' title='bbox 3174 2285 3322 2340; x_wconf 79' lang='grc' dir='ltr'>ἄλλοι</span> <span class='ocrx_word' id='word_1_694' title='bbox 3348 2286 3680 2350; x_wconf 76' lang='grc' dir='ltr'>τούναντίον,</span> 
     </span>
    </p>
   </div>
   <div class='ocr_carea' id='block_1_88' title="bbox 2013 2370 3682 2444">
    <p class='ocr_par' dir='ltr' id='par_1_88' title="bbox 2013 2370 3682 2444">
     <span class='ocr_line' id='line_1_88' title="bbox 2013 2370 3682 2444; baseline 0.002 -22"><span class='ocrx_word' id='word_1_695' title='bbox 2013 2370 2102 2423; x_wconf 71' lang='grc' dir='ltr'>διὰ</span> <span class='ocrx_word' id='word_1_696' title='bbox 2125 2370 2224 2441; x_wconf 84' lang='grc' dir='ltr'>τὴν</span> <span class='ocrx_word' id='word_1_697' title='bbox 2253 2371 2445 2442; x_wconf 79' lang='grc' dir='ltr'>ἡδονὴν</span> <span class='ocrx_word' id='word_1_698' title='bbox 2474 2373 2754 2441; x_wconf 85' lang='grc' dir='ltr'>ὑπερεῖδον</span> <span class='ocrx_word' id='word_1_699' title='bbox 2783 2377 3105 2444; x_wconf 86' lang='grc' dir='ltr'>χρημάτων.</span> <span class='ocrx_word' id='word_1_700' title='bbox 3163 2373 3331 2428; x_wconf 76' lang='grc' dir='ltr'>Πάλιν</span> <span class='ocrx_word' id='word_1_701' title='bbox 3364 2377 3413 2427; x_wconf 86' lang='grc' dir='ltr'>οἱ</span> <span class='ocrx_word' id='word_1_702' title='bbox 3439 2373 3682 2444; x_wconf 76' lang='grc' dir='ltr'>ἡττώμε-</span> 
     </span>
    </p>
   </div>
   <div class='ocr_carea' id='block_1_89' title="bbox 2013 2450 3684 2532">
    <p class='ocr_par' dir='ltr' id='par_1_89' title="bbox 2013 2450 3684 2532">
     <span class='ocr_line' id='line_1_89' title="bbox 2013 2450 3684 2532; baseline 0.003 -23"><span class='ocrx_word' id='word_1_703' title='bbox 2013 2473 2095 2510; x_wconf 87' lang='grc' dir='ltr'>νοι</span> <span class='ocrx_word' id='word_1_704' title='bbox 2115 2457 2273 2527; x_wconf 89' lang='grc' dir='ltr'>δόξης</span> <span class='ocrx_word' id='word_1_705' title='bbox 2292 2459 2456 2528; x_wconf 81' lang='grc' dir='ltr'>κενῆς</span> <span class='ocrx_word' id='word_1_706' title='bbox 2484 2459 2805 2530; x_wconf 76' lang='grc' dir='ltr'>ἀμφοτέρων</span> <span class='ocrx_word' id='word_1_707' title='bbox 2833 2462 3240 2532; x_wconf 87' lang='grc' dir='ltr'>περιγεγόνασι,</span> <span class='ocrx_word' id='word_1_708' title='bbox 3264 2462 3367 2532; x_wconf 85' lang='grc' dir='ltr'>χρή</span> <span class='ocrx_word' id='word_1_709' title='bbox 3378 2450 3684 2531; x_wconf 77' lang='grc' dir='ltr'>ματαάνα-</span> 
     </span>
    </p>
   </div>
   <div class='ocr_carea' id='block_1_90' title="bbox 2013 2544 3685 2623">
    <p class='ocr_par' dir='ltr' id='par_1_90' title="bbox 2013 2544 3685 2623">
     <span class='ocr_line' id='line_1_90' title="bbox 2013 2544 3685 2623; baseline 0.004 -27"><span class='ocrx_word' id='word_1_710' title='bbox 2013 2544 2291 2609; x_wconf 87' lang='grc' dir='ltr'>λίσκοντες</span> <span class='ocrx_word' id='word_1_711' title='bbox 2318 2545 2573 2614; x_wconf 81' lang='grc' dir='ltr'>ἀφειδῶς,</span> <span class='ocrx_word' id='word_1_712' title='bbox 2609 2548 2702 2600; x_wconf 70' lang='grc' dir='ltr'>καὶ</span> <span class='ocrx_word' id='word_1_713' title='bbox 2733 2549 3132 2623; x_wconf 81' lang='grc' dir='ltr'>σωφρονοῦντες</span> <span class='ocrx_word' id='word_1_714' title='bbox 3156 2550 3302 2622; x_wconf 71' lang='grc' dir='ltr'>εἰκῆ·</span> <span class='ocrx_word' id='word_1_715' title='bbox 3336 2549 3484 2603; x_wconf 81' lang='grc' dir='ltr'>ἄλλοι</span> <span class='ocrx_word' id='word_1_716' title='bbox 3518 2548 3685 2605; x_wconf 82' lang='grc' dir='ltr'>πάλιν</span> 
     </span>
    </p>
   </div>
   <div class='ocr_carea' id='block_1_91' title="bbox 2014 2631 3689 2709">
    <p class='ocr_par' dir='ltr' id='par_1_91' title="bbox 2014 2631 3689 2709">
     <span class='ocr_line' id='line_1_91' title="bbox 2014 2631 3689 2709; baseline 0.004 -23"><span class='ocrx_word' id='word_1_717' title='bbox 2014 2631 2283 2700; x_wconf 74' lang='grc' dir='ltr'>κενόδοξοι</span> <span class='ocrx_word' id='word_1_718' title='bbox 2310 2633 2514 2705; x_wconf 71' lang='grc' dir='ltr'>σφόδρα</span> <span class='ocrx_word' id='word_1_719' title='bbox 2535 2633 2709 2700; x_wconf 75' lang='grc' dir='ltr'>ὄντες,</span> <span class='ocrx_word' id='word_1_720' title='bbox 2748 2640 3157 2709; x_wconf 75' lang='grc' dir='ltr'>κατεφρόνησαν</span> <span class='ocrx_word' id='word_1_721' title='bbox 3182 2637 3276 2691; x_wconf 89' lang='grc' dir='ltr'>τοῦ</span> <span class='ocrx_word' id='word_1_722' title='bbox 3302 2638 3527 2701; x_wconf 82' lang='grc' dir='ltr'>πάθους,</span> <span class='ocrx_word' id='word_1_723' title='bbox 3555 2637 3689 2692; x_wconf 82' lang='grc' dir='ltr'>πολ-</span> 
     </span>
    </p>
   </div>
   <div class='ocr_carea' id='block_1_92' title="bbox 2012 2720 3684 2796">
    <p class='ocr_par' dir='ltr' id='par_1_92' title="bbox 2012 2720 3684 2796">
     <span class='ocr_line' id='line_1_92' title="bbox 2012 2720 3684 2796; baseline 0.003 -22"><span class='ocrx_word' id='word_1_724' title='bbox 2012 2720 2079 2774; x_wconf 86' lang='grc' dir='ltr'>λά</span> <span class='ocrx_word' id='word_1_725' title='bbox 2101 2720 2494 2790; x_wconf 84' lang='grc' dir='ltr'>ὑπομείναντες</span> <span class='ocrx_word' id='word_1_726' title='bbox 2525 2723 2745 2793; x_wconf 67' lang='grc' dir='ltr'>αἰσχρά,</span> <span class='ocrx_word' id='word_1_727' title='bbox 2773 2725 2868 2777; x_wconf 75' lang='grc' dir='ltr'>καὶ</span> <span class='ocrx_word' id='word_1_728' title='bbox 2895 2725 2961 2778; x_wconf 82' lang='grc' dir='ltr'>δι’</span> <span class='ocrx_word' id='word_1_729' title='bbox 2986 2724 3196 2796; x_wconf 71' lang='grc' dir='ltr'>ἔρωτας</span> <span class='ocrx_word' id='word_1_730' title='bbox 3238 2726 3331 2779; x_wconf 70' lang='grc' dir='ltr'>καὶ</span> <span class='ocrx_word' id='word_1_731' title='bbox 3353 2725 3439 2777; x_wconf 76' lang='grc' dir='ltr'>διὰ</span> <span class='ocrx_word' id='word_1_732' title='bbox 3465 2728 3684 2795; x_wconf 74' lang='grc' dir='ltr'>χρήμαο</span> 
     </span>
    </p>
   </div>
   <div class='ocr_carea' id='block_1_93' title="bbox 2012 2808 3681 2881">
    <p class='ocr_par' dir='ltr' id='par_1_93' title="bbox 2012 2808 3681 2881">
     <span class='ocr_line' id='line_1_93' title="bbox 2012 2808 3681 2881; baseline 0.002 -22"><span class='ocrx_word' id='word_1_733' title='bbox 2012 2824 2100 2860; x_wconf 91' lang='grc' dir='ltr'>τα·</span> <span class='ocrx_word' id='word_1_734' title='bbox 2138 2808 2316 2879; x_wconf 79' lang='grc' dir='ltr'>ἐτεροι</span> <span class='ocrx_word' id='word_1_735' title='bbox 2349 2809 2530 2872; x_wconf 87' lang='grc' dir='ltr'>πάλιν,</span> <span class='ocrx_word' id='word_1_736' title='bbox 2562 2809 2648 2862; x_wconf 85' lang='grc' dir='ltr'>ίνα</span> <span class='ocrx_word' id='word_1_737' title='bbox 2666 2809 2756 2862; x_wconf 71' lang='grc' dir='ltr'>τὸν</span> <span class='ocrx_word' id='word_1_738' title='bbox 2797 2809 2969 2881; x_wconf 73' lang='grc' dir='ltr'>θυμὸν</span> <span class='ocrx_word' id='word_1_739' title='bbox 2995 2810 3319 2881; x_wconf 80' lang='grc' dir='ltr'>ἐμπλήσωσι</span> <span class='ocrx_word' id='word_1_740' title='bbox 3349 2810 3440 2864; x_wconf 79' lang='grc' dir='ltr'>τὸν</span> <span class='ocrx_word' id='word_1_741' title='bbox 3474 2811 3681 2877; x_wconf 84' lang='grc' dir='ltr'>αὑτῶν,</span> 
     </span>
    </p>
   </div>
   <div class='ocr_carea' id='block_1_94' title="bbox 2014 2895 3684 2968">
    <p class='ocr_par' dir='ltr' id='par_1_94' title="bbox 2014 2895 3684 2968">
     <span class='ocr_line' id='line_1_94' title="bbox 2014 2895 3684 2968; baseline 0.001 -20"><span class='ocrx_word' id='word_1_742' title='bbox 2014 2895 2218 2949; x_wconf 88' lang='grc' dir='ltr'>εῖλοντο</span> <span class='ocrx_word' id='word_1_743' title='bbox 2271 2895 2615 2967; x_wconf 80' lang='grc' dir='ltr'>ζημιωθῆναι</span> <span class='ocrx_word' id='word_1_744' title='bbox 2651 2896 2841 2968; x_wconf 89' lang='grc' dir='ltr'>μυρία,</span> <span class='ocrx_word' id='word_1_745' title='bbox 2878 2896 2975 2950; x_wconf 72' lang='grc' dir='ltr'>καὶ</span> <span class='ocrx_word' id='word_1_746' title='bbox 3003 2897 3218 2962; x_wconf 78' lang='grc' dir='ltr'>οὐδενὸς</span> <span class='ocrx_word' id='word_1_747' title='bbox 3266 2898 3451 2962; x_wconf 84' lang='grc' dir='ltr'>αὑτοῖς</span> <span class='ocrx_word' id='word_1_748' title='bbox 3477 2897 3684 2951; x_wconf 83' lang='grc' dir='ltr'>τούτων</span> 
     </span>
    </p>
   </div>
   <div class='ocr_carea' id='block_1_95' title="bbox 2014 2984 3685 3057">
    <p class='ocr_par' dir='ltr' id='par_1_95' title="bbox 2014 2984 3685 3057">
     <span class='ocr_line' id='line_1_95' title="bbox 2014 2984 3685 3057; baseline 0.002 -22"><span class='ocrx_word' id='word_1_749' title='bbox 2014 2984 2303 3054; x_wconf 84' lang='grc' dir='ltr'>ἐμέλησεν,</span> <span class='ocrx_word' id='word_1_750' title='bbox 2343 2986 2429 3038; x_wconf 78' lang='grc' dir='ltr'>ἵνα</span> <span class='ocrx_word' id='word_1_751' title='bbox 2464 2985 2625 3056; x_wconf 87' lang='grc' dir='ltr'>μόνον</span> <span class='ocrx_word' id='word_1_752' title='bbox 2644 2986 2704 3038; x_wconf 85' lang='grc' dir='ltr'>τὸ</span> <span class='ocrx_word' id='word_1_753' title='bbox 2729 2985 2940 3057; x_wconf 89' lang='grc' dir='ltr'>θέλημα</span> <span class='ocrx_word' id='word_1_754' title='bbox 2974 2986 3240 3057; x_wconf 86' lang='grc' dir='ltr'>ποιήσωσι</span> <span class='ocrx_word' id='word_1_755' title='bbox 3265 2986 3325 3039; x_wconf 86' lang='grc' dir='ltr'>τὸ</span> <span class='ocrx_word' id='word_1_756' title='bbox 3345 2985 3542 3040; x_wconf 84' lang='grc' dir='ltr'>αὑτῶν.</span> <span class='ocrx_word' id='word_1_757' title='bbox 3573 2985 3685 3041; x_wconf 81' lang='lat' dir='ltr'><strong><em>Kal</em></strong></span> 
     </span>
    </p>
   </div>
   <div class='ocr_carea' id='block_1_96' title="bbox 2013 3072 3682 3146">
    <p class='ocr_par' dir='ltr' id='par_1_96' title="bbox 2013 3072 3682 3146">
     <span class='ocr_line' id='line_1_96' title="bbox 2013 3072 3682 3146; baseline 0.002 -21"><span class='ocrx_word' id='word_1_758' title='bbox 2013 3073 2151 3144; x_wconf 86' lang='grc' dir='ltr'>ὅπερ</span> <span class='ocrx_word' id='word_1_759' title='bbox 2187 3072 2361 3143; x_wconf 79' lang='grc' dir='ltr'>ἰσχύει</span> <span class='ocrx_word' id='word_1_760' title='bbox 2393 3073 2585 3137; x_wconf 85' lang='grc' dir='ltr'>πάθος,</span> <span class='ocrx_word' id='word_1_761' title='bbox 2632 3075 2731 3127; x_wconf 84' lang='grc' dir='ltr'>οὑκ</span> <span class='ocrx_word' id='word_1_762' title='bbox 2771 3074 2961 3144; x_wconf 75' lang='grc' dir='ltr'>ἴσχυσε</span> <span class='ocrx_word' id='word_1_763' title='bbox 2992 3077 3121 3146; x_wconf 82' lang='grc' dir='ltr'>παρ’</span> <span class='ocrx_word' id='word_1_764' title='bbox 3164 3076 3294 3146; x_wconf 78' lang='grc' dir='ltr'>ἡμῖν</span> <span class='ocrx_word' id='word_1_765' title='bbox 3347 3078 3376 3129; x_wconf 91' lang='lat'>6</span> <span class='ocrx_word' id='word_1_766' title='bbox 3425 3074 3517 3129; x_wconf 89' lang='grc' dir='ltr'>τοῦ</span> <span class='ocrx_word' id='word_1_767' title='bbox 3543 3074 3682 3129; x_wconf 76' lang='grc' dir='ltr'>Θεοῦ</span> 
     </span>
    </p>
   </div>
   <div class='ocr_carea' id='block_1_97' title="bbox 2016 3162 3681 3236">
    <p class='ocr_par' dir='ltr' id='par_1_97' title="bbox 2016 3162 3681 3236">
     <span class='ocr_line' id='line_1_97' title="bbox 2016 3162 3681 3236; baseline 0.002 -21"><span class='ocrx_word' id='word_1_768' title='bbox 2016 3162 2200 3230; x_wconf 84' lang='grc' dir='ltr'>φόϐος.</span> <span class='ocrx_word' id='word_1_769' title='bbox 2222 3164 2330 3216; x_wconf 75' lang='lat' dir='ltr'><strong><em>Kal</em></strong></span> <span class='ocrx_word' id='word_1_770' title='bbox 2346 3162 2397 3215; x_wconf 87' lang='grc' dir='ltr'>τί</span> <span class='ocrx_word' id='word_1_771' title='bbox 2411 3163 2554 3230; x_wconf 84' lang='grc' dir='ltr'>λέγω</span> <span class='ocrx_word' id='word_1_772' title='bbox 2575 3163 2769 3227; x_wconf 85' lang='grc' dir='ltr'>πάθος;</span> <span class='ocrx_word' id='word_1_773' title='bbox 2782 3164 2959 3235; x_wconf 86' lang='grc' dir='ltr'>Ὅπερ</span> <span class='ocrx_word' id='word_1_774' title='bbox 2975 3162 3141 3228; x_wconf 84' lang='grc' dir='ltr'>αἰδὼς</span> <span class='ocrx_word' id='word_1_775' title='bbox 3159 3164 3465 3236; x_wconf 81' lang='grc' dir='ltr'>ἀνθρώπων</span> <span class='ocrx_word' id='word_1_776' title='bbox 3482 3163 3681 3235; x_wconf 79' lang='grc' dir='ltr'>ἰσχύει,</span> 
     </span>
    </p>
   </div>
   <div class='ocr_carea' id='block_1_98' title="bbox 2014 3250 3681 3324">
    <p class='ocr_par' dir='ltr' id='par_1_98' title="bbox 2014 3250 3681 3324">
     <span class='ocr_line' id='line_1_98' title="bbox 2014 3250 3681 3324; baseline 0.002 -21"><span class='ocrx_word' id='word_1_777' title='bbox 2014 3251 2114 3304; x_wconf 82' lang='grc' dir='ltr'>οὑκ</span> <span class='ocrx_word' id='word_1_778' title='bbox 2139 3251 2313 3322; x_wconf 74' lang='grc' dir='ltr'>ἰσχύει</span> <span class='ocrx_word' id='word_1_779' title='bbox 2346 3250 2488 3305; x_wconf 87' lang='grc' dir='ltr'>ὀτοῦ</span> <span class='ocrx_word' id='word_1_780' title='bbox 2516 3251 2652 3305; x_wconf 82' lang='grc' dir='ltr'>Θεοῦ</span> <span class='ocrx_word' id='word_1_781' title='bbox 2688 3252 2869 3321; x_wconf 87' lang='grc' dir='ltr'>φόϐος.</span> <span class='ocrx_word' id='word_1_782' title='bbox 2914 3252 3091 3306; x_wconf 82' lang='grc' dir='ltr'>Πολλὰ</span> <span class='ocrx_word' id='word_1_783' title='bbox 3143 3253 3236 3306; x_wconf 74' lang='grc' dir='ltr'>καὶ</span> <span class='ocrx_word' id='word_1_784' title='bbox 3283 3252 3681 3324; x_wconf 84' lang='grc' dir='ltr'>κατορθοῦμεν,</span> 
     </span>
    </p>
   </div>
   <div class='ocr_carea' id='block_1_99' title="bbox 2014 3337 3684 3409">
    <p class='ocr_par' dir='ltr' id='par_1_99' title="bbox 2014 3337 3684 3409">
     <span class='ocr_line' id='line_1_99' title="bbox 2014 3337 3684 3409; baseline 0.003 -20"><span class='ocrx_word' id='word_1_785' title='bbox 2014 3337 2108 3390; x_wconf 82' lang='grc' dir='ltr'>καὶ</span> <span class='ocrx_word' id='word_1_786' title='bbox 2135 3337 2518 3409; x_wconf 77' lang='grc' dir='ltr'>ἁμαρτάνομεν</span> <span class='ocrx_word' id='word_1_787' title='bbox 2545 3338 2864 3409; x_wconf 81' lang='grc' dir='ltr'>ἀνθρώπους</span> <span class='ocrx_word' id='word_1_788' title='bbox 2897 3338 3226 3408; x_wconf 70' lang='grc' dir='ltr'>αἰδούμενοι·</span> <span class='ocrx_word' id='word_1_789' title='bbox 3264 3340 3359 3392; x_wconf 72' lang='grc' dir='ltr'>τὸν</span> <span class='ocrx_word' id='word_1_790' title='bbox 3378 3340 3433 3392; x_wconf 86' lang='grc' dir='ltr'>δέ</span> <span class='ocrx_word' id='word_1_791' title='bbox 3466 3340 3597 3393; x_wconf 83' lang='grc' dir='ltr'>Θεὸν</span> <span class='ocrx_word' id='word_1_792' title='bbox 3617 3340 3684 3394; x_wconf 87' lang='grc' dir='ltr'>οὑ</span> 
     </span>
    </p>
   </div>
   <div class='ocr_carea' id='block_1_100' title="bbox 2012 3423 3681 3500">
    <p class='ocr_par' dir='ltr' id='par_1_100' title="bbox 2012 3423 3681 3500">
     <span class='ocr_line' id='line_1_100' title="bbox 2012 3423 3681 3500; baseline 0.003 -24"><span class='ocrx_word' id='word_1_793' title='bbox 2012 3423 2346 3494; x_wconf 86' lang='grc' dir='ltr'>δεδοίκαμεν.</span> <span class='ocrx_word' id='word_1_794' title='bbox 2410 3426 2573 3479; x_wconf 87' lang='grc' dir='ltr'>Πόσοι</span> <span class='ocrx_word' id='word_1_795' title='bbox 2624 3425 2691 3479; x_wconf 89' lang='grc' dir='ltr'>δι’</span> <span class='ocrx_word' id='word_1_796' title='bbox 2724 3428 2987 3498; x_wconf 85' lang='grc' dir='ltr'>αἰσχύνην</span> <span class='ocrx_word' id='word_1_797' title='bbox 3043 3431 3355 3500; x_wconf 76' lang='grc' dir='ltr'>προήκαντο</span> <span class='ocrx_word' id='word_1_798' title='bbox 3387 3428 3681 3498; x_wconf 85' lang='grc' dir='ltr'>χρήματα;</span> 
     </span>
    </p>
   </div>
   <div class='ocr_carea' id='block_1_101' title="bbox 2014 3516 3686 3590">
    <p class='ocr_par' dir='ltr' id='par_1_101' title="bbox 2014 3516 3686 3590">
     <span class='ocr_line' id='line_1_101' title="bbox 2014 3516 3686 3590; baseline -0.001 -21"><span class='ocrx_word' id='word_1_799' title='bbox 2014 3518 2170 3570; x_wconf 85' lang='grc' dir='ltr'>πόσοι</span> <span class='ocrx_word' id='word_1_800' title='bbox 2194 3516 2648 3588; x_wconf 88' lang='grc' dir='ltr'>ἐφιλοτιμήσαντο</span> <span class='ocrx_word' id='word_1_801' title='bbox 2688 3516 2814 3585; x_wconf 81' lang='grc' dir='ltr'>εἱκῆ</span> <span class='ocrx_word' id='word_1_802' title='bbox 2858 3516 3291 3590; x_wconf 86' lang='grc' dir='ltr'>ὑπηρετούμενοι</span> <span class='ocrx_word' id='word_1_803' title='bbox 3337 3520 3451 3579; x_wconf 85' lang='grc' dir='ltr'>τοῖς</span> <span class='ocrx_word' id='word_1_804' title='bbox 3499 3516 3686 3569; x_wconf 78' lang='grc' dir='ltr'>αὑτῶν</span> 
     </span>
    </p>
   </div>
   <div class='ocr_carea' id='block_1_102' title="bbox 2015 3604 3686 3678">
    <p class='ocr_par' dir='ltr' id='par_1_102' title="bbox 2015 3604 3686 3678">
     <span class='ocr_line' id='line_1_102' title="bbox 2015 3604 3686 3678; baseline 0 -21"><span class='ocrx_word' id='word_1_805' title='bbox 2015 3605 2189 3674; x_wconf 85' lang='grc' dir='ltr'>φίλοις</span> <span class='ocrx_word' id='word_1_806' title='bbox 2227 3604 2318 3657; x_wconf 80' lang='grc' dir='ltr'>ἐπὶ</span> <span class='ocrx_word' id='word_1_807' title='bbox 2343 3604 2531 3675; x_wconf 74' lang='grc' dir='ltr'>κακῷς</span> <span class='ocrx_word' id='word_1_808' title='bbox 2558 3605 2712 3658; x_wconf 85' lang='grc' dir='ltr'>πόσοι</span> <span class='ocrx_word' id='word_1_809' title='bbox 2735 3605 2918 3675; x_wconf 82' lang='grc' dir='ltr'>φιλίας</span> <span class='ocrx_word' id='word_1_810' title='bbox 2947 3604 3285 3668; x_wconf 82' lang='grc' dir='ltr'>αἰδεσθέντες</span> <span class='ocrx_word' id='word_1_811' title='bbox 3306 3604 3477 3678; x_wconf 86' lang='grc' dir='ltr'>μυρία</span> <span class='ocrx_word' id='word_1_812' title='bbox 3495 3604 3686 3674; x_wconf 80' lang='grc' dir='ltr'>ήμαρ-</span> 
     </span>
    </p>
   </div>
   <div class='ocr_carea' id='block_1_103' title="bbox 2013 3709 2141 3758">
    <p class='ocr_par' dir='ltr' id='par_1_103' title="bbox 2013 3709 2141 3758">
     <span class='ocr_line' id='line_1_103' title="bbox 2013 3709 2141 3758; baseline -0.016 -12"><span class='ocrx_word' id='word_1_813' title='bbox 2013 3709 2106 3746; x_wconf 86' lang='grc' dir='ltr'>τον</span> <span class='ocrx_word' id='word_1_814' title='bbox 2125 3709 2141 3758; x_wconf 88' lang='grc'><strong>;</strong></span> 
     </span>
    </p>
   </div>
   <div class='ocr_carea' id='block_1_104' title="bbox 2083 3802 3682 3880">
    <p class='ocr_par' dir='ltr' id='par_1_104' title="bbox 2083 3802 3682 3880">
     <span class='ocr_line' id='line_1_104' title="bbox 2083 3802 3682 3880; baseline -0.003 -19"><span class='ocrx_word' id='word_1_815' title='bbox 2083 3804 2152 3875; x_wconf 86' lang='grc' dir='ltr'>γ’.</span> <span class='ocrx_word' id='word_1_816' title='bbox 2178 3808 2239 3860; x_wconf 86' lang='grc' dir='ltr'><strong>Εἰ</strong></span> <span class='ocrx_word' id='word_1_817' title='bbox 2265 3806 2442 3860; x_wconf 85' lang='grc' dir='ltr'>τοίνυν</span> <span class='ocrx_word' id='word_1_818' title='bbox 2469 3807 2562 3861; x_wconf 72' lang='grc' dir='ltr'>καὶ</span> <span class='ocrx_word' id='word_1_819' title='bbox 2583 3805 2751 3871; x_wconf 77' lang='grc' dir='ltr'>πάθος</span> <span class='ocrx_word' id='word_1_820' title='bbox 2773 3807 2863 3861; x_wconf 65' lang='grc' dir='ltr'>καὶ</span> <span class='ocrx_word' id='word_1_821' title='bbox 2884 3807 3045 3871; x_wconf 79' lang='grc' dir='ltr'>αἰδὼς</span> <span class='ocrx_word' id='word_1_822' title='bbox 3074 3806 3168 3880; x_wconf 70' lang='grc' dir='ltr'>[Ξὲ</span> <span class='ocrx_word' id='word_1_823' title='bbox 3180 3805 3228 3879; x_wconf 76' lang='grc' dir='ltr'>ι]</span> <span class='ocrx_word' id='word_1_824' title='bbox 3253 3803 3570 3878; x_wconf 87' lang='grc' dir='ltr'>ἀνθρωπίνη</span> <span class='ocrx_word' id='word_1_825' title='bbox 3590 3802 3682 3858; x_wconf 84' lang='grc' dir='ltr'>δύ-</span> 
     </span>
    </p>
   </div>
   <div class='ocr_carea' id='block_1_105' title="bbox 2013 3895 3680 3967">
    <p class='ocr_par' dir='ltr' id='par_1_105' title="bbox 2013 3895 3680 3967">
     <span class='ocr_line' id='line_1_105' title="bbox 2013 3895 3680 3967; baseline -0.002 -18"><span class='ocrx_word' id='word_1_826' title='bbox 2013 3913 2169 3949; x_wconf 89' lang='grc' dir='ltr'>ναται</span> <span class='ocrx_word' id='word_1_827' title='bbox 2202 3895 2459 3966; x_wconf 78' lang='grc' dir='ltr'>ἐμϐαλεῖν</span> <span class='ocrx_word' id='word_1_828' title='bbox 2481 3896 2626 3965; x_wconf 81' lang='grc' dir='ltr'>ἡμᾶς</span> <span class='ocrx_word' id='word_1_829' title='bbox 2645 3896 2739 3948; x_wconf 73' lang='grc' dir='ltr'>καὶ</span> <span class='ocrx_word' id='word_1_830' title='bbox 2764 3896 2843 3957; x_wconf 82' lang='grc' dir='ltr'>είς</span> <span class='ocrx_word' id='word_1_831' title='bbox 2866 3896 3235 3967; x_wconf 78' lang='grc' dir='ltr'>ἁμαρτήματα</span> <span class='ocrx_word' id='word_1_832' title='bbox 3263 3896 3356 3948; x_wconf 63' lang='grc' dir='ltr'>καὶ¹</span> <span class='ocrx_word' id='word_1_833' title='bbox 3377 3896 3456 3958; x_wconf 81' lang='grc' dir='ltr'>είς</span> <span class='ocrx_word' id='word_1_834' title='bbox 3483 3910 3680 3964; x_wconf 86' lang='grc' dir='ltr'>κατορ-</span> 
     </span>
    </p>
   </div>
   <div class='ocr_carea' id='block_1_106' title="bbox 2017 3982 3679 4055">
    <p class='ocr_par' dir='ltr' id='par_1_106' title="bbox 2017 3982 3679 4055">
     <span class='ocr_line' id='line_1_106' title="bbox 2017 3982 3679 4055; baseline 0.001 -19"><span class='ocrx_word' id='word_1_835' title='bbox 2017 3982 2269 4054; x_wconf 84' lang='grc' dir='ltr'>θώματα,</span> <span class='ocrx_word' id='word_1_836' title='bbox 2297 3983 2418 4055; x_wconf 78' lang='grc' dir='ltr'>είκῆ</span> <span class='ocrx_word' id='word_1_837' title='bbox 2447 3982 2700 4053; x_wconf 87' lang='grc' dir='ltr'>λέγομεν,</span> <span class='ocrx_word' id='word_1_838' title='bbox 2740 3983 2821 4036; x_wconf 83' lang='grc' dir='ltr'>ὅτι</span> <span class='ocrx_word' id='word_1_839' title='bbox 2847 3984 2907 4036; x_wconf 90' lang='grc' dir='ltr'>οὑ</span> <span class='ocrx_word' id='word_1_840' title='bbox 2938 3982 3230 4054; x_wconf 81' lang='grc' dir='ltr'>δυνάμεθα·</span> <span class='ocrx_word' id='word_1_841' title='bbox 3264 3984 3538 4055; x_wconf 85' lang='grc' dir='ltr'>δυνάμεθα</span> <span class='ocrx_word' id='word_1_842' title='bbox 3568 3984 3679 4055; x_wconf 84' lang='grc' dir='ltr'>γάρ</span> 
     </span>
    </p>
   </div>
   <div class='ocr_carea' id='block_1_107' title="bbox 2015 4069 3678 4143">
    <p class='ocr_par' dir='ltr' id='par_1_107' title="bbox 2015 4069 3678 4143">
     <span class='ocr_line' id='line_1_107' title="bbox 2015 4069 3678 4143; baseline -0.001 -17"><span class='ocrx_word' id='word_1_843' title='bbox 2015 4071 2082 4127; x_wconf 82' lang='grc' dir='ltr'>ἂν</span> <span class='ocrx_word' id='word_1_844' title='bbox 2128 4070 2395 4143; x_wconf 83' lang='grc' dir='ltr'>θέλωμεν·</span> <span class='ocrx_word' id='word_1_845' title='bbox 2449 4069 2674 4139; x_wconf 76' lang='grc' dir='ltr'>θελῆσαι</span> <span class='ocrx_word' id='word_1_846' title='bbox 2720 4071 2777 4124; x_wconf 85' lang='grc' dir='ltr'>δέ</span> <span class='ocrx_word' id='word_1_847' title='bbox 2821 4072 3032 4134; x_wconf 75' lang='grc' dir='ltr'>πάντας</span> <span class='ocrx_word' id='word_1_848' title='bbox 3089 4073 3214 4140; x_wconf 85' lang='grc' dir='ltr'>χρή.</span> <span class='ocrx_word' id='word_1_849' title='bbox 3253 4071 3386 4123; x_wconf 84' lang='grc' dir='ltr'>Εἰπέ</span> <span class='ocrx_word' id='word_1_850' title='bbox 3445 4070 3511 4142; x_wconf 80' lang='grc' dir='ltr'>δή</span> <span class='ocrx_word' id='word_1_851' title='bbox 3562 4089 3678 4141; x_wconf 90' lang='grc' dir='ltr'>μοι,</span> 
     </span>
    </p>
   </div>
   <div class='ocr_carea' id='block_1_108' title="bbox 2015 4152 3681 4231">
    <p class='ocr_par' dir='ltr' id='par_1_108' title="bbox 2015 4152 3681 4231">
     <span class='ocr_line' id='line_1_108' title="bbox 2015 4152 3681 4231; baseline -0.001 -19"><span class='ocrx_word' id='word_1_852' title='bbox 2015 4159 2104 4213; x_wconf 90' lang='grc' dir='ltr'>διά</span> <span class='ocrx_word' id='word_1_853' title='bbox 2124 4160 2177 4213; x_wconf 89' lang='grc' dir='ltr'>τί</span> <span class='ocrx_word' id='word_1_854' title='bbox 2215 4161 2277 4211; x_wconf 82' lang='grc' dir='ltr'>οὑ</span> <span class='ocrx_word' id='word_1_855' title='bbox 2312 4159 2535 4213; x_wconf 84' lang='grc' dir='ltr'>δύνασαι</span> <span class='ocrx_word' id='word_1_856' title='bbox 2564 4158 2720 4229; x_wconf 77' lang='grc' dir='ltr'>δόξης</span> <span class='ocrx_word' id='word_1_857' title='bbox 2746 4160 2987 4229; x_wconf 86' lang='grc' dir='ltr'>κρατεῖν,</span> <span class='ocrx_word' id='word_1_858' title='bbox 3028 4159 3157 4211; x_wconf 80' lang='grc' dir='ltr'>ὅταν</span> <span class='ocrx_word' id='word_1_859' title='bbox 3187 4157 3362 4231; x_wconf 73' lang='grc' dir='ltr'>ἕτεροι</span> <span class='ocrx_word' id='word_1_860' title='bbox 3392 4152 3494 4210; x_wconf 82' lang='grc' dir='ltr'>ὦσι</span> <span class='ocrx_word' id='word_1_861' title='bbox 3544 4175 3681 4230; x_wconf 90' lang='grc' dir='ltr'>κρα-</span> 
     </span>
    </p>
   </div>
   <div class='ocr_carea' id='block_1_109' title="bbox 2015 4244 3677 4319">
    <p class='ocr_par' dir='ltr' id='par_1_109' title="bbox 2015 4244 3677 4319">
     <span class='ocr_line' id='line_1_109' title="bbox 2015 4244 3677 4319; baseline -0.004 -18"><span class='ocrx_word' id='word_1_862' title='bbox 2015 4247 2234 4311; x_wconf 88' lang='grc' dir='ltr'>τοῦντες</span> <span class='ocrx_word' id='word_1_863' title='bbox 2280 4248 2380 4318; x_wconf 84' lang='grc' dir='ltr'>τὴν</span> <span class='ocrx_word' id='word_1_864' title='bbox 2422 4247 2589 4319; x_wconf 78' lang='grc' dir='ltr'>αὑτὴν</span> <span class='ocrx_word' id='word_1_865' title='bbox 2643 4249 2857 4318; x_wconf 79' lang='grc' dir='ltr'>ἔχοντες</span> <span class='ocrx_word' id='word_1_866' title='bbox 2908 4246 3109 4316; x_wconf 68' lang='grc' dir='ltr'>ψυχὴν,</span> <span class='ocrx_word' id='word_1_867' title='bbox 3157 4244 3219 4297; x_wconf 75' lang='grc' dir='ltr'>τὸ</span> <span class='ocrx_word' id='word_1_868' title='bbox 3261 4245 3395 4299; x_wconf 78' lang='grc' dir='ltr'>αὑτὸ</span> <span class='ocrx_word' id='word_1_869' title='bbox 3437 4244 3595 4315; x_wconf 81' lang='grc' dir='ltr'>σῶμα</span> <span class='ocrx_word' id='word_1_870' title='bbox 3624 4244 3677 4312; x_wconf 69' lang='grc' dir='ltr'>δ,</span> 
     </span>
    </p>
   </div>
   <div class='ocr_carea' id='block_1_110' title="bbox 2017 4330 3717 4419">
    <p class='ocr_par' dir='ltr' id='par_1_110' title="bbox 2017 4330 3717 4419">
     <span class='ocr_line' id='line_1_110' title="bbox 2017 4330 3717 4419; baseline -0.002 -31"><span class='ocrx_word' id='word_1_871' title='bbox 2017 4335 2115 4406; x_wconf 81' lang='grc' dir='ltr'>τὴν</span> <span class='ocrx_word' id='word_1_872' title='bbox 2140 4333 2310 4404; x_wconf 76' lang='grc' dir='ltr'>αὐτὴν</span> <span class='ocrx_word' id='word_1_873' title='bbox 2337 4336 2568 4406; x_wconf 80' lang='grc' dir='ltr'>μορφὴν,</span> <span class='ocrx_word' id='word_1_874' title='bbox 2593 4336 2691 4405; x_wconf 77' lang='grc' dir='ltr'>τὴν</span> <span class='ocrx_word' id='word_1_875' title='bbox 2718 4335 2888 4404; x_wconf 76' lang='grc' dir='ltr'>αὑτὴν</span> <span class='ocrx_word' id='word_1_876' title='bbox 2942 4332 3144 4419; x_wconf 60' lang='grc' dir='ltr'>ζῶντες</span> <span class='ocrx_word' id='word_1_877' title='bbox 3171 4330 3350 4419; x_wconf 79' lang='grc' dir='ltr'>ζωήν;</span> <span class='ocrx_word' id='word_1_878' title='bbox 3398 4332 3681 4402; x_wconf 83' lang='grc' dir='ltr'>Ἐννόησον</span> <span class='ocrx_word' id='word_1_879' title='bbox 3714 4332 3717 4341; x_wconf 70' lang='grc'>”</span> 
     </span>
    </p>
   </div>
   <div class='ocr_carea' id='block_1_111' title="bbox 2020 4417 3677 4492">
    <p class='ocr_par' dir='ltr' id='par_1_111' title="bbox 2020 4417 3677 4492">
     <span class='ocr_line' id='line_1_111' title="bbox 2020 4417 3677 4492; baseline -0.004 -16"><span class='ocrx_word' id='word_1_880' title='bbox 2020 4423 2110 4476; x_wconf 81' lang='grc' dir='ltr'>τὸν</span> <span class='ocrx_word' id='word_1_881' title='bbox 2134 4421 2287 4485; x_wconf 82' lang='grc' dir='ltr'>Θεὸν,</span> <span class='ocrx_word' id='word_1_882' title='bbox 2312 4422 2565 4492; x_wconf 85' lang='grc' dir='ltr'>ἐννόησον</span> <span class='ocrx_word' id='word_1_883' title='bbox 2590 4422 2689 4491; x_wconf 78' lang='grc' dir='ltr'>τὴν</span> <span class='ocrx_word' id='word_1_884' title='bbox 2709 4421 2912 4475; x_wconf 86' lang='grc' dir='ltr'>ἀνωθεν</span> <span class='ocrx_word' id='word_1_885' title='bbox 2968 4418 3145 4484; x_wconf 82' lang='grc' dir='ltr'>δόξαν·</span> <span class='ocrx_word' id='word_1_886' title='bbox 3179 4417 3498 4491; x_wconf 87' lang='grc' dir='ltr'>ἀντίστησον</span> <span class='ocrx_word' id='word_1_887' title='bbox 3540 4419 3677 4492; x_wconf 81' lang='grc' dir='ltr'>αὑτῇ</span> 
     </span>
    </p>
   </div>
   <div class='ocr_carea' id='block_1_112' title="bbox 2019 4506 3681 4582">
    <p class='ocr_par' dir='ltr' id='par_1_112' title="bbox 2019 4506 3681 4582">
     <span class='ocr_line' id='line_1_112' title="bbox 2019 4506 3681 4582; baseline -0.001 -19"><span class='ocrx_word' id='word_1_888' title='bbox 2019 4509 2088 4563; x_wconf 84' lang='grc' dir='ltr'>τά</span> <span class='ocrx_word' id='word_1_889' title='bbox 2113 4510 2376 4582; x_wconf 87' lang='grc' dir='ltr'>παρόντα,</span> <span class='ocrx_word' id='word_1_890' title='bbox 2407 4511 2501 4562; x_wconf 74' lang='grc' dir='ltr'>καὶ</span> <span class='ocrx_word' id='word_1_891' title='bbox 2521 4508 2728 4580; x_wconf 82' lang='grc' dir='ltr'>ταχέως</span> <span class='ocrx_word' id='word_1_892' title='bbox 2764 4507 2966 4577; x_wconf 82' lang='grc' dir='ltr'>ταύτης</span> <span class='ocrx_word' id='word_1_893' title='bbox 3009 4506 3396 4579; x_wconf 82' lang='grc' dir='ltr'>ἀποπηδήσεις.</span> <span class='ocrx_word' id='word_1_894' title='bbox 3427 4506 3603 4571; x_wconf 85' lang='grc' dir='ltr'>ὀλως</span> <span class='ocrx_word' id='word_1_895' title='bbox 3630 4510 3681 4561; x_wconf 90' lang='grc' dir='ltr'>εί</span> 
     </span>
    </p>
   </div>
   <div class='ocr_carea' id='block_1_113' title="bbox 2019 4595 3680 4668">
    <p class='ocr_par' dir='ltr' id='par_1_113' title="bbox 2019 4595 3680 4668">
     <span class='ocr_line' id='line_1_113' title="bbox 2019 4595 3680 4668; baseline -0.002 -16"><span class='ocrx_word' id='word_1_896' title='bbox 2019 4596 2177 4664; x_wconf 82' lang='grc' dir='ltr'>δόξης</span> <span class='ocrx_word' id='word_1_897' title='bbox 2199 4598 2507 4668; x_wconf 83' lang='grc' dir='ltr'>ἐπιθυμεῖς,</span> <span class='ocrx_word' id='word_1_898' title='bbox 2530 4597 2630 4667; x_wconf 82' lang='grc' dir='ltr'>τῆς</span> <span class='ocrx_word' id='word_1_899' title='bbox 2674 4597 2841 4660; x_wconf 79' lang='grc' dir='ltr'>ὅντως</span> <span class='ocrx_word' id='word_1_900' title='bbox 2862 4597 3017 4668; x_wconf 81' lang='grc' dir='ltr'>δόξης</span> <span class='ocrx_word' id='word_1_901' title='bbox 3059 4595 3337 4668; x_wconf 83' lang='grc' dir='ltr'>ἐπιθύμει.</span> <span class='ocrx_word' id='word_1_902' title='bbox 3371 4596 3505 4649; x_wconf 88' lang='grc' dir='ltr'>Ποία</span> <span class='ocrx_word' id='word_1_903' title='bbox 3550 4595 3680 4662; x_wconf 81' lang='grc' dir='ltr'>δόξα</span> 
     </span>
    </p>
   </div>
   <div class='ocr_carea' id='block_1_114' title="bbox 2019 4685 3679 4758">
    <p class='ocr_par' dir='ltr' id='par_1_114' title="bbox 2019 4685 3679 4758">
     <span class='ocr_line' id='line_1_114' title="bbox 2019 4685 3679 4758; baseline -0.002 -17"><span class='ocrx_word' id='word_1_904' title='bbox 2019 4687 2147 4741; x_wconf 81' lang='grc' dir='ltr'>ὅταν</span> <span class='ocrx_word' id='word_1_905' title='bbox 2210 4687 2432 4757; x_wconf 81' lang='grc' dir='ltr'>ἀτιμίας</span> <span class='ocrx_word' id='word_1_906' title='bbox 2469 4689 2632 4758; x_wconf 80' lang='grc' dir='ltr'>ποιῇ;</span> <span class='ocrx_word' id='word_1_907' title='bbox 2682 4685 2810 4740; x_wconf 88' lang='grc' dir='ltr'>ποία</span> <span class='ocrx_word' id='word_1_908' title='bbox 2855 4685 3002 4750; x_wconf 74' lang='grc' dir='ltr'>δόξα,</span> <span class='ocrx_word' id='word_1_909' title='bbox 3059 4685 3187 4740; x_wconf 81' lang='grc' dir='ltr'>ὅταν</span> <span class='ocrx_word' id='word_1_910' title='bbox 3238 4686 3336 4755; x_wconf 75' lang='grc' dir='ltr'>τῆς</span> <span class='ocrx_word' id='word_1_911' title='bbox 3382 4685 3679 4739; x_wconf 82' lang='grc' dir='ltr'>ἐλαττόνων</span> 
     </span>
    </p>
   </div>
   <div class='ocr_carea' id='block_1_115' title="bbox 2018 4771 3677 4846">
    <p class='ocr_par' dir='ltr' id='par_1_115' title="bbox 2018 4771 3677 4846">
     <span class='ocr_line' id='line_1_115' title="bbox 2018 4771 3677 4846; baseline -0.001 -19"><span class='ocrx_word' id='word_1_912' title='bbox 2018 4774 2300 4845; x_wconf 77' lang='grc' dir='ltr'>ἀναγκάζῃ</span> <span class='ocrx_word' id='word_1_913' title='bbox 2332 4778 2496 4846; x_wconf 74' lang='grc' dir='ltr'>τιμῆς</span> <span class='ocrx_word' id='word_1_914' title='bbox 2521 4774 2787 4844; x_wconf 86' lang='grc' dir='ltr'>ἐφίεσθαι,</span> <span class='ocrx_word' id='word_1_915' title='bbox 2828 4773 3088 4842; x_wconf 83' lang='grc' dir='ltr'>κάκείνης</span> <span class='ocrx_word' id='word_1_916' title='bbox 3129 4771 3318 4844; x_wconf 86' lang='grc' dir='ltr'>χρείαν</span> <span class='ocrx_word' id='word_1_917' title='bbox 3353 4772 3485 4845; x_wconf 66' lang='lat' dir='ltr'>Em;</span> <span class='ocrx_word' id='word_1_918' title='bbox 3531 4772 3677 4843; x_wconf 87' lang='grc' dir='ltr'>Τιμή</span> 
     </span>
    </p>
   </div>
   <div class='ocr_carea' id='block_1_116' title="bbox 2019 4857 3685 4931">
    <p class='ocr_par' dir='ltr' id='par_1_116' title="bbox 2019 4857 3685 4931">
     <span class='ocr_line' id='line_1_116' title="bbox 2019 4857 3685 4931; baseline -0.002 -17"><span class='ocrx_word' id='word_1_919' title='bbox 2019 4862 2134 4914; x_wconf 80' lang='grc' dir='ltr'>ἐστι</span> <span class='ocrx_word' id='word_1_920' title='bbox 2156 4860 2215 4914; x_wconf 86' lang='grc' dir='ltr'>τὸ</span> <span class='ocrx_word' id='word_1_921' title='bbox 2237 4862 2336 4931; x_wconf 84' lang='grc' dir='ltr'>τῆς</span> <span class='ocrx_word' id='word_1_922' title='bbox 2366 4862 2516 4931; x_wconf 82' lang='grc' dir='ltr'>παρά</span> <span class='ocrx_word' id='word_1_923' title='bbox 2534 4860 2645 4912; x_wconf 80' lang='grc' dir='ltr'>τῶν</span> <span class='ocrx_word' id='word_1_924' title='bbox 2678 4858 2939 4930; x_wconf 80' lang='grc' dir='ltr'>μειζόνων</span> <span class='ocrx_word' id='word_1_925' title='bbox 2982 4858 3277 4913; x_wconf 85' lang='grc' dir='ltr'>ἀπολαύειν</span> <span class='ocrx_word' id='word_1_926' title='bbox 3299 4860 3476 4929; x_wconf 84' lang='grc' dir='ltr'>δόξης.</span> <span class='ocrx_word' id='word_1_927' title='bbox 3502 4857 3685 4919; x_wconf 75' lang='grc' dir='ltr'>Ὅλως-</span> 
     </span>
    </p>
   </div>
   <div class='ocr_carea' id='block_1_117' title="bbox 2017 4943 3678 5020">
    <p class='ocr_par' dir='ltr' id='par_1_117' title="bbox 2017 4943 3678 5020">
     <span class='ocr_line' id='line_1_117' title="bbox 2017 4943 3678 5020; baseline -0.003 -19"><span class='ocrx_word' id='word_1_928' title='bbox 2017 4950 2067 5001; x_wconf 86' lang='grc' dir='ltr'>εί</span> <span class='ocrx_word' id='word_1_929' title='bbox 2116 4948 2274 5018; x_wconf 82' lang='grc' dir='ltr'>δόξης</span> <span class='ocrx_word' id='word_1_930' title='bbox 2304 4950 2457 5020; x_wconf 83' lang='grc' dir='ltr'>ἐρᾷς,</span> <span class='ocrx_word' id='word_1_931' title='bbox 2517 4948 2715 5018; x_wconf 83' lang='grc' dir='ltr'>μᾶλλον</span> <span class='ocrx_word' id='word_1_932' title='bbox 2745 4945 3003 5016; x_wconf 86' lang='grc' dir='ltr'>ἐράσθητι</span> <span class='ocrx_word' id='word_1_933' title='bbox 3037 4946 3137 5016; x_wconf 73' lang='grc' dir='ltr'>τῆς</span> <span class='ocrx_word' id='word_1_934' title='bbox 3185 4945 3336 5017; x_wconf 87' lang='grc' dir='ltr'>παρά</span> <span class='ocrx_word' id='word_1_935' title='bbox 3377 4945 3471 4998; x_wconf 85' lang='grc' dir='ltr'>τοῦ</span> <span class='ocrx_word' id='word_1_936' title='bbox 3519 4943 3678 4997; x_wconf 86' lang='grc' dir='ltr'>Θεοῦ.</span> 
     </span>
    </p>
   </div>
   <div class='ocr_carea' id='block_1_118' title="bbox 2021 5030 3657 5106">
    <p class='ocr_par' dir='ltr' id='par_1_118' title="bbox 2021 5030 3657 5106">
     <span class='ocr_line' id='line_1_118' title="bbox 2021 5030 3657 5106; baseline -0.003 -19"><span class='ocrx_word' id='word_1_937' title='bbox 2021 5036 2118 5089; x_wconf 77' lang='grc' dir='ltr'><strong>Ἂν</strong></span> <span class='ocrx_word' id='word_1_938' title='bbox 2150 5035 2402 5106; x_wconf 72' lang='grc' dir='ltr'>ἐρασθεὶς</span> <span class='ocrx_word' id='word_1_939' title='bbox 2427 5035 2666 5104; x_wconf 83' lang='grc' dir='ltr'>ἐκείνης,</span> <span class='ocrx_word' id='word_1_940' title='bbox 2695 5034 2898 5103; x_wconf 84' lang='grc' dir='ltr'>ταύτης</span> <span class='ocrx_word' id='word_1_941' title='bbox 2941 5034 3377 5105; x_wconf 75' lang='grc' dir='ltr'>καταφρονήσῃς,</span> <span class='ocrx_word' id='word_1_942' title='bbox 3403 5031 3524 5101; x_wconf 72' lang='grc' dir='ltr'>θψει</span> <span class='ocrx_word' id='word_1_943' title='bbox 3557 5030 3657 5085; x_wconf 89' lang='grc' dir='ltr'>ταύ</span> 
     </span>
    </p>
   </div>
   <div class='ocr_carea' id='block_1_119' title="bbox 2018 5118 3681 5193">
    <p class='ocr_par' dir='ltr' id='par_1_119' title="bbox 2018 5118 3681 5193">
     <span class='ocr_line' id='line_1_119' title="bbox 2018 5118 3681 5193; baseline -0.004 -17"><span class='ocrx_word' id='word_1_944' title='bbox 2018 5140 2119 5193; x_wconf 87' lang='grc' dir='ltr'>την</span> <span class='ocrx_word' id='word_1_945' title='bbox 2145 5124 2359 5193; x_wconf 85' lang='grc' dir='ltr'>ἀτιμον·</span> <span class='ocrx_word' id='word_1_946' title='bbox 2386 5123 2490 5184; x_wconf 79' lang='grc' dir='ltr'>ἓως</span> <span class='ocrx_word' id='word_1_947' title='bbox 2517 5122 2583 5175; x_wconf 84' lang='grc' dir='ltr'>ἀν</span> <span class='ocrx_word' id='word_1_948' title='bbox 2612 5122 2828 5193; x_wconf 85' lang='grc' dir='ltr'>ἐκείνην</span> <span class='ocrx_word' id='word_1_949' title='bbox 2866 5120 2939 5192; x_wconf 87' lang='grc' dir='ltr'>μὴ</span> <span class='ocrx_word' id='word_1_950' title='bbox 2974 5120 3112 5191; x_wconf 78' lang='grc' dir='ltr'>ἴδῃς,</span> <span class='ocrx_word' id='word_1_951' title='bbox 3159 5120 3278 5174; x_wconf 76' lang='grc' dir='ltr'>οὐδὲ</span> <span class='ocrx_word' id='word_1_952' title='bbox 3304 5118 3533 5190; x_wconf 88' lang='grc' dir='ltr'>ταύτην-</span> <span class='ocrx_word' id='word_1_953' title='bbox 3552 5118 3681 5171; x_wconf 78' lang='grc' dir='ltr'>ἰδεῖν</span> 
     </span>
    </p>
   </div>
   <div class='ocr_carea' id='block_1_120' title="bbox 2017 5205 3679 5284">
    <p class='ocr_par' dir='ltr' id='par_1_120' title="bbox 2017 5205 3679 5284">
     <span class='ocr_line' id='line_1_120' title="bbox 2017 5205 3679 5284; baseline -0.004 -21"><span class='ocrx_word' id='word_1_954' title='bbox 2017 5210 2223 5284; x_wconf 80' lang='grc' dir='ltr'>δυνήσῃ</span> <span class='ocrx_word' id='word_1_955' title='bbox 2250 5210 2367 5272; x_wconf 88' lang='grc' dir='ltr'>πῶς</span> <span class='ocrx_word' id='word_1_956' title='bbox 2392 5212 2540 5262; x_wconf 83' lang='grc' dir='ltr'>ἐστιν</span> <span class='ocrx_word' id='word_1_957' title='bbox 2568 5207 2789 5279; x_wconf 80' lang='grc' dir='ltr'>αἰσχρά,</span> <span class='ocrx_word' id='word_1_958' title='bbox 2818 5208 2935 5272; x_wconf 87' lang='grc' dir='ltr'>πῶς</span> <span class='ocrx_word' id='word_1_959' title='bbox 2957 5207 3375 5274; x_wconf 79' lang='grc' dir='ltr'>καταγέλαστος.</span> <span class='ocrx_word' id='word_1_960' title='bbox 3414 5205 3679 5277; x_wconf 84' lang='grc' dir='ltr'>Καθάπερ</span> 
     </span>
    </p>
   </div>
   <div class='ocr_carea' id='block_1_121' title="bbox 2020 5292 3673 5369">
    <p class='ocr_par' dir='ltr' id='par_1_121' title="bbox 2020 5292 3673 5369">
     <span class='ocr_line' id='line_1_121' title="bbox 2020 5292 3673 5369; baseline -0.003 -19"><span class='ocrx_word' id='word_1_961' title='bbox 2020 5298 2129 5368; x_wconf 78' lang='grc' dir='ltr'>γάρ</span> <span class='ocrx_word' id='word_1_962' title='bbox 2141 5298 2190 5350; x_wconf 85' lang='grc' dir='ltr'>οἱ</span> <span class='ocrx_word' id='word_1_963' title='bbox 2210 5298 2422 5369; x_wconf 78' lang='grc' dir='ltr'>πονηρᾷ</span> <span class='ocrx_word' id='word_1_964' title='bbox 2441 5314 2543 5349; x_wconf 85' lang='grc' dir='ltr'>τινι</span> <span class='ocrx_word' id='word_1_965' title='bbox 2557 5297 2775 5364; x_wconf 71' lang='grc' dir='ltr'>γυναικὶ</span> <span class='ocrx_word' id='word_1_966' title='bbox 2790 5295 3321 5367; x_wconf 87' lang='grc' dir='ltr'>προκατειλημμένοι</span> <span class='ocrx_word' id='word_1_967' title='bbox 3341 5292 3567 5362; x_wconf 85' lang='grc' dir='ltr'>εἰδεχθεῖ</span> <span class='ocrx_word' id='word_1_968' title='bbox 3584 5295 3673 5347; x_wconf 67' lang='lat' dir='ltr'>3a&quot;</span> 
     </span>
    </p>
   </div>
   <div class='ocr_carea' id='block_1_122' title="bbox 2022 5379 3680 5457">
    <p class='ocr_par' dir='ltr' id='par_1_122' title="bbox 2022 5379 3680 5457">
     <span class='ocr_line' id='line_1_122' title="bbox 2022 5379 3680 5457; baseline -0.005 -17"><span class='ocrx_word' id='word_1_969' title='bbox 2022 5386 2245 5457; x_wconf 85' lang='grc' dir='ltr'>αἰσχρᾷ,</span> <span class='ocrx_word' id='word_1_970' title='bbox 2276 5385 2382 5448; x_wconf 73' lang='grc' dir='ltr'>ἕως</span> <span class='ocrx_word' id='word_1_971' title='bbox 2405 5384 2469 5438; x_wconf 78' lang='grc' dir='ltr'>ἂν</span> <span class='ocrx_word' id='word_1_972' title='bbox 2498 5382 2725 5454; x_wconf 79' lang='grc' dir='ltr'>φιλῶσιν</span> <span class='ocrx_word' id='word_1_973' title='bbox 2777 5384 2968 5455; x_wconf 80' lang='grc' dir='ltr'>αὑτὴν,</span> <span class='ocrx_word' id='word_1_974' title='bbox 2992 5384 3052 5435; x_wconf 80' lang='grc' dir='ltr'>οὑ</span> <span class='ocrx_word' id='word_1_975' title='bbox 3082 5382 3332 5435; x_wconf 79' lang='grc' dir='ltr'>δύνανται</span> <span class='ocrx_word' id='word_1_976' title='bbox 3360 5381 3458 5451; x_wconf 85' lang='grc' dir='ltr'>τὴν</span> <span class='ocrx_word' id='word_1_977' title='bbox 3504 5379 3680 5433; x_wconf 85' lang='grc' dir='ltr'>δυσεί-</span> 
     </span>
    </p>
   </div>
   <div class='ocr_carea' id='block_1_123' title="bbox 2020 5466 3679 5539">
    <p class='ocr_par' dir='ltr' id='par_1_123' title="bbox 2020 5466 3679 5539">
     <span class='ocr_line' id='line_1_123' title="bbox 2020 5466 3679 5539; baseline -0.005 -10"><span class='ocrx_word' id='word_1_978' title='bbox 2020 5476 2168 5531; x_wconf 88' lang='grc' dir='ltr'>δειαν</span> <span class='ocrx_word' id='word_1_979' title='bbox 2202 5486 2226 5514; x_wconf 77' lang='grc' dir='ltr'>ε</span> <span class='ocrx_word' id='word_1_980' title='bbox 2255 5475 2403 5538; x_wconf 82' lang='grc' dir='ltr'>ἰδεῖν,</span> <span class='ocrx_word' id='word_1_981' title='bbox 2433 5473 2529 5526; x_wconf 86' lang='grc' dir='ltr'>τοῦ</span> <span class='ocrx_word' id='word_1_982' title='bbox 2563 5473 2765 5536; x_wconf 88' lang='grc' dir='ltr'>πάθους</span> <span class='ocrx_word' id='word_1_983' title='bbox 2785 5472 3194 5534; x_wconf 81' lang='grc' dir='ltr'>ἐπισκοτοῦντος</span> <span class='ocrx_word' id='word_1_984' title='bbox 3219 5472 3284 5539; x_wconf 78' lang='grc' dir='ltr'>τῇ</span> <span class='ocrx_word' id='word_1_985' title='bbox 3308 5468 3506 5539; x_wconf 88' lang='grc' dir='ltr'>κρίσει·</span> <span class='ocrx_word' id='word_1_986' title='bbox 3537 5466 3679 5521; x_wconf 81' lang='grc' dir='ltr'>οὕτω</span> 
     </span>
    </p>
   </div>
   <div class='ocr_carea' id='block_1_124' title="bbox 2020 5557 3680 5636">
    <p class='ocr_par' dir='ltr' id='par_1_124' title="bbox 2020 5557 3680 5636">
     <span class='ocr_line' id='line_1_124' title="bbox 2020 5557 3680 5636; baseline -0.005 -17"><span class='ocrx_word' id='word_1_987' title='bbox 2020 5566 2084 5636; x_wconf 83' lang='grc' dir='ltr'>δὴ</span> <span class='ocrx_word' id='word_1_988' title='bbox 2104 5564 2195 5618; x_wconf 69' lang='grc' dir='ltr'>καὶ</span> <span class='ocrx_word' id='word_1_989' title='bbox 2210 5562 2463 5617; x_wconf 85' lang='grc' dir='ltr'>ἐνταῦθα·</span> <span class='ocrx_word' id='word_1_990' title='bbox 2491 5560 2595 5624; x_wconf 76' lang='grc' dir='ltr'>ἕως</span> <span class='ocrx_word' id='word_1_991' title='bbox 2614 5561 2679 5615; x_wconf 85' lang='grc' dir='ltr'>ἀν</span> <span class='ocrx_word' id='word_1_992' title='bbox 2705 5557 3062 5630; x_wconf 82' lang='grc' dir='ltr'>κατεχὼμεθα</span> <span class='ocrx_word' id='word_1_993' title='bbox 3076 5557 3153 5628; x_wconf 80' lang='grc' dir='ltr'>τῷ</span> <span class='ocrx_word' id='word_1_994' title='bbox 3169 5558 3350 5623; x_wconf 85' lang='grc' dir='ltr'>πάθει,</span> <span class='ocrx_word' id='word_1_995' title='bbox 3373 5558 3433 5611; x_wconf 83' lang='grc' dir='ltr'>οὑ</span> <span class='ocrx_word' id='word_1_996' title='bbox 3450 5557 3680 5629; x_wconf 79' lang='grc' dir='ltr'>δυνάμε·</span> 
     </span>
    </p>
   </div>
   <div class='ocr_carea' id='block_1_125' title="bbox 2083 5738 3681 5807">
    <p class='ocr_par' dir='ltr' id='par_1_125' title="bbox 2083 5738 3681 5807">
     <span class='ocr_line' id='line_1_125' title="bbox 2083 5738 3681 5807; baseline -0.005 -12"><span class='ocrx_word' id='word_1_997' title='bbox 2083 5746 2112 5786; x_wconf 73' lang='lat' dir='ltr'><strong>h</strong></span> <span class='ocrx_word' id='word_1_998' title='bbox 2142 5744 2422 5807; x_wconf 70' lang='lat' dir='ltr'>Legebalnr</span> <span class='ocrx_word' id='word_1_999' title='bbox 2458 5744 2628 5802; x_wconf 78' lang='grc' dir='ltr'>οἱκίας,</span> <span class='ocrx_word' id='word_1_1000' title='bbox 2674 5742 2859 5807; x_wconf 20' lang='grc' dir='ltr'>(ιιιοιιλθ</span> <span class='ocrx_word' id='word_1_1001' title='bbox 2879 5744 2991 5807; x_wconf 69' lang='lat' dir='ltr'>Sav.</span> <span class='ocrx_word' id='word_1_1002' title='bbox 3030 5738 3260 5807; x_wconf 50' lang='lat' dir='ltr'>eltribjgs</span> <span class='ocrx_word' id='word_1_1003' title='bbox 3281 5739 3417 5807; x_wconf 47' lang='lat' dir='ltr'>cnﬂd.</span> <span class='ocrx_word' id='word_1_1004' title='bbox 3457 5741 3681 5807; x_wconf 58' lang='grc' dir='ltr'>εστι-ετξ-</span> 
     </span>
    </p>
   </div>
   <div class='ocr_carea' id='block_1_126' title="bbox 2022 5800 3677 5867">
    <p class='ocr_par' dir='ltr' id='par_1_126' title="bbox 2022 5800 3677 5867">
     <span class='ocr_line' id='line_1_126' title="bbox 2022 5800 3677 5867; baseline -0.007 -9"><span class='ocrx_word' id='word_1_1005' title='bbox 2022 5822 2150 5858; x_wconf 85' lang='lat' dir='ltr'>mus.</span> <span class='ocrx_word' id='word_1_1006' title='bbox 2184 5800 2322 5857; x_wconf 71' lang='grc' dir='ltr'>Ιῖοιτ.</span> <span class='ocrx_word' id='word_1_1007' title='bbox 2389 5807 2411 5835; x_wconf 70' lang='grc' dir='ltr'><em>ε</em></span> <span class='ocrx_word' id='word_1_1008' title='bbox 2439 5800 2642 5865; x_wconf 79' lang='lat' dir='ltr'>Quidam</span> <span class='ocrx_word' id='word_1_1009' title='bbox 2684 5800 2860 5867; x_wconf 74' lang='grc' dir='ltr'>πηροὺς</span> <span class='ocrx_word' id='word_1_1010' title='bbox 2888 5804 3056 5867; x_wconf 62' lang='grc' dir='ltr'>ὅντως.</span> <span class='ocrx_word' id='word_1_1011' title='bbox 3138 5801 3164 5867; x_wconf 57' lang='grc' dir='ltr'>ς</span> <span class='ocrx_word' id='word_1_1012' title='bbox 3194 5800 3234 5867; x_wconf 69' lang='grc' dir='ltr'><strong>Ε</strong></span> <span class='ocrx_word' id='word_1_1013' title='bbox 3260 5802 3397 5849; x_wconf 73' lang='lat' dir='ltr'>codd.</span> <span class='ocrx_word' id='word_1_1014' title='bbox 3425 5813 3491 5867; x_wconf 23' lang='lat' dir='ltr'>Aet</span> <span class='ocrx_word' id='word_1_1015' title='bbox 3524 5804 3677 5853; x_wconf 83' lang='lat' dir='ltr'>Savil.</span> 
     </span>
    </p>
   </div>
   <div class='ocr_carea' id='block_1_127' title="bbox 2024 5863 3677 5931">
    <p class='ocr_par' dir='ltr' id='par_1_127' title="bbox 2024 5863 3677 5931">
     <span class='ocr_line' id='line_1_127' title="bbox 2024 5863 3677 5931; baseline -0.002 -14"><span class='ocrx_word' id='word_1_1016' title='bbox 2024 5869 2194 5930; x_wconf 81' lang='lat' dir='ltr'>verba,</span> <span class='ocrx_word' id='word_1_1017' title='bbox 2213 5869 2394 5931; x_wconf 63' lang='grc' dir='ltr'>ἔχοντες</span> <span class='ocrx_word' id='word_1_1018' title='bbox 2416 5863 2585 5931; x_wconf 72' lang='grc' dir='ltr'>ψυχὴν,</span> <span class='ocrx_word' id='word_1_1019' title='bbox 2612 5863 2806 5931; x_wconf 15' lang='grc' dir='ltr'>τὸίαύξιὸ</span> <span class='ocrx_word' id='word_1_1020' title='bbox 2825 5867 2989 5931; x_wconf 73' lang='grc' dir='ltr'>σῷμα,</span> <span class='ocrx_word' id='word_1_1021' title='bbox 3010 5865 3096 5922; x_wconf 78' lang='grc' dir='ltr'>τήν</span> <span class='ocrx_word' id='word_1_1022' title='bbox 3113 5863 3280 5924; x_wconf 76' lang='grc' dir='ltr'>αὑτήν,</span> <span class='ocrx_word' id='word_1_1023' title='bbox 3297 5865 3523 5927; x_wconf 68' lang='lat' dir='ltr'>suppleta</span> <span class='ocrx_word' id='word_1_1024' title='bbox 3543 5868 3677 5916; x_wconf 70' lang='lat' dir='ltr'><strong>sunt.</strong></span> 
     </span>
    </p>
   </div>
   <div class='ocr_carea' id='block_1_128' title="bbox 2026 5928 2992 5989">
    <p class='ocr_par' dir='ltr' id='par_1_128' title="bbox 2026 5928 2992 5989">
     <span class='ocr_line' id='line_1_128' title="bbox 2026 5928 2992 5989; baseline -0.004 -8"><span class='ocrx_word' id='word_1_1025' title='bbox 2026 5928 2185 5982; x_wconf 52' lang='lat' dir='ltr'>Ebur;</span> <span class='ocrx_word' id='word_1_1026' title='bbox 2231 5928 2267 5971; x_wconf 50' lang='grc' dir='ltr'>δ’</span> <span class='ocrx_word' id='word_1_1027' title='bbox 2291 5928 2437 5980; x_wconf 45' lang='lat' dir='ltr'>Unus’</span> <span class='ocrx_word' id='word_1_1028' title='bbox 2454 5928 2609 5980; x_wconf 67' lang='lat' dir='ltr'><strong>cbdex</strong></span> <span class='ocrx_word' id='word_1_1029' title='bbox 2635 5930 2721 5989; x_wconf 77' lang='grc' dir='ltr'>τήν</span> <span class='ocrx_word' id='word_1_1030' title='bbox 2743 5928 2992 5977; x_wconf 83' lang='grc' dir='ltr'>δυσωδίαν.</span> 
     </span>
    </p>
   </div>
  </div>
