4104 6148
419 237 537 292 ili

420 353 487 405 θα
521 351 749 406 συνιδεῖν
774 350 884 406 οἷόν
912 351 1027 405 ἐστι
1044 350 1231 402 κακόν.
1266 348 1389 411 Πῶς
1416 345 1507 402 οῦν
1526 349 1964 419 ἀπαλλαγείημεν
1990 351 2077 414 ἂν,

419 440 602 510 φησὶν,
627 440 821 501 αὐτοῦς
853 438 1187 498 Ἐννόειτοὺς
1206 440 1459 505 χρήματα
1481 434 1860 497 ἀναλώσαντας
1886 435 2075 506 μυρία,

420 529 513 581 καὶ
545 528 696 581 οὐδὲν
716 528 808 581 ἀπ’
832 525 1009 579 αὐτῶν
1036 523 1502 593 καρπωσαμένους
1530 535 1575 562 ιι·
1611 521 1778 574 ἐννόει
1809 524 1933 585 τοὺς
1955 523 2082 575 ἀπο-

421 613 679 674 θανόντας
697 614 829 682 δσης
859 611 1183 682 ἀπήλαυσαν
1221 611 1395 680 δόξης,
1431 611 1526 662 καὶ
1555 607 1792 677 οὐδαμοῦ
1818 608 1956 679 αῦτη
1992 608 2082 678 βεο

420 699 573 755 ὄαία.
598 698 711 750 ἀλλ’
741 698 984 751 ἀπόλωλε
1012 698 1105 750 καὶ
1125 695 1466 766 διέφθαρται·
1494 696 1765 763 ἐννόησον.
1800 696 1880 748 ὅτι
1912 695 2081 765 δνομα

424 785 591 854 μόναν
614 785 757 847 ἐστὶ,
791 787 1025 856 πρᾶγμα
1058 783 1115 835 δὲ
1138 783 1237 836 οὐκ
1260 783 1391 851 ἔχει·
1417 782 1538 834 ἐπεὶ
1561 781 1613 833 τί
1636 784 1748 833 ἐστι
1769 780 1925 845 δόξα;
1960 782 2082 835 εἰπέ

423 891 534 942 μοι·
566 874 657 938 δὸς
687 876 817 945 ὅρον
850 874 996 928 τινά.
1023 873 1097 926 Τὸ
1121 870 1493 940 θαυμάζεσθαι
1524 870 1673 938 παρά
1712 870 1950 929 πάντων.
1973 887 2081 940 φη-

422 960 496 1012 σί.
526 960 781 1023 Δικαίως,
808 960 841 1030 ἢ
870 961 965 1013 καὶ
984 959 1223 1024 «ﬁlum;
1256 959 1319 1011 Εἰ
1348 958 1446 1027 μὲν
1473 956 1580 1026 γάρ
1634 956 1851 1019 ἀδίκως,
1884 957 1984 1009 οὐκ
2016 955 2083 1009 ἂν

422 1047 507 1117 εἴη
541 1046 698 1099 τοῦτο
749 1047 952 1116 θαῦμα.
984 1044 1122 1098 ἀλλά
1156 1043 1479 1113 κατηγορία,
1535 1042 1630 1097 καὶ
1677 1042 1957 1107 κολακεία,
1988 1042 2082 1096 καὶ

420 1132 662 1203 διαϐολή·
690 1135 737 1185 εί
757 1133 1000 1195 δικαίως,
1024 1131 1179 1186 τοῦτο
1214 1131 1274 1183 οὐ
1294 1130 1537 1182 δυνατόν·
1566 1130 1626 1182 οὐ
1668 1130 1773 1201 γὰρ
1802 1128 1914 1199 ἔχει
1965 1129 2083 1198 κρί-

422 1236 537 1282 σεις
564 1220 729 1291 όρθάς
759 1223 786 1273 ὸ
817 1219 1007 1290 δῆμος,
1040 1219 1177 1272 ἀλλά
1217 1219 1343 1279 τοὺς
1394 1219 1514 1280 ταῖς
1560 1216 1879 1287 ἐπιθυμίαις
1906 1215 2085 1271 αὐτῶν

426 1307 826 1377 ὑπηρετοῦντας
882 1306 1103 1368 τούτους
1157 1304 1514 1375 θαυμάζουσι.
1558 1306 1666 1357 Καὶ
1706 1306 1755 1357 εί
1806 1303 2083 1373 βούλεσθε,

425 1393 773 1461 καταμάθετε
806 1393 931 1455 τοὺς
958 1395 1077 1455 ταῖς
1104 1391 1328 1461 πόρναις
1357 1390 1428 1442 τά
1466 1390 1646 1443 αὐτῶν
1687 1390 2081 1460 δωρουμένους,

425 1478 551 1542 τοὶς
586 1481 696 1541 τοῖς
730 1478 986 1548 ἡνιόχοις,
1016 1479 1142 1540 τοὺς
1181 1478 1294 1540 τοῖς
1327 1478 1641 1547 ὀρχησταῖς.
1707 1475 1843 1528 mw
1877 1476 1938 1528 οὐ
1972 1476 2088 1529 τού-

423 1580 571 1629 τους,
604 1566 757 1636 φησὶ,
793 1566 995 1635 φαμὲν,
1048 1563 1184 1617 ἀλλά
1211 1565 1335 1626 τοὺς
1381 1563 1644 1627 δικαίους,
1673 1562 1767 1615 καὶ
1817 1563 1944 1626 τοὺς
1989 1563 2085 1635 ὀρ-

427 1648 573 1716 θοὺς,
611 1655 703 1705 καὶ
731 1653 942 1723 μεγάλα
976 1651 1304 1720 δυναμένους
1356 1652 1530 1703 ποιεῖν
1557 1651 1716 1706 καλά.
1771 1651 1893 1706 Εἴθε
1925 1651 2088 1721 ἠϐού-

423 1734 593 1799 λοντο,
637 1739 733 1790 καὶ
786 1739 994 1809 ταχέως
1039 1737 1257 1791 ἐποίουν
1289 1737 1355 1791 ἂν
1379 1737 1447 1790 τὰ
1474 1737 1672 1805 ἀγαθά·
1716 1736 1809 1790 νῦν
1834 1738 1889 1790 δὲ
1936 1738 2087 1791 οὐδὲν

421 1821 629 1875 τούτων
653 1824 865 1878 ποιοῦσι
930 1825 1047 1891 Τίς,
1078 1825 1200 1878 εἰπέ
1237 1842 1350 1894 μοι,
1405 1824 1495 1877 τὸν
1522 1825 1725 1879 δίκαιον
1756 1828 1965 1879 ἐπαινεῖ
1991 1825 2087 1878 νῦν

423 1911 519 1963 καὶ
546 1912 638 1963 τδν
683 1913 877 1983 όρθόνς
934 1913 1259 1967 Τούναντίον
1281 1913 1382 1984 μέν
1409 1908 1521 1966 οῦν.
1547 1912 1613 1965 Τί
1664 1913 1720 1966 δὲ
1756 1913 2090 1984 ψυχρότερον

422 1996 654 2059 δικαίου,
687 2001 734 2052 εἰ
767 2000 999 2070 πρᾶγμα
1025 1999 1268 2053 τοιοῦτον
1302 1998 1586 2070 κατορθῶν
1632 1999 1733 2069 τῆς
1785 2000 1940 2070 παρὰ
1981 2000 2090 2054 τῶν

1180 232 1238 289 S.
1273 225 1560 289 JOANNIS
1596 232 2085 289 CIIRYSOSTOMI
2125 232 2440 291 ARCIIIEP.
2474 230 3022 289 CUNSTANTINOP.

3733 234 3841 288 εν.
3872 304 3879 317 ό

2182 370 2266 413 τις
2298 350 2582 421 ζωγράφος
2616 351 2835 420 ἄριστος
2874 348 2949 400 ὢν
2984 348 3075 400 καὶ
3132 348 3319 400 εἰκόνα
3374 347 3603 417 γράφων
3635 348 3845 420 βασιλι-

2178 439 2301 507 κὴν,
2327 438 2435 491 τῶν
2463 438 2563 490 οὐκ
2599 436 2877 507 ἐμπείρων
2912 434 3227 504 ἀποδέχοιτο
3256 433 3386 496 τούς
3417 433 3691 498 ἐπαίνους.
3717 437 3845 488 Ἀλ-

2178 526 2286 591 λως
2338 526 2395 579 δέ
2442 525 2651 596 ταχέως
2682 526 3051 593 ἀποστήσεται
3100 522 3389 594 ἅνθρωπος
3413 525 3442 577 ὸ
3507 525 3645 597 πρὸς
3686 527 3845 592 δόξαν

2180 615 2319 685 όρῶν
2347 613 2696 684 ἀνθρωπίνην
2728 611 2835 663 τῶν
2857 613 2976 663 κατ’
3005 611 3205 679 ἀρετὴν
3239 612 3602 680 πραγμάτων.
3639 610 3699 665 Εἰ
3737 615 3846 683 γὰρ

2184 701 2367 770 μέλλοι
2400 700 2538 771 πρὸς
2568 699 2824 759 ἐπαίνους
2869 697 3177 766 κεχηνέναι,
3216 696 3359 766 ἀπερ
3397 697 3463 749 ἂν
3519 699 3718 751 ἐκεῖνοι
3759 697 3846 750 θέ-

2178 787 2335 854 λωσι,
2368 788 2541 841 ταῦτα
2572 784 2885 856 ἐργάζεται,
2919 785 3017 853 οὐχ
3060 782 3202 853 ἆπερ
3227 781 3292 835 ἀν
3320 782 3500 846 αὐτός.
3555 783 3621 836 Τί
3649 780 3744 837 οῦν
3779 785 3845 837 ἂν

2184 875 2312 943 ύμῖν
2356 872 2823 943 συμϐουλεύσαιμι
2875 870 3058 923 λοιπὸν
3109 871 3315 931 ποιεῖνς
3363 868 3453 939 Τῷ
3495 868 3613 940 Θεῷ
3661 888 3843 940 προσ-

2182 962 2326 1033 ἐχειν
2350 961 2398 1023 δ,
2420 962 2532 1022 τοῖς
2559 959 2800 1021 ἐπαίνοις
2831 956 3117 1028 ἀρκεῖσθαι
3152 960 3264 1019 τοῖς
3292 958 3421 1027 παρ’
3451 956 3637 1019 αὐτοῦ,
3666 958 3842 1011 πάντα

2181 1049 2251 1101 τά
2271 1049 2463 1117 ἐκείνῳ
2509 1046 2768 1099 δοκοῦντα
2814 1044 3162 1115 ἐργάζεσθαι,
3205 1043 3297 1097 καὶ
3328 1043 3398 1096 τά
3437 1043 3615 1111 ἀγαθά
3668 1045 3844 1114 πράτ-

2178 1151 2315 1198 τειν,
2374 1134 2511 1206 πρὸς
2574 1133 2741 1205 μηδὲν
2780 1133 2888 1185 τῶν
2931 1130 3286 1201 ἀνθρωπίνων
3322 1130 3628 1200 κεχηνέναι·
3686 1129 3844 1182 τοῦτο

2183 1222 2291 1292 γὰρ
2319 1222 2413 1274 καὶ
2444 1220 2699 1292 νηστείαν
2739 1219 2831 1273 καὶ
2861 1218 3026 1289 εὐχὴν
3048 1219 3142 1272 καὶ
3170 1217 3542 1288 ἐλεημοσύνην
3572 1215 3723 1287 RES]
3755 1216 3847 1268 λυ-

2188 1310 2457 1381 μαίνεται,
2515 1308 2608 1362 καὶ
2633 1308 2810 1361 πάντα
2853 1307 2921 1360 τά
2954 1307 3198 1378 ἡμέτερα
3229 1303 3413 1373 ἀγαθά
3461 1307 3630 1358 κενοῖ.
3675 1303 3849 1372 Ὅπερ

2186 1398 2274 1451 ἵνα
2315 1398 2390 1468 μὴ
2416 1396 2698 1466 πάθωμεν,
2732 1395 2993 1464 φύγωμεν
3029 1394 3177 1446 τουτὶ
3240 1392 3301 1447 τὸ
3360 1391 3552 1455 πάθος.
3602 1391 3745 1463 Πρὸς
3792 1390 3850 1442 ἐν

2188 1484 2350 1553 μόνον
2370 1481 2607 1554 ὁρῶμεν,
2636 1481 2728 1534 τὸν
2757 1482 2910 1552 παρά
2932 1478 3026 1532 τοῦ
3064 1479 3199 1533 Θεοῦ
3229 1478 3473 1541 ἔπαινον,
3506 1477 3605 1549 τὴν
3642 1476 3851 1530 ἐκεῖθεν

2185 1567 2476 1639 ἀποδοχὴν,
2511 1568 2610 1640 τὴν
2643 1568 2793 1641 παρά
2854 1567 2948 1620 τοῦ
3005 1565 3184 1619 κοινοῦ
3223 1566 3498 1618 Δεσπότου
3550 1563 3845 1633 εὐφημίαν·

2190 1657 2279 1710 ἴνα
2319 1658 2456 1727 μετά
2499 1656 2699 1728 ἀρετῆς
2729 1656 2820 1731 ἣν
2869 1654 3111 1724 παρόντα
3161 1653 3274 1723 βίον
3333 1651 3703 1715 διανύσαντες,
3741 1650 3851 1703 τῶν

2191 1741 2611 1813 ἐπηγγελμένων
2648 1736 2867 1811 ἀγαθῶν
2894 1743 2990 1795 σὺν
3011 1743 3126 1802 τοῖς
3166 1738 3452 1807 ἀγαπῶσιν
3482 1738 3643 1792 αὐτὸν
3667 1738 3856 1789 ἐπιτύ-

2192 1847 2396 1900 χωμεν,
2432 1831 2614 1900 χάριτι
2647 1830 2740 1882 καὶ
2761 1828 3140 1898 φιλανθρωπία
3171 1825 3265 1879 τοῦ
3294 1825 3499 1897 Κυρίου
3535 1825 3696 1895 ἡμῶν
3742 1824 3852 1895 ’1η-

2193 1915 2287 1969 σοῦ
2310 1916 2573 1987 Χριστοῦ,
2599 1916 2717 1988 μεθ’
2755 1910 2815 1970 οὗ
2841 1914 2920 1987 τῷ
2948 1915 3124 1987 llath
3147 1913 3261 1985 ἀμα
3291 1912 3367 1984 τῷ
3396 1913 3534 1983 ἀγίῳ
3572 1910 3855 1981 Πνεύματι

2189 2002 2339 2068 δόξα,
2358 2006 2577 2077 κράτος,
2605 2004 2760 2077 τιμὴ,
2779 2004 2874 2058 νῦν
2890 2004 2984 2058 καὶ
2999 2004 3111 2068 ἀεὶ,
3140 2003 3235 2057 καὶ
3263 2004 3344 2067 είς
3366 2003 3490 2065 τοὺς
3519 2000 3722 2063 αίῶνας
3740 1998 3855 2051 τῶν

424 2082 635 2136 πολλῶν
676 2086 834 2158 δόξης
863 2087 1108 2157 ἐφίεται;
1160 2084 1415 2141 Τοιοῦτον
1461 2085 1572 2158 γὰρ
1597 2088 1759 2152 ποιεῖ,
1792 2082 1904 2142 οἷον
1928 2087 1995 2142 ἀν
2040 2087 2098 2142 εί
2188 2090 2421 2146 αἰώνων.
2462 2092 2653 2165 Ἀμήν.

486 2223 514 2249 ⁸³
536 2218 670 2271 Idem
694 2224 777 2273 ἀπ’
799 2224 946 2284 αὐτῆς
981 2224 1353 2290 καρπουμένους.

2253 2231 2281 2271 b
2305 2232 2402 2281 Alii
2440 2233 2510 2296 τῷ
2534 2233 2643 2295 Θιῷ
2664 2232 2734 2281 δεῖ
2756 2233 3023 2296 προσέχειν.

1938 2514 2184 2567 ΟΜῙΔῘΑ
2234 2514 2363 2567 ΚΘ.

438 2620 731 2691 ’Δναστὰς
786 2619 855 2691 δέ
908 2619 1165 2689 Παῦλος,
1222 2621 1323 2676 καί
1376 2622 1743 2687 κατασείσας
1789 2620 1865 2691 τῇ
1918 2622 2088 2691 χειρὶ,

492 2689 682 2746 εἶπεν·
719 2689 964 2759 Ἄνδρες
1007 2691 1392 2760 Ἰσραηλῖται,
1421 2691 1521 2747 καί
1547 2693 1600 2745 al
1628 2691 1698 2745 ἐν
1715 2689 1859 2761 ὑμῖν
1877 2689 2091 2761 φοϐού-

487 2780 657 2831 μεν-οι
680 2760 979 2831 τὸνθεόν,
997 2761 1319 2817 ἀκούσατε.
1369 2763 1432 2816 '0
1484 2761 1627 2831 Θεὸς
1654 2760 1761 2816 τοῦ
1784 2760 1935 2816 λαοῦ
1955 2763 2091 2815 τού-

493 2830 601 2885 του
632 2830 957 2902 ἐξελέξατο
987 2831 1130 2897 τοὺς
1159 2832 1417 2902 πατέρας
1448 2830 1639 2902 ἡμῶν,
1680 2831 1778 2902 καί
1811 2833 1918 2885 τὸν
1948 2832 2091 2884 λαὸν

491 2901 837 2971 ὑψωσεννέν
885 2898 979 2971 τῇ,
1009 2898 1630 2971 παροικίᾳάὺτοῦᾲέν
1673 2899 1750 2970 γῇ
1793 2905 2087 2971 Αἰγύπτῳ.

494 2969 594 3094 κῗὶ
616 2970 769 3052 μετὰ
793 2969 1121 3039 ,βραχίονος
1150 2971 1394 3039 ὑψηλοῦ
1439 2969 1733 3041 ἐξήγαγεν
1759 2969 1979 3038 αὐτοὺς
2020 2971 2090 3035 ἐξ

495 3059 535 3094 a
579 3058 708 3094 mc.
778 3064 791 3077 ε

495 3058 708 3109 αυτης.
778 3064 791 3077 τ

494 3128 568 3183 α’.
602 3130 746 3203 Ὅρα
793 3127 886 3182 τὸν
934 3128 1215 3199 Βαρνάϐαν
1267 3130 1699 3203 παραχωροῦντα
1736 3131 1817 3201 τῷ
1871 3131 2089 3201 Παύλῳ,

425 3216 614 3287 ὥσπερ
668 3216 761 3269 καὶ
808 3216 999 3287 Πέτρῳ
1036 3216 1288 3287 Ἰωάννης
1329 3217 1623 3287 πανταχοῦ.
1683 3218 1854 3283 Αὐτὸς
1884 3219 2093 3289 ἦγαγεν

426 3304 589 3357 αὐτὸν
615 3304 723 3358 ἀπὸ
756 3302 1069 3375 Δαμασκοῦ·
1124 3303 1303 3357 καίτοι
1355 3303 1519 3359 αὐτοῦ
1550 3305 1968 3376 αίδεσιμώτερος
2000 3302 2089 3377 ἦν·

428 3391 565 3445 ἀλλά
602 3390 738 3463 πρὸς
766 3391 826 3445 τὸ
868 3394 1021 3462 κοινῇ
1071 3390 1349 3462 συμφέρον
1409 3392 1616 3462 ἐώρων.
1655 3393 1764 3445 Kal
1801 3382 2089 3458 ἀναστὰς,

426 3480 583 3549 φησὶ,
615 3477 712 3532 καί
735 3478 1099 3545 κατασείσας
1129 3477 1204 3546 τῇ
1223 3478 1393 3547 χειρί.
1428 3479 1589 3542 Ἐθος
1616 3478 1775 3533 τοῦτο
1820 3480 2092 3544 Ἰουδαίοις

425 3561 513 3636 ἦν·
530 3565 610 3619 διὸ
631 3566 727 3618 καὶ
745 3565 904 3630 αὐτὸς
925 3565 1064 3619 κατά
1088 3565 1248 3618 τοῦτο
1270 3566 1451 3629 αὐτοῖς
1466 3564 1789 3634 διαλέγεται.
1810 3566 1951 3638 Ὀρα
1973 3567 2092 3632 πῶς

427 3652 772 3723 προοδοποιεῖ
806 3651 885 3722 τῷ
935 3651 1100 3723 λόγῳ·
1162 3652 1425 3723 πρότερον
1460 3653 1811 3722 ἐγκωμιάσας
1871 3655 2088 3717 αὐτοὺς,

428 3739 524 3791 καὶ
545 3737 724 3804 δείξας
754 3738 954 3809 πολλὴν
987 3740 1117 3808 περὶ
1139 3739 1338 3802 αὐτοὺς
1392 3740 1490 3811 τὴν
1523 3740 1850 3811 κηδεμονίαν
1878 3740 1966 3795 διὰ
1993 3742 2088 3795 τοῦ

428 3826 624 3886 εἰπεῖν,
682 3828 747 3881 Ol
777 3827 1132 3896 φοϐούμενοι
1169 3826 1277 3881 τὸν
1306 3828 1474 3890 Θεὸν,
1509 3827 1682 3893 οὕτως
1714 3829 1943 3898 ἄρχεται
1995 3828 2088 3882 τοῦ

427 3900 754 3982 λόγου.¹Καὶ
786 3915 886 3969 οὐκ
936 3911 1107 3978 εἶπεν,
1158 3915 1210 3969 οἱ
1238 3914 1585 3987 προσήλυτοι,
1610 3916 1747 3987 ὅπερ
1774 3911 1842 3986 ἦν
1878 3932 2090 3987 συμφο-

433 4002 533 4071 ρᾶς
559 4001 749 4073 ὄνομα.
795 4002 847 4055 '0
879 4003 1023 4069 Θεὸς
1052 4002 1160 4058 τοῦ
1185 4001 1337 4057 λαοῦ
1367 4003 1580 4057 τούτου
1612 4001 1930 4068 ἐξελέξατο
1950 4003 2092 4069 τοὺς

429 4088 689 4157 πατέρας
712 4089 878 4159 ἡμῶν
908 4091 1008 4147 καὶ
1038 4090 1146 4145 τὸν
1166 4094 1339 4146 λαόν.
1372 4091 1517 4162 Ὀρα
1544 4090 1660 4156 πῶς
1690 4091 1786 4145 καὶ
1813 4090 1974 4156 αὐτὸς
2000 4091 2091 4144 τὸν

430 4179 609 4232 κοινὸν
646 4179 754 4234 τῶν
812 4181 1113 4252 ἀνθρώπων
1168 4180 1301 4235 Θεὸν
1347 4180 1526 4235 αὐτῶν
1567 4181 1714 4245 ίδίως
1760 4180 1934 4241 καλεῖ,
1998 4182 2094 4234 καὶ

428 4263 700 4320 δείκνυσιν
720 4267 924 4321 ἄνωθεν
948 4267 1048 4331 τάς
1069 4268 1387 4339 εὐεργεσίας
1434 4267 1599 4322 αὐτοῦ
1632 4268 1876 4339 μεγάλας
1900 4266 2090 4330 οὔσας,

430 4355 682 4427 καθάπερ
708 4358 799 4410 καὶ
824 4357 1115 4425 Στέφανος.
1145 4357 1328 4412 Ταῦτα
1373 4358 1430 4411 δὲ
1454 4358 1715 4421 ποιοῦσιν,
1754 4358 1841 4411 ίνα
1870 4356 2094 4410 παιδεύ-

432 4458 600 4496 σωσιν
630 4444 847 4508 αὐτοὺς,
888 4446 972 4499 δτι
1003 4447 1099 4499 καὶ
1127 4445 1223 4498 νῦν
1250 4446 1396 4499 κατά
1430 4446 1492 4498 τὸ
1537 4446 1669 4500 αὐτὸ
1697 4446 1817 4509 ἔθος
1841 4444 1932 4498 τὸν
1967 4444 2094 4498 Υίὺν

430 4530 595 4585 αὐτοῦ
629 4531 934 4585 ἀπέστειλε.
974 4532 1241 4602 Καθάπερ
1265 4532 1360 4584 καὶ
1398 4535 1426 4585 ό
1471 4532 1703 4601 Χριστὸς
1731 4528 1885 4585 εἷπεν
1913 4533 1973 4583 ἐν
2014 4530 2095 4602 τῷ

430 4616 732 4686 ἀμπελῶνι,
761 4614 903 4668 οὕτω
934 4617 1026 4670 καὶ
1053 4618 1213 4680 αὐτός
1242 4634 1427 4686 φησιν.
1464 4617 1751 4684 ’Υψωσεν
1778 4618 1850 4671 ἐν
1881 4616 1954 4685 τῇ
1984 4632 2095 4671 πα-

421 4699 622 4765 ροικίᾳ
650 4699 721 4750 ἐν
741 4697 816 4766 γῇ
848 4699 1142 4767 Αἰγύπτῳ.
1177 4701 1275 4752 καὶ
1296 4701 1445 4768 μετὰ
1486 4701 1817 4768 βραχίονος
1850 4700 2093 4769 ὑψηλοῦ

428 4783 725 4854 ἐξήγαγεν
751 4785 972 4850 αὐτοὺς
989 4786 1057 4849 ἐξ
1086 4785 1293 4853 αὐτῆς.
1326 4788 1434 4839 Καὶ
1471 4787 1575 4857 μὴν
1610 4787 1918 4841 τούναντίον
1938 4790 2094 4857 γέγο-

428 4889 538 4925 νεν·
563 4872 677 4926 ἀλλ’
706 4874 784 4935 είς
808 4872 1012 4941 πλῆθος
1039 4874 1319 4927 ἐπέδοσαν·
1353 4874 1485 4927 ἀλλά
1529 4873 1597 4929 τά
1620 4875 1880 4945 θαύματα
1902 4875 1968 4928 δι’
1997 4877 2094 4929 αὐ-

427 4961 553 5023 τοὺς
600 4958 809 5027 γέγονε.
857 4959 1073 5013 Τούτων
1100 4960 1194 5014 καὶ
1235 4961 1284 5012 οί
1341 4960 1614 5030 προφῆται
1666 4962 2093 5032 μνημονεύουσιν

428 5048 515 5100 ἀεὶ
542 5048 651 5100 τῶν
678 5049 798 5102 κατ’
828 5046 1124 5117 Αἴγυπτον.
1149 5050 1259 5102 Καὶ
1283 5049 1385 5118 ὅρα
1421 5049 1538 5113 πῶς
1579 5051 1703 5115 τούς
1734 5052 1958 5124 καιροὺς
1984 5051 2094 5105 τῶν

432 5134 726 5205 συμφορῶν
786 5136 1121 5207 παρατρέχει
1145 5175 1162 5200 ,
1214 5137 1308 5190 καὶ
1360 5136 1597 5208 οὐδαμοῦ
1640 5138 1708 5192 τά
1770 5140 2093 5210 ἐγκλήματα

429 5222 666 5292 παράγει
694 5224 773 5287 είς
816 5222 1001 5293 μέσον,
1035 5223 1169 5278 ἀλλά
1197 5226 1297 5296 τὴν
1340 5224 1436 5278 τοῦ
1488 5224 1624 5278 Θεοῦ
1658 5226 2090 5298 φιλανθρωπίαν,

428 5308 609 5362 ἐκεῖνα
637 5308 822 5373 αὐτοῖς
860 5310 1018 5379 ἀφεὶς
1047 5310 1378 5379 λογίζεσθαι.
1414 5312 1521 5365 Καὶ
1544 5312 1624 5379 ὡς
1646 5312 2093 5381 τεσσαράκοντα

426 5392 530 5462 ἔτη
577 5397 799 5465 χρόνον
846 5396 1335 5468 ἐτροποφόρησεν
1384 5399 1606 5466 αὐτοὺς
1640 5401 1711 5453 έν
1744 5399 1819 5469 τῇ
1872 5400 2089 5470 ἐρήμῳ.

429 5477 563 5535 Εἶτα
596 5484 694 5552 τὴν
731 5485 1018 5541 κατοικίαν
1038 5486 1208 5556 λέγει·
1240 5486 1349 5540 Kal
1377 5486 1647 5541 καθελὼν
1668 5490 1812 5556 ἔθνη
1845 5488 1994 5542 ἑπτὰ
2024 5488 2094 5542 ἐν

428 5565 502 5633 γῇ
529 5569 787 5636 Χαναὰν,
820 5574 1424 5643 κατεκληρονόμησεν
1445 5587 1470 5616 ι
1492 5574 1698 5641 αὐτοῖς
1714 5574 1828 5639 τὴν
1846 5575 1965 5643 γῆν
1984 5578 2093 5629 αὑ-

427 5647 565 5704 τῶν.
582 5655 700 5708 «Kal
729 5659 757 5709 ὸ
793 5659 983 5727 χρόνος
1012 5659 1200 5724 πολύς·
1237 5661 1563 5733 τετρακόσια
1614 5661 1723 5733 γάρ
1756 5664 2094 5732 πεντήκοντα

433 5739 551 5808 ἔτη·
595 5743 702 5796 Καὶ
722 5748 873 5810 μετὰ
899 5747 1087 5802 ταῦτα
1106 5748 1188 5813 ὡς
1215 5749 1378 5805 ἔτεσι
1402 5751 1807 5817 τετρακοσίοις
1826 5750 1923 5805 καὶ
1954 5768 2093 5805 πεν-

502 5854 532 5880 ⁸⁸
565 5842 770 5908 Quidam
800 5851 1276 5913 ητεκληροδὸτησεν,

2195 2621 2455 2690 τήκοντα
2502 2622 2723 2677 ἔδωκεν
2766 2623 2970 2689 αὑτοῖς
3016 2625 3221 2694 κριτὰς
3273 2624 3384 2690 ἕως
3422 2624 3706 2695 Σαμουὴλ
3747 2625 3865 2681 τοῦ

2192 2710 2516 2778 προφήτου.
2570 2710 2833 2764 Ἐνταῦθα
2881 2713 2964 2765 ὅτι
2998 2712 3269 2784 διαφόρως
3315 2712 3584 2784 ᾠκονόμει
3614 2712 3683 2765 τά
3734 2714 3865 2767 κατ’

2189 2797 2387 2860 αὐτοὺς
2430 2797 2687 2868 ἐδήλωσε.
2727 2799 3012 2853 Κάκεῖθεν
3039 2800 3346 2867 ᾐτήσαντο
3401 2800 3687 2864 ⁴βασιλέα.
3743 2801 3865 2855 Καὶ

2188 2884 2248 2936 οὐ
2278 2882 2543 2954 λέγειτὴν
2778 2886 3166 2957 ἀγνωμοσύνην
3216 2887 3417 2949 αὐτῶν,
3450 2887 3586 2942 ἀλλά
3646 2905 3864 2943 παντα-

2190 2970 2286 3041 χοῦ
2305 2971 2401 3042 τὴν
2432 2971 2526 3024 τοῦ
2560 2971 2695 3024 Θεοῦ
2732 2972 3164 3043 φιλανθρωπίαν.
3218 2975 3325 3027 Καί
3379 2975 3602 3029 ἔδωκεν
3647 2978 3863 3045 αὐτοῖς

2191 3056 2298 3109 τὸν
2318 3056 2517 3111 Σαοὺλ
2539 3058 2672 3111 υἱὸν
2700 3059 2826 3124 Κίς.
2863 3059 3052 3128 ἄνδρα
3089 3060 3155 3114 ἐκ
3181 3061 3382 3131 φυλῆς
3425 3062 3725 3131 Βενιαμίν,
3749 3064 3862 3130 ἐτη

2190 3142 2659 3211 τεσσαράκοντα·
2683 3146 2781 3199 καί
2802 3147 3189 3216 μεταστήσας
3237 3148 3425 3201 αὑτὸν
3478 3148 3716 3220 ἤγειρεν
3755 3153 3867 3203 a1"-

2189 3230 2315 3297 τοῖς
2343 3231 2448 3285 τὸν
2472 3231 2654 3285 Δαυίδ
2691 3235 2779 3299 είς
2823 3233 3104 3297 βασιλέα·
3159 3227 3207 3300 ᾧ
3242 3236 3339 3288 καί
3377 3232 3508 3290 εἷπε
3553 3238 3867 3306 μαρτιιοή-

2190 3333 2322 3381 σας·
2353 3312 2550 3387 Εὗρον
2576 3319 2759 3372 Δαυὶδ
2782 3319 2889 3373 τὸν
2925 3321 3031 3375 τοῦ
3078 3321 3321 3386 Ἰεσσαί,
3358 3322 3551 3391 ἄνδρα
3570 3323 3720 3377 κατὰ
3742 3324 3867 3392 τὴν

2191 3405 2439 3473 καρδίαν
2452 3423 2589 3474 μου,
2637 3406 2706 3473 ὃς
2755 3409 2993 3476 ποιήσει
3033 3408 3229 3462 πάντα
3278 3410 3347 3463 τὰ
3383 3409 3687 3480 θελήματά
3710 3429 3862 3479 μου.

2192 3494 2267 3545 Οὐ
2298 3493 2493 3565 μικρὸν
2514 3494 2674 3547 τοῦτο
2697 3494 2759 3547 τδ
2784 3495 2891 3548 ἀπὸ
2924 3497 3085 3549 Δαυὶδ
3124 3492 3263 3549 εἶναι
3317 3497 3411 3551 τόν
3439 3498 3696 3570 Χριστόν.
3722 3496 3865 3553 Εἶτα

2192 3581 2284 3632 καὶ
2329 3581 2579 3652 Ἰωάννην
2617 3583 2826 3650 είσάγει
2878 3582 3284 3654 μαρτυροῦντα,
3336 3584 3532 3652 λέγων·
3575 3586 3799 3639 Τούτου
3831 3589 3864 3640 ό

2194 3667 2338 3731 Θεὸς
2366 3668 2485 3722 ἀπὸ
2547 3670 2655 3723 τοῦ
2691 3670 3033 3739 σπέρματος
3080 3672 3206 3724 κατ’
3238 3672 3605 3742 ἐπαγγελίαν
3659 3672 3867 3742 ἥγειίε

2190 3751 2270 3818 τῷ
2294 3753 2526 3823 Ἰσραὴλ
2544 3754 2782 3825 Σωτῆρα
2805 3753 3125 3828 [Ἱησοῦνῂ
3141 3758 3632 3825 προκηρύξαντος
3660 3760 3865 3813 Ἰωάν⁹

2191 3858 2303 3894 νου
2336 3843 2448 3908 πρὸ
2506 3846 2829 3912 προσώπου
2862 3843 2971 3912 τῆς
3020 3845 3263 3898 εἰσόδου
3314 3844 3501 3899 αὑτοῦ
3539 3845 3867 3917 ,βάπτισμα

2190 3930 2508 3997 μετανοίας
2536 3930 2714 3983 παντί
2741 3930 2820 3995 τῷ
2852 3929 2979 3997 λαῷ
3034 3930 3300 3999 Ἰσραήλ.
3344 3932 3441 3999 Ὠς
3470 3932 3539 3987 δὲ
3589 3933 3865 4002 ἐπλήρου

2197 4017 2230 4069 ό
2271 4015 2544 4082 Ἰωάννης
2596 4017 2704 4070 τὸν
2740 4017 2979 4087 δρόμον,
3029 4020 3218 4087 ἔλεγε·
3283 4021 3421 4075 Τίνα
3444 4037 3521 4090 με
3548 4024 3866 4077 ὑπονοεῖτε

2193 4097 2380 4162 sirm;
2434 4103 2546 4156 οὑκ
2579 4103 2696 4173 εἰμί
2739 4104 2871 4174 ἐγώ·
2930 4106 3066 4159 ἀλλ’
3117 4105 3247 4159 ίδοὺ
3294 4109 3527 4177 ἔρχεται
3553 4110 3680 4176 μετ’
3729 4110 3863 4178 ἐμὲ,

2192 4184 2265 4245 οὗ
2290 4191 2399 4242 οὑκ
2429 4190 2545 4258 εἰμί
2575 4191 2782 4257 ἱκανὸς
2812 4193 2875 4246 τὸ
2910 4193 3193 4263 ὑπόδημα
3228 4193 3346 4248 τῶν
3396 4195 3599 4250 ποδῶν
3645 4196 3860 4252 λῦσαι.

2194 4276 2302 4328 Καὶ
2346 4277 2600 4348 Ἰωάννης
2629 4278 2688 4331 δὲ
2716 4282 2989 4350 μαρτυρεῖ
3021 4281 3121 4352 οὐχ
3154 4280 3360 4345 ἀπλῶς,
3405 4282 3543 4336 ἀλλά
3571 4282 3669 4354 τὴν
3700 4283 3865 4350 δόξαν

2193 4362 2251 4428 ἐξ
2313 4364 2506 4417 ἐαυτοῦ
2555 4366 3015 4438 ἀποκρουόμενος,
3066 4368 3243 4421 καίτοι
3290 4369 3508 4422 πάντων
3559 4371 3647 4423 ἐπ’
3693 4372 3865 4425 αὐτὸν

2191 4448 2398 4522 ταύτην
2457 4452 2720 4522 ἀγόντων.
2785 4455 2901 4508 Οὐκ
2940 4454 3142 4509 ἔστιδέ
3198 4456 3312 4510 ίσον
3359 4456 3584 4528 μηδενὸς
3623 4456 3864 4525 διδόντος

2193 4538 2285 4590 καὶ
2304 4536 2517 4591 πολλῶν
2558 4541 2908 4611 παρεχόντων
2939 4542 3143 4613 ταύτην
3173 4542 3272 4613 τὴν
3299 4544 3465 4615 τιμὴν
3521 4544 3861 4611 διωθεῖσθαι,

2193 4625 2289 4679 καὶ
2348 4626 2484 4697 μηδέ
2542 4627 2753 4692 ἁπλῶς,
2814 4626 2953 4682 ἀλλά
3010 4630 3149 4699 μετὰ
3199 4630 3468 4703 τοσαύτης
3531 4632 3858 4702 ὑποστολῆς.

2197 4712 2437 4782 Ἄνδρες
2461 4714 2735 4784 ἀδελφοὶ,
2770 4716 2887 4770 vlol
2939 4715 3155 4784 γένους
3204 4717 3480 4788 Ἀϐραὰμ,
3530 4720 3630 4774 καί
3675 4723 3733 4774 οι
3788 4721 3862 4773 ἐν

2192 4799 2334 4868 ὑμῖν
2366 4802 2721 4870 φοϐούμενοι
2752 4803 2859 4855 τὸν
2905 4802 3071 4869 Θεὸν,
3101 4803 3244 4872 ὑμῖν
3267 4808 3299 4859 ό
3322 4806 3505 4874 λόγος
3533 4805 3643 4876 τῆς
3664 4820 3859 4874 σωτη-

2184 4888 2325 4957 ρίας
2358 4889 2576 4955 ταύτης
2600 4888 3001 4956 ἐξαπεστάλη.
3040 4893 3103 4944 Ol
3129 4890 3238 4961 γὰρ
3284 4892 3707 4960 κατοικοῦντες
3761 4894 3861 4947 Ἰε-

2182 4972 2530 5042 ρουσαλὴμ,
2578 4974 2675 5027 καὶ
2720 4978 2774 5027 οἱ
2824 4974 3112 5045 ἄρχοντες
3162 4977 3359 5032 αὐτῶν
3405 4979 3621 5034 τοῦτον
3646 4980 3862 5051 ἀγνοήο

2192 5079 2434 5130 σαντες,
2458 5063 2556 5119 καί
2580 5065 2687 5133 τὰς
2718 5066 2919 5135 φωνὰς
2945 5067 3063 5123 τῶν
3091 5067 3411 5139 προφητῶν
3443 5070 3551 5136 τὰς
3572 5070 3719 5125 κατὰ
3734 5069 3861 5125 πᾶν

2192 5150 2493 5206 σάϐϐατον
2519 5152 3102 5224 ἀναγινωσκομένας,
3133 5158 3446 5224 κρίναντες
3469 5156 3857 5225 ἐπλήρωσαν·

2193 5241 2291 5294 καὶ
2339 5239 2636 5310 μηδεμίαν
2689 5243 2885 5296 αίτίαν
2928 5243 3188 5297 θανάτου
3238 5245 3516 5311 εὑρόντες
3550 5244 3860 5311 ᾐτήσαντο

2196 5325 2458 5382 Πιλᾶτον
2485 5328 2867 5397 ἀναιρεθῆναι
2904 5332 3108 5384 αὑτόν.
3155 5330 3438 5402 Πανταχοῦ
3471 5331 3631 5384 τοῦτο
3685 5348 3859 5384 σπου-

2195 5415 2416 5480 δόξουσι
2437 5416 2605 5481 δεῖξαι
2632 5419 2828 5470 οἰκεῖον
2865 5418 3046 5471 αὐτῶν
3079 5417 3139 5471 δν
3167 5418 3227 5470 τὸ
3268 5418 3493 5486 ἀγαθὸν,
3555 5419 3641 5472 ἵνα
3683 5418 3859 5489 μὴώς

2193 5504 2460 5574 ἀλλοτρίῳ
2504 5504 2861 5575 προσέχοντες
2915 5505 3209 5573 φεύγωσιν,
3260 5505 3446 5577 ἐπειδὴ
3500 5505 3858 5575 ἐσταύρωσαν

2191 5592 2373 5644 αὐτόν.
2419 5590 2662 5662 Τοῦτον,
2720 5593 2904 5662 φησὶν,
2948 5591 3381 5661 ἀγνοήσαντες·
3423 5590 3562 5645 ὥστε
3631 5590 3858 5660 ἀγνοίας

2188 5673 2256 5746 ἦν
2295 5676 2357 5731 τὸ
2384 5658 2708 5749 ἁμάρτημα.
2734 5658 2885 5749 θ’ὺρα
3071 5678 3165 5729 καὶ
3196 5658 3343 5749 ὑπὲρ
3390 5678 3612 5731 ἐκείνων
3655 5658 3857 5732 ἀπολο-

2190 5766 2367 5831 γεῖται
2399 5766 2602 5837 ἡρέμα.
2636 5767 2742 5818 Καὶ
2769 5766 2832 5818 οὐ
2865 5764 3023 5817 τοῦτο
3081 5763 3261 5832 μόνον·
3301 5764 3413 5820 ἀλλ’
3443 5766 3524 5819 ὅτι
3557 5767 3650 5819 καὶ
3672 5765 3848 5829 οὕτως

2196 5852 2303 5906 ἔδει
2327 5851 2579 5922 γενέσθαι
2612 5851 2952 5923 προστίθησι.
2998 5852 3107 5907 Καὶ
3142 5852 3228 5907 ἵνα
3257 5854 3330 5924 μή
3368 5868 3454 5917 τις
3494 5852 3642 5925 εἴπῃ,
3678 5852 3852 5908 Πόθεν
