4104 6148
355 294 462 350 SB

353 519 540 558 amans
573 504 710 556 hanc
735 517 980 572 spernas,
1005 502 1141 556 hanc
1165 502 1371 556 videbis
1398 503 1684 572 ignobilem
1713 519 1725 555 :
1750 519 1935 572 quam-

351 596 443 653 diu
476 596 641 661 illam,
689 610 809 664 qua:
839 609 870 648 a
901 593 1008 647 Deo
1043 603 1152 658 est,
1188 609 1290 646 non
1341 593 1558 659 videris,
1597 609 1770 662 neque
1799 597 1936 648 hanc

351 690 576 750 ridebis,
611 704 768 758 quam
812 689 980 756 turpis
1018 702 1209 756 nempe
1250 688 1338 750 sit,
1371 702 1528 757 quam
1573 687 1822 742 ridicula.
1868 687 1936 743 Ut

349 781 490 834 enim
531 781 620 850 qtti
659 779 832 841 malae,
861 777 1118 832 deformis
1166 777 1428 848 [adatque
1470 778 1713 834 mulieris
1751 794 1936 834 amore

351 875 487 942 eapti
514 881 660 934 sunt,
689 872 862 926 donec
891 872 1032 926 illam
1069 879 1268 935 amant,
1302 887 1408 925 non
1436 882 1660 938 possunt
1689 871 1804 942 ejus
1831 871 1932 928 de-

353 973 670 1027 formitatem
699 969 904 1034 videre,
940 967 1132 1022 allectu
1157 968 1416 1036 judicium
1463 968 1784 1022 obscurante
1815 985 1828 1020 :
1858 966 1928 1020 ita

348 1073 402 1117 et
429 1065 515 1116 hic
543 1062 799 1132 quamdiu
827 1061 1018 1118 allectu
1056 1061 1384 1127 detinetnur,
1412 1076 1633 1116 cernere
1667 1076 1771 1113 non
1801 1073 1920 1128 pos~

347 1168 530 1209 sumus
558 1165 814 1222 quantum
845 1158 916 1207 sit
940 1155 1155 1208 malum.
1193 1153 1474 1220 Quomodo
1503 1167 1649 1222 ergo,
1697 1151 1924 1221 inquies,

346 1246 413 1298 ab
438 1261 502 1299 eo
533 1245 917 1299 liberabimur?
944 1244 1128 1314 Cogita
1170 1260 1290 1308 eos,
1321 1244 1408 1312 qtti
1442 1245 1748 1298 innumeras
1794 1258 1927 1313 opes

347 1342 764 1406 insumpsrrunl,
795 1347 848 1391 et
873 1337 1003 1392 nihil
1043 1335 1164 1392 hinc
1201 1337 1402 1392 fructus
1441 1339 1672 1396 tulerunt
1707 1357 1722 1395 :
1753 1342 1925 1410 cogita

346 1443 602 1496 mortuos,
634 1431 722 1501 qui
753 1441 949 1484 tantam
994 1430 1171 1501 adepti
1200 1440 1324 1484 sunt
1350 1431 1595 1499 gloriam,
1637 1432 1729 1486 sed
1762 1434 1926 1486 insta-

342 1525 523 1588 bilem,
564 1541 683 1594 quae
730 1525 888 1593 periit
915 1532 969 1579 et
993 1525 1208 1579 evanuit
1237 1541 1250 1577 :
1278 1525 1448 1594 cogita
1478 1541 1673 1580 nomen
1717 1535 1921 1580 tantum

341 1633 480 1682 esse,
513 1633 619 1670 non
651 1631 786 1671 rem.
816 1615 948 1670 Nam
976 1616 1098 1686 quid
1127 1626 1207 1670 est
1233 1617 1421 1685 gloria,
1452 1619 1672 1685 quzcso?
1702 1619 1767 1672 da
1791 1617 1922 1674 deli-

341 1709 590 1761 uitionem
623 1708 876 1776 aliquam.
909 1706 1062 1775 Apud
1086 1723 1274 1762 omnes
1298 1708 1635 1763 admirationi
1668 1725 1808 1776 esse,
1841 1712 1920 1763 in-

337 1800 506 1870 quies.
541 1801 622 1852 An
649 1799 791 1868 jure,
818 1815 884 1853 an
919 1799 1151 1867 injuria?
1197 1799 1250 1852 Si
1283 1800 1493 1869 injuria.
1527 1817 1630 1854 non
1659 1803 1760 1856 erit
1791 1801 1916 1855 illud

336 1891 634 1954 admiratio,
665 1890 757 1944 sed
784 1891 1074 1953 accusatio,
1108 1891 1362 1956 adulatio,
1401 1891 1666 1945 calumnia
1697 1908 1710 1945 :
1744 1893 1786 1946 si
1817 1908 1916 1946 au-

338 1992 437 2036 tem
478 1982 620 2050 jure,
673 1981 724 2036 id
770 1983 1023 2051 possibile
1068 1997 1174 2036 non
1220 1991 1341 2044 est;
1377 1982 1564 2051 vulgus
1595 1983 1736 2036 enim
1769 1993 1915 2037 recto

335 2085 476 2130 caret
501 2074 725 2144 judicio,
755 2083 810 2129 et
838 2075 956 2129 illos
985 2076 1228 2137 miratur,
1257 2076 1344 2144 qui
1374 2076 1486 2130 suis
1511 2076 1752 2131 serviunt
1779 2092 1914 2131 con-

336 2167 688 2238 cupiscentiis.
735 2167 799 2221 Et
837 2166 881 2221 si
929 2169 1108 2231 vultis,
1151 2169 1268 2221 illos
1325 2167 1605 2230 attendite,
1654 2168 1741 2236 qui
1791 2182 1907 2222 me-

333 2263 608 2318 retricibus
651 2263 831 2316 omnia
883 2275 977 2317 sua
1030 2262 1331 2326 dederunt,
1389 2261 1477 2332 qui
1526 2260 1763 2331 aurigis,
1815 2261 1904 2331 qui

329 2359 688 2413 saltatoribus.
747 2359 817 2412 At
865 2374 969 2412 nou
1016 2357 1150 2422 hos,
1205 2357 1434 2425 inquies,
1489 2356 1752 2421 dicimus;
1813 2354 1907 2409 sed

327 2447 514 2518 hstes,
565 2460 765 2515 rectos,
799 2451 890 2520 qui
933 2465 1121 2520 magna
1171 2459 1395 2518 possunt
1441 2458 1699 2516 praestare
1745 2447 1908 2500 bona.

1318 291 1384 348 IN
1423 294 1600 349 ACTA
1644 293 2164 351 AI’OSTOLURUM.
2206 295 2432 352 llOlllL.
2477 298 2668 356 XXIX.

356 414 489 466 riam
514 408 717 482 diligis,
744 425 862 466 eam
891 409 1070 480 potius
1092 423 1232 474 ama,
1263 425 1381 479 qua:
1402 425 1431 463 a
1459 411 1568 464 Deo
1594 419 1696 465 est.
1719 410 1772 466 Si
1803 411 1944 466 illaut

3531 310 3632 366 ΞΗ

2054 411 2266 468 Utinam
2319 415 2537 478 vellent,
2588 427 2640 472 et
2689 419 2867 472 statim
2912 421 3050 477 bona
3097 423 3460 492 perlicerent:
3491 443 3632 484 nunc

2040 520 2171 560 vero
2209 506 2339 562 nihil
2384 507 2683 576 bujusmodi
2732 510 2948 567 faciunt.
2997 516 3145 582 Quis,
3188 533 3394 586 quaeso,
3417 519 3620 587 justum

2038 605 2093 651 et
2133 607 2338 652 rectum
2387 615 2527 654 nunc
2573 601 2796 656 laudat?
2833 602 3174 661 Contrarium
3221 619 3368 664 certe
3406 612 3621 666 accidit.

2037 691 2176 756 Quid
2203 692 2445 761 frigidius
2464 694 2626 762 justo.
2669 695 2713 748 si
2753 697 3064 764 prteclartnn
3096 701 3224 768 quid
3252 718 3434 771 agens,
3479 705 3624 773 vulgi

2035 785 2262 855 gloriam
2310 789 2566 856 expetat?
2594 788 2704 842 Hoc
2745 791 2889 843 enim
2943 791 3068 860 agit,
3101 807 3164 845 ac
3207 794 3250 846 si
3297 795 3418 864 quis
3451 797 3620 862 pictor

2032 877 2266 943 Optimus
2317 879 2456 947 regis
2503 880 2784 949 imaginem
2831 883 3070 950 pingens,
3116 883 3484 952 imperitorum
3507 889 3622 942 lau-

2032 969 2129 1022 des
2166 969 2412 1039 excipiat.
2453 971 2700 1036 Alioquin
2736 981 2910 1026 autem
2956 974 3045 1044 qui
3089 976 3372 1029 humanam
3417 988 3621 1046 spectat

2029 1060 2290 1127 gloriam,
2344 1077 2372 1114 a
2430 1063 2681 1117 virtutum
2737 1065 2992 1119 exercitio
3035 1066 3142 1120 cito
3191 1067 3432 1123 desistet.
3487 1069 3618 1124 Nant

2031 1152 2074 1206 si
2127 1151 2191 1205 ad
2243 1153 2425 1207 laudes
2463 1155 2675 1210 illorum
2728 1158 2914 1220 inhiet,
2969 1159 3082 1212 haec
3126 1159 3282 1214 faciet
3326 1177 3446 1231 qua:
3490 1163 3624 1232 ipsis

2032 1243 2334 1312 placebunt,
2369 1263 2472 1300 nou
2501 1263 2620 1316 qua:
2649 1250 2770 1303 sibi.
2800 1250 2953 1318 Quod
2981 1267 3108 1321 ergo
3130 1252 3241 1322 jam
3269 1253 3420 1307 vobis
3442 1259 3621 1311 consi-

2029 1333 2157 1387 lium
2189 1335 2476 1391 dederim?
2510 1340 2621 1394 Deo
2645 1341 2880 1394 animum
2912 1342 3191 1409 adbibere,
3234 1345 3364 1400 satis
3396 1345 3619 1422 habere,

2027 1432 2070 1486 si
2099 1433 2380 1489 laudemur
2404 1434 2472 1487 ab
2501 1436 2612 1499 illo,
2644 1438 2820 1490 omnia
2847 1438 2943 1505 ipsi
2973 1438 3160 1505 placita
3185 1440 3382 1506 facere,
3405 1453 3456 1497 et
3479 1444 3616 1501 bona

2025 1525 2257 1592 operari.
2302 1526 2368 1579 ad
2403 1527 2600 1580 nullam
2631 1543 2808 1582 rerum
2839 1527 3191 1586 humanarum
3223 1533 3433 1589 inhiare
3459 1555 3472 1589 :
3503 1535 3610 1593 hoc

2023 1618 2165 1672 enim
2190 1626 2244 1672 et
2283 1619 2540 1687 jejunium
2567 1629 2621 1674 et
2651 1625 2948 1676 orationum
2979 1635 3031 1677 et
3058 1625 3455 1698 elecmosynam
3483 1647 3610 1700 pes-

2023 1708 2253 1774 sumdat,
2286 1719 2445 1778 atque
2485 1712 2663 1765 omnia
2697 1722 2876 1766 nostra
2906 1713 3042 1769 bona
3073 1731 3319 1774 evacuat.
3358 1719 3508 1788 Quod
3542 1737 3611 1778 ne

2025 1801 2310 1868 patiamur,
2356 1801 2618 1872 fugiamus
2649 1805 2749 1858 hoc
2779 1806 2988 1860 vitium.
3015 1807 3190 1865 Unttm
3233 1812 3405 1867 solum
3435 1817 3610 1886 respi-

2021 1893 2246 1959 ciamus,
2300 1895 2511 1950 laudem
2541 1912 2571 1950 a
2606 1898 2731 1963 Deo,
2777 1899 2916 1952 illius
2963 1902 3426 1970 approbationem,
3457 1922 3608 1962 com-

2023 1986 2305 2056 munisque
2355 1988 2561 2043 Domini
2605 1993 3120 2049 commendationem
3161 2014 3174 2050 :
3217 2007 3277 2051 ut
3319 1999 3422 2052 vita
3467 2017 3610 2070 prm-

2018 2090 2170 2136 sente
2219 2085 2272 2136 in
2329 2082 2527 2138 virtute
2581 2093 2888 2150 transacta,
2946 2090 3225 2156 promissis
3276 2092 3430 2146 bouis
3483 2110 3606 2148 cum

2017 2173 2362 2242 diligentibus
2391 2191 2514 2230 eutn
2547 2177 2835 2244 potiamur,
2867 2181 3037 2248 gratia
3063 2191 3114 2235 et
3148 2183 3472 2252 benignitate
3499 2185 3604 2239 Do-

2016 2265 2144 2318 mini
2188 2267 2351 2319 nostri
2384 2265 2510 2319 Jesu
2557 2268 2775 2335 Christi,
2837 2272 3052 2339 quicum
3101 2271 3245 2327 Patri
3291 2285 3343 2328 et
3385 2275 3606 2344 Spiritui

2013 2367 2200 2409 sancto
2231 2356 2421 2425 gloria,
2454 2357 2756 2426 imperium,
2803 2363 2995 2426 honor,
3041 2380 3182 2421 nunc
3209 2376 3263 2421 et
3287 2383 3518 2438 semper,
3551 2381 3606 2426 et

2015 2445 2071 2501 in
2099 2449 2293 2501 saecula
2322 2450 2664 2505 saeculorum.
2699 2455 2889 2508 Amen.

330 2583 3586 2611 MM

1681 2661 2024 2722 HOMILIA
2067 2661 2310 2723 XXIX.

326 2806 446 2864 CAP.
476 2811 563 2865 15.
594 2825 645 2861 ν.
682 2809 770 2865 16.
805 2808 1032 2879 Surgcus
1062 2817 1229 2860 autem
1259 2805 1480 2869 Paulus,
1514 2817 1558 2859 et
1589 2822 1742 2859 manu
1763 2805 1907 2860 silen-

396 2903 516 2954 tium
543 2902 788 2964 indicens,
823 2901 949 2952 dixit
987 2915 1004 2952 :
1038 2897 1148 2951 Viri
1195 2897 1468 2958 lsraelitw.
1518 2906 1564 2950 et
1610 2898 1697 2963 qui
1727 2897 1908 2950 timetis

393 2995 579 3058 Deum,
621 2993 808 3046 audite.
855 2993 941 3045 l7.
989 2990 1130 3045 Deus
1178 2989 1334 3060 plebis
1379 2989 1533 3059 hujus
1561 2990 1710 3058 elegit
1742 2998 1908 3056 patres

394 3097 613 3150 nostros,
661 3097 705 3139 et
754 3086 943 3153 plebem
973 3086 1233 3147 exultavit,
1279 3101 1391 3138 cum
1418 3094 1579 3137 essent
1609 3083 1816 3136 advena:
1854 3085 1907 3135 in

399 3189 534 3230 terra
545 3176 626 3229 ’λΕ
630 3181 789 3248 gypti,
813 3188 859 3230 et
881 3195 996 3230 cum
1019 3177 1224 3231 brachio
1241 3178 1436 3230 excelso
1452 3175 1622 3228 eduxit
1642 3192 1725 3230 eos
1744 3191 1806 3229 ea:
1826 3191 1902 3228 ea.

397 3269 452 3323 1.
484 3268 614 3322 Vide
642 3269 934 3323 Barnaham
965 3269 1243 3323 cedentem
1275 3267 1456 3329 Paulo,
1487 3277 1543 3320 ut
1570 3276 1621 3320 et
1644 3265 1902 3321 Joannem

320 3360 518 3430 ubique
547 3361 724 3416 Petro.
772 3362 865 3415 Ille
889 3362 1039 3416 duxit
1067 3375 1186 3414 eum
1219 3376 1284 3414 ex
1317 3361 1572 3414 Damasco
1603 3375 1615 3409 :
1640 3357 1787 3427 atqui
1815 3371 1906 3410 ve-

319 3454 606 3508 nerabilior
648 3464 799 3518 erat;
851 3455 944 3508 sed
986 3453 1051 3507 ad
1091 3469 1424 3508 communem
1457 3451 1737 3506 utilitatem
1782 3465 1904 3519 spe-

319 3549 551 3602 ctabaut.
603 3547 668 3601 Et
713 3565 942 3617 surgens,
996 3547 1185 3616 inquit,
1217 3557 1262 3600 et
1289 3562 1443 3599 manu
1484 3545 1737 3598 silentium
1762 3541 1903 3596 indi-

321 3656 453 3693 cens.
486 3641 594 3694 Mos
625 3639 709 3694 hic
737 3639 939 3694 Judicis
982 3649 1099 3694 erat
1130 3656 1143 3691 :
1172 3639 1293 3693 ideo
1321 3637 1398 3691 sic
1430 3636 1549 3690 illos
1591 3635 1899 3704 alloquitur.

320 3733 452 3789 Vide
475 3735 746 3804 quomodo
771 3733 1005 3787 sermoni
1035 3733 1171 3788 viam
1198 3742 1346 3800 paret
1375 3748 1389 3787 :
1420 3733 1590 3801 primo
1615 3732 1757 3787 enim
1787 3732 1903 3785 lau-

321 3826 449 3880 dans
478 3826 622 3891 illos,
655 3840 1006 3894 magnamque
1027 3826 1313 3880 ostendens
1343 3841 1468 3895 erga
1507 3824 1650 3892 ipsos
1696 3839 1898 3886 curam,

319 3934 415 3988 per
439 3921 579 3988 quod
611 3921 762 3983 dicit,
795 3919 895 3983 Qui
925 3919 1104 3973 timetis
1135 3917 1293 3972 Deum
1319 3935 1338 3983 ;
1367 3921 1445 3973 sic
1474 3919 1685 3974 demum
1721 3918 1902 3987 incipit

319 4028 642 4068 sermonem.
677 4013 790 4068 Non
816 4013 970 4078 dixit,
1002 4013 1280 4084 Proselyti,
1309 4013 1448 4083 quod
1479 4025 1595 4068 erat
1624 4013 1899 4067 calamita-

321 4105 388 4158 tis
410 4120 628 4158 nomen.
666 4103 800 4158 Deus
829 4105 986 4173 plebis
1030 4107 1180 4175 lmjus
1219 4105 1365 4174 elegit
1411 4115 1578 4174 patres
1618 4115 1816 4158 nostros
1854 4115 1901 4157 et

320 4199 582 4265 pupulum.
616 4197 745 4251 Vide
771 4197 1037 4266 quomodo
1057 4197 1327 4250 hominum
1350 4212 1688 4252 communem
1709 4197 1895 4260 Deum,

320 4287 551 4357 ipsorum
594 4289 808 4358 proprie
842 4290 1004 4343 Deum
1050 4289 1212 4353 dicat,
1259 4299 1313 4344 et
1356 4289 1602 4344 ostendat
1641 4289 1897 4343 beneficia

319 4395 507 4449 magna
537 4381 646 4448 jam
696 4382 822 4434 olim
871 4382 1000 4450 ipsis
1029 4383 1244 4447 collata,
1297 4383 1432 4435 sicut.
1475 4390 1530 4436 et
1573 4381 1895 4448 Stephanus.

248 4473 283 4539 7}
321 4476 443 4530 llzec
466 4489 644 4532 autem
676 4475 894 4540 faciunt,
926 4485 981 4528 ut
1007 4475 1235 4528 doceant
1277 4473 1416 4536 illos,
1461 4473 1598 4542 quod
1630 4489 1724 4544 pro
1751 4490 1900 4527 more

316 4583 413 4622 suo
441 4584 583 4622 nunc
612 4567 804 4620 Filium
836 4583 988 4620 suum
1038 4567 1261 4618 miserit.
1292 4565 1441 4618 Sicut
1470 4575 1522 4618 et
1562 4566 1804 4619 Christus
1831 4565 1900 4620 de

314 4666 466 4715 vinea
496 4661 625 4714 dixit
656 4658 806 4728 (Luc.
839 4660 928 4713 9.0.
961 4659 1072 4728 l3),
1100 4660 1176 4712 sic
1199 4671 1250 4711 et
1278 4659 1364 4711 ille
1397 4659 1646 4727 loquitur.
1677 4657 1899 4712 Exulta-

317 4753 383 4804 vit
408 4754 457 4804 in
486 4752 890 4822 peregrinatione
918 4753 969 4803 in
991 4749 1243 4821 JEgyplo,
1269 4759 1312 4801 et
1339 4767 1451 4802 cum
1479 4749 1682 4802 brachio
1705 4748 1898 4803 excelso

317 4844 488 4896 eduxit
512 4861 596 4896 eos
621 4859 684 4896 ea:
711 4859 788 4896 ea.
822 4844 977 4910 Atqui
1009 4842 1336 4896 contrarium
1367 4840 1632 4894 acciderat
1657 4839 1730 4913 (α)
1757 4858 1770 4904 ;
1804 4841 1897 4894 sed

316 4934 654 4989 multitudine
693 4935 832 4987 aucti
883 4942 1042 4996 sunt;
1092 4935 1197 4987 imo
1250 4943 1304 4988 et
1365 4933 1614 4986 miracula
1683 4942 1900 5002 pr0pter

317 5026 434 5079 illos
467 5028 603 5080 facta
648 5036 790 5079 sunt.
830 5025 896 5079 Et
937 5025 1210 5094 propliette
1256 5033 1559 5078 memorant
1589 5023 1783 5092 ubique
1810 5038 1894 5086 ea,

313 5137 432 5190 qua:
476 5121 610 5174 facta
655 5129 780 5174 sunt
821 5119 872 5172 in
904 5117 1156 5187 Egypto.
1195 5117 1257 5170 Et
1284 5116 1424 5180 vide,
1456 5116 1726 5186 quomodo
1755 5124 1894 5169 tem-

313 5227 441 5282 pora
469 5213 835 5267 calamitatum
866 5219 1260 5280 pruetercurrat,
1304 5218 1357 5262 et
1384 5223 1642 5276 nusquam
1670 5208 1893 5262 crimina

315 5305 368 5358 iu
399 5307 631 5358 medium
661 5303 873 5369 all'erat,
915 5302 1008 5356 sed
1043 5301 1132 5354 Dei
1180 5301 1579 5369 benignitatem,
1614 5300 1699 5353 illa
1731 5301 1894 5353 relin-

313 5412 481 5468 quens
508 5397 643 5468 ipsis
670 5396 972 5466 cogitanda.
1017 5395 1105 5450 18.
1137 5393 1206 5446 Ει
1234 5410 1324 5465 per
1350 5393 1689 5462 quadraginta
1726 5409 1895 5444 anno-

373 5576 445 5640 (α)
479 5577 531 5627 Id
559 5583 657 5634 est,
685 5578 734 5625 ni
757 5573 1062 5641 fallor,Deus
1081 5573 1256 5641 eduxit
1280 5569 1388 5641 illos
1413 5585 1476 5641 ex
1501 5571 1724 5641 @gypto,
1745 5577 1800 5619 ut
1819 5571 1895 5641 in-

309 5634 510 5691 duceret
552 5644 601 5689 iu
644 5646 827 5687 terram
872 5637 1232 5699 promissionis;
1275 5635 1364 5699 sed
1405 5635 1466 5682 ob
1505 5634 1893 5699 illorutunequi-

309 5702 418 5750 tiam
455 5702 756 5753 contmriuut
795 5695 999 5758 accidit;
1042 5711 1153 5748 nam
1194 5698 1400 5747 maxima
1436 5710 1548 5760 pars
1603 5699 1652 5745 iu
1690 5695 1889 5744 deserto

309 5765 448 5822 periit
457 5805 470 5817 .

2009 2821 2124 2857 rum
2150 2816 2346 2872 tempus
2391 2823 2552 2861 mores
2594 2823 2768 2862 eorum
2806 2813 3046 2865 sustinuit
3075 2814 3130 2867 in
3162 2817 3376 2868 deserto.
3405 2818 3605 2873 Deinde

2016 2897 2401 2954 habitationem
2454 2911 2612 2956 terrae
2659 2903 2834 2958 dicit:
2867 2905 2955 2960 19.
3009 2907 3075 2959 Et
3127 2909 3388 2963 destruens
3433 2923 3603 2981 gentes

2013 3001 2199 3061 septem
2228 2993 2280 3045 in
2313 3003 2448 3046 terra
2467 2993 2735 3063 Chanaan,
2769 3008 2904 3053 sorte
2929 3000 3183 3054 distribuit
3209 3005 3280 3055 eis
3307 3014 3492 3058 terram
3517 3023 3602 3058 eo-

2012 3098 2146 3135 rum.
2172 3081 2238 3136 Et
2261 3084 2484 3139 multum
2508 3086 2806 3170 intercessit
2831 3099 3058 3160 tempus,
3088 3093 3598 3165 quadringentonuu

2012 3183 2066 3228 et
2092 3177 2472 3248 quinquaginta
2501 3194 2785 3234 annorum.
2816 3181 2908 3236 20.
2944 3182 3010 3236 Et
3038 3187 3184 3254 quasi
3211 3197 3325 3257 post
3351 3189 3598 3257 quadriuo

2011 3277 2182 3338 gentos
2213 3278 2258 3323 et
2284 3273 2649 3342 quinquaginta
2688 3290 2848 3326 annos
2893 3275 3030 3328 dedit
3074 3278 3145 3330 eis
3165 3278 3388 3346 judices,
3440 3297 3600 3350 usque

2011 3361 2079 3412 ad
2108 3360 2396 3417 Samuelem
2427 3368 2745 3434 prophetam.
2796 3367 2894 3423 Hic
2939 3372 3175 3425 ostendit
3223 3373 3396 3442 ipsum
3447 3377 3597 3430 varie

2012 3454 2307 3520 providisse
2333 3456 2498 3512 rebus
2529 3458 2764 3513 illorum.
2798 3459 2889 3514 2|.
2921 3461 2989 3514 Et
3013 3464 3194 3517 exinde
3219 3466 3598 3532 postulaverunt

2010 3561 2196 3614 regem.
2236 3545 2347 3603 Nec
2387 3561 2649 3605 memorat
2676 3553 2939 3622 ingratum
2972 3554 3183 3608 illorum
3210 3558 3467 3624 animttm,
3498 3561 3594 3613 sed

2012 3637 2206 3708 ubique
2239 3639 2329 3695 Dei
2357 3643 2716 3699 clementiam.
2753 3648 2820 3699 Et
2851 3647 2987 3700 dedit
3013 3649 3115 3702 illis
3139 3649 3276 3703 Saul
3290 3651 3454 3719 [ilium
3481 3651 3592 3718 (Iis,

2010 3730 2171 3783 virum
2201 3733 2260 3785 de
2290 3735 2423 3788 tribu
2464 3735 2755 3806 Benjamin,
2803 3741 2951 3794 annis
2989 3742 3331 3813 quadraginta
3371 3762 3392 3798 :
3428 3745 3516 3799 22.
3546 3755 3595 3799 et

2009 3834 2179 3877 amoto
2203 3825 2311 3880 illo.
2341 3828 2600 3881 suscitavit
2627 3831 2699 3883 eis
2729 3829 2901 3884 David
2938 3833 2988 3884 in
3015 3850 3182 3903 regem
3209 3850 3228 3887 :
3256 3836 3340 3888 cui
3365 3837 3594 3889 testimo-

2009 3917 2148 3968 nium
2172 3918 2454 3984 perhibens,
2475 3920 2604 3974 dixit
2630 3938 2648 3976 :
2669 3921 2851 3977 Inveni
2871 3922 3041 3977 David
3061 3926 3225 3993 ﬁlium
3247 3925 3410 3992 Iesse,
3433 3929 3598 3982 airmn

2008 4009 2282 4062 secundum
2308 4027 2396 4064 car
2424 4029 2606 4077 meum,
2637 4016 2720 4085 qui
2753 4017 2907 4086 faciet
2932 4035 3102 4072 onmes
3127 4020 3408 4074 voluntates
3434 4038 3596 4076 meas.

2009 4099 2122 4153 Non
2154 4117 2371 4170 parvum
2420 4103 2540 4169 hoc,
2589 4109 2727 4172 quod
2773 4125 2836 4162 ex
2891 4110 3086 4164 Davide
3129 4111 3374 4166 Christus
3423 4125 3588 4169 esset.

2012 4189 2209 4245 Deinde
2249 4191 2508 4247 Joannem
2557 4196 2760 4250 inducit
2807 4200 3205 4266 tes'ilicautem,
3235 4203 3422 4258 dicens
3453 4223 3464 4256 :
3497 4205 3591 4259 25.

2013 4278 2181 4348 lIujtts
2211 4282 2346 4335 Deus
2373 4300 2436 4336 ea:
2473 4287 2660 4338 semine
2699 4290 2974 4342 secundum
3001 4293 3382 4358 promissionem
3410 4296 3588 4349 eduxit

2010 4371 2218 4426 lsrarlis
2244 4373 2560 4428 Salvntorem
2583 4377 2613 4428 J
2621 4395 2780 4441 esum,
2810 4379 2900 4434 24.
2930 4382 3238 4449 prtvdicante
3254 4383 3458 4439 Joanne
3477 4399 3594 4440 ante

2007 4465 2187 4534 faciem
2231 4466 2472 4520 adventus
2500 4470 2610 4536 ejus
2639 4470 2946 4537 baptismum
2977 4475 3280 4543 paenitentia:
3321 4479 3459 4531 omni
3500 4497 3593 4549 po-

2008 4557 2131 4622 pqu
2153 4556 2342 4610 Israel.
2372 4559 2461 4613 25.
2497 4559 2623 4613 Cum
2662 4563 2891 4622 impleret
2927 4575 3092 4618 autem
3119 4565 3342 4623 Joannes
3387 4587 3585 4626 cursant

2005 4663 2186 4712 suum,
2217 4649 2408 4702 dicebat
2439 4668 2458 4703 :
2491 4651 2652 4716 Quem
2698 4671 2775 4708 me
2803 4656 3120 4711 arbitramini
3162 4677 3287 4725 esse,
3336 4680 3436 4716 non
3479 4681 3593 4717 sun.

2007 4755 2096 4809 ego
2119 4757 2137 4793 :
2161 4741 2248 4794 sed
2274 4759 2385 4796 ecce
2406 4745 2536 4796 venit
2560 4757 2672 4813 post
2702 4763 2800 4812 me,
2831 4749 2976 4816 cujus
3002 4767 3101 4804 non
3130 4770 3238 4806 sum
3261 4754 3446 4825 dignus
3476 4757 3590 4810 ca!-

2007 4844 2260 4886 remuenta
2292 4835 2475 4903 pedum
2515 4838 2726 4891 solvere.
2779 4840 2839 4893 Et
2866 4840 3100 4899 Joannes
3141 4847 3451 4905 testiﬁcatur
3480 4865 3592 4905 non

2006 4923 2341 4990 simpliciter,
2365 4927 2458 4980 sed
2480 4929 2703 4997 gloriam
2727 4946 2755 4983 a
2778 4946 2840 4986 se
2855 4932 3152 5004 depellens,
3173 4940 3377 4994 etiamsi
3399 4956 3595 4997 omnes

2003 5015 2223 5082 gloriam
2277 5019 2372 5084 ipsi
2405 5018 2684 5074 referrent.
2731 5023 2847 5078 Non
2892 5041 2986 5094 par
3013 5042 3101 5081 res
3127 5039 3209 5084 est
3235 5041 3410 5087 autem
3439 5035 3591 5089 nullo

2005 5109 2164 5163 dante
2206 5113 2482 5178 repellere,
2533 5123 2585 5166 et
2628 5117 2876 5170 omnibus
2927 5121 3279 5178 tribuentibus
3327 5126 3589 5183 honorem

2004 5199 2248 5266 rejicere.
2299 5217 2470 5270 neque
2515 5204 2844 5272 simpliciter,
2891 5215 2986 5264 sed
3033 5227 3153 5266 cum
3206 5224 3349 5270 tanta
3389 5217 3588 5272 demis-

2005 5290 2173 5344 sioue.
2203 5290 2292 5345 ‘26.
2335 5291 2438 5344 Viri
2475 5299 2678 5364 fratres,
2712 5300 2808 5366 ﬁlii
2837 5304 3029 5370 generis
3070 5306 3304 5372 Abrahar,
3337 5320 3386 5362 et
3421 5313 3507 5380 qui
3533 5313 3589 5366 in

2004 5384 2140 5434 vobis
2167 5384 2337 5436 timent
2378 5384 2558 5452 Deum,
2593 5389 2728 5442 vobis
2755 5392 2956 5446 verbum
2990 5396 3169 5449 salutis
3199 5399 3351 5466 huius
3381 5403 3587 5457 missum

2005 5485 2095 5526 est.
2134 5474 2222 5526 27.
2274 5475 2374 5539 Qui
2416 5478 2548 5530 enim
2591 5481 2883 5536 habitabant
2922 5483 3207 5541 Jerusalem
3253 5503 3296 5544 et
3333 5497 3584 5565 principes

2005 5583 2176 5620 eorum
2201 5567 2332 5620 hunc
2357 5568 2668 5638 ignorantes,
2694 5583 2737 5626 et
2766 5590 2907 5628 voces
2933 5581 3316 5649 praphetarum,
3343 5603 3456 5654 quae
3493 5605 3584 5654 per

2003 5674 2150 5710 omne
2172 5657 2429 5713 sabbatum
2471 5659 2722 5729 leguntur,
2764 5665 3060 5732 iudicantes,
3091 5672 3416 5738 implereruu!
3445 5693 3462 5730 :
3488 5679 3578 5731 ‘28.

2003 5759 2050 5802 et
2079 5751 2269 5803 nullam
2297 5769 2500 5804 causam
2529 5755 2700 5808 mortis
2739 5755 3044 5816 invenientes
3077 5765 3129 5816 in
3167 5782 3243 5831 co,
3277 5773 3520 5831 μύξῃ-γωδ(
3550 5790 3583 5822 ιτ
