4108 6172
458 300 566 356 215

459 416 632 472 Pilato
674 422 729 465 ut
768 407 1151 476 interﬁceretur.
1185 407 1396 476 Ubique
1441 406 1541 459 boc
1565 404 1848 458 ostendere
1894 410 2038 455 sata-

457 516 612 576 gunt,
657 504 855 557 bonum
889 501 1123 570 ipsorum
1170 499 1269 554 hoc
1300 501 1570 568 proprium
1599 512 1741 557 esse,
1791 511 1857 548 ue
1904 503 2040 546 tam-

459 612 618 666 quam
649 595 882 649 alienum
924 592 1324 647 considerantes
1372 590 1592 658 fugiant,
1638 602 1704 641 eo
1733 585 1874 655 quod
1918 599 2040 638 cru-

462 689 756 742 t-ilixisseut
803 701 950 740 eum.
1001 683 1192 746 Hunc,
1245 683 1456 752 inquit,
1507 681 1816 750 ignorantes.
1861 676 2041 744 Itaque

461 780 773 850 ignorantia!
800 785 1073 847 peccatmn
1105 784 1238 830 erat.
1263 773 1396 828 Vide
1419 771 1689 840 quomodo
1710 771 1831 824 illos
1851 768 2041 823 leniter

461 873 728 926 defendat.
764 871 945 941 Neque
969 870 1070 924 hoc
1091 877 1291 922 tantmn
1316 883 1330 930 ;
1355 866 1446 921 sed
1469 866 1628 920 etiam
1657 865 1725 918 ita
1748 862 1860 916 fieri
1882 877 2043 929 opor-

463 967 627 1018 tuisse
654 964 855 1034 adjicit.
879 963 955 1017 Ne
979 964 1100 1032 quis
1128 976 1255 1015 vero
1277 959 1495 1022 diceret,
1527 956 1679 1012 Unde
1704 954 2038 1008 manifestum

462 1065 545 1108 est
576 1055 723 1108 illum
753 1052 1111 1106 resurrexisse
1135 1051 1157 1104 τ
1184 1049 1312 1104 dicit
1340 1049 1523 1110 etiam,
1553 1046 1719 1100 Testes
1740 1045 1876 1096 illius
1901 1052 2036 1095 sunt.

464 1145 666 1199 Deinde
693 1159 898 1199 rursum
914 1158 980 1198 ex
1002 1141 1292 1210 Scripturis
1314 1155 1426 1194 rem
1449 1139 1748 1192 conlirmat.
1773 1134 1863 1189 29.
1888 1132 2039 1187 Cum-

462 1253 560 1306 que
585 1243 1010 1290 consummassent
1041 1235 1232 1297 omnia,
1260 1248 1373 1299 qua:
1419 1231 1481 1284 de
1526 1230 1615 1283 illo
1657 1229 1846 1298 scripta
1873 1237 2036 1292 erant,

465 1329 767 1397 tleponentes
793 1330 858 1383 de
896 1329 1055 1398 ligno,
1090 1335 1362 1396 posuerunt
1391 1341 1502 1376 eum
1540 1322 1597 1376 in
1639 1332 2036 1375 monumentum.

462 1419 550 1476 30.
585 1419 720 1472 Deus
744 1437 858 1474 vero
886 1419 1142 1474 suscitavit
1169 1434 1283 1470 eum
1311 1433 1343 1469 a
1371 1416 1581 1468 mortuis
1627 1415 1775 1467 tertia
1817 1413 1917 1477 die,
1950 1411 2039 1480 qui

461 1515 594 1568 visus
618 1523 690 1568 est
713 1531 800 1582 per
825 1514 931 1566 dies
959 1514 1141 1566 multos
1177 1512 1262 1575 iis,
1292 1511 1380 1564 5|.
1408 1510 1493 1579 qui
1521 1507 1670 1562 simul
1709 1506 2040 1560 ascenderunt

459 1624 574 1660 cum
601 1624 658 1661 eo
685 1606 747 1660 de
771 1605 982 1660 Galiltea
1006 1609 1059 1659 in
1080 1605 1388 1668 Jerusalem,
1417 1605 1502 1672 qui
1527 1612 1642 1657 sunt
1669 1611 1814 1656 testes
1840 1602 1950 1669 ejus
1969 1600 2039 1653 ad

461 1697 670 1767 plebem.
704 1697 789 1752 52.
833 1697 898 1750 Et
928 1715 1020 1751 nos
1067 1698 1202 1751 vobis
1248 1696 1606 1749 annuntiamus
1643 1709 1769 1755 eam,
1817 1707 1929 1760 qua:
1971 1691 2039 1744 ad

460 1799 627 1859 patres
650 1800 847 1843 nostros
868 1789 1186 1858 repromissio
1209 1791 1342 1858 facta
1362 1795 1436 1840 est
1461 1786 1587 1840 :55.
1611 1784 1728 1853 quia
1747 1784 1878 1836 hanc
1899 1780 2038 1834 Deus

456 1880 747 1949 adimplevit
785 1877 926 1932 nobis
955 1879 1077 1944 ﬁliis
1103 1895 1293 1940 eorum,
1334 1877 1643 1930 resuscitaus
1679 1873 1875 1938 Jesum,
1910 1874 2038 1925 sicut

456 1981 504 2022 et
531 1970 583 2024 in
611 1969 822 2023 Psalmo
845 1969 1065 2024 secundo
1103 1969 1351 2036 scriptunt
1383 1976 1453 2020 est
1472 1981 1492 2021 :
1523 1963 1690 2019 Filius
1719 1980 1858 2018 meus
1885 1980 1936 2018 es
1960 1973 2034 2027 tu,

456 2077 548 2132 ego
575 2061 726 2115 hodie
749 2063 898 2132 genui
924 2071 971 2114 te
999 2059 1172 2128 (Psal.
1199 2061 1253 2114 2.
1283 2060 1360 2129 Ἰ).
1393 2059 1479 2113 54.
1512 2058 1660 2124 Quod
1686 2068 1848 2111 autem
1869 2058 2036 2111 susci.

458 2153 579 2208 tavit
604 2170 719 2208 eum
754 2170 786 2206 a
834 2153 1066 2216 mortuis,
1107 2168 1206 2204 non
1233 2150 1370 2204 ultra
1415 2165 1730 2204 reversurum
1768 2149 1821 2202 in
1860 2165 2038 2202 corru-

461 2245 702 2312 ptionem,
730 2245 799 2297 ita
824 2245 972 2307 dixit,
999 2244 1133 2308 Quia
1158 2243 1285 2296 dabo
1309 2242 1444 2296 vobis
1463 2252 1635 2296 sancta
1661 2241 1822 2294 David
1862 2241 2036 2309 ﬁdelia

460 2335 614 2408 (lsai.
647 2337 734 2391 55.
783 2338 862 2398 5).
904 2335 1150 2392 55.1deo
1181 2347 1227 2388 et
1274 2337 1326 2388 in
1371 2334 1474 2388 alio
1517 2336 1690 2388 dicit:
1725 2332 1847 2387 Non
1892 2333 2036 2386 dabis

459 2428 707 2482 Sanctum
733 2438 872 2482 tuum
898 2428 1064 2482 videre
1086 2429 1456 2498 corruptionem
1497 2427 1667 2498 (Psal.
1694 2427 1778 2481 15.
1810 2425 1913 2494 l0).
1945 2425 2034 2479 56.

459 2517 628 2572 David
656 2519 789 2573 enim
815 2521 867 2574 in
895 2536 990 2574 sua
1014 2521 1336 2590 generatione
1375 2537 1489 2573 cum
1529 2519 1925 2572 administrasset
1952 2532 2038 2570 vo-

457 2612 640 2665 luntati
661 2610 777 2677 Dei,
809 2611 1064 2673 dormivit,
1093 2623 1139 2664 et
1161 2612 1424 2680 appositus
1444 2621 1517 2665 est
1539 2610 1608 2663 ad
1636 2619 1800 2676 patres
1826 2626 1961 2670 suos,
1989 2618 2037 2662 et

457 2703 580 2757 vidit
606 2705 978 2774 corruptionem
1008 2719 1028 2758 :
1054 2704 1142 2758 57.
1191 2720 1334 2771 quem
1374 2719 1489 2757 vero
1537 2701 1676 2756 Deus
1714 2703 1970 2757 suscitavit
2004 2719 2036 2756 a

457 2798 685 2862 mortuis,
714 2811 814 2849 non
841 2795 965 2849 vidit
988 2795 1380 2865 corruptionem.
1416 2795 1548 2849 Vide
1577 2793 1717 2848 hunc
1745 2793 2036 2849 vehemen-

457 2889 562 2942 tius
588 2887 961 2943 disserentem.
1012 2887 1124 2942 Hoc
1171 2903 1459 2957 numquam
1506 2886 1698 2941 Petrus
1742 2886 1895 2940 dixit.
1943 2884 2033 2939 58.

459 2981 648 3034 Notum
672 2980 827 3049 igitur
853 2980 916 3035 sit
942 2980 1096 3040 vobis.
1119 2980 1213 3032 viri
1242 2979 1448 3048 fratres,
1478 2978 1596 3048 quia
1623 2994 1709 3045 per
1734 2977 1866 3030 hunc
1893 2977 2036 3030 nobis

455 3072 683 3126 remissio
705 3079 1023 3139 peccatorum
1049 3070 1401 3133 annuntiatur,
1429 3078 1477 3122 et
1500 3069 1562 3121 ab
1582 3068 1833 3130 omnibus,
1863 3084 1895 3120 α
1919 3068 2035 3137 qui-

455 3161 546 3214 bus
570 3178 670 3214 non
701 3161 931 3230 potuistis
966 3161 1019 3213 in
1057 3161 1169 3231 lege
1201 3158 1395 3228 Mogsis
1419 3159 1709 3226 iustiﬁcari,
1739 3157 1828 3213 59.
1863 3158 1915 3210 in
1942 3159 2034 3211 hoc

457 3254 620 3308 omnis
643 3254 729 3323 qui
752 3253 912 3307 credit
926 3253 1258 3322 justiﬁcatur.
1287 3250 1488 3305 Deinde
1513 3250 1613 3304 hoc
1635 3249 1872 3306 terribile
1899 3267 1913 3304 :
1942 3250 2031 3304 40.

471 3347 640 3402 Videte
666 3364 804 3418 ergo,
845 3363 906 3400 ne
941 3345 1258 3415 superveniat
1292 3345 1428 3398 vobis
1464 3343 1600 3412 quod
1641 3343 1828 3396 dictum
1875 3352 1946 3397 est
1983 3344 2035 3396 in

457 3439 713 3509 prophetis
744 3455 764 3494 :
791 3439 882 3494 M.
920 3435 1113 3502 Videte,
1135 3445 1519 3504 contemptores,
1541 3442 1586 3486 et
1615 3433 1958 3498 admiramini,
1987 3444 2034 3488 et

456 3531 822 3600 disperdimini,
870 3529 989 3600 quia
1023 3543 1152 3596 opus
1193 3543 1375 3596 operor
1413 3543 1502 3595 ego
1530 3527 1584 3580 in
1626 3525 1797 3580 diebus
1835 3526 2031 3592 vestris,

454 3619 592 3689 quod
607 3635 706 3672 non
725 3619 956 3682 credetis,
975 3618 1018 3671 si
1034 3617 1145 3686 quis
1160 3622 1467 3671 enarravertt
1488 3615 1623 3670 vobis
1645 3613 1864 3686 (Habac.
1886 3616 1936 3669 1.
1951 3615 2030 3686 5).

525 3710 582 3763 2.
617 3709 748 3763 Vide
777 3707 1045 3780 quomodo
1063 3707 1542 3762 nectitsermonem
1564 3722 1628 3762 ex
1659 3707 2030 3776 praesentibus,

453 3819 520 3855 ex
556 3800 865 3870 prophetis,
918 3816 982 3854 ex
1026 3801 1230 3853 semine
1259 3799 1551 3853 secundum
1597 3799 2028 3868 promissionem.

461 3895 654 3948 Verum
678 3909 837 3959 supra
875 3893 1012 3948 dicta
1038 3893 1403 3962 exploremus.
1453 3891 1560 3945 Viri
1588 3893 1792 3957 fratres,
1818 3893 1914 3956 [itii
1941 3910 2030 3964 ge-

459 3988 592 4042 neris
633 3986 869 4040 Abraluc.
911 3986 952 4038 A
981 3975 1143 4054 patre
1189 3985 1332 4053 ipsos
1374 3984 1622 4053 appellat.
1675 3982 1824 4037 Vobis
1868 4001 2030 4039 sermo

451 4080 630 4133 salutis
655 4080 806 4148 hujus
835 4079 1014 4132 missus
1041 4086 1130 4131 est.
1169 4077 1264 4131 llic
1295 4076 1444 4141 illud,
1485 4075 1650 4138 Vobis,
1684 4091 1787 4130 non
1815 4075 2031 4130 Iudaeos

452 4173 738 4240 separatim
771 4171 1004 4240 respicit,
1030 4169 1124 4225 sed
1146 4170 1237 4224 dat
1268 4170 1372 4223 illis
1405 4180 1721 4239 potestatem
1761 4169 2024 4224 avellendi

450 4280 513 4316 se
541 4263 608 4317 ab
637 4264 719 4327 iis,
749 4264 838 4333 qui
863 4262 1064 4317 cuidem
1093 4272 1500 4332 perpetraruut;
1529 4261 1669 4332 quod
1699 4277 1763 4316 ex
1787 4263 2031 4332 sequenti

457 4357 628 4425 palam
659 4368 762 4410 est.
795 4354 933 4408 Nam
957 4355 1044 4423 qui
1070 4354 1396 4420 habitabant,
1441 4355 1613 4424 inquit
1635 4395 1650 4420 ,
1701 4353 2028 4420 Jerusalem,

451 4449 587 4501 hunc
629 4449 938 4517 ignorantes,
966 4457 1010 4501 et
1035 4462 1176 4502 voces
1203 4447 1584 4518 prophetarum,
1613 4462 1726 4516 qua:
1756 4463 1844 4514 per
1885 4463 2033 4500 onme

449 4540 713 4594 sabbatum
742 4540 992 4608 leguntur,
1013 4539 1304 4606 judicantes
1333 4539 1682 4607 impleverunt.
1718 4537 1904 4604 Magna
1933 4552 2030 4592 ac—

451 4632 675 4692 cusatio,
707 4630 751 4683 si
778 4631 1082 4698 frequenter
1105 4630 1382 4684 audientes
1411 4645 1513 4681 non
1538 4627 1881 4682 attenderint.
1925 4630 2030 4683 Sed

455 4724 586 4779 nihil
609 4723 800 4776 mirum
825 4740 840 4776 :
873 4737 993 4775 nam
1015 4721 1152 4775 dicta
1177 4722 1263 4774 illa
1281 4723 1426 4775 circa
1451 4721 1736 4791 :Egyptum
1765 4732 1817 4775 ct
1841 4721 2028 4777 deser-

458 4825 567 4868 tmu
595 4854 608 4877 ,
649 4811 778 4867 satis
803 4821 957 4866 erant
993 4811 1059 4866 ad
1091 4812 1355 4880 ingratum
1405 4811 1618 4866 illorum
1657 4813 1890 4867 animum
1933 4815 2028 4871 de-

458 4903 880 4959 monstrandum.
916 4904 981 4958 Et
1007 4903 1272 4972 quomodo
1295 4905 1624 4972 ignorarunt,
1656 4904 1876 4974 inquies,
1907 4920 2027 4960 cum

453 4999 687 5054 Joannes
716 4995 949 5050 dixerit?
977 4993 1114 5062 Quid
1138 4993 1353 5058 mirum,
1383 5008 1504 5048 cum
1530 4993 1799 5062 prophetae
1822 5011 2031 5064 quoque

457 5087 1000 5160 s:epeclamaveriut?
1023 5087 1156 5140 llinc
1182 5087 1284 5141 alia
1301 5087 1570 5140 accusatio
1595 5103 1606 5138 :
1634 5085 1697 5140 Et
1717 5086 1856 5140 nulla
1876 5103 2031 5142 causa

457 5181 630 5236 mortis
651 5181 850 5233 iuventa
872 5193 892 5242 ;
923 5179 972 5233 id
1012 5179 1152 5247 quod
1189 5179 1499 5249 ignorantiae
1543 5195 1646 5233 non
1695 5189 1829 5232 erat.
1859 5180 2032 5234 Pona-

458 5291 574 5328 mus
597 5274 763 5337 enim,
791 5272 932 5343 quod
962 5288 1082 5326 cum
1115 5288 1209 5340 pro
1233 5271 1446 5326 Christo
1467 5287 1571 5324 non
1605 5272 1904 5336 habuerint,
1933 5288 2032 5326 cur

455 5364 809 5419 occiderunt?
840 5363 908 5418 Et
947 5365 1226 5431 petierunt,
1260 5363 1466 5434 inquit,
1511 5379 1541 5414 a
1584 5361 1751 5418 Pilato
1781 5374 1833 5415 ut
1877 5365 2031 5415 inter-

456 5457 709 5525 liceretur.
741 5455 963 5526 Cumque
989 5464 1414 5508 consmnmasseut
1439 5454 1608 5508 omnia
1630 5496 1644 5517 ,
1690 5471 1804 5526 qua:
1841 5455 1904 5509 de
1941 5454 2030 5509 illo

455 5549 645 5613 scripta
669 5557 812 5601 erant
835 5589 848 5611 ,
893 5547 1194 5613 deponentes
1233 5546 1295 5600 de
1322 5547 1479 5617 ligno,
1511 5557 1786 5617 posuerunt
1827 5546 1880 5599 in
1924 5562 2033 5600 mo-

456 5648 770 5691 numentum.
799 5637 930 5692 Vide
955 5654 1114 5705 quam
1151 5637 1252 5692 hoc
1295 5637 1398 5692 illis
1425 5653 1565 5693 curae
1597 5636 1773 5691 fuerit.
1819 5636 2030 5691 Modum

469 5729 659 5784 mortis
685 5729 853 5796 dixit,
886 5739 939 5784 et
967 5730 1186 5785 l'ilatum
1222 5731 1272 5785 in
1303 5731 1531 5786 mcdimu
1581 5731 1826 5795 adducit,
1861 5739 1916 5784 ut
1957 5731 2030 5785 si-

1163 290 1219 346 S.
1258 288 1532 346 JOANNIS
1567 285 2046 344 CllRVSOSTOMl
2085 283 2398 340 ARCHIEP.
2437 283 2972 341 CONSTANTINOP.

3620 280 3726 336 iiii

2153 398 2262 453 mul
2291 409 2344 454 et
2373 397 2651 454 manifesta
2683 400 2858 468 passio
2883 399 2952 453 sit
2976 412 3042 452 ex
3073 395 3351 460 tribunali,
3374 394 3636 466 simulque
3667 405 3726 450 ut

2147 490 2222 544 illi
2243 490 2457 560 gravius
2494 500 2833 553 accusentur,
2862 490 3003 559 quod
3053 490 3202 544 illum
3252 488 3566 558 alienigena:
3610 489 3726 542 viro

2147 580 2485 634 tradiderint.
2537 579 2721 650 Neque
2760 581 2926 644 dixit,
2968 580 3256 650 Conquesti
3297 588 3422 633 sunt
3467 578 3572 650 (a);
3607 579 3724 642 sed,

2151 670 2514 736 l’ostularunt,
2562 673 2704 726 nulla
2758 687 2916 726 causa
2953 673 3165 727 inventa
3209 672 3356 726 illum
3405 672 3723 739 occidendi;

2147 765 2217 818 ita
2241 775 2294 818 ut
2320 765 2493 834 palam
2515 766 2584 818 sit
2606 766 2724 818 illos
2743 767 2964 836 gratiam
2985 767 3254 834 accepisse
3277 765 3446 819 Pilato
3470 766 3682 820 uolente
3707 787 3721 823 :

2145 855 2285 924 quod
2312 855 2507 909 clarius
2534 855 2662 910 dicit
2695 857 2900 918 Petrus,
2931 856 3204 910 Judicante
3241 855 3330 910 illo
3359 857 3544 910 dimitti
3576 859 3721 927 (Act.

2144 945 2198 1000 5.
2231 945 2342 1016 15).
2372 947 2590 1001 Multum
2619 947 2828 1002 amabat
2873 948 2996 1003 illos
3035 949 3251 1003 Paulus.
3308 948 3376 1002 Et
3419 949 3566 1011 vide,
3615 968 3718 1004 non

2147 1049 2387 1093 moratur
2412 1041 2462 1092 in
2492 1040 2697 1108 ingrato
2725 1052 2930 1110 patrum
2962 1042 3164 1103 annuo,
3191 1041 3286 1096 sed
3317 1042 3444 1112 ipsis
3476 1043 3719 1099 timorem

2146 1132 2351 1186 incutit.
2387 1133 2690 1202 Stephanus
2714 1142 2861 1188 certe
2897 1133 2998 1188 hoc
3021 1136 3144 1203 jure
3171 1133 3298 1189 facit
3319 1177 3334 1198 ,
3366 1146 3548 1202 utpote
3575 1138 3718 1191 occi-

2143 1222 2367 1286 dendus,
2397 1241 2501 1278 non
2527 1225 2749 1291 docens,
2773 1236 2828 1280 et
2851 1227 3141 1281 OStendeus
3171 1227 3340 1298 legem
3367 1227 3480 1297 jam
3525 1230 3660 1282 solvi
3702 1247 3717 1284 :

2145 1315 2232 1371 hic
2283 1333 2412 1372 vero
2462 1335 2565 1371 non
2613 1319 2774 1386 item,
2823 1319 2915 1373 sed
2947 1319 3179 1373 minatur
3220 1331 3274 1374 et
3319 1329 3483 1374 terret
3524 1323 3716 1375 solum.

2144 1407 2281 1463 Deus
2304 1420 2468 1464 autem
2512 1412 2767 1465 suscitavit
2805 1413 2952 1465 illum
2975 1429 3007 1466 a
3047 1413 3278 1467 mortuis.
3318 1411 3421 1478 Qui
3453 1415 3584 1468 visus
3608 1423 3679 1468 est
3703 1457 3718 1480 ,

2145 1502 2333 1570 inquit,
2364 1504 2532 1557 multis
2555 1502 2729 1557 diebus
2749 1506 2830 1568 iis,
2852 1504 2939 1567 qui
2961 1521 3075 1556 cum
3109 1521 3166 1558 eo
3188 1507 3518 1559 ascenderant
3558 1523 3588 1559 a
3617 1506 3718 1560 (ia-

2143 1595 2278 1649 liltea
2303 1596 2355 1649 in
2379 1594 2686 1649 Jerusalem.
2715 1596 2846 1651 Vide
2870 1598 3008 1651 hunc
3032 1597 3099 1651 ab
3127 1598 3242 1667 ipso
3266 1597 3466 1668 Spiritu
3494 1609 3714 1663 motum,

2143 1699 2196 1742 et
2231 1689 2528 1756 passionem
2577 1700 2630 1743 et
2661 1690 2961 1757 sepulcrum
3003 1706 3146 1759 satpe
3198 1702 3606 1746 memorantem.
3651 1691 3718 1747 Et

2142 1795 2232 1831 nos
2270 1779 2405 1832 vobis
2447 1781 2840 1843 annuntiamus,
2885 1781 3088 1851 inquit,
3137 1797 3246 1834 eam
3286 1798 3398 1852 qua:
3440 1784 3506 1836 ad
3551 1794 3718 1851 patres

2143 1881 2337 1923 nostros
2377 1871 2700 1935 repromissio
2743 1875 2879 1941 [acta
2906 1882 2978 1925 est
3001 1887 3020 1936 ;
3064 1872 3113 1925 id
3143 1879 3257 1934 est,
3307 1873 3713 1940 pron'iiSsiouem

2143 1969 2320 2030 patres
2349 1973 2690 2029 acceperunt,
2720 1979 2814 2017 vos
2839 1979 2949 2017 rem
2979 1964 3168 2033 ipsam.
3205 1965 3407 2021 Deinde
3434 1976 3712 2036 postquam

2144 2061 2331 2106 testem
2360 2054 2651 2108 adduxerat
2679 2055 2937 2109 Joannem
2961 2097 2974 2120 ,
3004 2071 3123 2110 cum
3152 2057 3384 2121 diceret,
3419 2057 3494 2112 De
3530 2061 3717 2114 semine

2143 2143 2236 2196 hoc
2250 2146 2526 2198 secundum
2545 2147 2921 2214 promissionem
2939 2147 3149 2201 adduxit
3171 2147 3355 2203 lsraeli
3377 2151 3714 2220 Salvatorem,

2141 2238 2446 2306 prazdicante
2461 2239 2662 2292 Joanne
2685 2250 2802 2294 ante
2826 2242 3006 2312 faciem
3029 2242 3272 2296 adventus
3288 2247 3396 2314 ejus
3416 2245 3718 2316 baptismum

2141 2329 2442 2397 poenitentiae
2466 2329 2674 2395 Israel;
2699 2347 2880 2386 rursus
2904 2332 3104 2389 inducit
3133 2333 3280 2389 illum
3314 2337 3504 2390 iterum
3535 2337 3718 2392 dicen-

2141 2429 2245 2475 tem
2278 2439 2291 2476 :
2326 2421 2485 2486 Quem
2505 2438 2582 2476 me
2608 2423 2920 2477 arbitramini
2945 2441 3070 2486 esse,
3103 2441 3203 2479 non
3230 2443 3338 2481 sum
3370 2443 3479 2498 ego.
3516 2427 3714 2483 Deinde

2139 2511 2409 2579 apostolos
2435 2527 2646 2582 quoque
2691 2513 2896 2568 inducit
2923 2517 3328 2571 resurrectionis
3379 2527 3542 2574 testes
3566 2559 3580 2584 ,
3629 2521 3712 2574 di-

2139 2618 2266 2658 cens
2300 2621 2311 2656 :
2339 2604 2438 2668 Qui
2461 2615 2576 2658 sunt
2601 2615 2744 2659 testes
2773 2607 2913 2660 illius
2942 2607 3010 2659 ad
3043 2609 3236 2676 plebem
3263 2649 3278 2672 ,
3317 2610 3509 2666 deinde
3557 2612 3712 2666 Davi-

2139 2695 2259 2750 dem
2297 2695 2524 2766 idipsum
2567 2696 2934 2752 testilicantem
2964 2738 2979 2765 ,
3028 2714 3147 2754 cum
3201 2701 3365 2756 dicit:
3399 2701 3519 2755 Non
3574 2704 3715 2758 dabis

2140 2787 2384 2842 Sanctum
2413 2798 2552 2842 tuum
2589 2790 2756 2844 videre
2791 2792 3181 2860 corruptionem.
3208 2793 3392 2862 Neque
3429 2795 3570 2850 enim
3617 2811 3712 2852 ve-

2140 2888 2250 2936 tera
2285 2897 2378 2950 per
2397 2883 2571 2952 seipsa
2597 2893 2701 2938 tam
2726 2883 2876 2939 lirma
2898 2900 3016 2941 esse
3040 2885 3376 2954 videbantur,
3402 2904 3573 2959 neque
3599 2888 3714 2945 lucc

2137 2973 2254 3028 sine
2283 2973 2386 3030 illis
2417 2991 2428 3027 :
2460 2991 2556 3046 per
2587 2985 2813 3046 utraque
2836 2986 2983 3032 certe
3008 2992 3309 3035 sermonem
3342 2981 3537 3036 firmat.
3579 2982 3711 3050 Quia

2136 3069 2278 3122 enim
2323 3077 2464 3124 metu
2507 3070 2842 3135 tenebantur,
2895 3070 3035 3142 quod
3081 3071 3228 3126 illum
3271 3074 3629 3139 occidissent,
3660 3087 3715 3131 et

2137 3161 2462 3216 conscientia
2488 3163 2759 3219 alienabat
2785 3164 2928 3229 illos,
2957 3179 3064 3219 non
3089 3165 3238 3235 quasi
3267 3166 3332 3221 ad
3364 3167 3714 3224 Cbri~ticidas

2139 3251 2443 3322 loquuntur,
2481 3269 2580 3309 nec
2616 3255 2766 3324 quasi
2807 3255 3036 3311 alienum
3069 3297 3085 3323 ,
3116 3257 3208 3312 sed
3241 3259 3392 3328 quasi
3440 3261 3711 3330 proprium

2139 3345 2266 3413 ipsis
2306 3344 2500 3399 bonum
2543 3346 2831 3402 traderent.
2867 3348 3266 3417 Optatissimum
3311 3350 3414 3404 illis
3453 3360 3570 3406 erat
3622 3365 3717 3402 llo-

2139 3451 2259 3499 m,eu
2301 3435 2513 3491 Davidis
2547 3453 2560 3491 :
2596 3437 2715 3492 ideo
2745 3437 2894 3508 ponit
2930 3438 3081 3503 illud,
3114 3451 3171 3494 ut
3199 3439 3283 3494 vel
3313 3440 3391 3494 sic
3427 3441 3614 3496 saltem
3647 3440 3713 3495 il-

2137 3523 2245 3578 lum
2292 3526 2620 3594 suscipiant;
2686 3543 2749 3583 ac
2785 3529 2829 3582 si
2874 3528 3107 3596 diceret,
3153 3530 3315 3584 lilium
3372 3531 3486 3600 ejus
3533 3547 3710 3601 regem

2137 3615 2266 3685 ipsis
2296 3617 2530 3671 futurum
2561 3633 2680 3673 esse
2709 3637 2722 3673 :
2769 3620 2925 3690 igitur
2951 3621 3066 3690 ejus
3099 3621 3304 3676 frenum
3338 3639 3402 3676 ue
3428 3623 3711 3691 abjiciatis.

2135 3709 2270 3773 Quid
2303 3711 2400 3764 sibi
2429 3711 2540 3766 vult
2587 3712 2712 3767 illud
2745 3730 2760 3767 :
2805 3712 2946 3768 Dabo
2986 3714 3122 3769 vobis
3164 3726 3338 3770 sancta
3365 3715 3534 3771 David
3579 3718 3713 3784 ﬁde-

2137 3801 2250 3855 lia?
2282 3801 2497 3867 Firma,
2555 3803 2756 3872 inquit,
2807 3820 2926 3875 quae
2969 3821 3259 3876 numquam
3308 3808 3537 3876 peritura
3582 3809 3710 3862 sint.

2134 3894 2316 3965 Neque
2365 3895 2416 3948 in
2471 3896 2552 3949 bis
2603 3906 2861 3962 moratur,
2912 3906 3095 3966 utpote
3143 3913 3263 3952 cum
3312 3899 3392 3953 bis
3434 3899 3542 3970 jam
3590 3916 3711 3954 cre-

2133 3987 2292 4052 dant;
2351 3987 2444 4042 sed
2495 3988 2728 4042 minatur
2773 3989 3090 4058 supplicium
3117 4030 3134 4056 ,
3183 3998 3238 4043 et
3282 3991 3472 4044 transit
3507 3991 3572 4044 ad
3619 3991 3709 4058 id,

2132 4081 2275 4150 quod
2319 4081 2397 4135 eis
2431 4081 2664 4150 optabile
2707 4090 2822 4135 erat
2846 4122 2860 4145 ,
2903 4096 3022 4135 cum
3050 4081 3376 4137 ostendisset
3403 4083 3710 4152 abrogatam

2135 4186 2254 4226 esse
2273 4173 2479 4242 legem;
2511 4173 2740 4243 atquein
2767 4188 2832 4227 eo
2853 4172 2992 4242 quod
3014 4173 3143 4228 utile
3161 4183 3276 4227 erat
3294 4185 3550 4239 moratur,
3569 4177 3710 4244 quod

2135 4278 2329 4332 nempe
2375 4278 2562 4334 magna
2611 4264 3066 4332 trangressoribus
3108 4263 3246 4318 mala
3291 4262 3467 4318 futura
3507 4275 3709 4318 es~ent.

2136 4354 2336 4410 Deinde
2357 4355 2546 4409 iterum
2575 4354 2825 4409 Davidem
2854 4370 2974 4409 cum
2996 4353 3151 4408 laude
3182 4366 3446 4410 memorat
3475 4373 3488 4409 :
3523 4355 3716 4426 David,

2135 4447 2324 4517 inquit,
2347 4448 2399 4501 in
2426 4464 2520 4501 sua
2551 4447 2868 4517 generatione
2893 4463 3010 4499 cum
3048 4446 3443 4500 administrasset
3470 4449 3715 4500 voluntati

2137 4539 2248 4604 Dei,
2273 4540 2533 4608 appositus
2548 4549 2619 4594 est
2643 4537 2712 4592 ad
2734 4548 2904 4608 patres
2927 4553 3065 4592 suos.
3087 4536 3236 4593 Sicut
3255 4547 3307 4592 et
3331 4537 3516 4593 Petrus
3538 4540 3712 4608 ipsum

2134 4646 2436 4686 memorans
2471 4630 2722 4685 dicebat:
2757 4629 2928 4684 Liceat
2947 4630 3113 4684 dicere
3154 4646 3268 4683 cum
3312 4631 3499 4696 ﬁducia
3528 4630 3590 4684 de
3620 4649 3715 4699 pa-

2134 4724 2355 4778 triarcha
2384 4723 2546 4777 David
2579 4724 2714 4796 (Act.
2738 4723 2795 4778 2.
2826 4724 2940 4794 29).
2979 4723 3088 4779 Nec
3116 4723 3245 4778 dicit
3265 4735 3530 4778 mortuum
3557 4741 3710 4794 esse,

2133 4816 2228 4870 sed
2248 4859 2262 4880 ,
2291 4816 2565 4887 Appositus
2587 4825 2662 4869 est
2686 4815 2755 4868 ad
2787 4825 2954 4884 patres
2984 4833 3100 4869 suos
3121 4857 3136 4881 ,
3167 4816 3216 4869 id
3248 4816 3387 4885 quod
3415 4818 3556 4870 dictu
3585 4835 3711 4871 sua-

2132 4911 2250 4962 vius
2277 4917 2411 4963 erat.
2445 4907 2509 4960 Et
2538 4907 2654 4960 vide
2683 4907 2953 4975 quomodo
2987 4923 3246 4978 nusquam
3292 4909 3428 4961 bona
3475 4909 3711 4978 ipsorum

2133 5017 2295 5071 Opera
2342 5008 2537 5068 ponat,
2579 4998 2675 5053 sed
2707 5015 2825 5068 quae
2858 5000 3299 5068 reprehensibilia
3340 5013 3493 5054 erant
3528 5017 3540 5053 :
3587 5018 3712 5057 nam

2133 5093 2273 5163 quod
2301 5092 2578 5162 petiissent
2606 5099 2660 5144 et
2691 5091 3062 5158 accepissent,
3101 5107 3289 5162 magna
3318 5093 3524 5146 illorum
3550 5108 3716 5148 accu-

2134 5185 2270 5239 satio
2290 5193 2422 5237 erat.
2451 5183 2583 5236 llinc
2611 5181 2866 5236 heuelicia
2890 5183 2983 5236 Dei
3009 5193 3288 5240 recenset:
3321 5183 3499 5255 Elegit,
3523 5185 3710 5252 inquit,

2137 5275 2428 5338 Exultavil,
2463 5273 2738 5326 Educavit.
2771 5273 2895 5328 lla-c
2923 5289 3051 5328 vero
3078 5291 3181 5327 non
3226 5291 3409 5328 eorum
3431 5317 3445 5340 ,
3482 5274 3574 5328 sed
3619 5274 3715 5329 Dei

2198 5391 2270 5453 (a)
2298 5388 2352 5438 ln
2375 5396 2536 5453 Graeco
2561 5387 2758 5453 legitur,
2778 5401 2955 5453 ινίτνχον,
2975 5402 3300 5453 quam_vocem
3322 5390 3565 5453 interpres
3583 5391 3716 5450 prior

2136 5449 2325 5502 latinus
2359 5451 2535 5508 vertit,
2570 5449 2904 5508 obtinuerunt}
2926 5449 3014 5500 sed
3040 5450 3183 5500 male.
3211 5460 3322 5501 Nam
3346 5449 3508 5513 iunia.
3535 5449 3612 5501 hic
3649 5455 3718 5499 si-

2137 5515 2621 5577 gniﬁcaycmtquesti
2657 5521 2784 5570 sunt,
2808 5519 2976 5561 contra
3014 5525 3123 5577 eum
3149 5513 3327 5577 loquuti
3352 5521 3459 5563 sunt
3477 5547 3494 5570 ,
3517 5527 3716 5577 accusa-

2137 5571 2267 5624 runt.
2289 5575 2434 5634 Cujus
2454 5571 2822 5636 signiﬁcationis
2845 5571 3074 5636 exempla
3095 5571 3348 5625 attulimus
3369 5587 3464 5624 non
3489 5588 3639 5636 pauca
3665 5575 3718 5624 in

2135 5612 2442 5686 iiuo'mastico
2464 5612 2528 5684 ad
2546 5612 2692 5685 liueui
2716 5612 2953 5686 Edilidnis
2987 5612 3387 5686 Athanasio-nutu
3412 5612 3718 5684 nobisuador:

2137 5709 2250 5763 nato
2281 5701 2329 5747 in
2355 5712 2473 5748 voce
2499 5712 2730 5762 ιντντχάνιιν.
2753 5706 2804 5745 et
2828 5700 2874 5745 iu
2897 5699 3122 5763 sequenti
3161 5712 3322 5763 ινιτιία.
3345 5705 3419 5747 Stc
3459 5706 3626 5749 autem
3649 5699 3729 5749 in-

2142 5761 2340 5813 tellecta
2365 5774 2484 5810 voce
2510 5759 2668 5822 ινιτῆαν
2685 5763 2844 5808 omnia
2863 5759 3185 5822 quadrabuut.
