4104 6148
337 220 452 277 215

341 340 522 412 δῆλον,
579 336 663 389 ὅτι
713 334 953 405 ἀνέστης
1016 332 1151 402 φησὶ
1193 331 1274 395 τὸ,
1309 330 1424 385 Καὶ
1476 330 1777 400 μάρτυρες
1829 325 2019 382 αὑτοῦ

341 434 522 485 είσιν.
546 423 682 481 Εἶτα
719 424 879 480 πάλιν
926 422 1033 477 ἀπὸ
1080 422 1188 476 τῶν
1226 421 1458 492 Γραφῶν
1514 418 1871 491 ίσχυρίζεταιυ
1921 417 2013 481 Ὠς

342 519 413 573 δὲ
440 516 735 570 ἐτέλεσαν
766 511 967 567 πάντα
989 510 1061 565 τὰ
1079 510 1211 579 περὶ
1250 509 1439 564 αὐτοῦ
1478 506 1875 579 γεγραμμένα,
1906 520 2011 558 κα-

344 605 622 669 θελόντες
652 600 772 656 ἀπὸ
801 599 908 654 τοῦ
935 599 1150 665 ξύλου,
1201 597 1430 665 ἔθηκαν
1454 599 1543 663 είς
1590 593 1903 665 μνημεῖον.
1962 592 2015 644 Ὀ

343 690 414 745 δέ
448 690 594 755 Θεὸς
620 691 806 743 αὑτὸν
829 688 1067 756 ῆγειρεν
1086 688 1156 741 ἐκ
1178 684 1426 754 νεκρῶν,
1463 683 1532 751 ὃς
1551 683 1716 752 ὤφθη
1749 681 1849 735 ἐπὶ
1871 679 2016 749 ἡμέ-

340 794 454 848 ρας
477 776 730 843 πλείους
751 774 880 842 τοῖς
913 772 1334 829 συναναϐᾶσιν
1355 771 1517 837 αὐτῷ
1555 770 1675 826 άπὸ
1703 767 1812 836 τῆς
1834 770 2018 823 Γαλι-

344 866 523 930 λαίας
547 867 636 930 είς
675 862 1085 933 Ἰερουσαλὴμ.
1118 859 1337 927 οἵτινές
1357 862 1477 915 εισι
1497 858 1799 928 μάρτυρες
1827 855 2014 910 αὐτοῦ

346 953 496 1020 πρὸς
541 950 650 1005 τὸν
681 952 855 1005 λαόν.
881 951 989 1005 Καὶ
1011 949 1183 1019 ἡμεῖς
1208 946 1364 1017 ὑμᾶς
1389 943 1882 1017 εὐαγγελιζόμεθα
1902 942 2018 1010 τὴν

346 1044 498 1113 πρὸς
555 1042 700 1109 τοὺς
757 1040 1018 1110 πατέρας
1053 1039 1419 1110 ἐπαγγελίαν
1454 1035 1880 1108 γεγενημένην,
1927 1032 2017 1085 ὅτι

346 1132 575 1198 ταύτην
605 1134 639 1184 ό
667 1128 813 1196 Θεὸς
864 1126 1291 1195 ἐκπεπλήρωκε
1352 1124 1479 1191 τοῖς
1536 1123 1768 1188 τέκνοις
1817 1119 2018 1175 οὔτῶν

348 1219 511 1290 ἡμῖν,
549 1216 905 1284 ἀναστήσας
948 1214 1209 1283 Ἰησοῦν,
1236 1212 1428 1279 καθὼς
1454 1211 1551 1265 καὶ
1571 1212 1641 1264 ἐν
1660 1208 1742 1276 τῷ
1793 1208 2017 1278 Ψαλμῷ

350 1303 431 1371 τῷ
452 1304 710 1373 δευτέρῳ
756 1302 1100 1373 γέγραπται·
1158 1303 1293 1367 Υίός
1317 1317 1436 1371 μου
1473 1295 1533 1353 εἶ
1572 1298 1678 1358 σὺ,
1734 1296 1850 1367 ἐγὼ
1902 1295 2016 1364 σή-

342 1409 531 1463 μερον
568 1388 898 1462 γεγέννηκά
915 1404 1010 1443 σε.
1053 1389 1182 1442 Ὅτι
1231 1387 1300 1441 δέ
1333 1385 1677 1452 ἀνέστησεν
1706 1387 1896 1440 αὑτὸν
1946 1383 2016 1437 έκ

349 1480 580 1548 νεκρῶν
595 1477 810 1549 μηκέτι
836 1478 1148 1548 μέλλοντα
1169 1476 1357 1530 αὑτὸν
1387 1478 1474 1541 είς
1514 1474 1844 1544 διαφθορὰν
1862 1477 2017 1529 ὑπο-

350 1567 654 1637 στρέφειν,
685 1567 876 1631 οὕτως
916 1566 1177 1634 εἴρηκεν,
1231 1564 1321 1618 ὅτι
1362 1564 1538 1618 Δώσω
1584 1562 1727 1633 ὑμῖν
1758 1561 1832 1616 τὰ
1877 1561 2018 1615 ὅσια

350 1654 533 1709 Δαυτδ
558 1654 633 1708 τά
663 1652 869 1708 πιστά.
901 1653 998 1706 Διὸ
1029 1651 1126 1706 καὶ
1148 1651 1219 1705 ἐν
1246 1651 1426 1719 ἑτέρῳ
1464 1651 1648 1720 λέγει’
1673 1650 1757 1704 Οὐ
1802 1648 2017 1715 δώσεις

348 1742 457 1797 τὸν
484 1740 659 1796 ὅσιόν
682 1757 798 1795 σου
826 1739 974 1794 ιδεῒν
1001 1737 1347 1808 διαφθοράν.
1382 1738 1564 1792 Δαυῒδ
1595 1736 1714 1806 μὲν
1753 1737 1864 1804 γὰρ
1899 1735 2018 1803 ἰδίᾳ

348 1828 525 1901 γενεᾷ
570 1827 962 1896 ὑπηρετήσας
1007 1826 1083 1895 τῇ
1131 1825 1240 1881 τοῦ
1269 1824 1418 1880 Θεοῦ
1455 1823 1662 1892 ,βουλῇ
1706 1823 2013 1892 ἐκοιμήθη,

350 1919 446 1970 καὶ
491 1915 823 1985 προσετέθη
860 1915 1011 1984 πρὸς
1035 1914 1180 1982 τοὺς
1210 1914 1471 1983 πατέρας
1505 1912 1714 1977 αὐτοῦ,
1765 1912 1865 1967 καί
1894 1908 2017 1966 εἶδε

351 2003 698 2074 διαφθοράν·
752 2004 826 2057 δν
847 2002 917 2057 δὲ
966 2007 1000 2058 ὁ
1028 2003 1175 2070 Θεὸς
1203 2001 1459 2073 ἤγειρεν,
1491 2004 1603 2056 οὐκ
1628 1998 1748 2055 εἶδε
1774 2000 2010 2069 διαφθο-

351 2091 481 2162 ράν.
505 2092 647 2163 Ὅρα
676 2091 864 2145 τοῦτον
894 2091 1249 2161 σφοδρότερον
1294 2089 1691 2159 διαλεγόμενον.
1727 2088 1897 2141 Τοῦτο
1922 2088 2015 2140 οὑ-

354 2180 520 2252 δαμοῦ
554 2181 762 2252 Πέτρος
815 2175 985 2233 εἶπεν.
1022 2177 1311 2234 Γνωστὸν
1354 2173 1468 2233 οὖν
1493 2178 1652 2231 ἔστω
1699 2175 1859 2245 ὑμῖν,
1907 2175 2016 2228 ἆν-

354 2269 488 2336 δρες
514 2268 790 2337 ἀδελφοί,
815 2267 905 2321 ὅτι
925 2266 1021 2320 διὰ
1044 2267 1258 2321 τούτου
1290 2264 1435 2337 ήμῖν
1480 2265 1698 2334 ἄφεσις
1722 2262 2018 2334 ἁμαρτιῶν

349 2355 802 2426 ἐπαγγέλλεται,
830 2354 929 2410 καί
974 2354 1094 2409 ἀπὸ
1118 2353 1377 2418 πάντων,
1411 2348 1500 2407 ὧν
1524 2355 1635 2407 οὐκ
1678 2351 2018 2421 ἠδυνήθητε

347 2443 420 2499 έν
446 2446 609 2513 νόμῳ
632 2442 928 2510 Μωῦσέως
971 2439 1370 2509 δικαιωθῆναι,
1400 2441 1472 2495 ἐν
1495 2440 1685 2507 τούτῳ
1718 2438 1837 2505 πᾶς
1864 2441 1897 2492 ό
1924 2456 2020 2491 πι-

348 2533 582 2588 στεύων
609 2527 756 2604 [227]
790 2530 1142 2586 δικαιοῦται.
1183 2526 1316 2583 Εἶτα
1343 2530 1438 2584 καί
1469 2528 1532 2581 τὸ
1584 2528 1833 2599 φοϐερόν·
1871 2524 2017 2581 Βλέ-

349 2636 491 2674 πετε
513 2615 648 2685 οὖν,
670 2619 756 2690 μὴ
784 2618 1007 2688 ἐπέλθῃ
1035 2620 1125 2688 ἐφ’
1148 2618 1305 2688 ὑμᾶς
1327 2617 1395 2670 τὸ
1435 2617 1752 2686 εἰρημένον
1800 2616 1870 2669 ἐν
1895 2615 2018 2682 τοῖς

350 2707 702 2778 προφήταις
741 2707 921 2763 Ἴδετε
942 2709 997 2762 οί
1034 2706 1503 2776 καταφρονηταί,
1528 2705 1625 2759 καὶ
1659 2703 2014 2772 έμϐλέψατε,

347 2795 447 2851 καί
470 2795 836 2866 θαυμάσατε,
861 2796 961 2850 καὶ
985 2796 1376 2865 ἀφανίσθητε,
1398 2794 1489 2848 ὅτι
1509 2793 1686 2864 ἔργον
1703 2792 1817 2861 ἐγὼ
1851 2792 2019 2862 ἐργά-

347 2882 515 2955 ζομαι
563 2885 634 2938 έν
684 2883 814 2948 ταῖς
846 2882 1094 2953 ἡμέραις
1118 2880 1307 2952 ὑμῶν,
1332 2881 1365 2935 δ
1405 2884 1477 2936 οὐ
1502 2881 1589 2952 μὴ
1628 2885 2015 2951 πιστεύσητε,

344 2971 457 3026 ἐάν
484 2989 578 3038 τις
606 2970 944 3041 ἐκδιηγῆται
964 2970 1128 3039 ὑμῖν.

419 3057 488 3130 β’.
509 3060 653 3129 Ὅρα
677 3058 792 3123 πῶς
819 3057 1009 3112 πλέκει
1037 3058 1127 3111 τὸν
1146 3057 1303 3126 λόγον
1318 3058 1427 3112 ἀπὸ
1444 3058 1552 3114 τῶν
1581 3059 1884 3132 παρόντων,
1908 3058 2016 3113 ἀπὸ

343 3145 459 3199 τῶν
488 3144 801 3216 προφητῶν,
855 3147 968 3200 ἀπὸ
1008 3143 1105 3200 τοῦ
1153 3146 1469 3218 σπέρματος
1495 3146 1589 3201 τοῦ
1621 3148 1742 3201 κατ’
1773 3148 2013 3217 ἐπαγγε-

343 3234 492 3286 λίαν.
529 3231 668 3286 ’Δλλ’
697 3232 900 3288 ἀνωθεν
926 3233 1123 3303 ἴδωμεν
1147 3234 1216 3288 τὰ
1259 3235 1544 3306 εἰρημένα.
1577 3237 1817 3305 Ἄνδρες
1836 3237 2013 3291 ἀδελ-

339 3311 484 3381 φοὶ,
534 3311 653 3366 υίοὶ
680 3312 893 3382 γένους
935 3315 1208 3385 Ἀϐραάμ.
1260 3318 1371 3371 Καὶ
1401 3318 1511 3370 ἀπὸ
1536 3319 1636 3372 τοῦ
1686 3319 1893 3390 πατρὸς
1916 3321 2018 3374 αὐ-

338 3399 465 3463 τοὺς
499 3401 675 3453 καλεῖ.
701 3400 862 3472 Ὑμῖν
887 3401 916 3454 ὁ
944 3400 1101 3470 λόγος
1130 3403 1233 3473 τῆς
1262 3403 1542 3474 σωτηρίας
1576 3407 1781 3475 ταύτης
1814 3407 2020 3473 ἐξαπε-

342 3487 537 3558 στάλη.
585 3488 852 3543 Ἐνταῦθα
900 3489 984 3556 τὸ,
1025 3490 1206 3560 Ὑμῖν,
1243 3493 1344 3545 οὐκ
1377 3492 1656 3557 Ἰουδαίοις
1692 3495 2019 3567 ἀφωρισμέ-

345 3590 452 3638 νως
490 3576 658 3647 λέγει,
682 3579 817 3633 ἀλλά
844 3580 1059 3636 δίδωσιν
1111 3583 1294 3646 αὐτοῖς
1323 3582 1570 3649 ἐξουσίαν
1617 3584 2010 3656 ἀποσχισθῆναι

341 3664 451 3717 τῶν
476 3665 568 3718 τὸν
596 3666 757 3736 φόνον
788 3666 1220 3738 τετολμηκότων·
1283 3669 1377 3722 καὶ
1421 3668 1578 3723 τοῦτο
1607 3671 1716 3723 ἀπὸ
1744 3671 1839 3724 τοῦ
1871 3675 2011 3727 ἐπα-

339 3751 574 3822 γομένου
608 3753 787 3825 δῆλον.
830 3754 897 3810 Ol
929 3755 1038 3825 γὰρ
1084 3756 1527 3821 κατοικοῦντες,
1554 3758 1759 3829 φησὶν,
1803 3761 2012 3829 Ἰερου-

340 3839 569 3909 σαλὴμ,
630 3842 851 3896 τοῦτον
886 3842 1323 3912 ἀγνοήσαντες,
1360 3844 1458 3898 καί
1510 3845 1616 3911 τὰς
1659 3848 1860 3915 φωνὰς
1891 3849 2011 3903 τῶν

339 3928 665 3997 προφητῶν
687 3930 797 3996 τὰς
823 3929 975 3984 κατά
1009 3922 1205 3985 πάντα
1258 3932 1560 3986 σάϐϐατον
1602 3933 2010 4005 ἀναγινωσκο-

335 4016 544 4083 μένας,
566 4017 881 4085 κρίναντες
935 4017 1315 4088 έπλήρωσαν.
1347 4020 1574 4091 Μεγάλη
1610 4022 1643 4092 ἠ
1683 4023 2005 4095 κατηγορία,

338 4103 391 4156 εί
412 4105 649 4175 συνεχῶς
678 4104 970 4170 ἀκούοντες
999 4107 1060 4159 οὺ
1097 4110 1403 4178 προσεῖχον.
1450 4108 1586 4162 Ἀλλ’
1630 4110 1783 4164 οὐδὲν
1816 4123 1843 4152 ι
1878 4112 2009 4166 θαυ-

342 4190 567 4260 μαστόν·
590 4191 659 4244 τὰ
684 4190 795 4262 7&9
823 4193 1088 4263 εἰρημένα
1116 4194 1300 4247 ἐκεῖνα
1329 4193 1396 4247 τά
1441 4195 1563 4249 κατ’
1609 4198 1883 4266 Αἴγυπτον
1911 4199 2007 4253 καὶ

336 4278 434 4349 τὴν
461 4278 666 4351 ἔρημον
702 4280 861 4334 ίκανά
881 4280 1051 4348 δεῖξαι
1079 4281 1260 4336 αὐτῶν
1310 4282 1408 4353 τὴν
1445 4283 1861 4357 ἀγνωμοσύνην.
1893 4289 2005 4342 Καὶ

337 4365 454 4431 πῶς
479 4367 777 4438 ἠγνόησαν,
808 4369 994 4439 φησὶν,
1062 4370 1311 4424 Ἰωάννου
1340 4371 1625 4440 λέγοντος;
1685 4374 1751 4426 Τί
1796 4376 2006 4446 θαυμα-

338 4454 481 4519 στδν,
525 4457 661 4510 ὃπου
690 4472 754 4525 γε
787 4456 1020 4509 καὶτῶν
1074 4459 1367 4529 προφητῶν
1425 4461 1664 4532 συνεχῶς
1719 4462 2004 4532 βοώντων;

338 4538 467 4596 Εἶτα
487 4544 582 4596 καὶ
607 4544 741 4615 ἄλλη
770 4545 1095 4616 κατηγορία,
1128 4546 1241 4598 Καὶ
1265 4546 1568 4615 μηδεμίαν
1602 4551 1800 4603 αἰτίαν
1825 4555 2003 4607 θανά-

333 4647 440 4684 του
461 4633 765 4700 εὐρόντεςο
798 4633 934 4705 ὅπερ
961 4634 1060 4687 οὐκ
1110 4630 1178 4706 ἦν
1228 4636 1472 4704 ἀγνοίας.
1521 4637 1715 4709 Θῶμεν
1744 4642 1872 4712 γὰρ,
1920 4643 2000 4697 ὅτι

332 4719 428 4787 οὐχ
452 4718 527 4782 ὡς
556 4719 792 4792 Χριστὸν
828 4721 990 4775 αὐτὸν
1013 4718 1177 4791 εἶχον·
1228 4724 1374 4787 τίνος
1402 4725 1586 4778 ἕνεκεν
1614 4732 1707 4780 καὶ
1731 4727 1997 4799 ἁνῄρουν;

330 4807 441 4861 Καὶ
478 4808 810 4875 ᾐτήσαντο,
855 4811 1007 4881 φησὶ,
1052 4808 1317 4865 Πιλᾶτον
1365 4812 1747 4882 ἀναιρεθῆναι
1791 4818 1994 4872 αὐτόν.

343 4893 438 4961 Ὠς
460 4894 531 4948 δὲ
557 4895 855 4950 ἐτέλεσαν
879 4897 1075 4951 πάντα
1100 4897 1173 4951 τὰ
1203 4899 1337 4967 περὶ
1368 4900 1555 4954 αὐτοῦ
1607 4906 1994 4975 γεγραμμένα,

330 4980 687 5052 καθελόντες
718 4987 909 5040 αὐτὸν
948 4988 1065 5042 ἀπὸ
1097 4990 1200 5043 τοῦ
1229 4990 1441 5056 ξύλου,
1482 4994 1707 5061 ἔθηκαν
1729 4998 1818 5062 εἰς
1852 5016 1998 5067 μνη-

327 5072 516 5141 μεῖον.
554 5075 701 5146 Ὅρα
728 5075 847 5139 πῶς
881 5077 1065 5140 αὐτοῖς
1097 5079 1563 5148 περισπούδαστον
1589 5077 1656 5153 ἦν
1690 5084 1866 5137 τοῦτο.
1893 5087 1994 5140 Τὸν

328 5161 525 5231 τρόπον
557 5157 681 5215 εἷπε
729 5162 821 5217 τὸν
874 5163 971 5217 τοῦ
1000 5164 1254 5230 θανάτου,
1295 5166 1387 5220 καὶ
1431 5168 1662 5223 Πιλᾶτον
1691 5173 1773 5236 εἰς
1830 5174 1994 5244 μέσον

329 5246 504 5319 φέρει,
553 5249 672 5320 ἅμα
725 5248 826 5320 μὲν
867 5249 954 5303 ἵνα
983 5249 1141 5320 δῆλον
1170 5252 1231 5305 τὸ
1273 5253 1445 5318 πάθος
1483 5257 1707 5328 γένηται
1744 5261 1853 5314 ἀπὸ
1898 5262 1991 5316 τοῦ

331 5336 632 5408 κριτηρίου,
656 5337 771 5406 ἅμα
803 5336 861 5390 δὲ
892 5337 976 5390 ἵνα
1005 5339 1202 5392 ἐκεῖνοι
1255 5341 1514 5410 μειζόνως
1554 5348 1989 5419 κατηγορῶνται,

328 5423 478 5494 ἀνδρὶ
506 5425 840 5496 παραδόντες
859 5425 1163 5497 ἀλλοφύλῳ.
1188 5428 1297 5481 Καὶ
1319 5431 1418 5483 οὐκ
1442 5427 1616 5500 εἷπεν,
1655 5433 1988 5507 Ἐνέτυχον·

327 5509 437 5564 ἀλλ’
506 5512 865 5585 ’ῌτήσαντο,
918 5514 1188 5585 μηδεμίαν
1227 5515 1407 5569 αἰτίαν
1466 5516 1694 5574 Θανάτου
1741 5523 1990 5593 εὑρόντες

326 5598 676 5673 ἀναιρεθῆναι
728 5602 890 5656 αὐτὸν
918 5641 935 5668 ,
976 5602 1116 5657 ὥστε
1161 5602 1407 5675 δηλῶσαι
1460 5607 1541 5661 ὃτι
1592 5609 1750 5680 χάριν
1800 5612 1991 5668 ἔλαϐον

327 5686 526 5743 ἐκείνου
553 5688 632 5762 μὴ
657 5690 923 5757 θέλοντος
952 5693 1090 5764 ὅπερ
1140 5693 1474 5764 σαφέστερον
1501 5694 1530 5748 ὁ
1560 5695 1764 5768 Πέτρος
1816 5698 1986 5766 λέγει,

389 5870 415 5901 ⁸
439 5870 574 5922 Unus
611 5875 720 5922 cod.
757 5876 811 5922 οὐ
856 5875 1106 5942 πρησςῗγεν
1147 5880 1226 5924 καὶ
1273 5871 1422 5927 οὐδέν.

701 5976 972 6036 Pyram“
1024 5980 1137 6036 (ὶιι.
1192 5978 1316 6039 LX.

1435 211 1498 268 IN
1542 211 1724 268 ACTA
1759 205 2297 266 APOSTOLORUM.
2339 205 2575 262 HOMIL.
2615 204 2807 260 XXIX.

3681 198 3786 254 216

2122 327 2456 395 Κρίναντος
2495 324 2731 378 ἐκείνου
2780 322 3090 377 ἀπολύειν.
3123 319 3274 374 Πάνυ
3316 317 3489 389 ἐφίλει
3521 319 3720 384 αὐτοὺς
3761 320 3793 374 ὸ

2125 413 2357 478 Παῦλος.
2396 414 2508 468 Καὶ
2525 415 2649 484 δρα,
2676 412 2777 464 οὐκ
2802 409 3123 482 ἐνδιατρίϐει
3152 411 3220 480 τῇ
3274 408 3637 481 ἀγνωμοσύνη
3682 408 3794 463 τῶν

2127 500 2401 575 πατέρων,
2431 499 2545 554 ἀλλ’
2570 501 2756 562 αὐτοῖς
2808 497 3061 569 ἐφίστησι
3097 496 3186 551 τὸν
3216 495 3403 565 φόϐον.
3446 498 3505 549 ’0
3541 495 3642 565 μὲν
3682 496 3794 567 γὰρ

2125 589 2396 657 Στέφανος
2443 586 2672 649 εἰκότως
2721 585 2882 639 τοῦτο
2932 587 3097 647 ποιεῖ,
3159 583 3256 638 ἅτε
3285 582 3626 653 ἀναιρεῖσθαι
3660 581 3790 652 μέλ-

2123 676 2253 736 λων,
2278 676 2372 731 καὶ
2405 676 2528 746 οὐχὶ
2573 674 2863 735 διδάσκων,
2906 673 3000 726 καὶ
3046 672 3260 736 δεικνὺς
3287 674 3371 726 ὅτι
3415 675 3444 726 ὁ
3481 673 3646 741 νόμος
3692 670 3793 742 ἥδη

2122 762 2472 818 καταλύεται’
2501 756 2658 826 οὗτος
2702 762 2761 816 δέ
2811 762 2910 814 οὐκ
2931 760 3033 826 ἐτι,
3080 759 3195 814 ἀλλ’
3247 759 3460 814 ἀπειλεί
3502 761 3598 813 καὶ
3640 758 3796 829 φοϐεῖ

2126 852 2305 923 μόνον.
2369 851 2434 904 '0
2461 850 2532 904 δὲ
2571 849 2716 916 Θεὸς
2771 848 3009 919 ἤγειρεν
3037 847 3226 901 αὐτὸν
3269 847 3338 901 ἐκ
3381 846 3632 915 νεκρῶν.
3696 847 3796 911 Ὃς

2122 942 2314 1012 ὤφθη,
2336 943 2523 1013 φησὶν,
2553 941 2653 995 ἐπὶ
2681 939 2906 1009 ἡμέρας
2928 940 3185 1003 πλείους
3206 937 3331 1005 τοῖς
3370 938 3796 994 συναναϐᾶσιν

2121 1030 2282 1097 αὐτῷ
2301 1029 2418 1084 ἀπὸ
2449 1028 2561 1099 τῆς
2584 1029 2915 1094 Γαλιλαίας
2938 1026 3039 1081 ἐπὶ
3078 1026 3487 1096 Ἰερουσαλήμ.
3522 1028 3664 1099 Ὅρα
3685 1028 3793 1100 γὰρ

2120 1117 2311 1171 τοῦτον
2348 1116 2443 1172 ἅτε
2468 1118 2565 1170 ἀπ’
2595 1115 2762 1170 αὑτοῦ
2788 1115 3149 1187 κεκινημένον
3185 1115 3279 1169 τοῦ
3315 1115 3646 1185 Πνεύματος,
3680 1115 3794 1169 ἄνω

2123 1208 2217 1260 καὶ
2265 1206 2418 1260 κάτω
2445 1205 2506 1258 τὸ
2550 1203 2722 1267 πάθος
2776 1204 2870 1258 καί
2900 1203 2993 1256 τὸν
3045 1203 3217 1273 τάφον
3266 1203 3628 1275 κηρύττοντα.
3682 1203 3795 1257 Καὶ

2121 1294 2294 1364 ἡμεῖς
2335 1292 2495 1363 ὑμᾶς
2535 1290 3048 1364 εὐαγγελιζόμεθα,
3109 1295 3266 1362 φησὶ,
3305 1291 3423 1361 τὴν
3450 1290 3600 1359 πρὸς
3653 1291 3795 1358 τοὺς

2123 1383 2385 1451 πατέρας
2407 1381 2772 1453 ἐπαγγελίαν
2799 1379 3223 1452 γεγενημένην·
3263 1378 3531 1443 τουτέστι,
3564 1379 3662 1450 τὴν
3693 1379 3793 1449 μὲν

2122 1470 2456 1539 ἐπαγγελίαν
2492 1471 2543 1523 οἱ
2595 1469 2831 1541 πατέρες
2857 1469 3126 1534 ἐδέξαντο,
3182 1467 3244 1521 τὸ
3286 1467 3344 1521 δὲ
3391 1466 3555 1537 ἔργον
3612 1469 3792 1538 ὑμεῖς.

2122 1554 2256 1614 Εἶτα
2286 1561 2538 1630 μάρτυρα
2568 1558 2660 1613 τὸν
2704 1559 2957 1627 Ἰωάννην
2994 1555 3289 1625 ἐπαγαγὼν
3321 1556 3411 1610 ὅτε
3448 1554 3656 1624 ἔλεγεν,
3708 1556 3793 1610 ὃτι

2136 1650 2270 1705 Ἀπὸ
2294 1650 2401 1704 τοῦ
2428 1648 2771 1718 σπέρματος
2797 1649 3013 1702 τούτου
3039 1649 3167 1701 κατ’
3187 1646 3558 1716 ἐπαγγελίαν
3608 1643 3795 1715 ἤγαγε

2122 1738 2204 1804 τῷ
2229 1736 2377 1810 [228]
2419 1738 2658 1806 Ἰσραὴλ
2695 1735 2940 1805 Σωτῆρα
2965 1736 3016 1800 ιι,
3053 1735 3544 1803 προκηρύξαντος
3599 1733 3797 1788 Ἰωάν-

2122 1843 2236 1881 νου
2286 1825 2400 1896 πρὸ
2433 1825 2759 1894 προσώπου
2799 1823 2912 1892 τῆς
2960 1823 3203 1878 εἰσόδου
3252 1821 3441 1877 αὑτοῦ
3478 1820 3798 1889 ,βάπτισμα

2117 1915 2440 1985 μετανοίας
2492 1911 2571 1979 τῷ
2613 1913 2884 1983 Ἰσραὴλ,
2918 1912 3044 1982 ἐξῆς
3079 1910 3274 1981 ἐπάγει
3309 1909 3472 1964 πάλιν
3495 1909 3659 1963 αὐτὸν
3705 1907 3796 1961 λέ-

2123 2020 2256 2072 γων·
2298 2003 2442 2057 Τίνα
2469 2019 2545 2073 με
2595 2001 2946 2064 ὑπονοεῖτε;
2995 2003 3107 2054 οὐκ
3130 1999 3246 2069 εἰμι
3278 1997 3412 2069 ἐγώ.
3446 1993 3578 2051 Εἶτα
3626 1997 3798 2067 παρά-

2122 2106 2211 2159 γει
2246 2089 2497 2153 καὶτοὺς
2550 2087 2881 2152 ἀποστόλους
2926 2086 3208 2158 μάρτυρας
3258 2086 3357 2157 τῆς
3424 2084 3793 2145 ἀναστάσεως,

2124 2178 2316 2247 λέγων·
2358 2175 2586 2243 Οῖτινές
2603 2179 2721 2231 εισι
2741 2175 3040 2245 μάρτυρες
3065 2173 3252 2228 αὐτοῦ
3314 2173 3463 2243 πρὸς
3490 2171 3598 2225 τὸν
3618 2172 3793 2225 λαόν*

2123 2260 2246 2319 εἶτα
2290 2264 2387 2318 τὸν
2441 2265 2606 2318 Δαυὶδ
2640 2264 2802 2317 τοῦτο
2847 2263 2976 2319 αὐτὸ
3028 2260 3425 2333 μαρτυροῦντα,
3481 2258 3559 2329 τῷ
3595 2258 3794 2327 λέγειν,

2119 2357 2203 2409 Οῠ
2224 2354 2437 2421 δώσεις
2458 2354 2566 2408 τὸν
2588 2355 2800 2407 Ὅσιόν
2818 2368 2940 2407 σου
2979 2352 3127 2406 ίδεῖν
3148 2349 3497 2420 διαφθοράν.
3520 2348 3659 2405 Οὔτε
3685 2349 3797 2419 7&9

2123 2442 2193 2495 τά
2222 2441 2428 2495 παλαιά
2460 2442 2655 2514 ἰσχυρὰ
2687 2442 2813 2495 καθ’
2848 2441 3016 2494 ἐαυτά
3047 2440 3221 2494 ἐδόκει
3254 2434 3394 2491 εἶναι
3446 2437 3641 2500 οὕτως,
3672 2435 3796 2491 οὔτε

2123 2530 2298 2585 ταῦτα
2330 2530 2457 2585 ἄνευ
2478 2530 2726 2583 ἐκείνων*
2751 2528 2891 2582 ὥστε
2916 2530 2984 2582 δι’
3034 2529 3310 2599 ἑκατέρων
3367 2525 3656 2581 πιστοῦται
3704 2526 3796 2579 τὸν

2123 2618 2302 2687 λόγον.
2355 2618 2573 2688 Ἐπειδὴ
2606 2619 2714 2688 γὰρ
2750 2616 2828 2686 τῷ
2858 2617 2966 2670 δέει
2999 2616 3311 2687 κατείχοντο
3338 2615 3415 2679 ὼς
3457 2613 3797 2688 ἀνῃρηκότες

2125 2707 2306 2772 αὐτὸν,
2330 2707 2424 2760 καὶ
2448 2707 2510 2759 τὸ
2535 2705 2772 2767 συνειδὸς
2821 2705 3017 2766 αὐτοὺς
3042 2704 3347 2775 ἡλλοτρίου,
3398 2703 3496 2774 οὐχ
3531 2703 3607 2766 ὡς
3659 2702 3797 2773 πρὸς

2125 2790 2539 2863 χριστοκτόνους
2578 2790 2939 2860 διαλέγονται,
2985 2791 3106 2843 ούδέ
3150 2790 3227 2853 ὡς
3272 2790 3549 2862 ἀλλότριον
3592 2790 3796 2857 ἀγαθὸν

2124 2880 2307 2942 αὐτοῖς
2344 2878 2742 2949 ἐγχειρίζοντες
2763 2888 2815 2940 ο,
2853 2878 2987 2931 ἀλλὰ
3021 2881 3082 2931 τὸ
3112 2877 3329 2930 οἰκεῖον.
3366 2878 3515 2930 Πάνυ
3543 2876 3795 2930 ποθεινὸν

2120 2961 2190 3037 ἦν
2216 2968 2399 3031 αὐτοῖς
2423 2965 2485 3019 τὸ
2514 2965 2689 3037 ὄνομα
2717 2964 2811 3019 τοῦ
2835 2964 3018 3019 Δαυτδ·
3046 2964 3126 3018 διὸ
3152 2964 3246 3019 καὶ
3277 2965 3494 3036 τίθησιν
3522 2965 3673 3028 αὐτὸ,
3706 2965 3797 3019 ἵνα

2124 3052 2226 3106 κᾶν
2252 3052 2425 3116 οὕτως
2449 3053 2614 3106 αὑτὸν
2638 3052 2917 3119 δέξωνται,
2941 3050 3073 3104 ὡσεὶ
3121 3051 3308 3120 ἔλεγεν
3328 3052 3434 3106 ὑπὸ
3460 3051 3556 3104 τοῦ
3602 3052 3794 3115 παιδὸς

2120 3141 2285 3196 αὐτοῦ
2310 3139 2712 3211 βασιλεύεσθαι’
2739 3139 2933 3193 οὐκοῦν
2985 3140 3081 3193 ἀπ’
3108 3139 3273 3194 αὐτοῦ
3326 3141 3405 3212 μὴ
3437 3140 3789 3211 ἀφηνιάζετε,

2120 3228 2187 3281 Τί
2219 3231 2357 3296 ἐστι,
2389 3226 2568 3281 Δώσω
2591 3226 2739 3297 ὑμῖν
2785 3225 2860 3281 τά
2904 3225 3046 3281 ὅσια
3094 3225 3280 3281 Δαυῒδ
3322 3227 3396 3282 τὰ
3439 3226 3664 3291 πιστά;
3710 3228 3793 3281 Τὰ

2121 3314 2340 3385 βέϐαια,
2397 3314 2554 3385 φησὶ,
2576 3312 2648 3367 τὰ
2690 3313 2948 3367 οὐδέποτε
2976 3312 3344 3385 ἀπολλύμενα.
3404 3314 3515 3369 Καὶ
3539 3315 3640 3368 οὐκ
3695 3315 3791 3383 ἐγ-

2118 3402 2355 3473 χρονίζει
2372 3401 2605 3468 τούτοις,
2633 3402 2730 3456 ἆτε
2742 3401 2836 3455 τοῦ
2853 3401 3011 3471 λόγου
3036 3402 3219 3455 λοιπὸν
3238 3400 3643 3464 πιστευθέντος·
3675 3402 3791 3456 ἀλλ’

2118 3489 2376 3545 ἐπιτείνει
2399 3490 2498 3561 τὴν
2514 3491 2752 3555 κόλασιν,
2772 3489 2869 3544 καὶ
2889 3489 3208 3562 μετέρχεται
3234 3489 3297 3542 τὸ
3316 3490 3499 3554 αὐτοῖς
3517 3489 3789 3556 ποθεινὸν,

2116 3576 2377 3641 δεικνὺςά
2418 3578 2512 3631 τὸν
2548 3577 2716 3648 νόμον
2742 3576 3166 3647 ἐκϐαλλόμενον,
3222 3576 3318 3629 καὶ
3344 3576 3425 3647 τῷ
3456 3576 3790 3648 συμφέροντι

2116 3666 2468 3738 ἐνδιατρίϐει,
2500 3667 2584 3721 ὃτι
2627 3683 2689 3720 τε
2739 3665 2953 3737 μεγάλα
2973 3665 3155 3733 ἀγαθὰ
3183 3664 3538 3731 ὑπακούουσι,
3574 3665 3672 3719 καὶ
3707 3666 3791 3720 ὅτι

2119 3755 2332 3826 μεγάλα
2351 3754 2501 3809 κακὰ
2519 3753 2926 3826 παρακούουσιν
2949 3757 3102 3807 ἐσται
3129 3764 3176 3810 ο.
3194 3748 3330 3808 Εἶτα
3357 3753 3488 3825 περὶ
3510 3753 3607 3807 τοῦ
3625 3748 3792 3807 Δαυὶδ

2118 3843 2279 3898 πάλιν
2328 3844 2500 3912 λέγει,
2562 3844 2659 3896 καὶ
2704 3842 2863 3896 τοῦτο
2923 3843 3041 3914 μετ’
3101 3843 3401 3913 ἐγκωμίου.
3455 3842 3638 3897 Δαυίδ
3690 3842 3789 3913 μὲν

2114 3932 2245 4005 7&9,
2305 3933 2492 4003 φησὶν,
2541 3933 2661 3998 ἰδίᾳ
2710 3929 2887 4001 γενεᾷ
2933 3930 3321 3999 ὑπηρετήσας
3355 3928 3430 3999 τῇ
3477 3929 3586 3984 τοῦ
3638 3929 3787 3984 Θεοῦ

2108 4017 2338 4087 βουλῇ,
2370 4019 2699 4087 προσετέθη
2733 4018 2883 4086 πρὸς
2907 4017 3047 4085 τοὺς
3078 4016 3341 4086 πατέρας
3364 4016 3571 4070 αὐτοῦ’
3604 4015 3788 4080 καθὼς

2113 4107 2210 4161 καὶ
2254 4107 2457 4178 Πέτρος
2515 4106 2679 4160 αὑτοῦ
2729 4105 3087 4178 μνημονεύων
3127 4105 3332 4174 ἔλεγεν⁸
3374 4103 3553 4168 Ἐξὸν
3594 4103 3790 4157 εἰπεῖν

2107 4193 2260 4263 μετὰ
2291 4193 2633 4261 παρρησίας
2690 4192 2823 4261 περὶ
2868 4191 2975 4246 τοῦ
3008 4191 3376 4259 πατριάρχου
3411 4188 3614 4244 Δαυίδ.
3674 4190 3788 4243 Kal

2111 4281 2173 4334 ού
2200 4280 2368 4349 λέγει,
2393 4281 2475 4333 ὅτι
2502 4278 2875 4350 ἐτελεύτησεν,
2905 4278 3061 4342 ἀλλά,
3109 4276 3451 4345 Προσετέθη
3472 4278 3623 4345 πρὸς
3642 4278 3788 4344 τοὺς

2112 4367 2368 4436 πατέρας
2395 4366 2601 4432 αὐτοῦ,
2623 4367 2758 4436 ὅπερ
2801 4362 2869 4437 ἦν
2901 4365 3298 4436 εὐφημότερον.
3358 4364 3470 4418 Καὶ
3503 4365 3608 4436 δρα
3667 4364 3787 4429 πῶς

2110 4457 2348 4530 οὐδαμοῦ
2388 4455 2786 4527 κατορθώματα
2817 4453 3000 4508 αὐτῶν
3051 4452 3282 4525 τίθησιν,
3320 4452 3434 4506 ἀλλ’
3479 4453 3623 4524 ἅπερ
3669 4453 3786 4525 ἔχει

2110 4549 2463 4621 κατηγορίαν.
2513 4548 2587 4600 Τὸ
2624 4545 2751 4618 7&9,
2809 4548 3138 4618 ’ῌτ-ήσαντο
3166 4543 3263 4597 καὶ
3294 4542 3505 4606 ἔλαϐον,
3550 4544 3781 4616 μεγίστη

2109 4636 2412 4708 κατηγορία
2435 4635 2635 4689 αὐτῶν.
2670 4631 2805 4687 Εῐτα
2829 4632 2928 4697 τὰς
2974 4630 3294 4703 εὐεργεσίας
3325 4630 3421 4684 τοῦ
3451 4632 3586 4685 Θεοῦ
3615 4650 3784 4686 κατα-

2107 4725 2277 4794 λέγει,
2325 4722 2679 4788 Ὲξελέξατο
2708 4720 2899 4789 εἰπὼν,
2923 4720 3232 4788 ’Υψωσεη
3273 4721 3777 4788 Ἑτροποφόρησε,

2105 4814 2291 4867 Ταῦτα
2329 4812 2386 4865 δὲ
2437 4813 2538 4865 οὐκ
2586 4810 2809 4864 ἐκείνων
2845 4808 3121 4879 ἐγκώμια,
3171 4806 3306 4861 ἀλλά
3334 4808 3429 4861 τοῦ
3456 4807 3616 4863 Θεοῦ.
3676 4809 3780 4863 Τὸν

2104 4901 2162 4954 δὲ
2181 4900 2344 4954 Δαυὶδ
2370 4899 2706 4970 ἐγκωμιάζει
2752 4898 2931 4968 μόνον,
2962 4895 3149 4967 ἐπειδὴ
3181 4895 3241 4960 ἐξ
3270 4895 3432 4948 αὑτοῦ
3462 4898 3490 4950 ὁ
3516 4897 3774 4967 Χριστός.

2103 4990 2320 5044 Εῖσοδον
2344 4990 2399 5043 δὲ
2426 4991 2455 5042 ὁ
2496 4989 2745 5058 Ἰωάννης
2770 4988 2925 5041 καλεῖ
2945 4986 3139 5055 λέγων,
3171 4986 3289 5054 Πρὸ
3319 4985 3645 5053 προσώπου
3666 4986 3778 5056 τῆς

2101 5077 2344 5132 εἰσόδου
2372 5074 2581 5142 αὐτοῦ,
2612 5074 2711 5145 τὴν
2745 5076 3022 5146 σάρκωσιν
3069 5073 3164 5126 τοῦ
3204 5072 3464 5144 Χριστοῦ,
3498 5073 3598 5144 τὴν
3633 5075 3775 5144 μετά

2103 5166 2308 5238 σαρκὸς
2330 5164 2495 5217 αὑτοῦ
2517 5163 2842 5234 φανέρωσιν.
2872 5160 3027 5215 Οὕτω
3047 5161 3142 5215 κα)⁸
3170 5163 3198 5214 ὁ
3230 5161 3483 5230 Ἰωάννης
3505 5161 3567 5214 τὸ
3594 5163 3774 5231 Εὐαγ-

2101 5255 2281 5324 γέλιον
2314 5252 2563 5323 γράφων,
2599 5251 2693 5303 ἐπὶ
2719 5250 2909 5302 τοῦτον
2942 5247 3280 5318 καταφεύγει
3311 5247 3568 5319 συνεχῶςο
3603 5249 3771 5320 ὄνομα

2100 5343 2209 5416 γὰρ
2240 5338 2307 5413 ἦν
2334 5339 2484 5410 αὐτῴ
2510 5339 2642 5393 πολὺ
2700 5338 2841 5392 κατὰ
2866 5337 2965 5409 τὴν
3001 5338 3324 5408 οἰκουμένην
3377 5336 3617 5391 ἅπασαν.
3660 5338 3770 5391 Kal

2098 5433 2222 5504 ὅρα·
2255 5431 2314 5482 οὐ
2345 5428 2491 5497 λέγει
2530 5427 2662 5481 αὐτὴ
2694 5426 2755 5491 ἐξ
2800 5427 3019 5493 ἑαυτοῦ,
3042 5425 3178 5480 ἀλλά
3232 5426 3330 5496 τὴν
3380 5423 3588 5478 ἐκείνου
3612 5425 3767 5497 φέρει

2103 5516 2432 5592 μαρτυρίαν.

2160 5684 2188 5723 ἲ)
2209 5685 2286 5731 Sic
2311 5696 2454 5736 unus,
2476 5688 2611 5728 τρυε
2629 5693 2643 5743 ;
2664 5679 2791 5729 lidil.
2808 5679 3080 5741 ,σωτηρίαν.
3097 5677 3229 5727 Enn.
3257 5679 3281 5708 °
3307 5676 3405 5743 Alii
3435 5679 3761 5743 ἐγχειρίζουσι.

2098 5746 2126 5786 d
2164 5746 2368 5804 Quidam
2416 5742 2692 5798 ἐπιδεικνύς.
2781 5743 3146 5804 {Sigplenius
3191 5747 3245 5787 et
3266 5742 3452 5789 rectius
3493 5742 3761 5804 lresmw;

2099 5801 2336 5858 thmel.
2363 5820 2497 5867 vero,
2523 5804 2671 5853 Sani].
2699 5811 2753 5852 el.
2773 5802 2942 5855 Momf.
2973 5822 2983 5849 :
3011 5803 3083 5849 ὅτι
3109 5818 3160 5849 τε
3183 5818 3289 5863 μεγ.
3310 5803 3438 5850 κακὰ
3469 5817 3580 5865 παρ.
3609 5801 3759 5848 ἔσται.

2105 5873 2238 5922 liol'r.

3250 5983 3318 6042 ll
