4104 6148
324 203 431 257 217

388 317 456 385 γ’.
483 312 633 381 Εἶδες
655 317 775 382 πῶς
799 316 1101 379 σπουδαίως
1121 315 1319 381 ἔδειξεν
1351 319 1662 390 οἰκονομίας
1681 322 1742 373 τὸ
1760 321 1991 387 πρᾶγμα

316 404 411 467 ὃνς
460 404 600 457 Ἀλλ’
627 405 951 475 ἀκούσωμεν
971 404 1023 456 τί
1049 404 1144 456 καὶ
1175 404 1426 473 λέγοντες
1456 409 1506 459 οἱ
1531 407 1817 461 ἀπόστολοι
1843 406 1992 458 ἕπει-

319 507 443 553 σαν,
475 494 555 545 δτι
603 490 942 562 ἐσταυρώθη.
976 491 1041 545 Τί
1066 491 1259 545 τούτου
1293 492 1721 564 ἀπιθανώτερον,
1750 495 1832 547 ὅτι
1860 493 1986 546 ἐτάο

320 595 397 646 φη
421 580 554 649 παρ’
589 578 792 641 αὐτῶν,
824 571 907 640 οἷς
931 577 1299 648 ἐπηγγέλλετο
1332 578 1607 652 σωτηρίαν
1640 579 1878 641 ἔσεσθαι,
1906 579 1987 631 ὅτι

316 672 348 718 ο
376 667 569 733 ταφεὶς
596 663 819 733 ἀφίησιν
848 664 1237 736 ἁμαρτήματα,
1281 667 1375 719 καὶ
1399 667 1493 719 τοῦ
1537 667 1701 736 νόμου
1754 665 1987 735 μᾶλλον;

316 752 416 804 Ἁιὺ
452 752 547 805 καὶ
567 750 666 805 οὐκ
698 746 875 813 εἶπεν,
908 745 1009 805 Ὧν
1050 752 1149 805 οὐκ
1189 751 1550 822 ὴϐουλήθητεο
1596 753 1713 807 ἀλλ’
1742 747 1853 806 Ὧν
1878 754 1990 806 οὐκ

322 835 665 905 ἠδυνήθητε
704 837 774 891 ἑν
797 837 879 904 τῷ
923 839 1086 907 νόμῳ
1131 837 1429 904 Μωῦσέως
1480 837 1881 906 δικαιωθῆναι,
1922 839 1992 892 ἐν

323 924 512 992 τούτῳ
538 922 658 990 πᾶς
680 928 715 979 ό
743 927 1047 979 πιστεύων
1064 925 1415 991 δικαιοῦται,
1443 925 1505 978 τὸ
1524 925 1749 989 ἀσθενὲς
1776 925 1871 978 τοῦ
1902 925 1991 978 νόν

324 1026 432 1080 μου
449 1010 692 1076 δεικνύς.
744 1012 937 1075 Καλῶς
980 1011 1036 1065 δέ
1086 1011 1392 1083 προσέθηκε
1423 1012 1520 1065 καὶ
1571 1012 1655 1076 τὸ,
1707 1011 1853 1078 Πᾶς,
1906 1012 1994 1065 ἴνα

322 1096 474 1173 δείξῃ
512 1098 595 1151 ὅτι
626 1099 777 1162 ὅστις
825 1094 960 1173 ἂνῇ
1007 1101 1036 1153 ὁ
1087 1097 1378 1153 πιστεύων.
1420 1099 1588 1154 Οὐδὲν
1639 1099 1748 1171 γὰρ
1802 1098 1993 1168 ὄφελος

322 1186 578 1250 ἐκείνων,
601 1186 698 1242 ἐὰν
724 1188 798 1259 μή
821 1205 904 1251 τις
941 1187 1230 1258 εὐεργεσία
1339 1187 1438 1241 Διά
1460 1187 1620 1242 τοῦτο
1657 1187 1882 1259 ὕστερον
1909 1189 1993 1241 τί-

326 1275 455 1345 θησι
480 1272 582 1346 τὴν
610 1274 825 1344 ἄφεσιν,
856 1273 1106 1328 ἐντεῦθεν
1128 1273 1189 1328 τὸ
1237 1273 1418 1345 μεῖζον
1446 1276 1717 1344 συνάγων,
1765 1275 1859 1329 καὶ
1885 1275 1995 1328 δει-

324 1362 460 1425 κνὺς
490 1362 597 1427 ὅτι,
635 1361 664 1414 δ
689 1360 966 1425 ἀδυνάτως
995 1356 1141 1431 εἶχεν
1189 1363 1217 1414 ὁ
1245 1363 1407 1433 νόμος
1430 1362 1581 1435 [229]
1614 1365 1805 1428 ποιεῖν,
1835 1362 1994 1416 τοῦτο

325 1447 705 1520 ἐργασάμενος
731 1450 818 1503 διὰ
841 1448 935 1503 τοῦ
965 1449 1194 1504 θανάτου
1243 1454 1271 1505 ό
1305 1450 1493 1505 παθὼν
1526 1452 1796 1520 φαίνεται.
1832 1454 1994 1507 Ὥστε

328 1538 512 1602 καλῶς
534 1537 708 1607 ἐλεγε-
735 1538 963 1609 Οἵτινές
986 1541 1108 1593 εισι
1144 1538 1443 1609 μάρτυρες
1481 1540 1669 1595 αὑτοῦ
1714 1540 1864 1609 πρὸς
1892 1544 1997 1594 τὸν

329 1626 502 1692 λαὸν,
538 1626 631 1679 τὸν
680 1625 938 1682 ἀνελόντα
991 1629 1176 1697 φησὶν,
1210 1629 1310 1681 οὐκ
1362 1629 1427 1682 ἀν
1455 1628 1630 1693 ὄντες,
1685 1630 1734 1681 εἰ
1771 1631 1845 1701 μὴ
1878 1628 1997 1701 θείᾳ

324 1714 557 1785 δυνάμει
586 1713 949 1768 ἐϐεϐαιοῦντο·
987 1715 1087 1768 οὐκ
1118 1714 1185 1769 ἂν
1221 1717 1329 1786 γάρ
1370 1716 1509 1787 πρὸς
1538 1715 1857 1787 ἀνθρώπους
1904 1734 1998 1786 φο-

330 1799 539 1862 νῶντας
570 1798 794 1854 τοιαῦτα
817 1799 1228 1872 ἐμαρτύρησαν,
1274 1802 1374 1855 οὐκ
1400 1802 1465 1855 ἂν
1493 1802 1630 1872 πρὸς
1657 1804 1854 1866 αὐτοὺς
1873 1806 1999 1868 τοὺς

331 1886 639 1951 ἀνελόντας.
664 1886 740 1941 Τὸ
756 1888 835 1951 δὲ,
877 1887 1024 1958 Ἐγὼ
1049 1888 1317 1958 σήμερον
1346 1889 1675 1960 γεγέννηκά
1698 1905 1791 1953 σε,
1823 1887 1996 1955 εἶπεν,

331 1975 408 2038 ὡς
441 1973 615 2045 τούτῳ
645 1974 831 2029 λοιπὸν
876 1975 1035 2041 εἰδὼς
1070 1978 1153 2030 ὅτι
1186 1979 1281 2032 καὶ
1324 1978 1393 2031 τά
1452 1977 1587 2032 ἄλλα
1629 1979 1839 2033 ἐπεται.
1892 1981 2001 2033 Kal

328 2063 421 2117 διὰ
452 2064 504 2117 τί
530 2063 605 2135 μὴ
629 2064 871 2136 ἐπήγαγε
895 2066 1219 2138 μαρτυρίαν,
1255 2067 1321 2120 δι’
1343 2061 1412 2139 ἧς
1438 2065 1663 2138 ἔμελλον
1697 2067 1999 2132 πείθεσθαι,

332 2151 415 2203 ὅτι
439 2150 633 2221 ἄφεσις
684 2152 969 2223 ἁμαρτιῶν
997 2153 1065 2207 δι’
1095 2154 1260 2208 αὐτοῦ
1286 2154 1497 2223 γίνεται
1520 2171 1535 2220 ;
1562 2154 1686 2208 Ὅτι
1712 2155 1772 2208 τὸ
1825 2172 2002 2209 σπου-

328 2237 630 2308 δαζόμενον
664 2239 825 2293 τοῦτο
849 2236 940 2312 ἦν,
967 2239 1137 2306 δεῖξαι
1161 2242 1319 2309 τέως,
1355 2243 1438 2296 ὅτι
1482 2242 1704 2313 ἀνέστηο
1737 2242 1924 2296 τούτου
1945 2243 2002 2297 δὲ

332 2323 780 2395 ὡμολογημένον,
816 2327 993 2379 ἐκεῖνο
1029 2328 1514 2400 ἀναμφισϐήτητον
1539 2324 1609 2401 ἦν
1657 2329 1748 2382 διά
1786 2329 2000 2395 τούτου,

332 2410 397 2463 τὸ
419 2410 515 2464 καὶ
529 2411 614 2464 ὃτι
634 2411 728 2464 ὐπ’
749 2411 915 2466 αὐτοῦ
955 2419 980 2448 ⁸
1004 2414 1197 2483 ἀφεσις
1226 2414 1513 2487 ἁμαρτιῶν
1533 2414 1762 2484 γίνεται.
1796 2416 2004 2480 Ἀλλως

335 2497 395 2550 δὲ
425 2496 676 2551 ἐϐούλετο
701 2499 783 2562 είς
802 2497 969 2553 πόθον
999 2500 1197 2564 αὐτοὺς
1226 2502 1456 2570 ἀγαγεῖν
1502 2501 1596 2555 τοῦ
1624 2503 1861 2573 μεγάλου
1884 2504 2005 2556 τού-

332 2600 456 2640 του.
486 2585 600 2638 Οὐκ
628 2584 739 2654 ἀρα
779 2585 1165 2657 ἐγκατάλειψις
1193 2583 1262 2659 ἦν
1300 2590 1329 2642 ὁ
1368 2588 1599 2654 θάνατος
1651 2591 1840 2654 αὐτοῦ,
1871 2591 2007 2645 ἀλλὰ

336 2672 677 2744 προφητείας
735 2672 1032 2744 πλήρωσις.
1104 2675 1537 2748 Ἀναμιμνήσκει
1588 2678 1837 2751 ἱστοριῶν
1865 2719 1880 2744 ,
1940 2678 2007 2743 ἀς

338 2759 709 2830 ἀγνοήσαντες
743 2760 912 2832 μυρία
942 2760 1146 2816 ἔπαθον
1173 2762 1341 2818 δεινά.
1368 2764 1479 2818 Kal
1503 2764 1660 2820 τοῦτο
1712 2766 2008 2821 αἰνίττεται

337 2845 428 2900 διὰ
454 2847 548 2900 τοῦ
596 2846 783 2911 τέλους
827 2848 1022 2918 λέγων·
1072 2850 1262 2905 Ἴδετε
1307 2853 1361 2906 οί
1396 2854 1861 2923 καταφρονηταὶ,
1908 2855 2008 2909 καί

334 2933 721 3004 ἐπιϐλέψατε.
752 2936 862 2989 Καὶ
888 2938 989 3007 ὅρα
1014 2938 1132 3001 πῶς
1159 2939 1290 2992 αὐτὸ
1339 2943 1511 3011 τραχὺ
1540 2942 1599 2995 ὃν
1622 2943 2006 3012 ὑποτέμνεται.

341 3019 439 3089 Μὴ
468 3020 733 3087 ἐπέλθοι,
771 3023 958 3093 φησὶν,
992 3025 1085 3093 ἐφ’
1118 3026 1275 3095 ὑμᾶς
1324 3028 1390 3081 τὸ
1434 3030 1585 3097 πρὸς
1615 3031 1757 3097 τοὺς
1779 3032 2009 3099 ἄλλους

340 3104 678 3178 είρημένον,
700 3108 788 3163 ὅτι
808 3110 986 3181 ἔργον
1004 3111 1119 3180 ἐγὼ
1141 3112 1469 3184 ἐργάζομαι,
1504 3116 1536 3171 ὃ
1561 3119 1632 3172 οὐ
1654 3119 1740 3187 μὴ
1762 3122 2008 3174 πιστεύ-

342 3210 517 3264 σητε,
556 3196 668 3250 ἐάν
706 3213 798 3263 τις
826 3196 1173 3268 ἐκδιηγῆται
1204 3201 1366 3271 ὑμῖν.
1414 3203 1508 3275 Μὴ
1543 3203 1874 3275 θαυμάζετε,
1926 3208 2009 3260 ὅτι

346 3283 575 3338 ἄπιστον
592 3283 746 3338 δοκεῖ
776 3279 934 3339 εἶναι·
971 3286 1067 3340 καὶ
1084 3287 1215 3341 αὐτὸ
1242 3289 1566 3359 προείρηται
1589 3290 1815 3347 ἀνωθεν.
1841 3294 2011 3349 Τοῦτο

347 3372 445 3428 καὶ
473 3373 610 3443 πρὸς
637 3374 786 3446 ἡμᾶς
813 3375 1038 3440 εἰκότως
1075 3376 1142 3430 ἂν
1182 3376 1424 3450 λεχθείη,
1466 3380 1700 3435 Βλέπετε
1750 3385 1800 3436 οἱ
1843 3400 2012 3439 κατα-

349 3461 638 3532 φρονηταὶ,
669 3461 936 3532 περὶτῶν
958 3465 1024 3534 τῇ
1069 3464 1365 3519 ἀναστάσει
1406 3466 1850 3524 διαπιστούντων.
1902 3472 2010 3526 Kal

350 3547 459 3619 γὰρ
494 3547 699 3619 σφόδρα
720 3547 905 3611 κακῶς
923 3547 994 3602 τά
1018 3551 1119 3620 τῆς
1166 3551 1491 3624 Ἐκκλησίας
1517 3554 1806 3622 διάκειται,
1832 3559 2012 3614 καίτοι

350 3651 417 3702 γε
446 3633 694 3703 νομίζετε
712 3635 772 3687 ἐν
790 3635 983 3709 εἰρήνῃ
1010 3632 1150 3690 εἶναι
1170 3637 1238 3691 τά
1261 3640 1580 3710 πράγματα.
1611 3638 1685 3696 Τὸ
1712 3643 1822 3717 γὰρ
1841 3646 2013 3700 δεινὸν

352 3720 511 3776 τοῦτό
530 3724 700 3786 ἐστιν,
719 3723 801 3776 ὃτι
822 3724 881 3776 ἐν
901 3722 1116 3789 πολλοῖς
1163 3724 1316 3789 ὄντες
1338 3730 1549 3793 κακοῖς,
1593 3731 1700 3785 οὐδ’
1729 3733 1810 3790 ὄτι
1848 3734 2013 3803 ἐσμέν

356 3813 417 3865 ἐν
437 3812 629 3874 κακοῖς
654 3811 838 3881 ῖσμεν.

426 3898 493 3951 Τί
524 3897 704 3966 λέγεις
732 3915 748 3963 ;
774 3898 874 3961 τὰς
909 3897 1234 3970 Ἐκκλησίας
1275 3900 1595 3971 κατέχομεν,
1622 3903 1693 3956 τὰ
1736 3905 2011 3975 κτήματα,

356 3985 425 4038 τὰ
449 3983 587 4039 ἄλλα
633 3982 835 4045 πάντα,
869 3985 926 4037 al
984 3984 1236 4050 ουνάξεις
1275 3986 1535 4055 γίνονται,
1608 3988 1728 4042 καθ’
1777 3991 2015 4061 ἑκάστην

355 4071 571 4143 ἡμέραν
606 4071 890 4142 πρόσεισιν
922 4075 949 4126 ό
987 4071 1115 4137 λαός
1143 4087 1157 4102 °
1192 4073 1287 4127 καὶ
1324 4075 1803 4147 καταφρονοῦμεν;
1877 4078 2015 4133 Ἀλλ’

352 4160 456 4214 οὐκ
500 4158 608 4214 ἀπὸ
639 4158 829 4214 τούτου
873 4159 1197 4231 Ἐκκλησίαν
1235 4161 1299 4215 ἀν
1335 4179 1418 4223 τις
1457 4164 1820 4233 δοκιμάσειεν.
1859 4167 2017 4220 Ἀλλά

355 4246 541 4312 πόθεν,
576 4247 768 4316 φησίν;
799 4247 860 4301 Εἰ
887 4246 1145 4302 εὐλάϐειά
1174 4249 1339 4312 ἐστιν,
1375 4251 1426 4302 εἰ
1461 4251 1835 4321 κερδαίνοντες
1882 4255 2014 4307 ἀνα-

354 4333 635 4404 χωροῦμεν
657 4334 837 4389 οἶκαδε
869 4335 988 4389 καθ’
1020 4337 1254 4408 ἑκάστην
1280 4337 1513 4408 ἡμέραν,
1552 4340 1603 4391 εἰ
1651 4339 2018 4410 καρπούμενοι

360 4419 503 4487 μέγα
526 4420 629 4490 τιῆ
660 4422 876 4493 μικρὸν,
901 4425 951 4477 εἰ
985 4423 1061 4495 μὴ
1105 4424 1267 4495 νόμον
1321 4424 1505 4488 ἁπλῶς
1543 4424 1873 4496 πληροῦντες
1922 4431 2017 4481 καὶ

358 4507 764 4579 ἀφοσιούμενοι.
787 4509 883 4573 Τίς
913 4510 1135 4580 βελτίων
1160 4512 1381 4578 γέγονεν
1418 4510 1698 4583 ὁλοκλήρῳ
1731 4514 1865 4584 μηνὶ
1892 4515 2020 4567 συλ-

359 4594 683 4660 λεγόμειοςτ
720 4598 888 4649 Τοῦτό
917 4598 1033 4649 ἐστι
1084 4597 1145 4648 τὸ
1186 4594 1516 4666 ζητούμενον
1543 4615 1555 4625 ·
1587 4600 1709 4650 ἐπεὶ
1746 4599 1839 4652 καὶ
1888 4600 2021 4653 αὐτὸ

356 4676 536 4742 τοῦτο,
562 4677 590 4730 δ
620 4677 767 4731 δοκεῖ
788 4678 1091 4748 εὐπραγίας
1122 4676 1281 4745 εἶναι,
1308 4681 1464 4734 τοῦτο
1497 4682 1808 4754 δυσπραγία
1848 4686 2015 4749 ἐστὶν,

358 4766 487 4857 ὅταν
508 4763 725 4857 τούτων.
745 4765 1042 4857 γινομένων
1080 4765 1266 4857 μηδὲν.
1283 4766 1445 4820 πλέον
1472 4768 1703 4838 γίνηται.
1749 4770 1873 4824 Εἴθε
1922 4773 2021 4840 μὲν

357 4848 451 4907 οὖν
475 4850 641 4923 μηδὲν
670 4850 832 4904 πλέον
858 4869 871 4881 ·
900 4851 996 4904 νῦν
1020 4852 1075 4905 δὲ
1104 4853 1197 4906 καὶ
1224 4848 1315 4905 ἐπὶ
1346 4854 1407 4906 τὸ
1434 4859 1635 4926 χεῖρον.
1666 4857 1730 4910 Τί
1776 4860 2019 4931 καρποῦ-

361 4940 453 4990 σθε
480 4938 589 4991 ἀπὸ
622 4937 730 4991 τῶν
777 4937 1091 5002 συνάξεωνς
1134 4940 1325 4993 Καίτοι
1358 4940 1412 4993 εί
1454 4941 1520 5009 γέ
1558 4960 1610 4995 τι
1655 4943 1843 5013 δφελος
1893 4946 2021 5016 ὑμῖν

359 5025 588 5094 ἐγίνετο,
616 5024 786 5079 πάλαι
805 5025 1010 5089 πάντας
1042 5026 1148 5079 ἔδει
1180 5028 1271 5080 τὸν
1288 5028 1383 5097 τῆς
1418 5030 1732 5101 φιλοσοφίας
1758 5032 1869 5102 βίον
1898 5033 2019 5105 ζῇν,

358 5112 626 5164 τοσούτων
656 5112 753 5182 μὲν
794 5113 1086 5185 προφητῶν
1129 5113 1379 5185 δεύτερον
1414 5118 1513 5188 τῆς
1554 5119 1845 5190 ἑϐδομάδος
1895 5124 2022 5193 ὑμῖν

359 5198 776 5270 διαλεγομένων,
796 5200 1064 5254 τοσούτων
1106 5201 1164 5255 δέ
1214 5202 1548 5264 ἀποστόλων.
1598 5208 2019 5275 εὐαγγελιστῶν,

364 5286 578 5339 πάντων
606 5285 674 5341 τά
701 5286 943 5358 σωτήρια
967 5287 1212 5359 δόγματα
1244 5290 1624 5358 προτιθέντων,
1667 5296 1758 5347 καὶ
1802 5294 1871 5347 τὰ
1929 5296 2022 5349 δυ-

361 5376 566 5443 νάμενα
579 5369 710 5446 ἦθος
738 5375 998 5447 ρυθμίσαι
1022 5377 1158 5448 μετὰ
1180 5377 1381 5448 πολλῆς
1410 5380 1694 5450 ἀκριϐείας
1716 5400 2022 5452 παριστωοι-

362 5476 467 5511 των
504 5461 631 5531 ὑμῖν
654 5463 703 5518 ι’.
744 5464 802 5517 '0
823 5463 1160 5535 στρατιώτης
1189 5467 1280 5517 ἐπὶ
1302 5466 1361 5519 τὸ
1381 5470 1678 5538 γυμνάσιον
1715 5469 1827 5533 ἰὼν,
1867 5472 2009 5543 am

368 5546 623 5617 ϐέστερος
645 5549 852 5617 γίνεται
892 5553 1018 5622 περὶ
1040 5552 1106 5604 τὰ
1129 5554 1363 5605 τακτικά
1395 5570 1408 5582 ·
1436 5557 1462 5606 ὁ
1512 5555 1746 5626 ἀθλητὴς
1804 5558 1884 5614 εἰς
1920 5576 2022 5610 πα.-

428 5798 453 5858 f
498 5792 591 5841 Alii
628 5796 703 5858 δια
743 5797 933 5843 τούτου·
982 5804 1061 5844 καὶ
1104 5799 1193 5858 μὴν
1225 5799 1304 5844 ὑπ’
1335 5795 1495 5851 ιιύτοῗὲΙ

1568 5805 1593 5843 b
1635 5801 1730 5848 Ali!
1786 5800 2021 5859 ἀκριϐείας

371 5856 587 5906 τιθέντων
620 5856 742 5915 ἡμῖν.
780 5896 795 5903 -

1143 201 1201 257 S.
1241 201 1529 258 .IOANNIS
1566 199 2054 259 CIIRYSOSTOHI
2097 198 2415 255 ARCillEP.
2450 198 2999 255 CONSTANTINOP.

3650 195 3758 253 218

2094 314 2352 385 λαίστραν
2374 315 2623 384 βαδίζων,
2643 314 3029 385 ἐμπειρότερος
3053 313 3260 379 γίνεται
3288 312 3414 383 περὶ
3436 313 3532 384 τὴν
3559 317 3757 390 πάλην·

2093 403 2122 454 ὁ
2152 403 2332 473 ἰατρὸς
2362 402 2500 473 πρὸς
2528 401 2621 454 τὸν
2645 402 2961 455 διδάσκαλον
3009 401 3323 470 ἐρχόμενος,
3366 401 3759 478 ἀκριϐέστερος

2094 491 2322 559 γίνεται,
2340 491 2437 544 καὶ
2470 489 2690 542 πλείονα
2718 485 2847 548 οἶδε.
2875 488 2970 541 καὶ
3000 486 3221 541 πλείονα
3262 489 3526 558 μανθάνει
3550 507 3564 520 ⁸
3614 494 3678 546 σὺ
3707 494 3762 546 τί

2090 578 2467 649 κεκέρδηκας;
2503 576 2564 630 οὐ
2593 575 2734 644 λέγω
2764 574 2898 644 πρὸς
2924 574 3050 635 τοὺς
3073 575 3315 627 ἐνιαυτὸν
3354 574 3599 646 ἔχοντας,
3627 578 3765 635 ἀλλὰ

2089 665 2227 733 πρὸς
2250 665 2376 726 τοὺς
2400 665 2464 715 ἐκ
2494 661 2716 732 πρώτης
2771 661 2986 731 ἡλικίας
3020 662 3441 731 συναγομένους.
3502 667 3571 718 “II
3605 666 3766 720 τοῦτο

2088 752 2339 822 νομίζετε
2373 750 2660 805 εὐλάϐειαν
2700 745 2858 813 εἶναι,
2892 748 2954 801 τὸ
2987 748 3228 818 συνεχῶς
3272 752 3641 821 παραϐάλλειν
3692 758 3760 827 τῇ

2091 838 2304 903 συνάξει
2324 855 2339 905 ;
2361 838 2530 892 Τοῦτο
2553 837 2703 890 οὐδέν
2728 838 2894 898 ἐστιν,
2932 836 2997 888 ἂν
3036 836 3108 906 μή
3136 853 3188 888 τι
3212 840 3663 909 καρπωσὼμεθα·
3694 843 3761 896 ἂν

2095 927 2166 996 μή
2196 943 2251 978 τι
2284 925 2628 994 συνάγωμεν,
2649 924 2855 994 βέλτιον
2878 921 3026 995 [250]
3055 923 3193 976 οἶκοι
3226 924 3427 994 μένειν.
3460 928 3689 999 Καὶγάρ
3708 932 3758 984 οί

2091 1014 2344 1084 πρόγονοι
2386 1013 2484 1075 τὰς
2509 1011 2803 1082 ἐκκλησίας
2831 1013 2962 1082 ἡμῖν
2992 1010 3370 1082 ᾠκοδόμησαν,
3409 1013 3506 1083 οὐχ
3550 1015 3636 1068 ἴνα
3687 1019 3751 1071 ἐκ

2090 1100 2198 1154 τῶν
2227 1100 2369 1153 ἰδίων
2390 1100 2552 1153 οῖκων
2576 1099 2968 1167 συναγαγόντες
3001 1100 3149 1168 ἡμᾶς
3173 1099 3426 1167 ἀλλήλοις
3449 1100 3755 1155 δεικνύωσι’

2090 1188 2248 1242 τοῦτο
2267 1188 2375 1258 γὰρ
2397 1188 2491 1241 καὶ
2516 1189 2572 1239 ἐν
2602 1187 2777 1258 ἀγορᾷ
2809 1187 2901 1239 καὶ
2928 1188 2987 1240 ἐν
3021 1185 3324 1256 βαλανείοις
3349 1188 3443 1239 καὶ
3483 1189 3539 1240 ἐν
3569 1192 3760 1260 πομπῇ

2091 1277 2301 1346 γένοιτο
2321 1277 2403 1330 ἄν·
2428 1275 2541 1329 ἀλλ’
2570 1276 2657 1328 ἴνα
2691 1275 2936 1345 μαθητάς
2964 1274 3098 1345 ὁμοῦ
3121 1275 3215 1328 καὶ
3246 1274 3603 1339 διδασκάλους
3626 1294 3762 1329 συν-

2094 1363 2416 1432 αγαγόντες,
2481 1361 2724 1431 βελτίους
2751 1362 2973 1425 τούτους
3005 1361 3074 1414 δι’
3114 1361 3337 1417 ἐκείνων
3398 1363 3760 1433 ἐργάσωνται.

2095 1452 2277 1521 Νόμος
2302 1449 2488 1514 ἀπλῶς
2517 1451 2611 1503 καὶ
2641 1450 2936 1518 ἀφοσίωσις
2963 1450 3153 1518 γέγονε
3208 1449 3277 1503 τά
3316 1450 3561 1522 ἡμέτερα
3582 1467 3597 1482 ο
3639 1467 3766 1505 συν-

2095 1537 2252 1609 ήθεια
2275 1538 2587 1609 τὸπρᾶγμα
2621 1536 2806 1590 λοιπόν
2831 1532 3191 1591 ἐστιν.⁷Ηλθε
3220 1538 3282 1590 τὸ
3309 1537 3523 1609 Πάσχα,
3554 1537 3720 1600 πολὺς
3740 1539 3768 1591 ὀ

2097 1626 2344 1697 θόρυϐος,
2369 1624 2535 1695 πολλὴ
2574 1626 2608 1696 ἡ
2631 1626 2838 1696 ταραχή
2871 1641 2886 1656 ·
2910 1624 2970 1678 οὐ
3006 1625 3112 1696 γάρ
3141 1623 3207 1678 ἂν
3236 1625 3446 1696 εἴποιμι
3486 1625 3673 1678 πολλοὶ
3716 1627 3766 1678 οἱ

2098 1712 2371 1783 ἄνθρωποι
2395 1728 2408 1740 ’
2438 1710 2593 1765 τοῦτο
2608 1713 2715 1782 γάρ
2734 1712 2836 1765 οὐκ
2863 1712 2960 1765 ἀνθ
2971 1714 3187 1779 ρώπων.
3220 1714 3485 1781 Ἀπῆλθεν
3510 1715 3541 1784 ή
3580 1715 3765 1784 ἑορτὴ,

2097 1798 2126 1850 ὁ
2155 1796 2253 1867 μὲν
2284 1796 2512 1867 θόρυϐος
2542 1796 2928 1867 ὑποτέμνεται,
2954 1797 3153 1868 ησυχία
3194 1798 3250 1850 δὲ
3284 1798 3445 1851 πάλιν
3491 1799 3764 1869 ἄκαρπος.

2100 1883 2426 1955 Παννυχίδες
2447 1884 2610 1937 πόσαι
2634 1884 3037 1955 (ικαὶύμνῳδίαι
3060 1885 3200 1955 ἰεραί
3224 1902 3239 1950 ;
3268 1886 3375 1938 Kal
3400 1886 3452 1939 τί
3476 1886 3538 1938 τὸ
3567 1886 3761 1949 πλέον;

2099 1973 2294 2043 Χεῖρον
2328 1971 2427 2041 μὲν
2456 1967 2548 2023 οὗν
2573 1987 2586 1999 ·
2617 1970 2802 2023 πολλοὶ
2837 1972 2928 2025 καὶ
2952 1973 3038 2026 διὰ
3068 1972 3370 2039 κενοδοξίαν
3404 1973 3563 2026 τοῦτο
3599 1975 3766 2044 ἐργά-

2101 2059 2303 2122 ζονται.
2337 2056 2461 2122 Πῶς
2489 2057 2663 2111 οἴεσθε
2692 2058 2962 2129 κόπτομαι
2983 2059 3052 2112 τὰ
3080 2060 3382 2131 σπλάγχνα.
3402 2059 3653 2131 καθάπερ
3684 2063 3764 2124 εἰς

2101 2145 2257 2200 πίθον
2303 2145 2635 2216 τετρημένον
2699 2146 2878 2199 πάντα
2931 2146 3319 2217 προχωροῦντα
3375 2148 3558 2216 ὀρῶν;
3607 2146 3770 2200 nam

2098 2234 2318 2297 ,πάντως
2333 2232 2507 2303 ἐρεῖτέ
2538 2249 2650 2301 μοι,
2678 2232 2766 2286 ὅτε
2787 2234 2884 2296 τὰς
2912 2233 3133 2305 Γραφάς
3158 2235 3335 2305 ἴσμεν.
3369 2236 3475 2289 Καὶ
3506 2235 3558 2286 τί
3587 2233 3767 2296 τοῦτο;

2104 2322 2200 2375 “Av
2220 2320 2309 2375 διά
2332 2322 2441 2374 τῶν
2465 2320 2644 2392 ἔργων
2690 2321 2858 2382 αὐτάς
2897 2323 3292 2393 ἐπιδεικνύητε,
3346 2323 3501 2377 τοῦτό
3545 2325 3659 2377 ἐστι
3707 2324 3770 2375 τὸ

2102 2410 2315 2481 κέρδος,
2347 2407 2485 2476 αὕτη
2509 2411 2543 2479 ή
2573 2408 2831 2477 ὠφέλεια.
2864 2409 3093 2479 Βαφεῖον
3118 2412 3152 2481 ὴ
3175 2411 3439 2482 ἐκκλησία
3469 2412 3616 2465 ἐστίν
3645 2427 3658 2440 ·
3703 2411 3769 2463 ἂν

2102 2498 2393 2561 διαπαντὸς
2415 2497 2611 2568 ἀπίητε
2644 2498 2916 2568 μηδεμίαν
2938 2498 3217 2569 δεχόμενοι
3245 2498 3442 2570 βαφὴν,
3471 2499 3524 2552 τί
3555 2498 3614 2552 τὸ
3644 2498 3772 2567 ὅτε·

2102 2587 2193 2650 λος
2236 2585 2329 2639 τοῦ
2387 2585 2627 2655 συνεχῶς
2691 2585 2921 2638 ἐνταῦθα
2985 2586 3156 2651 ίέναις
3195 2587 3413 2651 Μείζων
3470 2587 3568 2658 μὲν
3601 2587 3770 2658 γάρή

2106 2674 2298 2745 βλάϐη.
2332 2673 2429 2735 Τίς
2457 2675 2571 2736 τοῖς
2597 2672 2781 2743 νόμοις
2807 2673 3168 2745 προσέθηκεν,
3203 2668 3285 2738 οἷς
3314 2675 3421 2728 ἀπὸ
3457 2675 3566 2728 τῶν
3606 2674 3775 2728 πατέ-

2110 2780 2216 2833 ρων
2244 2762 2463 2826 ἐδέξατο
2493 2777 2508 2827 ;
2541 2755 2665 2815 Οἷόν
2684 2779 2737 2814 τι
2771 2761 2913 2830 λέγω
2942 2777 2956 2790 ⁸
3008 2762 3128 2827 ἐθος
3154 2764 3183 2817 ό
3241 2762 3391 2816 δεῖνα
3444 2762 3556 2833 ἔχει
3591 2765 3768 2817 ποιεῖν

2105 2850 2202 2921 τὴν
2225 2849 2528 2921 ἀνάμνησιν
2558 2848 2660 2919 τῆς
2699 2849 2926 2921 μητρὸς,
2958 2850 2988 2919 ἢ
3024 2852 3123 2921 τῆς
3150 2851 3429 2919 γυναικὸς,
3460 2851 3493 2921 ἢ
3520 2849 3616 2904 τοῦ
3641 2868 3772 2905 παι-

2106 2938 2218 2992 δίου
2256 2937 2446 2992 ’τοῦτο
2476 2939 2620 2991 ποιεῖ
2653 2938 2754 2991 κάν
2778 2954 2838 2989 τε
2871 2938 3064 3007 ἀκούῃ,
3100 2939 3199 2992 κᾶν
3222 2955 3282 2991 τε
3329 2938 3403 3009 μὴ
3429 2938 3603 3011 ἀκούῃ
3640 2939 3774 3009 παρ’

2108 3026 2282 3098 ήμῶν,
2312 3026 2416 3079 ὑπὸ
2446 3027 2541 3097 τῆς
2574 3025 2859 3099 συνηθείας
2885 3026 2976 3081 καὶ
3007 3026 3098 3081 τοῦ
3137 3026 3434 3091 συνειδότος
3459 3024 3770 3098 ἑλκόμενος.

2107 3114 2205 3169 Διὰ
2232 3113 2391 3168 τοῦτο
2418 3110 2509 3169 οὖν
2530 3115 2877 3181 ἀγανακτεῖς,
2907 3115 3076 3185 φησί;
3107 3114 3195 3186 Μὴ
3225 3116 3456 3185 γένοιτο,
3490 3108 3630 3169 άλλά
3679 3115 3779 3169 καὶ

2108 3204 2246 3258 πάνυ
2279 3202 2453 3273 χαίρω
2485 3219 2499 3232 ⁸
2536 3201 2840 3272 ἐϐουλόμην
2871 3202 2928 3254 δὲ
2954 3203 3118 3255 αὐτόν
3142 3220 3194 3255 τι
3229 3203 3322 3255 καὶ
3354 3204 3461 3255 ἀπὸ
3484 3204 3584 3273 τῆς
3634 3205 3774 3273 ἡμε-

2106 3290 2267 3362 τέρας
2296 3288 2689 3360 καρπώσασθαι
2735 3288 3042 3352 διαλέξεως,
3086 3291 3181 3343 καὶ
3236 3292 3373 3362 ὅπερ
3415 3292 3448 3362 ἡ
3513 3291 3777 3361 συνήθεια

2109 3376 2348 3447 ἐποίησε,
2376 3376 2533 3429 τοῦτο
2581 3376 2675 3428 καὶ
2702 3376 2794 3445 ἀφ’
2840 3375 2998 3447 ήμῶν
3031 3376 3058 3415 ἀ
3101 3377 3375 3444 γενέσθαι,
3426 3378 3521 3431 καὶ
3582 3379 3781 3450 ἑτέραν

2109 3464 2498 3535 ἐπεισαχθῆναι
2553 3462 2843 3535 συνήθειαν
2877 3479 2890 3492 '
2938 3464 3060 3517 ἐπεὶ
3101 3465 3153 3516 τί
3207 3463 3480 3535 κόπτομαι
3517 3465 3640 3533 είκῆ
3681 3465 3780 3518 καὶ

2109 3551 2279 3622 ληρῶ.
2313 3552 2363 3604 εί
2412 3551 2654 3622 μέλλοιτε
2704 3551 2796 3604 ἐπὶ
2842 3550 2950 3605 τῶν
2984 3552 3164 3606 αὐτῶν
3210 3550 3417 3622 μένειν,
3442 3554 3492 3606 εἰ
3524 3551 3689 3625 μηδὲν
3720 3552 3781 3605 αἱ

2113 3638 2358 3703 συνάξεις
2379 3639 2459 3701 εἰς
2492 3638 2635 3710 ὑμᾶς
2663 3637 2982 3709 ἐργάζονται
3007 3638 3210 3707 ἀγαθόν
3240 3656 3255 3704 ;

2180 3724 2241 3780 δ’.
2273 3726 2410 3787 Nal,
2442 3726 2625 3795 φησὶν,
2669 3724 2961 3797 εὐχόμεθα.
3003 3727 3112 3779 Kal
3153 3727 3203 3780 τί
3239 3726 3415 3792 τοῦτο,
3447 3723 3576 3800 ἂνῇ
3610 3726 3783 3797 χωρὶς

2111 3812 2286 3883 ἔργων
2314 3830 2329 3879 ;
2372 3814 2574 3867 Ἀκουε
2601 3812 2693 3865 τοῦ
2719 3812 2957 3885 Χριστοῦ
2991 3813 3241 3882 λέγοντος
3262 3830 3278 3847 ο
3310 3817 3393 3868 οὐ
3432 3812 3553 3880 πᾶς
3601 3817 3635 3867 ὁ
3679 3812 3782 3868 λέο

2112 3918 2233 3970 γων
2254 3918 2377 3970 μοι,
2397 3902 2592 3969 Κύριε,
2616 3901 2814 3968 Κύριε,
2854 3900 3265 3955 εἰσελεύσεται
3321 3903 3408 3967 εἰς
3445 3900 3562 3969 τὴν
3584 3901 3773 3965 ,ϐασι-

2112 3985 2287 4038 λείαν
2316 3982 2433 4036 τῶν
2452 3983 2741 4050 οὐρανῶν,
2765 3982 2902 4036 ἀλλ’
2924 3985 2956 4037 ὀ
2976 3982 3164 4035 ποιῶν
3182 3982 3247 4036 τὸ
3271 3983 3498 4050 θέλημα
3525 3982 3631 4037 τοῦ
3670 3985 3783 4037 11a-

2113 4073 2255 4140 τρός
2273 4088 2395 4140 μου
2418 4070 2525 4124 τοῦ
2552 4071 2621 4124 ὲν
2647 4070 2771 4136 τοῖς
2805 4069 3104 4138 οὐρανοῖς.
3137 4069 3403 4133 Πολλάκις
3443 4069 3614 4139 ἔγνων
3665 4070 3781 4138 ἐγὼ

2116 4159 2358 4229 σιγῆσαι,
2396 4158 2667 4229 μηδεμίαν
2705 4158 2812 4210 ἀπὸ
2842 4157 2950 4210 τῶν
2981 4158 3263 4228 ἡμετέρων
3304 4158 3478 4226 λόγων
3534 4157 3781 4229 προσθή-

2119 4264 2220 4316 κην
2251 4247 2379 4313 ὑμῖν
2406 4245 2761 4315 ἐγγινομένην
2792 4245 2934 4317 ὀρῶν
2954 4261 2969 4275 ο
3002 4246 3035 4315 ἢ
3072 4246 3213 4315 τάχα
3248 4245 3459 4311 γίνεται
3496 4246 3612 4317 μὲν,
3670 4245 3786 4315 ἐγὼ

2118 4334 2173 4387 δὲ
2199 4334 2302 4387 ὑπὸ
2331 4333 2631 4404 ἀπληστίας
2653 4335 2747 4387 καὶ
2777 4333 2977 4403 πολλῆς
3004 4333 3303 4404 ἐπιθυμίας
3336 4335 3534 4387 ταύτὸν
3580 4335 3780 4405 πάσχω

2119 4423 2231 4485 τοῖς
2266 4422 2479 4491 περὶτὰ
2500 4423 2761 4493 χρήματα
2793 4422 3160 4493 μαινομένοις.
3192 4420 3464 4493 Καθάπερ
3499 4421 3607 4492 γάρ
3641 4422 3790 4473 ἐκεῖ-

2121 4525 2222 4570 νοι,
2254 4509 2356 4563 ὅσα
2389 4507 2455 4562 ἂν
2490 4508 2913 4580 περιϐάλωνται,
2946 4508 3100 4561 οὐδὲν
3131 4506 3391 4579 ἡγοῦνται
3421 4508 3564 4578 ἐχειν
3590 4524 3605 4537 ο
3640 4506 3789 4561 οὕτω

2122 4596 2216 4649 καὶ
2241 4595 2426 4659 αὐτὸς,
2465 4594 2651 4666 ἐπειδὴ
2678 4595 2882 4666 σφόδρα
2923 4595 3022 4664 τῆς
3047 4595 3321 4666 ὑμετέρας
3348 4595 3569 4664 ἐφίεμαι
3604 4612 3787 4665 σωτηο

2126 4682 2265 4751 ρίας,
2301 4683 2406 4746 ἓως
2433 4682 2498 4737 ἂν
2528 4682 2622 4735 ῐδω
2663 4683 3077 4753 προκεκοφότας
3119 4684 3283 4752 ὑμᾶς,
3344 4683 3498 4737 οὐδὲν
3543 4683 3787 4753 ἡγοῦμαι

2121 4768 2429 4840 εἰργάσθαι,
2497 4768 2586 4821 διά
2630 4768 2690 4821 τὸ
2747 4767 2950 4838 σφόδρα
2990 4767 3276 4836 ἐπιθυμεῖν
3320 4770 3455 4839 πρὸς
3484 4770 3653 4840 αὐτὴν
3685 4770 3787 4838 τὴν

2123 4856 2363 4926 κορυφὴν
2418 4856 2560 4924 ὑμᾶς
2620 4853 2813 4906 ἐλθεῖν.
2856 4854 3155 4924 Βουλοίμην
3202 4853 3267 4908 ἂν
3301 4856 3460 4909 τοῦτο
3499 4852 3660 4917 εἶναι,
3691 4857 3787 4910 καὶ

2121 4942 2214 4994 τοῦ
2238 4941 2372 5011 ἐμοῦ
2412 4940 2613 5003 πάθους
2652 4935 2788 4993 εἶναι
2840 4940 3019 5004 τοῦτο,
3052 4941 3189 4995 ἀλλὰ
3240 4942 3314 5014 μὴ
3360 4943 3460 5012 τῆς
3509 4944 3784 5015 ὑμετέρας

2124 5028 2396 5098 ρέθυμίας
2424 5045 2437 5058 ·
2464 5028 2675 5081 δέδοικα
2695 5027 2751 5081 δὲ
2786 5029 2993 5099 μήποτε
3025 5029 3207 5093 καλῶς
3241 5014 3609 5101 στοχάξωμαι.
3672 5031 3781 5084 Πε-

2124 5116 2341 5168 πείσθαι
2399 5114 2506 5186 γάρ
2561 5115 2825 5184 ὀφείλετε.
2878 5117 2961 5169 ὅτι
3003 5117 3058 5169 εἰ
3086 5134 3168 5181 τις
3201 5117 3419 5187 ἐγένετο
3446 5117 3683 5187 ὠφέλεια
3725 5120 3785 5172 ἐν

2123 5202 2357 5273 τοσούτῳ
2387 5203 2578 5272 χρόνῳ,
2613 5202 2919 5255 παύσασθαι
2960 5203 3143 5257 λοιπὸν
3175 5207 3324 5275 ἡμᾶς
3356 5204 3612 5274 λέγοντας
3653 5205 3780 5263 ἔδει.

2125 5289 2308 5352 υύτως
2334 5291 2433 5342 οὐκ
2459 5288 2563 5341 ἔδει
2596 5289 2854 5360 ῥημάτιον
2882 5290 3029 5360 ὑμῖν,
3057 5291 3164 5345 τῶν
3213 5292 3313 5362 ήδη
3353 5291 3650 5362 λεχθέντων
3690 5290 3783 5343 06-

2123 5394 2228 5438 τως
2257 5377 2454 5441 ἱκανῶς
2495 5377 2818 5447 εἰρημένων,
2843 5378 2917 5440 ὼς
2949 5377 3250 5441 καὶᾶλλως
3281 5379 3543 5432 δύνασθαι
3590 5379 3783 5448 ῥυθμί-

2125 5463 2258 5527 ζειν,
2289 5464 2343 5517 εἴ
2376 5482 2437 5533 γε
2464 5465 2709 5518 ἀπόντων
2732 5465 2966 5533 ὠςέλειά
2998 5483 3080 5527 τις
3121 5465 3248 5535 ὑμῖν
3291 5468 3660 5537 προσεγίνετο.
3712 5465 3784 5517 Τὸ

2122 5553 2174 5604 δὲ
2202 5553 2443 5621 ἀνάγκην
2466 5553 2609 5621 ἡμᾶς
2636 5552 2775 5623 ἔχειν
2802 5552 3057 5622 συνεχοῦς
3077 5551 3224 5624 [251]
3255 5553 3782 5619 δεαλέξεως,οὐδενος

2189 5800 2213 5827 ε
2243 5797 2397 5875 Πόσαι
2426 5797 2569 5869 ιίρρεὶ
2610 5799 2656 5843 in
2680 5810 2775 5844 uno
2801 5797 2903 5844 cod.
2972 5794 2998 5832 ἀ
3039 5796 3188 5844 Snvil.
3222 5800 3302 5845 καὶ
3338 5798 3407 5857 ἐφ’
3434 5800 3565 5859 ἡμῶν
3609 5796 3771 5845 Mure}.

2128 5873 2249 5907 ναι)
2296 5876 2356 5903 1.}
2418 5876 2565 5917 ημων.
