4104 6148
343 347 448 401 M7

345 459 530 515 laudes
557 467 702 514 sunt.
733 459 990 514 Davidem
1017 467 1194 514 autem
1221 459 1393 516 solum
1422 461 1682 526 celebrat,
1711 462 1832 532 quia
1864 477 1930 516 ex

343 554 460 621 ipso
481 549 749 607 Christus.
777 551 1082 620 lngressum
1109 567 1239 606 vero
1264 551 1500 608 Joannes
1519 563 1692 617 v‘ocat,
1721 554 1925 616 dicens,

343 645 476 699 Ante
504 644 688 716 faciem
714 644 971 714 ingressus
1001 645 1134 716 ejus,
1164 644 1583 699 incarnationem
1612 646 1844 709 Christi,
1877 656 1931 700 et

344 741 458 810 ejus
487 755 606 794 cum
637 754 799 793 carne
835 739 1147 795 adventum.
1188 739 1277 794 Sic
1318 739 1552 794 Joannes
1584 739 1928 807 Evangelium

348 833 586 888 scribens
607 873 626 898 ,
656 831 722 886 ad
752 831 902 886 illum
933 847 1078 901 smpe
1102 833 1376 899 confugit:
1409 849 1656 902 magnum
1680 835 1821 886 enim
1854 833 1928 886 illi

347 941 538 981 nomen
571 935 686 980 erat
710 926 762 980 in
789 934 904 979 toto
924 925 1078 980 orbe.
1113 926 1177 979 Et
1208 925 1327 980 vide
1353 943 1365 978 :
1410 942 1516 980 non
1543 927 1671 980 dicit
1698 925 1827 980 illud
1863 942 1927 980 ex

345 1021 542 1088 seipse,
573 1019 666 1073 sed
700 1019 842 1072 illius
869 1019 1022 1072 affert
1053 1019 1436 1072 testimonium.

416 1113 469 1166 5.
520 1111 728 1176 Viden',
779 1109 1046 1180 quomodo
1099 1111 1385 1166 ostendere
1441 1112 1652 1166 studeat
1698 1128 1811 1167 rem
1863 1128 1926 1166 ex

346 1207 640 1262 oeconomia
676 1205 902 1276 quadam
938 1207 1073 1276 geri.
1102 1205 1204 1259 Sed
1235 1207 1512 1260 audiamus
1538 1207 1662 1277 quid
1699 1207 1927 1274 apostoli

348 1300 584 1352 dicentes
607 1299 1008 1368 persuaserint,
1033 1297 1174 1366 quod
1209 1297 1497 1351 cruciﬁxus
1529 1307 1630 1352 est.
1663 1297 1798 1364 Quid
1829 1297 1929 1352 hoc

349 1391 731 1455 incredibilius,
759 1390 902 1460 quod
936 1390 1177 1458 sepultus
1209 1389 1364 1444 sitab
1391 1391 1517 1455 illis,
1550 1391 1743 1458 quibus
1781 1392 1928 1443 salu-

351 1494 453 1538 tem
485 1483 746 1552 promisit,
777 1483 917 1552 quod
940 1483 1183 1551 sepultus
1213 1493 1425 1551 peccata
1457 1483 1624 1552 magis
1650 1498 1807 1550 quam
1841 1483 1926 1537 les

350 1579 458 1647 ipsa
479 1577 747 1634 remittat?
774 1577 896 1632 Ideo
924 1593 1026 1630 non
1045 1577 1176 1630 dixit
1195 1595 1209 1629 :
1227 1577 1268 1630 Α
1290 1577 1481 1646 quibus
1503 1577 1783 1640 noluistis;
1810 1575 1924 1642 sed,

348 1671 391 1724 Λ
415 1671 592 1741 quibus
637 1687 739 1724 non
783 1671 1014 1740 potuistis
1043 1671 1094 1722 in
1137 1669 1242 1740 iege
1289 1669 1484 1740 Moysi:
1517 1670 1793 1739 justi/icari
1816 1683 1834 1730 ;
1876 1669 1929 1720 in

350 1763 441 1816 hoc
490 1761 654 1814 omnis
699 1761 905 1814 credens
947 1762 1259 1828 iustiﬁcetur
1309 1776 1326 1814 :
1372 1760 1733 1814 infirmitatem
1799 1761 1928 1827 legis

347 1852 654 1907 ostendens.
690 1854 854 1908 Recte
882 1863 1056 1906 autem
1088 1854 1292 1906 addidit
1324 1854 1472 1918 illud,
1508 1852 1721 1915 Omnis;
1750 1865 1805 1906 ut
1834 1854 1927 1907 de-

349 1943 572 1999 clararet
599 1944 841 2014 quisquis
867 1945 935 1997 sit
963 1945 1209 1997 credens.
1235 1944 1385 1997 Nulla
1421 1945 1564 1997 enim
1590 1961 1652 1997 ex
1683 1945 1787 1998 illis
1821 1947 1926 1997 uti-

350 2035 500 2098 litas,
545 2036 646 2089 nisi
695 2035 908 2105 aliquod
968 2035 1105 2088 adsit
1155 2036 1493 2089 beneficium.
1544 2036 1666 2089 Ideo
1711 2037 1925 2090 demmn

349 2129 493 2194 ponit
521 2128 890 2181 remissionem
913 2168 926 2190 ,
974 2127 1098 2182 hinc
1123 2127 1262 2197 quod
1315 2128 1483 2197 majus
1511 2137 1595 2180 est
1635 2128 1923 2197 colligens,

349 2227 399 2272 et
426 2218 715 2272 ostendens
739 2261 752 2282 ,
789 2219 838 2272 id
868 2219 1005 2288 quod
1047 2235 1152 2273 non
1201 2229 1409 2286 poterat
1460 2220 1540 2273 lex
1586 2218 1794 2280 facere,
1829 2219 1928 2272 hoc

349 2311 486 2366 clare
514 2327 608 2380 per
635 2322 863 2366 mortem
902 2312 1090 2367 fecisse
1123 2328 1244 2366 eum
1279 2314 1364 2382 qui
1399 2328 1583 2380 passus
1611 2324 1713 2366 est.
1749 2313 1927 2382 Itaque

347 2402 478 2457 bene
496 2404 709 2457 dicebat
737 2422 750 2457 :
779 2403 880 2468 Qui
899 2414 1014 2457 sunt
1041 2414 1184 2457 testes
1210 2407 1318 2474 ejus
1337 2405 1405 2456 ad
1428 2405 1638 2472 plebem,
1665 2404 1810 2457 illum
1837 2404 1924 2472 qui

343 2495 552 2559 occidit,
587 2498 756 2567 inquit
785 2513 800 2552 :
836 2513 1010 2568 neque
1037 2497 1171 2552 tales
1202 2507 1381 2552 essent
1408 2539 1420 2560 ,
1473 2498 1572 2551 nisi
1614 2497 1792 2551 divina
1822 2500 1926 2551 vir-

345 2597 453 2643 tute
502 2590 873 2654 lirmarentur;
927 2605 1097 2659 neque
1132 2591 1274 2643 enim
1323 2589 1388 2644 ad
1436 2589 1681 2644 homines
1725 2589 1924 2643 cmdem

343 2681 603 2749 spirantes
633 2682 760 2735 talia
789 2682 1054 2736 testificati
1085 2691 1285 2742 essent.
1318 2698 1422 2734 non
1450 2682 1513 2736 ad
1542 2683 1683 2752 ipsos
1711 2683 1798 2752 qui
1829 2697 1922 2735 oc-

341 2773 606 2827 ciderunt.
633 2772 770 2828 Illud
797 2789 945 2838 vero,
977 2773 1085 2844 Ego
1114 2774 1264 2827 hodie
1289 2775 1439 2844 genui
1463 2784 1510 2827 le
1533 2815 1548 2839 ,
1579 2774 1748 2836 dixit,
1783 2774 1922 2842 quod

342 2864 408 2920 ad
437 2866 536 2918 hoc
558 2867 716 2920 etiam
744 2866 846 2919 alia
875 2876 1186 2935 sequantur.
1217 2865 1282 2918 Et
1303 2881 1399 2918 cur
1418 2879 1520 2918 non
1547 2863 1749 2917 addidit
1779 2864 1928 2917 testi-

340 2959 579 3011 monium
598 2998 614 3023 ,
641 2972 747 3027 quo
778 2958 1251 3026 persuaderentur,
1286 2973 1378 3024 per
1403 2972 1523 3010 eum
1553 2957 1922 3009 remissionem

340 3063 683 3119 peccatorum
709 3051 936 3106 futuram
969 3051 1123 3105 esse?
1151 3050 1282 3118 Quia
1308 3050 1432 3102 illud
1465 3050 1674 3103 interim
1705 3049 1926 3103 curabat

339 3144 647 3209 ostendere,
675 3145 811 3214 quod
844 3143 1225 3199 resurrexisset
1252 3161 1265 3196 :
1301 3143 1401 3197 hoc
1429 3151 1606 3197 autem
1634 3143 1678 3196 si
1709 3143 1759 3194 in
1791 3156 1922 3196 con-

341 3235 490 3289 fesso
519 3245 696 3297 esset,
743 3235 867 3289 illud
896 3235 1019 3287 hinc
1048 3234 1399 3288 indubitatmn
1433 3232 1560 3299 fuit,
1596 3248 1788 3302 nempe
1829 3247 1926 3302 per

340 3328 494 3381 illum
517 3327 879 3381 remissionem
905 3337 1242 3397 peccatorum
1274 3325 1408 3380 ﬁeri.
1435 3325 1683 3395 Alioquin
1713 3325 1924 3380 volebat

339 3421 464 3473 illos
495 3419 547 3472 in
594 3419 716 3474 boni
768 3419 908 3474 iilius
955 3420 1277 3474 desiderium
1315 3420 1586 3474 inducere.
1632 3417 1747 3471 Non
1796 3433 1924 3486 ergo

341 3513 622 3566 derelictio
669 3523 784 3567 erat
807 3527 951 3567 mors
990 3513 1134 3581 ejus,
1183 3513 1274 3566 sed
1319 3511 1611 3581 prophetia:
1663 3512 1921 3581 impletin.

342 3607 600 3660 Historias
643 3616 1063 3668 commemorat,
1113 3621 1243 3675 quas
1295 3607 1600 3674 ignorantes
1642 3605 1920 3658 innumera

340 3702 479 3770 passi
505 3711 630 3755 sunt
657 3702 814 3755 mala.
849 3701 913 3756 Et
943 3702 1044 3756 hoc
1081 3701 1381 3755 subiudieat
1423 3702 1474 3753 in
1522 3700 1625 3754 ﬁne
1647 3741 1660 3764 ,
1689 3700 1872 3754 dicens
1907 3719 1918 3752 :

352 3791 542 3859 Videte,
565 3803 947 3862 contemptores,
981 3805 1025 3847 et
1056 3795 1306 3861 respicite.
1331 3794 1395 3846 Et
1420 3793 1538 3846 vide
1560 3793 1825 3862 quomodo
1855 3793 1918 3844 il-

341 3884 429 3938 lud
459 3894 643 3955 utpote
665 3900 916 3956 asperum
945 3885 1203 3940 succidat.
1254 3883 1338 3938 Ne
1381 3884 1519 3938 vobis
1560 3885 1917 3954 superveniat,

343 3975 538 4048 inquit,
564 3977 699 4048 quod
723 3978 840 4030 aliis
877 3978 1066 4030 dictum
1089 3988 1162 4032 est
1190 3993 1209 4031 :
1239 3977 1374 4045 Quia
1415 3995 1539 4049 Opus
1579 3994 1668 4048 ego
1713 3994 1917 4047 operor,

342 4070 475 4138 quod
501 4085 603 4124 non
617 4070 850 4133 credetis,
868 4069 911 4122 si
925 4070 1034 4140 quis
1047 4071 1328 4124 narraverit
1350 4070 1503 4124 vobis.
1527 4070 1600 4125 Ne
1621 4070 1912 4137 miremini,

343 4161 480 4228 quod
503 4160 813 4215 incredibile
833 4160 1076 4214 videatur
1091 4175 1210 4215 esse
1237 4179 1249 4214 :
1269 4161 1440 4215 ethoc
1458 4163 1702 4230 superius
1723 4161 1922 4217 dictum

343 4261 440 4304 est.
461 4251 573 4305 Hoc
591 4251 880 4320 etiamjure
901 4252 1050 4306 nobis
1073 4252 1309 4306 dieatur:
1341 4251 1921 4323 Videte,contemptores,

345 4341 409 4396 iis
427 4343 515 4412 qui
531 4342 976 4397 resurrectionem
1005 4359 1110 4397 non
1127 4343 1370 4398 credunt.
1391 4345 1602 4399 Etenim
1627 4361 1716 4400 res
1740 4347 1928 4401 Eccle-

342 4437 434 4490 sia:
446 4437 675 4505 pessime
692 4435 1042 4498 habent,licet
1057 4437 1253 4504 putetis
1272 4436 1321 4488 in
1343 4451 1473 4503 pace
1488 4452 1624 4491 esse.
1648 4437 1759 4491 Hoc
1773 4439 1928 4507 quip-

346 4544 408 4598 pe
436 4545 598 4598 grave
621 4538 724 4593 est,
745 4529 884 4598 quod
915 4530 966 4583 in
999 4529 1152 4582 malis
1172 4543 1292 4582 cum
1316 4529 1500 4591 simus,
1529 4530 1578 4583 id
1599 4531 1922 4599 ignoremus.

415 4619 588 4675 Pietas
610 4622 720 4676 sola
749 4621 1026 4674 Ecclesium
1047 4621 1607 4686 commendat.—Quid
1631 4622 1798 4674 dicis?
1828 4624 1926 4676 Ec-

343 4713 530 4768 clesias
560 4726 820 4778 tenemus,
853 4715 1241 4783 possessiones,
1287 4714 1387 4766 alia
1433 4715 1644 4778 onmia,
1689 4717 1926 4769 collecta:

345 4810 510 4874 fiunt,
537 4809 775 4878 quotidie
815 4809 962 4861 adest
1011 4808 1259 4877 populus,
1298 4818 1351 4862 et
1389 4809 1822 4862 contemnimus?
1856 4812 1925 4862 At

344 4915 446 4954 non
478 4900 602 4954 inde
630 4899 920 4953 Ecclesiam
951 4899 1279 4967 probaveris.
1310 4899 1414 4952 Sed
1449 4899 1588 4953 unde
1616 4941 1628 4962 ,
1674 4899 1925 4968 inquies?

341 4992 394 5045 Si
421 4993 592 5061 pietas
623 5000 726 5056 est,
759 4991 803 5044 si
843 5006 962 5044 cum
1006 4991 1153 5044 lucro
1178 4992 1392 5045 domum
1440 4991 1677 5059 quotidie
1717 4993 1926 5047 recedi-

343 5097 479 5146 mus,
510 5085 554 5136 si
581 5098 702 5136 cum
732 5082 904 5136 fructu
937 5082 1020 5134 vel
1044 5081 1252 5135 modico
1278 5083 1360 5135 vel
1397 5099 1590 5152 magno
1610 5125 1625 5148 ,
1659 5083 1700 5136 si
1753 5084 1921 5152 legem

343 5190 444 5228 non
473 5185 763 5242 utcumque
793 5185 845 5228 et
867 5171 1232 5242 perfunctorie
1261 5173 1611 5240 implevimus.
1655 5174 1784 5238 Quis
1812 5190 1924 5228 tne-

341 5266 438 5321 lior
457 5269 678 5322 elfectus
704 5277 786 5320 est
808 5282 869 5320 ex
899 5265 1249 5320 conventibus
1268 5265 1466 5318 mensis
1485 5265 1680 5318 unius?
1711 5266 1821 5321 Hoc
1842 5276 1924 5319 est

341 5361 477 5428 quod
509 5377 613 5429 qua
633 5359 768 5414 titur
797 5378 811 5413 :
848 5374 971 5412 nam
1027 5359 1128 5411 hoc
1157 5358 1327 5426 ipsum
1351 5397 1366 5420 ,
1419 5357 1558 5426 quod
1591 5357 1921 5412 benefactum

343 5463 576 5517 putatur,
609 5451 894 5506 infeliciter
923 5451 1118 5504 factum
1171 5457 1284 5512 est,
1331 5463 1449 5502 cum
1503 5449 1584 5502 his
1627 5449 1694 5501 ita
1727 5452 1887 5517 gestis
1911 5494 1923 5511 ,

341 5547 466 5600 nihil
511 5546 746 5616 amplius
793 5545 1078 5599 lucramur.
1133 5547 1303 5613 Atque
1359 5545 1559 5596 utinam
1616 5543 1747 5596 nihil
1809 5561 1926 5597 ain-

342 5641 508 5708 plius,
541 5655 687 5694 nunc
733 5641 874 5694 enim
916 5641 1074 5694 etiam
1109 5639 1158 5691 in
1199 5638 1434 5691 deterius
1469 5638 1753 5706 vergimus.
1786 5635 1922 5702 Quid

341 5733 536 5786 fructus
590 5748 656 5786 ex
707 5731 948 5785 collectis
977 5730 1228 5799 earpitis?
1273 5728 1327 5783 Si
1373 5729 1496 5798 quid
1540 5738 1686 5781 certe
1719 5727 1922 5780 fructus

339 5823 670 5893 carperetis,
712 5823 822 5887 iam
864 5824 988 5875 olim
1039 5835 1225 5878 omnes
1265 5829 1533 5890 Oporterct
1584 5817 1914 5888 philosophi-

1301 346 1365 402 IN
1404 347 1584 404 ACTA
1624 346 2144 404 APOSTOLORUM.
2189 347 2420 404 llOMlL.
2463 346 2654 403 XXIX.

3512 354 3614 408 ΞΗ

2036 477 2100 516 ce
2151 463 2351 528 vivere,
2379 479 2498 517 cuin
2537 464 2616 518 bis
2666 479 2760 534 per
2789 465 3175 523 hebdomadam
3221 478 3298 522 tot
3346 469 3618 540 prophetae

2035 570 2131 608 vos
2161 555 2518 624 alloquantnr,
2551 571 2672 610 cum
2705 566 2784 610 tot
2811 561 3058 626 apostoli,
3091 561 3454 630 evangelistas,
3503 579 3618 614 om-

2038 647 2192 700 nibus
2223 647 2475 702 salutaria
2506 649 2752 718 dogmata
2795 655 3234 719 proponentibus,
3266 671 3384 722 qu:e
3414 656 3620 725 possint

2037 755 2212 795 mores
2240 751 2447 797 vestros
2489 755 2736 798 accurate
2769 760 3113 813 componere.
3150 749 3299 802 Miles
3343 749 3408 802 ad
3443 751 3625 804 tiroi'i-

2037 833 2184 888 nium
2205 837 2424 889 veniens
2449 835 2497 887 in
2524 835 2726 889 bellicis
2751 841 2806 889 lit
2828 839 3075 905 peritior;
3099 840 3295 894 athleta
3321 843 3618 909 palzestraut

2033 926 2221 980 adiens
2251 927 2307 980 ﬁt
2333 928 2674 982 exercitatior
2702 929 2768 983 ad
2825 945 3091 998 pugnam;
3131 932 3371 985 medicus
3408 935 3474 987 ad
3522 934 3620 988 do-

2033 1031 2237 1074 ctorem
2257 1021 2516 1075 accedens
2534 1023 2587 1076 lit
2614 1025 2909 1089 expertior,
2932 1025 3082 1092 plora
3110 1026 3230 1085 scit,
3261 1025 3407 1093 plura
3429 1028 3617 1082 discit:

2037 1111 2237 1179 tuquid
2267 1111 2500 1166 lucratus
2529 1115 2630 1167 es?
2662 1130 2764 1166 non
2795 1113 2984 1183 loquor
3011 1116 3073 1168 iis
3097 1157 3112 1177 ,
3141 1116 3227 1184 qui
3259 1131 3353 1184 per
3391 1133 3617 1179 annum,

2035 1201 2127 1256 sed
2151 1203 2235 1268 iis,
2266 1204 2352 1271 qui
2376 1219 2406 1256 a
2437 1205 2604 1272 prima
2632 1214 2791 1258 aetate
2822 1207 3177 1260 conventibus
3205 1207 3511 1262 adfuerunt.
3540 1213 3619 1262 An

2037 1291 2137 1347 hoc
2160 1296 2354 1361 putatis
2378 1311 2498 1349 esse
2525 1296 2773 1362 pielatem
2801 1338 2816 1360 ,
2843 1297 2984 1366 quod
3014 1297 3323 1367 frequenter
3360 1300 3424 1354 ad
3456 1316 3620 1372 syna-

2035 1387 2122 1439 xin
2151 1389 2463 1442 accedatis?
2509 1389 2619 1444 Hoc
2659 1391 2788 1443 nihil
2817 1402 2930 1456 est,
2965 1393 3062 1446 nisi
3119 1395 3245 1463 quid
3291 1395 3493 1450 [ructus
3534 1414 3621 1450 re-

2035 1481 2312 1535 feramus:
2354 1483 2454 1534 nisi
2507 1483 2629 1551 quid
2673 1484 3008 1553 colligamus,
3038 1488 3228 1541 melius
3281 1500 3423 1543 esset
3475 1489 3618 1543 domi

2034 1588 2267 1626 manere.
2294 1573 2500 1627 Etenim
2530 1575 2759 1644 majores
2783 1578 2948 1630 nostri
2968 1579 3222 1633 ecclesias
3247 1580 3400 1634 nobis
3417 1583 3618 1635 exavdi-

2037 1665 2281 1730 licarunt,
2315 1682 2419 1720 non
2450 1676 2505 1720 ut
2553 1684 2614 1721 ex
2649 1669 2897 1723 domibus
2924 1682 3273 1741 congregatos
3323 1690 3418 1729 vos
3462 1677 3618 1729 simul

2033 1758 2357 1811 ostendant:
2393 1758 2494 1811 hoc
2524 1759 2667 1812 enim
2699 1770 2751 1813 et
2785 1761 2834 1813 in
2867 1761 2983 1815 foro
3010 1773 3062 1816 et
3108 1763 3158 1816 in
3192 1763 3430 1829 balneis,
3473 1777 3528 1820 et
3569 1771 3618 1818 in

2036 1865 2226 1919 pompa
2260 1851 2478 1919 perinde
2508 1852 2598 1911 lit;
2633 1853 2725 1907 sed
2759 1864 2815 1906 ut
2844 1853 3133 1923 discipulos
3159 1866 3213 1910 et
3242 1857 3492 1913 doctores
3517 1876 3618 1914 una

2033 1951 2436 2010 congregantes,
2469 1942 2590 1996 illos
2619 1945 2808 1996 hormu
2831 1961 2932 2012 ope
2954 1946 3206 2001 meliores
3233 1949 3482 2002 efficiant.
3512 1951 3616 2006 Lex

2033 2034 2346 2101 simpliciter
2374 2044 2428 2089 et
2456 2035 2667 2089 decoris
2695 2038 2902 2104 species
2932 2039 3082 2092 facta:
3113 2051 3239 2096 sunt
3264 2057 3351 2095 res
3385 2054 3580 2096 nostra-
3602 2087 3616 2108 ,

2031 2125 2359 2180 consuetudo
2413 2141 2555 2181 mera
2608 2144 2746 2181 nunc
2788 2138 2888 2182 est.
2924 2130 3080 2184 Venit
3130 2132 3341 2200 pascha,
3396 2149 3617 2204 magnus

2034 2218 2304 2283 tunmltos,
2357 2233 2561 2288 magnae
2607 2218 2774 2272 turba:
2805 2237 2817 2272 :
2851 2236 2954 2273 non
2999 2222 3138 2275 enim
3191 2222 3435 2287 dixerim,
3468 2225 3616 2278 multi

2033 2309 2313 2363 homines:
2344 2310 2465 2363 illud
2499 2311 2641 2364 enim
2683 2327 2785 2364 non
2842 2328 2965 2364 vere
3011 2312 3282 2366 hominum
3331 2325 3412 2368 est
3457 2330 3616 2384 opus.

2031 2399 2264 2454 Transiit
2302 2401 2536 2466 festum,
2572 2405 2828 2457 tumultus
2870 2416 2952 2458 est
3003 2407 3197 2467 minor,
3241 2407 3394 2476 quies
3438 2417 3615 2460 tamen

2031 2492 2376 2548 infructuosa.
2407 2495 2544 2560 Quot
2571 2507 2696 2550 sunt
2723 2498 2993 2565 pervigilia
3019 2539 3033 2563 ,
3065 2509 3196 2567 quot
3220 2499 3356 2553 sacri
3383 2503 3616 2554 cantus?

2029 2587 2096 2641 Et
2122 2588 2246 2655 quid
2275 2588 2398 2643 hinc
2423 2591 2689 2656 amplius?
2718 2591 2826 2643 lmo
2851 2592 3001 2660 pejus
3028 2592 3222 2646 accidit
3252 2611 3266 2647 :
3300 2594 3448 2648 multi
3472 2595 3613 2648 enim

2032 2691 2248 2748 prepter
2274 2696 2460 2734 vanam
2493 2682 2714 2750 gloriam
2749 2685 2848 2736 hoc
2879 2685 3096 2736 faciunt.
3119 2683 3388 2751 Quantum
3420 2689 3615 2755 putatis

2030 2788 2115 2827 me
2143 2773 2192 2826 in
2221 2774 2517 2828 visceribus
2544 2773 2855 2827 discruciari
2882 2817 2894 2835 ,
2942 2775 3066 2828 dum
3094 2776 3250 2830 video
3291 2778 3467 2829 omnia
3516 2781 3614 2830 do-

2031 2864 2160 2917 lium
2191 2865 2239 2917 in
2276 2875 2547 2934 pertusum
2577 2866 2818 2919 effundi?
2849 2866 2953 2920 Sed
2985 2867 3205 2921 omnino
3229 2867 3418 2922 dicetis
3446 2869 3574 2922 mihi
3598 2913 3629 2942 ,_

2029 2956 2332 3027 Scripturas
2369 2958 2587 3012 scimus.
2637 2959 2702 3012 Et
2741 2958 2864 3026 quid
2910 2959 3054 3012 hoc?
3095 2960 3150 3014 Si
3198 2961 3316 3014 illas
3361 2962 3616 3030 operibus

2028 3051 2346 3115 exhibeatis,
2375 3051 2474 3104 hoc
2503 3052 2708 3105 lucrum
2731 3060 2831 3113 est,
2869 3053 2967 3106 hoc
3001 3054 3148 3110 utile.
3168 3053 3390 3107 Officina
3423 3058 3615 3108 tincto-

2028 3146 2105 3196 ria
2133 3152 2216 3197 est
2257 3145 2482 3198 ecclesia
2529 3163 2542 3196 :
2600 3146 2642 3197 si
2691 3160 2904 3214 semper
2939 3145 3142 3199 abeatis
3195 3147 3340 3200 nulla
3393 3157 3609 3216 accepta

2028 3238 2275 3302 tinctura,
2309 3254 2424 3307 qua:
2452 3239 2650 3291 utilitas
2683 3240 2784 3292 huc
2813 3242 3121 3308 frequenter
3147 3242 3475 3295 convenire?
3501 3241 3611 3296 bla-

2025 3332 2111 3398 jus
2139 3331 2334 3401 quippe
2355 3332 2604 3385 damnum
2632 3341 2732 3384 est.
2757 3333 2886 3399 Quis
2919 3333 2982 3384 iis
3009 3333 3214 3403 legibus
3243 3333 3366 3402 quid
3396 3333 3608 3403 adjecit,

2027 3439 2159 3493 quas
2185 3440 2213 3477 a
2245 3424 2485 3494 patribus
2515 3425 2761 3492 accepit?
2794 3424 3036 3493 Exempli
3065 3406 3224 3479 causa
3259 3443 3272 3478 :
3304 3425 3442 3478 solet
3468 3425 3615 3494 quis-

2031 3518 2168 3585 piam
2197 3517 2506 3569 memoriam
2541 3515 2715 3570 facere
2742 3518 2927 3570 matris
2947 3557 2961 3580 ,
2993 3517 3076 3571 vel
3114 3517 3293 3571 uxoris
3314 3559 3329 3581 ,
3362 3518 3442 3572 vel
3474 3517 3566 3571 lilii
3595 3533 3611 3571 :

2030 3609 2128 3663 hoc
2151 3608 2275 3662 facit
2296 3609 2408 3662 sive
2435 3609 2633 3672 audiat,
2666 3608 2780 3661 sive
2813 3625 2916 3662 non
2946 3607 3128 3661 audiat
3155 3625 3184 3661 a
3216 3608 3392 3672 nobis,
3419 3624 3446 3660 a
3474 3623 3606 3662 con-

2028 3699 2311 3754 suetudine
2339 3710 2392 3754 et
2413 3715 2440 3751 a
2459 3701 2782 3754 conscientia
2805 3701 3049 3754 allectus.
3077 3699 3268 3754 ldeone
3295 3700 3611 3770 indignaris,

2030 3793 2274 3864 inquies?
2299 3792 2477 3856 Absit;
2503 3793 2608 3844 imo
2631 3793 2851 3846 multum
2871 3793 3105 3860 gaudeo;
3133 3793 3226 3846 sed
3249 3792 3440 3846 vellem
3465 3792 3613 3846 illum

2028 3886 2297 3956 quidpiam
2317 3901 2381 3939 ex
2412 3887 2670 3939 concione
2693 3895 2873 3939 nostra
2899 3885 3092 3939 lucrari
3120 3902 3131 3936 :
3157 3885 3368 3954 etquod
3388 3900 3617 3939 consue-

2031 3979 2158 4035 tudo
2185 3979 2327 4043 fecit,
2355 3979 2403 4032 id
2434 3979 2592 4032 etiam
2620 3993 2648 4030 a
2679 3978 2831 4032 nobis
2855 3977 2990 4043 ﬁeri,
3015 3988 3069 4030 et
3095 3978 3252 4032 aliam
3277 3977 3617 4032 consuetudi-

2031 4088 2152 4126 nem
2181 4071 2380 4126 induci.
2401 4071 2645 4138 Alioquin
2663 4071 2788 4140 quid
2819 4070 3013 4123 frustra
3038 4071 3241 4130 laboro,
3272 4071 3315 4122 si
3342 4070 3392 4122 in
3427 4070 3611 4122 iisdem

2029 4165 2266 4217 mansuri
2306 4163 2474 4217 estis?
2505 4163 2549 4216 si
2583 4161 2710 4214 nihil
2744 4161 2895 4214 vobis
2927 4177 3155 4232 synaxes
3181 4159 3403 4214 afferant
3447 4160 3570 4213 boni
3591 4161 3615 4210 ?

2100 4257 2154 4310 4.
2181 4255 2352 4309 Etiam
2379 4297 2393 4318 ,
2445 4254 2684 4321 inquies,
2716 4268 3018 4322 precamur.
3067 4252 3134 4304 Et
3173 4250 3300 4316 quid
3355 4251 3456 4303 hoc
3499 4252 3615 4305 sine

2029 4349 2318 4418 operibus?
2341 4348 2474 4400 Audi
2503 4346 2774 4400 Christum
2817 4345 3085 4398 dicentem
3114 4362 3127 4398 :
3170 4343 3294 4396 Non
3339 4345 3501 4397 omnis
3529 4345 3616 4412 qui

2030 4443 2151 4494 dicit
2181 4440 2303 4492 ini/ti
2323 4481 2338 4502 ,
2375 4439 2606 4499 Domine,
2639 4436 2871 4500 Domine,
2903 4435 3178 4488 intrabilin
3223 4451 3436 4504 regnum
3465 4435 3618 4508 catio-

2029 4550 2170 4596 rum,
2217 4532 2304 4584 sed
2345 4532 2430 4598 qui
2467 4533 2585 4601 facit
2615 4535 2920 4583 voluntatem
2960 4527 3134 4582 Patris
3160 4530 3298 4593 mei,
3344 4529 3432 4589 qui
3461 4538 3536 4582 est
3561 4529 3614 4581 in

2029 4626 2167 4680 cwlis
2199 4625 2409 4695 (:llattlt.
2442 4625 2492 4677 7.
2517 4625 2631 4692 2|).
2663 4623 2818 4692 Sa-pe
2863 4623 3020 4677 statui
3053 4639 3152 4693 ego
3181 4625 3341 4678 silcrc
3369 4664 3384 4688 ,
3426 4624 3613 4678 videns

2032 4718 2158 4770 nihil
2187 4734 2248 4770 ex
2282 4715 2619 4769 sermooihus
2646 4716 2846 4768 nostris
2873 4717 3022 4769 vobis
3047 4717 3175 4770 lucri
3200 4717 3456 4771 accedere
3487 4735 3498 4768 :
3530 4717 3613 4769 vel

2032 4811 2164 4862 forte
2191 4809 2394 4861 accedit
2420 4850 2432 4868 ,
2463 4824 2562 4876 ego
2603 4824 2730 4861 vero
2775 4808 2917 4876 quod
2960 4810 3275 4863 insatiabilis
3304 4819 3357 4863 et
3386 4810 3612 4879 cupidus

2029 4903 2151 4965 sim,
2178 4902 2408 4968 idipsmn
2442 4901 2617 4968 patior
2638 4901 2778 4968 quod
2810 4901 2864 4964 ii,
2896 4902 2983 4969 qui
3017 4902 3158 4954 circa
3188 4901 3438 4970 pecunias
3467 4903 3613 4954 insa-

2031 4994 2202 5046 niunt.
2231 4993 2361 5045 Nam
2393 4993 2530 5044 sicut
2560 4992 2670 5055 illi,
2699 4993 3041 5060 quantumvis
3080 4993 3447 5052 accutnulent,
3483 4992 3612 5046 nihil

2029 5101 2086 5136 se
2119 5094 2302 5151 putant
2331 5083 2527 5136 habere
2557 5099 2568 5133 :
2601 5084 2676 5136 sic
2704 5093 2759 5136 et
2799 5098 2918 5150 ego,
2949 5087 3071 5152 quia
3123 5084 3346 5137 salutem
3381 5093 3612 5137 vestram

2029 5175 2312 5228 admodum
2349 5175 2538 5242 cupio,
2564 5174 2735 5227 donec
2770 5175 2952 5227 videro
2985 5191 3078 5229 vos
3121 5177 3435 5244 profecisse,
3483 5175 3612 5229 nihil

2029 5283 2114 5319 me
2136 5267 2325 5319 fecisse
2345 5275 2489 5332 puto,
2514 5265 2653 5335 quod
2679 5266 2903 5319 multum
2926 5266 3245 5329 desiderem,
3275 5275 3332 5319 ut
3357 5267 3421 5318 ad
3441 5267 3610 5335 ipsum

2028 5359 2238 5412 culmen
2283 5358 2604 5411 ascendatis.
2643 5357 2842 5412 Vellem
2885 5359 2954 5411 ita
2997 5375 3055 5411 se
3087 5359 3312 5420 habere;
3361 5359 3518 5427 idque
3548 5374 3612 5413 cx

2028 5450 2216 5504 all'ectu
2265 5465 2418 5511 meo,
2451 5465 2556 5502 non
2603 5466 2664 5503 ex
2697 5461 2869 5503 vestra
2918 5451 3120 5518 ignavia
3168 5449 3466 5517 prolicisci;
3518 5451 3610 5503 sed

2030 5544 2208 5604 timeo,
2255 5558 2322 5594 ne
2371 5541 2505 5593 forte
2554 5543 2689 5595 bene
2742 5542 3060 5610 eonjectem.
3112 5541 3427 5593 Persuasum
3468 5542 3609 5595 enim

2029 5633 2265 5687 habeatis
2313 5644 2561 5698 oportet,
2605 5635 2648 5688 si
2692 5651 2792 5703 qna
2848 5637 2896 5686 in
2930 5642 3075 5686 tanto
3122 5642 3361 5701 tempore
3407 5633 3612 5688 utilitas

2027 5728 2382 5796 provenisset,
2413 5727 2565 5780 nobis
2584 5726 2692 5795 jam
2715 5724 2928 5779 dicendi
2955 5726 3110 5778 ﬁnem
3138 5725 3436 5780 faciendum
3474 5727 3606 5778 fore.

2029 5819 2118 5872 Sic
2149 5819 2298 5873 vobis
2335 5833 2439 5873 non
2487 5835 2621 5886 opus
2648 5828 2792 5873 esset
2816 5819 2991 5873 verbis
3015 5856 3030 5871 .
3081 5832 3202 5872 cum
3231 5833 3292 5873 ca
3313 5859 3327 5879 ,
3359 5834 3475 5887 quas
3501 5818 3604 5886 jam
