4108 6172
438 372 546 429 219

436 491 581 545 dicta
608 493 733 542 sunt
758 526 772 549 ,
822 482 896 539 ita
927 474 1194 535 sufﬁciant
1218 516 1235 541 ,
1266 481 1326 527 ut
1350 480 1404 525 et
1433 469 1567 523 alios
1596 459 1863 520 moderari
1904 471 2028 527 pos-

443 585 582 646 sint;
614 580 661 636 si
687 576 901 649 quidem
933 573 1041 628 illis
1068 566 1380 625 absentibus
1402 560 1646 634 quasdam
1680 555 1832 610 vobis
1882 550 2027 605 utili-

444 687 528 730 tas
554 645 857 729 accederet.
889 665 1041 736 Quod
1063 676 1192 719 vero
1228 666 1489 731 perpetuo
1513 650 1729 708 monitis
1776 661 1911 714 opus
1939 645 2027 696 ba-

447 769 638 825 beatis.
662 765 713 820 id
741 773 891 819 certe
911 759 1045 816 nihil
1068 755 1213 812 aliud
1242 753 1457 815 indicat,
1496 762 1656 819 quam
1676 742 1816 815 quod
1858 751 2028 793 Vt'slra

445 876 549 915 ltuit
576 867 721 913 recte
748 870 807 910 se
834 854 1085 908 habeant.

519 950 765 1005 Remedia
786 957 962 1002 contra
987 944 1107 997 vitia
1129 957 1191 995 ea:
1217 937 1500 1006 Scripturis
1523 929 1789 987 sumenda.
1807 957 1876 967 ——
1893 922 2029 990 Quid

447 1060 578 1119 ergo
607 1039 942 1097 faciendum?
969 1051 1076 1091 non
1105 1035 1248 1090 enim
1274 1027 1659 1100 objurgandum
1692 1031 1775 1077 est
1806 1029 2029 1074 tantum.

434 1139 684 1192 Ubsecro
719 1143 773 1189 et
801 1147 898 1186 oro
921 1170 935 1193 ,
969 1144 1036 1183 ne
1065 1127 1117 1182 id
1149 1125 1321 1179 solum
1363 1118 1619 1186 spectetis
1643 1157 1658 1180 ,
1693 1122 1751 1168 ut
1780 1114 1833 1167 in
1860 1110 2030 1164 eccle-

448 1233 585 1286 sinm
636 1226 903 1289 veniatis;
933 1222 1028 1278 sed
1082 1228 1138 1274 ut
1187 1217 1348 1272 etiam
1380 1214 1595 1267 domum
1629 1204 1858 1276 regressi
1888 1245 1902 1269 ,
1936 1215 2029 1255 ac-

432 1332 605 1393 cepto
623 1330 809 1376 contra
838 1317 963 1372 vitia
993 1316 1283 1385 pbarmaco
1308 1349 1324 1373 ,
1355 1307 1398 1360 si
1429 1321 1534 1359 non
1559 1318 1588 1356 a
1617 1300 1772 1355 nobis
1798 1340 1813 1363 ,
1837 1296 2027 1350 saltem

449 1433 477 1468 a
508 1384 801 1484 Scripturis
842 1403 1190 1478 congruentia
1222 1398 1463 1454 habeatis
1503 1392 1761 1449 remedia.
1788 1384 2032 1455 Exempli

432 1477 650 1561 (causa;
681 1510 764 1557 est
783 1499 905 1571 quis
931 1492 1252 1552 iracundus?
1279 1488 1531 1545 Attendat
1558 1483 1872 1539 lectionibus
1891 1477 2034 1534 Scri-

436 1607 751 1666 .pturarum,
777 1568 830 1646 et
857 1588 1077 1644 omnino
1101 1582 1226 1654 quid
1254 1579 1486 1650 reperiet
1511 1577 1595 1631 vel
1626 1575 1677 1627 itt
1706 1570 1926 1627 historia
1951 1568 2034 1623 vel

435 1691 505 1743 «in
530 1686 751 1743 monitis
775 1702 789 1739 :
815 1685 869 1738 in
898 1679 1115 1737 monitis
1140 1719 1155 1741 ,
1188 1690 1308 1730 cum
1334 1673 1533 1727 dicitur
1564 1687 1577 1722 :
1610 1667 1920 1722 Momentum
1949 1667 2032 1732 [τις

440 1783 588 1834 foris
607 1779 716 1851 ejus
735 1776 887 1831 ruina
911 1773 1036 1843 ipsis
1064 1768 1253 1837 (Eccli.
1284 1768 1333 1821 1.
1356 1764 1450 1835 28)
1473 1780 1488 1829 ;
1519 1772 1574 1816 et
1596 1802 1610 1826 ,
1642 1758 1731 1813 Vir
1758 1755 2036 1812 iracundus

442 1888 557 1925 tuon
583 1869 837 1923 modestus
866 1863 1048 1935 (Prov.
1082 1861 1168 1917 11.
1187 1858 1305 1927 25),
1338 1868 1392 1911 et
1412 1853 1604 1909 similia
1631 1869 1647 1917 ;
1671 1851 1861 1905 iterum
1883 1862 2033 1911 vero,

454 1962 553 2017 -νὶν
581 1962 841 2030 linguosus
865 1974 965 2011 non
992 1953 1234 2022 dirigetur
1271 1948 1439 2020 (Psal.
1475 1943 1597 2000 159.
1628 1942 1716 2013 12)
1747 1959 1762 2004 ;
1794 1954 2035 1995 rursum-

452 2071 557 2124 que
574 2029 839 2117 Christus,
867 2048 969 2115 Qui
991 2045 1226 2100 irascitur
1246 2040 1396 2112 fratri
1418 2054 1510 2091 suo
1526 2037 1632 2089 sine
1647 2049 1799 2087 causa
1820 2029 2034 2099 (Matth.

532 2145 650 2215 22);
679 2145 981 2211 iterumque
1008 2134 1267 2208 propheta
1290 2173 1306 2197 ,
1332 2126 1639 2187 Irascinu'ni,
1672 2134 1718 2178 et
1742 2122 1896 2176 nolite
1926 2135 2039 2189 pec-

442 2256 569 2294 rare
589 2236 760 2311 (Psal.
784 2234 837 2290 4.
863 2234 921 2304 5)
943 2248 960 2298 ;
987 2241 1062 2296 et,
1092 2225 1398 2281 Maledictus
1420 2227 1563 2293 furor
1578 2234 1768 2279 eorum,
1792 2216 1909 2285 quia
1930 2230 2042 2284 per-

452 2305 608 2385 tinax‘
645 2329 664 2402 (
695 2325 933 2382 Gen.49.
965 2323 996 2376 7
1028 2322 1067 2393 ).
1104 2319 1160 2374 ln
1194 2316 1430 2372 historiis
1458 2327 1588 2369 vero
1610 2354 1624 2375 ,
1657 2319 1716 2365 ut
1737 2324 1859 2363 cum
1890 2305 2041 2359 audis

450 2424 795 2479 1-Pharaottent
824 2418 901 2472 ira
931 2429 1121 2484 magna
1152 2414 1447 2473 incensum,
1476 2406 1708 2473 itemque
1738 2399 2038 2470 Assyrium,

450 2515 549 2586 qui
580 2514 678 2567 hac
699 2512 766 2565 de
783 2522 950 2565 causa
976 2505 1271 2577 perierunt.
1297 2500 1524 2555 Rursum
1551 2496 1638 2565 qui
1668 2506 1852 2547 amore
1880 2502 2042 2559 peoo-

447 2581 563 2660 nite
604 2613 791 2673 captus
838 2607 920 2655 est
951 2640 967 2664 ,
1038 2595 1218 2650 audiat
1248 2612 1262 2647 :
1293 2591 1443 2645 Nihil
1480 2604 1633 2641 avaro
1672 2584 1893 2655 iniquius
1920 2598 1937 2635 :
1963 2581 2043 2634 hic

448 2672 683 2752 -t-nitn.et
706 2694 930 2747 animant
956 2706 1100 2745 suam
1130 2686 1356 2742 venalem
1377 2680 1573 2738 exhibet
1605 2678 1789 2750 (Eccli.
1822 2675 1910 2731 10.
1944 2672 1997 2743 9)
2026 2688 2041 2737 ;

448 2788 747 2845 «etCltristo
775 2785 1031 2839 dicente:
1064 2778 1187 2834 Non
1235 2776 1439 2847 potestis
1481 2771 1589 2826 Deo
1617 2771 1801 2825 servire
1844 2776 1888 2820 et
1936 2781 2046 2817 ma-

452 2897 626 2935 .ntonaz
663 2879 682 2948 (
714 2877 900 2932 Matth.
946 2875 999 2929 6.
1036 2871 1140 2942 24)
1165 2886 1180 2933 ;
1208 2866 1529 2937 etApostolo
1559 2905 1574 2931 ,
1614 2863 1788 2917 Radix
1823 2860 2046 2914 omnium

465 2973 711 3027 ntalorum
735 2979 805 3023 est
832 2965 1044 3021 avaritia
1068 2965 1114 3030 (l
1130 3001 1142 3014 .
1164 2960 1296 3014 Tim.
1318 2957 1372 3013 6.
1394 2957 1505 3027 l0);
1533 2965 1584 3010 et
1606 2953 1883 3023 propheta,
1904 2950 2048 3003 Divi-

454 3065 611 3120 ,τίω-εἰ
633 3062 837 3131 afﬂuant
854 3099 869 3123 ,
892 3057 1047 3111 nolite
1067 3071 1153 3108 cor
1170 3046 1607 3122 apponere(Psal.
1631 3046 1719 3101 61.
1741 3044 1833 3114 10)
1860 3085 1874 3108 ,
1899 3042 2042 3096 mul-

459 3168 627 3226 taque
646 3153 748 3207 alia
775 3149 989 3204 similia.
1008 3146 1085 3200 Ex
1120 3143 1377 3204 historiis,
1396 3139 1603 3194 habetis
1623 3137 1767 3192 Giezi
1791 3177 1804 3198 ,
1835 3133 2045 3196 Judam,

471 3248 737 3321 principes
770 3242 1063 3299 scribarum
1094 3280 1108 3303 ,
1138 3246 1192 3291 et
1239 3235 1377 3306 quod
1423 3233 1567 3286 Dona
1601 3239 1849 3285 excwcant
1880 3227 2050 3280 oculos

464 3342 776 3414 sapientium
814 3335 1006 3410 (Exod.
1034 3334 1125 3389 25.
1148 3335 1202 3387 8.
1232 3329 1384 3384 Deut.
1407 3326 1613 3394 16.19).
1661 3323 1811 3376 Alius
1858 3330 1940 3375 est
1964 3335 2052 3373 su-

476 3433 715 3505 perbus?
740 3431 931 3487 Audiat
960 3426 1089 3483 illud
1112 3468 1126 3492 ,
1162 3425 1298 3478 Dens
1323 3420 1551 3490 superbis
1571 3417 1756 3471 resistit
1788 3414 1965 3487 (Prov.
1996 3414 2049 3468 3.

465 3530 561 3599 51)
583 3545 599 3594 ;
618 3538 694 3591 et,
728 3521 1049 3594 Principium
1069 3517 1316 3587 superbiae
1332 3524 1589 3584 peccatum
1611 3509 1795 3582 (Eccli.
1823 3506 1907 3562 10.
1941 3506 2051 3574 li);

470 3630 549 3688 et,
572 3618 749 3674 Omnis
764 3615 993 3671 sublimis
1007 3612 1158 3666 corde
1177 3610 1406 3676 impurus
1426 3603 1564 3674 apud
1585 3601 1856 3655 Dominum
1874 3598 2053 3668 (Prov.

473 3711 560 3767 16.
575 3711 654 3780 5).
677 3708 742 3763 Ει
759 3708 811 3763 in
828 3703 1063 3761 historiis
1088 3744 1104 3770 ,
1134 3699 1381 3772 respicite
1398 3694 1664 3752 diabolum
1681 3693 1919 3762 aliosque
1943 3705 2058 3743 om-

469 3817 592 3857 nes.
610 3800 666 3855 ln
683 3813 890 3854 summa
909 3796 1036 3870 (non
1060 3794 1200 3849 enim
1225 3803 1504 3861 possumus
1529 3787 1703 3842 omnia
1730 3781 2054 3853 recensere),

472 3894 668 3965 singuli
686 3907 905 3947 suorum
922 3887 1195 3943 vulnerum
1220 3883 1504 3956 pharmaca
1525 3896 1589 3936 ex
1613 3877 1903 3950 Scripturis
1923 3876 2059 3929 divi-

478 3990 559 4043 nis
575 3988 833 4057 deligant:
850 3994 905 4040 et
922 3984 964 4038 si
983 3997 1087 4037 non
1104 3990 1273 4035 totum
1290 3978 1467 4040 simul.
1486 3985 1685 4046 partem
1704 3988 1865 4028 unam
1882 3969 2058 4039 hodie,

479 4088 681 4149 partem
693 4074 1109 4139 crastina.die,et
1128 4073 1205 4127 sic
1221 4071 1394 4125 omnia
1412 4069 1631 4125 abluite.
1657 4066 1874 4122 Etcirca
1895 4064 2063 4136 paeni-

476 4173 780 4236 tentiam,et
793 4169 932 4224 circa
954 4162 1511 4227 confessionem,circa
1528 4159 1945 4229 eleemosynam,
1962 4155 2065 4208 cir-

476 4282 539 4322 ca
556 4260 1181 4335 mquitatem,castitatem
1201 4266 1501 4324 caeteraque
1519 4247 1964 4317 omnia,exempla
1984 4261 2067 4300 re-

482 4360 678 4429 peries.
705 4355 831 4410 Hac
856 4354 1053 4426 quippe
1074 4350 1244 4405 omnia
1270 4349 1461 4417 scripta
1480 4354 1597 4399 sunt
1618 4342 1686 4397 ad
1707 4340 2067 4396 institutionem

494 4461 722 4506 nostram
757 4449 774 4517 (
798 4446 953 4501 Rom.
982 4445 1071 4501 15.
1098 4443 1133 4498 ι
1157 4443 1198 4513 ),
1229 4440 1421 4509 inquit.
1447 4439 1504 4493 Si
1536 4437 1715 4505 itaque
1744 4435 1794 4488 in
1823 4430 2067 4487 admoni-

484 4548 682 4600 tionem
710 4550 946 4595 nostram
974 4539 1115 4592 circa
1157 4534 1335 4589 omnia
1364 4531 1581 4586 disserit
1609 4570 1623 4588 .
1647 4525 1985 4581 attendamus
2014 4532 2071 4577 ut

491 4652 585 4705 par
611 4642 712 4687 est.
744 4629 879 4696 Quid
911 4628 1109 4681 frustra
1156 4640 1255 4679 nos
1286 4625 1431 4692 ipsos
1460 4617 1807 4688 decipimus?
1838 4616 2023 4669 Timeo
2053 4655 2068 4678 ,

489 4740 557 4780 ne
578 4723 648 4778 de
678 4721 829 4775 nobis
858 4719 1063 4773 dicatur
1098 4732 1110 4769 :
1142 4713 1447 4784 befecerunt
1491 4711 1544 4763 in
1573 4708 1794 4761 vanitate
1838 4706 1943 4759 dies
1974 4722 2071 4758 no-

489 4816 614 4879 stri,
644 4823 689 4867 et
737 4810 859 4865 anni
901 4807 1059 4863 nostri
1107 4822 1222 4859 cum
1251 4804 1565 4875 festinatione
1590 4800 1607 4869 (
1637 4797 1782 4852 Psal.
1820 4798 1908 4850 67.
1934 4797 2001 4851 53
2025 4797 2069 4866 ).

491 4907 622 4976 Quis
652 4920 747 4959 nos
769 4902 994 4957 audiens
1019 4897 1275 4953 abscessit
1302 4911 1330 4948 a
1360 4893 1584 4948 theatris
1611 4891 1634 4944 ‘t
1661 4889 1780 4959 quis
1806 4888 1874 4943 ab
1894 4888 2067 4941 avari-

497 5005 567 5057 tia
599 4999 803 5056 destitit
828 4996 853 5051 ?
881 4994 1000 5066 quis
1026 4990 1316 5047 ferventior
1347 4986 1520 5041 factus
1549 4993 1630 5039 est
1668 4982 1734 5036 ad
1778 4982 2075 5051 eleemosy-

497 5094 662 5152 nam?
692 5091 894 5147 Vellem
926 5087 1063 5142 scire
1083 5125 1098 5149 ,
1131 5100 1234 5138 non
1264 5095 1415 5137 vanae
1440 5078 1625 5148 gloriae
1652 5091 1817 5132 causa
1845 5118 1860 5137 ,
1893 5076 1985 5130 sed
2020 5082 2076 5127 ut

495 5185 724 5240 alacrior
748 5183 929 5235 fierem
962 5219 977 5243 ,
1006 5175 1194 5231 videns
1218 5172 1489 5244 egregium
1536 5168 1780 5223 laborum
1824 5167 2075 5221 fructum.

506 5281 656 5335 Nunc
700 5284 877 5330 autem
913 5270 1183 5340 quomodo
1209 5266 1359 5339 operi
1386 5279 1601 5319 manum
1630 5260 1925 5315 admovebo
1954 5300 1969 5321 ,
2004 5268 2080 5309 tot

502 5370 761 5428 doctrina:
802 5366 999 5421 imbres
1027 5362 1289 5417 demissos
1330 5356 1518 5411 videns
1540 5397 1553 5419 ,
1588 5363 1642 5409 et
1668 5362 1878 5422 segetes
1907 5351 1957 5402 in
1988 5364 2079 5400 ea-

502 5467 622 5520 dem
650 5474 898 5518 mensura
932 5455 1085 5512 nobis
1104 5458 1406 5513 manentes.
1442 5461 1540 5502 nec
1561 5444 1793 5515 majores
1822 5457 1940 5495 esse
1970 5440 2082 5492 fru-

505 5566 623 5612 ctus
646 5554 671 5607 2
698 5553 917 5607 Dentato
966 5561 1107 5602 areas
1149 5552 1361 5612 tempus
1400 5539 1553 5595 adest
1585 5579 1600 5602 ,
1641 5550 1751 5606 quo
1800 5532 2083 5586 adbibi-tur

504 5644 884 5701 ventilabrum.
910 5640 1116 5699 Timeo.
1142 5651 1208 5692 ne
1233 5645 1401 5690 totum
1433 5632 1502 5687 sit
1529 5628 1727 5684 fumum
1761 5641 1776 5678 :
1807 5628 1987 5683 timeo,
2018 5636 2084 5675 ne

510 5753 701 5793 omnes
726 5738 778 5791 in
805 5734 1072 5791 caminum
1102 5728 1470 5799 conjiciatnur.
1500 5720 1766 5778 Prmeriit
1788 5731 1971 5781 aestas,
1992 5728 2083 5767 veo

514 5831 589 5887 nit
638 5828 850 5893 hiems;
880 5825 1125 5881 sedemus
1154 5821 1379 5893 juvenes
1411 5826 1464 5871 et
1503 5827 1661 5869 senes
1687 5808 1914 5881 propriis
1944 5804 2081 5877 capti

1158 358 1215 414 S.
1256 350 1534 411 JOANNIS
1571 336 2046 403 CIIRYSOSTOMI
2085 334 2400 392 ARClllEP.
2441 328 2970 389 CONSTANTINOP.

3615 318 3722 374 230

2142 450 2304 507 vitiis.
2336 450 2414 506 Ne
2444 450 2573 504 mihi
2599 447 2898 507 dicas.Non
2923 452 3147 501 scortor.
3171 441 3300 512 Quae
3329 439 3474 496 enim
3499 438 3721 497 utilitas.

2142 547 2186 597 si
2216 558 2320 597 non
2352 543 2605 598 scortaris
2632 540 2849 611 quidem
2878 580 2895 605 ,
2922 539 3016 593 sed
3043 554 3237 592 avarus
3266 538 3368 590 es?
3394 535 3587 589 Passer
3612 533 3720 587 etsi

2141 650 2247 690 non
2279 651 2342 689 ex
2374 634 2518 688 omni
2553 643 2701 702 parte
2721 675 2737 699 ,
2771 631 2865 686 sed
2891 646 2920 684 a
2951 630 3084 699 pede
3111 639 3315 683 tantum
3349 634 3597 680 teneatur
3621 665 3637 689 ,
3664 635 3721 678 et

2141 728 2209 779 ita
2243 726 2415 796 perit,
2449 726 2500 778 lll
2527 725 2714 795 laqueo
2743 723 3019 785 irretitus,
3055 737 3152 776 nec
3180 729 3401 790 prosunt
3437 718 3539 772 ala:
3566 727 3723 785 capto

2140 817 2293 884 pede.
2339 817 2426 870 Sic
2463 825 2516 869 et
2556 824 2610 868 tu
2639 855 2655 879 ,
2690 829 2796 868 non
2827 824 3016 883 captus
3044 828 3103 866 es
3135 827 3229 881 per
3258 810 3667 865 fornicationem
3702 850 3721 876 ,

2138 908 2231 962 sed
2254 919 2441 978 captus
2460 909 2684 962 avaritia
2710 927 2723 961 :
2752 916 2939 976 captus
2960 916 3105 961 certe
3125 920 3185 960 es
3209 922 3223 970 ;
3250 920 3420 974 neque
3440 903 3717 973 quan'itnr.

2138 1000 2412 1070 quomodo
2446 1009 2635 1069 captus
2671 1000 2745 1053 sis
2765 1040 2780 1063 ,
2811 999 2904 1053 sed
2952 998 3093 1068 quod
3124 1007 3311 1065 captus
3341 996 3436 1049 sis.
3465 994 3541 1049 Ne
3578 994 3721 1047 dicat

2133 1093 2346 1161 juvenis
2376 1109 2390 1147 :
2422 1108 2526 1146 non
2577 1106 2694 1145 sum
2727 1106 2919 1144 avarus
2958 1108 2971 1156 ;
3014 1089 3106 1142 scd
3136 1088 3285 1143 forte
3325 1086 3624 1142 fornicaris.
3653 1086 3721 1140 Et

2138 1198 2257 1252 quae
2302 1182 2547 1236 utilitas?
2576 1181 2689 1235 Non
2734 1191 2957 1250 possunt
2986 1181 3127 1234 enim
3164 1179 3341 1233 omnia
3373 1180 3501 1231 vitia
3534 1177 3587 1231 in
3617 1193 3719 1230 una

2139 1284 2294 1329 aetate
2311 1275 2532 1344 reperiri
2561 1316 2574 1338 ,
2613 1274 2708 1328 sed
2738 1274 2968 1327 discreta
3006 1273 3093 1326 illa
3132 1282 3288 1335 sunt,
3321 1272 3480 1341 idque
3505 1288 3599 1337 per
3630 1270 3720 1324 Dei

2140 1368 2543 1437 benignitatem,
2573 1384 2641 1421 ne
2662 1368 2703 1421 si
2723 1366 2883 1421 simul
2906 1366 3183 1431 invadant,
3199 1365 3439 1434 superari
3458 1373 3725 1434 nequeant

2139 1471 2194 1516 et
2222 1461 2436 1532 gravius
2467 1461 2618 1515 nobis
2650 1470 2918 1514 certamen
2950 1458 3284 1513 exhibentur.
3316 1457 3540 1524 Quanta:
3571 1457 3724 1526 igna-

2139 1556 2239 1609 via:
2265 1571 2370 1609 non
2411 1554 2583 1616 fuerit,
2620 1570 2685 1609 ne
2714 1563 2959 1622 separata
2998 1551 3213 1623 quidem
3258 1551 3383 1604 vitia
3417 1565 3574 1619 posse
3604 1550 3724 1602 vin-

2140 1662 2282 1709 cere,
2316 1646 2407 1700 sed
2438 1661 2533 1714 per
2557 1645 2792 1715 singulas
2821 1654 3009 1699 aetates
3038 1644 3176 1697 vinci
3199 1684 3213 1705 ,
3240 1652 3400 1712 atque
3427 1643 3596 1695 altum
3631 1656 3723 1694 sa-

2142 1754 2269 1810 pere
2299 1740 2349 1793 in
2378 1739 2442 1792 iis
2470 1781 2484 1803 ,
2519 1755 2635 1806 qua:
2669 1752 2773 1790 non
2812 1753 2877 1791 ex
2920 1745 3103 1790 nostro
3133 1734 3343 1796 studio,
3378 1733 3472 1788 sed
3504 1748 3567 1787 ex
3604 1734 3719 1801 ipsa

2140 1840 2295 1885 astate
2315 1832 2592 1900 sapiunttn-
2612 1830 2635 1881 ?
2658 1828 2773 1884 Non
2802 1828 2992 1882 videtis
3013 1828 3246 1896 aurigas,
3270 1836 3466 1895 quanta
3493 1824 3721 1892 diligen-

2144 1924 2211 1977 tia
2236 1935 2287 1978 et
2314 1922 2695 1977 exercitatione
2721 1963 2735 1985 ,
2757 1924 2971 1991 quantis
3002 1919 3275 1975 laboribus
3302 1928 3521 1972 tttttntttr
3545 1959 3558 1981 ,
3591 1928 3724 1985 quot

2141 2014 2275 2069 cibis
2313 2014 2539 2083 aliisque
2579 2014 2829 2067 omnibus
2853 2052 2866 2073 .
2900 2023 2959 2066 ut
2989 2027 3056 2065 ne
3082 2009 3399 2078 dejiciantttr
3425 2009 3491 2064 de
3519 2010 3724 2062 curru?

2144 2107 2275 2162 Vide
2301 2117 2496 2178 quanta
2525 2107 2595 2160 sit
2622 2122 2729 2160 ars.
2754 2104 2888 2160 Nam
2921 2106 3001 2158 vir
3037 2104 3289 2159 robustus
3318 2120 3384 2157 ne
3413 2119 3573 2156 unum
3603 2102 3720 2171 qui-

2143 2200 2265 2254 dem
2286 2214 2478 2270 equutn
2508 2212 2649 2267 Smpe
2678 2196 2945 2251 moderari
2976 2196 3179 2266 possit;
3205 2195 3330 2249 dum
3354 2194 3726 2249 adolescentu-

2145 2291 2229 2345 lus
2265 2300 2379 2344 arte
2411 2301 2567 2343 utens
2593 2332 2607 2353 ,
2650 2288 2782 2342 duos
2828 2286 2986 2341 facile
3032 2286 3344 2339 moderatur
3377 2295 3431 2338 et
3458 2285 3627 2339 ducit.
3661 2285 3726 2338 Et

2145 2382 2283 2452 apud
2314 2381 2471 2436 ludos
2498 2381 2685 2448 ingens
2710 2380 2796 2432 illa
2817 2388 2871 2432 et
2893 2376 3242 2431 formidabilis
3268 2376 3442 2430 bellua
3470 2375 3725 2445 elephan-

2147 2484 2231 2529 tus
2256 2490 2427 2544 pttero
2453 2473 2754 2543 quindecim
2785 2486 3044 2525 annorum
3077 2484 3198 2523 cum
3232 2484 3420 2538 magna
3450 2467 3725 2521 alacritate

2146 2566 2342 2621 cedere
2367 2564 2580 2619 dicitur.
2606 2562 2713 2618 Cur
2739 2563 2852 2616 ha-c
2881 2578 2911 2615 a
2935 2578 3019 2615 me
3039 2560 3178 2614 dicta
3210 2559 3371 2613 Sunt?
3399 2559 3531 2626 Quia
3556 2558 3599 2612 si
3622 2560 3730 2611 ele-

2148 2658 2374 2729 phantas
2421 2666 2475 2711 et
2521 2671 2689 2727 equos
2739 2656 2880 2710 fet-os
2928 2653 3107 2708 studio
3154 2661 3210 2706 et
3253 2662 3368 2705 arte
3413 2650 3726 2713 domamus;

2149 2750 2315 2804 multo
2342 2750 2511 2817 magis
2542 2746 2765 2801 allectus
2796 2757 3028 2807 nostros,
3050 2743 3141 2813 qui
3174 2743 3225 2796 in
3255 2742 3409 2796 nobis
3435 2750 3559 2796 sunt
3577 2782 3591 2807 ,
3618 2740 3733 2794 vin-

2149 2858 2351 2900 cemus.
2386 2843 2666 2900 Undeuam
2694 2839 3015 2896 resolvitnur
3040 2854 3134 2906 per
3157 2846 3317 2891 totam
3340 2840 3501 2890 vitam
3525 2836 3547 2888 ?
3568 2834 3734 2888 Num-

2150 2952 2306 3006 quam
2329 2944 2497 2990 artem
2521 2934 2662 2987 illam
2684 2932 3019 2987 curavimus:
3041 2944 3326 2996 numquam
3350 2928 3442 2981 otii
3467 2938 3727 2995 tempore,

2151 3043 2180 3080 a
2204 3028 2495 3083 certamine
2516 3034 2789 3090 vacantes,
2817 3023 2956 3093 apud
2983 3036 3081 3076 nos
3102 3020 3453 3076 disseruimus
3474 3018 3728 3089 quidnam

2152 3121 2284 3175 utile
2310 3121 2399 3173 sit.
2429 3120 2578 3173 Tunc
2602 3133 2700 3172 nos
2729 3118 2781 3172 in
2811 3132 2971 3171 curru
3002 3122 3206 3169 stantes
3233 3114 3353 3183 quis
3373 3112 3580 3174 videat,
3609 3126 3730 3165 cum

2154 3223 2422 3267 certamen
2464 3213 2670 3266 instat:
2706 3209 2825 3263 ideo
2874 3207 3079 3263 ridiculi
3108 3221 3310 3263 sutnus.
3357 3207 3549 3259 Annon
3591 3220 3734 3273 sa-pe

2156 3305 2261 3359 dixi
2296 3324 2309 3357 :
2345 3304 2707 3359 Exerceamur
2726 3316 2844 3355 cum
2867 3298 3178 3355 domesticis
3199 3306 3324 3352 ante
3346 3295 3735 3351 tentationem?

2157 3398 2429 3453 Adversus
2457 3410 2652 3467 pueros
2678 3410 2820 3464 stupe
2846 3392 2989 3447 domi
3013 3406 3397 3460 exasperamur
3426 3408 3439 3443 ι
3472 3389 3577 3443 illic
3604 3390 3736 3442 iram

2157 3491 2440 3554 sedemus,
2471 3498 2529 3542 ut
2560 3487 2646 3542 illa
2677 3486 2813 3557 apud
2840 3485 3041 3539 amicos
3068 3483 3322 3538 facilitate
3364 3482 3443 3536 nsi
3476 3496 3737 3550 apparea-

2158 3597 2300 3637 mus.
2343 3582 2399 3635 ln
2430 3580 2549 3635 aliis
2588 3594 2800 3649 quoque
2829 3577 3078 3631 omnibus
3107 3578 3150 3631 si
3183 3589 3561 3633 exercerentur
3583 3613 3598 3637 ,
3632 3588 3738 3627 non

2162 3678 2345 3746 utique
2376 3675 2427 3729 in
2459 3672 2844 3728 certaminibus
2874 3668 3083 3725 ridiculi
3103 3682 3369 3724 essemus.
3392 3666 3543 3721 Nunc
3561 3676 3740 3720 autem

2163 3784 2309 3823 arma
2340 3767 2554 3836 quidem
2582 3774 2742 3827 sunt,
2775 3761 3031 3818 exercitia
3067 3768 3121 3815 et
3159 3759 3333 3813 studia
3368 3760 3417 3812 itt
3449 3758 3652 3811 artibus
3681 3767 3737 3810 et

2163 3858 2581 3920 certaminibus;
2613 3855 2666 3908 itt
2694 3854 2890 3907 virtute
2921 3851 3160 3905 minime.
3202 3848 3317 3904 Non
3346 3849 3565 3902 auderet
3590 3847 3738 3917 agri-

2165 3949 2281 4005 cola
2310 3949 2517 4003 vineam
2539 3946 2775 4017 aggredi,
2805 3945 2905 3998 nisi
2931 3943 3075 4011 prius
3096 3950 3243 3995 recte
3272 3942 3322 3995 itt
3349 3941 3554 3994 cultura
3582 3954 3745 3993 exer-

2166 4042 2394 4105 citatus;
2424 4054 2596 4108 neque
2628 4038 2951 4107 gubernator
2991 4034 3057 4089 ad
3102 4032 3463 4103 gubernacula
3507 4030 3698 4086 sedere
3725 4071 3743 4091 ,

2170 4151 2275 4189 tton
2304 4142 2426 4188 ante
2454 4132 2617 4201 probe
2638 4129 2960 4185 exercitatus
2994 4145 3005 4179 :
3041 4142 3144 4180 non
3170 4140 3299 4179 vero
3341 4123 3599 4192 inexperti
3624 4138 3750 4177 cum

2171 4228 2375 4291 simus,
2420 4224 2620 4294 primas
2657 4232 2840 4277 tenere
2883 4219 3149 4274 volumus.
3199 4216 3481 4286 Oporteret
3525 4226 3702 4269 tacere
3730 4255 3748 4278 ,

2172 4327 2446 4390 oporteret
2488 4332 2607 4370 cum
2649 4315 2796 4368 nullo
2835 4311 3236 4366 communicare
3278 4309 3359 4362 vel
3404 4306 3619 4377 negotio
3667 4306 3750 4357 vel

2172 4427 2423 4471 sermone
2445 4454 2460 4478 ,
2484 4410 2657 4466 donec
2690 4422 2969 4478 possemus
2998 4404 3163 4459 feram
3192 4445 3207 4467 ,
3233 4418 3353 4472 qure
3380 4402 3431 4454 in
3465 4400 3617 4453 nobis
3646 4409 3751 4457 est.

2173 4513 2431 4568 cicurare.
2476 4506 2672 4562 Annon
2721 4503 2830 4556 fera
2866 4499 3012 4555 omni
3059 4497 3289 4552 ferocior
3332 4494 3615 4548 adversum
3657 4506 3755 4544 nus

2175 4609 2413 4673 pugnant
2453 4607 2506 4652 et
2550 4596 2697 4650 furor
2740 4603 2795 4649 et
2836 4587 3313 4659 concupiscentia?
3360 4584 3436 4640 Ne
3483 4585 3534 4637 itt
3580 4584 3755 4637 l'orutn

2179 4708 2370 4765 pergas
2403 4706 2521 4746 cum
2556 4689 2706 4742 hisce
2749 4685 2873 4739 feris
2893 4724 2907 4746 ,
2940 4683 3112 4735 donec
3142 4680 3245 4734 illis
3272 4677 3479 4733 frenum
3510 4689 3633 4744 apte
3661 4675 3762 4727 itit-

2180 4784 2411 4840 ntiseris.
2434 4782 2606 4834 donec
2647 4777 2765 4829 illas
2803 4771 3147 4827 cicuraveris.
3182 4768 3293 4823 Non
3324 4769 3472 4821 vides
3503 4767 3633 4819 istos
3665 4765 3760 4816 bo-

2180 4878 2375 4937 mines,
2394 4872 2482 4942 qui
2506 4875 2812 4924 mansuetos
2833 4865 3015 4918 leones
3034 4878 3125 4932 per
3142 4862 3309 4914 forum
3332 4857 3759 4918 circumducunt.

2182 4979 2438 5039 quantum
2464 4964 2738 5017 lucrentur
2765 4967 2819 5012 et
2848 4957 2898 5010 itt
2927 4954 3277 5010 admiratione
3298 4954 3406 5007 sint
3430 4993 3444 5014 ,
3474 4952 3597 5019 quia
3631 4950 3763 5002 irra-

2184 5058 2421 5116 tionabili
2468 5055 2596 5109 ferae
2643 5061 2843 5105 tantam
2889 5044 3352 5102 mansuetudinem
3399 5040 3685 5096 indidere?
3716 5041 3763 5094 si

2185 5166 2311 5205 vero
2341 5155 2563 5217 repente
2604 5143 2829 5197 ferociat
2859 5140 2945 5194 leo
2974 5179 2990 5203 ,
3034 5152 3223 5191 omnes
3252 5135 3341 5204 qui
3385 5134 3435 5187 in
3483 5132 3604 5186 foro
3641 5142 3769 5185 sunt

2185 5244 2370 5312 abigit,
2404 5248 2458 5293 et
2486 5237 2675 5293 ductor
2704 5233 2819 5301 ejus
2848 5230 3182 5300 periclitatur
3211 5268 3225 5293 ,
3256 5226 3480 5294 aliisque
3508 5222 3765 5292 perniciei

2186 5350 2342 5389 causa
2371 5347 2473 5387 est.
2506 5328 2572 5382 Et
2613 5337 2666 5381 tu
2694 5340 2822 5395 ergo
2850 5324 3058 5377 leonem
3093 5319 3240 5389 prius
3269 5317 3447 5372 cicura
3481 5356 3495 5376 ,
3532 5324 3771 5381 tuncque

2186 5424 2495 5483 circumduc
2522 5423 2669 5476 illum
2696 5437 2710 5483 ;
2741 5434 2845 5474 non
2878 5426 2936 5471 ut
2974 5414 3252 5485 pecuniam
3285 5410 3516 5477 accipias
3540 5450 3555 5473 ,
3588 5407 3683 5462 sed
3713 5418 3773 5460 ut

2189 5521 2392 5576 lucrum
2423 5514 2631 5572 referas
2656 5555 2670 5577 ,
2699 5511 2786 5566 cui
2817 5525 2911 5579 par
2940 5507 3145 5561 nullum
3177 5514 3282 5559 est.
3324 5502 3467 5558 Nihil
3501 5500 3643 5554 enim
3677 5514 3775 5566 par

2190 5624 2272 5669 est
2302 5605 2717 5668 mansuetudini,
2751 5618 2869 5673 qua:
2898 5607 2953 5653 et
2980 5595 3380 5668 possidentibus
3410 5603 3466 5647 et
3494 5590 3776 5645 utentibus

2193 5703 2481 5761 admodum
2509 5698 2654 5753 utilis
2684 5703 2788 5750 est.
2818 5693 2965 5747 llanc
2992 5687 3149 5757 igitur
3169 5696 3442 5742 sectentur
3468 5725 3482 5747 ,
3516 5691 3572 5735 ut
3602 5680 3775 5750 possi-

2200 5811 2320 5853 mus
2347 5800 2555 5848 vtrtutts
2584 5788 2722 5841 viam
2750 5792 2994 5840 accurate
3024 5780 3265 5847 emensi,
3291 5788 3491 5833 acterna
3516 5770 3775 5843 consequi
