4104 6148
277 313 387 369 219

276 430 435 486 ἄλλου
459 433 763 505 τεκμήριόν
788 434 1021 508 ἐστιν,ἢ
1067 437 1161 491 τοῦ
1207 436 1274 491 τά
1307 437 1550 512 ὑμέτερα
1602 439 1678 511 μὴ
1732 438 1938 509 σφόδρα

273 517 578 572 διακεῖσθαι
604 520 874 590 ἀκριϐῶς.

346 606 408 658 Τί
431 600 528 661 οὖν
558 607 625 663 ἂν
652 610 895 678 γένοιτο;
924 611 985 665 οὐ
1014 612 1122 684 γὰρ
1150 613 1402 683 ἐγκαλεῖν
1426 613 1508 668 δεῖ
1528 613 1710 686 μόνον.
1752 614 1938 683 Παρα-

273 694 424 747 καλῶ
452 696 548 751 καὶ
574 695 765 766 δέομαι
795 698 870 769 μὴ
890 699 1047 754 τοῦτο
1077 700 1241 771 μόνον
1266 701 1421 774 ὁρᾷν,
1456 703 1606 767 ὅπως
1627 704 1706 766 εἰς
1732 700 1934 769 ἐκκλη-

276 782 393 835 σίαν
417 783 749 855 ἐμϐάλλητε,
783 785 898 839 ἀλλ’
931 788 1079 852 ὅπως
1104 805 1159 842 τι
1177 791 1273 844 καὶ
1298 790 1556 854 λαϐόντες
1590 789 1775 843 οῐκαδε
1807 789 1944 843 ἀνα-

272 870 488 939 χωρῆτε
536 871 646 925 τῶν
684 872 902 927 οἰκείων
939 875 1230 946 φάρμακον
1279 876 1468 931 παθῶν
1488 916 1505 942 ,
1558 877 1661 932 κάν
1706 875 1788 951 μὴ
1814 874 1945 947 παρ’

272 955 452 1027 ήμῶν,
484 957 623 1011 ἀλλά
650 959 802 1030 παρὰ
845 959 955 1014 τῶν
1009 962 1240 1033 Γραφῶν
1302 963 1462 1036 ἔχητε
1511 964 1583 1019 τὰ
1631 964 1946 1035 κατάλληλα

275 1044 566 1116 φάρμακα.
594 1038 742 1110 Οίον,
767 1045 883 1101 ἐστι
912 1064 996 1111 τις
1025 1047 1285 1118 θυμικός;
1322 1051 1647 1123 Προσεχέτω
1672 1054 1794 1115 ταῖς
1836 1050 1947 1105 τῶν

272 1131 509 1202 Γραφῶν
538 1131 901 1202 ἀναγνώσεσι,
937 1135 1032 1188 καὶ
1057 1134 1273 1200 πάντως
1313 1138 1538 1209 εὑρήσει
1566 1138 1600 1208 ἦ
1649 1140 1708 1191 ἐν
1736 1138 1947 1210 ἱστορίᾳ

270 1218 306 1288 ἢ
336 1219 662 1289 παραινέσει
693 1235 709 1251 ο
732 1222 791 1273 ἐν
816 1222 1138 1292 παραινέσει
1162 1222 1283 1293 μὲν.
1310 1224 1438 1279 ὅταν
1468 1225 1715 1296 λέγηται,
1748 1225 1820 1280 'H
1837 1227 1945 1294 ρο-

270 1302 359 1371 πὴ
380 1303 490 1358 τοῦ
521 1304 712 1373 θυμοῦ
736 1307 924 1361 αὐτοῦ
948 1307 1177 1375 πτῶσις
1202 1308 1364 1375 αὐτῷ
1388 1326 1403 1342 ο
1455 1312 1570 1375 καὶ,
1621 1311 1800 1380 Ἀνὴρ
1842 1314 1946 1365 θυ-

265 1391 475 1460 μώδης
490 1393 603 1446 οὐκ
622 1393 967 1463 εὐσχήμων,
991 1396 1089 1449 καὶ
1145 1397 1247 1450 ὅσα
1292 1396 1517 1452 τοιαῦτα
1543 1415 1559 1431 ο
1615 1398 1711 1451 καὶ
1761 1397 1945 1463 πάλιν,

284 1478 467 1548 Ἀνὴρ
492 1481 861 1551 γλωσσώδης
903 1486 976 1537 οὐ
1004 1484 1554 1552 κατευθυνθήσεται
1575 1503 1589 1516 ·
1634 1486 1728 1539 καὶ
1751 1486 1781 1538 6
1815 1486 1949 1555 Χρι-

272 1565 402 1630 στὸς
432 1565 618 1629 πάλιν,
653 1566 715 1621 ’0
735 1567 1105 1639 ὀργιζόμενος
1131 1569 1212 1636 τῷ
1243 1567 1483 1640 ἀδελφῷ
1518 1572 1705 1628 αὐτοῦ
1762 1570 1896 1640 εικῆ
1928 1589 1944 1603 ·

271 1653 368 1707 καὶ
385 1654 555 1708 πάλιν
580 1657 610 1709 6
637 1659 940 1728 προφήτης,
966 1658 1309 1728 Ὀργίζεσθε,
1335 1659 1537 1730 καὶμὴ
1554 1660 1942 1729 ἀμαρτάνετε’

268 1742 386 1805 καὶ,
430 1743 889 1812 Ἐπικατάρατος
908 1747 942 1799 ὁ
967 1745 1152 1814 θυμὸς
1172 1746 1390 1813 αὐτῶν,
1427 1747 1519 1802 ὅτι
1547 1746 1831 1814 αὐθάδης.
1854 1748 1946 1800 Ἐν

270 1828 329 1885 δὲ
366 1830 658 1903 ἱστορίαις,
690 1826 802 1885 οἷον
840 1832 970 1887 ὅταν
998 1833 1204 1906 ἀκούῃς
1235 1834 1327 1888 τὸν
1353 1835 1555 1906 Φαραὼ
1596 1835 1796 1907 πολλῆς
1847 1837 1947 1905 ἐμ-

234 1933 243 1939 “
273 1917 667 1989 πεπλησμένον
693 1919 887 1991 ὀργῆς,
917 1921 1012 1974 καὶ
1050 1921 1142 1974 τὸν
1173 1922 1488 1992 Ἀσσύριον,
1524 1927 1619 1978 καὶ
1648 1924 1738 1977 διὰ
1789 1922 1947 1976 τοῦτο

271 2005 704 2076 ἀπολλυμένους.
754 2007 924 2061 Πάλιν
950 2007 1067 2061 ἐστι
1126 2026 1210 2072 τις
1246 2008 1554 2081 ἡττώμενος
1602 2010 1941 2081 χρημάτων;

272 2093 542 2160 ἀκουέτω,
558 2095 1045 2165 ὅτινφιλαργύρου
1085 2096 1269 2151 οὐδὲν
1301 2097 1674 2167 ἀνομώτερον
1698 2115 1713 2129 ’
1770 2094 1951 2165 οὗτος

232 2240 241 2247 _
275 2182 381 2255 γὰρ
407 2183 513 2237 καὶ
546 2183 667 2252 τὴν
693 2184 907 2255 ψυχὴν
937 2186 1124 2240 αὑτοῦ
1165 2199 1192 2227 ει
1225 2186 1567 2255 ἔκπρακτον
1599 2186 1760 2240 ποιεῖ
1780 2203 1794 2217 ο
1854 2189 1948 2241 καὶ

271 2270 364 2323 τοῦ
394 2271 640 2343 Χριστοῦ
669 2272 937 2340 λέγοντος,
959 2276 1042 2327 Οὐ
1064 2272 1329 2329 δύνασθε
1364 2273 1485 2339 Θεῷ
1514 2273 1831 2328 δουλεύειν
1849 2274 1947 2328 καὶ

272 2353 527 2423 μαμωνᾷ
551 2372 566 2386 ο
600 2356 697 2409 καὶ
722 2354 816 2408 τοῦ
857 2356 1209 2420 Ἀποστόλου,
1241 2356 1370 2410 "Ott
1393 2355 1527 2425 ῥίζα
1556 2357 1798 2410 πάντων
1830 2356 1951 2409 τῶν

273 2435 481 2490 κακῶν
505 2436 679 2491 ἐστιν
696 2438 736 2507 ἠ
763 2439 1125 2509 φιλαργυρία
1143 2457 1157 2470 σ
1187 2438 1398 2493 καὶτοῦ
1433 2440 1731 2509 προφήτου,
1758 2439 1950 2493 Πλοῦ-

272 2535 374 2585 τος
434 2519 553 2573 ἐὰν
590 2519 723 2589 ῥέῃ,
773 2520 861 2590 μὴ
918 2522 1317 2591 προστίθεσθε
1348 2521 1625 2589 καρδίαν,
1652 2521 1950 2576 καὶπολλὰ

272 2607 437 2679 ἕτερα
464 2607 715 2664 τοιαῦτα.
744 2610 854 2663 Καὶ
886 2611 993 2664 ἀπὸ
1020 2610 1270 2681 ἱστοριῶν
1291 2611 1383 2664 τὸν
1401 2610 1583 2680 Γιεζῆ,
1616 2610 1707 2663 τὸν
1724 2609 1947 2674 Ἰούδαν,

273 2696 399 2756 τούς
435 2695 709 2765 ἄρχοντας
729 2694 840 2749 τῶν
874 2696 1276 2768 Γραμματέων,
1308 2697 1403 2750 καὶ
1447 2697 1529 2750 ὅτι
1578 2695 1743 2765 Δῶρα
1782 2698 1953 2751 ἐκτυ-

274 2779 421 2848 φλοῖ
446 2781 801 2850 ὀφθαλμοὺς
831 2782 1062 2851 σοφῶν.
1100 2783 1293 2848 Ἄλλος
1357 2784 1508 2838 ἐστὶν
1564 2784 1949 2856 ὑπερήφανος;

287 2867 586 2930 Ἀκουέτω,
627 2870 710 2923 ὅτι
749 2870 1187 2940 Ὑπερηφὰνοις
1237 2871 1660 2927 ἀντιτάσσεται
1696 2875 1729 2926 ό
1763 2872 1906 2937 Θεός
1934 2888 1948 2902 ·

276 2954 390 3014 καὶ,
414 2952 603 3021 Ἀρχὴ
634 2955 1053 3023 ὑπερηφανίας
1080 2955 1336 3024 ἁμαρτία
1353 2971 1370 2986 ο
1397 2954 1515 3019 καὶ,
1561 2953 1688 3021 Πᾶς
1729 2958 1953 3024 {4971.10-

276 3038 531 3106 κάρδιος
558 3038 888 3108 ἀκάθαρτος
916 3041 1076 3111 παρὰ
1107 3043 1316 3110 Κυρίῳ.
1347 3042 1458 3096 Καὶ
1487 3044 1543 3096 ἐν
1566 3042 1829 3114 ἱστορίαις
1861 3042 1952 3096 τὸν

276 3126 553 3191 διάϐολον,
579 3128 671 3181 καὶ
704 3129 827 3193 τοὺς
858 3129 1050 3193 ἄλλους
1079 3129 1345 3193 ἅπαντας.
1398 3130 1506 3183 Καὶ
1548 3130 1684 3193 ὅλως
1728 3129 1811 3202 (οὐ
1842 3132 1952 3202 γὰρ

278 3213 362 3269 ενι
385 3214 571 3269 πάντα
595 3216 933 3289 καταλέγειν)
961 3216 1195 3284 ἕκαστος
1228 3217 1337 3273 τῶν
1369 3219 1585 3273 οἰκείων
1627 3219 1953 3292 τραυμάτων

277 3303 349 3356 τὰ
378 3303 653 3376 φάρμακα
676 3306 782 3359 ἀπὸ
798 3306 909 3359 τῶν
935 3305 1095 3361 θείων
1130 3307 1362 3379 Γραφῶν
1388 3308 1661 3377 ἐκλεγέτω
1682 3325 1695 3340 ’
1728 3308 1829 3361 κᾶν
1877 3309 1953 3380 μὴ

279 3391 341 3445 τὸ
370 3392 520 3456 ὅλον,
546 3393 710 3463 μέρος
729 3393 860 3461 γοῦν
881 3395 1143 3466 τήμερον,
1169 3396 1259 3448 καὶ
1284 3395 1450 3466 μέρος
1474 3395 1686 3468 αῦριον,
1728 3391 1849 3450 εἶτα
1893 3397 1955 3451 τὸ

280 3478 401 3533 ὅλον
417 3478 782 3549 ἀπονίψασθε.
811 3482 923 3535 Καὶ
954 3482 1088 3554 περὶ
1126 3481 1415 3552 μετανοίας
1436 3482 1513 3543 δὲ.
1536 3484 1631 3537 καὶ
1660 3483 1789 3555 περὶ
1835 3484 1956 3549 ἐξο-

286 3566 656 3636 μολογήσεως,
713 3566 967 3639 καὶπερὶ
1017 3568 1405 3638 ἐλεημοσύνης,
1458 3570 1558 3623 καὶ
1609 3570 1738 3642 περὶ
1785 3572 1957 3623 ἐπιει-

283 3658 455 3722 κείας,
523 3656 777 3728 καὶπερὶ
837 3656 1211 3728 σωφροσύνης,
1260 3659 1355 3712 καὶ
1403 3659 1532 3732 περὶ
1588 3661 1808 3715 πάντων
1860 3661 1954 3713 εὐ-

288 3747 439 3816 ρήσει
467 3744 645 3798 πολλά
673 3745 1111 3816 παραδείγματα.
1175 3746 1368 3801 Ταῦτα
1398 3747 1506 3816 γὰρ
1529 3747 1728 3801 πάντα
1779 3746 1955 3818 ὲγράα

284 3849 365 3900 φη
386 3833 544 3900 πρὸς
559 3835 886 3886 νουθεσίαν
912 3831 1100 3903 ἡμῶν,
1134 3833 1320 3902 φησίν.
1370 3834 1433 3886 Εἰ
1461 3833 1643 3887 τοίνυν
1670 3834 1805 3905 πρὸς
1834 3852 1959 3887 νου-

286 3918 469 3973 θεσίαν
493 3917 659 3989 ἡμῶν
683 3918 814 3990 περὶ
855 3918 1073 3973 πάντων
1105 3919 1436 3988 διαλέγεται,
1474 3920 1832 3992 προσέχωμεν
1880 3922 1958 3987 ὡς

286 4002 362 4056 δεῖ
391 4005 715 4075 προσέχειν.
754 4004 821 4057 Τί
875 4005 1053 4076 μάτην
1101 4007 1327 4071 ἑαυτοὺς
1368 4007 1705 4078 ἀπατῶμενς
1754 4009 1957 4063 Φοϐοῦ-

291 4106 385 4159 μαι
418 4091 470 4155 ιι,
506 4092 588 4162 μὴ
621 4090 718 4145 καὶ
752 4090 882 4162 περὶ
904 4092 1061 4163 ήμῶν
1085 4092 1214 4166 εἴπῃ
1247 4110 1352 4158 τις,
1386 4093 1472 4147 ὅτι
1541 4094 1857 4159 Ἐξέλιπον
1888 4096 1959 4149 ἐν

283 4178 633 4245 ματαιότητι
659 4180 719 4232 αἱ
740 4179 951 4248 ἡμέραι
990 4178 1176 4249 ἡμῶν,
1223 4180 1321 4233 καὶ
1356 4180 1429 4235 τὰ
1457 4182 1560 4247 ἔτη
1595 4180 1767 4248 ἡμῶν
1805 4183 1959 4252 μετά

288 4264 593 4332 σπουδῆς.
616 4263 712 4327 Τίς
739 4264 953 4318 ἀκούων
985 4264 1145 4335 ήμῶν
1173 4264 1385 4336 ἀπέστη
1409 4264 1687 4337 θεάτρων;
1715 4266 1798 4330 τίς
1823 4268 1960 4322 ἀπέ-

292 4366 390 4420 στη
401 4349 742 4415 πλεονεξίας;
760 4352 843 4414 τίς
866 4352 1270 4424 προθυμότερος
1305 4353 1495 4423 γέγονε
1512 4371 1575 4407 πε
1583 4354 1639 4424 pl
1656 4354 1783 4424 ἐλεη
1791 4356 1960 4425 μοσύ-

293 4454 426 4507 νην;
464 4438 802 4509 Ἐϐουλόμην
821 4438 1036 4508 μαθεῖν,
1068 4438 1190 4508 οὐχὶ
1240 4438 1545 4504 κενοδοξίας
1569 4440 1780 4506 ἕνεκεν,
1842 4440 1959 4495 ἀλλ’

295 4524 431 4580 ὥστε
452 4525 713 4595 γενέσθαι
744 4525 1172 4598 προθυμότερος,
1200 4526 1451 4597 λαμπρὸν
1473 4526 1600 4579 ὄντα
1627 4526 1721 4580 τὸν
1751 4528 1961 4598 καρπὸν

296 4612 401 4666 τῶν
423 4614 607 4668 πόνων
635 4612 798 4685 ὁρῶν.
836 4613 951 4667 Νῦν
975 4614 1033 4667 δὲ
1057 4613 1173 4677 πῶς
1195 4613 1404 4685 ἅψομαι
1427 4614 1527 4684 τῆς
1554 4614 1838 4684 ἐργασίας,
1866 4631 1959 4668 το-

300 4701 517 4765 σούτους
542 4700 646 4771 μὲν
667 4701 856 4766 ὐετούς
879 4702 1022 4775 ὁρῶν
1045 4703 1525 4773 καταφερομένους
1565 4703 1666 4774 τῆς
1709 4703 1962 4758 διδασκα-

299 4787 435 4851 λίας,
467 4787 617 4841 τάδέ
648 4787 775 4860 λήῖα
802 4791 936 4859 ήμῖν
967 4790 1063 4843 ἐπὶ
1093 4788 1188 4843 τοῦ
1236 4788 1403 4843 αὐτοῦ
1453 4789 1653 4861 μέτρου
1712 4791 1960 4862 μένοντα,

300 4875 390 4927 καὶ
418 4875 576 4929 οὐδὲν
615 4874 947 4948 ὑψηλότερον
976 4877 1045 4930 τὰ
1066 4878 1384 4951 γεννήματα
1414 4877 1715 4948 γενόμενα;
1760 4879 1964 4934 Λοιπὸν

298 4961 328 5013 6
349 4960 447 5030 τῆς
464 4960 582 5015 ἀλω
615 4962 808 5033 καιρὸς
832 4962 1151 5034 ἐφέστηκεν,
1185 4966 1214 5017 6
1239 4964 1302 5017 τὸ
1324 4963 1493 5018 πτύον
1514 4962 1674 5035 ἔχων.
1714 4964 1960 5031 Δέδοικα,

304 5047 377 5116 μὴ
423 5048 488 5101 τὸ
539 5049 650 5103 πᾶν
686 5046 941 5124 χόρτος
973 5066 989 5082 ’
1018 5049 1254 5115 δέδοικα,
1291 5051 1365 5123 μὴ
1412 5051 1550 5121 πρὸς
1586 5053 1687 5123 τὴν
1731 5053 1963 5124 κάμινον

301 5133 692 5207 ἀπενεχθῶμεν
729 5137 989 5202 ἅπαντες.
1027 5138 1280 5208 Παρῆλθε
1319 5139 1497 5211 θέρος,
1541 5136 1673 5212 ἦλθε
1708 5141 1960 5213 χειμῶν’

304 5222 586 5292 καθήμεθα
609 5223 706 5277 καὶ
728 5224 839 5279 νέοι
864 5225 957 5279 καὶ
984 5224 1239 5296 γέροντες
1258 5228 1368 5290 τοῖς
1385 5227 1603 5289 οἰκείοις
1615 5230 1963 5299 ἁλισκόμενοι

306 5304 676 5384 [252]πάθεσι.
697 5312 789 5384 Μή
807 5330 902 5383 μοι
932 5312 1113 5384 εἴπῃς,
1146 5313 1317 5367 ὅτιού
1342 5314 1610 5385 πορνεύω.
1626 5318 1691 5371 Τί
1712 5317 1821 5389 γὰρ
1837 5319 1966 5387 δφε-

306 5396 411 5465 λος,
465 5398 535 5453 ἀν
595 5400 671 5469 μὴ
731 5400 1003 5473 πορνεύῃς
1056 5401 1177 5470 μὲν,
1230 5401 1635 5473 φιλοχρήματος
1673 5404 1731 5458 δέ
1762 5401 1867 5478 ᾖςς
1903 5408 1963 5461 Ὅ

308 5482 563 5551 στρουθὸς
588 5483 692 5539 κᾶν
725 5484 802 5557 μή
824 5485 1103 5549 ἐκπαντὸς
1134 5484 1357 5556 μέρους,
1389 5487 1503 5539 ἀλλ’
1532 5487 1640 5541 ἀπὸ
1672 5488 1767 5542 τοῦ
1805 5491 1965 5555 ποδὸς

305 5568 603 5640 κατέχηται
637 5571 820 5642 μόνον,
844 5573 939 5627 καὶ
962 5570 1136 5636 οὕτως
1159 5571 1426 5636 ἀπόλωλε,
1461 5572 1554 5627 καὶ
1584 5575 1642 5627 ἐν
1674 5577 1740 5646 τῇ
1779 5577 1963 5646 παγίδι

308 5651 525 5724 ἕστηκε,
562 5659 657 5712 καὶ
685 5659 793 5712 τῶν
814 5659 1028 5732 πτερῶν
1055 5658 1245 5729 ὄφελος
1269 5660 1444 5727 οὐδὲν,
1468 5660 1564 5714 τοῦ
1594 5663 1754 5727 ποδὸς
1796 5681 1963 5718 κατε-

311 5743 555 5813 χομένου.
589 5747 744 5802 Οὕτω
760 5749 853 5802 καὶ
887 5749 974 5817 σύ,
1021 5749 1122 5821 οὐχ
1160 5749 1333 5815 ἑάλως
1382 5749 1472 5804 διά
1518 5751 1803 5824 πορνείας,
1845 5752 1964 5807 ἀλλ’

373 5893 399 5961 ξ
451 5894 558 5968 Sic.
579 5900 719 5968 ιτεε.-
743 5912 889 5968 mssa!
937 5900 1104 5968 Μοηὶῑ.
1135 5900 1584 5968 ἔμπρακτινμιιειε.
1613 5901 1748 5954 Εοιτ.
1813 5901 1843 5945 ιι
1865 5904 1962 5952 Φο-

320 5952 487 6006 ίθίνιι
529 5957 671 6005 deest
705 5962 754 6007 in
791 5952 1077 6012 mvihusdam
1110 5952 1225 6011 aliis.

1394 320 1461 376 IN
1498 321 1680 377 ACTA
1708 316 2242 377 APOSTOLORUM.
2284 322 2517 383 HOMIL.
2557 326 2751 383 XXIX.

2042 439 2962 535 ἑάλως-διαφιλαργυρίας*Αέάλως
2999 449 3180 518 μέντοι
3203 466 3218 483 '
3245 452 3305 507 τὸ
3340 453 3396 509 δὲ
3438 456 3712 535 ζητούμε-

2040 544 2151 592 νον,
2183 529 2243 581 οὐ
2267 529 2382 594 πῶς
2408 530 2603 614 έάλως,
2625 532 2742 587 ἀλλ’
2762 533 2845 587 ὅτι
2875 535 3064 600 ἑάλως.
3092 538 3184 609 Μὴ
3196 537 3401 609 λεγέτω
3419 544 3448 598 6
3467 529 3711 614 véog,‘au

2049 615 2164 669 Οὐκ
2193 617 2312 686 είμί
2345 613 2754 691 φιλοχρήματος
2779 636 2795 658 ο
2851 620 2966 675 ἀλλ’
3001 624 3131 689 ἴσως
3168 628 3470 700 πορνεύεις.
3503 613 3615 689 Kal
3659 635 3713 689 τί

2043 702 2109 793 τὸ
2127 702 2318 773 δφελος
2348 705 2511 762 πάλιν
2535 723 2551 774 ;
2581 708 2703 762 οὐδὲ
2726 709 2837 782 γὰρ
2856 709 3080 765 δυνατὸν
3101 713 3279 770 πάντα
3298 718 3370 773 τὰ
3396 720 3547 793 πάθη
3569 724 3719 779 κατὰ

2048 790 2177 861 μίαν
2196 794 2229 864 ὴ
2239 796 2331 863 μίν
2360 794 2576 865 ἠλικίαν
2600 797 2911 868 ἐπιστῆναι,
2944 798 3079 853 ἀλλά
3112 800 3414 874 διώρισται,
3438 790 3713 865 καὶτοῦτο

2042 877 2132 933 διὰ
2153 879 2254 950 τὴν
2280 879 2375 934 τοῦ
2407 880 2543 935 Θεοῦ
2570 882 2999 955 φιλανθρωπίαν,
3018 886 3157 941 ὥστε
3185 890 3261 960 μὴ
3277 891 3488 964 ἀθρόως
3537 898 3715 955 ἐπιτε.

2047 968 2208 1060 θέντα
2260 971 2537 1042 ἀχείρωτα
2578 973 2856 1043 γενέσθαι,
2902 977 2998 1030 καὶ
3053 977 3436 1054 χαλεπωτέραν
3454 987 3584 1056 ἡμῖν
3613 988 3719 1060 τὴν

2046 1058 2183 1131 πρὸς
2199 1059 2339 1114 αὐτά
2364 1059 2542 1133 πάλην
2567 1064 2925 1135 καταστῆναι.
2942 1065 3124 1137 Πόσης
3144 1066 3241 1121 οὐκ
3265 1068 3331 1123 ἂν
3352 1071 3438 1140 εἴη
3462 1058 3727 1140 νωθείας,.

2049 1147 2184 1217 μηδέ
2212 1146 2559 1221 διῃρημένων
2582 1149 2845 1206 δύνασθαι
2893 1156 3119 1225 κρατεῖν
3159 1154 3275 1209 τῶν.
3327 1159 3541 1224 παθῶν,
3573 1162 3716 1217 ἀλλὰ

2045 1234 2168 1288 καθ’
2201 1235 2429 1289 ἕκαστον
2454 1238 2718 1307 ἡττᾶσθαι
2739 1241 2949 1311 καιρὸν,
2968 1243 3060 1296 καὶ
3091 1242 3235 1313 μέγα
3259 1250 3475 1316 φρονεῖν
3487 1249 3580 1303 ἐπὶ
3601 1251 3721 1305 τού-

2044 1337 2159 1409 τοις
2175 1327 2290 1409 τοῖς
2310 1326 2411 1380 οὐκ
2429 1328 2494 1380 ἐκ
2524 1327 2622 1397 τῆς
2643 1327 2920 1398 ἡμετέρας
2937 1330 3196 1403 σπουδῆς,
3212 1332 3327 1387 ἀλλ’
3351 1334 3414 1401 ἐξ
3437 1336 3607 1408 αὐτῆς
3618 1340 3718 1409 τῆς

2046 1406 2261 1477 ἡλικίας
2286 1410 2727 1481 κοιμιζομένοιςς
2772 1412 2886 1483 Οὐχ
2912 1414 3077 1484 ὁρᾶτε
3106 1415 3233 1479 τοὺς
3261 1417 3546 1489 ἡνιόχους,
3564 1406 3716 1494 πόσῃ

2047 1493 2303 1566 ἀκριϐείᾳ
2319 1495 2415 1548 καὶ
2434 1495 2710 1567 γυμνασίᾳ
2724 1497 2820 1549 καλ⁵
2850 1497 3033 1562 πόνοις
3047 1499 3364 1572 κέχρηνται,
3392 1505 3487 1557 καὶ
3503 1505 3717 1571 σιτίοις,

2046 1582 2273 1645 καὶτοῖς
2296 1583 2475 1648 ἄλλοις
2500 1583 2724 1650 ἀπασιν,
2757 1586 2899 1640 ὥστε
2923 1588 2999 1658 μὴ
3014 1589 3458 1661 καταϐληθέντας
3484 1593 3594 1648 ἀπὸ
3606 1595 3721 1649 τῶν

2046 1668 2308 1758 ἁρμάτων
2341 1669 2645 1741 σύρεσθαι;
2685 1672 2834 1742 Ὅρα
2865 1674 2991 1729 ὅσον
3019 1676 3139 1730 ἐστὶ
3167 1678 3354 1750 τέχνη.
3404 1680 3571 1752 Ἀνὴρ
3614 1682 3717 1758 μᾷν

2045 1755 2155 1829 γὰρ
2176 1758 2419 1829 ἀνδρεῖος
2443 1759 2544 1812 οὐκ
2584 1759 2652 1814 ἂν
2677 1760 2796 1824 ἐνὸς
2837 1761 3005 1816 ἵππου
3045 1763 3305 1830 πολλάκις
3341 1755 3681 1839 περιγένοιτο
3699 1788 3714 1804 ο

2050 1845 2404 1916 μειρακίσκος
2430 1845 2487 1900 δὲ
2516 1849 2582 1918 τῇ
2625 1847 2795 1919 τέχνῃ
2845 1849 3107 1914 πολλάκις
3150 1851 3277 1916 τοὺς
3320 1854 3414 1908 δύο
3455 1856 3718 1923 ἀναδεξά-

2051 1949 2233 2003 μενος,
2258 1932 2379 2001 ἀγει
2406 1934 2644 1999 εὐκόλως
2665 1935 2955 2007 καὶφέρει.
2979 1938 3092 1991 Καὶ
3111 1939 3170 1992 ἐν
3195 1939 3377 2005 Ἰνδοῖς
3406 1942 3464 1996 δὲ
3488 1943 3548 1997 τὸ
3576 1946 3722 2015 μέγα

2048 2018 2236 2091 θηρίον
2265 2020 2357 2074 καὶ
2387 2020 2614 2093 φοϐερὸν
2641 2022 2753 2077 τῶν
2791 2022 3099 2094 ἐλεφάντων
3141 2025 3357 2095 λέγεται
3405 2030 3499 2083 καὶ
3558 2031 3722 2085 δεκα-

2049 2103 2336 2156 πενταέτει
2366 2102 2519 2157 παιδὶ
2546 2107 2790 2175 γεγονότι
2815 2106 2953 2177 μετά
2976 2107 3179 2180 πολλῆς
3205 2108 3382 2164 εἴκειν
3393 2114 3494 2182 τῆς
3512 2111 3721 2185 προθυ-

2052 2189 2199 2258 μίας.
2230 2190 2295 2243 Τί
2321 2190 2385 2260 δὴ
2407 2190 2584 2246 ταῦτά
2622 2210 2711 2263 μοι
2740 2192 2992 2266 εἴρηταις
3034 2194 3156 2248 Ὅτι
3190 2196 3241 2249 εἰ
3283 2195 3581 2268 ἐλέφαντας
3628 2199 3725 2254 καὶ

2048 2277 2247 2340 ἵππους
2270 2278 2493 2349 ἀγρίους
2543 2279 2786 2351 ἄγχομεν
2838 2282 3251 2347 σπουδάζοντες,
3298 2284 3477 2356 πολλῷ
3520 2285 3733 2356 μᾶλλον

2046 2362 2117 2416 τά
2148 2364 2293 2435 πάθη
2333 2365 2400 2420 τὰ
2426 2367 2484 2419 ἐν
2519 2367 2673 2437 ἡμῖν.
2732 2366 2902 2421 Πόθεν
2944 2368 3252 2440 ἐκλυόμεθα
3290 2370 3581 2436 διαπαντὸς
3625 2371 3727 2427 τοῦ

2050 2453 2165 2524 βίου
2192 2472 2210 2521 ;
2233 2455 2499 2511 Οὐδέποτε
2529 2456 2628 2528 τὴν
2656 2456 2854 2530 τέχνην
2901 2458 3312 2531 ἐμελετήσαμεν
3350 2458 3555 2533 ταύτην
3575 2478 3589 2491 ·
3632 2462 3724 2515 οὐ·

2047 2542 2236 2596 δέποτε
2260 2544 2320 2597 ἐν
2347 2543 2525 2616 καιρῷ
2558 2545 2754 2616 σχολῆς
2782 2545 2883 2600 οὐκ
2904 2546 3056 2611 δντος
3079 2546 3174 2601 τοῦ
3207 2548 3418 2617 ἀγῶνος
3446 2548 3724 2620 διελέχθη-

2052 2648 2152 2702 μεν
2181 2632 2317 2703 πρὸς
2337 2633 2561 2698 ἐαυτούς
2586 2651 2641 2687 τι
2660 2634 2770 2688 τῶν
2799 2635 3106 2707 χρησίμων.
3132 2636 3267 2690 Τότε
3296 2637 3445 2707 ἡμᾶς
3485 2638 3580 2691 ἐπὶ
3626 2636 3730 2713 τοῦ

2048 2718 2298 2791 ἅρματος
2329 2720 2570 2785 ἑστῶτας
2601 2731 2625 2761 α
2661 2720 2763 2776 ίδοι
2794 2739 2877 2786 τις
2900 2722 2986 2787 ἂν,
3018 2724 3109 2776 ὅτε
3155 2725 3185 2777 6
3225 2723 3375 2792 ἀγών
3405 2724 3734 2795 παραγένηιι

2049 2824 2160 2861 ται.
2184 2808 2285 2862 Διά
2312 2825 2395 2861 τοι
2408 2808 2570 2862 τοῦτο
2592 2808 2989 2878 καταγέλαστοί
3020 2812 3209 2881 ἐσμεν.
3235 2813 3349 2865 Οὐκ
3376 2809 3529 2866 εἷπον
3586 2813 3728 2866 πολ-

2050 2894 2229 2959 λάκις,
2257 2894 2666 2967 γυμναζώμεθα
2682 2896 2819 2968 πρὸς
2846 2898 2972 2960 τοὺς
2998 2898 3233 2963 οἰκείους
3266 2900 3373 2971 πρὸ
3404 2899 3498 2953 τοῦ
3529 2918 3724 2972 πειρα-

2053 2982 2226 3052 σμοῦ;
2258 2983 2401 3053 Πρὸς
2425 2984 2551 3048 τοὺς
2574 2983 2767 3047 παῖδας
2789 2984 2881 3037 ἐπὶ
2906 2983 3008 3053 τῆς
3036 2984 3214 3049 οἰκίας
3259 2986 3518 3051 πολλάκις
3551 3003 3724 3059 παρο-

2051 3069 2319 3141 ξυνόμεθα
2334 3088 2349 3102 ·
2384 3071 2702 3142 κατέχωμεν
2723 3072 2840 3125 ἐκεῖ
2864 3071 2955 3125 τὸν
2975 3072 3164 3143 θυμὸν,
3188 3074 3278 3127 ἴνα
3307 3074 3545 3138 εὐκόλως
3562 3075 3719 3146 αὐτῷ

2050 3158 2143 3211 ἐπὶ
2195 3158 2303 3210 τῶν
2358 3158 2526 3226 φίλων
2566 3159 2896 3232 κεχρημένοι
2944 3161 3284 3233 φαινώμεθα.
3320 3162 3430 3216 Καὶ
3468 3164 3561 3216 ἐπὶ¹
3611 3162 3725 3218 τῶν

2050 3245 2226 3302 ἄλλων
2251 3245 2504 3302 ἁπάντων
2533 3249 2582 3302 εἰ
2604 3248 3046 3319 ἐγυμναζόμεθα,
3072 3250 3173 3303 οὐκ
3198 3249 3265 3304 ἂν
3292 3251 3351 3304 ἐν
3376 3252 3489 3315 τοῖς
3514 3251 3723 3320 ἀγῶσιν

2049 3332 2194 3408 ἦμεν
2238 3336 2655 3405 καταγέλαστοι.
2702 3336 2818 3390 Νῦν
2872 3337 2930 3390 δὲ
2965 3337 3106 3391 ὅπλα
3148 3339 3248 3409 μὲν
3270 3338 3381 3392 τῶν
3410 3338 3583 3394 ἀλλων
3622 3340 3720 3392 καὶ

2052 3420 2329 3491 γυμνάσια
2354 3417 2449 3473 καὶ
2487 3419 2707 3489 μελέται
2732 3421 2861 3486 εἰσὶ,
2886 3421 2981 3474 καὶ
3021 3421 3227 3491 τεχνῶν
3278 3423 3375 3475 καὶ¹
3416 3421 3748 3491 παλαισμάα-

2052 3523 2162 3560 των
2189 3520 2204 3537 ⁸
2237 3506 2438 3578 ἀρετῆς
2467 3506 2526 3560 δέ
2552 3506 2811 3577 οὐδαμοῦ.
2844 3508 2959 3562 Οὐκ
2978 3507 3045 3562 ἂν
3075 3508 3400 3580 τολμήσειεν
3428 3508 3737 3580 δγεωργὸς.

2054 3594 2298 3664 ἀμπέλου
2335 3594 2595 3664 ἅψασθαι,
2640 3595 2715 3667 μὴ
2762 3596 3028 3667 πρότερον
3069 3595 3251 3659 καλῶς
3281 3596 3616 3665 γυμνασθεὶς
3654 3598 3722 3651 τά

2053 3679 2337 3750 γεωργικά
2366 3695 2379 3709 ⁸
2410 3680 2532 3733 οὐδὲ
2553 3681 2581 3734 6
2612 3679 2951 3752 κυϐερνήτης
2976 3681 3068 3734 ἐπὶ
3103 3680 3214 3733 τῶν
3235 3680 3436 3734 οἰάκων
3478 3680 3721 3740 καθίσαι,

2059 3767 2134 3838 μὴ
2157 3766 2419 3838 πρότερον
2446 3768 2931 3839 ἐγγυμνασάμενος
2967 3766 3152 3832 καλῶς
3179 3783 3195 3798 ·
3226 3768 3389 3839 ἡμεῖς
3415 3767 3475 3821 δέ
3522 3767 3724 3839 ἀμελέ-

2055 3871 2206 3925 τητοι
2241 3853 2419 3929 πάντῃ
2450 3855 2828 3926 τυγχάνοντες,
2854 3854 2924 3909 τὰ
2948 3858 3191 3927 πρωτεῖα
3223 3854 3369 3926 ἔχειν
3400 3853 3722 3926 βουλόμεθα.

2068 3943 2264 4014 Ἐχρῆν
2290 3944 2467 4015 σιγᾷν,
2491 3943 2657 4014 ἐχρῆν
2687 3943 2874 4014 μηδενὶ⁵
2900 3945 3178 3998 κοινωνεῖν
3201 3943 3543 4014 πραγμάτων
3589 3940 3724 4012 μηδὲ

2056 4030 2337 4103 ῥημάτων,
2367 4030 2471 4093 ἓως
2500 4029 2567 4084 ἀν
2598 4030 2942 4101 ἠδυνήθημεν
2970 4030 3031 4084 τὸ
3051 4029 3237 4102 θηρίον
3263 4028 3551 4101 ἡμερῶσαι
3583 4027 3644 4081 τὸ
3666 4030 3728 4082 ἐν

2056 4120 2205 4188 ἡμῖν.
2278 4117 2349 4169 Ἦ
2399 4116 2518 4187 οὐχὶ
2571 4116 2759 4189 θηρίου
2804 4117 3003 4180 παντὸς
3035 4115 3410 4187 χαλεπώτερον
3466 4118 3730 4185 ἐπιστρα-

2056 4205 2271 4258 τεύεται
2302 4206 2434 4274 ἡμῖν
2458 4205 2551 4256 καὶ
2574 4203 2745 4273 θυμὸς
2772 4203 3196 4273 καῖ-ἐπιθυμίας
3236 4202 3328 4274 Μὴ
3369 4202 3613 4274 ἐμϐάλῃς
3645 4204 3725 4264 εἰς

2056 4291 2263 4362 ἀγορὰν
2297 4291 2436 4359 μετά
2459 4291 2665 4342 τούτων
2683 4290 2792 4343 τῶν
2819 4289 3042 4360 θηρίων,
3068 4289 3171 4352 ἕως
3191 4289 3257 4343 ἂν
3282 4289 3465 4353 αὐτοῖς
3495 4288 3730 4362 περιθῇς

2058 4378 2239 4443 καλῶς
2265 4378 2357 4431 τὸν
2389 4376 2626 4447 χαλινὸν,
2658 4377 2765 4440 ἕως
2801 4376 2867 4430 ἀν
2889 4377 3030 4430 αὐτὰ
3055 4375 3436 4447 τιθασσεύσῃς,
3468 4376 3564 4430 καὶ
3607 4393 3725 4446 χει-

2063 4468 2230 4540 ροήΟη
2263 4466 2700 4538 κατασκευάσῃς.
2725 4468 2837 4538 Οὐχ
2862 4467 2998 4538 ὁρᾷς
3026 4466 3247 4530 τούτους
3273 4467 3400 4530 τοὺς
3436 4465 3727 4536 περιάγον-

2058 4575 2156 4620 τας
2180 4557 2307 4620 τοὺς
2329 4554 2725 4629 ήμέρουςβὸὂ]
2748 4555 2964 4619 λέοντας
2990 4556 3083 4608 ἐπί
3110 4556 3210 4626 τῆς
3237 4555 3464 4625 ἀγορᾶς,
3490 4554 3608 4618 πῶς
3633 4554 3727 4607 καὶ

2060 4644 2401 4716 κερδαίνουσι
2445 4644 2540 4697 καὶ
2585 4643 2977 4714 θαυμάζονται,
3022 4643 3103 4696 ὅτι
3135 4643 3193 4695 ἐν
3221 4641 3299 4713 τῷ
3327 4640 3507 4711 ἀλόγῳ
3543 4640 3741 4712 θηρίῳ.

2059 4729 2315 4799 τοιαύτην
2343 4729 2661 4801 ἡμερότητα
2692 4726 3091 4798 κατώρθωσαν;
3122 4726 3187 4780 ἂν
3218 4727 3275 4780 δὲ
3298 4724 3553 4798 ἐξαίφνης
3578 4726 3729 4794 ἀγρι·

2059 4823 2174 4895 ωθῇ
2224 4824 2448 4885 ἐκεῖνος,
2499 4821 2704 4884 πάντας
2754 4820 2903 4873 σοϐεῖ
2946 4821 3072 4881 τοὺς
3103 4818 3195 4871 ἐπὶ
3224 4817 3321 4888 τῆς
3369 4818 3595 4888 ἀγορᾶς,
3631 4814 3728 4868 καὶ

2061 4912 2403 4967 ἐκινδύνευσε
2429 4909 2614 4962 λοιπὸν
2630 4911 2659 4962 6
2684 4907 2963 4979 περιάγων
2990 4906 3151 4959 αὐτὸν
3173 4905 3478 4976 ἄνθρωπος,
3502 4904 3596 4957 καὶ
3626 4901 3727 4970 τῆς

2061 5001 2171 5054 τῶν
2197 5000 2371 5055 ἄλλων
2407 4996 2681 5060 ἀπωλείας
2705 4996 2929 5065 γέγονεν
2966 4996 3162 5057 αἴτιος.
3195 4992 3305 5047 Καὶ
3335 4993 3400 5044 σὺ
3431 4991 3610 5043 τοίνυν
3634 4989 3726 5042 τὸν

2062 5086 2252 5141 λέοντα
2285 5085 2544 5157 πρότερον
2575 5083 2882 5155 ήμέρωσον,
2909 5083 3003 5136 καὶ
3026 5081 3149 5135 τότε
3180 5080 3431 5152 περίαγε,
3462 5079 3559 5147 οὐχ
3584 5076 3725 5130 ὥστε

2064 5173 2326 5247 ἀργύριον
2364 5172 2571 5243 λαϐεῖν,
2602 5171 2717 5224 ἀλλ’
2748 5170 2889 5224 ὥστε
2917 5169 3175 5241 κερδάναι
3207 5168 3418 5239 κέρδος,
3459 5160 3520 5218 οὗ
3560 5163 3726 5235 μηδέν

2062 5263 2212 5316 ἐστιν
2239 5260 2372 5314 ἴσον.
2408 5260 2575 5313 Οὐδὲν
2599 5258 2709 5329 γὰρ
2730 5259 2842 5312 ῐσον
2870 5257 3189 5320 ἐπιεικείας,
3211 5255 3725 5328 ἠὶκαῖτοῖςκεκτηιτ

2015 5389 2024 5394 -
2069 5350 2271 5423 μένοις,
2295 5348 2389 5401 καὶ
2420 5348 2534 5409 τοῖς
2556 5345 2859 5417 χρωμένοις
2889 5345 3093 5415 σφόδρα
3122 5345 3238 5397 ἐστὶ
3266 5341 3529 5413 χρησίμη.
3582 5339 3727 5392 Ταύ-

2063 5456 2165 5511 την
2192 5433 2283 5490 οῦν
2311 5433 2612 5505 διώκωμεν,
2646 5434 2732 5486 ἵνα
2762 5431 3081 5504 δυνηθῶμεν
3106 5433 3204 5501 τῆς
3235 5429 3437 5501 ἀρετῆς
3467 5427 3570 5498 τὴν
3608 5427 3753 5481 ὁδὸν.

2068 5527 2207 5598 μετά
2238 5521 2523 5594 ἀκριϐείας
2547 5520 2915 5583 διανύσαντες,
2942 5518 3052 5570 τῶν
3083 5516 3316 5569 αἰωνίων
3348 5514 3570 5582 ἀγαθῶν
3608 5515 3729 5568 ἐπι-

2063 5615 2265 5684 τυχεῖν,
2293 5610 2478 5681 χάριτι
2494 5608 2590 5662 καὶ⁹
2612 5604 2989 5677 φιλανθρωπίᾳ
3007 5602 3102 5656 τοῦ
3133 5602 3338 5673 Κυρίου
3360 5601 3519 5674 ήμῶν
3550 5601 3734 5672 Ἰησοῦ

2063 5700 2323 5773 Χριστοῦ,
2355 5696 2477 5769 μεθ’
2504 5687 2565 5748 οὗ
2595 5694 2674 5764 τῷ
2692 5692 2868 5760 Ha.th
2887 5690 3001 5761 ἅμα
3020 5688 3099 5760 τῷ
3118 5688 3259 5760 ἀγίῳ
3279 5688 3554 5759 Πνεύματι
3578 5688 3721 5754 δόξα,

2063 5772 2283 5861 κράτος,
2308 5786 2461 5857 τιμὴ,
2491 5784 2586 5840 νῦν
2610 5782 2702 5837 καὶ
2722 5782 2829 5847 ἀεὶ,
2855 5782 2947 5836 καὶ
2975 5781 3054 5843 εἰς
3082 5778 3207 5842 τοὺς
3235 5777 3435 5843 αἰῶνας
3467 5775 3575 5830 τῶν
3599 5772 3743 5829 αἰῶ-ν

2064 5896 2190 5931 νων.
2235 5877 2428 5945 Ἀμήν.

2131 5969 2155 5996 ε
2189 5965 2432 6019 Ἑστώτας
2477 5962 2523 6012 in
2567 5976 2663 6011 unc)
2699 5960 2861 6010 ἀθεεὶ.
