4108 6172
418 422 514 476 ω

422 543 584 598 bona,
608 533 777 604 gratia
805 541 860 588 et
885 532 1211 604 benignitate
1240 531 1450 586 Domini
1477 531 1644 585 nostri
1677 529 1803 585 Jesu
1833 530 1997 584 Chri-

421 629 514 692 sti,
541 629 753 697 quicum
781 623 926 680 Patri
954 639 1166 694 unaque
1197 622 1418 693 Spiritui
1447 631 1633 677 sancto
1657 622 1846 691 gloria,
1880 624 1997 675 im-

1393 418 1458 472 IN
1495 417 1676 471 ACTA
1715 415 2236 472 APOSTOLORUM.
2279 415 2508 472 HOMIL.
2552 416 2722 472 XXX.

3593 425 3696 481 2:12

2107 532 2336 598 perium,
2370 529 2563 596 Itonor,
2604 546 2747 586 nunc
2775 540 2829 585 et
2857 547 3106 603 semper.
3135 545 3189 590 et
3227 537 3280 590 in
3303 537 3498 593 saecula
3522 553 3695 596 sxw-

2109 623 2302 676 lorum.
2335 625 2529 675 Amen.

2142 767 3684 793 _________._______________________

1764 844 2050 907 HOMILI
2064 850 2105 906 Λ
2153 847 2340 909 XXX
2354 893 2367 907 .

414 1001 540 1054 Car.
567 999 656 1054 1³5.
688 1013 741 1049 v.
783 996 874 1051 η.
916 993 1228 1049 Exeuntibus
1267 1001 1438 1045 autem
1475 990 1578 1045 illis
1601 1032 1617 1056 ,
1663 991 1910 1061 rogabant
1940 999 1991 1042 ut

484 1090 711 1160 sequenti
736 1089 941 1143 sabbato
959 1088 1278 1148 loquerentur
1303 1086 1399 1138 sibi
1424 1085 1572 1138 verba
1604 1085 1731 1138 llaec.

488 1185 544 1238 1.
568 1180 816 1236 Vidistin'
843 1179 990 1234 Pauli
1039 1177 1416 1248 prudentiam?
1453 1175 1568 1230 Non
1619 1188 1744 1230 tunc
1785 1167 1993 1228 tantum

418 1275 472 1329 in
503 1273 856 1328 admiratione
883 1271 1000 1337 fuit,
1027 1271 1122 1325 sed
1162 1269 1321 1324 etiam
1351 1269 1544 1324 iterum
1570 1267 1819 1322 audiendi
1852 1267 1996 1321 desi-

415 1365 626 1420 derium
657 1363 878 1418 immisit
905 1363 1031 1429 illis,
1061 1377 1181 1416 cum
1209 1360 1412 1415 semina
1442 1358 1686 1428 quardam
1718 1356 1996 1426 injecisset

415 1474 480 1515 ac
504 1459 739 1514 nondum
759 1457 1111 1521 absolvisset,
1148 1469 1320 1523 neque
1348 1453 1526 1506 verbis
1545 1451 1704 1504 linem
1737 1451 1947 1504 fecisset
1975 1488 1992 1513 ,

417 1563 474 1606 ut
494 1553 611 1607 illos
636 1551 734 1606 sibi
764 1550 1072 1604 conciliaret
1099 1561 1162 1601 ac
1191 1545 1480 1600 benevolos
1510 1543 1788 1607 redderet,
1821 1557 1995 1612 neque

413 1645 593 1697 omnia
633 1643 791 1697 simul
821 1639 1112 1712 ingerendo
1156 1652 1410 1692 nauseam
1458 1645 1690 1704 pareret.
1727 1633 1942 1687 Dixerat
1978 1651 1990 1684 :

415 1738 661 1793 Remissio
685 1745 999 1804 peccatorum
1031 1751 1118 1802 per
1145 1733 1278 1785 hunc
1303 1732 1440 1784 vobis
1467 1729 1796 1782 annuntiatur
1818 1743 1834 1789 ;
1862 1742 1994 1796 quo-

413 1829 575 1884 modo
619 1838 794 1882 autem
816 1868 830 1891 ,
864 1841 968 1880 non
999 1824 1310 1878 declaravit.
1353 1823 1479 1883 Post
1510 1820 1625 1874 haec
1673 1820 1874 1873 iterum.
1909 1817 1992 1871 sui

413 1922 580 1992 ipsius
619 1920 942 1974 mentionem
975 1917 1102 1972 facit
1143 1918 1394 1986 primum.
1444 1913 1631 1968 Viden’
1659 1921 1856 1982 quanta
1883 1911 1993 1963 ala-

412 2012 621 2068 critas?
665 2012 1017 2081 Sequebantur
1047 2010 1166 2063 illos
1187 2050 1201 2071 ,
1235 2007 1424 2077 inquit.
1457 2004 1565 2060 Cur
1596 2005 1716 2058 illos
1747 2018 1852 2058 non
1879 2013 1992 2057 sta-

414 2107 508 2160 tim
539 2103 865 2174 baptizavit?
891 2102 1006 2157 Non
1039 2113 1154 2155 erat
1181 2109 1390 2168 tempus
1431 2116 1443 2151 :
1479 2097 1804 2167 persuadere
1833 2111 1994 2164 opor-

415 2197 593 2261 tebat,
629 2209 686 2249 ut
721 2195 860 2249 ﬁrmi
893 2201 1194 2247 manerent.
1223 2193 1312 2245 43.
1352 2190 1575 2258 Cumque
1621 2189 1830 2241 dimissa
1868 2195 1992 2240 esset

411 2304 669 2359 synagoga
690 2329 704 2350 ,
760 2287 956 2356 sequuti
995 2294 1112 2338 sunt
1147 2284 1292 2336 multi
1325 2280 1622 2335 Judteorum
1653 2289 1698 2332 et
1723 2279 1992 2332 colentium

410 2381 717 2433 advenarum
764 2377 990 2432 Paulum
1020 2387 1064 2431 et
1093 2375 1530 2444 Barnabam:qui
1573 2375 1832 2438 loquentes
1870 2388 1989 2424 sua-

409 2475 593 2529 debant
632 2474 701 2526 eis
730 2515 746 2537 ,
782 2483 836 2526 ut
861 2481 1119 2526 manerent
1161 2472 1214 2523 in
1261 2470 1427 2540 gratia
1466 2466 1581 2520 Dei.
1610 2467 1699 2520 44.
1745 2463 1990 2532 Sequenti

407 2582 524 2619 vero
557 2563 766 2618 sabbato
795 2580 922 2634 pene
960 2563 1195 2616 uniuersa
1218 2561 1393 2614 civitas
1417 2559 1644 2612 convenit
1673 2556 1852 2608 audire
1881 2571 1990 2607 ver-

409 2660 524 2711 bum
541 2655 657 2709 Dei.
691 2657 780 2711 65.
823 2653 1056 2708 Videntes
1076 2663 1244 2706 autem
1267 2651 1438 2704 turbas
1463 2647 1655 2712 Judaei,
1675 2646 1853 2715 repleti
1873 2652 1990 2698 sunt

406 2748 520 2801 zelo
542 2788 556 2810 ,
595 2757 640 2800 et
670 2744 1079 2812 contradicebant
1107 2744 1170 2795 iis
1203 2781 1218 2804 ,
1256 2757 1368 2811 quin
1393 2758 1425 2792 a
1457 2737 1624 2791 Paulo
1651 2736 1944 2789 dicebantur
1969 2774 1986 2797 ,

405 2839 808 2893 contradicentes
830 2849 875 2890 et
904 2836 1332 2905 bluspltemantes.
1369 2832 1498 2886 Vide
1541 2830 1830 2898 nequitiam
1865 2843 1986 2897 per—

404 2949 645 2995 eussam,
673 2931 800 2984 dum
830 2929 964 2983 alios
992 2927 1241 2997 percutit.
1273 2925 1384 2978 lloc
1410 2924 1554 2992 ipsos
1578 2923 1838 2975 clariores
1867 2919 1986 2974 red-

404 3025 614 3087 debat,
659 3020 800 3090 quod
849 3020 922 3073 illi
972 3015 1420 3072 contradicerent.
1455 3013 1635 3068 Primo
1675 3013 1853 3080 itaque
1892 3025 1988 3064 Sua

405 3123 602 3185 sponte
633 3114 914 3181 rogabant.
942 3107 1352 3165 Contradicentes
1381 3146 1398 3172 ,
1427 3105 1598 3174 inquit
1627 3145 1640 3168 ,
1671 3113 1720 3157 et
1744 3101 1985 3172 blasphe-

404 3216 620 3262 mantes.
663 3206 707 3261 Ο
742 3204 1124 3275 petulantiam!
1160 3210 1376 3270 propter
1399 3214 1517 3270 qua:
1539 3198 1661 3251 illos
1689 3197 1986 3266 approbare

401 3299 736 3371 oportebat,
791 3305 1006 3366 prepter
1056 3311 1118 3350 ea
1172 3295 1243 3348 illi
1297 3291 1801 3347 contradicuntJti.
1843 3289 1985 3343 Tunc

398 3402 691 3448 constanter
725 3390 920 3444 Paulus
956 3398 1002 3441 et
1042 3386 1306 3442 Barnabas
1333 3386 1600 3438 dixerunt:
1639 3380 1786 3435 Vobis
1836 3397 1987 3449 opor-

399 3485 539 3540 tebat
579 3483 798 3552 primunt
848 3480 987 3550 loqui
1047 3478 1248 3532 verbum
1305 3475 1439 3539 Dei;
1477 3475 1564 3528 sed
1619 3473 1860 3544 quoniam
1906 3488 1986 3524 re-

401 3575 596 3647 pellitis
623 3575 754 3628 illud
789 3614 804 3638 ,
833 3582 880 3626 et
929 3572 1162 3642 indignos
1205 3586 1292 3622 vos
1321 3569 1566 3634 judicatis
1613 3575 1802 3620 (eterna
1842 3568 1944 3618 vita
1966 3605 1982 3627 ,

399 3685 517 3724 ecce
547 3666 884 3721 convertimur
907 3666 974 3716 att
1003 3673 1191 3733 gentes.
1221 3660 1426 3724 Viden’,
1453 3657 1721 3728 quomodo
1749 3673 1841 3726 per
1865 3671 1987 3710 eon-

400 3762 702 3816 tentionem
759 3755 926 3824 magis
980 3753 1333 3808 extenderunt
1401 3749 1830 3820 prtedicationem
1861 3788 1876 3808 ,
1929 3758 1985 3801 et

402 3851 578 3922 magis
606 3850 682 3904 illi
707 3863 766 3902 se
791 3847 1131 3901 contulerunt
1152 3843 1215 3896 ad
1233 3851 1441 3912 gentes.
1468 3847 1748 3910 postquam
1774 3841 1985 3894 ratione

404 3942 619 3996 reddita
649 3937 787 4008 apud
818 3949 1147 4004 eongeneres
1198 3946 1324 3986 suos
1374 3945 1494 3984 sese
1522 3931 1679 3998 culpa
1720 3930 1984 3983 immunes

397 4027 868 4101 comprobarunt?
897 4026 1005 4080 Nec
1031 4023 1184 4087 dixit,
1219 4021 1423 4090 indigni
1448 4020 1580 4075 estis
1613 4036 1627 4084 ;
1660 4019 1755 4074 sed
1776 4058 1792 4082 ,
1823 4017 1976 4071 Indi-

397 4142 530 4194 gnas
563 4137 649 4176 vos
663 4118 932 4190 judicatis,
965 4125 1024 4170 ut
1050 4131 1156 4170 non
1182 4128 1442 4168 onerosus
1463 4126 1640 4166 sermo
1663 4119 1827 4165 esset.
1852 4109 1984 4163 Ecce

397 4215 740 4270 convertimur
759 4215 824 4263 ad
851 4220 1036 4280 gentes.
1061 4208 1150 4263 47.
1182 4207 1271 4261 Sic
1301 4206 1434 4259 enim
1461 4204 1694 4274 prazcepit
1721 4202 1862 4255 nobis
1879 4201 1982 4254 Do-

397 4309 575 4362 minus
600 4322 618 4359 :
643 4303 804 4358 Posui
848 4315 895 4355 te
922 4302 976 4354 in
1015 4301 1176 4354 lucem
1214 4299 1434 4368 gentium
1463 4337 1478 4361 ,
1509 4306 1564 4348 ut
1593 4297 1661 4348 sis
1689 4295 1741 4347 in
1770 4293 1984 4346 salutent

398 4415 565 4470 usque
590 4399 658 4450 ad
684 4405 960 4449 extremum
992 4403 1136 4445 terra:
1166 4387 1318 4460 (Isai.
1339 4387 1428 4442 49.
1462 4387 1540 4456 fi).
1584 4385 1653 4442 Ut
1681 4386 1826 4439 enim
1855 4401 1984 4454 gen-

400 4501 480 4545 tes
513 4491 634 4545 inec
657 4487 935 4542 audientes
957 4498 1065 4539 non
1098 4481 1563 4542 contristarentur,
1595 4478 1748 4546 quasi
1773 4493 1838 4532 ex
1863 4476 1981 4529 illn-

399 4600 518 4637 rum
570 4582 748 4636 studio
788 4581 927 4634 bona
958 4578 1089 4646 ipsa:
1132 4589 1238 4629 non
1283 4581 1699 4640 assequerentur
1726 4611 1742 4633 ,
1769 4569 1986 4623 adducit

403 4674 770 4746 prophetiam,
805 4672 992 4727 dicens
1022 4688 1034 4724 :
1068 4667 1194 4722 Dedi
1221 4678 1266 4720 te
1292 4667 1342 4720 in
1371 4665 1531 4720 lucem
1559 4664 1800 4734 gentium,
1833 4674 1887 4716 ut
1916 4664 1985 4716 sis

399 4773 451 4822 in
479 4774 700 4824 salutem
749 4782 903 4836 usque
930 4765 999 4818 ad
1047 4771 1327 4818 extremum
1372 4769 1538 4812 terris.
1581 4756 1671 4812 48.
1713 4756 1984 4809 Audientes

400 4873 570 4920 autem
599 4872 786 4936 gentes.
819 4861 929 4915 Hoc
957 4859 1076 4914 illos
1114 4857 1401 4912 alacriores
1428 4853 1721 4918 reddebat,
1753 4851 1892 4921 quod
1921 4852 1984 4904 iis

402 4959 476 5011 illi
507 4952 1044 5021 lruereutur,quibus
1070 4952 1158 5004 alii
1188 4950 1287 5004 frui
1317 4946 1584 5003 debebant
1609 4963 1624 5010 ;
1651 4943 1865 5000 Judaios
1890 4960 1984 4995 au-

406 5059 512 5102 tem
541 5049 647 5102 hoc
673 5046 842 5114 magis
871 5042 1172 5096 mordebat.
1218 5040 1495 5092 Audientes
1517 5047 1684 5090 autem
1711 5076 1726 5100 ,
1757 5034 1930 5104 inquit
1961 5073 1979 5100 ,

402 5150 574 5210 gentes
618 5139 804 5210 gaviste
840 5143 976 5201 sunt,
1018 5142 1064 5186 et
1093 5131 1442 5202 gloriﬁcabant
1483 5127 1681 5182 verbum
1725 5124 1933 5179 Domini
1965 5141 1982 5176 :

411 5230 472 5283 Et
519 5232 844 5285 crediderunt
899 5233 1142 5297 quotquot
1187 5231 1327 5276 erant
1369 5219 1698 5290 prwordinati
1735 5218 1789 5270 in
1831 5219 1985 5270 vitam

403 5332 690 5386 (sternam;
721 5321 824 5376 hoc
877 5327 980 5384 est,
1022 5313 1267 5385 prteﬁnit-i
1319 5327 1350 5366 a
1382 5312 1510 5366 Deo.
1556 5309 1692 5363 Vide
1715 5308 1984 5376 quomodo

406 5414 648 5468 ostendit
665 5412 908 5466 utilitatis
923 5407 1281 5463 celeritatem.
1311 5402 1399 5457 49.
1427 5399 1864 5455 Disseminabatur
1890 5417 1984 5452 au-

407 5515 506 5559 tem
536 5505 741 5560 uerbum
768 5503 976 5558 Domini
1023 5515 1113 5569 per
1160 5497 1442 5552 universam
1483 5491 1774 5561 regionem;
1798 5489 1849 5543 id
1877 5500 1981 5554 est,

406 5597 796 5667 divulgabatur.
831 5597 908 5648 Ac
933 5595 978 5647 si
1005 5592 1229 5653 diceret,
1259 5586 1372 5642 Non
1399 5582 1633 5639 eooteuti
1663 5582 1797 5646 zelo,
1826 5595 1985 5650 opera

407 5690 569 5744 etiam
621 5677 954 5743 addiderunt.
1004 5683 1142 5738 Vide
1180 5677 1450 5751 quomodo
1507 5674 1646 5745 pulsi
1677 5682 1732 5727 et
1759 5672 1875 5726 zelo
1898 5671 1978 5725 in-

406 5781 696 5847 censi,alia
725 5793 914 5847 magna
941 5775 1185 5832 efﬁciunt
1210 5786 1226 5826 :
1251 5785 1372 5827 sese
1385 5781 1616 5837 namque
1639 5771 1983 5836 appararunt,

413 5883 467 5928 ut
515 5873 738 5928 liberius
769 5878 986 5940 agerent
1013 5910 1028 5935 ,
1058 5878 1109 5922 ct
1136 5867 1200 5921 ad
1227 5875 1413 5936 gentes
1447 5859 1690 5916 venirent
1718 5874 1732 5924 ;
1765 5864 1820 5912 et
1863 5856 1984 5912 audi

2105 991 2400 1058 quomodo.
2442 991 2742 1049 Constanter
2775 1005 2978 1065 agentes
3011 996 3208 1056 Paulus
3231 1013 3279 1055 et
3307 1001 3575 1060 Barnabas
3607 1006 3690 1058 di-

2101 1089 2285 1135 xerunt
2309 1099 2328 1137 .'
2364 1083 2514 1139 Vobis
2535 1087 2794 1154 oportebat
2819 1090 3036 1156 primum
3055 1091 3194 1161 loqui
3219 1095 3421 1148 uerbum
3444 1096 3582 1162 Dei;
3608 1100 3696 1153 sed

2103 1174 2223 1240 quia
2274 1176 2518 1242 repellitis
2561 1178 2691 1232 illud
2711 1220 2726 1245 ,
2761 1195 2873 1233 ecce
2917 1183 3254 1238 convertimur
3278 1186 3346 1240 ad
3369 1199 3560 1258 gentes.
3583 1189 3694 1245 Sed

2107 1263 2228 1319 vide
2256 1264 2306 1318 in
2335 1264 2435 1320 liae
2462 1266 2651 1322 ﬁducia
2673 1280 2942 1324 servatum
2967 1272 3207 1341 modum;
3237 1285 3291 1332 et
3300 1276 3424 1347 jure
3453 1280 3690 1348 quidem.

2103 1353 2234 1408 Nam
2252 1356 2297 1409 si
2317 1356 2508 1412 Petrus
2528 1373 2647 1414 sese
2672 1359 3014 1428 defendebat,
3039 1366 3208 1420 multo
3233 1371 3402 1440 magis
3433 1370 3486 1426 hi
3511 1373 3695 1428 defen-

2103 1448 2255 1502 sione
2284 1465 2423 1518 opus
2453 1451 2724 1506 habebant
2749 1495 2764 1520 ,
2817 1457 3030 1511 nemine
3060 1459 3206 1527 ipsos
3234 1461 3410 1518 islbue
3439 1477 3688 1522 vocante.

2103 1539 2232 1593 Cum
2261 1541 2397 1596 dixit
2425 1552 2628 1608 autem,
2677 1543 2928 1611 Primum,
2960 1551 3194 1605 ostendit
3225 1553 3333 1608 illis
3359 1556 3527 1610 etiam.
3551 1573 3688 1628 pra:-

2101 1633 2265 1686 dicari
2296 1637 2603 1702 Oportunissc
2634 1653 2649 1702 ;
2679 1646 2734 1691 et
2770 1639 2897 1693 'cnm
2943 1639 3076 1695 dixit
3106 1683 3121 1706 ,
3154 1641 3510 1701 Necessarium
3541 1689 3556 1711 ,
3598 1663 3690 1702 ar-

2099 1727 2213 1793 guit
2235 1727 2338 1780 illis
2361 1728 2524 1782 etiam
2547 1731 2908 1786 necessarium
2937 1732 3120 1790 fuisse.
3145 1736 3252 1791 Sed
3270 1740 3507 1808 quoniam
3527 1743 3682 1810 repel-

2101 1818 2241 1882 litis;
2271 1836 2374 1873 non
2401 1820 2560 1888 dixit,
2593 1822 2683 1878 Vae
2711 1825 2862 1880 vobis
2890 1869 2904 1891 ,
2935 1843 3107 1898 neque
3131 1869 3147 1894 ,
3175 1829 3478 1888 Puniemini
3503 1852 3518 1901 ;
3544 1836 3639 1890 sed
3665 1879 3681 1900 ,

2099 1907 2448 1964 Convertimur
2494 1913 2563 1965 ad
2603 1924 2795 1984 gentes.
2855 1916 3042 1974 Viden’
3071 1931 3268 1990 quanta
3318 1924 3692 1982 moderatione

2099 1999 2254 2068 plena
2288 2002 2357 2054 sit
2385 2002 2576 2058 liducia
2611 2005 2698 2060 illa
2723 2008 2746 2059 Υ
2775 2007 2866 2062 50.
2897 2006 3070 2064 Judaei
3113 2022 3279 2068 autem
3307 2017 3690 2072 concitaverunt

2101 2097 2338 2149 ntulieres
2360 2096 2622 2167 religiosas
2645 2110 2692 2152 et
2709 2101 2966 2166 honestas,
2994 2114 3039 2156 et
3068 2105 3260 2174 primos
3286 2107 3522 2176 civitatis,
3549 2120 3595 2165 et
3611 2127 3694 2166 ea:-

2096 2187 2366 2240 citnverunt
2393 2192 2826 2259 persequutionem
2863 2194 2916 2246 in
2965 2193 3190 2249 Paulum
3215 2207 3261 2252 et
3283 2196 3574 2254 Barnabam
3589 2241 3609 2269 ,
3626 2212 3678 2260 st

2097 2279 2350 2346 ejecerunt
2379 2296 2464 2334 eos
2492 2281 2554 2335 de
2576 2283 2759 2351 finibus
2779 2285 2906 2338 suis.
2937 2285 3124 2341 Viden’
3149 2299 3406 2358 quantum
3436 2291 3682 2361 profece-

2098 2371 2203 2422 riut
2245 2371 2334 2440 qui
2382 2372 2807 2430 adversabantur
2856 2378 3222 2446 prtedicationi
3259 2399 3274 2435 :
3317 2381 3370 2436 in
3420 2393 3678 2453 quautam

2097 2459 2478 2528 impudentimn
2510 2466 2630 2521 illas
2657 2467 3029 2524 adduxerim?
3073 2471 3162 2528 5L
3195 2471 3263 2526 At
3299 2474 3378 2528 illi
3410 2493 3690 2542 ,.e:rcusso~

2096 2554 2298 2618 pulvere
2325 2555 2507 2624 pedum
2537 2557 2588 2610 in
2615 2575 2698 2612 eos
2721 2598 2736 2622 ,
2768 2572 3008 2614 venerunt
3037 2559 3292 2618 Iconium.
3319 2565 3416 2621 Hic
3441 2569 3681 2624 terribile

2096 2642 2224 2696 illud
2270 2642 2514 2699 fecerunt
2543 2647 2685 2715 quod
2715 2649 2953 2716 jusserat
2981 2651 3226 2707 Christus
3257 2653 3448 2709 dicens
3480 2675 3492 2709 :
3530 2657 3596 2711 Et
3639 2661 3682 2713 si

2091 2736 2204 2804 quis
2231 2751 2318 2788 vos
2344 2752 2446 2789 non
2473 2741 2736 2808 receperit,
2766 2740 2952 2810 egressi
2973 2743 3188 2796 mutite
3209 2745 3463 2812 puluerem
3491 2749 3677 2814 pedum

2092 2835 2370 2880 vestrorum
2400 2826 2614 2895 (Matth.
2652 2829 2736 2883 10.
2765 2831 2852 2885 14.
2887 2829 3058 2884 Marc.
3085 2833 3139 2886 6.
3173 2834 3282 2903 il).
3308 2835 3387 2890 llli
3419 2852 3548 2891 vero
3573 2854 3705 2893 nona

2095 2925 2294 2972 temere
2318 2919 2418 2974 hoc
2445 2917 2688 2975 fecerunt
2707 2961 2723 2986 ,
2756 2921 2850 2976 sed
2877 2932 3158 2992 postquam
3189 2925 3345 2994 ejecti
3375 2937 3502 2982 sunt
3523 2928 3590 2984 ab
3621 2931 3683 2984 il-

2093 3009 2178 3063 lis.
2212 3009 2473 3065 Cancrum
2504 3027 2678 3082 neque
2707 3013 2808 3068 lioc
2839 3013 3115 3084 discipulis
3143 3018 3346 3084 nocuit,
3387 3019 3481 3074 sed
3509 3024 3700 3092 magis

2094 3111 2504 3168 perseverarunt
2532 3106 2583 3156 in
2622 3103 2810 3158 verbo.
2842 3104 2962 3159 Ideo
2992 3105 3093 3161 hoc
3131 3106 3412 3165 declarans
3440 3111 3624 3178 adjicit
3657 3132 3670 3166 :

2093 3190 2183 3246 52.
2209 3191 2463 3264 Discipuli
2481 3203 2653 3248 autem
2675 3197 2997 3266 replebantur
3016 3199 3204 3270 gaudio
3233 3241 3247 3262 ,
3269 3210 3318 3253 et
3341 3201 3677 3272 Spiritu-san-

2090 3296 2189 3339 clo.
2231 3286 2468 3356 Magistri
2500 3303 2730 3358 namque
2752 3304 2990 3344 atrumna
3021 3291 3266 3362 discipuli
3297 3293 3542 3349 liduciam
3569 3311 3684 3352 non

2092 3377 2244 3444 tollit,
2257 3377 2351 3432 sed
2377 3378 2695 3434 alacriorem
2726 3380 2873 3434 illum
2901 3381 3096 3436 reddit.
3150 3383 3318 3455 (Cap.
3344 3385 3448 3456 14-)
3477 3387 3530 3440 1.
3557 3385 3671 3441 Fa-

2089 3479 2221 3523 ctum
2243 3481 2314 3524 est
2333 3483 2501 3524 autem
2525 3470 2712 3538 Iconii,
2742 3484 2796 3526 ut
2822 3474 2976 3527 simul
3001 3475 3336 3530 introirentin
3358 3494 3671 3550 synagogam

2089 3561 2390 3615 Judworum
2415 3604 2429 3626 ,
2459 3572 2503 3616 et
2531 3564 2853 3635 loquerentur
2878 3609 2893 3629 ,
2921 3568 2993 3619 ita
3016 3577 3068 3619 ut
3092 3569 3348 3623 crederent
3374 3570 3676 3626 Iudaeorum

2089 3665 2134 3708 et
2163 3655 2454 3710 Grecorum
2478 3658 2683 3728 copiosa
2709 3660 3002 3714 multitudo.
3027 3660 3260 3716 Rursum
3289 3664 3342 3717 in
3370 3678 3669 3736 synagogas

2088 3749 2378 3804 introeunt.
2407 3749 2538 3806 Vide
2558 3751 2830 3821 quomodo
2853 3767 2959 3806 nou
2991 3754 3286 3810 timidiores
3316 3755 3492 3811 ell‘ecti
3518 3757 3669 3824 sint,

2091 3856 2209 3894 cum
2237 3841 2536 3908 dixissent,
2567 3840 2914 3897 Convertimur
2939 3845 3005 3896 ad
3043 3855 3230 3915 gentes.
3277 3846 3352 3900 Ex
3383 3846 3682 3903 abundanti

2095 3943 2273 3989 tamen
2307 3935 2413 3988 illis
2441 3935 2844 3990 excusationem
2877 3937 3089 3992 tollunt.
3140 3935 3230 3990 Ita
3276 3950 3329 3992 ut
3372 3941 3630 3996 crederent
3656 3985 3677 4008 ,,

2091 4028 2283 4096 inquit,
2310 4026 2611 4082 Iudaeorum
2636 4038 2681 4083 et
2709 4027 3002 4084 Graacorum
3028 4032 3232 4102 capiosa
3249 4033 3538 4086 multitudo.
3573 4035 3672 4088 Ve-

2092 4120 2314 4173 l'isitltile
2351 4134 2433 4174 est
2462 4122 2602 4176 enim
2634 4121 2757 4176 illos
2799 4123 2960 4177 etiam
3014 4121 3218 4178 Graecis
3244 4124 3584 4193 praedicasse.
3612 4127 3667 4181 2.

2093 4210 2190 4275 Qui
2234 4227 2347 4264 vero
2386 4213 2632 4266 increduli
2671 4213 2875 4282 fuerunt
2910 4213 3082 4268 Judaei
3119 4217 3486 4270 suscitaverunt
3522 4228 3569 4270 et
3607 4222 3672 4272 ad

2083 4299 2398 4353 iracundiam
2425 4303 2799 4355 concitaverunt
2825 4302 3022 4354 animus
3046 4303 3268 4372 gentium
3287 4305 3526 4360 adversus
3557 4311 3670 4378 fras

2085 4401 2201 4445 tres.
2230 4392 2398 4447 Simul
2426 4406 2556 4462 ergo
2598 4391 2758 4446 etiam
2786 4402 2974 4460 gentes
3001 4393 3332 4458 excitarunt,
3365 4397 3519 4465 quasi
3552 4413 3678 4453 non,

2085 4484 2216 4537 satis
2249 4493 2432 4538 essent
2477 4484 2598 4556 ipsi.
2633 4485 2741 4539 Cur
2787 4486 2946 4556 igitur
2993 4485 3189 4542 istbine
3233 4502 3338 4546 non
3377 4491 3623 4546 exierunt
3651 4497 3692 4546 1"

2084 4577 2217 4644 Quia
2240 4578 2734 4648 non‘pellebantur,
2763 4578 2858 4634 sed
2883 4586 3088 4634 tantum
3122 4579 3589 4652 impugnabantur.
3613 4586 3668 4640 5.

2085 4669 2249 4724 Multo
2275 4671 2428 4741 igitur
2459 4681 2684 4740 tempore
2711 4671 2958 4726 demorati
2983 4681 3100 4727 sunt
3134 4714 3150 4740 ,
3179 4674 3488 4743 ﬁducialiter
3507 4695 3670 4749 agen-

2085 4771 2157 4816 tes
2190 4763 2242 4815 in
2284 4761 2504 4816 Domino
2529 4804 2543 4828 ,
2587 4763 2926 4817 testimonium
2961 4763 3250 4834 perbibente
3296 4768 3445 4822 verbo
3489 4771 3677 4840 gratiar-

2083 4855 2244 4924 ipsius
2275 4895 2291 4919 ,
2331 4855 2483 4909 dante
2509 4855 2656 4925 signa
2679 4866 2725 4909 et
2755 4857 2986 4927 prodigia
3024 4857 3136 4925 ﬁeri
3157 4875 3246 4926 per
3273 4876 3454 4914 manus
3473 4879 3684 4917 eorum-

2088 4945 2198 5000 lloe
2219 4945 2463 5000 ﬁduciam
2484 4944 2715 5000 addebat
2738 4963 2752 5012 ;
2780 4947 2886 5000 imo
2907 4945 3158 5002 ﬁduciam
3185 4949 3417 5004 addebat
3432 4953 3684 5020 ipsorum-

2085 5035 2350 5090 alacritas.
2385 5035 2510 5090 ldeo
2540 5051 2769 5104 namque
2795 5052 2969 5091 rarius
2997 5039 3149 5109 signa
3174 5037 3447 5096 faciebant
3475 5058 3490 5106 ;
3521 5045 3666 5112 quod

2086 5135 2262 5182 autem
2294 5126 2566 5180 auditores
2593 5126 2916 5195 crederent,
2949 5128 3089 5184 inter
3113 5130 3263 5199 signa
3288 5133 3664 5200 reputandum.

2087 5219 2300 5289 Aliquid
2335 5219 2497 5289 igitur
2539 5219 2860 5288 operabatur
2885 5221 3098 5277 dicendi
3131 5222 3372 5278 libertas.
3398 5226 3452 5279 4.
3487 5224 3666 5281 Divisa

2087 5321 2156 5364 est
2185 5320 2353 5364 autem
2383 5310 2654 5364 multitudo
2695 5311 2914 5366 civitatis
2948 5327 2968 5366 :
2995 5313 3203 5382 quidam
3233 5326 3375 5369 erant
3411 5333 3527 5371 cum
3560 5317 3662 5372 Ju-

2086 5403 2208 5456 dwis
2230 5442 2246 5466 ,
2272 5401 2478 5470 quidam
2506 5418 2620 5455 cum
2643 5401 2906 5470 apostolis.
2937 5403 3060 5458 Non,
3081 5419 3270 5474 parum
3303 5405 3448 5462 addit
3471 5407 3540 5463 ad
3568 5423 3662 5464 ac-

2086 5493 2416 5546 cusationem
2461 5490 2602 5560 quod
2633 5491 2962 5548 scindantur.
2996 5494 3108 5548 lloc
3137 5503 3254 5550 erat
3279 5497 3423 5566 quod
3449 5497 3661 5555 dicebat

2087 5584 2330 5638 Christus
2354 5601 2367 5636 :
2395 5581 2513 5637 Non
2537 5584 2646 5636 veni
2669 5599 2842 5652 pacem
2865 5586 3078 5648 mittere,
3097 5586 3186 5639 sed
3207 5587 3433 5657 gladium
3449 5589 3663 5662 (Matt/1.

2092 5675 2175 5730 10.
2201 5674 2314 5746 54).
2339 5675 2390 5730 5.
2413 5673 2538 5729 Cum
2559 5683 2725 5727 autem
2757 5677 2924 5744 factus
2945 5687 3071 5729 esset
3093 5677 3308 5746 impetus
3336 5681 3595 5752 gentilium
3618 5696 3665 5736 et

2087 5767 2386 5821 Iudaeorum
2410 5782 2526 5820 cum
2550 5765 2861 5836 principibus
2900 5768 3004 5822 suis
3034 5809 3048 5833 ,
3082 5781 3136 5823 ut
3160 5774 3473 5828 contumeliis
3497 5775 3674 5844 ofﬁce--

2092 5871 2200 5918 rent
2224 5870 2268 5916 et
2298 5859 2582 5931 tapidurent
2602 5874 2703 5925 eos,
2729 5856 2780 5914 6.
2805 5856 3144 5932 Intelligcntes
3165 5867 3671 5938 confugeruntadci»
