4104 6148
394 401 496 455 Μ

392 518 576 570 uitates
590 511 1349 585 quierircumerantLycaoniw
1358 512 1593 583 Lystram
1615 522 1661 566 et
1683 509 1878 564 Derben
1904 552 1919 574 ,
1938 522 1985 566 et

394 606 677 659 universam
719 608 771 657 in
813 605 1028 658 circuitu
1062 604 1317 673 regionem
1350 645 1365 670 ,
1394 612 1443 657 et
1478 603 1547 657 ibi
1587 602 1987 673 evangelisantes

392 707 554 751 erum.
926 753 933 762 ,

460 790 516 845 2.
551 788 787 845 Rursum
825 789 976 860 quasi
1014 790 1138 844 data
1192 802 1357 857 opera
1392 787 1684 843 extendere
1731 786 1978 841 volentes

393 881 828 952 praedicationem
856 923 870 947 ,
906 892 1183 953 postquam
1213 888 1556 951 augmentum
1587 879 1792 949 accepit
1817 920 1831 945 ,
1883 879 1982 932 ite-

392 993 509 1032 rum
534 976 655 1030 illos
679 976 895 1045 pellunt.
929 975 1063 1030 Vide
1085 976 1283 1045 ubique
1312 973 1757 1044 persequutiones
1786 986 1979 1041 magna

389 1070 604 1141 operari
646 1070 785 1125 bona
809 1111 823 1132 ,
858 1079 913 1124 et
963 1077 1349 1139 persequentes
1400 1067 1542 1121 vinci
1571 1109 1585 1133 ,
1621 1066 1804 1137 pulsos
1847 1080 1976 1119 vero

389 1159 697 1230 splendidos
725 1160 883 1215 efﬁci.
914 1159 1045 1213 Nam
1083 1168 1140 1213 ut
1162 1160 1308 1213 venit
1338 1160 1584 1229 Lystram
1606 1197 1621 1219 ,
1660 1157 1977 1210 miraculum

390 1268 638 1323 magnum
677 1251 938 1322 patravit,
978 1258 1160 1305 erecto
1193 1250 1384 1304 claudo
1412 1289 1428 1314 ,
1478 1256 1533 1303 et
1574 1262 1767 1316 magna
1799 1263 1974 1301 voce:

390 1344 661 1415 quomodo
688 1354 889 1412 autem,
918 1344 1063 1398 audi.
1095 1342 1163 1397 Et
1191 1342 1397 1415 quidam
1420 1343 1495 1396 vir
1517 1341 1716 1412 Lystris
1742 1340 1979 1407 inﬁrmus

389 1438 597 1507 pedibus
617 1437 838 1502 sedebat,
864 1437 1075 1491 claudus
1101 1452 1162 1490 ea:
1187 1446 1329 1490 utero
1355 1436 1533 1489 matris
1559 1450 1684 1500 sure,
1714 1434 1807 1504 qui
1828 1449 1979 1487 num-

386 1546 539 1599 quam
562 1529 925 1583 ambulaverat.
956 1528 1006 1583 8.
1052 1527 1151 1581 llic
1173 1528 1365 1581 audivit
1397 1526 1623 1581 Paulum
1666 1527 1970 1596 loquentem.

390 1621 489 1686 Qui
517 1621 731 1674 intuitus
756 1636 890 1687 eum,
919 1628 966 1674 et
993 1619 1163 1673 videns
1186 1620 1303 1689 quia
1331 1619 1482 1686 ﬁdem
1507 1618 1711 1672 haberet
1733 1627 1788 1671 ut
1807 1617 1977 1671 salvus

387 1714 563 1781 ﬁeret,
609 1713 664 1768 9.
696 1713 826 1767 dixit
870 1729 1056 1783 magna
1103 1727 1263 1766 voce:
1295 1711 1464 1783 Surge
1505 1726 1658 1779 super
1682 1710 1833 1781 pedes
1864 1720 1976 1763 tuos

387 1815 568 1859 rectus.
611 1806 678 1861 Et
716 1806 930 1861 exsilivit
955 1848 969 1869 ,
1001 1815 1047 1859 et
1089 1806 1397 1860 ambulabat.
1428 1804 1536 1859 Cur
1576 1820 1765 1875 magna
1799 1803 1976 1858 voce?

389 1901 451 1956 Ut
484 1900 653 1954 turbze
685 1900 988 1954 crederent.
1036 1899 1172 1954 Vide
1215 1908 1435 1954 autem:
1468 1898 1755 1968 diligenter
1797 1907 1975 1952 atten-

385 1992 543 2045 debat
571 1990 730 2044 dictis
757 1990 902 2044 Pauli
935 2006 949 2055 ;
988 1991 1088 2044 hoc
1112 1990 1253 2043 enim
1281 1989 1381 2043 sibi
1416 1989 1530 2043 vult
1564 1988 1713 2054 illud,
1746 1989 1971 2043 Audiuit.

389 2083 570 2139 Viden‘
617 2083 1049 2155 philosophiam?
1095 2082 1235 2137 Nihil
1275 2082 1341 2137 ex
1383 2082 1773 2137 claudicatione
1814 2083 1974 2137 laesus

386 2176 439 2230 in
460 2174 712 2230 audiendi
735 2175 932 2230 studio.
955 2174 1055 2239 Qui
1077 2175 1288 2228 intuitus
1308 2190 1439 2239 eum,
1468 2174 1641 2228 videns
1664 2174 1800 2245 quod
1820 2173 1974 2241 ﬁdem

384 2266 586 2320 haberet
612 2277 666 2319 ut
689 2267 857 2320 salvus
882 2267 1041 2336 ﬁeret.
1067 2264 1184 2319 Jam
1211 2265 1637 2335 praeelectionem
1665 2268 1716 2320 in
1748 2265 1974 2320 familia-

389 2358 599 2411 ritatein
631 2366 1032 2427 assumpserat:
1068 2357 1168 2411 etsi
1191 2356 1242 2409 in
1266 2355 1384 2411 aliis
1409 2356 1731 2411 contrarium
1777 2355 1971 2411 factum

383 2450 474 2504 sit.
502 2448 637 2505 Cum
670 2449 813 2504 enim
857 2448 1004 2518 prius
1042 2462 1267 2517 corpora
1312 2456 1665 2512 curaverant,
1696 2457 1823 2503 tunc
1858 2447 1974 2501 ani-

385 2557 499 2595 mas
522 2541 783 2596 curabant
807 2558 821 2594 :
849 2540 935 2595 hic.
964 2556 1092 2595 vero
1120 2554 1225 2595 non
1254 2541 1333 2595 sic
1354 2549 1569 2596 curatus
1602 2550 1704 2595 est.
1750 2539 1973 2596 Videtur

387 2633 517 2687 mihi
545 2633 741 2687 Paulus
768 2632 833 2686 ad
861 2632 1093 2686 animam
1122 2632 1445 2702 respexisse.
1478 2631 1544 2685 Et
1574 2631 1788 2686 exsilivit
1820 2675 1837 2700 ,
1885 2633 1969 2685 in-

382 2728 528 2799 quit,
561 2737 609 2781 et
648 2726 960 2781 ambulabat.
1006 2726 1263 2781 Perfecta:
1309 2726 1555 2780 sanitatis
1602 2727 1811 2796 signum
1856 2737 1971 2780 erat

381 2822 522 2890 quod
553 2819 867 2874 ambularet.
900 2818 988 2874 10.
1021 2817 1205 2873 Turba
1235 2829 1405 2873 autem
1434 2834 1548 2872 cum
1574 2819 1809 2873 vidissent
1834 2819 1969 2888 quod

384 2915 571 2983 fecerat
602 2909 804 2963 Paulus
823 2951 839 2975 ,
872 2910 1159 2964 levaverunt
1184 2924 1353 2963 uocem
1382 2926 1547 2975 suam,
1578 2908 1862 2980 Lycaonice
1890 2910 1970 2962 di-

380 3014 543 3056 centes
565 3017 583 3054 :
611 3000 698 3054 Dii
743 3002 931 3054 similes
973 3002 1095 3071 facti
1141 3000 1427 3054 hominibus
1450 3041 1464 3063 ,
1497 3002 1858 3055 descenderunt
1902 3002 1970 3054 ad

384 3112 493 3146 nos.
527 3094 615 3146 11.
657 3091 721 3144 Et
746 3091 989 3144 vocabant
1027 3089 1319 3143 Barnabam
1342 3090 1556 3151 Jovem,
1589 3090 1813 3145 Paulum
1851 3108 1969 3145 vero

384 3185 695 3239 Mercurium
720 3198 741 3237 :
763 3184 1002 3253 quoniam
1026 3184 1134 3254 ipse
1160 3193 1265 3235 erat
1293 3183 1399 3236 dua:
1419 3182 1571 3237 verbi.
1603 3183 1690 3238 12.
1715 3184 1969 3238 Sacerdos

382 3294 577 3348 quoque
599 3275 761 3341 Jovis,
792 3275 878 3338 qui
903 3283 1010 3328 erat
1036 3283 1151 3327 ante
1177 3274 1428 3327 civitatem
1466 3274 1691 3341 illorum,
1724 3285 1897 3328 tauros
1923 3286 1968 3328 et

382 3388 594 3426 coronas
620 3381 735 3424 ante
767 3371 957 3441 januas
1000 3368 1218 3437 aﬂ'erens
1241 3410 1255 3434 ,
1288 3385 1403 3422 cum
1434 3370 1635 3438 populis
1669 3371 1860 3423 colebat
1886 3389 1968 3425 sa-

385 3464 648 3533 criﬁcare.
695 3462 801 3517 Sed
849 3461 952 3516 hoc
1002 3460 1236 3515 nondum
1284 3470 1400 3516 erat
1444 3460 1828 3516 manifestum:
1872 3478 1966 3517 sua

384 3558 526 3610 enim
556 3569 687 3609 voce
710 3554 1064 3622 loquebantur
1090 3552 1331 3607 dicentes
1355 3570 1369 3607 :
1401 3551 1489 3606 Dii
1514 3555 1700 3609 similes
1729 3557 1850 3627 facti
1876 3556 1967 3610 Ito-

386 3646 622 3709 minibus,
647 3646 1013 3699 descenderunt
1033 3645 1100 3696 ad
1123 3660 1214 3697 nos
1229 3661 1248 3709 ;
1276 3644 1397 3699 ideo
1420 3645 1549 3699 nihil
1574 3646 1677 3701 illis
1697 3646 1963 3701 dicebant.

384 3739 515 3791 Cum
540 3748 718 3791 autem
744 3751 973 3790 coronas
996 3734 1273 3800 viderunt,
1308 3745 1433 3791 tunc
1462 3739 1661 3807 egressi
1693 3739 1968 3794 sciderunt

387 3829 701 3883 vestimenta
730 3842 846 3881 sua.
875 3829 964 3884 15.
1000 3828 1149 3895 Quod
1179 3829 1263 3882 ubi
1300 3830 1569 3883 audierunt
1594 3832 1810 3901 apostoli
1832 3830 1967 3885 Bar-

387 3920 543 3974 nabas
572 3929 620 3973 et
653 3919 874 3986 Paulus,
904 3920 1168 3974 conscissis
1192 3921 1409 3974 uestibus
1434 3921 1560 3987 suis,
1589 3920 1879 3975 exsilierunt
1914 3924 1967 3977 in

386 4014 602 4075 turbam,
629 4012 903 4065 clamantes
929 4012 1018 4066 M.
1050 4022 1097 4065 et
1125 4012 1343 4066 dicentes
1368 4027 1389 4067 :
1422 4010 1552 4079 Viri,
1581 4013 1704 4083 quid
1726 4014 1820 4066 hoc
1835 4015 1965 4087 faci-

386 4104 565 4157 tis?et
611 4120 702 4156 nos
729 4103 960 4156 similiter
986 4111 1041 4156 ut
1080 4118 1167 4156 vos
1205 4103 1466 4173 passibiles
1509 4120 1682 4158 sumus
1721 4105 1965 4159 homines.

390 4197 519 4252 Vide
547 4197 665 4253 illos
693 4197 889 4267 ubique
915 4212 944 4250 a
971 4197 1155 4267 gloria:
1177 4197 1354 4252 studio
1377 4198 1604 4252 mundos
1633 4217 1647 4253 :
1672 4214 1776 4254 non
1808 4201 1967 4255 modo

387 4308 489 4343 non
534 4289 942 4367 desiderantes.
992 4288 1086 4344 sed
1128 4291 1360 4344 oblatam
1406 4290 1738 4360 depellentes
1766 4311 1781 4347 :
1813 4302 1870 4346 ut
1914 4303 1969 4346 et

387 4383 574 4437 Petrus
616 4383 865 4436 dicebat:
894 4381 1031 4448 Quid
1074 4398 1165 4435 nos
1212 4383 1521 4448 intuemini,
1565 4384 1710 4452 quasi
1759 4386 1967 4453 prapria

386 4476 564 4529 virtute
582 4475 657 4527 uel
683 4475 865 4544 pietate
886 4475 1151 4543 fecerimus
1172 4475 1304 4527 hunc
1320 4474 1577 4528 ambulare
1595 4475 1730 4547 (Act.
1755 4477 1810 4529 5.
1835 4476 1921 4547 12)
1943 4479 1967 4530 ?

389 4570 449 4622 lli
485 4583 699 4638 quoque
745 4567 975 4636 idipsum
1005 4566 1208 4619 dicunt.
1233 4565 1430 4634 Joseph
1458 4567 1618 4620 etiam
1649 4568 1859 4623 dicebat
1898 4569 1966 4625 de

386 4661 610 4715 somniis
638 4675 651 4710 :
686 4656 871 4711 Nonne
905 4674 939 4711 α
974 4656 1083 4711 Deo
1109 4658 1451 4727 manifestatio
1489 4674 1662 4711 eorum
1691 4658 1840 4731 (Gen.
1873 4662 1961 4717 40.

385 4754 440 4823 8)
461 4753 485 4806 ?
510 4761 563 4805 ct
589 4748 810 4820 perinde
841 4748 1024 4802 Daniel
1052 4767 1065 4802 :
1101 4748 1166 4800 Et
1196 4748 1320 4800 mihi
1349 4749 1524 4801 nonin
1548 4750 1794 4816 sapientia
1816 4793 1828 4812 ,
1856 4769 1967 4817 quc

384 4847 436 4899 in
483 4860 563 4898 me
588 4854 690 4909 est,
719 4840 993 4896 revelatum
1018 4852 1090 4894 est
1117 4840 1280 4909 (Dan.
1311 4841 1365 4894 2.
1398 4841 1509 4911 50).
1547 4842 1613 4895 Et
1643 4842 1836 4897 Paulus
1867 4846 1965 4901 hoc

385 4939 581 5008 ubique
608 4936 775 5000 dicit,
825 4944 882 4989 ut
920 4938 1021 4989 hoc
1059 4935 1177 4988 loco
1209 4952 1222 4987 :
1257 4932 1323 4986 Et
1363 4934 1433 4987 ad
1461 4938 1570 4988 hwc
1599 4937 1710 5004 quis
1734 4939 1910 5009 snﬁicit
1938 4940 1965 4993 Ρ

382 5040 437 5084 et
464 5044 672 5083 rursum
703 5046 717 5082 :
748 5026 868 5081 Non
894 5026 1027 5097 quod
1053 5026 1348 5096 sufﬁcientes
1388 5026 1545 5081 simus
1585 5046 1617 5081 a
1655 5030 1796 5083 nobis
1840 5032 1964 5099 ipsis

381 5123 622 5192 cogitare,
655 5120 801 5189 quasi
833 5135 896 5172 ea:
920 5119 1062 5172 nobis
1085 5134 1105 5182 ;
1132 5117 1220 5171 sed
1244 5118 1539 5188 sufﬁcientia
1565 5131 1742 5175 nostra
1769 5138 1831 5175 ea:
1854 5122 1962 5177 Deo

382 5224 449 5265 est
484 5213 560 5282 (2.
591 5212 712 5267 Cor.
738 5212 793 5265 9..
827 5213 915 5266 16.
945 5220 990 5264 et
1016 5211 1072 5266 5.
1104 5211 1180 5280 5).
1210 5209 1317 5264 Sed
1341 5211 1613 5281 superiora
1636 5224 1958 5283 repetamus.

381 5306 494 5361 Non
523 5311 640 5361 sine
661 5322 821 5362 causa
847 5306 1017 5359 turba:
1047 5304 1176 5374 ipsis
1200 5304 1471 5357 Iusserunt
1494 5320 1510 5370 ;
1539 5307 1630 5359 sed
1654 5307 1962 5376 quomodo?

384 5400 661 5471 llogabant
688 5441 704 5466 ,
737 5409 794 5453 ut
844 5399 975 5468 ipsis
1020 5396 1208 5453 eadem
1252 5397 1445 5451 iterum
1493 5398 1875 5467 loquerentur,
1907 5411 1961 5454 et

379 5495 630 5562 operibus
655 5493 891 5547 studium
917 5491 1283 5547 declarabant.
1319 5489 1449 5545 Vide
1471 5490 1663 5560 ubique
1690 5501 1955 5561 rogantes,

382 5601 478 5641 nec
508 5586 818 5656 simpliciter
842 5586 1163 5655 recipientes
1182 5627 1198 5649 ,
1229 5585 1314 5639 vel
1337 5584 1636 5639 adulantes.
1666 5583 1788 5638 Ideo
1816 5584 1960 5637 dice-

382 5678 507 5731 bat:
539 5678 637 5744 Qui
657 5678 993 5747 colloquentes
1013 5694 1127 5731 cum
1152 5678 1244 5743 eis,
1270 5674 1640 5745 persuadebunt
1669 5676 1739 5728 eis
1760 5690 1958 5744 perma-

380 5787 495 5824 nere
524 5771 578 5823 in
626 5770 791 5839 gratia
830 5767 948 5821 Dei.
990 5770 1097 5823 Cur
1124 5785 1229 5823 non
1278 5779 1432 5823 antea
1478 5766 1959 5822 contradicebant?

379 5863 505 5930 Quia
552 5860 761 5915 interim
803 5860 1096 5915 munitores
1136 5861 1505 5929 quiescebant.
1541 5860 1732 5915 Vidcn'
1760 5860 1955 5931 ubique

1135 402 1189 457 S.
1234 401 1507 458 JOANNIS
1546 397 2018 456 CllRYSOSTOMl
2058 395 2373 452 ARCHIEP.
2414 395 2945 455 CONSTANTINOP.

3578 410 3678 468 224

2092 507 2211 563 illos
2235 523 2301 562 ex
2330 507 2576 578 passione
2604 512 2809 565 moveri
2836 513 2860 565 ἶ)
2888 512 2998 568 Nec
3027 513 3189 569 modo
3215 518 3679 586 contradicebant,

2090 598 2186 653 sed
2233 601 2393 654 etiam
2440 600 2883 669 blaSphemabant
2926 621 2941 659 :
2985 606 3186 660 malitia
3226 609 3371 663 enim
3420 628 3684 684 nusquam

2087 692 2309 761 gradum
2342 694 2504 748 sistit.
2551 694 2655 749 Sed
2682 694 2805 750 vide
2840 696 3052 752 dicendi
3098 699 3400 757 libertatem
3429 722 3442 757 :
3490 704 3639 761 Vobis
3661 751 3680 774 ,

2088 784 2256 853 inquit
2278 826 2292 848 ,
2326 785 2586 854 oportebat
2611 789 2828 856 primunt
2868 789 3005 857 loqui
3031 790 3233 847 verbum
3257 809 3277 859 ;
3304 796 3422 864 quia
3451 813 3566 851 vero
3588 816 3674 853 re-

2090 876 2278 944 pellitis
2305 876 2457 932 illud.
2490 877 2630 932 Nihil
2656 881 3043 934 contumeliose
3073 881 3294 939 dictum.
3322 887 3474 952 Quod
3513 889 3673 944 etiam

2088 968 2138 1022 in
2170 969 2443 1038 prophetis
2476 970 2631 1025 ﬁebat
2662 989 2676 1026 :
2710 970 2793 1025 Ne
2834 973 3149 1042 loquamini,
3199 978 3407 1048 inquit,
3456 979 3675 1051 loquela.

2088 1060 2222 1126 Quia
2248 1077 2363 1115 vero
2390 1060 2647 1132 repulistis
2675 1064 2826 1129 illud,
2861 1065 3051 1135 inquit,
3083 1084 3189 1123 non
3219 1085 3315 1125 nos
3350 1090 3364 1127 :
3395 1089 3500 1126 non
3529 1076 3673 1129 enim

2085 1154 2137 1207 in
2185 1168 2282 1208 nos
2329 1157 2651 1211 contumelia
2691 1167 2867 1212 vestra
2897 1162 3143 1215 vertitur.
3185 1162 3262 1217 Ne
3291 1167 3410 1235 quis
3436 1168 3578 1222 enim
3606 1185 3673 1224 ex

2082 1247 2279 1317 pietate
2312 1257 2458 1317 putet
2496 1250 2620 1303 illud
2650 1265 2801 1315 esse,
2835 1250 3085 1324 Indignas
3113 1270 3200 1309 uos
3223 1257 3506 1327 judicatis;
3551 1260 3675 1315 ideo

2084 1340 2232 1411 prius
2261 1341 2393 1394 dixit
2418 1382 2433 1406 ,
2461 1340 2729 1412 Repellitis
2754 1344 2887 1397 illud
2908 1362 2927 1408 ;
2956 1356 3011 1400 et
3040 1354 3165 1401 tunc
3190 1348 3337 1403 addit
3361 1392 3377 1414 ,
3410 1350 3671 1407 Converti-

2081 1447 2196 1483 mur
2222 1432 2291 1483 ad
2314 1442 2502 1503 gentes.
2550 1434 2708 1489 Multa
2746 1435 2962 1504 plenum
3002 1440 3412 1496 mansuetudine
3436 1442 3666 1499 dictum.

2080 1521 2195 1577 Non
2218 1522 2371 1587 dixit,
2408 1524 2836 1596 Derelinquinms
2864 1543 2957 1583 vos
2979 1571 2994 1594 ,
3034 1531 3328 1587 ostendens
3347 1575 3362 1601 ,
3394 1550 3555 1603 posse
3578 1538 3673 1592 ad-

2082 1611 2186 1668 huc
2211 1615 2331 1669 illos
2359 1617 2596 1671 converti
2627 1634 2641 1682 ;
2672 1626 2726 1672 et
2752 1617 2852 1673 hoc
2883 1634 2989 1672 non
3019 1630 3236 1689 prepter
3272 1635 3507 1678 vestram
3539 1642 3669 1682 con-

2081 1706 2351 1761 tumeliam
2379 1708 2571 1763 iactum
2609 1717 2729 1763 est:
2760 1709 2829 1763 ita
2858 1714 3000 1764 enim
3026 1721 3348 1781 prteceptnm
3377 1724 3462 1769 est
3488 1718 3663 1772 nobis.

2079 1796 2367 1868 Oportebat
2413 1800 2627 1867 quidem
2671 1809 2859 1871 gentes
2884 1802 3105 1867 audire;
3138 1819 3325 1858 verum
3359 1804 3459 1859 hoc
3500 1823 3604 1861 non
3632 1824 3662 1863 a

2081 1894 2231 1948 nobis
2257 1934 2271 1957 ,
2320 1893 2412 1949 sed
2442 1909 2471 1948 a
2512 1894 2663 1949 vobis
2708 1896 2902 1949 factum
2931 1905 3050 1962 est,
3082 1898 3222 1967 quod
3268 1914 3296 1951 a
3344 1899 3497 1953 nobis
3546 1899 3659 1956 fieri

2078 1986 2375 2055 Oportebat.
2406 1986 2495 2040 Sic
2517 1987 2672 2053 enim,
2700 1987 2903 2057 inquit,
2932 1989 3168 2058 prwcepit
3195 1990 3337 2043 nobis
3366 1989 3612 2044 Dominus
3640 2008 3661 2047 :

2078 2074 2241 2129 Posui
2267 2087 2312 2130 te
2339 2077 2390 2128 in
2418 2077 2579 2130 lucem
2606 2078 2828 2148 gentium
2852 2119 2867 2143 ,
2896 2088 2952 2131 ut
2982 2080 3051 2131 sis
3077 2081 3130 2133 in
3159 2080 3372 2133 salutem
3397 2098 3415 2144 ;
3446 2081 3496 2136 id
3535 2091 3621 2138 est
3642 2123 3658 2148 ,

2078 2170 2131 2225 in
2158 2171 2517 2240 cognitionem
2549 2186 2667 2240 quae
2697 2172 2768 2226 sit
2806 2171 2872 2225 ad
2904 2174 3128 2225 salutem
3154 2213 3169 2235 ,
3212 2188 3318 2226 non
3345 2174 3660 2242 simpliciter

2077 2263 2334 2332 gentium,
2367 2261 2463 2317 sed
2487 2263 2723 2317 omnium
2755 2263 3013 2332 gentium.
3045 2263 3159 2317 Hoc
3185 2264 3327 2318 enim
3357 2265 3661 2334 signiﬁcat,

2075 2369 2196 2410 cum
2225 2354 2357 2409 dixit
2381 2372 2394 2407 :
2428 2354 2680 2425 Quotquot
2710 2365 2853 2408 erant
2890 2356 3221 2424 prceordinati
3249 2357 3303 2410 in
3330 2358 3485 2410 uitam
3512 2367 3661 2412 cter-

2076 2464 2214 2501 nam.
2263 2448 2330 2501 Et
2377 2448 2479 2501 hoc
2525 2447 2775 2502 indicium
2809 2458 2891 2503 est
2922 2448 3043 2503 illos
3073 2449 3370 2504 secundum
3418 2450 3664 2504 volunta-

2077 2548 2181 2594 tem
2213 2539 2303 2593 Dei
2332 2539 2551 2593 assumi.
2576 2538 2926 2593 Prazordinati
2946 2540 3093 2603 dicit,
3125 2552 3180 2593 ut
3205 2540 3455 2595 ostendat
3481 2541 3529 2594 id
3554 2558 3660 2596 non

2077 2648 2169 2700 per
2199 2632 2568 2686 necessitatem
2600 2630 2735 2685 ﬁeri.
2770 2630 2908 2697 Quos
2954 2633 3086 2684 enim
3116 2631 3400 2700 praesciuit,
3449 2631 3658 2701 inquit,

2073 2734 2119 2777 et
2151 2722 2518 2792 praedestinavit
2561 2721 2739 2792 (Rom.
2784 2721 2838 2777 8.
2869 2721 2986 2791 29).
3032 2722 3147 2776 Non
3190 2722 3300 2791 jam
3350 2723 3401 2776 in
3444 2722 3661 2778 civitate

2073 2815 2299 2884 dispersi
2328 2823 2496 2879 erant,
2527 2813 2619 2869 sed
2647 2815 2812 2869 etiam
2840 2815 2890 2867 in
2918 2814 3157 2884 regione.
3191 2814 3486 2869 Audientes
3512 2815 3658 2869 enim

2072 2908 2299 2978 gentiles
2324 2950 2337 2970 .
2366 2916 2423 2961 et
2456 2907 2555 2977 ipsi
2598 2906 2754 2976 paulo
2786 2916 2905 2976 post
2940 2916 3303 2963 accesserunt.
3332 2908 3506 2961 Judaei
3539 2924 3657 2963 vero

2073 3003 2387 3056 concitarunt
2416 3000 2649 3054 mulieres
2685 3001 2970 3070 religiosas,
3004 3010 3049 3054 et
3072 3001 3501 3071 persequutionem
3522 3000 3659 3053 esci-

2073 3104 2254 3149 tavere.
2298 3095 2577 3165 Perpende
2619 3109 2714 3149 eos
2759 3110 2935 3148 rerum
2979 3109 3009 3148 a
3040 3094 3357 3149 mulieribus
3386 3104 3655 3164 gestarum

2072 3196 2319 3240 auctores
2348 3200 2487 3239 esse.
2524 3183 2587 3236 Et
2611 3186 2864 3254 ejecerunt
2892 3200 2975 3239 eos
3004 3201 3035 3237 a
3061 3184 3245 3253 ﬁnibus
3275 3186 3378 3238 suis
3403 3199 3423 3249 ;
3453 3200 3558 3239 non
3586 3186 3657 3239 ab

2070 3279 2201 3333 urbe
2233 3287 2435 3332 tantum
2461 3318 2477 3343 ,
2506 3276 2600 3332 sed
2630 3288 2683 3332 et
2709 3293 2736 3328 a
2768 3277 2982 3346 regione
3015 3285 3143 3330 tota.
3184 3277 3381 3331 Deinde
3411 3276 3514 3332 hoc
3544 3287 3655 3332 ter-

2073 3370 2278 3423 ribilius
2303 3378 2385 3423 est
2410 3386 2423 3422 :
2455 3368 2704 3439 Discipuli
2734 3378 2899 3420 autem
2924 3409 2937 3429 ,
2970 3368 3160 3437 inquit,
3186 3370 3365 3438 repleti
3388 3379 3504 3423 sunt
3530 3386 3658 3439 gau-

2070 3460 2155 3513 dio
2198 3470 2245 3513 et
2281 3458 2482 3528 Spiritu
2531 3468 2725 3513 sancto.
2770 3458 3115 3513 Pcllebantur
3158 3458 3404 3514 ductores
3433 3502 3449 3523 ,
3490 3460 3652 3515 etilli

2070 3552 2392 3622 gaudebant.
2432 3550 2676 3605 Vidistin‘
2705 3561 2945 3604 naturam
2972 3549 3237 3619 Evangelii
3275 3551 3525 3606 virtutem
3557 3551 3653 3606 ba-

2068 3646 2285 3701 bentem
2311 3646 2529 3699 multam
2552 3644 2576 3698 ?
2599 3644 2677 3698 Ad
2701 3644 3019 3698 iracundiam
3039 3648 3433 3707 concitaverunt,
3464 3645 3650 3714 inquit,

2071 3743 2265 3793 animas
2306 3738 2529 3809 gentium
2573 3738 2813 3791 adversus
2852 3740 3084 3809 fratres;
3114 3735 3167 3789 id
3210 3746 3315 3801 est,
3344 3737 3650 3790 calumninti

2070 3840 2196 3885 sunt
2240 3830 2533 3899 apostolos,
2563 3828 2631 3884 de
2675 3830 2909 3884 millibus
2938 3843 3033 3883 eos
3059 3837 3379 3882 accusarunt
3405 3868 3419 3893 ,
3450 3838 3506 3883 et
3536 3828 3653 3882 illos

2071 3923 2343 3993 simplices
2368 3924 2598 3993 maligne
2625 3921 2941 3976 affecerunt.

2141 4016 2196 4070 5.
2237 4015 2304 4069 Et
2325 4015 2446 4069 vide
2470 4054 2485 4077 ,
2514 4013 2788 4084 quomodo
2818 4014 3015 4082 ubique
3061 4022 3227 4066 totum
3276 4012 3387 4067 Deo
3434 4010 3650 4067 referat.

2071 4105 2238 4160 Multa
2286 4116 2543 4176 tempore,
2590 4104 2802 4174 inquit,
2849 4104 3094 4157 demorati
3139 4113 3292 4168 sunt,
3350 4104 3654 4173 ﬁducialiter

2070 4208 2272 4269 agentes
2297 4200 2348 4251 in
2376 4197 2614 4263 Domino,
2643 4196 2980 4249 testimonium
3005 4195 3293 4266 per/tibente
3311 4194 3457 4248 verbo
3476 4196 3655 4265 gratiae

2069 4293 2266 4362 ipsius.
2316 4290 2393 4344 Ne
2432 4290 2559 4360 quid
2608 4289 2697 4343 hic
2743 4288 3081 4342 imminutum
3134 4298 3309 4357 putes.
3340 4287 3475 4343 Cum
3506 4289 3650 4342 enim

2070 4384 2330 4453 dicerent,
2358 4383 2455 4451 Qui
2487 4383 2823 4437 testimonium
2848 4382 2985 4435 dedit
3016 4381 3105 4436 sub
3146 4379 3335 4435 Pontio
3371 4380 3543 4434 Pilato
3569 4382 3649 4449 (1.

2073 4477 2205 4532 Tim.
2232 4478 2284 4532 6.
2315 4478 2425 4547 15),
2457 4485 2579 4530 tunc
2607 4476 2793 4531 ﬁducia
2822 4475 3238 4539 ostendebatur;
3272 4473 3358 4528 hic
3380 4484 3556 4528 autem
3582 4474 3653 4529 de

2071 4568 2264 4639 populo
2291 4568 2545 4639 loquitur.
2576 4566 2691 4622 Non
2727 4575 3105 4636 exspectarunt
3144 4565 3303 4634 igitur
3329 4605 3345 4628 ,
3388 4563 3481 4618 sed
3508 4563 3651 4618 vide-

2071 4670 2196 4715 runt
2226 4662 2502 4729 impetum.
2536 4660 2599 4713 Et
2630 4663 2963 4730 confugerunt
2992 4658 3059 4710 ad
3083 4659 3306 4711 civitates
3333 4655 3643 4728 Lycaonia,

2068 4752 2302 4824 Lystram
2330 4763 2376 4806 et
2401 4751 2674 4811 Derben,et
2716 4752 3000 4803 uniuersam
3035 4748 3089 4802 in
3119 4749 3336 4801 circuitu
3374 4749 3646 4818 regionem.

2073 4846 2168 4901 Ubi
2191 4845 2410 4899 minime
2440 4843 2675 4897 furorem
2692 4856 2847 4895 suum
2870 4855 3125 4896 exercere
3154 4841 3350 4896 licebat
3378 4841 3479 4895 illis
3508 4859 3521 4895 :
3551 4842 3649 4895 ita-

2068 4954 2173 5009 que
2212 4940 2262 4991 in
2305 4937 2549 5006 regiones
2595 4935 2928 5004 pergebant,
2970 4948 3071 4989 nec
3100 4943 3301 4988 tantum
3344 4934 3395 4987 in
3426 4933 3651 4988 urbibus

2068 5030 2435 5086 versabantur.
2466 5027 2595 5082 Vide
2625 5041 2835 5096 quoque
2853 5027 3092 5096 gentium
3125 5025 3519 5095 simplicitatem
3548 5067 3563 5085 ,
3592 5035 3651 5079 et

2066 5123 2371 5178 Judaeorum
2398 5118 2708 5189 nequitiam.
2749 5118 3013 5187 Operibus
3038 5116 3383 5173 declarabant
3421 5116 3648 5187 gentiles

2066 5231 2126 5271 se
2146 5214 2337 5283 dignos
2375 5227 2497 5267 esse
2526 5212 2615 5281 qui
2655 5211 2904 5265 audirent
2930 5229 2945 5267 :
2975 5212 3157 5280 sicque
3187 5210 3304 5264 illos
3326 5209 3396 5264 ob
3421 5209 3534 5263 sola
3574 5209 3649 5263 si-

2066 5322 2165 5377 gna
2193 5305 2545 5359 honorabant.
2579 5304 2680 5358 Alii
2712 5314 2769 5357 ut
2808 5303 2936 5358 deos
2962 5303 3231 5377 colebant,
3263 5302 3353 5356 alii
3386 5314 3443 5356 ut
3472 5305 3673 5381 perni-_

2063 5402 2239 5454 ciosos
2268 5396 2574 5467 pellebant:
2599 5405 2654 5451 et
2694 5394 2784 5449 alii
2809 5395 3024 5464 quidem
3055 5410 3160 5449 non
3189 5394 3348 5449 modo
3386 5392 3647 5465 pradica-

2064 5491 2196 5544 tioni
2227 5505 2333 5545 non
2362 5489 2714 5551 obsistebant,
2747 5487 2842 5541 sed
2869 5488 3028 5542 etiam
3049 5486 3299 5542 dicebant
3320 5530 3335 5553 ,
3362 5487 3450 5540 Dii
3475 5486 3644 5540 homi-

2064 5581 2211 5635 nibus
2251 5582 2439 5636 similes
2464 5581 2624 5652 facti,
2654 5580 3012 5633 descenderunt
3039 5579 3107 5631 ad
3149 5596 3240 5633 nos
3268 5595 3287 5644 ;
3313 5578 3482 5634 Judmi
3513 5594 3644 5633 vero

2063 5672 2578 5726 scandalizabantur.
2636 5668 2704 5723 Et
2753 5669 2994 5723 uocabant
3031 5711 3047 5735 ,
3096 5670 3308 5739 inquit,
3352 5668 3643 5723 Barnabain

2060 5762 2258 5830 Jovem,
2289 5761 2510 5817 Paulum
2530 5778 2644 5815 vero
2668 5760 2996 5814 Mercurium.
3019 5759 3221 5831 Opinor
3241 5762 3401 5815 etiam
3422 5770 3643 5829 aspectu

2062 5857 2420 5913 venerabilem
2450 5854 2614 5910 fuisse
2642 5854 2957 5910 Barnabam.
2989 5853 3103 5911 Non
3135 5870 3295 5925 parva
3328 5855 3444 5910 haec
3466 5862 3639 5911 tenta-
