4108 6172
367 329 472 386 223

359 445 646 514 Λύστραν
702 449 798 501 καὶ
847 448 1089 516 Δέρϐην,
1141 451 1238 506 καὶ
1284 449 1396 520 τὴν
1447 451 1800 520 περίχωρον,
1851 449 2028 505 κάκεῖ

357 528 524 601 ἦσαν
557 535 1082 604 εὐαγγελιζόμενοι.

433 617 498 688 β’.
526 620 693 673 Πάλιν
726 621 916 694 ῶσπερ
941 624 1190 694 ἐπίτηδες
1218 625 1454 677 ἐκτεῖναι
1484 624 1790 694 βουλόμενοι
1827 623 1885 676 τὸ
1918 625 2019 693 κή-

362 721 569 775 ρυγμα,
606 709 745 776 μετά
795 710 858 764 τὸ
905 711 1230 782 αὐξηθῆναι,
1273 712 1436 766 πάλιν
1467 713 1663 774 αὐτοὺς
1712 711 2016 780 ἐξάγουσιν.

357 793 504 863 ’Ὅρα
544 796 822 868 πανταχοῦ
871 800 998 862 τοὺς
1043 800 1315 870 διωγμοὺς
1355 800 1566 870 μεγάλα
1619 801 2015 872 ἐργαζομένους

352 881 558 948 ἀγαθὰ,
590 884 685 937 καὶ
715 886 841 948 τοὺς
892 887 990 956 μὲν
1028 887 1323 952 διώκοντας
1377 888 1739 960 ἡττωμένους,
1787 890 1916 952 τοὺς
1961 887 2017 940 δὲ

348 969 721 1040 διωκομένους
763 973 1049 1045 λαμπροὺς
1085 976 1505 1044 ἀποφαίνοντας.
1554 975 1755 1030 Ἐλθὼν
1805 976 1916 1045 γὰρ
1959 976 2018 1027 ὲν

343 1056 642 1128 Λύστροις.
677 1063 913 1114 ποιεῖται
939 1061 1125 1132 θαῦμα
1163 1064 1326 1133 μέγα,
1373 1063 1464 1116 τὸν
1487 1063 1657 1134 χωλὸν
1685 1065 2012 1133 ἀναστήσας,

343 1144 450 1195 καὶ
473 1145 683 1217 μεγάλῃ
707 1149 772 1218 τῇ
805 1151 951 1220 φωνῇ
973 1165 986 1178 ·
1019 1151 1114 1202 καὶ
1144 1150 1280 1213 πῶς,
1322 1149 1506 1204 ἄκουε.
1540 1152 1649 1204 Καί
1679 1167 1790 1216 τις,
1827 1151 2010 1220 φησὶν,

339 1229 512 1299 ἀνὴρ
558 1233 630 1285 ἐν
676 1236 968 1302 Λύστροις
1009 1237 1304 1304 ἀδύνατος
1345 1237 1471 1304 τοῖς
1509 1238 1695 1290 ποσὶν
1734 1238 2009 1303 ἐκάθητο,

337 1319 550 1385 χωλὸς
574 1319 644 1373 ἐκ
668 1323 899 1387 κοιλίας
925 1325 1150 1392 μητρὸς
1188 1325 1372 1379 αὐτοῦ
1406 1324 1711 1393 ὑπάρχων,
1747 1324 1815 1390 ὃς
1841 1324 2013 1378 οὺδέ-

335 1421 498 1458 ποτε
563 1410 1043 1474 περιπεπατήκει.
1086 1407 1274 1476 Οὗτος
1328 1411 1559 1480 ἤκουσε
1615 1412 1723 1466 τοῦ
1769 1413 2010 1466 Παύλου

333 1490 706 1558 λαλοῦντος.
735 1497 837 1560 Ὃς
859 1497 1141 1563 ἀτενίσας
1163 1497 1343 1563 αὐτῷ,
1369 1498 1466 1552 καί
1495 1498 1639 1552 ίδὼν
1681 1499 1770 1553 ὅτι
1799 1500 2010 1553 πίστιν

331 1576 473 1644 ἔχει
493 1579 598 1632 τοῦ
621 1579 904 1650 σωθῆναι,
933 1583 1061 1636 εἷπε
1085 1584 1318 1654 μεγάλῃ
1359 1584 1432 1653 τῇ
1459 1584 1631 1655 φωνῇ
1652 1604 1667 1618 ο
1697 1586 2006 1654 Ἀνάστηθι

328 1664 444 1716 ἐπὶ
468 1665 609 1732 τοὺς
647 1668 834 1734 πόδας
881 1687 999 1724 σου
1047 1672 1239 1740 ὁρθός.
1293 1673 1402 1726 Kal
1436 1673 1625 1742 ἥλατο
1665 1673 1766 1727 καὶ
1814 1691 2004 1743 περιε-

333 1751 540 1806 πάτει.
573 1755 668 1807 Διά
695 1757 747 1808 τί
778 1758 991 1830 μεγάλῃ
1019 1763 1084 1830 τῇ
1118 1764 1304 1830 φωνῇ;
1343 1763 1506 1814 Ὥστε
1538 1763 1667 1826 τοὺς
1698 1761 1886 1832 δχλους
1917 1781 2006 1816 πι-

332 1840 586 1896 στεῦσαι.
627 1845 766 1916 Ὅρα
804 1846 878 1911 δὲ,
915 1851 1199 1918 προσεῖχεν
1245 1850 1486 1920 ἀκριϐῶς
1537 1854 1648 1914 τοῖς
1689 1850 2000 1922 λεγομένοις

332 1927 448 1978 ὑπὸ
476 1928 569 1981 τοῦ
608 1931 850 1985 Παύλουο
899 1933 1055 1986 τοῦτο
1084 1936 1191 2006 γάρ
1241 1937 1357 1990 ἐστι
1393 1937 1455 1991 τὸ
1492 1940 1812 1994 Ἤκουσεν.
1848 1932 2002 2002 Εἶδες

331 2013 694 2084 φιλοσοφίαν;
725 2018 893 2072 Οὐδὲν
939 2021 1042 2073 ὑπὸ
1071 2023 1168 2092 τῆς
1199 2024 1427 2093 χωλείας
1467 2025 1602 2096 πρὸς
1633 2025 1732 2096 τὴν
1769 2025 2001 2096 σπουδὴν

331 2099 443 2167 τῆς
472 2103 784 2171 ἀρκοάσεως
823 2108 1160 2179 παρεϐλάϐη.
1207 2113 1310 2177 Ὃς
1339 2112 1626 2178 ἀτενίσας
1665 2111 1825 2178 αὺτῷ
1849 2154 1864 2178 ,
1898 2115 1997 2167 καὶ

331 2187 486 2241 ἰδὼν
509 2191 596 2243 ὅτι
625 2194 835 2246 πίστιν
861 2195 984 2263 ἔχει
1010 2196 1118 2249 τοῦ
1149 2198 1434 2266 σωθῆναι.
1463 2200 1602 2269 Ἤδη
1633 2199 1876 2270 ᾠκείωτο
1899 2199 1998 2271 τὴν

327 2278 663 2346 προαίρεσιν
691 2296 704 2309 ·
736 2281 912 2335 καίτοι
955 2284 1048 2336 ἐπὶ
1082 2283 1189 2336 τῶν
1230 2284 1404 2338 ἄλλων
1431 2286 1737 2339 τούναντίον
1769 2285 1994 2354 ἐγίνετο.

325 2365 610 2436 Πρότερον
649 2367 756 2440 γὰρ
804 2369 1020 2440 ἰώμενοι
1055 2385 1077 2412 ο
1114 2373 1183 2426 τά
1231 2374 1458 2444 σώματα
1481 2414 1497 2438 ,
1535 2376 1656 2428 τότε
1687 2374 1786 2438 τάς
1819 2374 1997 2445 ψυχὰς

323 2451 733 2522 ἐθεραπεύοντο
758 2473 770 2485 ·
804 2451 956 2519 οὗτος
999 2459 1054 2511 δὲ
1081 2461 1176 2529 οὐχ
1205 2460 1394 2524 οὕτως.
1440 2463 1592 2532 Ἐμοὶ
1618 2463 1764 2516 δοκεῖ
1790 2464 1868 2525 εἰς
1896 2461 1997 2532 τὴν

320 2539 514 2610 ψυχὴν
544 2542 670 2597 ἰδεῖν
698 2545 797 2617 τὴν
822 2546 986 2600 αὑτοῦ
1013 2546 1104 2600 τὸν
1137 2548 1369 2604 Παῦλον.
1401 2551 1509 2604 Kal
1547 2550 1741 2618 ἥλατο
1765 2593 1779 2613 ,
1837 2550 1992 2619 φησὶ,

319 2628 432 2680 καὶ
467 2631 824 2698 περιεπάτει.
873 2635 1190 2704 Τεκμήριον
1226 2637 1323 2704 τῆς
1372 2637 1560 2704 ὑγείας
1600 2638 1699 2706 τῆς
1734 2635 1994 2708 ἀκριϐοῦς

318 2716 390 2768 τὸ
430 2716 709 2773 ἅλλεσθαι.
735 2723 799 2774 Ol
823 2721 892 2774 δὲ
921 2722 1111 2790 ὄχλοι,
1144 2724 1370 2789 ἰδόντες
1393 2725 1424 2777 ὃ
1453 2725 1704 2791 ἐποίησε
1732 2725 1990 2789 Παῦλος,

314 2801 565 2870 ἐπῆραν
593 2805 791 2858 αὐτῶν
821 2808 936 2876 τὴν
967 2807 1196 2876 φωνὴν,
1218 2811 1571 2864 λυκαονιστὶ
1604 2810 1904 2879 λέγοντες·
1924 2811 1992 2863 Ol

315 2890 480 2953 θεοὶ,
502 2892 879 2959 ὁμοιωθέντες
896 2894 1251 2961 ἀνθρώποις,
1274 2896 1614 2964 κατέϐησαν
1634 2901 1784 2965 πρὸς
1812 2897 1987 2966 ἡμᾶς.

326 2975 645 3030 Ἐκάλουν
665 2978 731 3030 δὲ
753 2978 860 3032 τὸν
875 2980 992 3048 μὲν
1020 2981 1331 3054 Βαρνάϐαν
1357 2984 1482 3046 Δία,
1518 2986 1623 3037 τὸν
1641 2985 1710 3037 δὲ
1746 2985 1990 3040 Παῦλον

323 3062 588 3130 Ἑρμῆν,
617 3065 824 3134 ἐπειδὴ
854 3068 1035 3132 αὐτὸς
1054 3065 1132 3137 ἦν
1155 3072 1187 3122 ὁ
1205 3069 1534 3139 ἡγούμενος
1560 3071 1666 3123 τοῦ
1702 3073 1988 3141 λόγου.⁹’0

308 3167 385 3203 τε
406 3150 602 3217 ίερεὺς
625 3153 733 3206 τοῦ
749 3155 880 3219 Διὸς
900 3194 914 3220 ,
933 3155 1039 3209 τοῦ
1063 3155 1236 3222 ὄντος
1251 3157 1362 3224 πρὸ
1381 3157 1492 3225 τῆς
1512 3159 1742 3226 πόλεως
1764 3159 1983 3226 αὐτῶν,

304 3238 585 3303 ταύρους
633 3239 731 3292 καί
774 3243 1077 3311 στέμματα
1106 3243 1205 3296 ἐπὶ
1246 3243 1388 3311 τοὺς
1410 3243 1694 3312 πυλῶνας
1712 3246 1980 3318 ἐνέγκας,

308 3324 445 3378 σὺν
495 3325 619 3390 τοῖς
674 3326 879 3396 ὄχλοις
923 3329 1101 3397 ἤθελε
1138 3332 1322 3385 θύειν.
1376 3331 1512 3384 Ἀλλ’
1563 3333 1662 3386 οὐκ
1708 3330 1776 3406 ἦν
1825 3335 1985 3389 τοῦτο

311 3410 536 3464 οὐδέπω
570 3412 762 3482 δῆλον·
798 3417 862 3485 τῇ
896 3416 1004 3487 γάρ
1029 3417 1205 3488 οἰκείᾳ
1251 3423 1400 3491 φωνῇ
1441 3419 1588 3493 [9.56]
1635 3421 1979 3490 ἐφθέγγοντο,

307 3499 591 3566 λέγοντες,
624 3501 704 3554 ὄτι
739 3505 804 3555 Ol
834 3503 976 3568 θεοὶ,
1003 3507 1383 3574 ὁμοιωθέντες
1413 3508 1766 3576 ἀνθρώποις,
1810 3508 1980 3563 κατέ-

307 3588 517 3653 ϐησαν
553 3588 703 3654 πρὸς
737 3589 894 3660 ἡμᾶς
935 3609 950 3624 ο
996 3592 1083 3647 an
1124 3593 1280 3646 τοῦτο
1329 3595 1479 3648 οὐδὲν
1534 3596 1717 3660 αὐτοῖς
1771 3597 1974 3666 ἔλεγον.

323 3674 547 3746 Ἐπειδὴ
577 3675 632 3727 δέ
655 3673 793 3730 εἶδον
818 3681 885 3731 τὰ
914 3680 1221 3750 στέμματα,
1252 3681 1372 3734 τότε
1403 3681 1728 3746 ἐξελθόντες,
1755 3685 1978 3757 διέρρη-

308 3759 407 3825 ξαν
443 3763 517 3814 τὰ
566 3765 756 3833 ἱμάτια
795 3767 991 3824 αὐτῶν.
1034 3769 1432 3836 Ἀκούσαντες
1465 3769 1531 3823 δὲ
1567 3775 1620 3824 οἱ
1648 3772 1978 3828 ἀπόστολοι

309 3848 627 3916 Βαρνάϐας
652 3852 749 3904 καὶ
784 3854 1022 3920 Παῦλος
1043 3894 1058 3918 ,
1085 3853 1515 3924 διαρρήξαντες
1555 3858 1752 3929 ἱμάτια
1779 3861 1976 3916 αὐτῶν

304 3938 731 4006 εἰσεπήδησαν
751 3945 838 4007 είς
864 3942 968 3995 τὸν
990 3943 1198 4011 ὄχλον,
1220 3945 1533 4013 κράζοντες
1553 3948 1650 4001 καὶ
1671 3948 1970 4017 λέγοντεςο

310 4025 586 4095 Ἀνδρος,
647 4030 704 4081 τί
748 4029 923 4084 τοῦτο
950 4030 1207 4096 ποιεῖτε;
1253 4033 1349 4087 καὶ
1389 4034 1561 4104 ἡμεῖς
1597 4039 1973 4105 ὁμοιοπαθεῖς

305 4111 498 4182 ἐσμεν
534 4115 678 4185 ὑμῖν
706 4117 1019 4186 ἅνθρωποι.
1060 4121 1200 4191 Ὅρα
1241 4122 1440 4185 αὐτοὺς
1487 4123 1761 4194 πανταχοῦ
1814 4125 1972 4196 δόξης

307 4203 608 4272 καθαροὺς,
639 4203 700 4256 οὑ
734 4205 893 4273 μόνον
912 4207 1010 4260 οὐκ
1037 4208 1375 4278 ἐφιεμένους,
1399 4209 1535 4263 ἀλλά
1568 4212 1664 4265 καὶ
1687 4213 1970 4284 διδομένην

303 4288 761 4362 διακρουομένους
790 4310 803 4323 ·
845 4293 1034 4365 ὥσπερ
1085 4297 1179 4348 καὶ
1232 4295 1439 4367 Πέτρος
1492 4298 1645 4367 ἔλεγε
1676 4315 1692 4332 ⁸
1736 4301 1797 4355 Τί
1826 4301 1970 4370 ημῖν

306 4376 618 4439 ἀτενίζετε,
659 4379 740 4445 ὡς
788 4380 905 4447 ὶδιᾳ
941 4380 1188 4450 δυνάμει
1224 4381 1262 4449 ἢ
1300 4385 1574 4453 εὐσεϐείᾳ
1610 4389 1968 4454 πεποιηκόσι

305 4461 409 4515 τοῦ
446 4462 800 4530 περιπατεῖν
826 4465 1046 4528 αὑτόν;
1083 4466 1191 4517 Kal
1226 4458 1374 4519 οὗτοι
1402 4467 1464 4519 τὸ
1497 4468 1632 4521 αὐτό
1665 4485 1819 4538 φασι.
1858 4472 1967 4524 Kal

319 4547 516 4620 Ἰωσὴφ
538 4551 592 4604 δὲ
609 4550 793 4620 έλεγεν
823 4551 915 4605 ἐπὶ
940 4551 1049 4605 τῶν
1073 4553 1338 4608 ἐνυπνίων
1361 4570 1375 4585 ·
1403 4555 1548 4623 Οὐχὶ
1569 4555 1666 4610 διὰ
1685 4557 1792 4612 τοῦ
1815 4559 1964 4613 Θεοῦ

310 4635 346 4701 ή
370 4635 742 4708 διασάφησις
759 4637 993 4704 αὐτῶν;
1031 4642 1126 4694 καὶ
1157 4643 1186 4695 ὁ
1207 4642 1402 4713 Δανιὴλ
1430 4644 1629 4714 ὁμοίως
1649 4661 1664 4676 ο
1687 4645 1800 4700 Kal
1833 4647 1963 4716 ἐμοὶ

308 4721 372 4774 δὲ
391 4729 505 4780 οὐκ
539 4728 610 4779 ἐν
643 4728 830 4796 σοφίᾳ
855 4727 930 4797 τῇ
957 4729 1112 4799 οὔσῃ
1138 4730 1208 4783 έν
1241 4731 1371 4800 ἐμοὶ
1399 4732 1815 4803 ἀπεκαλύφθη.
1852 4736 1963 4790 Kal

315 4809 517 4878 ΙΙαῦλος
544 4818 819 4887 πανταχοῦ
851 4817 1007 4871 τοῦτό
1037 4836 1190 4889 φησι,
1220 4818 1297 4883 ὡς
1325 4821 1454 4874 ὅταν
1478 4820 1613 4894 λέγῃ
1633 4838 1647 4852 ·
1680 4823 1790 4877 Kal
1813 4823 1962 4892 πρὸς

311 4903 487 4957 ταῦτα
511 4904 607 4968 τίς
635 4905 880 4968 ίκανός;
907 4906 1012 4959 Kal
1037 4906 1197 4960 πάλιν
1216 4949 1230 4971 ,
1271 4911 1393 4978 Οὐχ
1420 4909 1510 4962 ὅτι
1533 4911 1730 4963 ἱκανοί
1773 4912 1962 4980 ἐσμεν

309 4986 403 5052 ἀρ’
421 4990 655 5045 ἑαυτῶν
689 4992 1071 5059 λογίσασθαι,
1101 4994 1180 5058 ὠς
1209 4995 1278 5058 ἐξ
1311 4996 1561 5064 ἑαυτῶν,
1594 4997 1734 5052 ἀλλ’
1768 4999 1806 5065 ἡ
1835 5001 1958 5053 ικα-

313 5076 480 5144 νὸτης
517 5075 688 5147 ἡμῶν
710 5077 778 5131 ἐκ
807 5077 912 5132 τοῦ
949 5079 1116 5134 Θεοῦ.
1154 5081 1291 5134 Ἀλλ’
1326 5083 1525 5153 ἴδωμεν
1552 5085 1758 5139 ἄνωθεν
1782 5086 1850 5140 τά
1877 5089 1956 5139 εξ-

315 5166 535 5232 ρημένα.
568 5167 681 5236 Οὐχ
705 5165 892 5229 ἁπλῶς
915 5167 1095 5231 αὐτοῖς
1121 5171 1528 5242 προσετέθησαν
1550 5174 1599 5226 οἱ
1623 5173 1770 5244 ὄχλοι
1789 5190 1801 5204 ⁸
1821 5176 1958 5230 ἀλλά

318 5250 456 5315 πῶς;
507 5255 722 5320 Ἦξίουν
760 5253 1058 5325 λαληθῆναι
1095 5257 1278 5320 αὐτοῖς
1311 5257 1381 5311 τὰ
1435 5259 1575 5313 αὐτά
1624 5262 1785 5317 πάλιν
1809 5303 1824 5326 ,
1864 5266 1957 5318 καὶ

313 5333 392 5392 διὰ
417 5341 520 5396 τῶν
543 5344 721 5414 ἔργων
746 5342 1089 5407 ἐπεδείξαντο
1111 5343 1212 5415 τὴν
1238 5345 1492 5417 σπουδήν.
1519 5347 1660 5419 Ὅρα
1682 5352 1953 5420 πανταχοῦ

317 5429 782 5494 παρακαλοῦντας,
807 5431 908 5484 οὐκ
937 5429 1364 5502 ἀποδεχομένους
1398 5433 1582 5498 ἁπλῶς
1600 5473 1616 5497 ,
1645 5437 1762 5490 οὐδὲ
1794 5439 1953 5492 κολα-

316 5511 574 5582 κεύοντας.
616 5518 714 5572 Διά
755 5518 912 5572 τοῦτο
929 5518 1134 5587 μέλεγεν
1153 5532 1168 5548 ·
1199 5519 1426 5586 Οῖτινες
1465 5525 1954 5594 προσλαλοῦντες

316 5598 524 5670 αὐτοῖς,
577 5599 819 5660 ἔπειθον
863 5605 1228 5676 προσμένειν
1279 5607 1357 5675 τῇ
1409 5607 1601 5677 χάριτι
1645 5611 1750 5665 τοῦ
1782 5614 1950 5672 Θεοῦ.

1379 337 1443 391 IN
1483 336 1661 390 ACTA
1706 335 2223 390 A-POSTOLORUM
2266 335 2498 392 IIOMIL.
2535 336 2703 391 XXX.

3684 345 3791 390 και

2128 451 2300 522 γὰρὴ
2341 452 2508 505 κακία
2550 449 2788 520 οὐδαμοῦ
2831 450 3065 502 ἵσταται.
3119 449 3255 501 Ἀλλ’
3299 452 3402 522 ὅρα
3457 452 3790 523 παρρησίαν.

2137 536 2299 604 Ὑμῖν
2317 532 2415 608 ἦν,
2439 539 2621 606 φησιν,
2663 536 2992 605 ἀναγκαῖον
3025 535 3262 602 πρῶτον
3305 537 3648 605 λαληθῆναι
3687 540 3795 591 τὸν

2129 624 2319 690 λόγον
2340 640 2354 652 ·
2374 624 2503 677 ἐπεὶ
2547 624 2616 677 δὲ
2651 625 2983 678 ἀπωθεῖσθε
3017 625 3221 678 αὐτόν.
3264 626 3428 678 οὐδὲν
3457 626 3790 696 ὑϐριστικόν.

2135 712 2200 764 Ὀ
2237 712 2300 782 δὴ
2344 713 2438 766 καὶ
2479 714 2572 766 ἐπὶ
2622 712 2728 766 τῶν
2781 711 3077 783 προφητῶν
3122 711 3358 766 ἐποίουν.
3408 713 3504 780 Μὴ
3552 713 3793 768 λαλεῖτε

2127 797 2290 866 ἡμῖν,
2323 799 2478 871 φησὶ,
2506 799 2710 866 λαλιᾷ.
2751 799 2910 854 Ἐπεὶ
2950 798 3018 851 δὲ
3055 799 3386 854 ἀπωθεῖσθε
3422 801 3610 853 αὑτὸν
3631 841 3646 866 ,
3684 817 3790 870 φη-

2127 885 2232 948 σὶν,
2265 886 2362 955 οὐχ
2396 887 2544 957 ἡμᾶς
2572 901 2586 915 ·
2621 887 2684 939 οὐ
2711 887 2820 958 γὰρ
2851 887 2932 950 είς
2956 887 3104 956 ἡμᾶς
3134 889 3166 956 ἡ
3199 885 3356 956 ὕϐρις
3390 888 3423 958 ἡ
3457 890 3588 959 παρ’
3609 887 3786 957 ὑμῶν.

2128 971 2245 1024 Ἵνα
2273 973 2382 1040 γὰρ
2414 973 2489 1043 μή
2521 990 2605 1030 τις
2633 973 2920 1036 εὐλαϐείας
2947 969 3085 1026 εἶναι
3107 973 3305 1047 νομίσῃ
3328 973 3405 1035 τὸ,
3436 977 3556 1028 Οὐκ
3576 975 3788 1041 ἀξίους

2124 1058 2355 1124 κρίνετε
2386 1059 2658 1126 ἑαυτοὺς,
2689 1059 2778 1114 διὰ
2805 1059 2962 1113 τοῦτο
2989 1059 3203 1128 πρῶτον
3229 1055 3382 1112 εἶπεν
3403 1075 3416 1088 ο
3441 1060 3786 1116 Ἁπωθεῖσθε

2122 1146 2345 1199 αὐτόν’
2373 1148 2468 1200 καὶ
2491 1147 2633 1214 τότε,
2676 1148 3054 1216 Στρεφὸμεθα
3104 1150 3192 1212 είς
3238 1149 3313 1200 τὰ
3360 1148 3528 1214 ἔθνη.
3578 1149 3785 1220 Πολλῆς

2121 1231 2424 1296 ἐπιεικείας
2451 1235 2612 1304 γέμει
2641 1235 2702 1288 τὸ
2731 1235 2903 1305 ῥῆμα.
2930 1235 3044 1294 Οὐκ
3065 1231 3238 1300 εἶπεν,
3282 1235 3786 1307 Ἑγκαταλιμπάνο-

2123 1335 2224 1389 μεν
2256 1321 2423 1388 ὑμᾶς,
2454 1322 2687 1387 δεικνὺς,
2709 1323 2788 1375 ὅτι
2809 1321 3032 1375 δυνατδν
3057 1322 3152 1376 κα)⁵
3174 1321 3406 1374 ἐνταῦθα
3428 1322 3589 1378 πάλιν
3617 1341 3784 1396 στρα-

2119 1407 2287 1478 φῆναι
2301 1423 2314 1438 ο
2333 1408 2427 1461 καὶ
2452 1409 2609 1462 τοῦτο
2623 1409 2722 1462 οὐκ
2742 1409 2848 1462 ἀπὸ
2867 1409 2966 1480 τῆς
2987 1409 3256 1482 ὑμετέρας
3289 1409 3497 1481 ὕϐρεως
3523 1411 3746 1480 γέγονεν
3765 1427 3780 1441 .

2117 1494 2260 1548 οὕτω
2289 1495 2396 1566 γὰρ
2429 1496 2738 1550 ἐντέταλται
2781 1497 2931 1566 ἡμῖν.
2970 1497 3120 1550 Ἔδει
3172 1497 3272 1567 μέν
3313 1493 3408 1552 οὖν
3446 1497 3678 1552 ἀκοῦσαι
3710 1500 3782 1553 τὰ

2117 1581 2241 1653 ἔθνη
2269 1598 2285 1614 ο
2307 1583 2446 1653 πλὴν
2471 1585 2630 1636 τοῦτο
2669 1584 2728 1636 οὐ
2771 1584 2901 1653 παρ’
2931 1585 2963 1655 ἡ
2974 1585 3120 1654 μῶν,
3156 1583 3288 1656 παρ’
3317 1585 3470 1656 ὑμῶν
3501 1585 3559 1639 δὲ
3593 1587 3780 1654 γέγονε

2113 1668 2176 1721 τὸ
2204 1669 2309 1739 πρὸ
2337 1669 2491 1739 ὑμῶν
2514 1670 2727 1739 ὀφεῖλον
2755 1670 2803 1724 δ.
2831 1669 2995 1724 Οὕτω
3035 1669 3145 1740 γὰρ
3184 1669 3530 1726 ἐντέταλται
3564 1671 3710 1741 ἡμῖν
3745 1674 3781 1726 ὁ

2111 1757 2327 1824 Κύριος
2351 1773 2367 1788 °
2407 1757 2642 1813 Τέθεικά
2671 1773 2745 1812 σε
2767 1761 2857 1822 εὶς
2881 1757 3007 1827 φῶς
3029 1758 3242 1823 ἐθνῶν,
3267 1760 3376 1814 τοῦ
3397 1755 3552 1814 εἶναι
3581 1775 3657 1814 σε
3690 1761 3779 1825 είς

2110 1845 2414 1910 σωτηρίαν
2438 1862 2452 1876 ο
2470 1846 2770 1910 τουτέστιν,
2799 1849 2878 1910 εἰς
2905 1846 3104 1914 γνῶσιν
3127 1847 3227 1916 τὴν
3257 1847 3350 1900 ἐπὶ
3377 1847 3622 1919 σωτηρίᾳ
3641 1863 3656 1878 ⁸
3677 1847 3774 1900 καὶ

2109 1929 2207 2000 οὑχ
2244 1931 2428 1992 ἁπλῶς
2454 1931 2623 1985 ἐθνῶν
2649 1971 2663 1995 ,
2694 1933 2828 1986 ἀλλά
2857 1933 3096 1990 πάντων.
3151 1932 3322 1986 Τοῦτο
3360 1933 3468 2004 γὰρ
3513 1932 3663 2004 δηλοῖ
3698 1931 3776 2002 τῷ

2108 2018 2301 2082 εἰπεῖν,
2336 2019 2508 2072 Ὅσοι
2534 2015 2697 2089 ἦσαν
2722 2020 3066 2089 τεταγμένοι
3087 2022 3176 2087 είς
3196 2019 3348 2088 ζωὴν
3368 2021 3628 2076 αἰώνιον.
3666 2020 3777 2074 Kal

2107 2103 2264 2158 τοῦτο
2286 2109 2582 2176 τεκμήριον
2608 2106 2701 2159 τοῦ
2724 2107 2869 2160 κατά
2896 2107 3030 2160 Θεοῦ
3061 2107 3288 2178 γνώμην
3317 2108 3512 2170 αὐτοὺς
3538 2106 3777 2178 προσλα-

2108 2189 2314 2243 ϐέσθαι.
2366 2193 2713 2261 Τεταγμένοι
2754 2193 2844 2258 δὲ,
2887 2189 3062 2259 εἶπεν,
3095 2195 3180 2248 ἵνα
3208 2192 3421 2268 δείξῃε,
3457 2193 3532 2259 ὡς
3559 2196 3620 2246 οὐ
3651 2194 3776 2248 κατ’

2105 2277 2368 2346 ἀνάγκην.
2410 2277 2527 2344 Οὓς
2571 2282 2682 2348 γὰρ
2726 2279 3019 2350 προέγνω,
3069 2282 3203 2352 φησὶ
3224 2322 3241 2348 ,
3279 2282 3381 2336 καὶ
3418 2281 3772 2350 προώρισεν.

2105 2363 2219 2415 Οὐκ
2252 2364 2332 2416 ἐτι
2358 2365 2416 2416 ἐν
2445 2367 2508 2436 τῇ
2543 2366 2694 2420 πόλει
2726 2367 3121 2439 διεσπάρησαν,
3144 2367 3281 2422 ἀλλά
3305 2369 3399 2421 καὶ
3421 2369 3478 2420 ἐν
3502 2370 3570 2437 τῇ
3594 2367 3769 2438 χώρᾳ.

2117 2450 2468 2516 Ἀκούσαντες
2487 2453 2594 2523 γὰρ
2613 2455 2663 2506 οἱ
2685 2454 2742 2521 ἐξ
2777 2455 2968 2520 ἐθνῶν,
2992 2455 3087 2509 καὶ
3110 2456 3264 2508 αὐτοὶ
3289 2456 3405 2526 μετ’
3419 2453 3598 2522 ὀλίγον
3617 2452 3768 2528 [25⁸7]

2103 2535 2431 2606 προσῄεσαν.
2456 2541 2520 2591 Ol
2533 2539 2602 2591 δὲ
2617 2540 2891 2594 Ἰουδαῖοι
2911 2541 3300 2609 παρώτρυναν
3315 2540 3419 2606 τὰς
3440 2542 3770 2610 σεϐομένας

2102 2624 2412 2692 γυναῖκας,
2441 2627 2541 2679 καὶ
2564 2627 2886 2696 ἐπήγειραν
2901 2628 3350 2700 διωγμόν.”ορα,
3377 2626 3597 2682 καὶτῶν
3619 2629 3770 2698 παρά

2101 2709 2210 2763 τῶν
2243 2713 2519 2779 γυναικῶν
2548 2714 2847 2782 γινομένων
2884 2716 3037 2768 αὐτοὶ
3070 2714 3252 2768 λοιπὸν
3283 2716 3446 2768 αἴτιοι
3480 2713 3770 2768 καθίσταν-

2099 2813 2212 2851 ται.
2243 2800 2351 2852 Καὶ
2378 2799 2670 2864 ἐξέϐαλον
2697 2802 2938 2870 αὐτοὺς,
2963 2803 3150 2873 φησὶν,
3180 2802 3299 2858 ἀπὸ
3326 2801 3447 2856 τῶν
3469 2803 3644 2870 ὁρίων
3661 2803 3769 2856 αὐ-

2099 2883 2249 2938 τῶν·
2271 2887 2390 2957 οὐχὶ
2420 2891 2518 2956 τῆς
2547 2887 2755 2952 πόλεως
2781 2889 2970 2963 μόνης,
3005 2889 3142 2948 ἀλλά
3171 2889 3275 2960 τῆς
3308 2887 3493 2960 χώρας
3524 2888 3763 2958 ἀπάσης.

2099 2967 2234 3025 Εἶτα
2260 2973 2319 3026 τὸ
2351 2974 2724 3048 φοϐερώτερον
2753 2992 2767 3006 ο
2803 2979 2866 3030 οι
2893 2975 2964 3030 δέ
2980 2976 3244 3045 μαθηταὶ
3262 3018 3277 3044 ,
3325 2977 3490 3046 φησὶν
3515 3017 3530 3041 ,
3575 2977 3764 3043 ἐπλη-

2088 3060 2310 3126 ροῦντο
2355 3061 2545 3130 χαρᾶς
2591 3063 2690 3116 καὶ
2744 3067 3093 3133 Πνεύματος
3128 3065 3320 3135 ἁγίου.
3367 3063 3679 3118 Ἐδιώκοντο
3712 3065 3763 3117 οι

2093 3145 2432 3213 διδάσκαλοι,
2463 3151 2556 3203 καὶ
2588 3151 2742 3205 αὐτοὶ
2771 3150 3008 3223 ἔχαιρον.
3033 3147 3189 3216 Εἶδες
3232 3151 3394 3222 φύσιν
3426 3151 3760 3220 Εὐαγγελίου

2093 3231 2321 3303 δύναμιν
2361 3234 2578 3306 ἔχοντος
2613 3236 2846 3308 πολλήν;
2894 3236 3266 3302 Ἐκάκωσαν,
3308 3238 3463 3308 φησὶ,
3498 3238 3604 3304 τὰς
3640 3240 3761 3305 ψυ-

2091 3319 2203 3388 χὰς
2225 3320 2344 3374 τῶν
2369 3323 2560 3377 ἐθνῶν
2576 3324 2725 3378 κατά
2750 3322 2875 3378 τῶν
2893 3323 3194 3392 ἀδελφῶν.
3215 3324 3494 3387 Τυυτέστι,
3516 3323 3760 3377 διέϐαλον

2091 3406 2218 3470 τοὺς
2235 3408 2587 3475 ἀποστόλους,
2613 3412 2784 3482 μυρία
2810 3409 2990 3464 αὐτῶν
3015 3411 3423 3483 κατηγόρησαν,
3448 3409 3758 3474 ἀπλάστους

2088 3490 2250 3555 ὄντας
2273 3494 2599 3566 κακούργως
2626 3496 2909 3567 διέθηκαν.

2157 3585 2227 3645 7'.
2252 3579 2363 3633 Kal
2387 3582 2508 3652 ὅρα,
2540 3583 2657 3648 πῶς
2677 3583 2948 3655 πανταχοῦ
2975 3581 3053 3655 τῷ
3080 3582 3198 3655 Θεῷ
3223 3583 3509 3656 ἀνατίθησι
3537 3583 3597 3637 τὸ
3623 3586 3753 3639 πᾶν.

2098 3661 2336 3718 Ἱκανὸν
2363 3668 2606 3734 χρόνον,
2636 3671 2787 3738 φησι,
2823 3669 3136 3739 διέτριψαν
3155 3711 3172 3735 ,
3214 3669 3754 3740 παρρησιαζόμενοι

2084 3750 2181 3802 ἐπὶ
2210 3750 2290 3816 τῷ
2310 3754 2523 3820 Κυρίῳ,
2554 3755 2633 3820 τῷ
2653 3757 3056 3825 μαρτυροῦντι
3086 3755 3166 3823 τῷ
3195 3756 3356 3828 λόγῳ
3376 3755 3488 3824 τῆς
3510 3755 3753 3824 χάριτος

2083 3839 2289 3894 αὑτοῦ.
2339 3841 2430 3910 Μὴ
2471 3841 2630 3896 τοῦτο
2658 3843 3007 3906 ἐλαττώσεως
3036 3839 3177 3897 εἶναι
3208 3844 3456 3915 νομίσῃς.
3479 3844 3608 3897 Ὅτε
3641 3842 3751 3912 γὰρ

2083 3924 2291 3993 ἔλεγον,
2317 3929 2428 3983 Τοῦ
2442 3929 2962 4001 μαρτυρήσαντος,
2996 3932 3184 4003 φησὶν,
3211 3931 3311 3986 ἐπὶ
3347 3931 3607 3986 Ποντίου
3646 3933 3748 3984 Πι-

2079 4019 2302 4083 λάτου,
2346 4023 2466 4076 τότε
2511 4025 2544 4096 ἡ
2588 4025 2874 4096 παρρησία
2911 4024 3186 4078 ἐδείκνυτο
3214 4041 3229 4055 ο
3269 4023 3504 4076 ἐνταῦθα
3534 4023 3591 4075 δὲ
3619 4025 3749 4092 περὶ

2077 4108 2173 4160 τοῦ
2203 4109 2330 4162 λαοῦ
2361 4129 2545 4183 φησιν.
2595 4114 2670 4166 Οὐ
2707 4113 3062 4184 περιέμειναν
3096 4112 3299 4174 τοίνυν.
3335 4111 3449 4165 ἀλλ’
3478 4107 3617 4164 εἶδον
3647 4110 3746 4182 τὴν

2077 4196 2274 4266 ὁρμήν.
2290 4198 2399 4251 Kal
2429 4199 2765 4267 κατέφυγον
2782 4200 2990 4264 εἰςτὰς
3015 4199 3225 4263 πόλεις
3250 4197 3360 4266 τῆς
3383 4197 3742 4262 Λυκαονίας.

2078 4282 2360 4349 Λύστραν
2387 4284 2487 4337 καὶ
2525 4284 2771 4351 Δέρϐην,
2801 4286 2901 4338 καὶ
2928 4284 3046 4352 τὴν
3075 4285 3425 4353 περίχωρον.
3461 4281 3629 4336 Ἔνθα
3656 4283 3746 4336 οὺ·-

2075 4367 2246 4438 δαμοῦ
2276 4370 2367 4422 τὸν
2410 4369 2581 4440 θυμὸν
2621 4370 2801 4424 αὐτῶν
2847 4372 3090 4425 ἐκκαίειν
3116 4367 3186 4442 ἦν
3211 4387 3224 4398 ⁸
3249 4369 3391 4423 ὥστε
3418 4370 3512 4424 καὶ
3536 4372 3594 4424 ἐν
3624 4372 3744 4434 ταῖς

2075 4454 2280 4527 χώραις
2306 4456 2572 4528 ἀπῄεσαν,
2609 4459 2708 4512 οὐκ
2733 4459 2791 4511 ἐν
2817 4457 3006 4512 πόλεσι
3034 4458 3213 4530 μόνον.
3236 4457 3378 4526 Ὅρα
3403 4458 3497 4511 καὶ
3520 4456 3628 4511 τῶν
3654 4457 3744 4511 ἐθ-

2075 4544 2182 4596 νῶν
2209 4543 2307 4616 τὴν
2349 4544 2640 4613 ἀφέλειαν,
2681 4545 2776 4600 καὶ
2815 4545 2922 4600 τῶν
2955 4545 3220 4600 Ἰουδαίων
3251 4543 3350 4617 τὴν
3383 4544 3738 4614 κακουργίαν.

2073 4630 2149 4684 Δι’
2184 4630 2362 4702 ἔργων
2397 4632 2774 4686 ἐπεδείκνυντο
2793 4674 2808 4700 ,
2841 4633 2924 4686 ὅτι
2952 4633 3093 4700 ἀξιοι
3114 4628 3254 4705 ἦσαν
3285 4632 3504 4685 ἀκούειν
3529 4648 3542 4661 °
3565 4630 3740 4694 οὕτως

2072 4719 2274 4790 ἐτίμων
2330 4720 2527 4784 αὐτοὺς
2580 4723 2690 4776 ἀπὸ
2737 4722 2981 4793 σημείων
3031 4721 3216 4794 μόνον.
3264 4721 3326 4774 OE
3357 4720 3454 4791 μὲν
3480 4719 3554 4783 ώς
3583 4718 3740 4782 θεοὺς

2070 4809 2294 4881 ἐτίμων,
2325 4811 2374 4864 οἱ
2401 4811 2457 4864 δὲ
2482 4810 2557 4875 ὡς
2581 4810 2866 4881 λυμεῶνας
2889 4811 3110 4865 ἐδίωκον
3139 4827 3154 4842 ο
3180 4810 3274 4864 καὶ
3302 4812 3348 4863 οἱ
3373 4811 3470 4881 μὲν
3495 4808 3555 4861 οὐ
3580 4810 3737 4878 μόνον

2067 4897 2127 4948 οὐ
2146 4898 2516 4968 προσέκοπτον
2537 4898 2614 4968 τῷ
2629 4897 2964 4968 κηρύγματι,
2982 4897 3120 4952 ἀλλά
3139 4897 3236 4950 καὶ
3261 4897 3445 4964 ἐλεγον
3461 4913 3473 4926 ο
3498 4897 3563 4949 Ol
3584 4895 3732 4959 θεοὶ,

2067 4986 2399 5052 ἀνθρώποις
2461 4987 2877 5054 ὁμοιωθέντες,
2935 4985 3280 5054 κατέϐησαν
3343 4984 3491 5053 πρὸς
3552 4981 3730 5050 ἡμᾶς.

2079 5074 2407 5128 Ἰουδαῖοιδέ
2439 5074 2901 5138 ἐσκανδαλίζοντο.
2947 5074 3240 5128 Ἐκάλουν
3291 5089 3376 5136 τε,
3424 5071 3578 5142 φησὶ,
3623 5071 3735 5123 τὸν

2059 5160 2177 5230 μὲν
2212 5160 2526 5228 Βαρνάϐαν
2561 5161 2666 5214 Δία
2689 5202 2704 5227 ,
2746 5162 2855 5215 τὸν
2896 5159 2966 5214 δὲ
3011 5160 3262 5216 Παῦλον
3301 5157 3536 5227 Ἑρμῆν.
3577 5157 3732 5227 Ἐμοὶ

2063 5247 2212 5300 δοκεῖ
2233 5248 2326 5301 καὶ
2347 5247 2454 5300 ἀπὸ
2490 5247 2587 5316 τῆς
2619 5247 2796 5318 ὅψεως
2821 5248 3159 5319 ἀξιοπρεπὴς
3192 5243 3334 5300 εἶναι
3362 5247 3391 5298 ὁ
3421 5243 3724 5316 Βαρνάϐας.

2065 5339 2142 5391 Οὐ
2170 5336 2364 5408 μικρὸς
2399 5336 2492 5390 καὶ
2524 5331 2676 5400 οὗτος
2708 5337 3014 5408 πειρασμὸς
3036 5337 3095 5401 ἐξ
3120 5336 3388 5406 ἀμετρίας
3421 5333 3561 5405 ἐφύη
3598 5332 3730 5387 πολε

2063 5424 2188 5496 λῆς*
2217 5423 2353 5477 ἀλλά
2383 5424 2478 5476 καὶ
2505 5423 2754 5478 ἐντεῦθεν
2781 5424 2890 5476 τῶν
2919 5423 3230 5476 ἀποστόλων
3262 5425 3296 5494 ἡ
3328 5422 3496 5494 ἀρετὴ
3512 5421 3725 5475 δείκνυ-

2060 5530 2170 5566 ται.
2202 5513 2312 5567 Kal
2330 5513 2431 5582 ὅρα
2458 5511 2575 5575 πῶς
2609 5511 2885 5582 πανταχοῦ
2913 5511 3092 5564 πάντα
3127 5511 3442 5566 ἀνατιθέασι
3471 5511 3549 5582 τῷ
3581 5510 3721 5582 Θεῷ.

2061 5598 2298 5660 Τούτους
2337 5598 2430 5652 καὶ
2475 5599 2634 5668 ἡμεῖς
2673 5597 3006 5668 ζηλώσωμεν
3035 5613 3052 5630 ⁸
3085 5597 3252 5668 μηδὲν
3292 5597 3558 5669 ἡμέτερον
3586 5593 3724 5653 εἶναι

317 5683 404 5781 ea
423 5691 472 5742 τί
502 5694 606 5766 πρὸ
638 5693 827 5748 τούτου
860 5695 934 5765 μὴ
961 5695 1278 5764 ἀντέλεγον;
1315 5695 1434 5748 Ὅτι
1465 5695 1603 5759 τέως
1643 5699 1694 5751 ol
1728 5699 1952 5754 ἀναπεί·
2027 5687 2408 5781 ,νομίζωμενο
2440 5686 2574 5739 ὅπου
2613 5702 2678 5756 γε
2709 5686 2804 5739 καὶ
2835 5685 2976 5756 αὐτῆ
3011 5687 3046 5757 ἡ
3082 5685 3265 5750 πίστις
3297 5685 3395 5756 οὐχ
3431 5685 3718 5757 ἡμέτερθνο

316 5766 481 5840 θοντες
505 5781 797 5852 ἡσύχαζον.
831 5783 992 5853 Ὁρᾷς
1023 5784 1102 5836 ὅτι
1133 5783 1406 5855 πανταχοῦ
1446 5784 1608 5838 πάθει
1636 5787 1947 5852 ἐκινοῦντο;

321 5855 418 5911 Kal
439 5867 531 5920 οὐκ
554 5869 840 5938 ἀντέλεγον
871 5871 1049 5940 μόνον,
1093 5872 1228 5925 ἀλλά
1260 5874 1353 5926 καὶ
1390 5873 1776 5945 ἐϐλασφήμουν
1810 5893 1823 5908 ο
1857 5881 1950 5932 καὶ

357 5957 664 6021 ’Ϊοῦναντίον
709 5976 884 6035 γέγονε,
935 5976 1167 6040 Πρότερον
1221 5979 1434 6040 ἰώμενος,
1485 5981 1556 6030 sic
1602 5979 1773 6032 Morel.

2123 5863 2153 5902 ι
2177 5865 2642 5932 Ιιιιετρτεελὶεεὶεεε
2665 5867 2940 5932 νίρειυτίτδ
2958 5868 3068 5932 παρ’
3088 5867 3243 5932 ἡμῶν,
3268 5866 3529 5932 Dounagus.
3547 5861 3721 5932 legen-

2058 5927 2171 5992 duim
2210 5923 2364 5992 puta},
2405 5929 2461 5976 τὸ
2505 5923 2597 5992 πρὸ
2636 5929 2816 5978 τούτων
2858 5929 2966 5992 ὑμῖν
3013 5923 3312 5992 ὄφειλόμενον
3375 5926 3455 5974 vel
3509 5923 3713 5985 ὀφεῖλον.

2059 5992 2081 6020 ε
2112 5989 2274 6051 Εἶπεν,
2314 5991 2390 6038 ἵνα
2426 5989 2715 6054 Belin-deﬁt
2767 5994 2816 6042 in
2859 5989 3163 6053 quibusdam.

3737 6043 3954 6115 Α.
