4104 6148
309 367 415 424 223

317 488 440 540 ὀτι
475 484 535 539 δὲ
577 485 674 556 οὑχ
700 485 967 556 ἡμέτερον
990 524 1004 546 ,
1032 482 1171 537 ἀλλά
1200 483 1262 536 τὸ
1288 482 1448 537 πλέον
1476 482 1570 536 τοῦ
1602 481 1737 535 Θεοῦ
1761 524 1776 545 ,
1810 481 1973 534 ἄκουε

313 575 526 629 Παύλου
569 574 820 641 λέγοντος
842 586 857 601 ·
895 571 1005 626 Καὶ
1047 574 1225 626 τοῦτο
1252 575 1364 626 οὐκ
1390 573 1459 636 ἐξ
1486 570 1654 641 ἡμῶν
1673 611 1688 632 ,
1725 570 1872 625 Θεοῦ
1906 572 1973 624 τὸ

314 660 528 732 δῶρον.
574 661 666 733 Μὴ
701 662 881 715 τοίνυν
921 660 1064 731 μέγα
1112 660 1422 731 φρονῶμεν,
1452 660 1585 731 μηδὲ
1618 657 1933 729 φυσιώμεθα
1956 697 1972 719 ,

316 749 613 822 ἄνθρωποι,
645 750 718 820 γῆ
750 750 845 803 καὶ
878 748 1069 812 σποδὸς
1092 748 1264 812 ὄντες,
1295 748 1500 811 καπνὸς
1525 747 1618 800 καὶ
1652 747 1797 801 σκιά.
1842 746 1977 799 Είπέ

317 839 427 909 γάρ
454 855 564 908 μοι,
593 837 681 890 διά
706 837 760 889 τί
789 836 931 906 μέγα
956 838 1206 907 φρονεῖς;
1235 835 1629 905 Ἐλεημοσύνην
1658 835 1863 897 ἔδωκας
1884 834 1979 886 καὶ

317 925 389 978 τὰ
423 926 682 995 χρήματα
706 924 1012 987 ἐκένωσας;
1041 923 1152 977 Καὶ
1179 922 1234 975 τί
1259 922 1445 988 τοῦτο;
1480 922 1780 993 Ἐννόησον,
1818 922 1867 974 εἰ
1903 921 1979 992 μὴ

320 1013 553 1084 ⁴ἠθέλησέ
582 1030 641 1066 σε
671 1012 892 1081 ποιῆσαι
918 1013 946 1064 0
972 1010 1105 1074 Θεὸς
1133 1010 1385 1065 πλούσιον
1408 1024 1423 1041 ⁸
1445 1011 1698 1081 ἐννόησον
1723 1010 1850 1073 τοὺς
1878 1026 1979 1063 πε-

323 1102 584 1172 νομένους
605 1142 619 1163 ,
662 1100 859 1171 μᾶλλον
885 1099 943 1152 δὲ
976 1099 1227 1169 ἐννόησον
1250 1098 1365 1152 ὅσοι
1388 1098 1483 1152 καὶ¹
1507 1098 1575 1152 τά
1602 1096 1827 1168 σώματα
1848 1096 1980 1149 ἐπέ-

317 1188 523 1247 δωκαν.
556 1189 648 1241 καὶ
679 1187 815 1258 μετά
841 1186 903 1239 τὸ
931 1185 1206 1239 ἐπιδοῦναι
1249 1186 1418 1255 μυρία
1441 1226 1454 1244 .
1481 1185 1706 1247 ἑαυτοὺς
1735 1183 1980 1237 ἐταλάνι-

323 1292 445 1330 σαν.
476 1277 548 1329 Σὺ
580 1274 670 1328 διὰ
708 1275 901 1328 σαυτὸν
929 1273 1157 1337 ἔδωκας,
1185 1275 1214 1325 0
1241 1272 1473 1342 Χριστὸς
1495 1270 1581 1325 διὰ
1608 1271 1668 1324 σέ
1694 1288 1708 1301 ο
1744 1272 1808 1325 σὺ
1840 1271 1980 1324 ἀπέ-

322 1368 505 1432 δωκας
528 1367 587 1421 τὸ
613 1366 989 1436 ὀφειλόμενον,
1023 1367 1052 1416 ὁ
1074 1363 1307 1435 Χριστὸς
1341 1363 1441 1415 οὑκ
1468 1360 1667 1430 ὤφειλέ
1712 1378 1814 1414 σοι.
1837 1361 1981 1431 Ὅρα

321 1456 417 1509 τοῦ
450 1456 734 1525 μέλλοντος
759 1454 819 1507 τὸ
843 1453 1056 1523 ἄδηλον,
1088 1452 1182 1505 καὶ
1206 1450 1280 1521 μὴ
1301 1450 1659 1521 ὑψηλοφρόνει
1678 1489 1691 1510 ,
1725 1449 1859 1502 ἀλλά
1888 1466 1982 1516 φο-

323 1543 421 1596 ϐοῦ
445 1560 460 1576 ο
488 1543 562 1615 μὴ
611 1541 921 1611 ἐλαττώσῃς
962 1539 1062 1610 τὴν
1110 1538 1311 1610 ἀρετὴν
1352 1540 1419 1608 τῇ
1459 1537 1764 1607 ἀλαζονείᾳ.
1793 1536 1980 1589 Βούλει

323 1630 491 1692 ὅντως
520 1628 662 1699 μέγα
698 1644 750 1680 τι
783 1625 1155 1698 ἐργάσασθαις
1208 1624 1491 1695 Μηδέποτε
1526 1622 1870 1696 ὑποπτεύσῃς
1905 1622 1982 1686 ὼς

323 1717 454 1785 περὶ
485 1714 734 1786 μεγάλων
769 1713 879 1769 τῶν
918 1711 1374 1781 κατορθωμάτων.
1409 1710 1566 1763 Ἀλλά
1591 1709 1857 1781 παρθένος
1888 1706 1979 1775 εῖ;

335 1804 497 1856 Ἀλλά
533 1806 780 1857 κάκεῖναι
821 1802 1078 1872 παρθένοι
1117 1795 1290 1871 ἦσαν,
1337 1797 1452 1852 ἀλλ’
1499 1798 1648 1852 οὑδέν
1699 1797 1983 1851 ἀπώναντο

324 1891 423 1959 τῆς
460 1889 757 1961 παρθενίας
801 1887 889 1942 διὰ
941 1886 1042 1959 τὴν
1090 1887 1348 1957 ὠμότητα
1406 1887 1502 1938 καὶ
1549 1886 1648 1956 τὴν
1694 1885 1983 1956 ἀπανθρωο

325 1976 476 2031 πίαν.

390 2048 565 2115 Ὀὺδέν
605 2062 1105 2133 ταπεινοφροσύνης
1148 2063 1262 2116 ῖσον
1286 2078 1300 2092 ⁰
1325 2062 1462 2132 αὕτη
1507 2062 1690 2133 μήτηρ
1730 2061 1822 2114 καὶ⁸
1857 2060 1982 2130 ῥίζα

324 2152 420 2206 καὶ
436 2149 584 2224 [258]
606 2150 800 2222 τροφὸς
822 2152 913 2204 καὶ⁵
929 2150 1182 2215 ὑπόθεσις
1204 2149 1299 2204 καὶ⁹
1313 2150 1602 2219 σύνδεσμος
1612 2149 1719 2201 τῶν
1740 2148 1981 2217 ἀγαθῶν·

324 2239 529 2306 ταύτης
553 2238 679 2291 ἄνευ
712 2238 988 2298 βδελυκτοὶ
1013 2240 1105 2292 καί
1132 2239 1315 2309 μιαροὶ
1345 2240 1439 2292 καὶ
1472 2237 1768 2307 ἀκάθαρτοι
1794 2240 1980 2308 ἐσμεν.

330 2328 513 2381 Ἔστω
541 2330 648 2400 γάρ
676 2347 778 2392 τις,
809 2330 857 2381 εί
886 2328 1086 2398 βούλει,
1118 2329 1344 2399 νεκροὺς
1372 2329 1627 2391 ἀνιστῶν,
1659 2328 1754 2382 καὶ
1777 2328 1986 2398 χωλοὺς

330 2419 577 2489 ἰώμενος,
621 2417 715 2469 καὶ
752 2416 987 2486 λεπροὺς
1019 2414 1295 2489 καθαίρων
1338 2416 1475 2486 μετά
1511 2415 1766 2480 ἀπονοίας
1790 2432 1805 2446 ’
1832 2416 1985 2470 οὐδὲν

327 2506 516 2560 τούτου
550 2503 905 2576 μιαρώτερον,
936 2504 1087 2557 οὐδὲν
1115 2503 1493 2574 ἀσεϐέστερον,
1516 2502 1665 2558 οὐδὲν
1688 2503 1983 2573 ἀναγέστε-

330 2611 442 2665 ρον.
474 2594 654 2664 Μηδὲν
680 2589 816 2646 εἶναι
838 2593 1069 2663 νομίσῃς
1094 2592 1313 2646 σαυτοῦ.
1356 2593 1526 2660 Λόγον
1551 2592 1695 2663 ἔχεις
1715 2590 1810 2644 καὶ
1839 2590 1985 2645 διδα-

330 2681 591 2752 σκαλικὴν
620 2681 812 2752 χάριν;
853 2681 945 2751 Μὴ
985 2680 1073 2733 διά
1113 2679 1272 2733 τοῦτο
1315 2680 1541 2753 νομίσῃς
1579 2680 1739 2733 πλέον
1775 2697 1829 2732 τι
1877 2679 1987 2733 τῶν

326 2772 503 2827 ἀλλων
538 2773 703 2842 ἔχειν.
727 2772 825 2826 Διά
855 2771 1012 2825 τοῦτο
1046 2772 1280 2842 μάλιστα
1304 2769 1689 2823 ταπεινοῦσθαι
1713 2769 1948 2839 ὀφείλεις
1967 2807 1984 2831 ,

327 2866 409 2919 ὅτι
450 2865 706 2919 πλειόνων
746 2862 987 2934 ὴξιὼθης
1036 2863 1275 2934 δωρεῶν.
1298 2858 1369 2934 ᾯ
1416 2862 1526 2933 γάρ
1569 2861 1749 2914 πλεῖον
1788 2859 1989 2930 ἀφέθη,

329 2954 512 3006 πλεῖον
564 2954 858 3021 ἀγαπήσει.
907 2951 1116 3005 Οὐκοῦν
1170 2952 1265 3004 καὶ
1309 2949 1692 3004 ταπεινοῦσθαι
1737 2949 1864 3021 χρὴ,
1905 2950 1987 3004 ὅτι

328 3042 456 3103 τοὺς
485 3040 674 3103 ἄλλους
702 3040 1017 3108 παρελθὼν,
1052 3042 1130 3100 εἰς
1159 3038 1217 3090 σέ
1244 3039 1535 3091 ἐπένευσεν
1571 3041 1599 3092 0
1628 3038 1779 3100 Θεός.
1817 3036 1987 3090 Φοόοῦ

331 3127 419 3181 διά
436 3127 593 3180 τοῦτο
622 3144 637 3159 ·
661 3126 917 3188 πολλάκις
942 3126 1050 3196 γάρ
1076 3141 1156 3178 σοι
1184 3126 1278 3177 καὶ
1307 3125 1580 3189 ἀπωλείας
1600 3124 1758 3178 τοῦτο
1782 3125 1989 3193 γίνεται

331 3217 527 3278 αἴτιον,
566 3214 631 3267 ἂν
665 3212 738 3283 μὴ
772 3214 968 3283 νήφῃς.

403 3304 469 3356 Τί
522 3302 664 3373 μέγα
717 3303 963 3370 φρονεῖςς
1017 3300 1098 3353 δτι
1145 3300 1414 3363 διδάσκεις
1467 3300 1554 3354 διὰ
1601 3299 1807 3368 λόγων;
1852 3301 1989 3353 Ἀλλ’

333 3390 553 3445 εὔκολον
581 3388 737 3444 τοῦτο
762 3389 822 3441 τὸ
857 3389 1162 3458 φιλοσοφεῖν
1197 3390 1252 3441 ἐν
1289 3389 1493 3458 ῥήμασι
1514 3405 1526 3418 ·
1568 3387 1774 3452 δίδαξόν
1805 3406 1870 3459 με
1903 3388 1992 3443 διὰ

332 3479 427 3533 τοῦ
464 3479 578 3549 βίου
611 3477 706 3532 τοῦ
739 3478 833 3530 σοῦ
860 3494 872 3508 ⁸
901 3475 1040 3547 αῦτη
1085 3478 1119 3546 ἡ
1165 3476 1481 3529 διδασκαλία
1510 3476 1726 3546 ἀρίστη.
1776 3476 1990 3543 Λέγεις,

334 3568 417 3620 ὅτι
441 3566 520 3620 δεῖ
550 3564 880 3637 μετριάζειν,
911 3566 1005 3617 καὶ
1036 3562 1245 3633 μακρὸν
1272 3562 1412 3632 ὑπὲρ
1449 3561 1636 3615 τούτου
1674 3562 1830 3631 λόγον
1856 3565 1991 3616 ἀπο·-

334 3654 553 3716 τείνεις,
584 3654 678 3706 καὶ
706 3650 1018 3723 ῥητορεύεις
1044 3651 1180 3719 ῥέων
1207 3649 1498 3713 ἀκωλύτως
1523 3667 1537 3715 ;
1570 3650 1727 3704 ’Λλλὰ
1755 3651 1847 3704 σοῦ
1874 3651 1993 3721 βελ-

334 3740 465 3793 τίων
499 3740 703 3803 ἐκεῖνος
728 3778 742 3802 ,
785 3736 950 3806 φησὶν
972 3778 987 3798 ,
1019 3739 1046 3789 0
1092 3736 1157 3789 δι’
1183 3736 1358 3806 ἔργων
1388 3736 1543 3789 τοῦτο
1572 3737 1838 3792 παιδεύων
1870 3740 1991 3809 ἐμέ.

337 3829 411 3881 Οὑ
441 3828 549 3899 γὰρ
579 3829 751 3892 οὑτως
779 3828 967 3881 εἴωθεν
1000 3828 1299 3881 ἐντίθεσθαι
1326 3831 1391 3899 τῇ
1425 3828 1568 3900 ψυχῇ
1597 3830 1663 3883 τά
1697 3831 1994 3902 μαθήματα

339 3915 450 3969 ἀπὸ
475 3915 757 3985 ῥημάτων.
785 3917 860 3978 ὡς
894 3914 999 3968 ἀπὸ
1030 3915 1370 3984 πραγμάτων
1399 3933 1411 3945 υ
1440 3916 1563 3968 ἐπεὶ
1584 3917 1677 3967 ἐὰν
1720 3917 1793 3988 μὴ
1823 3918 1884 3970 τὸ
1905 3917 1996 3989 ἕρ-

337 4019 434 4071 γον
465 4001 613 4075 ἔχῃς.
644 4003 704 4056 οὑ
740 4002 898 4072 μόνον
927 4003 1025 4055 οὑκ
1057 4001 1345 4073 ὠφέλησας
1369 4002 1558 4066 εἰπὼν,
1588 4003 1722 4057 ἀλλά
1750 4006 1844 4057 καὶ
1876 4022 1995 4075 μει-

341 4089 509 4155 ζόνως
541 4090 797 4160 ἔϐλαψας.
845 4091 1058 4144 Βέλτιον
1093 4094 1267 4162 σιγᾷν.
1317 4091 1417 4144 Διά
1446 4092 1536 4157 τίς
1570 4090 1695 4146 ’Ότι
1740 4091 1997 4147 ἀδύνατόν

342 4196 432 4250 μοι
448 4179 507 4232 τὸ
526 4181 758 4250 πρᾶγμα
775 4178 1056 4250 καθιστᾷς.
1092 4178 1285 4231 Ἑννοῶ
1307 4179 1433 4249 γὰρ,
1460 4180 1540 4232 ὅτι
1566 4182 1613 4233 εί
1634 4181 1696 4233 σὺ
1716 4181 1744 4232 0
1764 4180 1997 4234 τοσαῦτα

337 4266 511 4334 λέγων
531 4268 591 4319 οὑ
610 4265 912 4335 κατορθοῖς,
940 4266 1117 4336 πολλῷ
1136 4266 1333 4337 μᾶλλον
1353 4266 1463 4335 ἐγὼ
1481 4259 1805 4338 συγγνώμης
1826 4268 1992 4332 ἄξιος,

335 4354 509 4424 λέγων
556 4355 780 4426 μηδένα.
828 4354 927 4407 Διά
975 4354 1132 4408 τοῦτό
1170 4372 1333 4425 φησιν
1375 4356 1404 4407 0
1449 4358 1770 4427 προφήτης·
1822 4355 1904 4422 Τῷ
1929 4357 1998 4410 δὲ

333 4441 659 4511 ἁμαρτωλῷ
704 4444 875 4496 εἶπεν
917 4446 949 4497 ὀ
978 4445 1123 4509 Θεός
1151 4462 1166 4476 ·
1193 4444 1318 4499 "Ira
1354 4445 1410 4496 τί
1438 4445 1518 4497 σὺ
1547 4444 1796 4513 ἐκδιηγῇ
1823 4446 1893 4498 τὰ
1920 4445 1999 4498 δι·

334 4528 637 4599 καιώματὰ
652 4547 809 4598 μου;
845 4530 1061 4594 Μείζων
1086 4531 1192 4601 γὰρ
1221 4530 1357 4601 αὕτη
1383 4534 1415 4602 ἠ
1448 4532 1639 4601 βλάϐη,
1666 4534 1793 4586 ὃταν
1819 4533 1998 4596 καλῶς

333 4617 598 4670 διδάσκων
640 4635 722 4678 τις
756 4617 843 4669 διὰ
881 4619 1169 4688 ῥημάτων,
1204 4617 1291 4671 διὰ
1320 4617 1426 4670 τῶν
1455 4617 1629 4687 ἔργων
1663 4620 1872 4690 πολεμῇ
1925 4624 1992 4692 τῇ

332 4703 661 4774 διδασκαλίᾳ.
704 4703 873 4756 Τοῦτο
908 4703 1116 4756 πολλῶν
1152 4706 1323 4757 αἴτιον
1354 4705 1541 4772 γέγονε
1577 4705 1761 4759 κακῶν
1790 4708 1848 4765 ἐν
1877 4712 1999 4773 ταῖς

347 4790 715 4861 Ἐκκλησίαις.
749 4791 845 4844 Διά
872 4790 1027 4843 τοῦτο
1060 4792 1152 4844 καὶ
1185 4792 1461 4861 σύγγνωτε
1480 4834 1493 4855 ,
1532 4795 1835 4866 παρακαλῶ
1859 4836 1873 4858 ,
1902 4797 1995 4850 τοῦ

333 4877 495 4945 λόγου
522 4876 864 4947 χρονίζοντος
890 4879 1019 4946 ἡμῖν
1048 4879 1106 4931 ἐν
1134 4878 1306 4949 τούτῳ
1331 4878 1407 4949 τῷ
1441 4880 1623 4934 πάθει.
1657 4881 1834 4935 Πολλά
1868 4884 1998 4936 πολ-

333 4967 417 5020 λοὶ
441 4968 770 5037 πράττουσιν
796 4967 937 5039 ὑπὲρ
963 4967 1055 5021 τοῦ
1082 4971 1161 5031 είς
1182 4970 1346 5039 μέσον
1377 4971 1598 5036 στάντες
1625 4973 1833 5043 μακρὸν
1862 4975 1996 5028 ἀπο-

332 5055 526 5106 τείνειν
549 5054 732 5121 λόγον·
755 5055 855 5107 κᾶν
887 5056 983 5125 μὲν
1016 5059 1222 5127 κρότων
1246 5059 1451 5128 τύχωσι
1474 5061 1581 5112 τῶν
1605 5045 1713 5114 ἀπὸ
1741 5061 1834 5115 τοῦ
1858 5062 1995 5134 πλή-

334 5140 461 5204 θους
484 5182 499 5205 ,
527 5143 750 5210 γέγονεν
779 5143 959 5208 αὑτοῖς
987 5144 1142 5198 τοῦτο
1182 5144 1454 5215 βασιλείας
1491 5147 1603 5201 ἴσον
1626 5164 1641 5179 ·
1674 5148 1740 5202 ἂν
1767 5149 1821 5204 δὲ
1861 5150 1998 5221 μετά

335 5228 492 5299 σιγῆς
524 5227 615 5281 τδν
654 5228 813 5297 λόγον
846 5231 1261 5294 καταπαύσωσι,
1296 5232 1517 5304 γεέννης
1550 5234 1611 5305 δή
1652 5253 1756 5289 που
1798 5236 1997 5307 μᾶλλον

333 5313 519 5377 αὑτοῖς
544 5315 899 5387 χαλεπωτέρα
935 5317 1168 5387 κατέστη
1197 5318 1298 5388 τῆς
1332 5320 1545 5392 σιγῆςή
1572 5321 1801 5392 ἀθυμία.
1829 5323 1997 5376 Τοῦτο

332 5401 431 5463 τὰς
459 5403 782 5475 Ἐκκλησίας
810 5403 1102 5475 ἀνέτρεψεν
1124 5445 1138 5468 ,
1166 5407 1246 5460 ὅτι
1275 5408 1366 5460 καὶ
1394 5408 1547 5477 ὑμεῖς
1573 5410 1631 5461 οὑ
1671 5409 1879 5480 ζητεῖτε
1905 5410 1993 5462 λό-

333 5505 430 5556 γον
458 5489 684 5544 ἀκοῦσαι
715 5495 1113 5546 κατανυκτικὺν
1140 5536 1155 5559 ,
1187 5494 1323 5548 ἀλλὰ
1346 5494 1542 5567 τέρψαι
1568 5497 1861 5566 δυνάμενον
1900 5498 1996 5550 καὶ

333 5576 410 5645 τῷ
432 5576 587 5649 ψόφῳ
610 5581 702 5632 καὶ
731 5584 796 5650 τῇ
828 5581 1071 5635 συνθέσει
1097 5582 1203 5635 τῶν
1234 5585 1510 5655 ῥημάτων,
1543 5585 1790 5653 καθάπερ
1819 5585 1995 5654 μελῳ-

334 5661 439 5716 δῶν
464 5667 557 5717 καὶ
588 5666 915 5737 κιθαριστῶν
939 5670 1226 5733 ἀκούοντες
1252 5688 1264 5701 ·
1297 5673 1388 5725 καὶ
1415 5673 1575 5743 ἡμεῖς
1594 5672 1814 5741 ψυχρῶς
1838 5684 1864 5711 ει
1899 5673 1993 5724 καὶ

334 5752 694 5823 ταλαιπώρως
727 5758 1004 5819 ποιοῦντες
1027 5799 1040 5817 ,
1074 5759 1155 5812 ὅτι
1192 5763 1309 5822 ταῖς
1350 5759 1646 5830 ὑμετέραις
1676 5759 1994 5829 ἐπιθυμίαις

335 5838 600 5908 ἑπόμεθα,
637 5840 751 5891 δέον
791 5843 1079 5895 ἐκκόπτειν
1109 5846 1326 5909 ταύτας.

400 5999 416 6021 ⁸
459 6001 629 6052 Morel.
678 6002 753 6047 καὶ
796 6004 917 6062 ἡμας
957 6006 1160 6064 ψυχρῶς.

1081 366 1137 423 S.
1171 367 1455 422 JOANNIS
1488 364 1977 422 CHRYSOSTOLH
2021 365 2336 423 ARCHIEP.
2365 368 2915 426 CONSTANI'INOP.

3626 370 3740 427 226

2150 482 2213 537 δ’.
2243 484 2354 538 Καὶ
2383 486 2576 539 ταύτὸν
2608 486 2835 554 γίνεται,
2855 482 2965 540 οἷον
2992 486 3058 539 ἂν
3076 486 3130 539 ετ
3156 503 3240 551 τις
3267 483 3450 557 πατὴρ
3477 484 3620 552 πέρα
3640 482 3736 540 τοῦ

2077 570 2286 635 δέοντος
2318 572 2598 642 μαλθακοῦ
2630 574 2871 635 παιδίου,
2903 573 3079 627 καίτοι
3122 573 3531 646 ἀρῥωστοῦντος
3550 614 3566 639 ,
3595 574 3734 627 πλα-

2080 657 2281 713 κοῦντα
2307 658 2475 731 ἐπιδῴ
2511 662 2606 715 καὶ
2644 660 2848 732 ψυχρὸν
2873 663 2966 715 καὶ
2988 662 3089 715 ὅσα
3112 664 3306 734 τέρπει
3328 661 3510 733 μόνον,
3538 661 3646 715 τῶν
3674 661 3736 716 δὲ

2079 747 2366 817 χρησίμων
2398 748 2665 819 μηδεμίαν
2697 749 3015 817 ἐπιμέλειαν
3046 753 3253 803 ποιοῖτο
3279 765 3294 780 ’
3322 745 3441 802 εἶτα
3473 749 3736 817 ἐγκαλού-

2081 849 2241 902 μενος
2267 834 2419 905 παρά
2447 835 2555 889 τῶν
2590 836 2791 906 ἰατρῶν
2815 876 2831 901 ,
2864 836 3183 904 ἀπολογοῖτο
3209 836 3382 905 λέγων
3401 853 3416 867 ·
3441 837 3507 889 Τί
3541 836 3731 903 πάθω;

2077 919 2177 971 οὑκ
2214 921 2475 991 ἀνέχομαι
2503 922 2688 977 κλαῖον
2713 923 2774 976 τὸ
2799 922 3007 976 παιδίον
3037 924 3185 979 ἰδεῖν.
3215 924 3400 978 Ἀθλιε
3423 924 3517 978 καὶ
3547 924 3734 978 ταλαί-

2079 1022 2231 1077 πωρε
2271 1009 2365 1061 καὶ
2394 1009 2630 1081 προδότα
2655 1025 2671 1041 ο
2697 1011 2758 1063 οὑ
2786 1009 2896 1081 γάρ
2932 1010 2998 1063 ἂν
3025 1011 3235 1082 πατέρα
3264 1026 3356 1064 τον
3382 1010 3620 1065 τοιοῦτον
3660 1013 3737 1065 εῖ-

2079 1109 2238 1164 ποιμι
2255 1110 2270 1124 ⁶
2301 1097 2396 1149 καὶ
2423 1097 2578 1169 πόσῳ
2601 1096 2807 1167 βέλτιον
2836 1098 2894 1151 ἐν
2917 1098 3110 1169 βραχεῖ
3142 1098 3283 1169 λυπή
3295 1115 3481 1162 σαντα,
3508 1097 3732 1152 διαπαν-

2076 1179 2168 1242 τὸς
2189 1181 2367 1254 ὑγιείᾳ
2388 1184 2740 1254 παραδοῦναι,
2770 1185 2803 1255 ἢ
2831 1185 2930 1257 τὴν
2952 1186 3286 1257 πρόσκαιρον
3311 1185 3513 1257 ταύτην
3535 1186 3694 1257 χάριν
3713 1226 3732 1253 ,

2076 1264 2357 1337 διηνεκοῦς
2385 1268 2624 1341 ἀθυμίας
2651 1271 2909 1325 ὑπόθεσιν
2938 1272 3300 1343 ποιήσασθαι;
3341 1271 3512 1325 Τοῦτο
3531 1273 3734 1343 πάσχο-

2082 1369 2183 1422 μεν
2215 1355 2309 1408 καὶ
2330 1357 2512 1426 ἡμεῖς,
2540 1358 2714 1430 κάλλη
2741 1359 2938 1426 λέξεων
2976 1358 3461 1432 περιεργαζόμενοι
3489 1362 3585 1413 καὶ
3612 1378 3735 1413 συν-

2082 1437 2256 1508 θήκας
2281 1440 2430 1514 [259]
2454 1443 2550 1498 καὶ
2574 1446 2839 1515 ἁρμονίαν
2859 1447 3007 1509 ὅπως
3026 1446 3269 1518 ἥσωμεν,
3289 1449 3387 1518 οὑχ
3418 1448 3566 1510 ὅπως
3591 1447 3739 1516 ὠφε-

2079 1528 2329 1601 λήσωμεν
2350 1547 2365 1561 ·
2387 1532 2536 1597 ὅπως
2563 1532 2965 1605 θαυμσθῶμεν
2999 1536 3048 1600 b,
3074 1537 3172 1607 οὑχ
3208 1537 3355 1600 ὅπως
3386 1535 3685 1604 διδάξωμεν
3713 1550 3731 1566 ·

2080 1613 2227 1679 ὅπως
2244 1616 2552 1688 τέρψωμεν,
2570 1619 2667 1690 οὑχ
2689 1621 2836 1684 ὅπως
2856 1621 3241 1693 κατανύξωμεν
3254 1638 3268 1653 ⁸
3293 1624 3439 1687 ὅπως
3459 1619 3738 1692 κροτηθῶ-

2084 1719 2181 1771 μεν
2214 1704 2310 1757 κα)⁸
2337 1705 2561 1760 ἐπαίνου
2589 1707 2841 1777 τυχόντες
2872 1707 3216 1780 ἀπέλθωμεν,
3239 1711 3337 1781 οὑχ
3354 1710 3500 1773 ὅπως
3524 1709 3594 1762 τά
3626 1707 3740 1780 ἤθη

2083 1792 2452 1865 ῥυθμίσωμεν.

2152 1883 2486 1938 Πιστεύσατέ
2520 1902 2632 1955 μοι,
2662 1887 2764 1941 οὑκ
2787 1886 2960 1952 ἄλλως
2989 1887 3150 1956 λέγω,
3178 1886 3395 1942 ἐπειδὰν
3413 1886 3587 1955 λέγων
3605 1902 3736 1956 κρο-

2080 1970 2281 2041 τῶμαι,
2312 1973 2442 2045 παρ’
2469 1973 2629 2027 αὑτὸν
2660 1974 2758 2045 μὲν
2783 1975 2873 2028 τὸν
2898 1975 3085 2046 καιρὸν
3113 1973 3448 2046 ἀνθρώπινόν
3466 1991 3521 2027 τι
3538 1973 3734 2042 πάσχω

2082 2058 2157 2123 (τί
2191 2059 2299 2131 γὰρ
2328 2062 2427 2113 οὑκ
2460 2060 2524 2114 ἀν
2550 2079 2632 2123 τις
2658 2063 2799 2116 εῖποι
2827 2062 2888 2115 τὸ
2912 2062 3156 2133 ἀληθές);
3189 2062 3283 2117 καὶ
3313 2061 3605 2131 γάννυμαι,
3637 2059 3737 2111 καὶ

2082 2144 2364 2216 διαχέομαι
2388 2164 2402 2177 ·
2449 2147 2670 2202 ἐπειδὰν
2714 2148 2770 2202 δέ
2798 2148 3047 2204 ἀπελθὼν
3095 2148 3275 2203 οἴκαδε
3325 2149 3562 2218 ἐννοήσω
3610 2145 3737 2209 τοὺς

2084 2233 2456 2303 κροτήσαντας
2484 2235 2636 2288 οὐδὲν
2665 2235 3043 2307 ὠφεληθέντας
3064 2274 3081 2301 ,
3109 2235 3223 2289 ἀλλ’
3245 2237 3296 2289 εἴ
3332 2251 3384 2288 τι
3410 2234 3505 2287 καὶ
3531 2232 3742 2303 ὠφελη-

2085 2317 2247 2388 θῆναι
2280 2319 2406 2382 έδει,
2448 2320 2552 2373 ὑπὸ
2581 2320 2673 2374 τοῦ
2707 2322 2901 2393 κρότου
2933 2321 3160 2377 καὶτῶν
3191 2321 3429 2376 ἐπαίνων
3460 2317 3737 2373 ἀπολωλε-

2084 2406 2245 2469 κότας
2269 2446 2283 2470 ,
2320 2407 2590 2477 ὀδυνῶμαι
2618 2408 2713 2461 καὶ
2754 2408 2922 2462 στένω
2960 2410 3053 2462 καὶ
3080 2408 3301 2481 δακρύω
3319 2449 3336 2474 ,
3383 2408 3478 2460 καὶ
3503 2406 3579 2469 ὡς
3611 2406 3734 2476 εἰκῆ

2086 2493 2264 2547 πάντα
2284 2492 2540 2563 εἰρηκὼς,
2566 2493 2709 2547 οὕτω
2724 2496 3025 2566 διάκειμαι,
3049 2497 3142 2549 καὶ
3164 2494 3300 2566 πρὸς
3315 2492 3551 2565 ἐμαυτὸν
3570 2492 3733 2559 λέγω“

2085 2583 2150 2635 Τί
2184 2584 2274 2653 μοὶ
2302 2583 2362 2637 τὸ
2386 2582 2579 2652 ὄφελος
2609 2585 2717 2639 τῶν
2743 2584 3002 2657 ἱδρώτων,
3031 2587 3140 2641 τῶν
3160 2586 3466 2641 ἀκουόντων
3492 2586 3591 2639 οὑκ
3623 2583 3740 2637 ἐθε-

2084 2669 2283 2723 λόντων
2307 2670 2645 2742 καρποῦσθαι
2672 2690 2724 2725 τι
2750 2674 2902 2746 παρὰ
2929 2673 3035 2727 τῶν
3064 2674 3237 2743 λόγων
3256 2673 3363 2727 τῶν
3389 2675 3518 2744 παρ’
3547 2671 3738 2743 ἡμῶνς

2086 2759 2181 2813 καὶ
2210 2759 2468 2824 πολλάκις
2507 2761 2764 2832 ἐνενόησα
2804 2762 2974 2815 θεῖναι
3005 2762 3168 2833 νόμον
3190 2762 3282 2815 τὸν
3308 2760 3585 2815 κωλύοντα
3612 2760 3740 2823 τοὺς

2085 2848 2311 2917 κρότους
2333 2890 2349 2914 ,
2381 2849 2474 2901 καὶ
2499 2848 2753 2902 πείθοντα
2782 2850 2919 2919 μετά
2957 2850 3113 2920 σιγῆς
3139 2851 3281 2920 ὑμᾶς
3308 2848 3609 2921 ἀκροᾶσθαι
3645 2848 3738 2900 καὶ

2085 2933 2187 3003 τῆς
2202 2937 2584 3006 προσηκούσης
2605 2936 2872 3001 εὐταξίας.
2892 2936 3050 2991 ’Λλλά
3076 2936 3394 3008 ἀνάσχεσθε,
3420 2933 3749 3006 παρακαλῶν

2088 3024 2183 3075 καὶ¹
2204 3024 2462 3093 πείσθητέ
2496 3042 2587 3094 μοι
2613 3063 2628 3089 ,
2663 3026 2757 3078 καὶ⁵
2786 3026 2834 3077 εί
2862 3024 3045 3092 δοκεῖ,
3072 3023 3261 3078 τοῦτον
3281 3022 3617 3095 κυρώσωμεν
3649 3021 3743 3075 τὸν

2087 3110 2250 3180 νόμον
2271 3111 2393 3181 ἤδη,
2424 3112 2611 3181 μηδενὶ
2632 3111 2738 3165 τῶν
2760 3112 3063 3166 ἀκουόντων
3080 3111 3278 3177 ἐξεῖναι
3302 3113 3515 3182 κροτεῖν
3540 3127 3604 3180 με
3613 3108 3746 3169 ταξὺ

2088 3195 2335 3265 λέγοντός
2356 3213 2501 3260 τινος
2520 3237 2535 3261 ,
2559 3197 2674 3250 ἀλλ’
2702 3200 2751 3250 εί
2781 3197 3017 3268 βούλοιτο
3053 3197 3372 3269 θαυμάζειν,
3416 3195 3742 3268 θαυμαζέτω

2092 3286 2217 3354 σιγῇ
2236 3298 2248 3311 ⁸
2268 3283 2438 3347 οὐδεὶς
2461 3286 2489 3337 0
2505 3283 2750 3348 κωλύων,
2773 3286 2923 3338 πᾶσα
2938 3284 2995 3337 δὲ
3016 3286 3050 3355 ἡ
3075 3285 3277 3355 σπουδὴ
3293 3285 3388 3338 καὶ
3409 3287 3444 3355 ἡ
3468 3282 3746 3354 προθυμία

2091 3370 2220 3439 περὶ
2263 3368 2323 3421 τὸ
2357 3368 2605 3439 δέχεσθαι
2639 3370 2705 3422 τά
2731 3369 2997 3440 λεγόμενα
3032 3369 3286 3440 γινέσθω.
3321 3369 3419 3422 Διά
3438 3370 3493 3421 τί
3514 3368 3745 3438 ἐκροτή-

2094 3472 2253 3522 σατε;
2304 3456 2439 3526 Περὶ
2481 3455 2670 3509 τούτου
2711 3456 2801 3509 τὸν
2840 3456 3002 3528 νόμον
3043 3457 3233 3529 τίθημι
3267 3473 3280 3488 ο
3327 3459 3484 3528 ὑμεῖς
3524 3457 3581 3509 δὲ
3625 3455 3748 3508 οὑδὲ

2090 3543 2316 3597 ἀκοῦσαι
2347 3543 2603 3613 ἀνέχεσθε
2626 3555 2673 3596 ο.
2706 3543 2921 3597 Πολλῶν
2950 3544 3106 3598 τοῦτο
3129 3543 3346 3613 ἀγαθῶν
3368 3544 3539 3597 αἴτιον
3570 3541 3742 3606 ἔσται,

2093 3632 2188 3685 καὶ
2212 3631 2585 3684 διδασκάλειον
2619 3631 2957 3700 φιλοσοφίας.
2989 3633 3098 3686 Καὶ
3126 3634 3175 3685 οί
3202 3630 3444 3707 τῶνηέξω
3469 3630 3748 3699 φιλόσοφοι

2093 3717 2416 3787 διελέγοντο,
2437 3719 2531 3771 καὶ
2546 3719 2719 3782 οὐδεὶς
2744 3720 2977 3790 οὐδαμοῦ
3006 3720 3198 3791 κρότος
3224 3720 3405 3782 αὑτοῖς
3430 3719 3611 3771 εἵπετο
3628 3718 3751 3770 ⁹καί

2093 3807 2142 3858 οἱ
2162 3807 2444 3860 ἀπόστολοι
2464 3808 2555 3876 ἐδη
2565 3807 2857 3879 μηγόρουν,
2876 3808 2970 3861 καὶ
2991 3809 3118 3861 οὑδα
3125 3807 3224 3879 μοῦ
3236 3806 3394 3861 τοῦτο
3406 3807 3746 3879 πρόσκειται,

2094 3895 2175 3949 ὅτι
2202 3894 2405 3965 μεταξὺ
2436 3894 2700 3963 λεγόντων
2733 3896 2958 3950 ἐκείνων
2995 3898 3106 3961 τοῖς
3149 3896 3362 3967 κρότοις
3388 3896 3669 3949 διέκοπτον
3697 3897 3750 3948 οἱ

2095 3984 2387 4048 ἀκούοντες
2417 3984 2508 4037 τὸν
2537 3984 2782 4052 λέγοντα.
2824 3985 2981 4053 Μέγα
3002 3985 3163 4038 τοῦτο
3180 3984 3368 4055 κέρδος
3390 3986 3544 4054 ημῖν.
3590 3982 3752 4037 Ἀλλά

2096 4072 2434 4143 κυρώσωμεν
2455 4073 2614 4125 τοῦτο
2632 4089 2646 4103 ο
2678 4072 2796 4142 μεθ’
2827 4071 3057 4143 ἡσυχίας
3085 4072 3286 4136 πάντες
3306 4072 3618 4142 ἀκούωμεν,
3655 4073 3753 4124 καὶ

2096 4158 2344 4229 λέγωμεν
2371 4159 2605 4213 ᾶπαντα.
2651 4161 2713 4213 Et
2747 4160 2843 4230 μὲν
2866 4160 2975 4230 γὰρ
3007 4160 3144 4230 μετά
3168 4160 3295 4224 τοὺς
3319 4160 3546 4230 κρότους
3566 4159 3757 4233 ἀπῄει-

2102 4264 2201 4317 μεν
2247 4247 2461 4317 ἑχοντες
2507 4247 2649 4319 άπερ
2680 4247 3024 4319 ἠκούσαμεν,
3058 4248 3291 4319 μάλιστα
3327 4248 3424 4317 μὲν
3449 4247 3571 4300 οὑδέ
3609 4245 3757 4300 οὑτω

2097 4335 2363 4406 χρήσιμος
2391 4337 2418 4389 0
2451 4335 2666 4399 ἔπαινος
2697 4335 2833 4403 (ἀλλ’
2868 4336 2967 4389 οὑκ
2991 4335 3057 4389 ἂν
3084 4336 3595 4408 ὴκριϐολογησάμην
3625 4349 3640 4363 ·
3675 4335 3753 4405 μὴ

2102 4422 2171 4492 μέ
2206 4439 2291 4487 τις
2329 4422 2619 4494 ἀγροικίας
2657 4423 2937 4496 γραφέτω)
2963 4441 2976 4456 ·
2996 4424 3181 4495 ἐπειδὴ
3209 4423 3268 4476 δὲ
3298 4423 3461 4494 μηδὲν
3484 4422 3544 4475 τὸ
3567 4421 3750 4486 πλέον,

2099 4509 2235 4564 ἀλλὰ
2266 4512 2360 4565 καὶ
2394 4511 2563 4582 βλάδη
2586 4553 2603 4577 ,
2648 4512 2897 4583 λύσωμεν
2940 4512 3002 4566 τὸ
3048 4511 3274 4583 κώλυμα
3296 4553 3312 4579 ,
3360 4511 3635 4582 ἀνέλωμεν
3684 4511 3755 4563 τά

2101 4601 2483 4670 σκιρτήματα,
2522 4600 2845 4671 ἐκκόψωμεν
2884 4601 2956 4654 τὰ
3001 4600 3293 4671 πηδήματα
3328 4600 3426 4671 τῆς
3452 4599 3650 4670 ψυχῆς.
3694 4599 3757 4651 ὐ

2098 4687 2330 4757 Χριστὸς
2364 4688 2775 4759 ἐδημηγόρησεν
2802 4688 2893 4740 ἐπὶ
2917 4685 3008 4741 τοῦ
3037 4688 3195 4757 δρους
3214 4701 3227 4715 ·
3257 4687 3371 4740 ἀλλ’
3398 4687 3571 4749 οὐδεὶς
3597 4686 3754 4739 οὐδὲν

2097 4769 2275 4841 εἶπεν,
2302 4775 2405 4838 ἐως
2434 4777 2524 4827 ὅτε
2547 4777 2640 4827 τὸν
2671 4775 2827 4843 λόγον
2866 4773 3129 4827 ἐτέλεσεν.
3172 4774 3290 4828 Οὐκ
3309 4772 3595 4845 ἀποστερῶ
3626 4774 3755 4836 τοὺς

2100 4860 2454 4931 βουλομένους
2485 4861 2811 4930 κροτεῖσθαι,
2832 4859 2966 4913 ἀλλά
2983 4860 3182 4930 μᾶλλον
3198 4860 3570 4930 θαυμάζεσθαι
3592 4858 3751 4913 ποιῶ.

2100 4950 2286 5020 Πολλῷ
2314 4950 2520 5020 βέλτιον
2547 4949 2686 5019 μετά
2712 4949 2874 5018 σιγῆς
2893 4949 3231 5014 ἀκούσαντα,
3266 4950 3355 5004 διὰ
3392 4950 3491 5020 τῆς
3532 4950 3755 5019 μνήμης

2098 5037 2158 5088 ἐν
2197 5038 2359 5090 παντὶ
2388 5034 2467 5105 τῷ
2498 5034 2672 5105 χρόνῳ
2702 5037 2938 5105 κροτεῖν,
2965 5037 3059 5089 καὶ
3088 5040 3146 5090 ἐν
3169 5036 3316 5107 οἰκία
3343 5036 3436 5090 καὶ
3468 5037 3526 5090 ἐν
3555 5035 3755 5105 ἀγορᾷ,

2098 5122 2131 5192 ἢ
2178 5123 2356 5176 πάντα
2399 5121 2737 5175 ἀπολέσαντα
2779 5122 3120 5192 ἀπέρχεσθαι
3168 5123 3353 5176 οἶκαδε
3402 5123 3595 5188 κενὸν,
3654 5123 3756 5175 οὑκ

2097 5208 2291 5279 ἔχοντα
2316 5207 2424 5263 τῶν
2455 5210 2666 5278 κρότων
2692 5208 2792 5279 τὴν
2831 5208 3104 5265 ὑπόθεσιν.
3130 5210 3254 5273 Πῶς
3281 5210 3388 5281 γάρ
3422 5209 3485 5263 οὑ
3522 5208 3760 5276 καταγέ-

2097 5297 2292 5360 λαστος
2320 5298 2348 5349 0
2374 5295 2682 5375 amomum;
2713 5297 2829 5360 πῶς
2854 5297 2914 5349 οὑ
2938 5297 3103 5363 κόλαξ
3130 5298 3227 5351 καὶ
3264 5298 3428 5369 εῐρων
3447 5296 3476 5336 ἀ
3497 5295 3751 5366 νομισθήο

2098 5401 2250 5438 σεται
2276 5384 2494 5455 μᾶλλον,
2514 5385 2596 5437 δτι
2630 5386 2725 5454 μὲν
2753 5385 2932 5449 καλῶς
2958 5382 3111 5439 εἶπεν
3135 5387 3163 5439 0
3185 5386 3499 5450 διδάσκαλος
3529 5387 3760 5454 ἀποφαι-

2098 5474 2319 5542 νόμενος
2339 5513 2354 5537 ,
2385 5473 2436 5524 τί
2460 5472 2517 5525 δὲ
2543 5468 2696 5526 εἶπεν
2727 5473 2826 5526 οὑκ
2850 5472 2989 5542 έχων
3016 5473 3183 5537 δεῖξαι
3211 5491 3226 5540 ;
3255 5473 3429 5527 Τοῦτο
3466 5473 3754 5535 κολακείας

2095 5560 2338 5613 ἐστίν.’0
2384 5560 2480 5630 μὲν
2519 5559 2626 5631 γὰρ
2672 5559 2982 5631 κιθαρῳδῶν
3024 5561 3262 5623 ἀκούσας
3300 5563 3394 5614 καὶ
3442 5559 3755 5631 τραγῳδῶν,

2095 5648 2320 5710 εἰκότως
2346 5648 2416 5700 ἀν
2439 5647 2597 5700 τοῦτο
2618 5648 2800 5710 πάθοι,
2835 5650 2929 5701 ἀτε
2955 5649 3054 5700 οὑκ
3076 5648 3230 5710 είδὼς
3255 5650 3454 5719 ὁμοίως
3481 5649 3578 5720 τὴν
3600 5650 3757 5718 ῥῆσιν

2094 5737 2447 5791 εἰπεῖνσένθα
2472 5738 2528 5790 δὲ
2574 5737 2635 5788 οὑ
2689 5736 2879 5804 μέλους
2927 5738 3182 5803 ἐπίδειξίς
3220 5741 3366 5791 ἐστιν
3404 5739 3524 5791 οὑδέ
3551 5740 3758 5809 φωνῆς,

2158 5889 2184 5918 ’δ
2227 5878 2323 5930 Alii
2350 5880 2474 5933 ὅπως
2496 5879 2807 5940 εὐφράνειιμεν,
2831 5880 2917 5939 οὐχ
2949 5880 3076 5933 ὅπως
3109 5879 3427 5950 ὠφελήσωμεν
3453 5878 3755 5949 σκοποῦντες,

2093 5942 2221 5995 ὅπως
2261 5944 2615 6001 θενμασθώμεν.
2685 5944 2709 5969 ⁸
2734 5942 2873 5988 Alius
2912 5943 3089 5994 τίθημι,
3134 5943 3214 5987 καὶ
3254 5940 3383 5999 ὑμεῖς
3425 5939 3629 5988 ἀκοῦσαι
3669 5941 3759 5988 οὐκ

2094 6006 2327 6064 ανέχεοθε.
2396 6002 2419 6039 d
2452 6001 2543 6049 Alli
2578 6003 2825 6063 ἀκροατὴς,
2858 6004 2932 6047 καὶ
2964 6004 3117 6055 xvi/ai,
3152 6004 3226 6047 καὶ
3267 6004 3417 6061 ι’ίςηίην.
