  <div class='ocr_page' id='page_1' title='image "/cluster/home/n/w/nwhite01/storage/ocr_20150623/60/mdp.39015028539453/230.png"; bbox 0 0 4108 6172; ppageno 0'>
   <div class='ocr_carea' id='block_1_1' title="bbox 455 393 561 447">
    <p class='ocr_par' dir='ltr' id='par_1_1' title="bbox 455 393 561 447">
     <span class='ocr_line' id='line_1_1' title="bbox 455 393 561 447; baseline 0.009 -1"><span class='ocrx_word' id='word_1_1' title='bbox 455 393 561 447; x_wconf 73' lang='lat'><strong>29.5</strong></span> 
     </span>
    </p>
   </div>
   <div class='ocr_carea' id='block_1_2' title="bbox 455 500 2021 572">
    <p class='ocr_par' dir='ltr' id='par_1_2' title="bbox 455 500 2021 572">
     <span class='ocr_line' id='line_1_2' title="bbox 455 500 2021 572; baseline 0 -15"><span class='ocrx_word' id='word_1_2' title='bbox 455 508 529 559; x_wconf 89' lang='lat' dir='ltr'><strong>tio</strong></span> <span class='ocrx_word' id='word_1_3' title='bbox 554 521 621 559; x_wconf 82' lang='lat' dir='ltr'><strong>ex</strong></span> <span class='ocrx_word' id='word_1_4' title='bbox 650 500 997 559; x_wconf 85' lang='lat' dir='ltr'><strong>immoderato</strong></span> <span class='ocrx_word' id='word_1_5' title='bbox 1025 502 1201 555; x_wconf 86' lang='lat' dir='ltr'><strong>suidio</strong></span> <span class='ocrx_word' id='word_1_6' title='bbox 1228 501 1423 572; x_wconf 88' lang='lat' dir='ltr'><strong>prodiit</strong></span> <span class='ocrx_word' id='word_1_7' title='bbox 1451 519 1467 567; x_wconf 87' lang='lat'><strong>;</strong></span> <span class='ocrx_word' id='word_1_8' title='bbox 1495 517 1677 556; x_wconf 88' lang='lat' dir='ltr'><strong>verum</strong></span> <span class='ocrx_word' id='word_1_9' title='bbox 1709 503 1867 558; x_wconf 88' lang='lat' dir='ltr'><strong>etiam</strong></span> <span class='ocrx_word' id='word_1_10' title='bbox 1898 504 2021 557; x_wconf 90' lang='lat' dir='ltr'><strong>hinc</strong></span> 
     </span>
    </p>
   </div>
   <div class='ocr_carea' id='block_1_3' title="bbox 452 590 2022 664">
    <p class='ocr_par' dir='ltr' id='par_1_3' title="bbox 452 590 2022 664">
     <span class='ocr_line' id='line_1_3' title="bbox 452 590 2022 664; baseline -0.002 -17"><span class='ocrx_word' id='word_1_11' title='bbox 452 595 807 664; x_wconf 77' lang='lat' dir='ltr'><strong>apostolorum</strong></span> <span class='ocrx_word' id='word_1_12' title='bbox 835 593 1000 648; x_wconf 89' lang='lat' dir='ltr'><strong>virtus</strong></span> <span class='ocrx_word' id='word_1_13' title='bbox 1022 592 1336 646; x_wconf 88' lang='lat' dir='ltr'><strong>ostenditur.</strong></span> <span class='ocrx_word' id='word_1_14' title='bbox 1368 590 1437 645; x_wconf 87' lang='lat' dir='ltr'><strong>Et</strong></span> <span class='ocrx_word' id='word_1_15' title='bbox 1464 591 1588 646; x_wconf 82' lang='lat' dir='ltr'><strong>vide</strong></span> <span class='ocrx_word' id='word_1_16' title='bbox 1615 593 1887 661; x_wconf 91' lang='lat' dir='ltr'><strong>quomodo</strong></span> <span class='ocrx_word' id='word_1_17' title='bbox 1908 608 2022 645; x_wconf 91' lang='lat' dir='ltr'><strong>om-</strong></span> 
     </span>
    </p>
   </div>
   <div class='ocr_carea' id='block_1_4' title="bbox 455 682 2023 754">
    <p class='ocr_par' dir='ltr' id='par_1_4' title="bbox 455 682 2023 754">
     <span class='ocr_line' id='line_1_4' title="bbox 455 682 2023 754; baseline 0.002 -18"><span class='ocrx_word' id='word_1_18' title='bbox 455 685 537 738; x_wconf 96' lang='lat' dir='ltr'><strong>nia</strong></span> <span class='ocrx_word' id='word_1_19' title='bbox 566 685 758 754; x_wconf 86' lang='lat' dir='ltr'><strong>ubique</strong></span> <span class='ocrx_word' id='word_1_20' title='bbox 788 684 897 738; x_wconf 91' lang='lat' dir='ltr'><strong>Deo</strong></span> <span class='ocrx_word' id='word_1_21' title='bbox 923 683 1177 738; x_wconf 89' lang='lat' dir='ltr'><strong>referant.</strong></span> <span class='ocrx_word' id='word_1_22' title='bbox 1209 682 1318 737; x_wconf 75' lang='lat' dir='ltr'><strong>llos</strong></span> <span class='ocrx_word' id='word_1_23' title='bbox 1346 691 1401 736; x_wconf 89' lang='lat' dir='ltr'><strong>et</strong></span> <span class='ocrx_word' id='word_1_24' title='bbox 1431 697 1528 736; x_wconf 86' lang='lat' dir='ltr'><strong>nos</strong></span> <span class='ocrx_word' id='word_1_25' title='bbox 1553 683 1823 737; x_wconf 86' lang='lat' dir='ltr'><strong>imitemur</strong></span> <span class='ocrx_word' id='word_1_26' title='bbox 1848 701 1861 736; x_wconf 92' lang='lat'><strong>:</strong></span> <span class='ocrx_word' id='word_1_27' title='bbox 1891 683 2023 738; x_wconf 87' lang='lat' dir='ltr'><strong>nihil</strong></span> 
     </span>
    </p>
   </div>
   <div class='ocr_carea' id='block_1_5' title="bbox 452 775 2021 846">
    <p class='ocr_par' dir='ltr' id='par_1_5' title="bbox 452 775 2021 846">
     <span class='ocr_line' id='line_1_5' title="bbox 452 775 2021 846; baseline 0.001 -18"><span class='ocrx_word' id='word_1_28' title='bbox 452 785 689 831; x_wconf 91' lang='lat' dir='ltr'><strong>nostrum</strong></span> <span class='ocrx_word' id='word_1_29' title='bbox 719 792 841 832; x_wconf 88' lang='lat' dir='ltr'><strong>esse</strong></span> <span class='ocrx_word' id='word_1_30' title='bbox 885 785 1150 844; x_wconf 88' lang='lat' dir='ltr'><strong>putemus,</strong></span> <span class='ocrx_word' id='word_1_31' title='bbox 1180 775 1608 845; x_wconf 83' lang='lat' dir='ltr'><strong>quandoquidem</strong></span> <span class='ocrx_word' id='word_1_32' title='bbox 1649 791 1716 829; x_wconf 91' lang='lat' dir='ltr'><strong>ne</strong></span> <span class='ocrx_word' id='word_1_33' title='bbox 1761 776 1874 846; x_wconf 75' lang='lat' dir='ltr'><strong>ipsa</strong></span> <span class='ocrx_word' id='word_1_34' title='bbox 1901 775 2021 845; x_wconf 91' lang='lat' dir='ltr'><strong>qui-</strong></span> 
     </span>
    </p>
   </div>
   <div class='ocr_carea' id='block_1_6' title="bbox 451 864 2021 933">
    <p class='ocr_par' dir='ltr' id='par_1_6' title="bbox 451 864 2021 933">
     <span class='ocr_line' id='line_1_6' title="bbox 451 864 2021 933; baseline 0.001 -13"><span class='ocrx_word' id='word_1_35' title='bbox 451 866 571 920; x_wconf 90' lang='lat' dir='ltr'><strong>dem</strong></span> <span class='ocrx_word' id='word_1_36' title='bbox 601 868 732 920; x_wconf 90' lang='lat' dir='ltr'><strong>fides</strong></span> <span class='ocrx_word' id='word_1_37' title='bbox 753 876 935 920; x_wconf 89' lang='lat' dir='ltr'><strong>nostra</strong></span> <span class='ocrx_word' id='word_1_38' title='bbox 956 875 1057 921; x_wconf 85' lang='lat' dir='ltr'><strong>est.</strong></span> <span class='ocrx_word' id='word_1_39' title='bbox 1080 864 1231 932; x_wconf 85' lang='lat' dir='ltr'><strong>Quod</strong></span> <span class='ocrx_word' id='word_1_40' title='bbox 1260 874 1437 920; x_wconf 89' lang='lat' dir='ltr'><strong>autem</strong></span> <span class='ocrx_word' id='word_1_41' title='bbox 1468 876 1648 921; x_wconf 88' lang='lat' dir='ltr'><strong>nostra</strong></span> <span class='ocrx_word' id='word_1_42' title='bbox 1677 884 1782 921; x_wconf 89' lang='lat' dir='ltr'><strong>non</strong></span> <span class='ocrx_word' id='word_1_43' title='bbox 1807 869 1899 933; x_wconf 88' lang='lat' dir='ltr'><strong>sit,</strong></span> <span class='ocrx_word' id='word_1_44' title='bbox 1928 867 2021 921; x_wconf 89' lang='lat' dir='ltr'><strong>sed</strong></span> 
     </span>
    </p>
   </div>
   <div class='ocr_carea' id='block_1_7' title="bbox 451 955 2026 1029">
    <p class='ocr_par' dir='ltr' id='par_1_7' title="bbox 451 955 2026 1029">
     <span class='ocr_line' id='line_1_7' title="bbox 451 955 2026 1029; baseline -0.001 -16"><span class='ocrx_word' id='word_1_45' title='bbox 451 960 621 1029; x_wconf 89' lang='lat' dir='ltr'><strong>magis</strong></span> <span class='ocrx_word' id='word_1_46' title='bbox 644 958 754 1024; x_wconf 86' lang='lat' dir='ltr'><strong>Dei,</strong></span> <span class='ocrx_word' id='word_1_47' title='bbox 784 958 907 1013; x_wconf 88' lang='lat' dir='ltr'><strong>audi</strong></span> <span class='ocrx_word' id='word_1_48' title='bbox 930 957 1149 1012; x_wconf 85' lang='lat' dir='ltr'><strong>Paulum</strong></span> <span class='ocrx_word' id='word_1_49' title='bbox 1176 957 1437 1012; x_wconf 87' lang='lat' dir='ltr'><strong>dicentem</strong></span> <span class='ocrx_word' id='word_1_50' title='bbox 1469 975 1483 1012; x_wconf 92' lang='lat'><strong>:</strong></span> <span class='ocrx_word' id='word_1_51' title='bbox 1514 955 1579 1012; x_wconf 87' lang='lat' dir='ltr'><strong>Et</strong></span> <span class='ocrx_word' id='word_1_52' title='bbox 1604 959 1697 1013; x_wconf 82' lang='lat' dir='ltr'><strong>hoc</strong></span> <span class='ocrx_word' id='word_1_53' title='bbox 1724 976 1821 1012; x_wconf 89' lang='lat' dir='ltr'><strong>non</strong></span> <span class='ocrx_word' id='word_1_54' title='bbox 1846 975 1909 1012; x_wconf 75' lang='lat' dir='ltr'><strong>ex</strong></span> <span class='ocrx_word' id='word_1_55' title='bbox 1932 975 2026 1012; x_wconf 86' lang='lat' dir='ltr'><strong>na-</strong></span> 
     </span>
    </p>
   </div>
   <div class='ocr_carea' id='block_1_8' title="bbox 450 1046 2022 1120">
    <p class='ocr_par' dir='ltr' id='par_1_8' title="bbox 450 1046 2022 1120">
     <span class='ocr_line' id='line_1_8' title="bbox 450 1046 2022 1120; baseline 0.002 -18"><span class='ocrx_word' id='word_1_56' title='bbox 450 1048 544 1112; x_wconf 80' lang='lat' dir='ltr'><strong>bis,</strong></span> <span class='ocrx_word' id='word_1_57' title='bbox 572 1048 668 1102; x_wconf 86' lang='lat' dir='ltr'><strong>Dei</strong></span> <span class='ocrx_word' id='word_1_58' title='bbox 692 1051 882 1103; x_wconf 85' lang='lat' dir='ltr'><strong>donum</strong></span> <span class='ocrx_word' id='word_1_59' title='bbox 910 1046 1121 1120; x_wconf 77' lang='lat' dir='ltr'><strong>(Ep/tes.</strong></span> <span class='ocrx_word' id='word_1_60' title='bbox 1154 1048 1207 1102; x_wconf 72' lang='grc'><strong>2.</strong></span> <span class='ocrx_word' id='word_1_61' title='bbox 1242 1049 1320 1117; x_wconf 89' lang='grc'><strong>8).</strong></span> <span class='ocrx_word' id='word_1_62' title='bbox 1348 1049 1425 1104; x_wconf 86' lang='lat' dir='ltr'><strong>Ne</strong></span> <span class='ocrx_word' id='word_1_63' title='bbox 1453 1050 1630 1120; x_wconf 83' lang='lat' dir='ltr'><strong>itaque</strong></span> <span class='ocrx_word' id='word_1_64' title='bbox 1658 1053 1823 1106; x_wconf 89' lang='lat' dir='ltr'><strong>altum</strong></span> <span class='ocrx_word' id='word_1_65' title='bbox 1849 1052 2022 1120; x_wconf 83' lang='lat' dir='ltr'><strong>sapia-</strong></span> 
     </span>
    </p>
   </div>
   <div class='ocr_carea' id='block_1_9' title="bbox 452 1142 2018 1209">
    <p class='ocr_par' dir='ltr' id='par_1_9' title="bbox 452 1142 2018 1209">
     <span class='ocr_line' id='line_1_9' title="bbox 452 1142 2018 1209; baseline 0.001 -14"><span class='ocrx_word' id='word_1_66' title='bbox 452 1157 570 1197; x_wconf 87' lang='lat' dir='ltr'><strong>mus</strong></span> <span class='ocrx_word' id='word_1_67' title='bbox 592 1157 689 1197; x_wconf 90' lang='lat' dir='ltr'><strong>nec</strong></span> <span class='ocrx_word' id='word_1_68' title='bbox 711 1142 977 1206; x_wconf 87' lang='lat' dir='ltr'><strong>inflemur,</strong></span> <span class='ocrx_word' id='word_1_69' title='bbox 1003 1156 1123 1196; x_wconf 91' lang='lat' dir='ltr'><strong>cum</strong></span> <span class='ocrx_word' id='word_1_70' title='bbox 1153 1142 1398 1196; x_wconf 85' lang='lat' dir='ltr'><strong>homines</strong></span> <span class='ocrx_word' id='word_1_71' title='bbox 1421 1142 1608 1205; x_wconf 90' lang='lat' dir='ltr'><strong>simus,</strong></span> <span class='ocrx_word' id='word_1_72' title='bbox 1629 1153 1766 1197; x_wconf 90' lang='lat' dir='ltr'><strong>terra</strong></span> <span class='ocrx_word' id='word_1_73' title='bbox 1788 1152 1841 1198; x_wconf 88' lang='lat' dir='ltr'><strong>et</strong></span> <span class='ocrx_word' id='word_1_74' title='bbox 1863 1142 2018 1209; x_wconf 90' lang='lat' dir='ltr'><strong>cinis,</strong></span> 
     </span>
    </p>
   </div>
   <div class='ocr_carea' id='block_1_10' title="bbox 452 1232 2022 1304">
    <p class='ocr_par' dir='ltr' id='par_1_10' title="bbox 452 1232 2022 1304">
     <span class='ocr_line' id='line_1_10' title="bbox 452 1232 2022 1304; baseline 0 -17"><span class='ocrx_word' id='word_1_75' title='bbox 452 1232 628 1287; x_wconf 89' lang='lat' dir='ltr'><strong>fumus</strong></span> <span class='ocrx_word' id='word_1_76' title='bbox 659 1241 715 1288; x_wconf 88' lang='lat' dir='ltr'><strong>et</strong></span> <span class='ocrx_word' id='word_1_77' title='bbox 764 1233 971 1287; x_wconf 87' lang='lat' dir='ltr'><strong>umbra.</strong></span> <span class='ocrx_word' id='word_1_78' title='bbox 1010 1233 1101 1287; x_wconf 89' lang='lat' dir='ltr'><strong>Dic</strong></span> <span class='ocrx_word' id='word_1_79' title='bbox 1127 1234 1267 1286; x_wconf 91' lang='lat' dir='ltr'><strong>enim</strong></span> <span class='ocrx_word' id='word_1_80' title='bbox 1300 1233 1427 1287; x_wconf 87' lang='lat' dir='ltr'><strong>mihi</strong></span> <span class='ocrx_word' id='word_1_81' title='bbox 1454 1276 1467 1293; x_wconf 88' lang='lat'><strong>.</strong></span> <span class='ocrx_word' id='word_1_82' title='bbox 1506 1250 1602 1287; x_wconf 88' lang='lat' dir='ltr'><strong>cur</strong></span> <span class='ocrx_word' id='word_1_83' title='bbox 1639 1235 1806 1290; x_wconf 86' lang='lat' dir='ltr'><strong>altum</strong></span> <span class='ocrx_word' id='word_1_84' title='bbox 1834 1235 2022 1304; x_wconf 82' lang='lat' dir='ltr'><strong>sapis?</strong></span> 
     </span>
    </p>
   </div>
   <div class='ocr_carea' id='block_1_11' title="bbox 453 1324 2021 1397">
    <p class='ocr_par' dir='ltr' id='par_1_11' title="bbox 453 1324 2021 1397">
     <span class='ocr_line' id='line_1_11' title="bbox 453 1324 2021 1397; baseline 0.001 -19"><span class='ocrx_word' id='word_1_85' title='bbox 453 1324 863 1396; x_wconf 80' lang='lat' dir='ltr'><strong>Eleemosynam</strong></span> <span class='ocrx_word' id='word_1_86' title='bbox 892 1324 1082 1379; x_wconf 90' lang='lat' dir='ltr'><strong>dedisti</strong></span> <span class='ocrx_word' id='word_1_87' title='bbox 1108 1335 1162 1379; x_wconf 90' lang='lat' dir='ltr'><strong>et</strong></span> <span class='ocrx_word' id='word_1_88' title='bbox 1202 1325 1451 1393; x_wconf 85' lang='lat' dir='ltr'><strong>pecunias</strong></span> <span class='ocrx_word' id='word_1_89' title='bbox 1480 1324 1755 1380; x_wconf 78' lang='lat' dir='ltr'><strong>effudisti?</strong></span> <span class='ocrx_word' id='word_1_90' title='bbox 1792 1325 1859 1380; x_wconf 88' lang='lat' dir='ltr'><strong>Et</strong></span> <span class='ocrx_word' id='word_1_91' title='bbox 1897 1327 2021 1397; x_wconf 91' lang='lat' dir='ltr'><strong>quid</strong></span> 
     </span>
    </p>
   </div>
   <div class='ocr_carea' id='block_1_12' title="bbox 453 1413 2024 1484">
    <p class='ocr_par' dir='ltr' id='par_1_12' title="bbox 453 1413 2024 1484">
     <span class='ocr_line' id='line_1_12' title="bbox 453 1413 2024 1484; baseline 0.001 -17"><span class='ocrx_word' id='word_1_92' title='bbox 453 1413 553 1469; x_wconf 89' lang='lat' dir='ltr'><strong>hoc</strong></span> <span class='ocrx_word' id='word_1_93' title='bbox 575 1415 598 1468; x_wconf 66' lang='grc' dir='ltr'><strong>ἵ</strong></span> <span class='ocrx_word' id='word_1_94' title='bbox 621 1415 805 1484; x_wconf 81' lang='lat' dir='ltr'><strong>COgita</strong></span> <span class='ocrx_word' id='word_1_95' title='bbox 837 1415 882 1469; x_wconf 90' lang='lat' dir='ltr'><strong>si</strong></span> <span class='ocrx_word' id='word_1_96' title='bbox 912 1415 1169 1469; x_wconf 90' lang='lat' dir='ltr'><strong>noluisset</strong></span> <span class='ocrx_word' id='word_1_97' title='bbox 1198 1425 1249 1469; x_wconf 91' lang='lat' dir='ltr'><strong>te</strong></span> <span class='ocrx_word' id='word_1_98' title='bbox 1277 1415 1414 1469; x_wconf 86' lang='lat' dir='ltr'><strong>Deus</strong></span> <span class='ocrx_word' id='word_1_99' title='bbox 1440 1415 1658 1469; x_wconf 89' lang='lat' dir='ltr'><strong>divitem</strong></span> <span class='ocrx_word' id='word_1_100' title='bbox 1690 1414 1865 1471; x_wconf 86' lang='lat' dir='ltr'><strong>facere</strong></span> <span class='ocrx_word' id='word_1_101' title='bbox 1893 1435 1906 1469; x_wconf 90' lang='lat'><strong>:</strong></span> <span class='ocrx_word' id='word_1_102' title='bbox 1932 1432 2024 1471; x_wconf 91' lang='lat' dir='ltr'><strong>co-</strong></span> 
     </span>
    </p>
   </div>
   <div class='ocr_carea' id='block_1_13' title="bbox 449 1505 2021 1577">
    <p class='ocr_par' dir='ltr' id='par_1_13' title="bbox 449 1505 2021 1577">
     <span class='ocr_line' id='line_1_13' title="bbox 449 1505 2021 1577; baseline 0.002 -19"><span class='ocrx_word' id='word_1_103' title='bbox 449 1506 555 1575; x_wconf 87' lang='lat' dir='ltr'><strong>gita</strong></span> <span class='ocrx_word' id='word_1_104' title='bbox 587 1521 679 1560; x_wconf 91' lang='lat' dir='ltr'><strong>eos</strong></span> <span class='ocrx_word' id='word_1_105' title='bbox 718 1505 806 1576; x_wconf 89' lang='lat' dir='ltr'><strong>qui</strong></span> <span class='ocrx_word' id='word_1_106' title='bbox 834 1505 1008 1576; x_wconf 84' lang='lat' dir='ltr'><strong>inopia</strong></span> <span class='ocrx_word' id='word_1_107' title='bbox 1037 1515 1351 1574; x_wconf 87' lang='lat' dir='ltr'><strong>premuntur</strong></span> <span class='ocrx_word' id='word_1_108' title='bbox 1377 1523 1390 1572; x_wconf 91' lang='lat'><strong>;</strong></span> <span class='ocrx_word' id='word_1_109' title='bbox 1425 1508 1531 1560; x_wconf 92' lang='lat' dir='ltr'><strong>imo</strong></span> <span class='ocrx_word' id='word_1_110' title='bbox 1556 1508 1726 1576; x_wconf 84' lang='lat' dir='ltr'><strong>cogita</strong></span> <span class='ocrx_word' id='word_1_111' title='bbox 1753 1518 1883 1577; x_wconf 88' lang='lat' dir='ltr'><strong>quot</strong></span> <span class='ocrx_word' id='word_1_112' title='bbox 1908 1508 2021 1577; x_wconf 86' lang='lat' dir='ltr'><strong>ipsa</strong></span> 
     </span>
    </p>
   </div>
   <div class='ocr_carea' id='block_1_14' title="bbox 448 1599 2023 1674">
    <p class='ocr_par' dir='ltr' id='par_1_14' title="bbox 448 1599 2023 1674">
     <span class='ocr_line' id='line_1_14' title="bbox 448 1599 2023 1674; baseline 0.001 -21"><span class='ocrx_word' id='word_1_113' title='bbox 448 1613 671 1667; x_wconf 90' lang='lat' dir='ltr'><strong>corpora</strong></span> <span class='ocrx_word' id='word_1_114' title='bbox 704 1599 1078 1668; x_wconf 89' lang='lat' dir='ltr'><strong>impenderunt</strong></span> <span class='ocrx_word' id='word_1_115' title='bbox 1097 1639 1111 1662; x_wconf 85' lang='lat'><strong>,</strong></span> <span class='ocrx_word' id='word_1_116' title='bbox 1140 1609 1193 1654; x_wconf 90' lang='lat' dir='ltr'><strong>et</strong></span> <span class='ocrx_word' id='word_1_117' title='bbox 1217 1610 1501 1670; x_wconf 81' lang='lat' dir='ltr'><strong>postquam</strong></span> <span class='ocrx_word' id='word_1_118' title='bbox 1531 1601 1807 1657; x_wconf 90' lang='lat' dir='ltr'><strong>innumera</strong></span> <span class='ocrx_word' id='word_1_119' title='bbox 1836 1617 2023 1674; x_wconf 83' lang='lat' dir='ltr'><strong>eroga-</strong></span> 
     </span>
    </p>
   </div>
   <div class='ocr_carea' id='block_1_15' title="bbox 450 1689 2022 1762">
    <p class='ocr_par' dir='ltr' id='par_1_15' title="bbox 450 1689 2022 1762">
     <span class='ocr_line' id='line_1_15' title="bbox 450 1689 2022 1762; baseline 0.003 -19"><span class='ocrx_word' id='word_1_120' title='bbox 450 1700 655 1752; x_wconf 83' lang='lat' dir='ltr'><strong>verant.</strong></span> <span class='ocrx_word' id='word_1_121' title='bbox 680 1691 885 1758; x_wconf 77' lang='lat' dir='ltr'><strong>seipsos</strong></span> <span class='ocrx_word' id='word_1_122' title='bbox 910 1690 1133 1744; x_wconf 85' lang='lat' dir='ltr'><strong>miseros</strong></span> <span class='ocrx_word' id='word_1_123' title='bbox 1153 1691 1421 1745; x_wconf 85' lang='lat' dir='ltr'><strong>dixerunt.</strong></span> <span class='ocrx_word' id='word_1_124' title='bbox 1445 1689 1523 1745; x_wconf 91' lang='lat' dir='ltr'><strong>Tu</strong></span> <span class='ocrx_word' id='word_1_125' title='bbox 1552 1703 1770 1761; x_wconf 86' lang='lat' dir='ltr'><strong>propter</strong></span> <span class='ocrx_word' id='word_1_126' title='bbox 1795 1693 2022 1762; x_wconf 89' lang='lat' dir='ltr'><strong>teipsum</strong></span> 
     </span>
    </p>
   </div>
   <div class='ocr_carea' id='block_1_16' title="bbox 446 1768 2025 1853">
    <p class='ocr_par' dir='ltr' id='par_1_16' title="bbox 446 1768 2025 1853">
     <span class='ocr_line' id='line_1_16' title="bbox 446 1768 2025 1853; baseline 0.003 -18"><span class='ocrx_word' id='word_1_127' title='bbox 446 1768 661 1845; x_wconf 83' lang='lat' dir='ltr'><strong>dedisti,</strong></span> <span class='ocrx_word' id='word_1_128' title='bbox 689 1783 933 1837; x_wconf 82' lang='lat' dir='ltr'><strong>Christus</strong></span> <span class='ocrx_word' id='word_1_129' title='bbox 962 1793 1177 1851; x_wconf 83' lang='lat' dir='ltr'><strong>propter</strong></span> <span class='ocrx_word' id='word_1_130' title='bbox 1208 1797 1258 1837; x_wconf 90' lang='lat' dir='ltr'><strong>te</strong></span> <span class='ocrx_word' id='word_1_131' title='bbox 1287 1800 1300 1835; x_wconf 89' lang='lat'>:</span> <span class='ocrx_word' id='word_1_132' title='bbox 1338 1795 1390 1836; x_wconf 90' lang='lat' dir='ltr'><strong>tu</strong></span> <span class='ocrx_word' id='word_1_133' title='bbox 1420 1784 1559 1853; x_wconf 86' lang='lat' dir='ltr'><strong>quod</strong></span> <span class='ocrx_word' id='word_1_134' title='bbox 1588 1784 1819 1839; x_wconf 84' lang='lat' dir='ltr'><strong>debebas</strong></span> <span class='ocrx_word' id='word_1_135' title='bbox 1846 1786 2025 1840; x_wconf 88' lang='lat' dir='ltr'><strong>reddi-</strong></span> 
     </span>
    </p>
   </div>
   <div class='ocr_carea' id='block_1_17' title="bbox 446 1873 2024 1947">
    <p class='ocr_par' dir='ltr' id='par_1_17' title="bbox 446 1873 2024 1947">
     <span class='ocr_line' id='line_1_17' title="bbox 446 1873 2024 1947; baseline 0.002 -20"><span class='ocrx_word' id='word_1_136' title='bbox 446 1875 568 1928; x_wconf 90' lang='lat' dir='ltr'><strong>disti</strong></span> <span class='ocrx_word' id='word_1_137' title='bbox 593 1917 607 1938; x_wconf 88' lang='lat'><strong>,</strong></span> <span class='ocrx_word' id='word_1_138' title='bbox 641 1873 889 1929; x_wconf 82' lang='lat' dir='ltr'><strong>Christus</strong></span> <span class='ocrx_word' id='word_1_139' title='bbox 933 1874 1062 1928; x_wconf 91' lang='lat' dir='ltr'><strong>nihil</strong></span> <span class='ocrx_word' id='word_1_140' title='bbox 1107 1874 1200 1929; x_wconf 85' lang='lat' dir='ltr'><strong>tibi</strong></span> <span class='ocrx_word' id='word_1_141' title='bbox 1226 1875 1471 1931; x_wconf 80' lang='lat' dir='ltr'><strong>debebat.</strong></span> <span class='ocrx_word' id='word_1_142' title='bbox 1511 1874 1641 1931; x_wconf 80' lang='lat' dir='ltr'><strong>Vide</strong></span> <span class='ocrx_word' id='word_1_143' title='bbox 1660 1892 1817 1947; x_wconf 90' lang='lat' dir='ltr'><strong>quam</strong></span> <span class='ocrx_word' id='word_1_144' title='bbox 1848 1879 2024 1932; x_wconf 90' lang='lat' dir='ltr'><strong>incer-</strong></span> 
     </span>
    </p>
   </div>
   <div class='ocr_carea' id='block_1_18' title="bbox 450 1966 2022 2035">
    <p class='ocr_par' dir='ltr' id='par_1_18' title="bbox 450 1966 2022 2035">
     <span class='ocr_line' id='line_1_18' title="bbox 450 1966 2022 2035; baseline 0.004 -16"><span class='ocrx_word' id='word_1_145' title='bbox 450 1979 559 2020; x_wconf 91' lang='lat' dir='ltr'><strong>tum</strong></span> <span class='ocrx_word' id='word_1_146' title='bbox 591 1967 661 2020; x_wconf 88' lang='lat' dir='ltr'><strong>sit</strong></span> <span class='ocrx_word' id='word_1_147' title='bbox 700 1966 972 2032; x_wconf 88' lang='lat' dir='ltr'><strong>futurum,</strong></span> <span class='ocrx_word' id='word_1_148' title='bbox 1003 1975 1149 2023; x_wconf 89' lang='lat' dir='ltr'><strong>etne</strong></span> <span class='ocrx_word' id='word_1_149' title='bbox 1184 1967 1349 2021; x_wconf 91' lang='lat' dir='ltr'><strong>altum</strong></span> <span class='ocrx_word' id='word_1_150' title='bbox 1386 1969 1561 2035; x_wconf 87' lang='lat' dir='ltr'><strong>sapias</strong></span> <span class='ocrx_word' id='word_1_151' title='bbox 1582 2008 1597 2030; x_wconf 91' lang='lat'><strong>,</strong></span> <span class='ocrx_word' id='word_1_152' title='bbox 1627 1968 1720 2022; x_wconf 90' lang='lat' dir='ltr'><strong>sed</strong></span> <span class='ocrx_word' id='word_1_153' title='bbox 1755 1968 1883 2023; x_wconf 89' lang='lat' dir='ltr'><strong>time</strong></span> <span class='ocrx_word' id='word_1_154' title='bbox 1911 1989 1925 2023; x_wconf 90' lang='lat'><strong>:</strong></span> <span class='ocrx_word' id='word_1_155' title='bbox 1955 1986 2022 2025; x_wconf 89' lang='lat' dir='ltr'><strong>ne</strong></span> 
     </span>
    </p>
   </div>
   <div class='ocr_carea' id='block_1_19' title="bbox 450 2058 2020 2130">
    <p class='ocr_par' dir='ltr' id='par_1_19' title="bbox 450 2058 2020 2130">
     <span class='ocr_line' id='line_1_19' title="bbox 450 2058 2020 2130; baseline 0.003 -21"><span class='ocrx_word' id='word_1_156' title='bbox 450 2058 695 2112; x_wconf 73' lang='lat' dir='ltr'><strong>virtutem</strong></span> <span class='ocrx_word' id='word_1_157' title='bbox 741 2074 804 2111; x_wconf 88' lang='lat' dir='ltr'><strong>ex</strong></span> <span class='ocrx_word' id='word_1_158' title='bbox 853 2060 1151 2127; x_wconf 80' lang='lat' dir='ltr'><strong>arrogantia</strong></span> <span class='ocrx_word' id='word_1_159' title='bbox 1201 2058 1428 2112; x_wconf 84' lang='lat' dir='ltr'><strong>minuas.</strong></span> <span class='ocrx_word' id='word_1_160' title='bbox 1474 2058 1563 2112; x_wconf 83' lang='lat' dir='ltr'><strong>Vis</strong></span> <span class='ocrx_word' id='word_1_161' title='bbox 1605 2074 1730 2113; x_wconf 84' lang='lat' dir='ltr'><strong>vere</strong></span> <span class='ocrx_word' id='word_1_162' title='bbox 1772 2074 2020 2130; x_wconf 89' lang='lat' dir='ltr'><strong>maguum</strong></span> 
     </span>
    </p>
   </div>
   <div class='ocr_carea' id='block_1_20' title="bbox 447 2148 2021 2221">
    <p class='ocr_par' dir='ltr' id='par_1_20' title="bbox 447 2148 2021 2221">
     <span class='ocr_line' id='line_1_20' title="bbox 447 2148 2021 2221; baseline 0.003 -21"><span class='ocrx_word' id='word_1_163' title='bbox 447 2148 714 2217; x_wconf 83' lang='lat' dir='ltr'><strong>quidpiam</strong></span> <span class='ocrx_word' id='word_1_164' title='bbox 764 2149 1083 2204; x_wconf 82' lang='lat' dir='ltr'><strong>facere?Ne</strong></span> <span class='ocrx_word' id='word_1_165' title='bbox 1130 2165 1377 2220; x_wconf 87' lang='lat' dir='ltr'><strong>umquam</strong></span> <span class='ocrx_word' id='word_1_166' title='bbox 1422 2164 1716 2219; x_wconf 77' lang='lat' dir='ltr'><strong>prtesumas</strong></span> <span class='ocrx_word' id='word_1_167' title='bbox 1754 2161 2021 2221; x_wconf 87' lang='lat' dir='ltr'><strong>tamquam</strong></span> 
     </span>
    </p>
   </div>
   <div class='ocr_carea' id='block_1_21' title="bbox 447 2236 2023 2316">
    <p class='ocr_par' dir='ltr' id='par_1_21' title="bbox 447 2236 2023 2316">
     <span class='ocr_line' id='line_1_21' title="bbox 447 2236 2023 2316; baseline 0.003 -21"><span class='ocrx_word' id='word_1_168' title='bbox 447 2242 516 2296; x_wconf 89' lang='lat' dir='ltr'><strong>de</strong></span> <span class='ocrx_word' id='word_1_169' title='bbox 546 2243 748 2312; x_wconf 81' lang='lat' dir='ltr'><strong>magnis</strong></span> <span class='ocrx_word' id='word_1_170' title='bbox 768 2236 1036 2313; x_wconf 83' lang='lat' dir='ltr'><strong>operibus.</strong></span> <span class='ocrx_word' id='word_1_171' title='bbox 1068 2246 1135 2297; x_wconf 77' lang='lat' dir='ltr'><strong>At</strong></span> <span class='ocrx_word' id='word_1_172' title='bbox 1161 2244 1306 2313; x_wconf 88' lang='lat' dir='ltr'><strong>virgo</strong></span> <span class='ocrx_word' id='word_1_173' title='bbox 1330 2241 1434 2298; x_wconf 79' lang='lat' dir='ltr'><strong>es?</strong></span> <span class='ocrx_word' id='word_1_174' title='bbox 1464 2242 1654 2298; x_wconf 87' lang='lat' dir='ltr'><strong>Verum</strong></span> <span class='ocrx_word' id='word_1_175' title='bbox 1686 2245 1787 2298; x_wconf 77' lang='lat' dir='ltr'><strong>illa:</strong></span> <span class='ocrx_word' id='word_1_176' title='bbox 1810 2260 2023 2316; x_wconf 85' lang='lat' dir='ltr'><strong>quoque</strong></span> 
     </span>
    </p>
   </div>
   <div class='ocr_carea' id='block_1_22' title="bbox 450 2337 2021 2406">
    <p class='ocr_par' dir='ltr' id='par_1_22' title="bbox 450 2337 2021 2406">
     <span class='ocr_line' id='line_1_22' title="bbox 450 2337 2021 2406; baseline 0.004 -19"><span class='ocrx_word' id='word_1_177' title='bbox 450 2337 681 2405; x_wconf 76' lang='lat' dir='ltr'><strong>virgines</strong></span> <span class='ocrx_word' id='word_1_178' title='bbox 709 2347 882 2403; x_wconf 87' lang='lat' dir='ltr'><strong>erant,</strong></span> <span class='ocrx_word' id='word_1_179' title='bbox 914 2346 969 2392; x_wconf 89' lang='lat' dir='ltr'><strong>et</strong></span> <span class='ocrx_word' id='word_1_180' title='bbox 999 2348 1213 2406; x_wconf 75' lang='lat' dir='ltr'><strong>propter</strong></span> <span class='ocrx_word' id='word_1_181' title='bbox 1239 2337 1611 2393; x_wconf 85' lang='lat' dir='ltr'><strong>crudelitatem</strong></span> <span class='ocrx_word' id='word_1_182' title='bbox 1640 2349 1696 2393; x_wconf 85' lang='lat' dir='ltr'><strong>et</strong></span> <span class='ocrx_word' id='word_1_183' title='bbox 1722 2338 2021 2393; x_wconf 89' lang='lat' dir='ltr'><strong>inhumani-</strong></span> 
     </span>
    </p>
   </div>
   <div class='ocr_carea' id='block_1_23' title="bbox 451 2427 1491 2497">
    <p class='ocr_par' dir='ltr' id='par_1_23' title="bbox 451 2427 1491 2497">
     <span class='ocr_line' id='line_1_23' title="bbox 451 2427 1491 2497; baseline 0.004 -17"><span class='ocrx_word' id='word_1_184' title='bbox 451 2435 611 2480; x_wconf 76' lang='lat' dir='ltr'><strong>tatrm</strong></span> <span class='ocrx_word' id='word_1_185' title='bbox 643 2427 771 2480; x_wconf 88' lang='lat' dir='ltr'><strong>nihil</strong></span> <span class='ocrx_word' id='word_1_186' title='bbox 801 2427 995 2497; x_wconf 89' lang='lat' dir='ltr'><strong>profuit</strong></span> <span class='ocrx_word' id='word_1_187' title='bbox 1039 2428 1167 2497; x_wconf 75' lang='lat' dir='ltr'><strong>ipsis</strong></span> <span class='ocrx_word' id='word_1_188' title='bbox 1199 2427 1491 2497; x_wconf 80' lang='lat' dir='ltr'><strong>virginitas.</strong></span> 
     </span>
    </p>
   </div>
   <div class='ocr_carea' id='block_1_24' title="bbox 523 2517 2023 2591">
    <p class='ocr_par' dir='ltr' id='par_1_24' title="bbox 523 2517 2023 2591">
     <span class='ocr_line' id='line_1_24' title="bbox 523 2517 2023 2591; baseline 0.004 -20"><span class='ocrx_word' id='word_1_189' title='bbox 523 2517 801 2574; x_wconf 81' lang='lat' dir='ltr'><strong>Ilumititas</strong></span> <span class='ocrx_word' id='word_1_190' title='bbox 813 2518 1421 2574; x_wconf 61' lang='lat' dir='ltr'><strong>commendatum—Nihil</strong></span> <span class='ocrx_word' id='word_1_191' title='bbox 1442 2517 1724 2575; x_wconf 85' lang='lat' dir='ltr'><strong>humilitati</strong></span> <span class='ocrx_word' id='word_1_192' title='bbox 1755 2536 1846 2591; x_wconf 90' lang='lat' dir='ltr'><strong>par</strong></span> <span class='ocrx_word' id='word_1_193' title='bbox 1871 2539 1884 2573; x_wconf 88' lang='lat'><strong>:</strong></span> <span class='ocrx_word' id='word_1_194' title='bbox 1910 2521 2023 2577; x_wconf 84' lang='lat' dir='ltr'><strong>ha:c</strong></span> 
     </span>
    </p>
   </div>
   <div class='ocr_carea' id='block_1_25' title="bbox 450 2612 2018 2680">
    <p class='ocr_par' dir='ltr' id='par_1_25' title="bbox 450 2612 2018 2680">
     <span class='ocr_line' id='line_1_25' title="bbox 450 2612 2018 2680; baseline 0.002 -14"><span class='ocrx_word' id='word_1_195' title='bbox 450 2620 619 2668; x_wconf 80' lang='lat' dir='ltr'><strong>mater</strong></span> <span class='ocrx_word' id='word_1_196' title='bbox 643 2622 756 2680; x_wconf 88' lang='lat' dir='ltr'><strong>est,</strong></span> <span class='ocrx_word' id='word_1_197' title='bbox 789 2613 937 2667; x_wconf 83' lang='lat' dir='ltr'><strong>radix</strong></span> <span class='ocrx_word' id='word_1_198' title='bbox 960 2655 973 2676; x_wconf 83' lang='lat'>.</span> <span class='ocrx_word' id='word_1_199' title='bbox 1005 2612 1181 2667; x_wconf 84' lang='lat' dir='ltr'><strong>nutrix</strong></span> <span class='ocrx_word' id='word_1_200' title='bbox 1204 2652 1220 2679; x_wconf 87' lang='lat'><strong>,</strong></span> <span class='ocrx_word' id='word_1_201' title='bbox 1253 2613 1637 2677; x_wconf 88' lang='lat' dir='ltr'><strong>fulcimentum,</strong></span> <span class='ocrx_word' id='word_1_202' title='bbox 1672 2624 1726 2669; x_wconf 92' lang='lat' dir='ltr'><strong>et</strong></span> <span class='ocrx_word' id='word_1_203' title='bbox 1754 2616 2018 2669; x_wconf 79' lang='lat' dir='ltr'><strong>vinculum</strong></span> 
     </span>
    </p>
   </div>
   <div class='ocr_carea' id='block_1_26' title="bbox 453 2706 2022 2772">
    <p class='ocr_par' dir='ltr' id='par_1_26' title="bbox 453 2706 2022 2772">
     <span class='ocr_line' id='line_1_26' title="bbox 453 2706 2022 2772; baseline -0.001 -11"><span class='ocrx_word' id='word_1_204' title='bbox 453 2710 713 2761; x_wconf 90' lang='lat' dir='ltr'><strong>bonorum</strong></span> <span class='ocrx_word' id='word_1_205' title='bbox 742 2722 757 2761; x_wconf 90' lang='lat'><strong>:</strong></span> <span class='ocrx_word' id='word_1_206' title='bbox 791 2707 906 2761; x_wconf 91' lang='lat' dir='ltr'><strong>sine</strong></span> <span class='ocrx_word' id='word_1_207' title='bbox 932 2707 1019 2761; x_wconf 85' lang='lat' dir='ltr'><strong>illa</strong></span> <span class='ocrx_word' id='word_1_208' title='bbox 1049 2706 1426 2772; x_wconf 89' lang='lat' dir='ltr'><strong>abominandi,</strong></span> <span class='ocrx_word' id='word_1_209' title='bbox 1472 2707 1785 2761; x_wconf 81' lang='lat' dir='ltr'><strong>exsecrandi</strong></span> <span class='ocrx_word' id='word_1_210' title='bbox 1827 2716 1879 2760; x_wconf 92' lang='lat' dir='ltr'><strong>et</strong></span> <span class='ocrx_word' id='word_1_211' title='bbox 1921 2708 2022 2759; x_wconf 79' lang='lat' dir='ltr'><strong>im-</strong></span> 
     </span>
    </p>
   </div>
   <div class='ocr_carea' id='block_1_27' title="bbox 453 2797 2024 2867">
    <p class='ocr_par' dir='ltr' id='par_1_27' title="bbox 453 2797 2024 2867">
     <span class='ocr_line' id='line_1_27' title="bbox 453 2797 2024 2867; baseline 0.001 -16"><span class='ocrx_word' id='word_1_212' title='bbox 453 2798 569 2867; x_wconf 87' lang='lat' dir='ltr'><strong>puri</strong></span> <span class='ocrx_word' id='word_1_213' title='bbox 592 2812 798 2852; x_wconf 89' lang='lat' dir='ltr'><strong>sumus.</strong></span> <span class='ocrx_word' id='word_1_214' title='bbox 830 2797 955 2850; x_wconf 84' lang='lat' dir='ltr'><strong>Esto</strong></span> <span class='ocrx_word' id='word_1_215' title='bbox 974 2798 1114 2851; x_wconf 91' lang='lat' dir='ltr'><strong>enim</strong></span> <span class='ocrx_word' id='word_1_216' title='bbox 1144 2799 1295 2867; x_wconf 83' lang='lat' dir='ltr'><strong>quis,</strong></span> <span class='ocrx_word' id='word_1_217' title='bbox 1322 2798 1367 2851; x_wconf 92' lang='lat' dir='ltr'><strong>si</strong></span> <span class='ocrx_word' id='word_1_218' title='bbox 1400 2798 1605 2864; x_wconf 84' lang='lat' dir='ltr'><strong>placet,</strong></span> <span class='ocrx_word' id='word_1_219' title='bbox 1653 2798 1742 2866; x_wconf 90' lang='lat' dir='ltr'><strong>qui</strong></span> <span class='ocrx_word' id='word_1_220' title='bbox 1787 2808 2024 2852; x_wconf 90' lang='lat' dir='ltr'><strong>mortuos</strong></span> 
     </span>
    </p>
   </div>
   <div class='ocr_carea' id='block_1_28' title="bbox 451 2888 2024 2957">
    <p class='ocr_par' dir='ltr' id='par_1_28' title="bbox 451 2888 2024 2957">
     <span class='ocr_line' id='line_1_28' title="bbox 451 2888 2024 2957; baseline 0.001 -15"><span class='ocrx_word' id='word_1_221' title='bbox 451 2889 705 2955; x_wconf 87' lang='lat' dir='ltr'><strong>suscitet,</strong></span> <span class='ocrx_word' id='word_1_222' title='bbox 737 2888 956 2941; x_wconf 87' lang='lat' dir='ltr'><strong>claudos</strong></span> <span class='ocrx_word' id='word_1_223' title='bbox 985 2889 1180 2957; x_wconf 79' lang='lat' dir='ltr'><strong>erigat,</strong></span> <span class='ocrx_word' id='word_1_224' title='bbox 1227 2888 1466 2956; x_wconf 84' lang='lat' dir='ltr'><strong>leprosos</strong></span> <span class='ocrx_word' id='word_1_225' title='bbox 1515 2896 1732 2942; x_wconf 85' lang='lat' dir='ltr'><strong>niundet</strong></span> <span class='ocrx_word' id='word_1_226' title='bbox 1769 2903 1892 2941; x_wconf 92' lang='lat' dir='ltr'><strong>cum</strong></span> <span class='ocrx_word' id='word_1_227' title='bbox 1934 2904 2024 2943; x_wconf 89' lang='lat' dir='ltr'><strong>ar-</strong></span> 
     </span>
    </p>
   </div>
   <div class='ocr_carea' id='block_1_29' title="bbox 454 2978 2021 3050">
    <p class='ocr_par' dir='ltr' id='par_1_29' title="bbox 454 2978 2021 3050">
     <span class='ocr_line' id='line_1_29' title="bbox 454 2978 2021 3050; baseline -0.001 -16"><span class='ocrx_word' id='word_1_228' title='bbox 454 2980 692 3050; x_wconf 87' lang='lat' dir='ltr'><strong>rogantia</strong></span> <span class='ocrx_word' id='word_1_229' title='bbox 720 2994 734 3030; x_wconf 89' lang='lat'><strong>:</strong></span> <span class='ocrx_word' id='word_1_230' title='bbox 768 2978 897 3032; x_wconf 89' lang='lat' dir='ltr'><strong>nihil</strong></span> <span class='ocrx_word' id='word_1_231' title='bbox 930 2978 1030 3032; x_wconf 90' lang='lat' dir='ltr'><strong>hoc</strong></span> <span class='ocrx_word' id='word_1_232' title='bbox 1059 2979 1317 3049; x_wconf 89' lang='lat' dir='ltr'><strong>impurius</strong></span> <span class='ocrx_word' id='word_1_233' title='bbox 1340 3020 1354 3043; x_wconf 92' lang='lat'><strong>,</strong></span> <span class='ocrx_word' id='word_1_234' title='bbox 1388 2979 1520 3032; x_wconf 91' lang='lat' dir='ltr'><strong>nihil</strong></span> <span class='ocrx_word' id='word_1_235' title='bbox 1561 2980 1727 3049; x_wconf 87' lang='lat' dir='ltr'><strong>magis</strong></span> <span class='ocrx_word' id='word_1_236' title='bbox 1766 2980 2021 3048; x_wconf 89' lang='lat' dir='ltr'><strong>impium,</strong></span> 
     </span>
    </p>
   </div>
   <div class='ocr_carea' id='block_1_30' title="bbox 455 3069 2024 3140">
    <p class='ocr_par' dir='ltr' id='par_1_30' title="bbox 455 3069 2024 3140">
     <span class='ocr_line' id='line_1_30' title="bbox 455 3069 2024 3140; baseline 0.001 -16"><span class='ocrx_word' id='word_1_237' title='bbox 455 3070 586 3124; x_wconf 88' lang='lat' dir='ltr'><strong>nihil</strong></span> <span class='ocrx_word' id='word_1_238' title='bbox 614 3070 912 3125; x_wconf 88' lang='lat' dir='ltr'><strong>scelestius.</strong></span> <span class='ocrx_word' id='word_1_239' title='bbox 942 3069 1081 3124; x_wconf 83' lang='lat' dir='ltr'><strong>Nihil</strong></span> <span class='ocrx_word' id='word_1_240' title='bbox 1112 3071 1185 3124; x_wconf 91' lang='lat' dir='ltr'><strong>tui</strong></span> <span class='ocrx_word' id='word_1_241' title='bbox 1214 3071 1379 3139; x_wconf 88' lang='lat' dir='ltr'><strong>ipsius</strong></span> <span class='ocrx_word' id='word_1_242' title='bbox 1403 3085 1523 3125; x_wconf 89' lang='lat' dir='ltr'><strong>esse</strong></span> <span class='ocrx_word' id='word_1_243' title='bbox 1547 3080 1750 3140; x_wconf 89' lang='lat' dir='ltr'><strong>reputa.</strong></span> <span class='ocrx_word' id='word_1_244' title='bbox 1778 3071 2024 3127; x_wconf 86' lang='lat' dir='ltr'><strong>Faculta-</strong></span> 
     </span>
    </p>
   </div>
   <div class='ocr_carea' id='block_1_31' title="bbox 457 3163 2024 3231">
    <p class='ocr_par' dir='ltr' id='par_1_31' title="bbox 457 3163 2024 3231">
     <span class='ocr_line' id='line_1_31' title="bbox 457 3163 2024 3231; baseline 0.001 -14"><span class='ocrx_word' id='word_1_245' title='bbox 457 3174 563 3217; x_wconf 86' lang='lat' dir='ltr'><strong>tem</strong></span> <span class='ocrx_word' id='word_1_246' title='bbox 611 3164 757 3217; x_wconf 85' lang='lat' dir='ltr'><strong>verbi</strong></span> <span class='ocrx_word' id='word_1_247' title='bbox 805 3174 860 3218; x_wconf 91' lang='lat' dir='ltr'><strong>et</strong></span> <span class='ocrx_word' id='word_1_248' title='bbox 905 3164 1161 3218; x_wconf 80' lang='lat' dir='ltr'><strong>doctrina:</strong></span> <span class='ocrx_word' id='word_1_249' title='bbox 1201 3163 1423 3231; x_wconf 79' lang='lat' dir='ltr'><strong>gratiam</strong></span> <span class='ocrx_word' id='word_1_250' title='bbox 1473 3163 1679 3218; x_wconf 84' lang='lat' dir='ltr'><strong>habes?</strong></span> <span class='ocrx_word' id='word_1_251' title='bbox 1719 3163 1795 3219; x_wconf 84' lang='lat' dir='ltr'><strong>Nc</strong></span> <span class='ocrx_word' id='word_1_252' title='bbox 1823 3164 1943 3218; x_wconf 88' lang='lat' dir='ltr'><strong>ideo</strong></span> <span class='ocrx_word' id='word_1_253' title='bbox 1974 3176 2024 3219; x_wconf 92' lang='lat' dir='ltr'><strong>te</strong></span> 
     </span>
    </p>
   </div>
   <div class='ocr_carea' id='block_1_32' title="bbox 457 3253 2025 3325">
    <p class='ocr_par' dir='ltr' id='par_1_32' title="bbox 457 3253 2025 3325">
     <span class='ocr_line' id='line_1_32' title="bbox 457 3253 2025 3325; baseline 0.001 -18"><span class='ocrx_word' id='word_1_254' title='bbox 457 3263 608 3324; x_wconf 78' lang='lat' dir='ltr'><strong>putes</strong></span> <span class='ocrx_word' id='word_1_255' title='bbox 641 3255 756 3322; x_wconf 87' lang='lat' dir='ltr'><strong>plus</strong></span> <span class='ocrx_word' id='word_1_256' title='bbox 783 3270 938 3325; x_wconf 88' lang='lat' dir='ltr'><strong>quam</strong></span> <span class='ocrx_word' id='word_1_257' title='bbox 967 3254 1100 3308; x_wconf 87' lang='lat' dir='ltr'><strong>alios</strong></span> <span class='ocrx_word' id='word_1_258' title='bbox 1128 3253 1344 3309; x_wconf 82' lang='lat' dir='ltr'><strong>habere.</strong></span> <span class='ocrx_word' id='word_1_259' title='bbox 1377 3253 1498 3309; x_wconf 91' lang='lat' dir='ltr'><strong>Ideo</strong></span> <span class='ocrx_word' id='word_1_260' title='bbox 1525 3256 1754 3309; x_wconf 84' lang='lat' dir='ltr'><strong>maxime</strong></span> <span class='ocrx_word' id='word_1_261' title='bbox 1781 3266 1833 3310; x_wconf 90' lang='lat' dir='ltr'><strong>te</strong></span> <span class='ocrx_word' id='word_1_262' title='bbox 1862 3256 2025 3309; x_wconf 90' lang='lat' dir='ltr'><strong>humi-</strong></span> 
     </span>
    </p>
   </div>
   <div class='ocr_carea' id='block_1_33' title="bbox 451 3347 2023 3417">
    <p class='ocr_par' dir='ltr' id='par_1_33' title="bbox 451 3347 2023 3417">
     <span class='ocr_line' id='line_1_33' title="bbox 451 3347 2023 3417; baseline 0.001 -16"><span class='ocrx_word' id='word_1_263' title='bbox 451 3349 566 3401; x_wconf 91' lang='lat' dir='ltr'><strong>liari</strong></span> <span class='ocrx_word' id='word_1_264' title='bbox 594 3356 838 3416; x_wconf 88' lang='lat' dir='ltr'><strong>oportet,</strong></span> <span class='ocrx_word' id='word_1_265' title='bbox 870 3348 989 3415; x_wconf 82' lang='lat' dir='ltr'><strong>quia</strong></span> <span class='ocrx_word' id='word_1_266' title='bbox 1033 3347 1272 3416; x_wconf 89' lang='lat' dir='ltr'><strong>pluribus</strong></span> <span class='ocrx_word' id='word_1_267' title='bbox 1314 3347 1558 3417; x_wconf 85' lang='lat' dir='ltr'><strong>dignatus</strong></span> <span class='ocrx_word' id='word_1_268' title='bbox 1602 3364 1663 3402; x_wconf 90' lang='lat' dir='ltr'><strong>es</strong></span> <span class='ocrx_word' id='word_1_269' title='bbox 1702 3348 1877 3401; x_wconf 87' lang='lat' dir='ltr'><strong>donis.</strong></span> <span class='ocrx_word' id='word_1_270' title='bbox 1928 3348 2023 3402; x_wconf 74' lang='lat' dir='ltr'><strong>Cui</strong></span> 
     </span>
    </p>
   </div>
   <div class='ocr_carea' id='block_1_34' title="bbox 447 3438 2019 3510">
    <p class='ocr_par' dir='ltr' id='par_1_34' title="bbox 447 3438 2019 3510">
     <span class='ocr_line' id='line_1_34' title="bbox 447 3438 2019 3510; baseline -0.001 -15"><span class='ocrx_word' id='word_1_271' title='bbox 447 3441 591 3495; x_wconf 89' lang='lat' dir='ltr'><strong>enim</strong></span> <span class='ocrx_word' id='word_1_272' title='bbox 645 3440 761 3508; x_wconf 90' lang='lat' dir='ltr'><strong>plus</strong></span> <span class='ocrx_word' id='word_1_273' title='bbox 805 3439 1116 3505; x_wconf 86' lang='lat' dir='ltr'><strong>dimittitur,</strong></span> <span class='ocrx_word' id='word_1_274' title='bbox 1169 3438 1287 3507; x_wconf 89' lang='lat' dir='ltr'><strong>plus</strong></span> <span class='ocrx_word' id='word_1_275' title='bbox 1333 3438 1514 3509; x_wconf 76' lang='lat' dir='ltr'><strong>diliget</strong></span> <span class='ocrx_word' id='word_1_276' title='bbox 1564 3438 1729 3510; x_wconf 85' lang='lat' dir='ltr'><strong>(Luc.</strong></span> <span class='ocrx_word' id='word_1_277' title='bbox 1775 3441 1826 3493; x_wconf 87' lang='lat'><strong>7.</strong></span> <span class='ocrx_word' id='word_1_278' title='bbox 1880 3438 2019 3510; x_wconf 71' lang='grc'><strong>47).</strong></span> 
     </span>
    </p>
   </div>
   <div class='ocr_carea' id='block_1_35' title="bbox 448 3529 2020 3601">
    <p class='ocr_par' dir='ltr' id='par_1_35' title="bbox 448 3529 2020 3601">
     <span class='ocr_line' id='line_1_35' title="bbox 448 3529 2020 3601; baseline 0.002 -16"><span class='ocrx_word' id='word_1_279' title='bbox 448 3531 634 3599; x_wconf 87' lang='lat' dir='ltr'><strong>Itaque</strong></span> <span class='ocrx_word' id='word_1_280' title='bbox 658 3529 924 3584; x_wconf 88' lang='lat' dir='ltr'><strong>humiliari</strong></span> <span class='ocrx_word' id='word_1_281' title='bbox 954 3540 1003 3584; x_wconf 91' lang='lat' dir='ltr'><strong>te</strong></span> <span class='ocrx_word' id='word_1_282' title='bbox 1027 3539 1276 3599; x_wconf 80' lang='lat' dir='ltr'><strong>Oportet,</strong></span> <span class='ocrx_word' id='word_1_283' title='bbox 1308 3531 1428 3600; x_wconf 84' lang='lat' dir='ltr'><strong>quia</strong></span> <span class='ocrx_word' id='word_1_284' title='bbox 1459 3531 1577 3585; x_wconf 87' lang='lat' dir='ltr'><strong>aliis</strong></span> <span class='ocrx_word' id='word_1_285' title='bbox 1607 3532 1978 3601; x_wconf 70' lang='lat' dir='ltr'><strong>przetermiSsis</strong></span> <span class='ocrx_word' id='word_1_286' title='bbox 2003 3575 2020 3600; x_wconf 93' lang='lat'><strong>,</strong></span> 
     </span>
    </p>
   </div>
   <div class='ocr_carea' id='block_1_36' title="bbox 445 3622 2018 3696">
    <p class='ocr_par' dir='ltr' id='par_1_36' title="bbox 445 3622 2018 3696">
     <span class='ocr_line' id='line_1_36' title="bbox 445 3622 2018 3696; baseline 0.003 -21"><span class='ocrx_word' id='word_1_287' title='bbox 445 3622 543 3675; x_wconf 91' lang='lat' dir='ltr'><strong>tibi</strong></span> <span class='ocrx_word' id='word_1_288' title='bbox 589 3624 776 3675; x_wconf 89' lang='lat' dir='ltr'><strong>annuit</strong></span> <span class='ocrx_word' id='word_1_289' title='bbox 822 3622 980 3675; x_wconf 90' lang='lat' dir='ltr'><strong>Deus.</strong></span> <span class='ocrx_word' id='word_1_290' title='bbox 1034 3622 1141 3675; x_wconf 88' lang='lat' dir='ltr'><strong>Ilac</strong></span> <span class='ocrx_word' id='word_1_291' title='bbox 1186 3622 1256 3678; x_wconf 90' lang='lat' dir='ltr'><strong>de</strong></span> <span class='ocrx_word' id='word_1_292' title='bbox 1306 3637 1465 3677; x_wconf 89' lang='lat' dir='ltr'><strong>causa</strong></span> <span class='ocrx_word' id='word_1_293' title='bbox 1498 3623 1669 3678; x_wconf 90' lang='lat' dir='ltr'><strong>time:</strong></span> <span class='ocrx_word' id='word_1_294' title='bbox 1701 3638 1848 3696; x_wconf 67' lang='lat' dir='ltr'><strong>saepe</strong></span> <span class='ocrx_word' id='word_1_295' title='bbox 1876 3625 2018 3680; x_wconf 89' lang='lat' dir='ltr'><strong>enim</strong></span> 
     </span>
    </p>
   </div>
   <div class='ocr_carea' id='block_1_37' title="bbox 444 3713 1754 3785">
    <p class='ocr_par' dir='ltr' id='par_1_37' title="bbox 444 3713 1754 3785">
     <span class='ocr_line' id='line_1_37' title="bbox 444 3713 1754 3785; baseline 0.001 -18"><span class='ocrx_word' id='word_1_296' title='bbox 444 3714 550 3767; x_wconf 89' lang='lat' dir='ltr'><strong>hoc</strong></span> <span class='ocrx_word' id='word_1_297' title='bbox 575 3713 667 3767; x_wconf 90' lang='lat' dir='ltr'><strong>tibi</strong></span> <span class='ocrx_word' id='word_1_298' title='bbox 693 3714 943 3782; x_wconf 87' lang='lat' dir='ltr'><strong>perniciei</strong></span> <span class='ocrx_word' id='word_1_299' title='bbox 975 3727 1133 3767; x_wconf 87' lang='lat' dir='ltr'><strong>causa</strong></span> <span class='ocrx_word' id='word_1_300' title='bbox 1160 3723 1242 3768; x_wconf 90' lang='lat' dir='ltr'><strong>est</strong></span> <span class='ocrx_word' id='word_1_301' title='bbox 1261 3750 1279 3780; x_wconf 63' lang='grc' dir='ltr'><strong>ς</strong></span> <span class='ocrx_word' id='word_1_302' title='bbox 1305 3715 1405 3767; x_wconf 92' lang='lat' dir='ltr'><strong>nisi</strong></span> <span class='ocrx_word' id='word_1_303' title='bbox 1432 3716 1754 3785; x_wconf 85' lang='lat' dir='ltr'><strong>vigilaveris.</strong></span> 
     </span>
    </p>
   </div>
   <div class='ocr_carea' id='block_1_38' title="bbox 521 3803 2021 3876">
    <p class='ocr_par' dir='ltr' id='par_1_38' title="bbox 521 3803 2021 3876">
     <span class='ocr_line' id='line_1_38' title="bbox 521 3803 2021 3876; baseline 0.003 -19"><span class='ocrx_word' id='word_1_304' title='bbox 521 3803 687 3874; x_wconf 79' lang='lat' dir='ltr'><strong>Opere</strong></span> <span class='ocrx_word' id='word_1_305' title='bbox 709 3805 867 3873; x_wconf 82' lang='lat' dir='ltr'><strong>magis</strong></span> <span class='ocrx_word' id='word_1_306' title='bbox 892 3820 1045 3868; x_wconf 87' lang='lat' dir='ltr'><strong>quam</strong></span> <span class='ocrx_word' id='word_1_307' title='bbox 1069 3804 1214 3858; x_wconf 81' lang='lat' dir='ltr'><strong>verba</strong></span> <span class='ocrx_word' id='word_1_308' title='bbox 1237 3805 1523 3859; x_wconf 76' lang='lat' dir='ltr'><strong>insinuatur</strong></span> <span class='ocrx_word' id='word_1_309' title='bbox 1548 3806 2021 3876; x_wconf 76' lang='lat' dir='ltr'><strong>disciplina.—Cur</strong></span> 
     </span>
    </p>
   </div>
   <div class='ocr_carea' id='block_1_39' title="bbox 442 3896 2018 3970">
    <p class='ocr_par' dir='ltr' id='par_1_39' title="bbox 442 3896 2018 3970">
     <span class='ocr_line' id='line_1_39' title="bbox 442 3896 2018 3970; baseline 0.001 -20"><span class='ocrx_word' id='word_1_310' title='bbox 442 3898 610 3952; x_wconf 90' lang='lat' dir='ltr'><strong>altum</strong></span> <span class='ocrx_word' id='word_1_311' title='bbox 643 3898 822 3966; x_wconf 83' lang='lat' dir='ltr'><strong>sapis?</strong></span> <span class='ocrx_word' id='word_1_312' title='bbox 848 3898 969 3965; x_wconf 90' lang='lat' dir='ltr'><strong>quia</strong></span> <span class='ocrx_word' id='word_1_313' title='bbox 1001 3898 1178 3951; x_wconf 87' lang='lat' dir='ltr'><strong>verbis</strong></span> <span class='ocrx_word' id='word_1_314' title='bbox 1199 3897 1397 3952; x_wconf 84' lang='lat' dir='ltr'><strong>doces?</strong></span> <span class='ocrx_word' id='word_1_315' title='bbox 1430 3896 1535 3952; x_wconf 88' lang='lat' dir='ltr'><strong>Sed</strong></span> <span class='ocrx_word' id='word_1_316' title='bbox 1568 3897 1720 3953; x_wconf 81' lang='lat' dir='ltr'><strong>facile</strong></span> <span class='ocrx_word' id='word_1_317' title='bbox 1745 3900 2018 3970; x_wconf 79' lang='lat' dir='ltr'><strong>estpbilo-</strong></span> 
     </span>
    </p>
   </div>
   <div class='ocr_carea' id='block_1_40' title="bbox 440 3988 2021 4058">
    <p class='ocr_par' dir='ltr' id='par_1_40' title="bbox 440 3988 2021 4058">
     <span class='ocr_line' id='line_1_40' title="bbox 440 3988 2021 4058; baseline 0.003 -15"><span class='ocrx_word' id='word_1_318' title='bbox 440 3988 660 4058; x_wconf 84' lang='lat' dir='ltr'><strong>sopbari</strong></span> <span class='ocrx_word' id='word_1_319' title='bbox 691 3988 870 4042; x_wconf 82' lang='lat' dir='ltr'><strong>verbis</strong></span> <span class='ocrx_word' id='word_1_320' title='bbox 896 4005 909 4043; x_wconf 86' lang='lat'><strong>:</strong></span> <span class='ocrx_word' id='word_1_321' title='bbox 939 3988 1074 4042; x_wconf 87' lang='lat' dir='ltr'><strong>doce</strong></span> <span class='ocrx_word' id='word_1_322' title='bbox 1102 4004 1187 4042; x_wconf 89' lang='lat' dir='ltr'><strong>me</strong></span> <span class='ocrx_word' id='word_1_323' title='bbox 1230 4005 1324 4058; x_wconf 90' lang='lat' dir='ltr'><strong>per</strong></span> <span class='ocrx_word' id='word_1_324' title='bbox 1354 3990 1512 4044; x_wconf 88' lang='lat' dir='ltr'><strong>vitam</strong></span> <span class='ocrx_word' id='word_1_325' title='bbox 1567 3999 1706 4044; x_wconf 91' lang='lat' dir='ltr'><strong>tuam</strong></span> <span class='ocrx_word' id='word_1_326' title='bbox 1738 4007 1753 4044; x_wconf 88' lang='lat'><strong>:</strong></span> <span class='ocrx_word' id='word_1_327' title='bbox 1784 3990 1901 4046; x_wconf 68' lang='lat' dir='ltr'><strong>haec</strong></span> <span class='ocrx_word' id='word_1_328' title='bbox 1938 4003 2021 4048; x_wconf 92' lang='lat' dir='ltr'><strong>est</strong></span> 
     </span>
    </p>
   </div>
   <div class='ocr_carea' id='block_1_41' title="bbox 439 4078 2020 4149">
    <p class='ocr_par' dir='ltr' id='par_1_41' title="bbox 439 4078 2020 4149">
     <span class='ocr_line' id='line_1_41' title="bbox 439 4078 2020 4149; baseline 0.003 -17"><span class='ocrx_word' id='word_1_329' title='bbox 439 4078 646 4149; x_wconf 84' lang='lat' dir='ltr'><strong>optima</strong></span> <span class='ocrx_word' id='word_1_330' title='bbox 670 4078 933 4133; x_wconf 87' lang='lat' dir='ltr'><strong>doctrina.</strong></span> <span class='ocrx_word' id='word_1_331' title='bbox 968 4078 1143 4144; x_wconf 88' lang='lat' dir='ltr'><strong>Dicis,</strong></span> <span class='ocrx_word' id='word_1_332' title='bbox 1177 4079 1434 4134; x_wconf 88' lang='lat' dir='ltr'><strong>modestia</strong></span> <span class='ocrx_word' id='word_1_333' title='bbox 1473 4096 1608 4148; x_wconf 90' lang='lat' dir='ltr'><strong>opus</strong></span> <span class='ocrx_word' id='word_1_334' title='bbox 1636 4096 1756 4136; x_wconf 84' lang='lat' dir='ltr'><strong>esse</strong></span> <span class='ocrx_word' id='word_1_335' title='bbox 1780 4123 1796 4146; x_wconf 94' lang='lat'><strong>,</strong></span> <span class='ocrx_word' id='word_1_336' title='bbox 1826 4092 1881 4136; x_wconf 91' lang='lat' dir='ltr'><strong>et</strong></span> <span class='ocrx_word' id='word_1_337' title='bbox 1923 4083 2020 4138; x_wconf 91' lang='lat' dir='ltr'><strong>bac</strong></span> 
     </span>
    </p>
   </div>
   <div class='ocr_carea' id='block_1_42' title="bbox 438 4170 2018 4241">
    <p class='ocr_par' dir='ltr' id='par_1_42' title="bbox 438 4170 2018 4241">
     <span class='ocr_line' id='line_1_42' title="bbox 438 4170 2018 4241; baseline 0.003 -16"><span class='ocrx_word' id='word_1_338' title='bbox 438 4171 511 4226; x_wconf 86' lang='lat' dir='ltr'><strong>de</strong></span> <span class='ocrx_word' id='word_1_339' title='bbox 540 4185 598 4225; x_wconf 90' lang='lat' dir='ltr'><strong>re</strong></span> <span class='ocrx_word' id='word_1_340' title='bbox 623 4170 836 4240; x_wconf 87' lang='lat' dir='ltr'><strong>longum</strong></span> <span class='ocrx_word' id='word_1_341' title='bbox 866 4172 1001 4225; x_wconf 82' lang='lat' dir='ltr'><strong>texis</strong></span> <span class='ocrx_word' id='word_1_342' title='bbox 1041 4187 1382 4237; x_wconf 89' lang='lat' dir='ltr'><strong>sermonem,</strong></span> <span class='ocrx_word' id='word_1_343' title='bbox 1429 4180 1588 4241; x_wconf 79' lang='lat' dir='ltr'><strong>atque</strong></span> <span class='ocrx_word' id='word_1_344' title='bbox 1628 4175 1859 4228; x_wconf 86' lang='lat' dir='ltr'><strong>oratoria</strong></span> <span class='ocrx_word' id='word_1_345' title='bbox 1902 4176 2018 4229; x_wconf 85' lang='lat' dir='ltr'><strong>sine</strong></span> 
     </span>
    </p>
   </div>
   <div class='ocr_carea' id='block_1_43' title="bbox 439 4262 2019 4339">
    <p class='ocr_par' dir='ltr' id='par_1_43' title="bbox 439 4262 2019 4339">
     <span class='ocr_line' id='line_1_43' title="bbox 439 4262 2019 4339; baseline 0.001 -21"><span class='ocrx_word' id='word_1_346' title='bbox 439 4263 600 4318; x_wconf 86' lang='lat' dir='ltr'><strong>obice</strong></span> <span class='ocrx_word' id='word_1_347' title='bbox 629 4262 787 4317; x_wconf 87' lang='lat' dir='ltr'><strong>verba</strong></span> <span class='ocrx_word' id='word_1_348' title='bbox 816 4263 1138 4332; x_wconf 80' lang='lat' dir='ltr'><strong>profundis?</strong></span> <span class='ocrx_word' id='word_1_349' title='bbox 1168 4266 1236 4339; x_wconf 75' lang='lat' dir='ltr'><strong>At</strong></span> <span class='ocrx_word' id='word_1_350' title='bbox 1262 4265 1449 4319; x_wconf 88' lang='lat' dir='ltr'><strong>melior</strong></span> <span class='ocrx_word' id='word_1_351' title='bbox 1493 4272 1543 4319; x_wconf 87' lang='lat' dir='ltr'><strong>te</strong></span> <span class='ocrx_word' id='word_1_352' title='bbox 1587 4275 1668 4319; x_wconf 91' lang='lat' dir='ltr'><strong>est</strong></span> <span class='ocrx_word' id='word_1_353' title='bbox 1709 4266 1797 4320; x_wconf 92' lang='lat' dir='ltr'><strong>ille</strong></span> <span class='ocrx_word' id='word_1_354' title='bbox 1819 4305 1835 4330; x_wconf 93' lang='lat'><strong>,</strong></span> <span class='ocrx_word' id='word_1_355' title='bbox 1878 4267 2019 4320; x_wconf 89' lang='lat' dir='ltr'><strong>dicet</strong></span> 
     </span>
    </p>
   </div>
   <div class='ocr_carea' id='block_1_44' title="bbox 438 4353 2016 4424">
    <p class='ocr_par' dir='ltr' id='par_1_44' title="bbox 438 4353 2016 4424">
     <span class='ocr_line' id='line_1_44' title="bbox 438 4353 2016 4424; baseline 0.001 -16"><span class='ocrx_word' id='word_1_356' title='bbox 438 4353 705 4424; x_wconf 83' lang='lat' dir='ltr'><strong>quispiam</strong></span> <span class='ocrx_word' id='word_1_357' title='bbox 726 4395 739 4418; x_wconf 90' lang='lat'><strong>,</strong></span> <span class='ocrx_word' id='word_1_358' title='bbox 770 4354 859 4423; x_wconf 91' lang='lat' dir='ltr'><strong>qui</strong></span> <span class='ocrx_word' id='word_1_359' title='bbox 890 4354 990 4408; x_wconf 90' lang='lat' dir='ltr'><strong>hoc</strong></span> <span class='ocrx_word' id='word_1_360' title='bbox 1016 4354 1268 4424; x_wconf 84' lang='lat' dir='ltr'><strong>operibus</strong></span> <span class='ocrx_word' id='word_1_361' title='bbox 1297 4370 1384 4409; x_wconf 91' lang='lat' dir='ltr'><strong>me</strong></span> <span class='ocrx_word' id='word_1_362' title='bbox 1416 4356 1590 4410; x_wconf 91' lang='lat' dir='ltr'><strong>docet.</strong></span> <span class='ocrx_word' id='word_1_363' title='bbox 1625 4354 1739 4411; x_wconf 87' lang='lat' dir='ltr'><strong>Non</strong></span> <span class='ocrx_word' id='word_1_364' title='bbox 1770 4356 1914 4411; x_wconf 88' lang='lat' dir='ltr'><strong>enim</strong></span> <span class='ocrx_word' id='word_1_365' title='bbox 1947 4357 2016 4410; x_wconf 91' lang='lat' dir='ltr'><strong>ita</strong></span> 
     </span>
    </p>
   </div>
   <div class='ocr_carea' id='block_1_45' title="bbox 438 4445 2017 4516">
    <p class='ocr_par' dir='ltr' id='par_1_45' title="bbox 438 4445 2017 4516">
     <span class='ocr_line' id='line_1_45' title="bbox 438 4445 2017 4516; baseline 0.002 -18"><span class='ocrx_word' id='word_1_366' title='bbox 438 4445 701 4499; x_wconf 90' lang='lat' dir='ltr'><strong>insinuari</strong></span> <span class='ocrx_word' id='word_1_367' title='bbox 729 4446 903 4499; x_wconf 87' lang='lat' dir='ltr'><strong>solent</strong></span> <span class='ocrx_word' id='word_1_368' title='bbox 929 4447 1123 4500; x_wconf 88' lang='lat' dir='ltr'><strong>animis</strong></span> <span class='ocrx_word' id='word_1_369' title='bbox 1148 4445 1441 4514; x_wconf 72' lang='lat' dir='ltr'><strong>disciplima</strong></span> <span class='ocrx_word' id='word_1_370' title='bbox 1466 4447 1644 4501; x_wconf 89' lang='lat' dir='ltr'><strong>verbis</strong></span> <span class='ocrx_word' id='word_1_371' title='bbox 1665 4487 1680 4511; x_wconf 89' lang='lat'><strong>,</strong></span> <span class='ocrx_word' id='word_1_372' title='bbox 1730 4456 1788 4501; x_wconf 87' lang='lat' dir='ltr'><strong>ut.</strong></span> <span class='ocrx_word' id='word_1_373' title='bbox 1838 4449 2017 4516; x_wconf 83' lang='lat' dir='ltr'><strong>cperi-</strong></span> 
     </span>
    </p>
   </div>
   <div class='ocr_carea' id='block_1_46' title="bbox 441 4536 2017 4610">
    <p class='ocr_par' dir='ltr' id='par_1_46' title="bbox 441 4536 2017 4610">
     <span class='ocr_line' id='line_1_46' title="bbox 441 4536 2017 4610; baseline 0.003 -19"><span class='ocrx_word' id='word_1_374' title='bbox 441 4540 546 4592; x_wconf 83' lang='lat' dir='ltr'><strong>bns</strong></span> <span class='ocrx_word' id='word_1_375' title='bbox 578 4554 592 4589; x_wconf 90' lang='lat'><strong>:</strong></span> <span class='ocrx_word' id='word_1_376' title='bbox 625 4553 745 4591; x_wconf 89' lang='lat' dir='ltr'><strong>nam</strong></span> <span class='ocrx_word' id='word_1_377' title='bbox 777 4538 878 4591; x_wconf 89' lang='lat' dir='ltr'><strong>nisi</strong></span> <span class='ocrx_word' id='word_1_378' title='bbox 906 4553 1069 4607; x_wconf 81' lang='lat' dir='ltr'><strong>Opera</strong></span> <span class='ocrx_word' id='word_1_379' title='bbox 1098 4536 1298 4593; x_wconf 86' lang='lat' dir='ltr'><strong>habeas</strong></span> <span class='ocrx_word' id='word_1_380' title='bbox 1320 4579 1334 4604; x_wconf 95' lang='lat'><strong>,</strong></span> <span class='ocrx_word' id='word_1_381' title='bbox 1369 4555 1472 4592; x_wconf 89' lang='lat' dir='ltr'><strong>non</strong></span> <span class='ocrx_word' id='word_1_382' title='bbox 1504 4540 1662 4593; x_wconf 89' lang='lat' dir='ltr'><strong>modo</strong></span> <span class='ocrx_word' id='word_1_383' title='bbox 1692 4555 1796 4595; x_wconf 91' lang='lat' dir='ltr'><strong>non</strong></span> <span class='ocrx_word' id='word_1_384' title='bbox 1824 4540 2017 4610; x_wconf 85' lang='lat' dir='ltr'><strong>prodes</strong></span> 
     </span>
    </p>
   </div>
   <div class='ocr_carea' id='block_1_47' title="bbox 438 4629 2014 4700">
    <p class='ocr_par' dir='ltr' id='par_1_47' title="bbox 438 4629 2014 4700">
     <span class='ocr_line' id='line_1_47' title="bbox 438 4629 2014 4700; baseline 0.003 -19"><span class='ocrx_word' id='word_1_385' title='bbox 438 4630 658 4694; x_wconf 83' lang='lat' dir='ltr'><strong>verbis,</strong></span> <span class='ocrx_word' id='word_1_386' title='bbox 691 4629 785 4684; x_wconf 85' lang='lat' dir='ltr'><strong>sed</strong></span> <span class='ocrx_word' id='word_1_387' title='bbox 811 4631 974 4684; x_wconf 89' lang='lat' dir='ltr'><strong>etiam</strong></span> <span class='ocrx_word' id='word_1_388' title='bbox 1014 4630 1183 4700; x_wconf 89' lang='lat' dir='ltr'><strong>magis</strong></span> <span class='ocrx_word' id='word_1_389' title='bbox 1229 4645 1409 4685; x_wconf 88' lang='lat' dir='ltr'><strong>noces.</strong></span> <span class='ocrx_word' id='word_1_390' title='bbox 1455 4630 1642 4686; x_wconf 77' lang='lat' dir='ltr'><strong>Melius</strong></span> <span class='ocrx_word' id='word_1_391' title='bbox 1688 4641 1772 4686; x_wconf 87' lang='lat' dir='ltr'><strong>est</strong></span> <span class='ocrx_word' id='word_1_392' title='bbox 1819 4641 2014 4687; x_wconf 87' lang='lat' dir='ltr'><strong>tacere.</strong></span> 
     </span>
    </p>
   </div>
   <div class='ocr_carea' id='block_1_48' title="bbox 437 4720 2016 4793">
    <p class='ocr_par' dir='ltr' id='par_1_48' title="bbox 437 4720 2016 4793">
     <span class='ocr_line' id='line_1_48' title="bbox 437 4720 2016 4793; baseline 0.002 -20"><span class='ocrx_word' id='word_1_393' title='bbox 437 4720 654 4785; x_wconf 82' lang='lat' dir='ltr'><strong>Quare?</strong></span> <span class='ocrx_word' id='word_1_394' title='bbox 683 4720 813 4787; x_wconf 80' lang='lat' dir='ltr'><strong>Quia</strong></span> <span class='ocrx_word' id='word_1_395' title='bbox 840 4735 952 4775; x_wconf 89' lang='lat' dir='ltr'><strong>rem</strong></span> <span class='ocrx_word' id='word_1_396' title='bbox 983 4720 1111 4773; x_wconf 89' lang='lat' dir='ltr'><strong>mihi</strong></span> <span class='ocrx_word' id='word_1_397' title='bbox 1134 4720 1513 4790; x_wconf 87' lang='lat' dir='ltr'><strong>impossibilem</strong></span> <span class='ocrx_word' id='word_1_398' title='bbox 1532 4722 1806 4791; x_wconf 88' lang='lat' dir='ltr'><strong>proponis.</strong></span> <span class='ocrx_word' id='word_1_399' title='bbox 1828 4721 2016 4793; x_wconf 90' lang='lat' dir='ltr'><strong>Cogito</strong></span> 
     </span>
    </p>
   </div>
   <div class='ocr_carea' id='block_1_49' title="bbox 438 4811 2017 4881">
    <p class='ocr_par' dir='ltr' id='par_1_49' title="bbox 438 4811 2017 4881">
     <span class='ocr_line' id='line_1_49' title="bbox 438 4811 2017 4881; baseline 0.004 -19"><span class='ocrx_word' id='word_1_400' title='bbox 438 4812 586 4865; x_wconf 85' lang='lat' dir='ltr'><strong>enim</strong></span> <span class='ocrx_word' id='word_1_401' title='bbox 605 4850 621 4874; x_wconf 99' lang='lat'><strong>,</strong></span> <span class='ocrx_word' id='word_1_402' title='bbox 648 4812 693 4864; x_wconf 91' lang='lat' dir='ltr'><strong>si</strong></span> <span class='ocrx_word' id='word_1_403' title='bbox 721 4821 776 4863; x_wconf 91' lang='lat' dir='ltr'><strong>tu</strong></span> <span class='ocrx_word' id='word_1_404' title='bbox 801 4812 888 4879; x_wconf 88' lang='lat' dir='ltr'><strong>qui</strong></span> <span class='ocrx_word' id='word_1_405' title='bbox 919 4822 1062 4866; x_wconf 82' lang='lat' dir='ltr'><strong>tanta</strong></span> <span class='ocrx_word' id='word_1_406' title='bbox 1088 4811 1343 4881; x_wconf 86' lang='lat' dir='ltr'><strong>loqueris,</strong></span> <span class='ocrx_word' id='word_1_407' title='bbox 1372 4827 1479 4866; x_wconf 92' lang='lat' dir='ltr'><strong>non</strong></span> <span class='ocrx_word' id='word_1_408' title='bbox 1506 4812 1675 4876; x_wconf 86' lang='lat' dir='ltr'><strong>facis;</strong></span> <span class='ocrx_word' id='word_1_409' title='bbox 1709 4814 1876 4868; x_wconf 91' lang='lat' dir='ltr'><strong>multo</strong></span> <span class='ocrx_word' id='word_1_410' title='bbox 1905 4831 2017 4868; x_wconf 86' lang='lat' dir='ltr'><strong>ma-</strong></span> 
     </span>
    </p>
   </div>
   <div class='ocr_carea' id='block_1_50' title="bbox 438 4903 2017 4975">
    <p class='ocr_par' dir='ltr' id='par_1_50' title="bbox 438 4903 2017 4975">
     <span class='ocr_line' id='line_1_50' title="bbox 438 4903 2017 4975; baseline 0.003 -20"><span class='ocrx_word' id='word_1_411' title='bbox 438 4904 521 4972; x_wconf 88' lang='lat' dir='ltr'><strong>gis</strong></span> <span class='ocrx_word' id='word_1_412' title='bbox 550 4917 638 4957; x_wconf 86' lang='lat' dir='ltr'><strong>me</strong></span> <span class='ocrx_word' id='word_1_413' title='bbox 661 4905 811 4957; x_wconf 86' lang='lat' dir='ltr'><strong>venia</strong></span> <span class='ocrx_word' id='word_1_414' title='bbox 840 4903 1234 4973; x_wconf 88' lang='lat' dir='ltr'><strong>dignumesse,</strong></span> <span class='ocrx_word' id='word_1_415' title='bbox 1267 4905 1354 4975; x_wconf 89' lang='lat' dir='ltr'><strong>qui</strong></span> <span class='ocrx_word' id='word_1_416' title='bbox 1397 4904 1529 4959; x_wconf 90' lang='lat' dir='ltr'><strong>nihil</strong></span> <span class='ocrx_word' id='word_1_417' title='bbox 1573 4904 1714 4960; x_wconf 91' lang='lat' dir='ltr'><strong>dico.</strong></span> <span class='ocrx_word' id='word_1_418' title='bbox 1767 4905 1891 4960; x_wconf 89' lang='lat' dir='ltr'><strong>ldeo</strong></span> <span class='ocrx_word' id='word_1_419' title='bbox 1941 4907 2017 4961; x_wconf 88' lang='lat' dir='ltr'><strong>ait</strong></span> 
     </span>
    </p>
   </div>
   <div class='ocr_carea' id='block_1_51' title="bbox 442 4993 2017 5066">
    <p class='ocr_par' dir='ltr' id='par_1_51' title="bbox 442 4993 2017 5066">
     <span class='ocr_line' id='line_1_51' title="bbox 442 4993 2017 5066; baseline 0.001 -17"><span class='ocrx_word' id='word_1_420' title='bbox 442 4994 749 5066; x_wconf 83' lang='lat' dir='ltr'><strong>propheta:</strong></span> <span class='ocrx_word' id='word_1_421' title='bbox 784 4993 1045 5048; x_wconf 78' lang='lat' dir='ltr'><strong>Peccatori</strong></span> <span class='ocrx_word' id='word_1_422' title='bbox 1113 5007 1281 5048; x_wconf 81' lang='lat' dir='ltr'><strong>autem</strong></span> <span class='ocrx_word' id='word_1_423' title='bbox 1328 4996 1457 5050; x_wconf 72' lang='lat' dir='ltr'><strong>dixit</strong></span> <span class='ocrx_word' id='word_1_424' title='bbox 1505 4995 1683 5063; x_wconf 81' lang='lat' dir='ltr'><strong>Deus,</strong></span> <span class='ocrx_word' id='word_1_425' title='bbox 1747 4997 1918 5064; x_wconf 81' lang='lat' dir='ltr'><strong>Quare</strong></span> <span class='ocrx_word' id='word_1_426' title='bbox 1962 5006 2017 5051; x_wconf 79' lang='lat' dir='ltr'><strong>tu</strong></span> 
     </span>
    </p>
   </div>
   <div class='ocr_carea' id='block_1_52' title="bbox 440 5087 2015 5160">
    <p class='ocr_par' dir='ltr' id='par_1_52' title="bbox 440 5087 2015 5160">
     <span class='ocr_line' id='line_1_52' title="bbox 440 5087 2015 5160; baseline 0.003 -20"><span class='ocrx_word' id='word_1_427' title='bbox 440 5102 650 5141; x_wconf 64' lang='lat' dir='ltr'><strong>narras</strong></span> <span class='ocrx_word' id='word_1_428' title='bbox 689 5087 919 5160; x_wconf 74' lang='lat' dir='ltr'><strong>justifies</strong></span> <span class='ocrx_word' id='word_1_429' title='bbox 970 5103 1106 5141; x_wconf 79' lang='lat' dir='ltr'><strong>meas</strong></span> <span class='ocrx_word' id='word_1_430' title='bbox 1151 5087 1341 5158; x_wconf 63' lang='lat' dir='ltr'><strong>(Paul.</strong></span> <span class='ocrx_word' id='word_1_431' title='bbox 1384 5089 1474 5145; x_wconf 68' lang='lat'><strong>49.</strong></span> <span class='ocrx_word' id='word_1_432' title='bbox 1509 5090 1845 5160; x_wconf 68' lang='lat' dir='ltr'><strong>16)?Majus</strong></span> <span class='ocrx_word' id='word_1_433' title='bbox 1871 5092 2015 5145; x_wconf 89' lang='lat' dir='ltr'><strong>enim</strong></span> 
     </span>
    </p>
   </div>
   <div class='ocr_carea' id='block_1_53' title="bbox 443 5179 2013 5251">
    <p class='ocr_par' dir='ltr' id='par_1_53' title="bbox 443 5179 2013 5251">
     <span class='ocr_line' id='line_1_53' title="bbox 443 5179 2013 5251; baseline 0.004 -19"><span class='ocrx_word' id='word_1_434' title='bbox 443 5179 546 5236; x_wconf 89' lang='lat' dir='ltr'><strong>hoc</strong></span> <span class='ocrx_word' id='word_1_435' title='bbox 572 5191 951 5236; x_wconf 88' lang='lat' dir='ltr'><strong>nocumentum</strong></span> <span class='ocrx_word' id='word_1_436' title='bbox 981 5189 1083 5249; x_wconf 91' lang='lat' dir='ltr'><strong>est,</strong></span> <span class='ocrx_word' id='word_1_437' title='bbox 1114 5196 1234 5235; x_wconf 91' lang='lat' dir='ltr'><strong>cum</strong></span> <span class='ocrx_word' id='word_1_438' title='bbox 1265 5183 1384 5251; x_wconf 90' lang='lat' dir='ltr'><strong>quis</strong></span> <span class='ocrx_word' id='word_1_439' title='bbox 1409 5192 1557 5238; x_wconf 86' lang='lat' dir='ltr'><strong>recte</strong></span> <span class='ocrx_word' id='word_1_440' title='bbox 1586 5184 1786 5239; x_wconf 83' lang='lat' dir='ltr'><strong>docens</strong></span> <span class='ocrx_word' id='word_1_441' title='bbox 1813 5186 2013 5251; x_wconf 85' lang='lat' dir='ltr'><strong>verbis,</strong></span> 
     </span>
    </p>
   </div>
   <div class='ocr_carea' id='block_1_54' title="bbox 442 5272 2014 5345">
    <p class='ocr_par' dir='ltr' id='par_1_54' title="bbox 442 5272 2014 5345">
     <span class='ocr_line' id='line_1_54' title="bbox 442 5272 2014 5345; baseline 0.004 -20"><span class='ocrx_word' id='word_1_442' title='bbox 442 5272 739 5328; x_wconf 86' lang='lat' dir='ltr'><strong>doctrinam</strong></span> <span class='ocrx_word' id='word_1_443' title='bbox 765 5272 920 5329; x_wconf 82' lang='lat' dir='ltr'><strong>factis</strong></span> <span class='ocrx_word' id='word_1_444' title='bbox 950 5274 1239 5345; x_wconf 77' lang='lat' dir='ltr'><strong>impugnat.</strong></span> <span class='ocrx_word' id='word_1_445' title='bbox 1271 5276 1381 5329; x_wconf 88' lang='lat' dir='ltr'><strong>Hoc</strong></span> <span class='ocrx_word' id='word_1_446' title='bbox 1407 5277 1692 5330; x_wconf 90' lang='lat' dir='ltr'><strong>multorum</strong></span> <span class='ocrx_word' id='word_1_447' title='bbox 1721 5278 1774 5331; x_wconf 91' lang='lat' dir='ltr'><strong>in</strong></span> <span class='ocrx_word' id='word_1_448' title='bbox 1826 5277 2014 5332; x_wconf 81' lang='lat' dir='ltr'><strong>Eccle-</strong></span> 
     </span>
    </p>
   </div>
   <div class='ocr_carea' id='block_1_55' title="bbox 443 5364 2011 5436">
    <p class='ocr_par' dir='ltr' id='par_1_55' title="bbox 443 5364 2011 5436">
     <span class='ocr_line' id='line_1_55' title="bbox 443 5364 2011 5436; baseline 0.004 -20"><span class='ocrx_word' id='word_1_449' title='bbox 443 5364 538 5418; x_wconf 85' lang='lat' dir='ltr'><strong>siis</strong></span> <span class='ocrx_word' id='word_1_450' title='bbox 560 5364 659 5419; x_wconf 89' lang='lat' dir='ltr'><strong>fuit</strong></span> <span class='ocrx_word' id='word_1_451' title='bbox 684 5379 841 5419; x_wconf 87' lang='lat' dir='ltr'><strong>causa</strong></span> <span class='ocrx_word' id='word_1_452' title='bbox 873 5364 1156 5420; x_wconf 88' lang='lat' dir='ltr'><strong>malorum.</strong></span> <span class='ocrx_word' id='word_1_453' title='bbox 1190 5366 1474 5434; x_wconf 90' lang='lat' dir='ltr'><strong>Propterea</strong></span> <span class='ocrx_word' id='word_1_454' title='bbox 1508 5366 1782 5435; x_wconf 80' lang='lat' dir='ltr'><strong>ignoscite,</strong></span> <span class='ocrx_word' id='word_1_455' title='bbox 1806 5384 2011 5436; x_wconf 70' lang='lat' dir='ltr'><strong>quazso,</strong></span> 
     </span>
    </p>
   </div>
   <div class='ocr_carea' id='block_1_56' title="bbox 442 5457 2015 5529">
    <p class='ocr_par' dir='ltr' id='par_1_56' title="bbox 442 5457 2015 5529">
     <span class='ocr_line' id='line_1_56' title="bbox 442 5457 2015 5529; baseline 0.003 -21"><span class='ocrx_word' id='word_1_456' title='bbox 442 5457 583 5525; x_wconf 89' lang='lat' dir='ltr'><strong>quod</strong></span> <span class='ocrx_word' id='word_1_457' title='bbox 604 5473 781 5514; x_wconf 87' lang='lat' dir='ltr'><strong>sermo</strong></span> <span class='ocrx_word' id='word_1_458' title='bbox 811 5459 986 5513; x_wconf 86' lang='lat' dir='ltr'><strong>hacin</strong></span> <span class='ocrx_word' id='word_1_459' title='bbox 1020 5474 1078 5513; x_wconf 92' lang='lat' dir='ltr'><strong>re</strong></span> <span class='ocrx_word' id='word_1_460' title='bbox 1101 5458 1306 5529; x_wconf 86' lang='lat' dir='ltr'><strong>longius</strong></span> <span class='ocrx_word' id='word_1_461' title='bbox 1335 5469 1600 5512; x_wconf 80' lang='lat' dir='ltr'><strong>excurrat.</strong></span> <span class='ocrx_word' id='word_1_462' title='bbox 1651 5460 1796 5512; x_wconf 89' lang='lat' dir='ltr'><strong>Multi</strong></span> <span class='ocrx_word' id='word_1_463' title='bbox 1850 5460 2015 5514; x_wconf 88' lang='lat' dir='ltr'><strong>multa</strong></span> 
     </span>
    </p>
   </div>
   <div class='ocr_carea' id='block_1_57' title="bbox 444 5549 2016 5619">
    <p class='ocr_par' dir='ltr' id='par_1_57' title="bbox 444 5549 2016 5619">
     <span class='ocr_line' id='line_1_57' title="bbox 444 5549 2016 5619; baseline 0.001 -19"><span class='ocrx_word' id='word_1_464' title='bbox 444 5550 677 5616; x_wconf 84' lang='lat' dir='ltr'><strong>faciunt,</strong></span> <span class='ocrx_word' id='word_1_465' title='bbox 713 5551 845 5604; x_wconf 90' lang='lat' dir='ltr'><strong>utin</strong></span> <span class='ocrx_word' id='word_1_466' title='bbox 874 5550 1050 5605; x_wconf 88' lang='lat' dir='ltr'><strong>medio</strong></span> <span class='ocrx_word' id='word_1_467' title='bbox 1077 5559 1279 5604; x_wconf 90' lang='lat' dir='ltr'><strong>stantes</strong></span> <span class='ocrx_word' id='word_1_468' title='bbox 1317 5549 1531 5619; x_wconf 86' lang='lat' dir='ltr'><strong>longum</strong></span> <span class='ocrx_word' id='word_1_469' title='bbox 1584 5549 1855 5617; x_wconf 88' lang='lat' dir='ltr'><strong>proferant</strong></span> <span class='ocrx_word' id='word_1_470' title='bbox 1901 5563 2016 5603; x_wconf 87' lang='lat' dir='ltr'><strong>ser-</strong></span> 
     </span>
    </p>
   </div>
   <div class='ocr_carea' id='block_1_58' title="bbox 444 5640 2011 5713">
    <p class='ocr_par' dir='ltr' id='par_1_58' title="bbox 444 5640 2011 5713">
     <span class='ocr_line' id='line_1_58' title="bbox 444 5640 2011 5713; baseline 0.001 -22"><span class='ocrx_word' id='word_1_471' title='bbox 444 5655 660 5696; x_wconf 88' lang='lat' dir='ltr'><strong>monem</strong></span> <span class='ocrx_word' id='word_1_472' title='bbox 694 5660 707 5696; x_wconf 89' lang='lat'><strong>:</strong></span> <span class='ocrx_word' id='word_1_473' title='bbox 737 5652 790 5696; x_wconf 91' lang='lat' dir='ltr'><strong>et</strong></span> <span class='ocrx_word' id='word_1_474' title='bbox 832 5642 875 5696; x_wconf 88' lang='lat' dir='ltr'><strong>si</strong></span> <span class='ocrx_word' id='word_1_475' title='bbox 925 5644 1172 5713; x_wconf 85' lang='lat' dir='ltr'><strong>plausum</strong></span> <span class='ocrx_word' id='word_1_476' title='bbox 1223 5640 1574 5695; x_wconf 87' lang='lat' dir='ltr'><strong>multitudinis</strong></span> <span class='ocrx_word' id='word_1_477' title='bbox 1619 5650 2011 5709; x_wconf 82' lang='lat' dir='ltr'><strong>assequamur,</strong></span> 
     </span>
    </p>
   </div>
   <div class='ocr_carea' id='block_1_59' title="bbox 442 5732 2014 5805">
    <p class='ocr_par' dir='ltr' id='par_1_59' title="bbox 442 5732 2014 5805">
     <span class='ocr_line' id='line_1_59' title="bbox 442 5732 2014 5805; baseline -0.001 -19"><span class='ocrx_word' id='word_1_478' title='bbox 442 5732 663 5799; x_wconf 78' lang='lat' dir='ltr'><strong>perinde</strong></span> <span class='ocrx_word' id='word_1_479' title='bbox 690 5734 919 5804; x_wconf 85' lang='lat' dir='ltr'><strong>gaudent</strong></span> <span class='ocrx_word' id='word_1_480' title='bbox 945 5751 1008 5790; x_wconf 90' lang='lat' dir='ltr'><strong>ac</strong></span> <span class='ocrx_word' id='word_1_481' title='bbox 1034 5736 1078 5789; x_wconf 87' lang='lat' dir='ltr'><strong>si</strong></span> <span class='ocrx_word' id='word_1_482' title='bbox 1108 5750 1328 5805; x_wconf 78' lang='lat' dir='ltr'><strong>regnum</strong></span> <span class='ocrx_word' id='word_1_483' title='bbox 1370 5732 1757 5794; x_wconf 84' lang='lat' dir='ltr'><strong>obtinuissent;</strong></span> <span class='ocrx_word' id='word_1_484' title='bbox 1801 5732 1851 5785; x_wconf 91' lang='lat' dir='ltr'><strong>si</strong></span> <span class='ocrx_word' id='word_1_485' title='bbox 1887 5746 2014 5786; x_wconf 87' lang='lat' dir='ltr'><strong>vero</strong></span> 
     </span>
    </p>
   </div>
   <div class='ocr_carea' id='block_1_60' title="bbox 444 5819 2011 5896">
    <p class='ocr_par' dir='ltr' id='par_1_60' title="bbox 444 5819 2011 5896">
     <span class='ocr_line' id='line_1_60' title="bbox 444 5819 2011 5896; baseline 0.007 -20"><span class='ocrx_word' id='word_1_486' title='bbox 444 5836 564 5876; x_wconf 85' lang='lat' dir='ltr'><strong>cum</strong></span> <span class='ocrx_word' id='word_1_487' title='bbox 594 5822 805 5881; x_wconf 78' lang='lat' dir='ltr'><strong>silentio</strong></span> <span class='ocrx_word' id='word_1_488' title='bbox 845 5825 1050 5881; x_wconf 85' lang='lat' dir='ltr'><strong>dicendi</strong></span> <span class='ocrx_word' id='word_1_489' title='bbox 1098 5828 1255 5881; x_wconf 86' lang='lat' dir='ltr'><strong>finem</strong></span> <span class='ocrx_word' id='word_1_490' title='bbox 1306 5823 1538 5890; x_wconf 81' lang='lat' dir='ltr'><strong>faciant,</strong></span> <span class='ocrx_word' id='word_1_491' title='bbox 1568 5821 1829 5896; x_wconf 84' lang='lat' dir='ltr'><strong>gehenna</strong></span> <span class='ocrx_word' id='word_1_492' title='bbox 1879 5819 2011 5890; x_wconf 56' lang='lat' dir='ltr'><strong>ipsa“)</strong></span> 
     </span>
    </p>
   </div>
   <div class='ocr_carea' id='block_1_61' title="bbox 1371 387 2698 448">
    <p class='ocr_par' dir='ltr' id='par_1_61' title="bbox 1371 387 2698 448">
     <span class='ocr_line' id='line_1_61' title="bbox 1371 387 2698 448; baseline 0.002 -5"><span class='ocrx_word' id='word_1_493' title='bbox 1371 387 1436 444; x_wconf 87' lang='lat' dir='ltr'><strong>IN</strong></span> <span class='ocrx_word' id='word_1_494' title='bbox 1476 389 1658 443; x_wconf 78' lang='lat' dir='ltr'><strong>ACTA</strong></span> <span class='ocrx_word' id='word_1_495' title='bbox 1696 389 2214 447; x_wconf 80' lang='lat' dir='ltr'><strong>APOS&#39;I&#39;OLORUM.</strong></span> <span class='ocrx_word' id='word_1_496' title='bbox 2254 391 2479 448; x_wconf 75' lang='lat' dir='ltr'><strong>BOMIL.</strong></span> <span class='ocrx_word' id='word_1_497' title='bbox 2531 390 2698 447; x_wconf 77' lang='lat' dir='ltr'><strong>XXX.</strong></span> 
     </span>
    </p>
   </div>
   <div class='ocr_carea' id='block_1_62' title="bbox 3597 405 3703 460">
    <p class='ocr_par' dir='ltr' id='par_1_62' title="bbox 3597 405 3703 460">
     <span class='ocr_line' id='line_1_62' title="bbox 3597 405 3703 460; baseline 0.009 -1"><span class='ocrx_word' id='word_1_498' title='bbox 3597 405 3703 460; x_wconf 69' lang='lat'><strong>226</strong></span> 
     </span>
    </p>
   </div>
   <div class='ocr_carea' id='block_1_63' title="bbox 2134 504 3705 573">
    <p class='ocr_par' dir='ltr' id='par_1_63' title="bbox 2134 504 3705 573">
     <span class='ocr_line' id='line_1_63' title="bbox 2134 504 3705 573; baseline 0.013 -20"><span class='ocrx_word' id='word_1_499' title='bbox 2134 504 2347 572; x_wconf 86' lang='lat' dir='ltr'><strong>gravius</strong></span> <span class='ocrx_word' id='word_1_500' title='bbox 2370 512 2424 556; x_wconf 91' lang='lat' dir='ltr'><strong>et</strong></span> <span class='ocrx_word' id='word_1_501' title='bbox 2448 504 2725 558; x_wconf 82' lang='lat' dir='ltr'><strong>onerosius</strong></span> <span class='ocrx_word' id='word_1_502' title='bbox 2750 514 2831 558; x_wconf 90' lang='lat' dir='ltr'><strong>est</strong></span> <span class='ocrx_word' id='word_1_503' title='bbox 2868 507 2970 562; x_wconf 92' lang='lat' dir='ltr'><strong>tale</strong></span> <span class='ocrx_word' id='word_1_504' title='bbox 3018 510 3307 565; x_wconf 88' lang='lat' dir='ltr'><strong>silentium.</strong></span> <span class='ocrx_word' id='word_1_505' title='bbox 3358 512 3467 569; x_wconf 78' lang='lat' dir='ltr'><strong>lloc</strong></span> <span class='ocrx_word' id='word_1_506' title='bbox 3518 515 3705 573; x_wconf 80' lang='lat' dir='ltr'><strong>Eccle-</strong></span> 
     </span>
    </p>
   </div>
   <div class='ocr_carea' id='block_1_64' title="bbox 2130 593 3704 675">
    <p class='ocr_par' dir='ltr' id='par_1_64' title="bbox 2130 593 3704 675">
     <span class='ocr_line' id='line_1_64' title="bbox 2130 593 3704 675; baseline 0.013 -29"><span class='ocrx_word' id='word_1_507' title='bbox 2130 593 2240 647; x_wconf 85' lang='lat' dir='ltr'><strong>sias</strong></span> <span class='ocrx_word' id='word_1_508' title='bbox 2273 593 2573 661; x_wconf 90' lang='lat' dir='ltr'><strong>subvertit,</strong></span> <span class='ocrx_word' id='word_1_509' title='bbox 2603 597 2743 665; x_wconf 90' lang='lat' dir='ltr'><strong>quod</strong></span> <span class='ocrx_word' id='word_1_510' title='bbox 2784 614 2877 653; x_wconf 87' lang='lat' dir='ltr'><strong>vos</strong></span> <span class='ocrx_word' id='word_1_511' title='bbox 2916 615 3020 653; x_wconf 90' lang='lat' dir='ltr'><strong>non</strong></span> <span class='ocrx_word' id='word_1_512' title='bbox 3064 607 3314 672; x_wconf 63' lang='lat' dir='ltr'><strong>quaeratis</strong></span> <span class='ocrx_word' id='word_1_513' title='bbox 3346 607 3509 675; x_wconf 73' lang='lat' dir='ltr'><strong>}crba</strong></span> <span class='ocrx_word' id='word_1_514' title='bbox 3551 625 3704 666; x_wconf 49' lang='lat' dir='ltr'><strong>com.</strong></span> 
     </span>
    </p>
   </div>
   <div class='ocr_carea' id='block_1_65' title="bbox 2133 686 3703 761">
    <p class='ocr_par' dir='ltr' id='par_1_65' title="bbox 2133 686 3703 761">
     <span class='ocr_line' id='line_1_65' title="bbox 2133 686 3703 761; baseline 0.016 -24"><span class='ocrx_word' id='word_1_515' title='bbox 2133 686 2436 753; x_wconf 91' lang='lat' dir='ltr'><strong>punctionis</strong></span> <span class='ocrx_word' id='word_1_516' title='bbox 2456 730 2470 754; x_wconf 92' lang='lat'><strong>,</strong></span> <span class='ocrx_word' id='word_1_517' title='bbox 2503 689 2595 743; x_wconf 90' lang='lat' dir='ltr'><strong>sed</strong></span> <span class='ocrx_word' id='word_1_518' title='bbox 2621 705 2739 759; x_wconf 64' lang='lat' dir='ltr'><strong>quae</strong></span> <span class='ocrx_word' id='word_1_519' title='bbox 2768 690 3037 747; x_wconf 87' lang='lat' dir='ltr'><strong>oblectent</strong></span> <span class='ocrx_word' id='word_1_520' title='bbox 3061 704 3113 748; x_wconf 90' lang='lat' dir='ltr'><strong>et</strong></span> <span class='ocrx_word' id='word_1_521' title='bbox 3140 711 3276 752; x_wconf 87' lang='lat' dir='ltr'><strong>sono</strong></span> <span class='ocrx_word' id='word_1_522' title='bbox 3318 708 3371 753; x_wconf 90' lang='lat' dir='ltr'><strong>et</strong></span> <span class='ocrx_word' id='word_1_523' title='bbox 3419 704 3703 761; x_wconf 75' lang='lat' dir='ltr'><strong>verborum</strong></span> 
     </span>
    </p>
   </div>
   <div class='ocr_carea' id='block_1_66' title="bbox 2129 779 3701 865">
    <p class='ocr_par' dir='ltr' id='par_1_66' title="bbox 2129 779 3701 865">
     <span class='ocr_line' id='line_1_66' title="bbox 2129 779 3701 865; baseline 0.015 -35"><span class='ocrx_word' id='word_1_524' title='bbox 2129 779 2538 847; x_wconf 82' lang='lat' dir='ltr'><strong>compositione,</strong></span> <span class='ocrx_word' id='word_1_525' title='bbox 2569 795 2631 837; x_wconf 88' lang='lat' dir='ltr'><strong>ac</strong></span> <span class='ocrx_word' id='word_1_526' title='bbox 2653 783 2696 835; x_wconf 90' lang='lat' dir='ltr'><strong>si</strong></span> <span class='ocrx_word' id='word_1_527' title='bbox 2726 794 2974 839; x_wconf 87' lang='lat' dir='ltr'><strong>cantores</strong></span> <span class='ocrx_word' id='word_1_528' title='bbox 2999 797 3053 841; x_wconf 91' lang='lat' dir='ltr'><strong>et</strong></span> <span class='ocrx_word' id='word_1_529' title='bbox 3076 787 3396 848; x_wconf 59' lang='lat' dir='ltr'><strong>citharoedos</strong></span> <span class='ocrx_word' id='word_1_530' title='bbox 3408 795 3701 865; x_wconf 78' lang='lat' dir='ltr'><strong>audiretis;</strong></span> 
     </span>
    </p>
   </div>
   <div class='ocr_carea' id='block_1_67' title="bbox 2128 870 3701 958">
    <p class='ocr_par' dir='ltr' id='par_1_67' title="bbox 2128 870 3701 958">
     <span class='ocr_line' id='line_1_67' title="bbox 2128 870 3701 958; baseline 0.015 -36"><span class='ocrx_word' id='word_1_531' title='bbox 2128 878 2183 922; x_wconf 92' lang='lat' dir='ltr'><strong>et</strong></span> <span class='ocrx_word' id='word_1_532' title='bbox 2213 884 2309 924; x_wconf 91' lang='lat' dir='ltr'><strong>uos</strong></span> <span class='ocrx_word' id='word_1_533' title='bbox 2341 870 2524 939; x_wconf 86' lang='lat' dir='ltr'><strong>frigide</strong></span> <span class='ocrx_word' id='word_1_534' title='bbox 2551 888 2615 928; x_wconf 89' lang='lat' dir='ltr'><strong>ac</strong></span> <span class='ocrx_word' id='word_1_535' title='bbox 2647 875 2842 929; x_wconf 86' lang='lat' dir='ltr'><strong>misere</strong></span> <span class='ocrx_word' id='word_1_536' title='bbox 2881 887 3090 933; x_wconf 87' lang='lat' dir='ltr'><strong>vestros</strong></span> <span class='ocrx_word' id='word_1_537' title='bbox 3130 880 3349 938; x_wconf 70' lang='lat' dir='ltr'><strong>affectus</strong></span> <span class='ocrx_word' id='word_1_538' title='bbox 3394 901 3701 958; x_wconf 87' lang='lat' dir='ltr'><strong>sequamur,</strong></span> 
     </span>
    </p>
   </div>
   <div class='ocr_carea' id='block_1_68' title="bbox 2127 964 2925 1034">
    <p class='ocr_par' dir='ltr' id='par_1_68' title="bbox 2127 964 2925 1034">
     <span class='ocr_line' id='line_1_68' title="bbox 2127 964 2925 1034; baseline 0.014 -22"><span class='ocrx_word' id='word_1_539' title='bbox 2127 975 2262 1029; x_wconf 90' lang='lat' dir='ltr'><strong>quos</strong></span> <span class='ocrx_word' id='word_1_540' title='bbox 2290 964 2607 1018; x_wconf 85' lang='lat' dir='ltr'><strong>exscindere</strong></span> <span class='ocrx_word' id='word_1_541' title='bbox 2633 976 2925 1034; x_wconf 88' lang='lat' dir='ltr'><strong>oporteret.</strong></span> 
     </span>
    </p>
   </div>
   <div class='ocr_carea' id='block_1_69' title="bbox 2197 1051 3702 1130">
    <p class='ocr_par' dir='ltr' id='par_1_69' title="bbox 2197 1051 3702 1130">
     <span class='ocr_line' id='line_1_69' title="bbox 2197 1051 3702 1130; baseline 0.015 -25"><span class='ocrx_word' id='word_1_542' title='bbox 2197 1051 2250 1106; x_wconf 71' lang='grc'><strong>4.</strong></span> <span class='ocrx_word' id='word_1_543' title='bbox 2283 1051 2620 1124; x_wconf 83' lang='lat' dir='ltr'><strong>ldipsunique</strong></span> <span class='ocrx_word' id='word_1_544' title='bbox 2658 1057 2913 1123; x_wconf 88' lang='lat' dir='ltr'><strong>facimus,</strong></span> <span class='ocrx_word' id='word_1_545' title='bbox 2958 1074 3023 1115; x_wconf 92' lang='lat' dir='ltr'><strong>ac</strong></span> <span class='ocrx_word' id='word_1_546' title='bbox 3072 1060 3117 1115; x_wconf 89' lang='lat' dir='ltr'><strong>si</strong></span> <span class='ocrx_word' id='word_1_547' title='bbox 3166 1072 3315 1130; x_wconf 88' lang='lat' dir='ltr'><strong>pater</strong></span> <span class='ocrx_word' id='word_1_548' title='bbox 3349 1066 3506 1122; x_wconf 83' lang='lat' dir='ltr'><strong>nimis</strong></span> <span class='ocrx_word' id='word_1_549' title='bbox 3555 1073 3702 1127; x_wconf 91' lang='lat' dir='ltr'><strong>molli</strong></span> 
     </span>
    </p>
   </div>
   <div class='ocr_carea' id='block_1_70' title="bbox 2131 1147 3701 1234">
    <p class='ocr_par' dir='ltr' id='par_1_70' title="bbox 2131 1147 3701 1234">
     <span class='ocr_line' id='line_1_70' title="bbox 2131 1147 3701 1234; baseline 0.016 -42"><span class='ocrx_word' id='word_1_550' title='bbox 2131 1157 2330 1210; x_wconf 88' lang='lat' dir='ltr'><strong>puero,</strong></span> <span class='ocrx_word' id='word_1_551' title='bbox 2361 1147 2460 1199; x_wconf 92' lang='lat' dir='ltr'><strong>etsi</strong></span> <span class='ocrx_word' id='word_1_552' title='bbox 2494 1147 2813 1213; x_wconf 83' lang='lat' dir='ltr'><strong>infirmanti,</strong></span> <span class='ocrx_word' id='word_1_553' title='bbox 2843 1149 3088 1221; x_wconf 83' lang='lat' dir='ltr'><strong>frigidam</strong></span> <span class='ocrx_word' id='word_1_554' title='bbox 3118 1154 3449 1225; x_wconf 77' lang='lat' dir='ltr'><strong>placentam,</strong></span> <span class='ocrx_word' id='word_1_555' title='bbox 3491 1170 3547 1215; x_wconf 91' lang='lat' dir='ltr'><strong>et</strong></span> <span class='ocrx_word' id='word_1_556' title='bbox 3584 1180 3701 1234; x_wconf 74' lang='lat' dir='ltr'><strong>qum</strong></span> 
     </span>
    </p>
   </div>
   <div class='ocr_carea' id='block_1_71' title="bbox 2128 1233 3703 1313">
    <p class='ocr_par' dir='ltr' id='par_1_71' title="bbox 2128 1233 3703 1313">
     <span class='ocr_line' id='line_1_71' title="bbox 2128 1233 3703 1313; baseline 0.015 -28"><span class='ocrx_word' id='word_1_557' title='bbox 2128 1233 2300 1286; x_wconf 91' lang='lat' dir='ltr'><strong>solum</strong></span> <span class='ocrx_word' id='word_1_558' title='bbox 2331 1234 2600 1291; x_wconf 89' lang='lat' dir='ltr'><strong>oblectant</strong></span> <span class='ocrx_word' id='word_1_559' title='bbox 2632 1241 2898 1313; x_wconf 88' lang='lat' dir='ltr'><strong>porrigat;</strong></span> <span class='ocrx_word' id='word_1_560' title='bbox 2941 1243 3148 1298; x_wconf 91' lang='lat' dir='ltr'><strong>utilium</strong></span> <span class='ocrx_word' id='word_1_561' title='bbox 3196 1261 3326 1302; x_wconf 87' lang='lat' dir='ltr'><strong>vero</strong></span> <span class='ocrx_word' id='word_1_562' title='bbox 3362 1252 3560 1305; x_wconf 92' lang='lat' dir='ltr'><strong>nullam</strong></span> <span class='ocrx_word' id='word_1_563' title='bbox 3604 1233 3703 1307; x_wconf 82' lang='lat' dir='ltr'><strong>cu-</strong></span> 
     </span>
    </p>
   </div>
   <div class='ocr_carea' id='block_1_72' title="bbox 2132 1323 3700 1407">
    <p class='ocr_par' dir='ltr' id='par_1_72' title="bbox 2132 1323 3700 1407">
     <span class='ocr_line' id='line_1_72' title="bbox 2132 1323 3700 1407; baseline 0.015 -31"><span class='ocrx_word' id='word_1_564' title='bbox 2132 1338 2245 1377; x_wconf 92' lang='lat' dir='ltr'><strong>ram</strong></span> <span class='ocrx_word' id='word_1_565' title='bbox 2276 1323 2468 1380; x_wconf 86' lang='lat' dir='ltr'><strong>habeat</strong></span> <span class='ocrx_word' id='word_1_566' title='bbox 2498 1343 2512 1379; x_wconf 91' lang='lat'><strong>:</strong></span> <span class='ocrx_word' id='word_1_567' title='bbox 2542 1327 2736 1383; x_wconf 90' lang='lat' dir='ltr'><strong>deinde</strong></span> <span class='ocrx_word' id='word_1_568' title='bbox 2761 1346 2790 1384; x_wconf 92' lang='lat' dir='ltr'><strong>a</strong></span> <span class='ocrx_word' id='word_1_569' title='bbox 2820 1332 3039 1387; x_wconf 86' lang='lat' dir='ltr'><strong>medicis</strong></span> <span class='ocrx_word' id='word_1_570' title='bbox 3067 1335 3375 1406; x_wconf 88' lang='lat' dir='ltr'><strong>objurgatus</strong></span> <span class='ocrx_word' id='word_1_571' title='bbox 3396 1378 3415 1407; x_wconf 92' lang='lat'><strong>,</strong></span> <span class='ocrx_word' id='word_1_572' title='bbox 3443 1342 3511 1394; x_wconf 90' lang='lat' dir='ltr'><strong>ad</strong></span> <span class='ocrx_word' id='word_1_573' title='bbox 3537 1357 3700 1398; x_wconf 81' lang='lat' dir='ltr'><strong>excu-</strong></span> 
     </span>
    </p>
   </div>
   <div class='ocr_carea' id='block_1_73' title="bbox 2127 1414 3703 1498">
    <p class='ocr_par' dir='ltr' id='par_1_73' title="bbox 2127 1414 3703 1498">
     <span class='ocr_line' id='line_1_73' title="bbox 2127 1414 3703 1498; baseline 0.015 -32"><span class='ocrx_word' id='word_1_574' title='bbox 2127 1414 2388 1470; x_wconf 87' lang='lat' dir='ltr'><strong>sationem</strong></span> <span class='ocrx_word' id='word_1_575' title='bbox 2420 1414 2594 1484; x_wconf 89' lang='lat' dir='ltr'><strong>dicat,</strong></span> <span class='ocrx_word' id='word_1_576' title='bbox 2622 1418 2756 1486; x_wconf 80' lang='lat' dir='ltr'><strong>Quid</strong></span> <span class='ocrx_word' id='word_1_577' title='bbox 2786 1418 3014 1476; x_wconf 76' lang='lat' dir='ltr'><strong>faciam?</strong></span> <span class='ocrx_word' id='word_1_578' title='bbox 3039 1423 3254 1480; x_wconf 87' lang='lat' dir='ltr'><strong>flentem</strong></span> <span class='ocrx_word' id='word_1_579' title='bbox 3298 1444 3517 1498; x_wconf 89' lang='lat' dir='ltr'><strong>puerum</strong></span> <span class='ocrx_word' id='word_1_580' title='bbox 3563 1432 3703 1489; x_wconf 83' lang='lat' dir='ltr'><strong>ferre</strong></span> 
     </span>
    </p>
   </div>
   <div class='ocr_carea' id='block_1_74' title="bbox 2128 1506 3700 1587">
    <p class='ocr_par' dir='ltr' id='par_1_74' title="bbox 2128 1506 3700 1587">
     <span class='ocr_line' id='line_1_74' title="bbox 2128 1506 3700 1587; baseline 0.015 -32"><span class='ocrx_word' id='word_1_581' title='bbox 2128 1518 2355 1573; x_wconf 89' lang='lat' dir='ltr'><strong>nequeo.</strong></span> <span class='ocrx_word' id='word_1_582' title='bbox 2385 1506 2566 1571; x_wconf 84' lang='lat' dir='ltr'><strong>Miser,</strong></span> <span class='ocrx_word' id='word_1_583' title='bbox 2589 1508 2773 1564; x_wconf 81' lang='lat' dir='ltr'><strong>infelix</strong></span> <span class='ocrx_word' id='word_1_584' title='bbox 2794 1520 2847 1565; x_wconf 88' lang='lat' dir='ltr'><strong>et</strong></span> <span class='ocrx_word' id='word_1_585' title='bbox 2876 1513 3115 1580; x_wconf 90' lang='lat' dir='ltr'><strong>proditor</strong></span> <span class='ocrx_word' id='word_1_586' title='bbox 3147 1534 3159 1568; x_wconf 94' lang='lat'>:</span> <span class='ocrx_word' id='word_1_587' title='bbox 3195 1534 3366 1587; x_wconf 88' lang='lat' dir='ltr'><strong>neque</strong></span> <span class='ocrx_word' id='word_1_588' title='bbox 3389 1522 3531 1577; x_wconf 89' lang='lat' dir='ltr'><strong>enim</strong></span> <span class='ocrx_word' id='word_1_589' title='bbox 3559 1523 3700 1579; x_wconf 91' lang='lat' dir='ltr'><strong>hunc</strong></span> 
     </span>
    </p>
   </div>
   <div class='ocr_carea' id='block_1_75' title="bbox 2130 1598 3700 1685">
    <p class='ocr_par' dir='ltr' id='par_1_75' title="bbox 2130 1598 3700 1685">
     <span class='ocr_line' id='line_1_75' title="bbox 2130 1598 3700 1685; baseline 0.015 -37"><span class='ocrx_word' id='word_1_590' title='bbox 2130 1607 2331 1665; x_wconf 84' lang='lat' dir='ltr'><strong>patrem</strong></span> <span class='ocrx_word' id='word_1_591' title='bbox 2370 1598 2639 1654; x_wconf 83' lang='lat' dir='ltr'><strong>dixerim:</strong></span> <span class='ocrx_word' id='word_1_592' title='bbox 2673 1618 2830 1671; x_wconf 82' lang='lat' dir='ltr'><strong>quam</strong></span> <span class='ocrx_word' id='word_1_593' title='bbox 2879 1604 3072 1660; x_wconf 91' lang='lat' dir='ltr'><strong>melius</strong></span> <span class='ocrx_word' id='word_1_594' title='bbox 3120 1618 3295 1676; x_wconf 72' lang='lat' dir='ltr'><strong>esset,</strong></span> <span class='ocrx_word' id='word_1_595' title='bbox 3348 1612 3494 1667; x_wconf 90' lang='lat' dir='ltr'><strong>illum</strong></span> <span class='ocrx_word' id='word_1_596' title='bbox 3538 1626 3700 1685; x_wconf 79' lang='lat' dir='ltr'><strong>parvo</strong></span> 
     </span>
    </p>
   </div>
   <div class='ocr_carea' id='block_1_76' title="bbox 2130 1691 3697 1778">
    <p class='ocr_par' dir='ltr' id='par_1_76' title="bbox 2130 1691 3697 1778">
     <span class='ocr_line' id='line_1_76' title="bbox 2130 1691 3697 1778; baseline 0.015 -37"><span class='ocrx_word' id='word_1_597' title='bbox 2130 1698 2372 1758; x_wconf 90' lang='lat' dir='ltr'><strong>tempore</strong></span> <span class='ocrx_word' id='word_1_598' title='bbox 2391 1691 2599 1747; x_wconf 83' lang='lat' dir='ltr'><strong>tristitia</strong></span> <span class='ocrx_word' id='word_1_599' title='bbox 2625 1694 2870 1750; x_wconf 76' lang='lat' dir='ltr'><strong>affectum</strong></span> <span class='ocrx_word' id='word_1_600' title='bbox 2889 1700 3136 1766; x_wconf 64' lang='lat' dir='ltr'><strong>perfectae</strong></span> <span class='ocrx_word' id='word_1_601' title='bbox 3160 1703 3370 1757; x_wconf 86' lang='lat' dir='ltr'><strong>sanitati</strong></span> <span class='ocrx_word' id='word_1_602' title='bbox 3395 1708 3697 1778; x_wconf 89' lang='lat' dir='ltr'><strong>restituere,</strong></span> 
     </span>
    </p>
   </div>
   <div class='ocr_carea' id='block_1_77' title="bbox 2128 1788 3700 1859">
    <p class='ocr_par' dir='ltr' id='par_1_77' title="bbox 2128 1788 3700 1859">
     <span class='ocr_line' id='line_1_77' title="bbox 2128 1788 3700 1859; baseline 0.015 -28"><span class='ocrx_word' id='word_1_603' title='bbox 2128 1795 2285 1848; x_wconf 89' lang='lat' dir='ltr'><strong>quam</strong></span> <span class='ocrx_word' id='word_1_604' title='bbox 2319 1788 2716 1850; x_wconf 81' lang='lat' dir='ltr'><strong>temporaneam</strong></span> <span class='ocrx_word' id='word_1_605' title='bbox 2745 1788 2968 1856; x_wconf 87' lang='lat' dir='ltr'><strong>gratiam</strong></span> <span class='ocrx_word' id='word_1_606' title='bbox 3002 1793 3235 1859; x_wconf 83' lang='lat' dir='ltr'><strong>perpetui</strong></span> <span class='ocrx_word' id='word_1_607' title='bbox 3284 1800 3530 1851; x_wconf 78' lang='lat' dir='ltr'><strong>maeroris</strong></span> <span class='ocrx_word' id='word_1_608' title='bbox 3576 1814 3700 1854; x_wconf 89' lang='lat' dir='ltr'><strong>cau-</strong></span> 
     </span>
    </p>
   </div>
   <div class='ocr_carea' id='block_1_78' title="bbox 2126 1873 3697 1961">
    <p class='ocr_par' dir='ltr' id='par_1_78' title="bbox 2126 1873 3697 1961">
     <span class='ocr_line' id='line_1_78' title="bbox 2126 1873 3697 1961; baseline 0.015 -36"><span class='ocrx_word' id='word_1_609' title='bbox 2126 1886 2239 1926; x_wconf 88' lang='lat' dir='ltr'><strong>sam</strong></span> <span class='ocrx_word' id='word_1_610' title='bbox 2285 1873 2498 1930; x_wconf 84' lang='lat' dir='ltr'><strong>facerei</strong></span> <span class='ocrx_word' id='word_1_611' title='bbox 2549 1876 2656 1931; x_wconf 82' lang='lat' dir='ltr'><strong>Hoc</strong></span> <span class='ocrx_word' id='word_1_612' title='bbox 2702 1889 2755 1933; x_wconf 92' lang='lat' dir='ltr'><strong>et</strong></span> <span class='ocrx_word' id='word_1_613' title='bbox 2802 1897 2898 1935; x_wconf 89' lang='lat' dir='ltr'><strong>nos</strong></span> <span class='ocrx_word' id='word_1_614' title='bbox 2951 1882 3205 1951; x_wconf 87' lang='lat' dir='ltr'><strong>facimus,</strong></span> <span class='ocrx_word' id='word_1_615' title='bbox 3250 1886 3697 1961; x_wconf 79' lang='lat' dir='ltr'><strong>dumclegautem</strong></span> 
     </span>
    </p>
   </div>
   <div class='ocr_carea' id='block_1_79' title="bbox 2126 1967 3697 2051">
    <p class='ocr_par' dir='ltr' id='par_1_79' title="bbox 2126 1967 3697 2051">
     <span class='ocr_line' id='line_1_79' title="bbox 2126 1967 3697 2051; baseline 0.013 -34"><span class='ocrx_word' id='word_1_616' title='bbox 2126 1967 2421 2021; x_wconf 89' lang='lat' dir='ltr'><strong>orationem</strong></span> <span class='ocrx_word' id='word_1_617' title='bbox 2477 1970 2740 2026; x_wconf 89' lang='lat' dir='ltr'><strong>curiosius</strong></span> <span class='ocrx_word' id='word_1_618' title='bbox 2796 1974 3083 2043; x_wconf 67' lang='lat' dir='ltr'><strong>quaerimus</strong></span> <span class='ocrx_word' id='word_1_619' title='bbox 3139 1987 3191 2031; x_wconf 90' lang='lat' dir='ltr'><strong>et</strong></span> <span class='ocrx_word' id='word_1_620' title='bbox 3260 1984 3697 2051; x_wconf 80' lang='lat' dir='ltr'><strong>compositionem</strong></span> 
     </span>
    </p>
   </div>
   <div class='ocr_carea' id='block_1_80' title="bbox 2130 2058 3699 2142">
    <p class='ocr_par' dir='ltr' id='par_1_80' title="bbox 2130 2058 3699 2142">
     <span class='ocr_line' id='line_1_80' title="bbox 2130 2058 3699 2142; baseline 0.014 -34"><span class='ocrx_word' id='word_1_621' title='bbox 2130 2058 2567 2129; x_wconf 89' lang='lat' dir='ltr'><strong>barmoniamque</strong></span> <span class='ocrx_word' id='word_1_622' title='bbox 2590 2102 2605 2124; x_wconf 92' lang='lat'><strong>,</strong></span> <span class='ocrx_word' id='word_1_623' title='bbox 2641 2072 2696 2115; x_wconf 90' lang='lat' dir='ltr'><strong>ut</strong></span> <span class='ocrx_word' id='word_1_624' title='bbox 2726 2063 3056 2133; x_wconf 81' lang='lat' dir='ltr'><strong>placeamus,</strong></span> <span class='ocrx_word' id='word_1_625' title='bbox 3089 2085 3192 2123; x_wconf 87' lang='lat' dir='ltr'><strong>non</strong></span> <span class='ocrx_word' id='word_1_626' title='bbox 3219 2080 3276 2126; x_wconf 90' lang='lat' dir='ltr'><strong>ut</strong></span> <span class='ocrx_word' id='word_1_627' title='bbox 3308 2075 3608 2142; x_wconf 89' lang='lat' dir='ltr'><strong>prosimus;</strong></span> <span class='ocrx_word' id='word_1_628' title='bbox 3640 2087 3699 2130; x_wconf 93' lang='lat' dir='ltr'><strong>ut</strong></span> 
     </span>
    </p>
   </div>
   <div class='ocr_carea' id='block_1_81' title="bbox 2126 2146 3701 2230">
    <p class='ocr_par' dir='ltr' id='par_1_81' title="bbox 2126 2146 3701 2230">
     <span class='ocr_line' id='line_1_81' title="bbox 2126 2146 3701 2230; baseline 0.017 -32"><span class='ocrx_word' id='word_1_629' title='bbox 2126 2146 2462 2204; x_wconf 87' lang='lat' dir='ltr'><strong>admirationi</strong></span> <span class='ocrx_word' id='word_1_630' title='bbox 2491 2151 2813 2220; x_wconf 73' lang='lat' dir='ltr'><strong>habeantur,</strong></span> <span class='ocrx_word' id='word_1_631' title='bbox 2848 2172 2951 2211; x_wconf 92' lang='lat' dir='ltr'><strong>nou</strong></span> <span class='ocrx_word' id='word_1_632' title='bbox 2980 2166 3036 2211; x_wconf 92' lang='lat' dir='ltr'><strong>ut</strong></span> <span class='ocrx_word' id='word_1_633' title='bbox 3079 2160 3404 2230; x_wconf 87' lang='lat' dir='ltr'><strong>doceamus;</strong></span> <span class='ocrx_word' id='word_1_634' title='bbox 3456 2176 3512 2220; x_wconf 94' lang='lat' dir='ltr'><strong>ut</strong></span> <span class='ocrx_word' id='word_1_635' title='bbox 3550 2169 3701 2223; x_wconf 90' lang='lat' dir='ltr'><strong>oble-</strong></span> 
     </span>
    </p>
   </div>
   <div class='ocr_carea' id='block_1_82' title="bbox 2126 2248 3697 2322">
    <p class='ocr_par' dir='ltr' id='par_1_82' title="bbox 2126 2248 3697 2322">
     <span class='ocr_line' id='line_1_82' title="bbox 2126 2248 3697 2322; baseline 0.014 -30"><span class='ocrx_word' id='word_1_636' title='bbox 2126 2248 2354 2306; x_wconf 87' lang='lat' dir='ltr'><strong>ctcmus,</strong></span> <span class='ocrx_word' id='word_1_637' title='bbox 2374 2257 2478 2296; x_wconf 85' lang='lat' dir='ltr'><strong>non</strong></span> <span class='ocrx_word' id='word_1_638' title='bbox 2506 2251 2563 2296; x_wconf 92' lang='lat' dir='ltr'><strong>ul.</strong></span> <span class='ocrx_word' id='word_1_639' title='bbox 2588 2259 3037 2316; x_wconf 83' lang='lat' dir='ltr'><strong>compungatuus;</strong></span> <span class='ocrx_word' id='word_1_640' title='bbox 3064 2259 3120 2302; x_wconf 91' lang='lat' dir='ltr'><strong>ut</strong></span> <span class='ocrx_word' id='word_1_641' title='bbox 3145 2268 3263 2304; x_wconf 84' lang='lat' dir='ltr'><strong>cuin</strong></span> <span class='ocrx_word' id='word_1_642' title='bbox 3291 2254 3476 2322; x_wconf 84' lang='lat' dir='ltr'><strong>plausu</strong></span> <span class='ocrx_word' id='word_1_643' title='bbox 3500 2267 3552 2312; x_wconf 89' lang='lat' dir='ltr'><strong>et</strong></span> <span class='ocrx_word' id='word_1_644' title='bbox 3578 2259 3665 2313; x_wconf 89' lang='lat' dir='ltr'><strong>lau</strong></span> <span class='ocrx_word' id='word_1_645' title='bbox 3682 2290 3697 2302; x_wconf 66' lang='grc' dir='ltr'>α</span> 
     </span>
    </p>
   </div>
   <div class='ocr_carea' id='block_1_83' title="bbox 2125 2329 3691 2413">
    <p class='ocr_par' dir='ltr' id='par_1_83' title="bbox 2125 2329 3691 2413">
     <span class='ocr_line' id='line_1_83' title="bbox 2125 2329 3691 2413; baseline 0.013 -31"><span class='ocrx_word' id='word_1_646' title='bbox 2125 2329 2284 2384; x_wconf 92' lang='lat' dir='ltr'><strong>dibus</strong></span> <span class='ocrx_word' id='word_1_647' title='bbox 2309 2332 2648 2388; x_wconf 86' lang='lat' dir='ltr'><strong>discedamus</strong></span> <span class='ocrx_word' id='word_1_648' title='bbox 2666 2377 2680 2401; x_wconf 94' lang='lat'><strong>,</strong></span> <span class='ocrx_word' id='word_1_649' title='bbox 2717 2354 2822 2391; x_wconf 94' lang='lat' dir='ltr'><strong>non</strong></span> <span class='ocrx_word' id='word_1_650' title='bbox 2849 2348 2906 2392; x_wconf 90' lang='lat' dir='ltr'><strong>ut</strong></span> <span class='ocrx_word' id='word_1_651' title='bbox 2932 2354 3108 2395; x_wconf 88' lang='lat' dir='ltr'><strong>mores</strong></span> <span class='ocrx_word' id='word_1_652' title='bbox 3138 2358 3544 2413; x_wconf 87' lang='lat' dir='ltr'><strong>componamus.</strong></span> <span class='ocrx_word' id='word_1_653' title='bbox 3684 2346 3691 2349; x_wconf 75' lang='grc'><em>’</em></span> 
     </span>
    </p>
   </div>
   <div class='ocr_carea' id='block_1_84' title="bbox 2204 2419 3699 2504">
    <p class='ocr_par' dir='ltr' id='par_1_84' title="bbox 2204 2419 3699 2504">
     <span class='ocr_line' id='line_1_84' title="bbox 2204 2419 3699 2504; baseline 0.015 -31"><span class='ocrx_word' id='word_1_654' title='bbox 2204 2419 2421 2478; x_wconf 81' lang='lat' dir='ltr'><strong>Plausus</strong></span> <span class='ocrx_word' id='word_1_655' title='bbox 2434 2428 2683 2495; x_wconf 84' lang='lat' dir='ltr'><strong>quomodo</strong></span> <span class='ocrx_word' id='word_1_656' title='bbox 2710 2428 2984 2499; x_wconf 75' lang='lat' dir='ltr'><strong>excipiebat</strong></span> <span class='ocrx_word' id='word_1_657' title='bbox 3009 2429 3699 2504; x_wconf 80' lang='lat' dir='ltr'><strong>Chrysostomus.——Credite</strong></span> 
     </span>
    </p>
   </div>
   <div class='ocr_carea' id='block_1_85' title="bbox 2129 2512 3697 2590">
    <p class='ocr_par' dir='ltr' id='par_1_85' title="bbox 2129 2512 3697 2590">
     <span class='ocr_line' id='line_1_85' title="bbox 2129 2512 3697 2590; baseline 0.013 -26"><span class='ocrx_word' id='word_1_658' title='bbox 2129 2512 2257 2565; x_wconf 90' lang='lat' dir='ltr'><strong>mihi</strong></span> <span class='ocrx_word' id='word_1_659' title='bbox 2281 2529 2385 2568; x_wconf 90' lang='lat' dir='ltr'><strong>non</strong></span> <span class='ocrx_word' id='word_1_660' title='bbox 2407 2515 2502 2569; x_wconf 90' lang='lat' dir='ltr'><strong>abs</strong></span> <span class='ocrx_word' id='word_1_661' title='bbox 2522 2531 2581 2570; x_wconf 87' lang='lat' dir='ltr'><strong>re</strong></span> <span class='ocrx_word' id='word_1_662' title='bbox 2606 2516 2837 2582; x_wconf 87' lang='lat' dir='ltr'><strong>dicenti,</strong></span> <span class='ocrx_word' id='word_1_663' title='bbox 2861 2536 2980 2574; x_wconf 86' lang='lat' dir='ltr'><strong>cum</strong></span> <span class='ocrx_word' id='word_1_664' title='bbox 3007 2524 3301 2590; x_wconf 72' lang='lat' dir='ltr'><strong>prmdicans</strong></span> <span class='ocrx_word' id='word_1_665' title='bbox 3328 2527 3569 2584; x_wconf 87' lang='lat' dir='ltr'><strong>laudibus</strong></span> <span class='ocrx_word' id='word_1_666' title='bbox 3602 2547 3697 2585; x_wconf 79' lang='lat' dir='ltr'><strong>ex-</strong></span> 
     </span>
    </p>
   </div>
   <div class='ocr_carea' id='block_1_86' title="bbox 2126 2606 3692 2688">
    <p class='ocr_par' dir='ltr' id='par_1_86' title="bbox 2126 2606 3692 2688">
     <span class='ocr_line' id='line_1_86' title="bbox 2126 2606 3692 2688; baseline 0.011 -30"><span class='ocrx_word' id='word_1_667' title='bbox 2126 2606 2295 2675; x_wconf 88' lang='lat' dir='ltr'><strong>cipior</strong></span> <span class='ocrx_word' id='word_1_668' title='bbox 2317 2646 2334 2673; x_wconf 94' lang='lat'><strong>,</strong></span> <span class='ocrx_word' id='word_1_669' title='bbox 2363 2607 2457 2661; x_wconf 90' lang='lat' dir='ltr'><strong>illo</strong></span> <span class='ocrx_word' id='word_1_670' title='bbox 2493 2608 2704 2676; x_wconf 89' lang='lat' dir='ltr'><strong>quidem</strong></span> <span class='ocrx_word' id='word_1_671' title='bbox 2734 2620 2970 2679; x_wconf 87' lang='lat' dir='ltr'><strong>tempore</strong></span> <span class='ocrx_word' id='word_1_672' title='bbox 3010 2613 3297 2669; x_wconf 89' lang='lat' dir='ltr'><strong>humanum</strong></span> <span class='ocrx_word' id='word_1_673' title='bbox 3336 2619 3460 2686; x_wconf 91' lang='lat' dir='ltr'><strong>quid</strong></span> <span class='ocrx_word' id='word_1_674' title='bbox 3499 2626 3692 2688; x_wconf 75' lang='lat' dir='ltr'><strong>pater,</strong></span> 
     </span>
    </p>
   </div>
   <div class='ocr_carea' id='block_1_87' title="bbox 2129 2697 3692 2773">
    <p class='ocr_par' dir='ltr' id='par_1_87' title="bbox 2129 2697 3692 2773">
     <span class='ocr_line' id='line_1_87' title="bbox 2129 2697 3692 2773; baseline 0.01 -22"><span class='ocrx_word' id='word_1_675' title='bbox 2129 2697 2265 2768; x_wconf 88' lang='lat' dir='ltr'><strong>(cur</strong></span> <span class='ocrx_word' id='word_1_676' title='bbox 2293 2699 2433 2751; x_wconf 90' lang='lat' dir='ltr'><strong>enim</strong></span> <span class='ocrx_word' id='word_1_677' title='bbox 2460 2715 2582 2753; x_wconf 91' lang='lat' dir='ltr'><strong>vera</strong></span> <span class='ocrx_word' id='word_1_678' title='bbox 2628 2717 2731 2754; x_wconf 90' lang='lat' dir='ltr'><strong>non</strong></span> <span class='ocrx_word' id='word_1_679' title='bbox 2773 2702 3082 2773; x_wconf 83' lang='lat' dir='ltr'><strong>dixerim?)</strong></span> <span class='ocrx_word' id='word_1_680' title='bbox 3112 2706 3264 2761; x_wconf 71' lang='lat' dir='ltr'><strong>laetor</strong></span> <span class='ocrx_word' id='word_1_681' title='bbox 3305 2719 3358 2764; x_wconf 94' lang='lat' dir='ltr'><strong>et</strong></span> <span class='ocrx_word' id='word_1_682' title='bbox 3402 2712 3647 2766; x_wconf 88' lang='lat' dir='ltr'><strong>efl&#39;uudor</strong></span> <span class='ocrx_word' id='word_1_683' title='bbox 3678 2733 3692 2767; x_wconf 91' lang='lat'><strong>:</strong></span> 
     </span>
    </p>
   </div>
   <div class='ocr_carea' id='block_1_88' title="bbox 2129 2787 3699 2864">
    <p class='ocr_par' dir='ltr' id='par_1_88' title="bbox 2129 2787 3699 2864">
     <span class='ocr_line' id='line_1_88' title="bbox 2129 2787 3699 2864; baseline 0.012 -23"><span class='ocrx_word' id='word_1_684' title='bbox 2129 2787 2216 2841; x_wconf 88' lang='lat' dir='ltr'><strong>ubi</strong></span> <span class='ocrx_word' id='word_1_685' title='bbox 2256 2800 2380 2842; x_wconf 80' lang='lat' dir='ltr'><strong>vero</strong></span> <span class='ocrx_word' id='word_1_686' title='bbox 2403 2789 2618 2843; x_wconf 91' lang='lat' dir='ltr'><strong>domum</strong></span> <span class='ocrx_word' id='word_1_687' title='bbox 2650 2806 2914 2859; x_wconf 89' lang='lat' dir='ltr'><strong>reversus,</strong></span> <span class='ocrx_word' id='word_1_688' title='bbox 2941 2797 3118 2863; x_wconf 84' lang='lat' dir='ltr'><strong>cogito</strong></span> <span class='ocrx_word' id='word_1_689' title='bbox 3145 2796 3456 2864; x_wconf 87' lang='lat' dir='ltr'><strong>plaudentes</strong></span> <span class='ocrx_word' id='word_1_690' title='bbox 3495 2803 3699 2860; x_wconf 84' lang='lat' dir='ltr'><strong>nullout</strong></span> 
     </span>
    </p>
   </div>
   <div class='ocr_carea' id='block_1_89' title="bbox 2127 2881 3699 2962">
    <p class='ocr_par' dir='ltr' id='par_1_89' title="bbox 2127 2881 3699 2962">
     <span class='ocr_line' id='line_1_89' title="bbox 2127 2881 3699 2962; baseline 0.011 -30"><span class='ocrx_word' id='word_1_691' title='bbox 2127 2882 2408 2950; x_wconf 77' lang='lat' dir='ltr'><strong>excepisse</strong></span> <span class='ocrx_word' id='word_1_692' title='bbox 2435 2881 2698 2947; x_wconf 86' lang='lat' dir='ltr'><strong>fructum;</strong></span> <span class='ocrx_word' id='word_1_693' title='bbox 2733 2883 2827 2938; x_wconf 89' lang='lat' dir='ltr'><strong>sed</strong></span> <span class='ocrx_word' id='word_1_694' title='bbox 2855 2885 2898 2937; x_wconf 91' lang='lat' dir='ltr'><strong>si</strong></span> <span class='ocrx_word' id='word_1_695' title='bbox 2924 2886 3047 2952; x_wconf 89' lang='lat' dir='ltr'><strong>quid</strong></span> <span class='ocrx_word' id='word_1_696' title='bbox 3077 2888 3311 2942; x_wconf 86' lang='lat' dir='ltr'><strong>utilitatis</strong></span> <span class='ocrx_word' id='word_1_697' title='bbox 3339 2891 3699 2962; x_wconf 72' lang='lat' dir='ltr'><strong>accipiendum</strong></span> 
     </span>
    </p>
   </div>
   <div class='ocr_carea' id='block_1_90' title="bbox 2130 2971 3701 3047">
    <p class='ocr_par' dir='ltr' id='par_1_90' title="bbox 2130 2971 3701 3047">
     <span class='ocr_line' id='line_1_90' title="bbox 2130 2971 3701 3047; baseline 0.012 -24"><span class='ocrx_word' id='word_1_698' title='bbox 2130 2978 2279 3036; x_wconf 88' lang='lat' dir='ltr'><strong>erat,</strong></span> <span class='ocrx_word' id='word_1_699' title='bbox 2310 2971 2439 3025; x_wconf 93' lang='lat' dir='ltr'><strong>illud</strong></span> <span class='ocrx_word' id='word_1_700' title='bbox 2465 2986 2530 3026; x_wconf 86' lang='lat' dir='ltr'><strong>ex</strong></span> <span class='ocrx_word' id='word_1_701' title='bbox 2559 2973 2745 3041; x_wconf 90' lang='lat' dir='ltr'><strong>plausu</strong></span> <span class='ocrx_word' id='word_1_702' title='bbox 2773 2983 2824 3029; x_wconf 89' lang='lat' dir='ltr'><strong>et</strong></span> <span class='ocrx_word' id='word_1_703' title='bbox 2854 2971 3098 3031; x_wconf 81' lang='lat' dir='ltr'><strong>laudibus</strong></span> <span class='ocrx_word' id='word_1_704' title='bbox 3126 2980 3382 3047; x_wconf 87' lang='lat' dir='ltr'><strong>periisse,</strong></span> <span class='ocrx_word' id='word_1_705' title='bbox 3410 2984 3701 3043; x_wconf 84' lang='lat' dir='ltr'><strong>discrucior</strong></span> 
     </span>
    </p>
   </div>
   <div class='ocr_carea' id='block_1_91' title="bbox 2128 3060 3694 3147">
    <p class='ocr_par' dir='ltr' id='par_1_91' title="bbox 2128 3060 3694 3147">
     <span class='ocr_line' id='line_1_91' title="bbox 2128 3060 3694 3147; baseline 0.013 -33"><span class='ocrx_word' id='word_1_706' title='bbox 2128 3069 2185 3115; x_wconf 91' lang='lat' dir='ltr'><strong>ct</strong></span> <span class='ocrx_word' id='word_1_707' title='bbox 2214 3060 2532 3131; x_wconf 86' lang='lat' dir='ltr'><strong>ingemisco,</strong></span> <span class='ocrx_word' id='word_1_708' title='bbox 2562 3066 2846 3137; x_wconf 88' lang='lat' dir='ltr'><strong>lacrymor,</strong></span> <span class='ocrx_word' id='word_1_709' title='bbox 2873 3082 2935 3121; x_wconf 88' lang='lat' dir='ltr'><strong>ac</strong></span> <span class='ocrx_word' id='word_1_710' title='bbox 2960 3069 3005 3122; x_wconf 92' lang='lat' dir='ltr'><strong>si</strong></span> <span class='ocrx_word' id='word_1_711' title='bbox 3031 3073 3207 3126; x_wconf 90' lang='lat' dir='ltr'><strong>omnia</strong></span> <span class='ocrx_word' id='word_1_712' title='bbox 3235 3074 3425 3128; x_wconf 86' lang='lat' dir='ltr'><strong>frustra</strong></span> <span class='ocrx_word' id='word_1_713' title='bbox 3449 3076 3694 3147; x_wconf 79' lang='lat' dir='ltr'><strong>dixerim,</strong></span> 
     </span>
    </p>
   </div>
   <div class='ocr_carea' id='block_1_92' title="bbox 2126 3151 3697 3227">
    <p class='ocr_par' dir='ltr' id='par_1_92' title="bbox 2126 3151 3697 3227">
     <span class='ocr_line' id='line_1_92' title="bbox 2126 3151 3697 3227; baseline 0.013 -23"><span class='ocrx_word' id='word_1_714' title='bbox 2126 3151 2198 3205; x_wconf 88' lang='lat' dir='ltr'><strong>ita</strong></span> <span class='ocrx_word' id='word_1_715' title='bbox 2227 3151 2481 3218; x_wconf 74' lang='lat' dir='ltr'><strong>affectus,</strong></span> <span class='ocrx_word' id='word_1_716' title='bbox 2513 3156 2750 3226; x_wconf 88' lang='lat' dir='ltr'><strong>mihique</strong></span> <span class='ocrx_word' id='word_1_717' title='bbox 2770 3156 2871 3226; x_wconf 73' lang='lat' dir='ltr'><strong>ipsi</strong></span> <span class='ocrx_word' id='word_1_718' title='bbox 2897 3157 3018 3213; x_wconf 89' lang='lat' dir='ltr'><strong>dico</strong></span> <span class='ocrx_word' id='word_1_719' title='bbox 3047 3176 3060 3211; x_wconf 89' lang='lat'><strong>:</strong></span> <span class='ocrx_word' id='word_1_720' title='bbox 3094 3164 3223 3227; x_wconf 79' lang='lat' dir='ltr'><strong>Qua:</strong></span> <span class='ocrx_word' id='word_1_721' title='bbox 3249 3164 3375 3218; x_wconf 89' lang='lat' dir='ltr'><strong>mihi</strong></span> <span class='ocrx_word' id='word_1_722' title='bbox 3419 3181 3491 3220; x_wconf 89' lang='lat' dir='ltr'><strong>ex</strong></span> <span class='ocrx_word' id='word_1_723' title='bbox 3535 3170 3697 3224; x_wconf 82' lang='lat' dir='ltr'><strong>sudo-</strong></span> 
     </span>
    </p>
   </div>
   <div class='ocr_carea' id='block_1_93' title="bbox 2126 3244 3700 3316">
    <p class='ocr_par' dir='ltr' id='par_1_93' title="bbox 2126 3244 3700 3316">
     <span class='ocr_line' id='line_1_93' title="bbox 2126 3244 3700 3316; baseline 0.013 -20"><span class='ocrx_word' id='word_1_724' title='bbox 2126 3244 2270 3297; x_wconf 89' lang='lat' dir='ltr'><strong>ribus</strong></span> <span class='ocrx_word' id='word_1_725' title='bbox 2298 3244 2532 3313; x_wconf 84' lang='lat' dir='ltr'><strong>utilitas,</strong></span> <span class='ocrx_word' id='word_1_726' title='bbox 2581 3262 2702 3302; x_wconf 91' lang='lat' dir='ltr'><strong>cum</strong></span> <span class='ocrx_word' id='word_1_727' title='bbox 2743 3249 3013 3304; x_wconf 87' lang='lat' dir='ltr'><strong>auditores</strong></span> <span class='ocrx_word' id='word_1_728' title='bbox 3050 3252 3179 3305; x_wconf 88' lang='lat' dir='ltr'><strong>nihil</strong></span> <span class='ocrx_word' id='word_1_729' title='bbox 3221 3269 3290 3308; x_wconf 88' lang='lat' dir='ltr'><strong>ex</strong></span> <span class='ocrx_word' id='word_1_730' title='bbox 3340 3255 3519 3314; x_wconf 73' lang='lat' dir='ltr'><strong>Vi-rbis</strong></span> <span class='ocrx_word' id='word_1_731' title='bbox 3567 3263 3700 3316; x_wconf 77' lang='lat' dir='ltr'><strong>meis</strong></span> 
     </span>
    </p>
   </div>
   <div class='ocr_carea' id='block_1_94' title="bbox 2130 3337 3699 3424">
    <p class='ocr_par' dir='ltr' id='par_1_94' title="bbox 2130 3337 3699 3424">
     <span class='ocr_line' id='line_1_94' title="bbox 2130 3337 3699 3424; baseline 0.013 -35"><span class='ocrx_word' id='word_1_732' title='bbox 2130 3337 2368 3392; x_wconf 87' lang='lat' dir='ltr'><strong>utilitatis</strong></span> <span class='ocrx_word' id='word_1_733' title='bbox 2386 3341 2658 3410; x_wconf 87' lang='lat' dir='ltr'><strong>percipere</strong></span> <span class='ocrx_word' id='word_1_734' title='bbox 2682 3342 2979 3397; x_wconf 89' lang='lat' dir='ltr'><strong>voluerint?</strong></span> <span class='ocrx_word' id='word_1_735' title='bbox 3007 3359 3255 3416; x_wconf 65' lang='lat' dir='ltr'><strong>Saepeque</strong></span> <span class='ocrx_word' id='word_1_736' title='bbox 3279 3350 3504 3419; x_wconf 82' lang='lat' dir='ltr'><strong>cogitavi</strong></span> <span class='ocrx_word' id='word_1_737' title='bbox 3529 3354 3699 3424; x_wconf 89' lang='lat' dir='ltr'><strong>legem</strong></span> 
     </span>
    </p>
   </div>
   <div class='ocr_carea' id='block_1_95' title="bbox 2126 3430 3696 3515">
    <p class='ocr_par' dir='ltr' id='par_1_95' title="bbox 2126 3430 3696 3515">
     <span class='ocr_line' id='line_1_95' title="bbox 2126 3430 3696 3515; baseline 0.011 -33"><span class='ocrx_word' id='word_1_738' title='bbox 2126 3430 2367 3498; x_wconf 90' lang='lat' dir='ltr'><strong>proferre</strong></span> <span class='ocrx_word' id='word_1_739' title='bbox 2392 3433 2608 3501; x_wconf 86' lang='lat' dir='ltr'><strong>plausus</strong></span> <span class='ocrx_word' id='word_1_740' title='bbox 2638 3433 3004 3501; x_wconf 85' lang='lat' dir='ltr'><strong>prohibentem</strong></span> <span class='ocrx_word' id='word_1_741' title='bbox 3027 3478 3042 3502; x_wconf 94' lang='lat'><strong>,</strong></span> <span class='ocrx_word' id='word_1_742' title='bbox 3076 3448 3130 3490; x_wconf 89' lang='lat' dir='ltr'><strong>et</strong></span> <span class='ocrx_word' id='word_1_743' title='bbox 3159 3442 3480 3507; x_wconf 78' lang='lat' dir='ltr'><strong>persuadere</strong></span> <span class='ocrx_word' id='word_1_744' title='bbox 3506 3446 3656 3500; x_wconf 80' lang='lat' dir='ltr'><strong>Vobis</strong></span> <span class='ocrx_word' id='word_1_745' title='bbox 3678 3486 3696 3515; x_wconf 88' lang='lat'><strong>,</strong></span> 
     </span>
    </p>
   </div>
   <div class='ocr_carea' id='block_1_96' title="bbox 2132 3525 3696 3593">
    <p class='ocr_par' dir='ltr' id='par_1_96' title="bbox 2132 3525 3696 3593">
     <span class='ocr_line' id='line_1_96' title="bbox 2132 3525 3696 3593; baseline 0.012 -19"><span class='ocrx_word' id='word_1_746' title='bbox 2132 3531 2188 3575; x_wconf 94' lang='lat' dir='ltr'><strong>ut</strong></span> <span class='ocrx_word' id='word_1_747' title='bbox 2215 3539 2336 3577; x_wconf 90' lang='lat' dir='ltr'><strong>cum</strong></span> <span class='ocrx_word' id='word_1_748' title='bbox 2368 3525 2579 3579; x_wconf 83' lang='lat' dir='ltr'><strong>silentio</strong></span> <span class='ocrx_word' id='word_1_749' title='bbox 2626 3526 2854 3581; x_wconf 85' lang='lat' dir='ltr'><strong>audiatis</strong></span> <span class='ocrx_word' id='word_1_750' title='bbox 2902 3537 2956 3581; x_wconf 87' lang='lat' dir='ltr'><strong>et</strong></span> <span class='ocrx_word' id='word_1_751' title='bbox 3001 3543 3122 3582; x_wconf 90' lang='lat' dir='ltr'><strong>cum</strong></span> <span class='ocrx_word' id='word_1_752' title='bbox 3164 3531 3372 3586; x_wconf 70' lang='lat' dir='ltr'><strong>di-ccuti</strong></span> <span class='ocrx_word' id='word_1_753' title='bbox 3418 3539 3696 3593; x_wconf 86' lang='lat' dir='ltr'><strong>modestia.</strong></span> 
     </span>
    </p>
   </div>
   <div class='ocr_carea' id='block_1_97' title="bbox 2126 3614 3698 3696">
    <p class='ocr_par' dir='ltr' id='par_1_97' title="bbox 2126 3614 3698 3696">
     <span class='ocr_line' id='line_1_97' title="bbox 2126 3614 3698 3696; baseline 0.01 -29"><span class='ocrx_word' id='word_1_754' title='bbox 2126 3614 2232 3668; x_wconf 83' lang='lat' dir='ltr'><strong>Sed</strong></span> <span class='ocrx_word' id='word_1_755' title='bbox 2271 3614 2533 3670; x_wconf 87' lang='lat' dir='ltr'><strong>sustinete</strong></span> <span class='ocrx_word' id='word_1_756' title='bbox 2557 3655 2572 3681; x_wconf 92' lang='lat'><strong>,</strong></span> <span class='ocrx_word' id='word_1_757' title='bbox 2603 3632 2783 3687; x_wconf 68' lang='lat' dir='ltr'><strong>quieso</strong></span> <span class='ocrx_word' id='word_1_758' title='bbox 2804 3660 2818 3683; x_wconf 87' lang='lat'><strong>,</strong></span> <span class='ocrx_word' id='word_1_759' title='bbox 2849 3627 2903 3673; x_wconf 90' lang='lat' dir='ltr'><strong>et</strong></span> <span class='ocrx_word' id='word_1_760' title='bbox 2924 3620 3128 3675; x_wconf 81' lang='lat' dir='ltr'><strong>credite</strong></span> <span class='ocrx_word' id='word_1_761' title='bbox 3153 3620 3316 3686; x_wconf 90' lang='lat' dir='ltr'><strong>mihi;</strong></span> <span class='ocrx_word' id='word_1_762' title='bbox 3358 3639 3451 3690; x_wconf 90' lang='lat' dir='ltr'><strong>ac,</strong></span> <span class='ocrx_word' id='word_1_763' title='bbox 3492 3628 3536 3680; x_wconf 91' lang='lat' dir='ltr'><strong>si</strong></span> <span class='ocrx_word' id='word_1_764' title='bbox 3579 3628 3698 3696; x_wconf 86' lang='lat' dir='ltr'><strong>pla-</strong></span> 
     </span>
    </p>
   </div>
   <div class='ocr_carea' id='block_1_98' title="bbox 2124 3705 3699 3779">
    <p class='ocr_par' dir='ltr' id='par_1_98' title="bbox 2124 3705 3699 3779">
     <span class='ocr_line' id='line_1_98' title="bbox 2124 3705 3699 3779; baseline 0.009 -19"><span class='ocrx_word' id='word_1_765' title='bbox 2124 3717 2244 3772; x_wconf 91' lang='lat' dir='ltr'><strong>cet,</strong></span> <span class='ocrx_word' id='word_1_766' title='bbox 2276 3706 2415 3762; x_wconf 85' lang='lat' dir='ltr'><strong>hanc</strong></span> <span class='ocrx_word' id='word_1_767' title='bbox 2442 3705 2717 3763; x_wconf 84' lang='lat' dir='ltr'><strong>firmemus</strong></span> <span class='ocrx_word' id='word_1_768' title='bbox 2745 3709 2914 3779; x_wconf 89' lang='lat' dir='ltr'><strong>legem</strong></span> <span class='ocrx_word' id='word_1_769' title='bbox 2947 3728 2961 3766; x_wconf 88' lang='lat'><strong>:</strong></span> <span class='ocrx_word' id='word_1_770' title='bbox 2989 3727 3058 3766; x_wconf 89' lang='lat' dir='ltr'><strong>ne</strong></span> <span class='ocrx_word' id='word_1_771' title='bbox 3083 3711 3170 3767; x_wconf 88' lang='lat' dir='ltr'><strong>cui</strong></span> <span class='ocrx_word' id='word_1_772' title='bbox 3192 3713 3493 3771; x_wconf 89' lang='lat' dir='ltr'><strong>auditorum</strong></span> <span class='ocrx_word' id='word_1_773' title='bbox 3538 3718 3699 3775; x_wconf 85' lang='lat' dir='ltr'><strong>liceat</strong></span> 
     </span>
    </p>
   </div>
   <div class='ocr_carea' id='block_1_99' title="bbox 2124 3799 3698 3872">
    <p class='ocr_par' dir='ltr' id='par_1_99' title="bbox 2124 3799 3698 3872">
     <span class='ocr_line' id='line_1_99' title="bbox 2124 3799 3698 3872; baseline 0.008 -19"><span class='ocrx_word' id='word_1_774' title='bbox 2124 3799 2429 3870; x_wconf 76' lang='lat' dir='ltr'><strong>loquentem</strong></span> <span class='ocrx_word' id='word_1_775' title='bbox 2476 3802 2744 3869; x_wconf 89' lang='lat' dir='ltr'><strong>plausibus</strong></span> <span class='ocrx_word' id='word_1_776' title='bbox 2788 3802 3163 3872; x_wconf 87' lang='lat' dir='ltr'><strong>interpellare;</strong></span> <span class='ocrx_word' id='word_1_777' title='bbox 3213 3805 3309 3860; x_wconf 89' lang='lat' dir='ltr'><strong>sed</strong></span> <span class='ocrx_word' id='word_1_778' title='bbox 3352 3807 3397 3862; x_wconf 86' lang='lat' dir='ltr'><strong>si</strong></span> <span class='ocrx_word' id='word_1_779' title='bbox 3444 3808 3698 3865; x_wconf 85' lang='lat' dir='ltr'><strong>admirari</strong></span> 
     </span>
    </p>
   </div>
   <div class='ocr_carea' id='block_1_100' title="bbox 2123 3892 3698 3967">
    <p class='ocr_par' dir='ltr' id='par_1_100' title="bbox 2123 3892 3698 3967">
     <span class='ocr_line' id='line_1_100' title="bbox 2123 3892 3698 3967; baseline 0.01 -24"><span class='ocrx_word' id='word_1_780' title='bbox 2123 3892 2374 3955; x_wconf 87' lang='lat' dir='ltr'><strong>voluerit,</strong></span> <span class='ocrx_word' id='word_1_781' title='bbox 2406 3892 2572 3947; x_wconf 90' lang='lat' dir='ltr'><strong>silens</strong></span> <span class='ocrx_word' id='word_1_782' title='bbox 2596 3893 2890 3949; x_wconf 88' lang='lat' dir='ltr'><strong>admiretur</strong></span> <span class='ocrx_word' id='word_1_783' title='bbox 2921 3912 2936 3951; x_wconf 91' lang='lat'><strong>:</strong></span> <span class='ocrx_word' id='word_1_784' title='bbox 2966 3911 3125 3950; x_wconf 87' lang='lat' dir='ltr'><strong>nemo</strong></span> <span class='ocrx_word' id='word_1_785' title='bbox 3154 3899 3492 3967; x_wconf 86' lang='lat' dir='ltr'><strong>prohibebit:</strong></span> <span class='ocrx_word' id='word_1_786' title='bbox 3525 3904 3698 3959; x_wconf 87' lang='lat' dir='ltr'><strong>omnis</strong></span> 
     </span>
    </p>
   </div>
   <div class='ocr_carea' id='block_1_101' title="bbox 2122 3984 3698 4061">
    <p class='ocr_par' dir='ltr' id='par_1_101' title="bbox 2122 3984 3698 4061">
     <span class='ocr_line' id='line_1_101' title="bbox 2122 3984 3698 4061; baseline 0.01 -26"><span class='ocrx_word' id='word_1_787' title='bbox 2122 3997 2248 4054; x_wconf 64' lang='lat' dir='ltr'><strong>cura</strong></span> <span class='ocrx_word' id='word_1_788' title='bbox 2271 4022 2288 4049; x_wconf 92' lang='lat'><strong>,</strong></span> <span class='ocrx_word' id='word_1_789' title='bbox 2317 3998 2477 4038; x_wconf 87' lang='lat' dir='ltr'><strong>omne</strong></span> <span class='ocrx_word' id='word_1_790' title='bbox 2500 3984 2735 4040; x_wconf 85' lang='lat' dir='ltr'><strong>studium</strong></span> <span class='ocrx_word' id='word_1_791' title='bbox 2761 3987 2830 4041; x_wconf 89' lang='lat' dir='ltr'><strong>sit</strong></span> <span class='ocrx_word' id='word_1_792' title='bbox 2849 4025 2865 4051; x_wconf 90' lang='lat'><strong>,</strong></span> <span class='ocrx_word' id='word_1_793' title='bbox 2892 3996 2951 4042; x_wconf 93' lang='lat' dir='ltr'><strong>ut</strong></span> <span class='ocrx_word' id='word_1_794' title='bbox 2973 3988 3112 4043; x_wconf 86' lang='lat' dir='ltr'><strong>dicta</strong></span> <span class='ocrx_word' id='word_1_795' title='bbox 3138 3990 3488 4059; x_wconf 88' lang='lat' dir='ltr'><strong>excipiantur.</strong></span> <span class='ocrx_word' id='word_1_796' title='bbox 3519 3992 3698 4061; x_wconf 87' lang='lat' dir='ltr'><strong>Quare</strong></span> 
     </span>
    </p>
   </div>
   <div class='ocr_carea' id='block_1_102' title="bbox 2121 4076 3698 4150">
    <p class='ocr_par' dir='ltr' id='par_1_102' title="bbox 2121 4076 3698 4150">
     <span class='ocr_line' id='line_1_102' title="bbox 2121 4076 3698 4150; baseline 0.008 -22"><span class='ocrx_word' id='word_1_797' title='bbox 2121 4076 2501 4145; x_wconf 84' lang='lat' dir='ltr'><strong>applausistis?</strong></span> <span class='ocrx_word' id='word_1_798' title='bbox 2526 4077 2638 4133; x_wconf 81' lang='lat' dir='ltr'><strong>Hac</strong></span> <span class='ocrx_word' id='word_1_799' title='bbox 2678 4078 2745 4133; x_wconf 88' lang='lat' dir='ltr'><strong>de</strong></span> <span class='ocrx_word' id='word_1_800' title='bbox 2789 4095 2849 4134; x_wconf 87' lang='lat' dir='ltr'><strong>re</strong></span> <span class='ocrx_word' id='word_1_801' title='bbox 2892 4079 3062 4150; x_wconf 87' lang='lat' dir='ltr'><strong>legem</strong></span> <span class='ocrx_word' id='word_1_802' title='bbox 3091 4097 3231 4150; x_wconf 90' lang='lat' dir='ltr'><strong>pono</strong></span> <span class='ocrx_word' id='word_1_803' title='bbox 3267 4099 3279 4135; x_wconf 89' lang='lat'><strong>:</strong></span> <span class='ocrx_word' id='word_1_804' title='bbox 3309 4097 3404 4136; x_wconf 91' lang='lat' dir='ltr'><strong>vos</strong></span> <span class='ocrx_word' id='word_1_805' title='bbox 3453 4099 3581 4140; x_wconf 88' lang='lat' dir='ltr'><strong>vero</strong></span> <span class='ocrx_word' id='word_1_806' title='bbox 3629 4100 3698 4141; x_wconf 91' lang='lat' dir='ltr'><strong>ne</strong></span> 
     </span>
    </p>
   </div>
   <div class='ocr_carea' id='block_1_103' title="bbox 2122 4168 3698 4236">
    <p class='ocr_par' dir='ltr' id='par_1_103' title="bbox 2122 4168 3698 4236">
     <span class='ocr_line' id='line_1_103' title="bbox 2122 4168 3698 4236; baseline 0.007 -17"><span class='ocrx_word' id='word_1_807' title='bbox 2122 4168 2307 4222; x_wconf 88' lang='lat' dir='ltr'><strong>audire</strong></span> <span class='ocrx_word' id='word_1_808' title='bbox 2335 4170 2551 4236; x_wconf 87' lang='lat' dir='ltr'><strong>quidem</strong></span> <span class='ocrx_word' id='word_1_809' title='bbox 2590 4170 2887 4224; x_wconf 87' lang='lat' dir='ltr'><strong>sustinetis.</strong></span> <span class='ocrx_word' id='word_1_810' title='bbox 2918 4170 2973 4224; x_wconf 89' lang='lat' dir='ltr'><strong>ld</strong></span> <span class='ocrx_word' id='word_1_811' title='bbox 3001 4171 3288 4225; x_wconf 91' lang='lat' dir='ltr'><strong>multorum</strong></span> <span class='ocrx_word' id='word_1_812' title='bbox 3328 4188 3489 4227; x_wconf 88' lang='lat' dir='ltr'><strong>causa</strong></span> <span class='ocrx_word' id='word_1_813' title='bbox 3526 4175 3698 4231; x_wconf 86' lang='lat' dir='ltr'><strong>bono-</strong></span> 
     </span>
    </p>
   </div>
   <div class='ocr_carea' id='block_1_104' title="bbox 2122 4258 3698 4334">
    <p class='ocr_par' dir='ltr' id='par_1_104' title="bbox 2122 4258 3698 4334">
     <span class='ocr_line' id='line_1_104' title="bbox 2122 4258 3698 4334; baseline 0.002 -22"><span class='ocrx_word' id='word_1_814' title='bbox 2122 4273 2241 4312; x_wconf 84' lang='lat' dir='ltr'><strong>rum</strong></span> <span class='ocrx_word' id='word_1_815' title='bbox 2267 4258 2404 4324; x_wconf 88' lang='lat' dir='ltr'><strong>erit,</strong></span> <span class='ocrx_word' id='word_1_816' title='bbox 2434 4259 2888 4329; x_wconf 70' lang='lat' dir='ltr'><strong>philOSOpbiteque</strong></span> <span class='ocrx_word' id='word_1_817' title='bbox 2911 4260 3212 4329; x_wconf 84' lang='lat' dir='ltr'><strong>disciplina.</strong></span> <span class='ocrx_word' id='word_1_818' title='bbox 3266 4263 3481 4317; x_wconf 78' lang='lat' dir='ltr'><strong>Exterui</strong></span> <span class='ocrx_word' id='word_1_819' title='bbox 3526 4266 3698 4334; x_wconf 88' lang='lat' dir='ltr'><strong>philo-</strong></span> 
     </span>
    </p>
   </div>
   <div class='ocr_carea' id='block_1_105' title="bbox 2121 4348 3699 4423">
    <p class='ocr_par' dir='ltr' id='par_1_105' title="bbox 2121 4348 3699 4423">
     <span class='ocr_line' id='line_1_105' title="bbox 2121 4348 3699 4423; baseline 0.008 -22"><span class='ocrx_word' id='word_1_820' title='bbox 2121 4348 2276 4416; x_wconf 86' lang='lat' dir='ltr'><strong>sophi</strong></span> <span class='ocrx_word' id='word_1_821' title='bbox 2314 4349 2681 4414; x_wconf 88' lang='lat' dir='ltr'><strong>disserebant,</strong></span> <span class='ocrx_word' id='word_1_822' title='bbox 2729 4352 2941 4405; x_wconf 90' lang='lat' dir='ltr'><strong>nemine</strong></span> <span class='ocrx_word' id='word_1_823' title='bbox 2980 4366 3229 4420; x_wconf 88' lang='lat' dir='ltr'><strong>umquam</strong></span> <span class='ocrx_word' id='word_1_824' title='bbox 3280 4355 3599 4423; x_wconf 73' lang='lat' dir='ltr'><strong>plaudente;</strong></span> <span class='ocrx_word' id='word_1_825' title='bbox 3641 4369 3699 4414; x_wconf 86' lang='lat' dir='ltr'><strong>et</strong></span> 
     </span>
    </p>
   </div>
   <div class='ocr_carea' id='block_1_106' title="bbox 2122 4441 3697 4520">
    <p class='ocr_par' dir='ltr' id='par_1_106' title="bbox 2122 4441 3697 4520">
     <span class='ocr_line' id='line_1_106' title="bbox 2122 4441 3697 4520; baseline 0.006 -27"><span class='ocrx_word' id='word_1_826' title='bbox 2122 4441 2347 4508; x_wconf 86' lang='lat' dir='ltr'><strong>apostoli</strong></span> <span class='ocrx_word' id='word_1_827' title='bbox 2377 4441 2849 4507; x_wconf 84' lang='lat' dir='ltr'><strong>coucionabantur,</strong></span> <span class='ocrx_word' id='word_1_828' title='bbox 2880 4456 3055 4512; x_wconf 88' lang='lat' dir='ltr'><strong>neque</strong></span> <span class='ocrx_word' id='word_1_829' title='bbox 3077 4444 3283 4513; x_wconf 87' lang='lat' dir='ltr'><strong>uspiam</strong></span> <span class='ocrx_word' id='word_1_830' title='bbox 3310 4444 3521 4515; x_wconf 81' lang='lat' dir='ltr'><strong>legitur,</strong></span> <span class='ocrx_word' id='word_1_831' title='bbox 3553 4451 3697 4520; x_wconf 82' lang='lat' dir='ltr'><strong>ipsos</strong></span> 
     </span>
    </p>
   </div>
   <div class='ocr_carea' id='block_1_107' title="bbox 2124 4534 3692 4609">
    <p class='ocr_par' dir='ltr' id='par_1_107' title="bbox 2124 4534 3692 4609">
     <span class='ocr_line' id='line_1_107' title="bbox 2124 4534 3692 4609; baseline 0.006 -20"><span class='ocrx_word' id='word_1_832' title='bbox 2124 4535 2406 4605; x_wconf 89' lang='lat' dir='ltr'><strong>loquentes</strong></span> <span class='ocrx_word' id='word_1_833' title='bbox 2433 4535 2502 4589; x_wconf 91' lang='lat' dir='ltr'><strong>ab</strong></span> <span class='ocrx_word' id='word_1_834' title='bbox 2529 4534 2867 4591; x_wconf 88' lang='lat' dir='ltr'><strong>auditoribus</strong></span> <span class='ocrx_word' id='word_1_835' title='bbox 2893 4535 3058 4609; x_wconf 70' lang='lat' dir='ltr'><strong>fuisse</strong></span> <span class='ocrx_word' id='word_1_836' title='bbox 3085 4535 3272 4607; x_wconf 86' lang='lat' dir='ltr'><strong>plausu</strong></span> <span class='ocrx_word' id='word_1_837' title='bbox 3310 4540 3692 4609; x_wconf 84' lang='lat' dir='ltr'><strong>interpellatos.</strong></span> 
     </span>
    </p>
   </div>
   <div class='ocr_carea' id='block_1_108' title="bbox 2118 4627 3691 4698">
    <p class='ocr_par' dir='ltr' id='par_1_108' title="bbox 2118 4627 3691 4698">
     <span class='ocr_line' id='line_1_108' title="bbox 2118 4627 3691 4698; baseline 0.004 -16"><span class='ocrx_word' id='word_1_838' title='bbox 2118 4628 2361 4698; x_wconf 77' lang='lat' dir='ltr'><strong>Magnum</strong></span> <span class='ocrx_word' id='word_1_839' title='bbox 2388 4628 2487 4681; x_wconf 88' lang='lat' dir='ltr'><strong>hoc</strong></span> <span class='ocrx_word' id='word_1_840' title='bbox 2512 4627 2666 4682; x_wconf 88' lang='lat' dir='ltr'><strong>nobis</strong></span> <span class='ocrx_word' id='word_1_841' title='bbox 2684 4627 2888 4682; x_wconf 91' lang='lat' dir='ltr'><strong>lucrum</strong></span> <span class='ocrx_word' id='word_1_842' title='bbox 2908 4629 3029 4682; x_wconf 92' lang='lat' dir='ltr'><strong>erit.</strong></span> <span class='ocrx_word' id='word_1_843' title='bbox 3049 4627 3155 4683; x_wconf 86' lang='lat' dir='ltr'><strong>Sed</strong></span> <span class='ocrx_word' id='word_1_844' title='bbox 3174 4629 3509 4685; x_wconf 83' lang='lat' dir='ltr'><strong>stabilianius</strong></span> <span class='ocrx_word' id='word_1_845' title='bbox 3526 4632 3655 4688; x_wconf 89' lang='lat' dir='ltr'><strong>illud</strong></span> <span class='ocrx_word' id='word_1_846' title='bbox 3675 4650 3691 4688; x_wconf 87' lang='lat'><strong>:</strong></span> 
     </span>
    </p>
   </div>
   <div class='ocr_carea' id='block_1_109' title="bbox 2119 4718 3690 4790">
    <p class='ocr_par' dir='ltr' id='par_1_109' title="bbox 2119 4718 3690 4790">
     <span class='ocr_line' id='line_1_109' title="bbox 2119 4718 3690 4790; baseline 0.001 -15"><span class='ocrx_word' id='word_1_847' title='bbox 2119 4735 2239 4775; x_wconf 90' lang='lat' dir='ltr'><strong>cum</strong></span> <span class='ocrx_word' id='word_1_848' title='bbox 2269 4720 2483 4774; x_wconf 88' lang='lat' dir='ltr'><strong>silentio</strong></span> <span class='ocrx_word' id='word_1_849' title='bbox 2511 4733 2698 4775; x_wconf 92' lang='lat' dir='ltr'><strong>omnes</strong></span> <span class='ocrx_word' id='word_1_850' title='bbox 2740 4718 3050 4785; x_wconf 88' lang='lat' dir='ltr'><strong>audiamus,</strong></span> <span class='ocrx_word' id='word_1_851' title='bbox 3100 4720 3385 4790; x_wconf 91' lang='lat' dir='ltr'><strong>omniaque</strong></span> <span class='ocrx_word' id='word_1_852' title='bbox 3427 4723 3690 4780; x_wconf 86' lang='lat' dir='ltr'><strong>dicamus.</strong></span> 
     </span>
    </p>
   </div>
   <div class='ocr_carea' id='block_1_110' title="bbox 2121 4811 3695 4884">
    <p class='ocr_par' dir='ltr' id='par_1_110' title="bbox 2121 4811 3695 4884">
     <span class='ocr_line' id='line_1_110' title="bbox 2121 4811 3695 4884; baseline 0.001 -18"><span class='ocrx_word' id='word_1_853' title='bbox 2121 4811 2341 4866; x_wconf 89' lang='lat' dir='ltr'><strong>Etiamsi</strong></span> <span class='ocrx_word' id='word_1_854' title='bbox 2370 4823 2489 4881; x_wconf 90' lang='lat' dir='ltr'><strong>post</strong></span> <span class='ocrx_word' id='word_1_855' title='bbox 2517 4815 2759 4880; x_wconf 89' lang='lat' dir='ltr'><strong>plausum</strong></span> <span class='ocrx_word' id='word_1_856' title='bbox 2784 4812 3216 4878; x_wconf 88' lang='lat' dir='ltr'><strong>discederemus,</strong></span> <span class='ocrx_word' id='word_1_857' title='bbox 3248 4830 3368 4884; x_wconf 76' lang='lat' dir='ltr'><strong>qua:</strong></span> <span class='ocrx_word' id='word_1_858' title='bbox 3395 4815 3695 4869; x_wconf 72' lang='lat' dir='ltr'><strong>audiiimus</strong></span> 
     </span>
    </p>
   </div>
   <div class='ocr_carea' id='block_1_111' title="bbox 2120 4904 3693 4978">
    <p class='ocr_par' dir='ltr' id='par_1_111' title="bbox 2120 4904 3693 4978">
     <span class='ocr_line' id='line_1_111' title="bbox 2120 4904 3693 4978; baseline 0.004 -21"><span class='ocrx_word' id='word_1_859' title='bbox 2120 4904 2410 4959; x_wconf 84' lang='lat' dir='ltr'><strong>retinentes</strong></span> <span class='ocrx_word' id='word_1_860' title='bbox 2438 4945 2453 4969; x_wconf 89' lang='lat'><strong>,</strong></span> <span class='ocrx_word' id='word_1_861' title='bbox 2491 4920 2662 4972; x_wconf 91' lang='lat' dir='ltr'><strong>neque</strong></span> <span class='ocrx_word' id='word_1_862' title='bbox 2692 4906 2779 4959; x_wconf 83' lang='lat' dir='ltr'><strong>sic</strong></span> <span class='ocrx_word' id='word_1_863' title='bbox 2798 4906 2958 4959; x_wconf 88' lang='lat' dir='ltr'><strong>etiam</strong></span> <span class='ocrx_word' id='word_1_864' title='bbox 2989 4906 3133 4960; x_wconf 90' lang='lat' dir='ltr'><strong>utilis</strong></span> <span class='ocrx_word' id='word_1_865' title='bbox 3158 4904 3278 4962; x_wconf 82' lang='lat' dir='ltr'><strong>laus</strong></span> <span class='ocrx_word' id='word_1_866' title='bbox 3301 4919 3443 4962; x_wconf 89' lang='lat' dir='ltr'><strong>esset</strong></span> <span class='ocrx_word' id='word_1_867' title='bbox 3474 4907 3693 4978; x_wconf 87' lang='lat' dir='ltr'><strong>(verum</strong></span> 
     </span>
    </p>
   </div>
   <div class='ocr_carea' id='block_1_112' title="bbox 2120 4994 3693 5065">
    <p class='ocr_par' dir='ltr' id='par_1_112' title="bbox 2120 4994 3693 5065">
     <span class='ocr_line' id='line_1_112' title="bbox 2120 4994 3693 5065; baseline 0.005 -19"><span class='ocrx_word' id='word_1_868' title='bbox 2120 5009 2225 5047; x_wconf 90' lang='lat' dir='ltr'><strong>non</strong></span> <span class='ocrx_word' id='word_1_869' title='bbox 2278 4995 2500 5048; x_wconf 88' lang='lat' dir='ltr'><strong>ulterius</strong></span> <span class='ocrx_word' id='word_1_870' title='bbox 2547 4994 2896 5065; x_wconf 89' lang='lat' dir='ltr'><strong>disquirerem</strong></span> <span class='ocrx_word' id='word_1_871' title='bbox 2932 5014 2946 5050; x_wconf 88' lang='lat'><strong>:</strong></span> <span class='ocrx_word' id='word_1_872' title='bbox 2980 5012 3047 5051; x_wconf 92' lang='lat' dir='ltr'><strong>ne</strong></span> <span class='ocrx_word' id='word_1_873' title='bbox 3092 4998 3212 5065; x_wconf 90' lang='lat' dir='ltr'><strong>quis</strong></span> <span class='ocrx_word' id='word_1_874' title='bbox 3253 5012 3339 5054; x_wconf 89' lang='lat' dir='ltr'><strong>me</strong></span> <span class='ocrx_word' id='word_1_875' title='bbox 3385 5000 3693 5055; x_wconf 85' lang='lat' dir='ltr'><strong>rusticitatis</strong></span> 
     </span>
    </p>
   </div>
   <div class='ocr_carea' id='block_1_113' title="bbox 2118 5086 3696 5162">
    <p class='ocr_par' dir='ltr' id='par_1_113' title="bbox 2118 5086 3696 5162">
     <span class='ocr_line' id='line_1_113' title="bbox 2118 5086 3696 5162; baseline 0.005 -23"><span class='ocrx_word' id='word_1_876' title='bbox 2118 5086 2362 5156; x_wconf 87' lang='lat' dir='ltr'><strong>accuset)</strong></span> <span class='ocrx_word' id='word_1_877' title='bbox 2404 5104 2418 5139; x_wconf 90' lang='lat'><strong>:</strong></span> <span class='ocrx_word' id='word_1_878' title='bbox 2465 5087 2587 5156; x_wconf 89' lang='lat' dir='ltr'><strong>quia</strong></span> <span class='ocrx_word' id='word_1_879' title='bbox 2639 5102 2767 5141; x_wconf 88' lang='lat' dir='ltr'><strong>vero</strong></span> <span class='ocrx_word' id='word_1_880' title='bbox 2813 5088 2942 5142; x_wconf 91' lang='lat' dir='ltr'><strong>nihil</strong></span> <span class='ocrx_word' id='word_1_881' title='bbox 2982 5087 3110 5144; x_wconf 85' lang='lat' dir='ltr'><strong>hinc</strong></span> <span class='ocrx_word' id='word_1_882' title='bbox 3148 5089 3318 5155; x_wconf 90' lang='lat' dir='ltr'><strong>lucri,</strong></span> <span class='ocrx_word' id='word_1_883' title='bbox 3371 5091 3477 5144; x_wconf 89' lang='lat' dir='ltr'><strong>imo</strong></span> <span class='ocrx_word' id='word_1_884' title='bbox 3520 5095 3696 5162; x_wconf 87' lang='lat' dir='ltr'><strong>potius</strong></span> 
     </span>
    </p>
   </div>
   <div class='ocr_carea' id='block_1_114' title="bbox 2118 5177 3696 5247">
    <p class='ocr_par' dir='ltr' id='par_1_114' title="bbox 2118 5177 3696 5247">
     <span class='ocr_line' id='line_1_114' title="bbox 2118 5177 3696 5247; baseline 0.005 -15"><span class='ocrx_word' id='word_1_885' title='bbox 2118 5178 2411 5244; x_wconf 83' lang='lat' dir='ltr'><strong>damnum,</strong></span> <span class='ocrx_word' id='word_1_886' title='bbox 2461 5177 2735 5232; x_wconf 89' lang='lat' dir='ltr'><strong>solvamus</strong></span> <span class='ocrx_word' id='word_1_887' title='bbox 2766 5178 3202 5247; x_wconf 87' lang='lat' dir='ltr'><strong>impedimentum</strong></span> <span class='ocrx_word' id='word_1_888' title='bbox 3227 5220 3245 5245; x_wconf 86' lang='lat'><strong>,</strong></span> <span class='ocrx_word' id='word_1_889' title='bbox 3286 5183 3482 5238; x_wconf 70' lang='lat' dir='ltr'><strong>animae</strong></span> <span class='ocrx_word' id='word_1_890' title='bbox 3526 5185 3696 5240; x_wconf 79' lang='lat' dir='ltr'><strong>saltus</strong></span> 
     </span>
    </p>
   </div>
   <div class='ocr_carea' id='block_1_115' title="bbox 2120 5267 3694 5340">
    <p class='ocr_par' dir='ltr' id='par_1_115' title="bbox 2120 5267 3694 5340">
     <span class='ocr_line' id='line_1_115' title="bbox 2120 5267 3694 5340; baseline 0.006 -17"><span class='ocrx_word' id='word_1_891' title='bbox 2120 5270 2240 5324; x_wconf 81' lang='lat' dir='ltr'><strong>illos</strong></span> <span class='ocrx_word' id='word_1_892' title='bbox 2284 5267 2538 5324; x_wconf 80' lang='lat' dir='ltr'><strong>tollamus</strong></span> <span class='ocrx_word' id='word_1_893' title='bbox 2576 5269 3074 5340; x_wconf 87' lang='lat' dir='ltr'><strong>exscindaniusque.</strong></span> <span class='ocrx_word' id='word_1_894' title='bbox 3116 5270 3360 5326; x_wconf 85' lang='lat' dir='ltr'><strong>Christus</strong></span> <span class='ocrx_word' id='word_1_895' title='bbox 3405 5274 3457 5326; x_wconf 92' lang='lat' dir='ltr'><strong>in</strong></span> <span class='ocrx_word' id='word_1_896' title='bbox 3512 5286 3694 5332; x_wconf 82' lang='lat' dir='ltr'><strong>monte</strong></span> 
     </span>
    </p>
   </div>
   <div class='ocr_carea' id='block_1_116' title="bbox 2118 5359 3695 5430">
    <p class='ocr_par' dir='ltr' id='par_1_116' title="bbox 2118 5359 3695 5430">
     <span class='ocr_line' id='line_1_116' title="bbox 2118 5359 3695 5430; baseline 0.001 -15"><span class='ocrx_word' id='word_1_897' title='bbox 2118 5360 2463 5415; x_wconf 75' lang='lat' dir='ltr'><strong>concinnatus</strong></span> <span class='ocrx_word' id='word_1_898' title='bbox 2487 5368 2595 5425; x_wconf 87' lang='lat' dir='ltr'><strong>est;</strong></span> <span class='ocrx_word' id='word_1_899' title='bbox 2623 5370 2678 5414; x_wconf 86' lang='lat' dir='ltr'><strong>et</strong></span> <span class='ocrx_word' id='word_1_900' title='bbox 2708 5376 2865 5415; x_wconf 91' lang='lat' dir='ltr'><strong>nemo</strong></span> <span class='ocrx_word' id='word_1_901' title='bbox 2893 5359 3165 5430; x_wconf 88' lang='lat' dir='ltr'><strong>quidpiam</strong></span> <span class='ocrx_word' id='word_1_902' title='bbox 3205 5361 3373 5424; x_wconf 89' lang='lat' dir='ltr'><strong>dixit,</strong></span> <span class='ocrx_word' id='word_1_903' title='bbox 3413 5362 3587 5418; x_wconf 90' lang='lat' dir='ltr'><strong>donec</strong></span> <span class='ocrx_word' id='word_1_904' title='bbox 3631 5370 3695 5419; x_wconf 86' lang='lat' dir='ltr'><strong>Ii-</strong></span> 
     </span>
    </p>
   </div>
   <div class='ocr_carea' id='block_1_117' title="bbox 2119 5449 3693 5523">
    <p class='ocr_par' dir='ltr' id='par_1_117' title="bbox 2119 5449 3693 5523">
     <span class='ocr_line' id='line_1_117' title="bbox 2119 5449 3693 5523; baseline 0.003 -16"><span class='ocrx_word' id='word_1_905' title='bbox 2119 5468 2242 5507; x_wconf 86' lang='lat' dir='ltr'><strong>ncm</strong></span> <span class='ocrx_word' id='word_1_906' title='bbox 2269 5451 2478 5505; x_wconf 81' lang='lat' dir='ltr'><strong>dicendi</strong></span> <span class='ocrx_word' id='word_1_907' title='bbox 2499 5450 2647 5505; x_wconf 71' lang='lat' dir='ltr'><strong>fecit.</strong></span> <span class='ocrx_word' id='word_1_908' title='bbox 2676 5450 2815 5505; x_wconf 89' lang='lat' dir='ltr'><strong>Nihil</strong></span> <span class='ocrx_word' id='word_1_909' title='bbox 2846 5451 3028 5505; x_wconf 86' lang='lat' dir='ltr'><strong>damni</strong></span> <span class='ocrx_word' id='word_1_910' title='bbox 3069 5449 3207 5506; x_wconf 76' lang='lat' dir='ltr'><strong>facio</strong></span> <span class='ocrx_word' id='word_1_911' title='bbox 3242 5451 3337 5517; x_wconf 87' lang='lat' dir='ltr'><strong>iis,</strong></span> <span class='ocrx_word' id='word_1_912' title='bbox 3378 5454 3468 5522; x_wconf 88' lang='lat' dir='ltr'><strong>qui</strong></span> <span class='ocrx_word' id='word_1_913' title='bbox 3515 5456 3693 5523; x_wconf 85' lang='lat' dir='ltr'><strong>plaudi</strong></span> 
     </span>
    </p>
   </div>
   <div class='ocr_carea' id='block_1_118' title="bbox 2118 5542 3691 5611">
    <p class='ocr_par' dir='ltr' id='par_1_118' title="bbox 2118 5542 3691 5611">
     <span class='ocr_line' id='line_1_118' title="bbox 2118 5542 3691 5611; baseline 0 -11"><span class='ocrx_word' id='word_1_914' title='bbox 2118 5544 2464 5609; x_wconf 86' lang='lat' dir='ltr'><strong>desiderant;</strong></span> <span class='ocrx_word' id='word_1_915' title='bbox 2506 5543 2614 5599; x_wconf 88' lang='lat' dir='ltr'><strong>imo</strong></span> <span class='ocrx_word' id='word_1_916' title='bbox 2659 5543 2713 5597; x_wconf 91' lang='lat' dir='ltr'><strong>id</strong></span> <span class='ocrx_word' id='word_1_917' title='bbox 2753 5542 2970 5609; x_wconf 88' lang='lat' dir='ltr'><strong>efficio,</strong></span> <span class='ocrx_word' id='word_1_918' title='bbox 3020 5551 3080 5596; x_wconf 92' lang='lat' dir='ltr'><strong>ut</strong></span> <span class='ocrx_word' id='word_1_919' title='bbox 3124 5542 3294 5611; x_wconf 81' lang='lat' dir='ltr'><strong>magis</strong></span> <span class='ocrx_word' id='word_1_920' title='bbox 3340 5543 3691 5602; x_wconf 82' lang='lat' dir='ltr'><strong>admirentur.</strong></span> 
     </span>
    </p>
   </div>
   <div class='ocr_carea' id='block_1_119' title="bbox 2118 5632 3694 5703">
    <p class='ocr_par' dir='ltr' id='par_1_119' title="bbox 2118 5632 3694 5703">
     <span class='ocr_line' id='line_1_119' title="bbox 2118 5632 3694 5703; baseline 0.002 -11"><span class='ocrx_word' id='word_1_921' title='bbox 2118 5637 2281 5692; x_wconf 78' lang='lat' dir='ltr'><strong>Multo</strong></span> <span class='ocrx_word' id='word_1_922' title='bbox 2310 5635 2498 5690; x_wconf 87' lang='lat' dir='ltr'><strong>melius</strong></span> <span class='ocrx_word' id='word_1_923' title='bbox 2523 5643 2605 5689; x_wconf 89' lang='lat' dir='ltr'><strong>est</strong></span> <span class='ocrx_word' id='word_1_924' title='bbox 2633 5650 2755 5688; x_wconf 91' lang='lat' dir='ltr'><strong>cum</strong></span> <span class='ocrx_word' id='word_1_925' title='bbox 2784 5633 2999 5688; x_wconf 88' lang='lat' dir='ltr'><strong>silentio</strong></span> <span class='ocrx_word' id='word_1_926' title='bbox 3043 5632 3383 5703; x_wconf 84' lang='lat' dir='ltr'><strong>audientem,</strong></span> <span class='ocrx_word' id='word_1_927' title='bbox 3422 5637 3475 5690; x_wconf 91' lang='lat' dir='ltr'><strong>in</strong></span> <span class='ocrx_word' id='word_1_928' title='bbox 3517 5648 3694 5695; x_wconf 87' lang='lat' dir='ltr'><strong>mente</strong></span> 
     </span>
    </p>
   </div>
   <div class='ocr_carea' id='block_1_120' title="bbox 2117 5722 3691 5796">
    <p class='ocr_par' dir='ltr' id='par_1_120' title="bbox 2117 5722 3691 5796">
     <span class='ocr_line' id='line_1_120' title="bbox 2117 5722 3691 5796; baseline -0.001 -11"><span class='ocrx_word' id='word_1_929' title='bbox 2117 5739 2172 5785; x_wconf 92' lang='lat' dir='ltr'><strong>et</strong></span> <span class='ocrx_word' id='word_1_930' title='bbox 2198 5728 2454 5784; x_wconf 87' lang='lat' dir='ltr'><strong>memoria</strong></span> <span class='ocrx_word' id='word_1_931' title='bbox 2479 5726 2626 5783; x_wconf 91' lang='lat' dir='ltr'><strong>omni</strong></span> <span class='ocrx_word' id='word_1_932' title='bbox 2656 5736 2901 5795; x_wconf 89' lang='lat' dir='ltr'><strong>tempore</strong></span> <span class='ocrx_word' id='word_1_933' title='bbox 2930 5722 3215 5794; x_wconf 88' lang='lat' dir='ltr'><strong>plaudere,</strong></span> <span class='ocrx_word' id='word_1_934' title='bbox 3245 5725 3426 5796; x_wconf 89' lang='lat' dir='ltr'><strong>domi,</strong></span> <span class='ocrx_word' id='word_1_935' title='bbox 3463 5728 3517 5782; x_wconf 92' lang='lat' dir='ltr'><strong>in</strong></span> <span class='ocrx_word' id='word_1_936' title='bbox 3538 5727 3691 5795; x_wconf 84' lang='lat' dir='ltr'><strong>foro;</strong></span> 
     </span>
    </p>
   </div>
   <div class='ocr_carea' id='block_1_121' title="bbox 2124 5816 3691 5891">
    <p class='ocr_par' dir='ltr' id='par_1_121' title="bbox 2124 5816 3691 5891">
     <span class='ocr_line' id='line_1_121' title="bbox 2124 5816 3691 5891; baseline -0.001 -16"><span class='ocrx_word' id='word_1_937' title='bbox 2124 5838 2281 5891; x_wconf 88' lang='lat' dir='ltr'><strong>quam</strong></span> <span class='ocrx_word' id='word_1_938' title='bbox 2304 5821 2520 5877; x_wconf 77' lang='lat' dir='ltr'><strong>amissis</strong></span> <span class='ocrx_word' id='word_1_939' title='bbox 2544 5818 2792 5876; x_wconf 88' lang='lat' dir='ltr'><strong>omnibus</strong></span> <span class='ocrx_word' id='word_1_940' title='bbox 2816 5817 3035 5875; x_wconf 86' lang='lat' dir='ltr'><strong>domum</strong></span> <span class='ocrx_word' id='word_1_941' title='bbox 3060 5816 3234 5875; x_wconf 82' lang='lat' dir='ltr'><strong>redire</strong></span> <span class='ocrx_word' id='word_1_942' title='bbox 3271 5834 3530 5891; x_wconf 88' lang='lat' dir='ltr'><strong>vacuum,</strong></span> <span class='ocrx_word' id='word_1_943' title='bbox 3576 5821 3691 5874; x_wconf 82' lang='lat' dir='ltr'><strong>nul-</strong></span> 
     </span>
    </p>
   </div>
  </div>
