4108 6172
432 310 541 365 ιυῃ

438 426 543 479 lam
571 421 849 477 habentem
882 419 1156 487 plausuum
1181 432 1418 473 causam.
1446 418 1727 486 Quomodo
1749 418 1889 473 enim
1909 432 2012 473 non

435 514 692 569 ridiculus
711 512 811 567 erit
839 510 1090 564 auditor?
1122 511 1389 580 quomodo
1419 527 1524 564 non
1552 511 1797 565 adulator
1822 521 1876 565 et
1905 511 2015 565 irri-

434 621 525 660 sor
553 604 819 671 putabitur
838 642 853 667 ,
882 604 971 673 qui
997 609 1143 657 recte
1168 602 1443 672 loquutum
1470 618 1591 658 esse
1618 602 1889 658 doctorem
1921 604 2011 658 de-

431 699 628 762 clarat,
660 711 758 749 nec
784 696 911 765 qttid
942 695 1136 749 dixerit
1164 694 1405 764 proferre
1431 695 1645 762 potest?
1681 694 1792 748 Hoc
1824 694 2009 749 adula—

432 792 589 844 tionis
609 800 710 844 est.
735 789 866 843 Nam
893 789 962 850 ei,
994 788 1083 857 qui
1112 787 1435 842 cithartedos
1460 795 1512 841 et
1543 787 1812 854 tragmdos
1841 787 2007 853 audit,

429 885 481 937 id
508 885 628 953 jure
659 882 851 937 accidit
874 925 889 944 ,
922 892 1103 950 utpote
1133 880 1221 951 qui
1252 882 1458 934 nesciat
1486 880 1677 934 similia
1718 881 1961 951 proferre
1992 898 2005 934 :

429 978 515 1031 ubi
546 986 723 1029 autem
753 991 851 1030 nec
875 985 1062 1029 cantus
1092 989 1190 1028 nec
1219 971 1508 1027 modulatio
1535 971 1717 1039 adest,
1748 971 1844 1026 sed
1887 986 2010 1027 sen-

427 1070 608 1124 tentiae
638 1069 811 1121 solum
842 1076 895 1120 et
922 1064 1272 1136 philosophia
1305 1063 1478 1117 virtus
1502 1104 1516 1127 ,
1557 1078 1676 1133 quze
1714 1064 1881 1118 cuivis
1923 1063 2007 1117 di-

426 1177 550 1217 cere
578 1170 633 1214 et
680 1160 962 1213 enuntiare
1006 1158 1159 1211 facile
1200 1164 1323 1221 est;
1365 1156 1630 1226 quomodo
1673 1170 1776 1208 non
1820 1153 2008 1224 dignus

425 1251 797 1321 objurgatione
824 1259 906 1304 est
931 1289 946 1314 ,
973 1249 1063 1319 qui
1092 1264 1159 1302 ne
1183 1261 1397 1301 causam
1441 1245 1657 1315 quidem
1697 1244 1877 1299 dicere
1907 1261 2005 1311 po-

427 1354 567 1409 test,
599 1358 695 1396 cur
717 1344 1125 1397 concionautem
1170 1337 1513 1393 laudaverit?
1556 1335 1698 1391 Nihil
1742 1336 1810 1389 ita
1853 1335 2006 1390 decet

424 1434 737 1496 ecclesiam,
782 1442 839 1487 ut
888 1431 1157 1487 silentium
1205 1440 1259 1484 ct
1305 1429 1585 1484 modestia.
1618 1429 1902 1483 Tumultus
1930 1427 1997 1481 ad

425 1527 627 1580 theatra
659 1524 920 1594 pertinet,
951 1524 1016 1577 ad
1043 1523 1231 1578 balnea
1252 1564 1266 1585 ,
1292 1519 1356 1575 ad
1387 1536 1609 1591 pompas
1629 1563 1643 1584 ,
1687 1520 1752 1574 ad
1786 1519 1957 1574 forum
1983 1535 1999 1573 :

422 1617 511 1671 ubi
537 1632 663 1671 vero
691 1616 869 1669 talium
899 1614 1206 1684 dogtuatnm
1234 1612 1471 1666 doctrina
1500 1620 1615 1675 est,
1642 1611 1711 1665 ibi
1743 1610 1999 1680 tranquil-

421 1708 578 1774 litas,
632 1707 821 1775 quies,
868 1704 1242 1775 philosophia,
1289 1711 1344 1757 et
1384 1711 1569 1772 portus
1616 1716 1836 1772 magnus
1882 1717 2001 1755 esse

418 1800 597 1855 debet.
628 1800 784 1858 Hmc.
818 1814 915 1852 oro
939 1806 993 1850 et
1020 1798 1275 1861 obsecro,
1326 1809 1513 1849 omnes
1554 1794 1755 1848 sciatis.
1801 1790 2001 1847 Omnes

417 1893 616 1947 circum
649 1890 837 1945 modos
865 1888 1107 1958 exploro,
1136 1887 1290 1957 queis
1316 1895 1503 1954 potero
1529 1885 1722 1938 vestris
1749 1883 2000 1952 prodesse

417 1984 719 2037 animabus.
760 1981 874 2035 Non
904 1982 1126 2049 exiguus
1157 1979 1245 2033 ille
1271 1977 1398 2032 mihi
1428 1976 1617 2031 modus
1645 1976 1882 2040 videtur,
1908 1975 1996 2043 qui

415 2092 521 2130 nou
553 2074 703 2129 vobis
736 2083 938 2127 tantum
960 2113 975 2141 ,
1006 2071 1099 2126 sed
1126 2070 1286 2127 etiam
1319 2068 1447 2123 mihi
1478 2068 1731 2138 proderit.
1774 2067 1888 2121 Non
1921 2067 1996 2120 si-

414 2180 506 2225 nct
532 2185 627 2223 nos
655 2167 922 2236 prosterni
948 2207 963 2231 ,
996 2179 1171 2232 neque
1199 2161 1384 2217 laudes
1413 2171 1467 2216 et
1505 2160 1731 2231 gloriam
1775 2173 1954 2213 amare
1976 2199 1991 2224 ,

415 2277 588 2331 neque
617 2258 939 2314 oblectantia
972 2256 1149 2325 loqui,
1184 2253 1277 2310 sed
1305 2254 1453 2308 utilia
1488 2269 1501 2305 :
1537 2268 1709 2321 neque
1754 2252 1808 2305 in
1846 2266 1994 2306 com-

416 2354 680 2423 p0sitione
703 2348 1037 2419 etclegantia
1069 2347 1361 2410 dictorum,
1405 2344 1499 2398 sed
1550 2344 1601 2397 in
1648 2344 1694 2396 vi
1741 2357 1990 2397 sensuum

412 2446 559 2500 omni
592 2444 847 2511 temporis
876 2448 1145 2494 momento
1171 2440 1388 2492 versari.
1418 2435 1703 2507 Ingredere
1731 2436 1784 2489 in
1817 2438 1990 2503 picto-

1106 305 1162 361 S.
1201 303 1477 361 JOANNIS
1513 304 1986 360 CHRYSOSTOMI
2026 306 2340 361 AliClllEP.
2381 309 2913 369 CONSTANTINOP.

3594 319 3699 377 2‘38

2122 421 2197 474 ris
2226 421 2496 476 officinam
2523 463 2540 490 ,
2568 434 2623 479 ct
2654 426 2761 480 illic
2791 428 3015 482 multttm
3053 428 3360 488 obserVabis
3404 432 3700 491 silentium.

2120 512 2185 567 Et
2216 513 2299 568 hic
2328 517 2487 570 etiam
2515 526 2633 571 esto
2663 534 2675 570 :
2710 535 2830 573 nam
2863 519 2950 574 hic
2974 535 3186 591 quoque
3226 524 3399 593 regias
3430 526 3703 596 pingimus

2118 605 2376 675 imagines
2399 650 2415 675 ,
2445 619 2500 663 et
2529 610 2726 664 nullam
2756 613 2944 677 privati
2980 612 3210 668 hominis
3233 657 3248 677 ,
3281 616 3349 669 ob
3373 617 3571 671 coloris
3593 619 3699 671 vir-

2117 703 2302 751 tutem.
2334 698 2470 766 Quid
2500 700 2601 757 hoc
2625 703 2745 757 est?
2776 718 2985 757 rursum
3033 705 3311 774 plauditis?
3364 705 3480 761 Non
3533 706 3704 765 facitis

2114 805 2200 845 res
2230 791 2436 847 videtur
2459 836 2475 861 ,
2509 794 2715 866 hocque
2741 811 2847 851 non
2876 812 2940 852 ex
2971 808 3154 853 natura
3181 841 3197 865 ,
3231 799 3325 854 sed
3361 815 3429 855 ex
3466 816 3700 857 consue-

2116 881 2296 935 tudine
2318 924 2334 949 ,
2364 884 2598 939 nondum
2628 886 2918 943 emendare
2946 888 3218 945 didicisse.
3244 890 3410 946 Stilus
3434 908 3563 963 ergo
3601 910 3699 949 no-

2115 969 2197 1024 bis
2223 981 2307 1027 est
2328 974 2500 1044 lingua
2519 1016 2535 1043 ,
2561 976 2756 1033 artifex
2788 978 3017 1049 Spiritus
3046 993 3279 1037 sanctus.
3312 984 3404 1039 Dic
3433 985 3564 1039 mihi
3599 1004 3612 1041 :
3643 988 3696 1041 in

2114 1066 2381 1136 mysteriis
2410 1084 2477 1121 an
2519 1071 2778 1126 tumultus
2801 1114 2815 1137 ,
2844 1087 2911 1126 an
2940 1074 3172 1130 turbatio
3195 1076 3309 1130 est?
3348 1078 3481 1131 Cum
3525 1079 3699 1149 bapti-

2112 1169 2333 1223 zamur,
2373 1173 2495 1212 cum
2521 1160 2623 1214 alia
2650 1162 2828 1216 omnia
2861 1162 3118 1228 facimus,
3151 1181 3331 1222 annon
3366 1170 3519 1238 quies
3545 1179 3600 1224 et
3625 1173 3698 1225 si-

2109 1244 2332 1301 lentium
2359 1251 2537 1304 omnia
2564 1251 2805 1308 detinent
2828 1255 2840 1285 '
2867 1255 2889 1307 ?
2917 1255 3043 1311 Haec
3070 1256 3123 1311 in
3177 1259 3311 1315 caelo
3355 1261 3696 1330 pulchritudo

2109 1336 2350 1408 dispersa
2372 1352 2475 1395 est.
2505 1341 2631 1397 ldeo
2652 1344 2789 1412 apud
2818 1347 3049 1416 gentiles
3075 1349 3215 1403 male
3239 1350 3487 1406 audimus
3504 1393 3519 1418 ,
3544 1356 3691 1423 quasi

2107 1426 2176 1481 ad
2202 1433 2613 1487 oStcntationem
2642 1445 2697 1489 et
2721 1436 2977 1492 ambitum
3008 1440 3185 1493 omnia
3217 1439 3493 1498 faciamus.
3515 1443 3620 1499 Sed
3645 1446 3692 1499 si

2107 1519 2210 1576 hoc
2226 1523 2557 1592 cohibeatur,
2586 1529 2743 1582 etiam
2769 1530 3059 1598 primarum
3084 1533 3289 1588 sodium
3309 1550 3463 1591 amor
3491 1538 3691 1592 exsun-

2105 1624 2315 1684 guetur.
2347 1616 2590 1687 Sufficit,
2628 1622 2673 1676 si
2721 1623 2841 1691 quis
2877 1623 3061 1679 laudes
3100 1635 3276 1691 amat,
3309 1628 3353 1681 si
3395 1638 3518 1698 post
3554 1645 3687 1684 can-

2105 1709 2312 1764 cionent
2337 1710 2455 1766 illas
2477 1725 2825 1784 assequatur,
2859 1731 2981 1772 cum
3021 1718 3227 1773 fructus
3264 1722 3495 1792 colliget.
3539 1723 3690 1795 Rogo

2105 1797 2247 1854 hanc
2280 1802 2553 1858 ﬁrmemus
2585 1805 2792 1876 legem;
2821 1818 2878 1862 ut
2899 1825 3019 1864 cum
3046 1812 3222 1865 omnia
3254 1814 3545 1869 secundum
3595 1817 3685 1870 Dci

2103 1890 2357 1961 placitum
2384 1893 2669 1951 fecerimus
2690 1940 2704 1963 ,
2738 1899 2853 1969 ejus
2881 1901 3161 1956 clementia
3188 1904 3483 1974 dignemur.
3518 1909 3683 1976 gratia

2102 1993 2157 2038 et
2183 1986 2615 2045 miserationibus
2641 1990 2909 2061 Uuigeniti
2938 1994 3054 2061 ejus
3074 2035 3090 2060 ,
3120 1994 3330 2050 Domini
3361 1999 3530 2053 nostri
3552 1999 3681 2055 Jesu

2101 2074 2294 2131 Christi
2318 2119 2333 2145 ,
2361 2082 2575 2149 quicum
2604 2082 2744 2137 Patri
2773 2094 2828 2139 et
2854 2086 3076 2155 Spiritui
3110 2100 3296 2143 sancto
3335 2091 3501 2160 gloria
3522 2133 3536 2155 ,
3584 2093 3683 2145 im-

2101 2172 2305 2238 perium
2331 2214 2345 2239 ,
2380 2173 2580 2241 honor,
2610 2193 2750 2232 nunc
2777 2189 2831 2233 et
2855 2194 3068 2251 semper
3088 2222 3104 2249 ,
3136 2192 3190 2237 et
3212 2183 3264 2237 in
3294 2185 3490 2240 saecula
3517 2202 3683 2243 saecu-

2101 2263 2295 2318 lorum.
2327 2268 2518 2321 Amen.

2163 2446 2181 2478 ι
2215 2446 2315 2495 Alii
2339 2447 2540 2507 habent,
2557 2463 2708 2500 nonne
2723 2451 2880 2515 quiete
2899 2459 2945 2503 et
2966 2452 3154 2503 silentio
3175 2453 3333 2504 omnia
3353 2453 3687 2509 honestantur?

408 2552 3677 2577 MM

1693 2616 2040 2679 HOMILIA
2081 2616 2325 2679 XXXI.

403 2778 530 2834 Car.
556 2776 643 2832 14.
671 2791 723 2829 v.
759 2776 844 2829 13.
879 2771 975 2825 His
1002 2770 1188 2824 auditis
1218 2767 1433 2837 apostoli
1459 2763 1719 2819 Barnabas
1753 2771 1799 2816 et
1846 2760 1988 2814 Pau-

476 2867 851 2935 lus,conscissis
880 2864 1093 2919 vestibus
1119 2862 1222 2914 suis
1247 2858 1543 2914 exsilierunt
1570 2857 1622 2909 in
1643 2856 1861 2918 turbam,
1879 2852 1987 2905 cla-

474 2971 666 3015 mantes
696 2960 784 3014 14.
812 2966 857 3009 et
884 2957 1101 3009 dicentes
1129 2968 1146 3006 :
1182 2950 1290 3005 Viri
1312 2992 1326 3015 ,
1354 2950 1478 3023 quid
1505 2950 1610 3002 hac
1633 2947 1840 3017 facitis?
1872 2945 1984 3003 Nos

471 3054 657 3111 similes
681 3052 817 3104 vobis
848 3048 1106 3117 passibiles
1134 3061 1307 3097 sumus
1330 3043 1574 3102 homines,
1620 3038 1979 3091 annuntiantes

471 3144 608 3199 vobis
634 3143 696 3195 ab
720 3141 797 3193 his
824 3139 963 3191 vanis
992 3135 1208 3189 converti
1229 3133 1295 3185 ad
1319 3131 1484 3185 Deum
1522 3130 1687 3182 vivum
1707 3168 1723 3194 ,
1750 3128 1835 3198 qui
1866 3126 1983 3197 fecit

472 3238 649 3291 cwlum
673 3242 718 3288 et
745 3243 931 3287 terram
961 3242 1005 3282 et
1032 3242 1187 3291 mare,
1220 3235 1265 3279 et
1292 3223 1461 3277 omnia
1484 3236 1594 3291 qua:
1618 3221 1672 3273 in
1698 3220 1769 3273 eis
1790 3228 1926 3272 sunt.

475 3332 526 3384 1.
547 3328 675 3383 Vide
691 3324 964 3396 apostolos
994 3320 1170 3375 omnia
1194 3334 1315 3372 cum
1339 3314 1677 3370 vehementia
1699 3311 1976 3366 facientes.

400 3425 685 3481 Sciderunt
707 3429 903 3483 vestes,
932 3416 1265 3477 exsilicrunt,
1296 3411 1628 3471 clatnarunt;
1657 3422 1776 3477 qua:
1798 3404 1977 3460 omnia

397 3537 464 3576 ex
494 3517 773 3572 affectione
816 3512 978 3566 animi
1021 3507 1307 3571 faciebant,
1352 3511 1695 3565 aversantes,
1722 3509 1777 3553 et
1806 3498 1977 3552 luctus

398 3611 547 3681 signa
591 3607 800 3661 dantes.
848 3604 1045 3662 Luctus
1090 3600 1285 3670 quippe
1326 3610 1451 3650 vere
1492 3602 1626 3657 erat,
1660 3594 1828 3645 luctus
1869 3604 1975 3642 non

396 3699 760 3761 consolabilis,
787 3695 832 3750 si
861 3693 1074 3765 quidem
1098 3690 1389 3744 voluissent
1416 3702 1511 3757 pro
1540 3685 1641 3739 diis
1677 3683 1890 3747 haberi,
1921 3689 1977 3733 et

396 3791 747 3848 idololatriam
789 3785 1235 3851 inducere,quam
1273 3778 1502 3833 solutum
1527 3782 1801 3830 venerant.
1840 3769 1973 3824 lllud

395 3898 556 3954 porro
583 3890 698 3935 erat
725 3878 919 3933 diaboli
948 3874 1449 3929 machinamentum.
1497 3871 1566 3921 At
1590 3865 1663 3919 illi
1692 3881 1796 3918 nou
1824 3863 1974 3931 quie-

393 3985 567 4041 scunt,
597 3973 691 4029 sed
721 3970 887 4042 quid?
932 3967 1044 4022 Nos
1074 3965 1262 4019 similes
1311 3961 1448 4015 vobis
1490 3957 1750 4029 passibiles
1800 3970 1973 4009 sumus

393 4070 618 4125 homines
637 4109 652 4133 ,
684 4065 942 4134 inquiunt.
979 4059 1169 4115 Statim
1191 4057 1258 4111 ab
1290 4054 1439 4109 initio
1462 4052 1658 4106 malum
1689 4048 1970 4103 subverte-

392 4173 515 4220 ruut
544 4181 557 4216 :
593 4176 696 4216 non
725 4158 975 4212 dixerunt
1000 4151 1333 4221 simpliciter,
1368 4145 1647 4209 Homines;
1673 4140 1788 4207 sed,
1824 4139 1970 4194 Sicut

390 4276 494 4313 vos.
531 4253 750 4317 Deinde,
776 4266 842 4305 ne
871 4248 1181 4303 viderentur
1219 4243 1348 4297 deos
1380 4236 1643 4303 venerari,
1672 4234 1797 4289 audi
1840 4231 1967 4302 quid

388 4348 641 4420 adjiciaut
668 4362 683 4401 :
714 4342 1081 4398 Annnntiantes
1120 4336 1255 4391 vobis
1283 4334 1345 4388 ab
1370 4333 1448 4386 his
1471 4330 1612 4385 vanis
1656 4324 1875 4381 converti
1899 4323 1969 4378 ad

391 4447 552 4498 Deum
579 4442 765 4502 vivum,
793 4438 878 4504 qui
899 4436 1015 4505 fecit
1041 4432 1220 4486 calum
1243 4438 1289 4483 et
1318 4438 1502 4481 terram
1529 4434 1578 4478 et
1603 4439 1761 4485 mare,
1785 4429 1831 4474 et
1859 4435 1966 4472 ont-
1988 4454 2003 4467 ε

389 4541 475 4593 nia
501 4552 613 4608 qua?
636 4536 690 4588 in
713 4534 783 4586 eis
812 4540 926 4584 sunt
951 4527 1123 4597 (Psal.
1157 4525 1278 4578 145.
1303 4522 1379 4590 6).
1408 4520 1641 4575 Observa
1668 4516 1790 4569 illos
1812 4528 1967 4608 num-

386 4605 544 4704 quam
593 4640 893 4684 memorare
937 4621 1221 4691 prophetas
1246 4657 1260 4679 ,
1302 4628 1476 4683 neque
1518 4612 1717 4676 dicere,
1768 4621 1871 4676 qua
1898 4605 1965 4659 de

384 4701 546 4784 causa
588 4738 710 4777 cum
733 4721 796 4773 sit
824 4718 1060 4770 outniutn
1106 4713 1349 4774 Creator,
1378 4718 1564 4779 gentes
1611 4705 1827 4774 reliquit
1854 4701 1964 4755 suis

384 4821 485 4876 frui
515 4814 758 4887 legibus?
788 4814 873 4867 15.
899 4810 996 4877 Qui
1024 4809 1074 4861 in
1090 4804 1352 4877 prwteritis
1380 4796 1780 4873 generationibus
1808 4795 1962 4848 dimi-

381 4916 447 4966 sit
477 4926 647 4964 omnes
685 4915 852 4979 gentes
875 4904 946 4954 ire
976 4901 1081 4953 vias
1119 4914 1260 4952 suas.
1285 4895 1437 4963 Quod
1482 4891 1765 4953 dimiserit,
1796 4888 1957 4953 dicit;

381 5022 477 5059 cur
516 5013 694 5057 autem
731 4994 1012 5059 dimiserit,
1046 5006 1151 5046 nou
1189 4989 1369 5051 addit;
1414 4984 1625 5041 interim
1652 4983 1705 5037 in
1728 4996 1793 5037 eo
1818 4981 1960 5051 quod

384 5097 604 5167 urgebat
650 5088 917 5151 subsistit,
949 5084 1149 5140 Christi
1194 5095 1388 5136 nomen
1429 5091 1687 5147 nusquam
1732 5086 1956 5145 ponens.

384 5192 467 5246 16.
492 5188 558 5243 Et
584 5188 785 5256 quidem
815 5198 914 5235 non
940 5181 1049 5233 sine
1076 5177 1358 5230 testintonio
1383 5176 1704 5242 semetipsum
1730 5169 1956 5238 reliquit,

379 5280 692 5351 benefaciens
721 5276 784 5329 de
803 5275 955 5337 caelo,
990 5269 1130 5324 nobis
1160 5268 1288 5322 dans
1308 5266 1500 5337 pluvias
1525 5274 1569 5318 et
1597 5273 1821 5330 tempora
1841 5264 1958 5331 [ru-

378 5375 579 5445 ctifera,
602 5370 817 5440 impleas
841 5366 951 5419 cibo
979 5373 1024 5418 et
1051 5362 1225 5417 latitia
1246 5359 1402 5413 corda
1438 5366 1632 5409 nostra.
1658 5354 1810 5418 Vide,
1849 5366 1956 5405 non

380 5465 491 5518 vult
528 5461 923 5518 accusationem
973 5469 1160 5511 eorum
1205 5465 1417 5522 augere,
1456 5448 1548 5504 sed
1589 5446 1762 5518 potius
1800 5445 1958 5498 docet

379 5558 522 5621 illos,
547 5565 604 5611 ut
632 5553 810 5608 omnia
850 5550 918 5606 ad
962 5550 1128 5604 Deum
1166 5543 1421 5601 referant.
1464 5540 1773 5597 Didiceraut
1811 5534 1955 5591 enim

379 5666 484 5705 non
511 5649 583 5703 ita
610 5646 927 5702 studendum
954 5659 1074 5699 esse
1097 5639 1293 5713 aliquid
1314 5638 1421 5693 Deo
1439 5635 1659 5706 dignum
1677 5632 1877 5693 dicere,
1897 5637 1958 5683 ιιι

377 5739 708 5797 auditoribus
734 5738 861 5791 utile
888 5736 1013 5807 quid
1040 5733 1300 5804 proferre.
1330 5728 1466 5783 Vide
1489 5723 1759 5798 quomodo
1780 5722 1955 5775 laten-

380 5844 461 5891 ter
499 5828 893 5887 accusationem
939 5829 1158 5900 ingerat.
1207 5822 1440 5892 Etenim,
1469 5821 1514 5877 si
1560 5820 1661 5875 hoc
1704 5813 1951 5884 iaciebat,

2096 2762 2379 2831 oportebat
2421 2762 2581 2831 plecti
2617 2777 2732 2829 eos,
2778 2764 2866 2835 qui
2894 2772 2973 2819 tot
3013 2765 3169 2821 bonis
3208 2766 3467 2835 fruentes,
3500 2768 3674 2836 ipsum

2090 2868 2197 2906 non
2239 2863 2295 2906 ut
2339 2854 2656 2909 nulritorem
2697 2856 3101 2926 agnoscebant:
3136 2875 3318 2913 verum
3369 2876 3473 2915 non
3502 2862 3672 2930 palam

2091 2944 2240 3009 dicit,
2288 2946 2381 3001 sed
2406 2946 2727 3013 subiudicat,
2764 2946 2843 3001 De
2875 2952 2998 3003 cwlo
3037 2952 3200 3018 nobis,
3232 2954 3498 3022 inquiens,
3544 2955 3673 3007 dans

2090 3036 2309 3108 pluvias.
2341 3038 2430 3094 Sic
2454 3051 2507 3094 et
2530 3040 2693 3095 David
2716 3041 2926 3097 dicebat
2956 3060 2969 3096 :
3004 3044 3048 3097 Α
3074 3047 3243 3115 fructu
3284 3047 3545 3115 frustratui,
3572 3049 3671 3101 vini

2086 3141 2133 3183 et
2163 3131 2261 3185 olei
2307 3133 2389 3186 sui
2431 3133 2755 3203 multiplicati
2795 3144 2911 3188 sunt
2939 3133 3110 3206 (Psal.
3139 3137 3192 3191 4.
3224 3138 3305 3209 8);
3342 3147 3396 3192 et
3437 3153 3580 3209 Saepe
3604 3139 3671 3194 de

2085 3224 2354 3279 creatione
2400 3224 2689 3291 disserens,
2739 3227 2839 3280 hoc
2868 3227 2919 3280 iu
2962 3227 3193 3282 medium
3237 3229 3472 3285 adducit.
3515 3230 3669 3285 lere-

2085 3314 2220 3367 mias
2249 3324 2423 3369 autem
2458 3316 2628 3385 primo
2657 3318 3015 3385 creationem,
3046 3319 3239 3374 deinde
3276 3321 3661 3389 providentiam

2084 3406 2376 3475 pluviarum
2402 3406 2531 3461 dicit
2559 3406 2692 3478 (λεν.
2725 3409 2781 3464 5.
2803 3409 2918 3481 ‘24).
2952 3411 3133 3479 Itaque
3163 3410 3283 3464 inde
3309 3411 3528 3465 edoctus
3554 3413 3628 3466 ait
3650 3410 3673 3464 ἵ

2083 3499 2312 3570 lmplens
2336 3501 2443 3555 cibo
2473 3511 2518 3555 et
2549 3502 2743 3557 latitia.
2791 3501 2923 3557 Cum
2968 3502 3289 3558 liberalitate
3328 3503 3662 3568 alimentum,

2083 3608 2181 3647 nec
2204 3593 2362 3647 modo
2387 3594 2453 3648 ad
2477 3594 2831 3664 frugalitatem
2858 3605 2913 3650 et
2934 3610 3110 3649 usum.
3144 3596 3229 3650 17.
3265 3594 3328 3648 Et
3351 3596 3458 3650 hinc
3486 3597 3662 3650 dicen-

2080 3694 2170 3749 tes,
2202 3686 2285 3738 via:
2330 3686 2629 3740 sedaverunt
2676 3687 2868 3754 turbas,
2913 3704 2975 3741 ne
3014 3688 3110 3741 sibi
3152 3687 3492 3742 imntolarent.
3516 3688 3583 3743 Et
3608 3690 3659 3743 in

2081 3775 2183 3831 hoc
2224 3778 2452 3832 maxime
2497 3778 2833 3834 admirationi
2875 3778 3113 3834 fuerunt.
3164 3779 3350 3834 Viden’
3395 3796 3491 3836 eos
3532 3781 3661 3836 satis

2078 3866 2348 3933 habuisse,
2372 3869 2512 3939 quod
2552 3871 2811 3925 insaniam
2860 3870 3004 3925 illaut
3051 3871 3411 3927 avertissent?
3441 3874 3523 3929 18.
3556 3872 3659 3929 Su-

2076 3972 2405 4033 pervenerunt
2445 3974 2612 4018 autent
2652 3965 2715 4018 ab
2753 3964 3021 4018 Antiochia
3059 3975 3105 4018 et
3149 3965 3330 4020 Iconio
3372 3966 3543 4022 Judwi
3568 3984 3589 4023 :
3610 3980 3658 4023 et

2076 4055 2329 4122 persuasis
2362 4056 2537 4121 turbis,
2587 4057 2967 4126 lapidantesque
3005 4057 3252 4124 Paulum,
3282 4069 3545 4114 traxerunt
3568 4078 3658 4116 ea:-

2074 4154 2154 4199 tra
2194 4148 2473 4211 civitatem,
2511 4149 2850 4201 existimantes
2890 4164 3005 4201 eum
3052 4161 3303 4203 mortuunt
3340 4168 3465 4205 esse.
3515 4150 3655 4208 Vere

2071 4235 2269 4290 diaboli
2321 4237 2412 4290 filii
2458 4252 2473 4292 :
2521 4254 2626 4292 non
2681 4239 2734 4292 in
2782 4238 3089 4293 civitatibus
3154 4240 3315 4295 modo
3358 4243 3471 4296 suis
3501 4282 3517 4307 ,
3555 4244 3651 4299 sed

2072 4337 2221 4383 extra
2261 4328 2375 4381 illas
2421 4328 2523 4384 hoc
2565 4329 2848 4397 faciebant,
2888 4340 2945 4385 et
2984 4340 3128 4387 tanto
3174 4332 3350 4387 studio
3395 4334 3655 4390 curabant

2071 4420 2498 4490 praedicationem
2523 4422 2590 4477 de
2606 4423 2781 4477 medio
2807 4423 3225 4493 tollere,quanto
3252 4426 3479 4495 apostoli
3507 4426 3651 4481 illam

2069 4514 2283 4569 firmare
2311 4515 2659 4570 conabantur.
2691 4514 2756 4569 Et
2783 4517 3057 4586 persuasis,
3086 4517 3276 4586 inquit,
3304 4517 3485 4584 turbis,
3510 4519 3648 4588 lapi-

2068 4608 2242 4659 datum
2266 4606 2485 4660 Paulum
2532 4616 2791 4661 traxerunt
2819 4618 2961 4662 extra
2986 4608 3254 4663 civitatem.
3282 4609 3380 4664 Hic
3401 4609 3651 4678 impletur

2067 4698 2193 4753 illud
2227 4716 2239 4750 :
2270 4699 2464 4768 Suﬂicit
2490 4699 2578 4751 tibi
2603 4700 2769 4769 gratia
2789 4715 2934 4761 mea;
2961 4716 3078 4753 nam
3104 4700 3260 4753 uirtus
3287 4716 3398 4753 mea
3423 4701 3476 4753 in
3500 4701 3650 4769 inﬁr-

2067 4794 2237 4846 mitate
2261 4792 2610 4862 perﬁcitur(2.
2630 4791 2748 4846 Cor.
2779 4791 2864 4846 η.
2890 4791 2969 4862 9).
2986 4792 3152 4861 Majus
3179 4793 3280 4848 hoc
3305 4803 3421 4847 erat
3438 4835 3452 4857 ,
3484 4809 3644 4864 quam

2064 4887 2312 4941 claudum
2336 4887 2559 4955 erigere.
2592 4884 2831 4940 Gentiles
2850 4885 3063 4955 quidem
3088 4895 3145 4940 ut
3170 4886 3302 4941 deos
3343 4886 3643 4951 habebant;

2066 4978 2117 5033 hi
2146 4994 2272 5033 vero
2294 4977 2669 5047 persuadentes
2700 4976 2899 5042 turbis,
2926 4986 3209 5033 traxerunt
3234 4978 3415 5042 illum;
3469 4994 3645 5048 neque

2064 5074 2207 5127 enim
2253 5068 2546 5125 verisimile
2615 5079 2698 5123 est
2740 5084 2928 5124 omnes
2954 5069 3005 5125 in
3053 5085 3239 5125 eorum
3286 5069 3644 5125 admiratione

2064 5165 2247 5220 fuisse.
2295 5163 2363 5217 Et
2388 5161 2527 5228 vide,
2564 5163 2617 5215 in
2644 5161 2829 5215 eadem
2852 5162 2961 5231 ipsa
2989 5162 3223 5224 civitate,
3253 5162 3306 5215 in
3336 5176 3439 5231 qua
3482 5161 3641 5215 sicin

2062 5257 2412 5312 admiratione
2437 5257 2669 5322 fuerunt,
2696 5255 2875 5326 gravia
2904 5256 3193 5325 patiuntur.
3218 5255 3285 5309 Et
3310 5255 3410 5310 hoc
3429 5270 3641 5325 quoque

2065 5351 2363 5406 videntibus
2410 5349 2673 5419 proderat.
2722 5348 2874 5416 Quod
2915 5358 3093 5403 autem
3134 5347 3232 5402 hac
3260 5347 3325 5401 de
3347 5362 3505 5402 eausa
3533 5347 3640 5415 pati

2065 5443 2460 5513 permitteretur
2481 5483 2495 5506 ,
2527 5440 2650 5494 audi
2693 5441 2839 5494 illum
2868 5438 2971 5494 hoc
3015 5440 3186 5508 ipsum
3226 5437 3590 5493 declarantem
3620 5454 3637 5489 :

2064 5533 2149 5588 Ne
2183 5534 2295 5603 quis
2334 5550 2413 5587 me
2449 5534 2695 5587 existimet
2714 5548 2868 5601 supra
2906 5531 2981 5597 id,
3010 5530 3145 5601 quod
3183 5531 3392 5585 videtin
3413 5545 3511 5596 me,
3549 5537 3640 5582 aut

2058 5627 2255 5697 aliquid
2273 5627 2412 5681 audit
2435 5641 2497 5680 ea:
2520 5642 2599 5680 me
2621 5626 2694 5697 (2.
2719 5622 2838 5680 Cor.
2870 5624 2957 5679 1‘2.
2988 5625 3067 5691 6).

2134 5721 2288 5776 Pauli
2326 5723 2510 5791 fervor.
2536 5749 2609 5761 —-
2639 5720 2725 5776 19.
2749 5717 3184 5774 Circumdantibus
3225 5726 3393 5770 autem
3417 5730 3531 5768 eum
3559 5710 3640 5764 di-

2060 5813 2287 5888 scipulis,
2317 5830 2525 5886 surgens
2547 5813 2749 5869 intravit
2777 5812 3045 5867 civitatem.
3062 5809 3252 5867 Viden’
3274 5805 3635 5865 alacritatem!
