4108 6172
333 273 445 329 127

341 386 401 441 ἀ)
411 385 479 437 λά
505 383 789 454 νοημάτων
813 381 903 436 καὶ
921 381 1239 451 φιλοσοφίας
1252 381 1496 452 δύναμις,
1517 382 1613 435 καὶ
1640 383 1805 436 παντὶ
1825 383 2004 453 ῥᾴδιον

343 479 517 531 εἰπεῖν
544 477 636 529 καὶ
664 472 1012 542 ἀπαγγεῖλαι,
1044 471 1162 535 πῶς
1181 472 1280 524 οὐκ
1306 471 1454 538 ἄξιος
1487 471 1634 544 [240]
1671 471 2004 542 κατηγορίας

342 566 374 618 6
422 563 497 634 μὴ
546 561 792 632 δυνηθεὶς
822 561 999 613 εἰπεῖν
1036 559 1137 630 τὴν
1181 559 1362 613 αἰτίαν
1386 598 1402 622 ,
1454 558 1521 612 δι’
1553 561 1622 629 ἢν
1649 559 1878 630 ἐπῄνεσε
1914 559 2006 612 τὸν

342 650 596 719 λέγοντα;
635 649 802 702 Οὐδὲν
833 646 978 702 οὕτω
1009 645 1219 718 πρέπον
1250 645 1515 716 ἐκκλησίᾳ
1541 645 1617 709 ὡς
1639 646 1782 717 σιγὴ,
1811 646 1886 710 ὡς
1910 647 2005 699 εὐ·-

343 737 517 802 ταξία.
543 736 802 807 Θεάτροις
828 734 1132 806 ἐπιτήδειος
1155 735 1184 786 6
1211 732 1436 802 θόρυϐος
1465 734 1560 786 καὶ
1590 733 1890 803 βαλανείοις
1908 733 2006 788 καὶ

347 826 588 895 πομπαῖς
622 823 720 876 καὶ
742 823 974 893 ἀγοραῖς
995 837 1014 852 ο
1037 819 1166 873 ἔνθα
1197 819 1252 873 δὲ
1283 821 1412 890 περί
1443 819 1694 873 τοιούτων
1720 820 2005 891 δογμάτων

342 913 376 980 ή
413 908 732 964 διδασκαλία
753 952 766 972 ,
807 908 1016 978 γαλήνη
1052 906 1146 960 καὶ
1183 906 1379 977 ἡσυχία
1418 907 1512 960 καὶ
1560 907 1876 976 φιλοσοφία,
1912 911 2005 961 καὶ

342 995 509 1060 πολὺς
531 999 560 1050 6
584 996 751 1067 λιμὴν
779 990 920 1048 εἶναι
945 995 1170 1064 ὀφείλει.
1193 995 1379 1048 Ταῦτα
1404 994 1594 1065 δέομαι
1619 997 1712 1050 καὶ
1741 996 2005 1050 ἀντιϐολῶ

344 1083 552 1146 πάντας
575 1082 796 1137 εἰδέναι.
828 1082 1083 1154 Περίειμι
1126 1080 1233 1153 γὰρ
1265 1083 1360 1135 καὶ
1402 1083 1562 1145 αὐτὸς
1603 1083 1837 1153 τρόπους
1870 1101 2004 1137 παν-

341 1170 520 1233 τοίους
545 1167 838 1240 ὲπιζητῶν,
863 1171 930 1222 δι’
961 1162 1036 1223 ὧν
1066 1168 1339 1238 ὠφελῆσαι
1365 1169 1660 1240 δυνήσομαι
1683 1169 1782 1232 τὰς
1811 1169 2006 1240 ὑμετέ-

345 1274 448 1328 ρας
477 1257 676 1328 ψυχὰς.
706 1257 781 1310 Οὐ
811 1256 1003 1327 μικρὸς
1035 1257 1130 1310 καὶ
1157 1250 1310 1318 οὗτος
1340 1256 1369 1308 6
1392 1256 1592 1325 τρόπος
1621 1252 1760 1308 εἷναί
1798 1274 1889 1326 μοι
1916 1257 2005 1310 δο-

343 1345 472 1397 κεῖ·
499 1344 598 1414 οὐχ
627 1344 772 1414 ὑμᾶς
802 1341 1076 1414 ὠφελήσει
1117 1343 1312 1412 μόνους
1333 1384 1348 1405 ,
1394 1341 1530 1396 ἀλλά
1562 1342 1654 1394 καὶ
1684 1344 1849 1412 ἡμᾶς.
1893 1345 2008 1398 Οὐκ

343 1431 546 1502 ἀφήσει
579 1429 1094 1501 ἑκτραχηλίζεσθαι,
1122 1429 1243 1482 οὐδὲ
1271 1430 1511 1483 ἐπαίνων
1532 1428 1622 1484 καί
1651 1429 1810 1500 δόξης
1837 1433 1969 1504 ἑρᾷν
1987 1473 2002 1498 ,

341 1517 468 1571 οὐδὲ
499 1516 568 1571 τὰ
594 1518 862 1589 τέρποντα
891 1517 1089 1586 λέγειν,
1115 1515 1249 1570 ἀλλά
1274 1516 1343 1571 τὰ
1366 1517 1703 1586 ὠφελοῦνταο
1731 1519 1850 1572 οὐδὲ
1879 1523 2006 1593 περὶ

344 1602 622 1674 συνθήκας
647 1603 740 1656 καὶ
761 1603 930 1673 κάλλη
959 1602 1177 1669 λέξεων,
1207 1603 1342 1656 ἀλλά
1371 1604 1500 1675 περὶ
1525 1605 1810 1674 νοημάτων
1844 1605 2004 1660 δύνα-

345 1706 442 1760 μιν
485 1691 666 1744 πᾶσαν
710 1690 1040 1762 ἀπασχολεῖν
1076 1689 1172 1744 τοῦ
1210 1690 1405 1762 καιροῦ
1434 1691 1532 1762 τὴν
1571 1693 1761 1763 ῥοπήν.
1788 1693 2008 1748 Είσελθε

344 1777 428 1838 είς
458 1776 816 1847 ζωγραφεῖον,
841 1777 938 1831 καὶ
961 1776 1082 1847 ὄψει
1105 1776 1307 1848 πολλὴν
1328 1779 1445 1832 ἐκεῖ
1471 1780 1569 1846 τὴν
1595 1780 1772 1850 σιγήν,
1800 1780 2008 1836 Οὐκοῦν

343 1863 441 1918 καὶ
495 1864 763 1918 ἐνταῦθα’
786 1864 882 1918 καί¹
928 1863 1038 1935 γὰρ
1079 1865 1174 1920 καὶ
1213 1865 1448 1919 ἐνταῦθα
1487 1865 1699 1928 είκόνας
1726 1867 2008 1938 γράφομεν

346 1948 634 2020 βασιλικὰς
656 1989 672 2016 ,
701 1950 796 2004 καὶ
823 1950 1078 2020 οὐδεμίαν
1121 1951 1393 2023 ἰδιωτικήν
1415 1991 1431 2016 ,
1459 1953 1548 2006 διὰ
1572 1952 1678 2006 τῶν
1703 1957 2009 2024 χρωμάτων

343 2038 447 2110 τῆς
476 2039 696 2111 ἀρετῆς.
731 2039 798 2092 Τί
827 2038 1017 2105 τοῦτο;
1051 2039 1213 2094 πάλιν
1245 2043 1520 2111 κροτεῖτε;
1547 2041 1659 2094 Οὐκ
1693 2039 1912 2095 εὔκολον
1949 2043 2010 2096 τὸ

1267 265 1334 320 ΙΝ
1377 265 1561 323 ACTA
1600 264 2142 324 APOSTOLORUM.
2173 263 2409 319 HOMIL.
2453 263 2642 316 XXXI.

3659 268 3765 320 228

2113 379 2349 450 πρᾶγμα
2394 377 2574 443 δοκεῖ,
2630 375 2726 431 καὶ
2753 375 2910 430 τοῦτο
2937 377 3000 430 οὐ
3033 377 3212 446 φύσει,
3239 378 3376 434 ἀλλὰ
3407 381 3485 452 τῷ
3514 386 3770 457 συνηθείᾳ

2107 467 2275 538 πολλῇ
2339 467 2508 537 μήπω
2565 464 2868 536 κατορθοῦν
2925 466 3056 520 αὐτὸ
3108 467 3510 540 μεμαθηκέναι.
3562 473 3770 545 Γραφὶς

2104 555 2282 608 τοίνυν
2317 553 2468 607 ἐστὶν
2505 555 2638 624 ήμῖν
2677 553 2914 622 γλῶττα,
2953 555 3201 624 τεχνίτης
3234 555 3290 608 δὲ
3335 557 3396 611 τὸ
3444 560 3665 631 Πνεῦμα
3709 561 3773 614 τὸ

2106 640 2284 709 ἅγιον.
2339 639 2476 693 Είπέ
2502 657 2591 710 μοι
2615 679 2630 703 ,
2659 640 2718 692 ὲν
2741 641 2854 703 τοῖς
2885 645 3204 712 μυστηρίοις
3228 683 3244 708 ,
3296 649 3369 716 μή
3398 663 3483 709 τις
3509 647 3768 718 θόρυϐοςς

2109 730 2182 800 μή
2236 745 2323 791 τις
2371 727 2623 799 ταραχή;
2658 727 2826 781 Ὅταν
2883 727 3291 800 βαπτιζώμεοα,
3345 735 3471 788 ὅταν
3516 733 3586 787 τά
3637 734 3771 790 ἄλλα

2105 816 2283 870 πάντα
2334 813 2598 884 ποιῶμεν,
2651 815 2748 885 οὐχ
2795 816 2994 886 ἡσυχία
3045 818 3140 869 καὶ
3189 819 3315 890 σιγὴ
3361 822 3427 875 τὰ
3467 823 3643 876 πάντα
3673 839 3772 876 κα-

2104 903 2250 974 τέχει
2277 915 2340 965 ις
2374 902 2546 956 Τοῦτο
2593 903 2651 956 ὲν
2696 903 2776 974 τῷ
2807 905 3022 976 οὐρανῷ
3053 907 3428 980 κατέσπαρται
3461 910 3520 963 τὸ
3553 911 3768 973 κάλλος.

2106 991 2204 1044 Διὰ
2250 990 2412 1043 τοῦτο
2454 989 2860 1061 διαϐεϐλήμεθα
2908 994 3002 1045 καὶ
3054 995 3185 1064 παρ’
3215 995 3492 1066 Ἕλλησιν,
3529 998 3604 1062 ὡς
3637 999 3773 1068 πρὸς

2106 1075 2366 1140 ἐπίδειξιν
2400 1076 2578 1129 πάντα
2624 1078 2903 1141 ποιοῦντες
2937 1081 3031 1132 καὶ
3079 1081 3214 1150 πρὸς
3257 1082 3590 1153 φιλοτιμίαν.
3635 1085 3772 1137 Ἀλλ’

2106 1162 2201 1215 ἐὰν
2226 1163 2383 1216 τοῦτο
2412 1164 2662 1235 κωλυθῇ,
2690 1165 2784 1219 καὶ
2811 1165 2920 1220 τῶν
2968 1168 3267 1240 προεδριῶν
3299 1174 3327 1222 6
3355 1171 3493 1241 ἔρως
3542 1172 3776 1239 σϐεσθῆ-

2109 1267 2282 1304 σεται.
2319 1253 2505 1323 Ἀρκεῖ
2528 1295 2542 1319 ,
2576 1254 2629 1306 εί
2651 1271 2733 1316 τις
2756 1251 2990 1307 ὲπὰίνων
3014 1257 3115 1327 ἐρᾷ
3137 1300 3152 1322 ,
3190 1258 3251 1310 τὸ
3281 1259 3420 1326 μετὰ
3442 1259 3540 1330 τὴν
3573 1259 3776 1330 ἀκρόα-

2107 1354 2192 1391 σιν
2233 1339 2438 1392 τούτων
2484 1341 2775 1410 τυγχάνειν
2801 1379 2816 1402 ,
2873 1343 3002 1395 ὃταν
3044 1344 3170 1407 τοὺς
3219 1347 3463 1415 καρποὺς
3521 1346 3773 1417 συλλέγῃ.

2106 1424 2216 1477 Ναὶ
2263 1425 2563 1496 παρακαλῶ
2591 1467 2605 1491 ,
2677 1427 3016 1498 κυρώσωμεν
3057 1431 3242 1484 τοῦτον
3287 1433 3378 1485 τὸν
3421 1433 3582 1502 νόμον
3610 1475 3627 1499 ,
3685 1433 3773 1485 ἵνα

2107 1511 2288 1565 πάντα
2321 1514 2465 1566 κατὰ
2501 1513 2560 1566 τὸ
2593 1513 2670 1584 τῷ
2719 1514 2838 1585 Θεῷ
2865 1515 3056 1570 δοκοῦν
3090 1519 3416 1588 πράττοντες
3443 1560 3456 1581 ,
3506 1520 3606 1589 τῆς
3644 1521 3774 1590 παρ’

2115 1599 2279 1652 αὐτοῦ
2320 1600 2730 1671 φιλανθρωπίας
2761 1600 3112 1674 ἁξιωθῶμεν,
3145 1606 3324 1676 χάριτι
3354 1608 3448 1659 καὶ
3470 1609 3777 1677 οίκτιρμοῖς

2113 1687 2208 1741 τοῦ
2233 1689 2569 1756 Μονογενοῦς
2598 1690 2784 1751 αὐτοῦ,
2815 1691 3016 1763 Κυρίου
3045 1694 3101 1746 δὲ
3130 1697 3162 1765 ή
3173 1695 3287 1765 μῶν
3316 1695 3488 1766 Ἰησοῦ
3517 1695 3774 1765 Χριστοῦ.

2118 1775 2240 1846 μεθ’
2269 1767 2330 1827 οῦ
2354 1775 2432 1846 τῷ
2453 1777 2631 1847 Πατρὶ
2658 1778 2773 1846 ἅμα
2793 1778 2872 1848 τῷ
2903 1780 3042 1850 ἁγίῳ
3075 1782 3350 1852 Πνεύματι
3383 1783 3529 1846 δόξα,
3555 1782 3775 1852 κράτος,

2109 1863 2244 1934 τιμὴ
2266 1903 2280 1926 ν
2329 1863 2425 1917 νῦν
2462 1863 2557 1918 καὶ
2585 1865 2676 1918 ἀεὶ
2702 1906 2717 1931 ,
2751 1867 2844 1919 καὶ
2877 1869 2954 1930 είς
2996 1870 3122 1934 τοὺς
3159 1871 3360 1935 αἰῶνας
3406 1871 3514 1924 τῶν
3543 1870 3774 1924 αἰώνων.

2123 1949 2318 2021 Ἀμήν.

2175 2131 2202 2162 ⁸
2234 2131 2334 2182 Alii
2376 2139 2485 2197 σιγῇ
2519 2135 2580 2183 τὰ
2616 2134 2772 2184 πάντα
2802 2137 3117 2200 κεκόσμηται.

461 2234 3660 2274 —————_———h-——._—__._.___________—______________—_

1786 2332 1937 2405 [ειη
1974 2335 2217 2387 omum
2247 2332 2366 2390 AA'.

357 2425 748 2489 Ἀκούσαντες
770 2421 839 2476 δὲ
865 2423 922 2477 al
951 2421 1280 2478 ἀπόστολοι
1299 2423 1607 2492 Βαρνάϐας
1631 2424 1728 2478 καί
1751 2425 2010 2491 Παῦλος,

417 2511 851 2581 διαρρήξαντες
923 2509 998 2564 τὰ
1059 2510 1259 2580 ίμάτια
1316 2510 1516 2566 αὐτῶν
1540 2551 1556 2575 ,
1625 2512 2016 2581 ἐξεπήδησαν

416 2602 508 2665 είς
541 2597 650 2652 τὸν
687 2597 896 2665 ὄχλον,
925 2594 1231 2666 κράζοντες
1262 2598 1359 2651 καί
1412 2597 1714 2666 λέγοντες,
1747 2600 2012 2669 Ἀνδρες,

415 2685 478 2740 τί
549 2684 738 2740 ταῦτα
818 2685 1080 2748 ποιεῖτε;
1178 2685 1349 2753 ἡμεῖς
1420 2686 1795 2754 ὁμοιοπαθεῖς
1873 2687 2018 2755 ὑμῖν

414 2774 607 2842 ἐσμεν
675 2771 971 2840 ἄνθρωποι
1000 2811 1016 2836 ,
1087 2771 1592 2841 εὐαγγελιζόμενοι
1666 2772 1824 2842 ὑμᾶς
1896 2773 2016 2828 ἀπὸ

415 2857 648 2911 τούτων
697 2849 814 2908 τῶν
851 2855 1116 2924 ματαίων
1155 2855 1536 2924 ἐπιστρέφειν
1577 2855 1676 2909 ἐπὶ
1720 2856 1828 2909 τὸν
1870 2854 2018 2908 Θεὸν

417 2941 529 2998 τὸν
563 2940 786 3006 ζῶντα,
854 2941 923 3006 ὃς
963 2941 1214 3008 ἐποίησε
1269 2941 1374 2996 τὸν
1428 2941 1689 3011 οὐρανὸν
1747 2943 1845 2996 καί
1902 2941 2019 3008 τὴν

423 3028 550 3100 τῆν
623 3027 728 3082 καὶ
797 3025 915 3096 τὴν
969 3027 1288 3083 θάλασσαν
1311 3067 1328 3092 ,
1388 3030 1486 3083 καὶ
1553 3029 1750 3082 πάντα
1808 3029 1882 3082 τὰ
1948 3029 2018 3082 ἐν

418 3113 647 3180 αὐτοῖς.

419 3198 493 3255 α’.
543 3200 683 3271 Ὅρα
735 3199 912 3253 πάντα
944 3197 1080 3270 μετά
1124 3197 1480 3270 σφοδρότητος
1519 3199 1648 3258 τούς
1686 3199 2017 3264 ἀποστόλους

343 3287 664 3352 ποιοῦντας.
713 3286 1012 3358 Διέρρηξαν
1039 3285 1108 3339 τὰ
1155 3285 1370 3357 ἱμάτια,
1396 3286 1694 3357 ὲπήδησαν,
1746 3285 2014 3359 ἔκραξαν,

342 3376 531 3432 πάντα
557 3375 666 3429 ἀπὸ
691 3373 982 3436 διαθέσεως
1031 3371 1230 3444 ψυχῆς,
1266 3373 1731 3444 ἀποστρεφόμενοι
1759 3373 1828 3426 τὰ
1864 3375 2013 3442 γενόο-

346 3478 512 3536 μενα,
563 3461 658 3516 καὶ
708 3461 936 3524 πένθους
967 3463 1170 3530 σημεῖα
1217 3460 1510 3523 ποιοῦντες.
1546 3459 1743 3523 Πένθος
1779 3460 1888 3532 γὰρ
1925 3457 2013 3531 ἦν,

342 3548 520 3614 ὅντως
556 3547 753 3612 πένθος
799 3547 1251 3620 ἀπαραμύθητον,
1281 3548 1336 3602 εί
1359 3564 1422 3616 γε
1453 3547 1674 3618 ἔμελλον
1718 3547 1830 3601 θεοὶ
1863 3549 2014 3619 νομί-

343 3638 562 3703 ζεσθαι,
604 3636 698 3691 καὶ
728 3635 1167 3706 εἰδωλολατρείαν
1218 3635 1478 3705 εἰσάγειν,
1519 3638 1585 3708 ἢν
1605 3631 1768 3707 ἦλθον
1796 3636 2018 3689 καταλύ-

346 3743 558 3790 σοντες.
627 3724 740 3780 Kal
797 3723 955 3778 τοῦτο
1010 3723 1104 3777 τοῦ
1156 3724 1402 3778 διαϐόλου
1451 3719 1518 3794 ἦν
1569 3723 2017 3794 κατασκεύασμα.

345 3815 411 3867 Οἱ
435 3814 496 3868 δὲ
527 3813 628 3884 οὐχ
658 3811 1046 3884 ἡσυχάζουσιν,
1075 3813 1212 3866 ἀλλὰ
1255 3812 1341 3878 τίς
1392 3813 1503 3866 Καὶ
1535 3811 1708 3879 ἡμεῖς
1739 3815 2021 3880 ὁμοιοπα-

343 3901 472 3968 θεῖς
496 3899 644 3970 ῠμῖν
670 3900 879 3970 ἐσμεν,
919 3901 1103 3970 φασὶν,
1133 3900 1444 3968 ἅνθρωποι.
1494 3899 1709 3963 Εὐθέως
1745 3901 1810 3952 ὲκ
1838 3916 2022 3970 προοι-

348 3988 491 4060 μίων
517 3987 822 4059 ἀνέτρεψαν
855 3987 916 4042 τὸ
951 3987 1140 4042 κακόν.
1194 3988 1307 4041 Οὐκ
1351 3983 1502 4040 εἷπον
1528 3986 1730 4052 ἁπλῶς,
1763 3988 2019 4056 Ἀνθρω-

345 4092 470 4140 ποι,
509 4075 670 4142 ἀλλὰ,
719 4075 863 4130 Καθ’
881 4074 1055 4146 ὑμᾶς.
1087 4070 1219 4129 Εἶτα
1249 4075 1335 4128 ἵνα
1367 4075 1442 4146 μὴ
1470 4075 1662 4142 δόξωσι
1692 4077 1857 4145 τιμᾷν
1894 4077 2021 4140 τοὺς

349 4163 511 4228 θεοὺς
538 4201 556 4228 ,
612 4163 844 4218 ἄκουσον
913 4162 966 4216 τί
1029 4162 1325 4231 ἐπάγουσιν
1367 4174 1395 4203 ι
1424 4177 1440 4192 ο
1500 4161 2021 4232 Εὑαγγελιζόμενοι

347 4251 510 4321 ὑμᾶς
577 4251 697 4305 ἀπὸ
745 4251 972 4305 τούτων
1025 4249 1143 4304 τῶν
1178 4251 1446 4319 ματαίων
1497 4248 1880 4318 ἐπιστρέφειν
1923 4248 2022 4302 ἐπὶ

347 4338 460 4392 τὸν
498 4337 655 4393 Θεὸν
690 4339 801 4392 τὸν
835 4334 1042 4404 ζῶντα,
1076 4336 1145 4403 ὃς
1179 4337 1430 4404 ἐποίησε
1478 4340 1584 4390 τὸν
1612 4337 1876 4397 οὐρανὸν
1922 4335 2020 4388 καί

346 4426 466 4494 τὴν
492 4425 619 4497 γῆν
639 4425 738 4480 καί
758 4425 872 4492 τὴν
891 4425 1234 4486 θάλασσαν,
1259 4425 1359 4477 καί
1387 4422 1586 4476 πάντα
1611 4423 1684 4476 τὰ
1709 4424 1778 4476 ἐν
1796 4423 2018 4488 αὐτοῖς.

351 4514 498 4585 Ὅρα
559 4513 793 4582 οὐδαμοῦ
824 4513 932 4567 τῶν
985 4510 1282 4582 προφητῶν
1332 4511 1766 4581 μνημονεύοντας
1806 4510 2018 4574 αὐτοὺς,

347 4603 473 4657 οὐδὲ
509 4601 790 4671 λέγοντας,
812 4603 956 4666 τίνος
984 4601 1192 4663 ἕνεκεν,
1229 4598 1446 4652 πάντων
1471 4597 1799 4667 δημιουργὸς
1825 4596 1923 4660 ὢν,
1955 4597 2023 4651 τὰ

352 4690 482 4762 ἔθνη
527 4693 742 4763 ἀφῆκεν
799 4691 1106 4762 αὐτόνομα;
1160 4691 1256 4755 Ὃς
1300 4688 1373 4741 ἐν
1408 4687 1539 4753 ταῖς
1569 4686 2023 4756 παρῳχημέναις

351 4778 593 4846 τενεαῒς
616 4780 788 4833 ετασε
817 4779 1014 4833 πάντα
1049 4778 1122 4832 τὰ
1147 4778 1291 4845 ἔθνη
1319 4776 1680 4844 πορεύεσθαι
1704 4775 1834 4840 ταῖς
1861 4774 2024 4840 ὁδοῖς

353 4867 578 4921 αὐτῶν.
598 4866 720 4920 Ὅτι
753 4866 850 4936 μὲν
871 4867 1022 4921 είασε
1048 4865 1218 4935 λέγει,
1248 4865 1338 4920 διὰ
1366 4865 1418 4919 τί
1453 4864 1510 4917 δὲ
1544 4863 1745 4927 εἴασεν,
1782 4862 1880 4916 οὐκ
1909 4862 2019 4915 ἕτιο

355 4951 494 5015 τέως
515 4952 656 5023 πρὸς
685 4953 746 5006 τὸ
776 4956 1098 5021 κατεπεῖγον
1130 4953 1365 5020 ἵσταται,
1393 4950 1628 5021 οὐδαμοῦ
1657 4947 1752 5003 τοῦ
1780 4948 2022 5019 Χριστοῦ

355 5037 418 5090 τὸ
447 5038 623 5110 ὄνομα
651 5037 839 5102 τιθείς.
877 5039 1080 5094 Καίτοι
1136 5055 1202 5108 γε
1249 5041 1360 5093 οὐκ
1417 5036 1760 5106 ἀμάρτυρον
1810 5035 2029 5089 ἑαυτὸν

357 5123 622 5194 ἀφῆκεν,
661 5123 1038 5196 ἀγαθοποιῶν
1083 5127 1426 5193 οὐρανόθεν,
1472 5123 1618 5192 ἡμῖν
1675 5123 1889 5188 ὑετοὺς
1939 5120 2029 5174 δι-

360 5211 508 5279 δοὺς
536 5214 638 5267 καὶ
683 5213 925 5282 καιροὺς
955 5212 1372 5281 καρποφόρους
1396 5251 1412 5276 ,
1455 5209 1770 5280 ἐμπιπλῶν
1807 5207 2031 5278 τροφῆς

363 5297 463 5352 καὶ
483 5301 871 5369 εὐφροσύνης
887 5301 995 5364 τὰς
1025 5299 1267 5368 καρδίας
1292 5296 1479 5366 ἡμῶν.
1511 5299 1673 5369 Ὅρα,
1693 5298 1753 5351 οὐ
1789 5296 2033 5368 βούλεται

362 5385 462 5456 τὴν
504 5387 840 5458 κατηγορίαν
867 5386 1046 5440 αὐτῶν
1080 5385 1334 5454 αὐξῆσαι,
1373 5384 1510 5438 ἀλλά
1557 5384 1754 5454 μᾶλλον
1800 5385 1893 5437 ἐπὶ
1938 5385 2030 5436 τὸν

365 5469 498 5525 Θεὸν
535 5473 598 5527 τὸ
627 5476 735 5528 πᾶν
783 5475 936 5544 ἀγειν
979 5474 1176 5537 αὐτοὺς
1205 5469 1468 5525 παιδεύει.
1510 5471 1751 5540 Ἔμαθον
1788 5471 1917 5542 γὰρ,
1948 5471 2029 5524 ὅτι

362 5559 463 5631 οὐχ
493 5561 640 5617 οῦτω
673 5563 994 5627 σπουδάζειν
1027 5562 1109 5616 δεῖ
1140 5561 1289 5629 ἄξιόν
1321 5577 1372 5612 τι
1406 5561 1580 5613 εἰπεῖν
1607 5560 1737 5630 περὶ
1767 5558 1925 5626 Θεοῦ,
1955 5559 2031 5624 ὡς

363 5645 426 5700 τὸ
449 5651 565 5713 τοῖς
585 5650 874 5706 ἀκούουσιν
903 5651 1197 5721 ὠφέλιμον.
1231 5649 1372 5720 Ὅρα
1405 5645 1520 5710 πῶς
1541 5645 1906 5710 λανθανόντως
1931 5648 2031 5716 τὴν

368 5738 702 5809 κατηγορίαν
720 5739 920 5811 τίθησι.
953 5741 1061 5794 Καὶ
1101 5739 1206 5810 μὴν
1235 5738 1281 5792 εί
1312 5735 1470 5791 τοῦτο
1502 5733 1695 5803 ἐποίει,
1737 5734 1844 5788 ἔδει
1872 5733 2033 5788 κολα-

428 5823 457 5853 ⁴¹
477 5823 536 5872 Τί
559 5825 812 5892 ἐπάγουσιν
834 5831 978 5880 deest
1008 5830 1056 5878 in
1093 5841 1206 5877 uno.

2118 2425 2308 2497 σθῆναι
2327 2427 2520 2492 αὐτοὺς
2550 2428 2817 2481 τοσούτων
2841 2425 3210 2489 ἀπολαύοντας
3231 2425 3473 2495 ἀγαθῶν,
3509 2429 3604 2481 καὶ
3645 2429 3779 2499 μηδὲ

2114 2513 2190 2575 ὡς
2218 2514 2419 2584 τροφέα
2454 2515 2824 2585 γνωρίσαντας
2844 2531 2858 2544 ⁶
2909 2513 3022 2566 ἀλλ’
3055 2513 3116 2566 οὐ
3149 2513 3296 2583 λέγει
3343 2515 3612 2585 φανερῶς,
3667 2515 3780 2568 ἀλλ’

2114 2600 2428 2665 αἰνίττεται,
2458 2604 2796 2668 Οὐρανόθεν
2841 2601 3002 2669 ἡμῖν,
3057 2600 3249 2667 λέγων,
3297 2602 3507 2668 ὑετοὺς
3553 2601 3777 2668 διδούς.

2116 2687 2274 2741 Οῦτω
2304 2690 2398 2742 καὶ
2427 2689 2456 2740 6
2489 2687 2652 2741 Δαυῖδ
2699 2688 2914 2755 ἔλεγεν·
2988 2688 3132 2739 Ἀπὸ
3179 2689 3410 2753 καρποῦ
3457 2689 3631 2742 σίτου
3683 2690 3781 2742 καὶ

2115 2777 2285 2830 οἴνου
2322 2777 2420 2829 καὶ
2441 2777 2648 2829 ἐλαίου
2681 2774 2879 2828 αὐτῶν
2905 2775 3376 2841 ἑπληθύνθησαν
3399 2791 3412 2805 ⁸
3459 2776 3552 2827 καὶ
3587 2776 3785 2829 πολλα-

2115 2861 2212 2934 χοῦ
2237 2863 2364 2932 περὶ
2393 2862 2753 2933 δημιουργίας
2791 2861 3192 2930 διαλεγόμενος,
3219 2860 3392 2913 ταῦτα
3436 2861 3648 2932 τίθησιν
3702 2866 3785 2927 είς

2119 2951 2305 3020 μέσον,
2343 2951 2453 3004 Καὶ
2489 2951 2519 3003 ό
2551 2949 2819 3021 Ἱερεμίας
2865 2950 2921 3002 δὲ
2979 2949 3075 3019 τὴν
3127 2948 3486 3018 δημιουργίαν
3539 2949 3782 3020 πρώτην,

2116 3035 2235 3092 εἶτα
2290 3038 2388 3109 τὴν
2441 3037 2700 3108 πρόνοιαν
2754 3037 2853 3108 τὴν
2907 3036 2995 3090 διὰ
3032 3036 3140 3091 τῶν
3186 3035 3355 3088 ὑετῶν
3405 3053 3604 3104 φησιν·
3645 3037 3786 3091 ὥστε

2117 3125 2320 3178 ἐκεῖθεν
2347 3124 2776 3194 πεπαιδευμένος
2822 3123 3165 3190 διαλέγεται·
3223 3122 3585 3190 Ἐμπιπλῶν,
3627 3126 3783 3193 φησὶ,

2113 3213 2339 3282 τροφῆς
2367 3212 2466 3266 καί
2518 3212 2926 3280 εὐφροσύνης.
2971 3211 3124 3264 Μετὰ
3167 3209 3475 3281 φιλοτιμίας
3506 3213 3539 3281 ή
3585 3212 3782 3282 τροφή,

2114 3301 2175 3354 οὐ
2211 3301 2367 3371 μόνον
2395 3300 2530 3370 πρὸς
2559 3299 2910 3370 αὐτάρκειαν,
2947 3298 3068 3351 οὐδὲ
3121 3297 3256 3367 πρὸς
3284 3297 3383 3367 τὴν
3435 3297 3642 3367 χρείαν.
3677 3298 3787 3352 Καί

2114 3389 2303 3442 ταῦτα
2356 3387 2656 3457 λέγοντες,
2704 3389 2878 3455 μόλις
2923 3385 3335 3439 κατέπαυσαν
3364 3385 3507 3448 τοὺς
3561 3385 3786 3453 ὄχλους

2115 3476 2222 3530 τοῦ
2250 3475 2336 3544 μὴ
2384 3477 2551 3530 θύειν
2600 3473 2822 3540 αὐτοῖς.
2873 3473 2980 3525 Kal
3028 3473 3202 3542 τούτῳ
3255 3470 3491 3542 μάλιστα
3543 3469 3788 3542 ἐθαυμά-

2119 3563 2344 3631 σθησαν.
2387 3565 2549 3634 Ὁρᾷς
2591 3563 2673 3615 ὅτι
2709 3561 2842 3632 πρὸς
2863 3559 3019 3613 τοῦτο
3049 3559 3286 3622 ἵσταντο,
3318 3557 3456 3612 ὥστε
3487 3559 3787 3629 ἀνατρέψαι

2117 3650 2214 3721 τὴν
2251 3649 2444 3720 μανίαν
2499 3649 2746 3718 ὲκείνην;
2805 3646 3099 3714 Ἐπῆλθον
3143 3644 3212 3698 δὲ
3272 3645 3387 3698 ἀπὸ
3428 3645 3788 3714 Ἀντιοχείας

2118 3736 2216 3790 καί
2256 3737 2501 3790 Ἰκονίου
2537 3735 2820 3796 Ἰουδαῖοι,
2874 3733 2972 3787 καί
3006 3733 3326 3798 πείσαντες
3363 3733 3506 3798 τοὺς
3539 3732 3783 3800 ὄχλους,

2118 3821 2215 3874 καί
2239 3820 2599 3886 λιθάσαντες
2629 3819 2736 3874 τὸν
2764 3819 3027 3883 Παῦλον,
3048 3819 3276 3886 ἔσυραν
3309 3817 3424 3882 ἔξω
3467 3815 3576 3884 τῆς
3607 3819 3786 3869 πόλε-

2118 3926 2217 3975 ως,
2273 3909 2632 3978 νομίσαντες
2676 3909 2863 3961 αὐτὸν
2919 3906 3219 3961 τεθνάναι.
3283 3909 3487 3969 Ὄντως
3537 3905 3783 3958 διαϐόλου

2119 3997 2315 4050 τέκναο
2361 3996 2460 4050 οὐκ
2502 3996 2560 4048 ὲν
2609 3997 2729 4058 ταῖς
2783 3994 3002 4048 πόλεσιν
3049 3994 3226 4048 αὐτῶν
3287 3994 3466 4063 μόνον,
3505 3993 3638 4045 ἀλλὰ
3691 3994 3786 4045 καὶ

2119 4083 2224 4148 ἔξω
2269 4083 2471 4137 τούτων
2500 4081 2672 4136 ταῦτα
2700 4082 2997 4147 ποιοῦντες,
3047 4081 3140 4135 καὶ
3169 4081 3438 4150 τοσαύτην
3470 4079 3785 4148 ποιούμενοι

2121 4171 2354 4242 σπουδὴν
2381 4171 2625 4224 καθελεῖν
2648 4171 2708 4223 τὸ
2735 4172 3014 4240 κήρυγμα,
3039 4170 3170 4236 ὅσην
3196 4170 3245 4220 οί
3274 4169 3560 4220 ἀπόστολοι
3593 4167 3786 4236 στῆσαι

2120 4258 2485 4327 ἐπειγόμενοι.
2539 4257 2644 4310 Καὶ
2680 4256 3020 4318 πείσαντες,
3055 4255 3206 4324 φησὶ,
3245 4253 3386 4318 τοὺς
3423 4254 3662 4322 ὄχλους,
3689 4253 3788 4306 καί

2119 4342 2480 4407 λιθάσαντες
2527 4341 2637 4394 τὸν
2681 4340 2948 4403 Παῦλον,
2981 4340 3212 4404 ἔσυραν
3238 4338 3353 4402 ἔξω
3393 4338 3505 4406 τῆς
3534 4341 3785 4406 πόλεως.

2133 4429 2397 4486 Ἐνταῦθα
2425 4427 2722 4500 πληροῦται
2752 4427 2834 4491 τὸ,
2882 4426 3075 4496 Ἀρκεῖ
3109 4441 3208 4480 σοι
3260 4426 3298 4493 ὴ
3343 4425 3515 4494 χάρις
3544 4441 3693 4495 μου’
3747 4429 3786 4495 ἡ

2120 4519 2231 4589 γὰρ
2274 4517 2527 4586 δύναμίς
2563 4532 2682 4586 μου
2705 4571 2711 4580 ,
2733 4516 2803 4570 ἐν
2846 4515 3128 4582 ἀσθενείᾳ
3182 4515 3532 4569 τελειοῦται.
3590 4515 3789 4578 Μεῖζον

2120 4604 2278 4659 τοῦτο
2310 4604 2404 4658 τοῦ
2447 4607 2539 4658 τὸν
2595 4603 2765 4674 χωλὸν
2803 4605 3032 4675 ἐγεῖραι.
3089 4603 3151 4656 Ol
3214 4602 3312 4672 μὲν
3359 4599 3452 4656 οὖν
3490 4601 3689 4655 ἐθνικοὶ
3714 4602 3791 4666 ὡς

2123 4693 2276 4756 θεοὺς
2310 4691 2577 4764 ἐνόμιζον,
2599 4683 2743 4744 οὗτοι
2772 4691 2830 4744 δὲ
2875 4690 3064 4760 ἔσυρον
3095 4690 3382 4754 πείσαντες
3420 4691 3547 4753 τοὺς
3567 4689 3754 4760 ὀχλους
3774 4705 3788 4719 ο

2122 4781 2242 4835 οὐδὲ
2270 4781 2378 4850 γὰρ
2411 4781 2619 4842 πάντας
2656 4779 2801 4841 είκὸς
2823 4774 2892 4849 ἦν
2927 4778 3225 4848 θαυμάζειν
3259 4777 3474 4841 αὐτούς.
3527 4778 3636 4830 Καὶ
3665 4777 3789 4845 ὅρα,

2121 4871 2181 4924 ὲν
2225 4869 2360 4940 αὐτῇ
2391 4871 2456 4939 τῇ
2484 4867 2657 4929 πόλει,
2692 4868 2749 4918 ὲν
2855 4865 3028 4928 οὕτως
3083 4864 3523 4934 ἐθαυμάσθησαν,
3562 4866 3619 4918 ὲν
3653 4864 3788 4934 αὐτῇ

2118 4957 2188 5010 τὰ
2219 4955 2367 5009 δεινὰ
2395 4957 2682 5025 πάσχουσι.
2719 4953 2828 5006 Kal
2851 4952 3007 5005 τοῦτο
3053 4951 3110 5003 δὲ
3139 4952 3265 5014 τούς
3299 4950 3536 5021 ὁρῶντας
3566 4949 3788 5019 ὠφέλει.

2123 5042 2246 5094 Ὅτι
2292 5040 2350 5094 δὲ
2405 5040 2500 5093 καὶ
2548 5039 2636 5092 διὰ
2693 5038 2850 5092 τοῦτο
2903 5040 3257 5108 συνεχωρεῖτο
3323 5036 3573 5106 πάσχειν,
3626 5037 3789 5090 ἄκουε

2121 5127 2280 5183 τοῦτο
2305 5127 2436 5179 αὐτὸ
2462 5125 2748 5196 δηλοῦντος
2780 5126 2875 5179 καὶ
2899 5125 3179 5192 λέγοντοςο
3214 5126 3346 5178 Ἰνα
3381 5123 3468 5192 μὴ
3494 5126 3580 5189 εἰς
3611 5123 3638 5162 δ
3687 5125 3792 5193 ἐμὲ

2123 5211 2444 5284 λογίσηται
2493 5229 2586 5277 τις
2627 5211 2779 5280 ὑπὲρ
2831 5209 2864 5264 ὃ
2911 5209 3131 5276 ,ϐλέπει
3171 5227 3269 5281 με,
3301 5210 3341 5279 ἢ
3394 5210 3598 5264 ἀκούει
3625 5227 3680 5262 τι
3721 5211 3791 5274 ἐξ

2126 5302 2296 5357 ἐμοῦ.

2154 5321 2650 5444 μῖῗῦκλωσάντων
2677 5362 2746 5438 δὲ
2795 5383 2914 5438 τῶν
2952 5381 3234 5454 μαθητῶν
3276 5383 3482 5450 αὑτὸν,
3526 5381 3794 5448 ἀναστὰς

2123 5476 2409 5544 εἰσῆλθεν
2438 5477 2526 5538 εὶς
2551 5473 2667 5541 τὴν
2697 5472 2896 5526 πόλιν.
2930 5469 3081 5544 [242]
3115 5472 3275 5542 Ὁρᾷς
3304 5469 3641 5541 προθυμίαν;
3663 5471 3794 5541 ὁρᾷς

2125 5565 2290 5619 πόθον
2329 5563 2520 5628 ζέοντα
2549 5561 2644 5615 καί
2697 5559 3122 5629 πεπυρωμένον;
3170 5560 3265 5623 Εἰς
3288 5557 3457 5629 αὐτὴν
3504 5558 3664 5613 πάλιν
3695 5558 3794 5627 τὴν

2129 5653 2280 5708 πόλιν
2309 5649 2576 5722 εἰσῆλθεν,
2607 5647 2746 5701 ὥστε
2773 5645 3070 5717 δειχθῆναι,
3097 5646 3178 5700 ὃτι
3212 5646 3265 5700 εί
3306 5663 3407 5701 που
3440 5647 3534 5702 καὶ
3581 5646 3791 5717 ὑπεχώ-

2195 5819 2224 5860 b
2252 5819 2348 5871 Alii
2383 5820 2570 5880 ὠφέλει.
2596 5819 2674 5867 Mi
2698 5816 2773 5864 ἵνα
2796 5816 2873 5870 εἰς.
