4104 6148
289 284 398 340 229

292 415 398 469 ρει,
429 397 598 451 διὰτὸ
627 396 716 450 τὸν
750 394 907 465 λόγον
944 391 1229 465 βούλεσθαι
1263 395 1504 462 σπεῖραι,
1537 392 1635 445 καὶ
1658 390 1748 445 διὰ
1774 391 1838 444 τὸ
1882 390 1958 461 μὴ

288 485 401 539 δεῖν
433 484 675 538 ἐκκαίειν
698 483 877 537 αὐτῶν
900 482 991 535 τὸν
1021 481 1210 551 θυμόν.
1237 480 1421 533 Ταῦτα
1445 480 1554 533 τῶν
1588 478 1830 550 σημείων
1859 482 1958 549 οὐχ

286 571 450 647 ἧττον
502 575 595 627 καὶ
630 571 1043 643 λαμπροτέρους
1101 569 1293 633 ἐποίει,
1333 570 1429 623 καὶ
1484 568 1682 639 μᾶλλον
1746 568 1956 638 χαίρειν

291 660 719 732 παρεσκεύαζεν.
792 657 1043 729 Οὑδαμοῦ
1095 657 1153 709 δὲ
1209 657 1393 724 λέγει,
1461 657 1549 709 ὅτι
1611 653 1958 723 ὑπέστρεψαν

288 749 590 820 χαίροντες.
617 749 698 801 ὅτι
732 750 934 817 σημεῖα
970 734 1253 813 ἐποίησαν,
1287 743 1400 797 ἀλλ’
1423 744 1505 796 ὅτι
1543 740 1959 813 κατηξιώθησαν

292 838 429 907 ὑπὲρ
458 835 553 888 τοῦ
587 835 851 905 ὀνόματος
884 833 1047 887 αὑτοῦ
1087 832 1477 903 ἀτιμασθῆναι.
1521 832 1631 885 Καὶ
1659 832 1815 883 τοῦτο
1850 829 1960 899 γάρ

293 925 443 993 παρὰ
463 922 556 975 τοῦ
586 921 822 993 Χριστοῦ
857 920 1210 991 ἐδιδάχθησαν
1235 920 1481 988 λέγοντος
1500 936 1515 949 ·
1573 916 1669 985 Μὴ
1703 918 1956 986 χαίρετε,

291 1010 382 1064 ὅτι
432 994 506 1064 τὰ
539 1010 816 1078 δαιμόνια
846 1008 989 1077 ὑμῖν
1030 1007 1461 1062 ὑποτάσσεται.
1502 1006 1569 1059 Ἦ
1625 1008 1735 1077 γάρ
1790 1005 1960 1068 ὅντως

290 1098 437 1169 χαρά
486 1098 581 1151 καὶ
631 1096 929 1166 εἰλικρινὴς
994 1094 1132 1165 αὕτη
1178 1096 1327 1156 ἐστὶ,
1387 1094 1448 1147 τὸ
1514 1096 1741 1164 πάσχειν
1776 1110 1828 1145 τι
1873 1092 1962 1145 διὰ

292 1185 547 1256 Χριστόν.
593 1181 725 1238 Εἶτα
758 1184 856 1247 τάς
884 1183 1066 1246 πόλεις
1095 1182 1277 1245 πάσας
1314 1181 1576 1253 ἐπῄεσαν,
1605 1183 1663 1234 ἐν
1685 1178 1774 1244 αἷς
1817 1182 1963 1234 ἐκιν-

292 1274 573 1327 δύνευσαν.
607 1273 713 1327 Kal
745 1271 817 1340 τῇ
843 1272 1127 1337 ἐπαύριον
1150 1270 1371 1339 ἐξῆλθε
1408 1269 1530 1323 σὺν
1561 1268 1640 1334 τῷ
1683 1267 1961 1337 Βαρνάϐα

293 1364 380 1427 εἰς
429 1361 672 1428 Δέρϐην,
729 1359 1260 1428 εὐαγγελισάμενοί
1312 1375 1376 1411 τε
1432 1358 1547 1426 τὴν
1589 1357 1770 1410 πόλιν
1807 1356 1958 1410 ἐκεί-

293 1464 446 1515 νην,
517 1446 617 1500 καί
688 1448 1177 1516 μαθητεύσαντες
1230 1446 1516 1510 ἱκανοὺς,
1570 1444 1963 1512 ὑπέστρεψαν

294 1533 383 1596 εἰς
455 1530 736 1596 Λύστραν
779 1530 879 1582 καὶ
939 1530 1190 1583 Ἰκόνιον
1248 1528 1347 1581 καί
1398 1530 1781 1597 Ἀντιόχειαν,
1833 1529 1962 1582 ἐπι-

295 1618 671 1686 στηρίζοντες
729 1616 836 1683 τὰς
904 1619 1106 1686 ψυχὰς
1142 1616 1261 1669 τῶν
1322 1614 1632 1685 μαθητῶν,
1689 1632 1964 1684 παρακα-

295 1707 547 1771 λοῦντες
582 1705 860 1774 ἐμμένειν
897 1703 970 1773 τῇ
1023 1705 1247 1766 πίστει,
1294 1705 1390 1757 καί
1446 1704 1535 1758 ὅτι
1586 1704 1683 1759 διὰ
1718 1705 1964 1759 πολλῶν

297 1793 565 1860 θλίψεων
588 1792 683 1845 δεῖ
713 1790 868 1861 ἡμᾶς
892 1791 1192 1845 εἰσελθεῖν
1225 1795 1312 1857 είς
1353 1792 1467 1859 τὴν
1493 1792 1820 1856 ,ϐασιλείαν
1854 1790 1962 1844 τοῦ

304 1879 474 1931 Θεοῦ.

370 1966 436 2036 β’.
466 1966 635 2019 Τοῦτο
673 1965 855 2034 ἔλεγον
875 2005 890 2030 ,
914 1965 1074 2019 τοῦτο
1114 1966 1401 2019 ἐδείκνυον.
1434 1964 1961 2033 Ἐπιστηρίζοντες,

298 2053 453 2122 φησὶ,
484 2052 590 2119 τὰς
613 2054 817 2123 ψυχὰς
838 2052 958 2107 τῶν
1000 2051 1303 2122 μαθητῶν.
1356 2052 1519 2104 Ὥστε
1583 2052 1963 2122 ἐστηριγμένοι

295 2136 469 2212 ἦσαν’
513 2142 711 2211 μᾶλλον
750 2141 805 2194 δὲ
843 2140 1241 2212 προσετίθεντο.
1281 2138 1585 2207 Προῠλεγον
1631 2139 1832 2200 τοίνυν,
1878 2136 1964 2189 ἵνα

302 2228 376 2299 μὴ
410 2228 887 2282 σκανδαλισθῶσιν.
919 2229 1130 2299 Ὥσπερ
1167 2227 1417 2297 ἐπίτηδες
1449 2225 1507 2278 δὲ
1544 2225 1606 2278 τὸ
1640 2223 1773 2277 αὐτὸ
1816 2224 1964 2292 γίνε-

297 2334 409 2378 ται,
444 2318 504 2369 ού
559 2316 648 2368 διὰ
692 2315 801 2368 τῶν
859 2316 1171 2369 ἀποστόλων
1204 2315 1382 2385 μόνον,
1422 2313 1557 2368 ἀλλὰ
1586 2315 1684 2367 καὶ
1721 2312 1809 2366 διὰ
1856 2312 1964 2365 τῶν

300 2403 591 2475 μαθητῶν·
642 2402 729 2455 ἵνα
774 2401 1017 2471 μάθωσιν
1047 2403 1113 2454 ἐκ
1154 2402 1454 2473 προοιμίων
1497 2399 1699 2464 εὐθέως
1743 2399 1964 2452 καὶτοῦ

299 2489 656 2560 κηρύγματος
683 2487 782 2559 τὴν
810 2487 1059 2559 δύναμιν,
1096 2490 1192 2542 καὶ
1235 2490 1318 2557 ὅτι
1358 2489 1453 2542 καὶ
1500 2488 1696 2551 αὐτοὺς
1734 2487 1816 2540 δεῖ
1854 2503 1965 2540 τοι-

299 2578 438 2631 αῦτα
486 2578 749 2646 πάσχειν,
799 2576 893 2629 καὶ
965 2576 1050 2629 ἵνα
1094 2577 1356 2646 γενναίως
1406 2575 1594 2638 στῶσι,
1670 2573 1745 2646 μὴ
1807 2574 1965 2644 μόνον

298 2664 434 2734 πρὸς
474 2664 542 2717 τά
586 2665 783 2733 σημεῖα
824 2664 1139 2734 κεχηνότες,
1180 2663 1315 2716 ἀλλά
1362 2661 1542 2733 πολλῷ
1593 2662 1792 2733 μᾶλλον
1829 2661 1966 2732 πρὸς

296 2754 420 2816 τοὺς
445 2752 798 2822 πειρασμούς.
830 2752 929 2805 Διὰ
955 2752 1110 2805 τοῦτο
1131 2752 1224 2806 καὶ
1253 2751 1415 2815 αὐτὸς
1437 2751 1611 2820 ἔλεγε·
1651 2751 1759 2804 Τὸν
1777 2750 1967 2804 αὐτὸν

295 2836 499 2911 ἀγῶνα
532 2839 796 2908 ἔχοντες,
834 2834 963 2893 οἷον
982 2839 1168 2894 εἴδετε
1219 2839 1290 2893 ἐν
1327 2838 1457 2908 ἐμοὶ
1497 2838 1595 2893 καὶ
1642 2839 1964 2907 ἠκούσατε.

296 2927 537 2999 Διωγμοὶ
571 2926 843 2997 διωγμοὺς
883 2927 1213 2998 διεδέχοντο·
1263 2926 1541 2998 πανταχοῦ
1586 2926 1831 2997 πόλεμοι,
1865 2929 1969 2997 μά-

297 3032 411 3083 χαι,
450 3014 759 3069 λιθοϐολίαι.
809 3013 942 3067 Ποία
982 3015 1308 3085 προτροπῆς
1345 3015 1462 3078 πῶς
1500 3013 1715 3068 ἔπειθον
1744 3016 1801 3068 ἐν
1843 3031 1968 3085 προ-

296 3102 494 3170 οιμίοις
549 3100 756 3170 θλίψεις
787 3100 1064 3168 λέγοντες;
1102 3096 1238 3154 Εἶτα
1289 3100 1383 3154 καὶ
1442 3100 1574 3171 ἄλλη
1625 3101 1963 3172 παραμυθία.

296 3185 839 3254 Χειροτονήσαντες
893 3185 961 3238 δὲ
1029 3185 1232 3251 αὐτοῖς
1320 3185 1761 3254 πρεσϐυτέρους
1829 3187 1969 3239 κατ’

312 3271 697 3339 Ἐκκλησίαν,
748 3271 1223 3341 προσευξάμενοι
1257 3274 1406 3341 μετὰ
1454 3271 1770 3339 νηστειῶν,
1819 3285 1969 3342 παρ-

296 3359 502 3414 έθεντο
544 3361 769 3427 αὐτοὺς
799 3358 879 3426 τῷ
923 3361 1136 3429 Κυρίῳ,
1182 3363 1268 3425 εἰς
1323 3359 1396 3412 ὃν
1440 3362 1963 3416 πεπιστεύκεισαν.

300 3444 454 3511 Εἶδες
518 3447 832 3532 θερμότητα
894 3447 1141 3513 Παύλοὺ;
1214 3446 1733 3517 Προσευξάμενοι,
1803 3448 1965 3519 φησὶ,

294 3536 445 3605 μετὰ
520 3534 817 3602 νηστειῶν
904 3535 1227 3602 παρέθεντο
1297 3535 1521 3601 αὐτοὺς
1597 3534 1677 3600 τῷ
1754 3537 1963 3604 Κυρίῳ.

303 3620 465 3693 Ὅρα,
506 3621 646 3690 μετὰ
674 3620 936 3691 νηστειῶν
974 3622 1031 3674 αἱ
1069 3622 1412 3692 χειροτονίαι.
1442 3622 1612 3675 Πάλιν
1633 3624 1874 3695 νηστεία,
1907 3625 1968 3678 τὸ

300 3707 597 3777 καθάρσιον
635 3707 744 3759 τῶν
783 3708 1065 3779 ἡμετέρων
1092 3708 1299 3778 ψυχῶν.
1333 3709 1445 3762 Καὶ
1482 3709 1819 3777 διελθόντες
1852 3710 1970 3779 τὴν

298 3794 602 3858 Πισιδίαν,
636 3791 827 3865 ἦλθον
867 3796 955 3861 εἰς
992 3795 1357 3863 Παμφυλίαν
1377 3811 1392 3826 ’
1454 3796 1553 3851 καί
1584 3797 1970 3867 λαλήσαντες

298 3881 372 3934 ἐν
408 3879 601 3949 Πέργῃ
645 3884 753 3933 τὸν
796 3882 1004 3950 λόγον,
1049 3880 1443 3951 κατήντησαν
1484 3886 1571 3949 εἰς
1612 3884 1967 3942 Ἀττάλειαν.

302 3966 422 4019 Ἵνα
464 3966 573 4038 γάρ
625 3967 700 4038 μὴ
745 3966 1028 4041 καταπέσῃ
1075 3967 1144 4020 τὰ
1216 3971 1541 4040 φρονήματα
1599 3970 1747 4039 τῶνίι
1795 3972 1963 4043 μαθη-

301 4051 431 4116 τῶν,
461 4054 542 4106 ὄτι
580 4055 628 4108 οἱ
668 4052 1016 4123 νομιζόμενοι
1047 4054 1161 4107 θεοὶ
1184 4053 1409 4109 τοιαῦτα
1434 4056 1756 4127 πάσχουσιν,
1791 4059 1971 4130 εἰσῆλ-

303 4141 393 4193 θον
446 4141 581 4213 πρὸς
619 4141 838 4208 αὐτοὺς,
898 4141 990 4194 καὶ
1021 4140 1391 4212 διελέχθησαν.
1443 4145 1552 4197 Καὶ
1571 4144 1707 4215 ὅρα·
1756 4145 1969 4215 πρῶτον

300 4229 382 4292 είς
427 4228 635 4301 Δέρϐην
683 4229 982 4301 ἐξέρχεται,
1033 4229 1209 4294 διδοὺς
1254 4232 1435 4295 αὐτοῖς
1486 4232 1818 4287 ἀναπνεῦσαι
1874 4236 1968 4288 τοῦ

306 4315 499 4386 θυμοῦ,
546 4316 643 4369 καὶ
692 4317 815 4369 τότε
871 4316 1035 4370 πάλιν
1064 4319 1144 4381 είς
1198 4317 1450 4390 Λύστραν
1492 4321 1587 4373 καὶ
1614 4320 1831 4374 Ἰκόνιον
1875 4323 1969 4376 καὶ

302 4403 656 4474 Ἀντιόχειαν,
690 4404 1048 4476 θυμουμένοις
1070 4406 1168 4477 μὲν
1189 4409 1372 4473 αὐτοῖς
1391 4408 1575 4476 εἴκων,
1599 4412 1971 4482 πεπαυμένοις

303 4489 359 4542 δὲ
383 4490 776 4563 ἐπιτιθέμενος.
804 4492 954 4565 [945]
999 4494 1275 4564 Ὀρᾷς,ὅτι
1304 4495 1364 4549 οὗ
1388 4498 1563 4549 πάντα
1597 4498 1802 4568 χάριτι,
1836 4499 1970 4554 ἀλλά

305 4581 401 4631 καὶ
427 4579 602 4650 οίκείᾳ
640 4580 840 4650 σπουδῇ
873 4579 1101 4649 διῴκουν
1125 4585 1177 4646 ·;
1239 4583 1523 4637 Κάκεῖθεν
1573 4586 1971 4640 ἀπέπλευσαν

302 4669 392 4731 εἰς
419 4667 794 4735 Ἀντιόχειαν,
824 4666 963 4720 ὅθεν
983 4662 1145 4738 ἦσαν
1183 4668 1650 4738 παραδεδομένοι
1675 4671 1748 4740 τῇ
1776 4673 1969 4742 χάριτι

302 4751 409 4805 τοῦ
447 4751 594 4806 Θεοῦ
634 4754 721 4817 εἰς
751 4751 817 4805 τὸ
858 4753 1054 4821 ἔργον,
1084 4753 1116 4806 ὃ
1148 4753 1530 4822 ἐπλήρωσαν.
1580 4760 1678 4812 Διὰ
1716 4761 1769 4812 τί
1809 4761 1970 4815 πάλιν

302 4838 554 4910 ἔρχονται
590 4839 670 4900 είς
697 4838 1057 4909 ’Δντιόχειανς
1092 4840 1208 4893 Ἵνα
1236 4843 1610 4912 ἀπαγγείλωσι
1647 4846 1715 4900 τά
1740 4850 1857 4903 ἐκεῖ
1877 4865 1977 4904 γε..

303 4926 526 4996 νόμενα.
558 4925 767 4990 Ἀλλως
796 4925 854 4979 δὲ
890 4926 983 4978 καὶ
1025 4929 1388 5000 οἰκονομεῖται
1440 4932 1582 5001 μέγα
1626 4936 1858 5006 πρᾶγμα
1887 4939 1946 4992 ἐν

303 5010 523 5066 τεῡθεψ
577 5010 685 5065 ἔδει
730 5011 839 5084 γὰρ
882 5011 1066 5067 λοιπὸν
1098 5016 1238 5086 μετά
1292 5020 1605 5090 παρρησίας
1646 5024 1758 5085 τοῖς
1794 5021 1970 5077 ἔθνεσι

306 5104 616 5177 κηρύττειν.
662 5105 952 5175 Ἐρχονται
996 5100 1088 5159 οὖν
1136 5106 1311 5163 ταῦτα
1369 5110 1832 5179 ἀπαγγέλλοντες,
1882 5115 1969 5168 ἵνα

305 5193 502 5247 εἰδέναι
534 5192 719 5263 ἔχωσι.
762 5194 874 5245 Καὶ
920 5195 1282 5267 οἰκονομεῖται
1337 5197 1458 5251 τότε
1525 5200 1803 5255 κατελθεῖν
1841 5205 1969 5267 τοὺς

305 5280 614 5344 κωλύοντας
654 5282 766 5344 τοῖς
801 5280 1009 5336 ἔθνεσιν
1037 5283 1266 5353 ὁμιλεῖν.
1313 5285 1402 5339 ἵνα
1434 5285 1622 5341 λοιπὸν
1666 5289 1774 5343 ἀπὸ
1800 5290 1969 5362 Ἱερο-

306 5367 552 5438 σολύμων
584 5368 781 5439 πολλὴν
814 5368 1065 5434 λαϐόντες
1095 5370 1298 5434 ἄδειαν.
1332 5374 1469 5443 μετά
1500 5376 1814 5447 παρρησίας
1842 5379 1970 5431 ἀπί-

305 5472 457 5508 ωσιν.
485 5456 557 5508 Ἦ
586 5458 679 5509 καὶ
722 5457 918 5521 ἄλλως,
953 5458 1222 5513 δείκνυσιν
1252 5460 1429 5514 αὐτῶν
1461 5461 1522 5514 τὸ
1568 5458 1700 5533 ἦθος
1731 5465 1830 5518 οὐκ
1868 5464 1968 5518 αύ-

307 5538 485 5602 θαδες.
515 5543 803 5613 Ἔρχονται
835 5545 944 5616 γὰρ
981 5548 1081 5616 τήν
1110 5564 1171 5600 τε
1211 5549 1522 5620 παρρησίαν
1551 5551 1966 5623 ἐνδεικνύμενοι,

307 5627 389 5680 ὅτι
428 5628 522 5681 καὶ
558 5630 724 5699 χωρὶς
770 5634 992 5688 ἐκείνων
1024 5639 1136 5700 τοῖς
1162 5636 1371 5692 ἔθνεσιν
1416 5639 1711 5710 ἐκήρυξαν,
1749 5646 1842 5695 καὶ
1865 5642 1969 5712 ’τὴν

373 5854 871 5935 ἶξμξιξεὶξξιχῇἧματα
893 5866 1003 5912 τῶν.
1052 5868 1191 5935 :Sic
1203 5869 1297 5919 duo
1319 5867 1457 5919 codd.
1484 5871 1686 5929 optime.
1711 5868 1965 5935 Commel.,

308 5919 458 5969 Savil.
483 5924 536 5965 et
562 5917 729 5966 Monlf.
752 5917 1010 5974 έδιωκουν.
1050 5927 1191 5979 EDlr.

1082 276 1142 332 S.
1181 273 1471 332 JOANNIS
1510 268 2004 329 CHRYSOSTOI“
2045 270 2366 328 ARCHIEP.
2404 266 2954 329 CONSTANTINOP.

3620 274 3736 331 230

2066 390 2331 462 ὑπακοὴν,
2373 392 2456 445 ὅτι
2497 391 2678 449 αὐτοῖς
2712 390 3111 460 ἀναφέρουσιν
3155 390 3215 443 οὐ
3243 391 3350 459 γὰρ
3382 392 3465 455 ῶς
3499 394 3737 448 τοσαῦτα

2061 478 2477 548 κατορθωκότες-
2510 477 2908 548 ἀπενοήθησαν.
2950 476 3132 530 Ὅθεν
3187 473 3350 547 ἦσαν
3394 479 3732 546 παραδεδο-

2054 563 2256 631 μένοι,
2290 564 2445 633 φησὶ,
2486 561 2562 633 τῇ
2593 563 2787 633 χάριτι
2816 563 2921 618 τοῦ
2951 564 3120 617 Θεοῦ.
3154 564 3263 617 Καὶ
3286 565 3390 637 μὴν
3415 565 3477 618 τὸ
3510 566 3733 637 Πνεῦμα

2062 647 2246 704 εἶπενο
2285 652 2419 705 ἀλλὰ
2450 651 2517 705 τά
2550 651 2644 705 τοῦ
2704 653 3019 721 Πνεύματος
3074 649 3214 705 οἶδεν
3259 654 3388 706 ὄντα
3431 653 3526 707 τοῦ
3571 655 3723 706 Υίοῦσ

2064 737 2160 807 μία
2187 739 2295 809 γὰρ
2322 740 2559 804 ἐξουσία,
2582 739 2770 809 ὥσπερ
2820 741 2854 808 ἡ
2909 739 3067 808 φύσις
3106 739 3203 793 καὶ
3256 740 3387 793 Υἱοῦ
3431 741 3525 794 καὶ
3565 740 3740 793 Πνεύ-

2065 842 2227 895 ματος
2251 826 2366 895 μία.
2399 828 2869 895 Παραγενόμενοι
2898 826 2966 879 δὲ
3004 827 3101 879 καί
3141 829 3594 896 συναγαγόντες
3618 828 3736 895 τήν

2074 912 2456 979 Ἐκκλησίαν,
2490 915 2867 983 ἀπήγγειλαν
2901 913 3018 966 ὅσα
3034 913 3327 981 ἐποίησεν
3362 918 3396 969 ό
3431 916 3576 981 Θεὸς
3606 917 3735 984 μετ’

2060 999 2275 1059 αὐτῶν.
2323 1004 2421 1054 καὶ
2463 1002 2552 1055 ὅτι
2595 1001 2841 1070 ἤνοιξεν
2880 1005 2913 1056 d
2965 1002 3109 1067 Θεὸς
3149 1002 3276 1068 τοῖς
3308 1003 3512 1058 ἔθνεσι
3547 1005 3736 1072 θύραν

2062 1089 2338 1155 πίστεως.
2366 1090 2661 1158 Διέτριὸον
2699 1090 2767 1143 δὲ
2813 1090 2944 1145 ἐκεῖ
2967 1091 3190 1160 χρόνον
3224 1093 3337 1147 οὐκ
3365 1092 3573 1162 ὀλίγον
3613 1093 3736 1145 σὺν

2059 1178 2187 1242 τοῖς
2219 1178 2532 1246 μαθηταῖς.
2573 1180 2810 1250 Ε-ίκότως
2831 1195 2846 1210 ο
2895 1180 3106 1249 μεγάλη
3157 1180 3268 1249 γὰρ
3303 1174 3438 1232 οὖσα
3479 1184 3511 1250 η
3557 1181 3731 1243 πόλις,

2061 1264 2229 1317 ἐδεῖτο
2260 1248 2865 1365 διδασκάλωνθηδωμεν
2893 1248 3078 1320 λοιπὸν
3096 1248 3311 1320 ἀνωθεν
3335 1267 3404 1321 τὰ
3438 1248 3730 1338 εἰρημένα.

2062 1351 2209 1421 Αὐτῇ
2233 1354 2298 1422 τῇ
2324 1352 2445 1422 ὄψει
2463 1352 2491 1392 δ
2516 1351 2861 1421 κατέπληξαν
2887 1354 3085 1417 αὐτοὺς
3108 1353 3497 1427 διαρρήξαντες
3523 1354 3593 1407 τὰ
3612 1354 3734 1423 ἱμά-

2062 1455 2168 1492 τια.
2202 1438 2373 1491 Τοῦτο
2419 1441 2514 1494 καὶ
2558 1439 2761 1510 Ἰησοῦς
2792 1443 2821 1493 ὁ
2852 1440 2943 1493 τοῦ
2972 1440 3127 1513 Ναυὴ
3157 1441 3330 1494 ἐποίει
3372 1441 3464 1494 ἐπὶ
3498 1444 3565 1513 τῇ
3595 1442 3735 1515 ἥττῃ

2062 1523 2155 1577 τοῦ
2184 1524 2333 1579 λαοῦ.
2358 1526 2449 1597 Μὴ
2474 1527 2652 1580 τοίνυν
2674 1528 2900 1598 νομίσῃς
2936 1528 3155 1594 ἀνάξιον
3182 1528 3364 1582 αὐτῶν
3388 1525 3524 1581 εἶναι
3552 1529 3731 1590 τοῦτο,

2064 1613 2272 1683 καὶτῆς
2305 1614 2622 1677 εὐπαθείας
2656 1614 2865 1669 αὐτῶν·
2908 1615 3009 1668 οὐκ
3048 1614 3114 1669 ἂν
3146 1616 3256 1687 γὰρ
3292 1617 3468 1680 ἄλλως
3506 1616 3735 1688 ἐπέσχον

2062 1702 2161 1771 τὴν
2192 1701 2460 1773 τοσαύτην
2488 1703 2686 1773 ὁρμὴν,
2714 1704 2813 1755 οὐκ
2841 1700 2905 1756 ἂν
2933 1703 3111 1766 ἄλλως
3137 1703 3234 1773 τὴν
3264 1704 3443 1774 πυρὰν
3478 1704 3731 1760 ἔσϐεσαν.

2065 1789 2233 1843 Ὅταν
2257 1785 2349 1843 οὗν
2391 1807 2442 1843 τι
2491 1791 2584 1862 δέῃ
2626 1790 2735 1843 τῶν
2791 1791 3017 1844 δεόντων
3062 1790 3334 1859 γενέσθαι,
3392 1792 3530 1861 μηδὲ
3568 1795 3734 1862 ἡμεῖς

2064 1876 2480 1948 παραιτώμεθα.
2510 1880 2572 1931 Εἰ
2593 1878 2771 1932 τοίνυν
2799 1881 2893 1933 καὶ
2929 1877 3065 1950 μετά
3098 1880 3270 1932 ταῦτα
3304 1879 3454 1949 μόλις
3474 1878 3728 1947 ἔπεισαν,

2065 1964 2112 2015 εί
2148 1965 2223 2035 μὴ
2256 1964 2428 2028 οὕτως
2455 1967 2799 2037 εἰργάσαντο,
2824 1966 2877 2020 τί
2902 1967 3001 2020 οὐκ
3030 1967 3094 2019 ἂν
3126 1969 3341 2036 ἐγένετο
3366 1985 3381 2035 ;
3423 1969 3487 2023 El
3515 1967 3622 2040 γάρ
3654 1968 3731 2040 μὴ

2064 2051 2235 2116 οὕτως
2283 2054 2563 2124 ἐποίησαν,
2613 2055 2975 2126 ἐνομίσθησαν
3027 2054 3091 2108 ἄν
3154 2073 3267 2119 πως
3315 2056 3727 2128 ὑψηλοφρονεῖν,

2066 2141 2160 2193 καὶ
2200 2141 2399 2211 μᾶλλον
2429 2142 2674 2210 ἐφίεσθαι
2706 2143 2803 2212 τῆς
2829 2146 3016 2213 τιμῆς.
3063 2144 3173 2195 Καὶ
3197 2145 3297 2214 ὅρα
3329 2144 3419 2197 τὸν
3449 2144 3604 2212 λόγον
3635 2162 3732 2213 με.

2069 2228 2405 2298 μετρημένον
2449 2230 2504 2281 ἐν
2540 2231 2608 2300 τῇ
2656 2227 2963 2299 ἐπιπλήξει,
3018 2231 3112 2283 καὶ
3150 2230 3425 2301 θαύματος
3465 2231 3601 2302 ὁμοῦ
3643 2232 3735 2301 γέο

2069 2331 2236 2384 μοντα
2263 2317 2353 2368 καὶ
2382 2316 2741 2387 ἐπιπλήξεως.
2781 2316 2951 2370 Τοῦτο
2976 2318 3213 2388 μάλιστα
3237 2320 3433 2380 αὐτοὺς
3473 2318 3732 2384 ἐκώλυσε,

2066 2402 2125 2455 τὸ
2141 2405 2333 2467 εἰπεῖν,
2359 2404 2469 2459 Kal
2502 2404 2672 2473 ἡμεῖς
2693 2406 3068 2471 ὁμοιοπαθεῖς
3103 2407 3293 2475 ἐσμεν
3331 2407 3470 2476 ὑμῖν
3519 2407 3735 2475 ἀνθρω-

2065 2504 2188 2557 ποι,
2207 2490 2713 2561 εὐαγγελιζόμενοι
2735 2491 2891 2561 ὑμᾶς
2915 2493 3035 2548 ἀπὸ
3068 2492 3188 2547 τῶν
3210 2494 3478 2562 ματαίων
3508 2496 3736 2548 τούτων

2065 2576 2446 2647 ἐπιστρέφειν
2478 2578 2578 2632 ἐπὶ
2611 2577 2720 2633 τὸν
2758 2580 2925 2634 Θεόν.
2974 2579 3118 2632 Ὠσεὶ
3159 2579 3372 2649 ἔλεγον·
3423 2581 3734 2652 Ἄνθρωποι

2070 2663 2168 2733 μέν
2197 2666 2384 2734 ἐσμεν,
2416 2667 2568 2735 φησὶ,
2598 2668 2804 2721 τούτων
2832 2667 2890 2721 δὲ
2919 2667 3169 2739 μείζους·
3203 2669 3375 2722 ταῦτα
3406 2668 3516 2739 γάρ
3541 2669 3732 2738 νεκρά.

2072 2749 2209 2821 Ὅρα
2247 2752 2442 2814 αὐτοὺς
2477 2753 2578 2807 οὐκ
2624 2754 3028 2825 ἀνατρέποντας
3079 2755 3259 2825 μόνον,
3301 2755 3436 2808 ἀλλὰ
3472 2756 3567 2808 καὶ
3593 2756 3737 2808 ansa.

2070 2854 2314 2903 σκοντας,
2355 2841 2449 2893 καὶ
2482 2840 2635 2895 οὐδὲν
2682 2842 2808 2913 περὶ
2862 2842 3106 2913 ἀοράτων
3163 2842 3587 2914 φθεγγομένους.
3630 2846 3736 2909 Ὃς

2066 2926 2339 2994 ἐποίησε,
2385 2929 2550 2998 φησὶ,
2584 2930 2692 2983 τὸν
2728 2931 2989 2998 οὐρανὸν
3024 2930 3124 2984 καὶ
3168 2931 3286 2997 τὴν
3318 2930 3437 3001 γῆν
3477 2932 3576 2985 καὶ
3619 2933 3736 3000 τὴν

2069 3014 2406 3080 θάλασσαν,
2431 3015 2529 3069 καί
2559 3016 2756 3071 πάντα
2781 3018 2853 3071 τὰ
2878 3019 2947 3072 ἐν
2976 3016 3199 3083 αὐτοῖς.
3220 3019 3522 3089 Μάρτυρας
3539 3019 3736 3084 αὐτοὺς

2068 3101 2213 3171 λέγει
2238 3105 2363 3166 τοὺς
2392 3106 2688 3170 ἐνιαυτούς.
2722 3106 2786 3159 Ὢ
2812 3110 2911 3173 τῆς
2946 3106 3140 3177 μανίας
3165 3108 3263 3176 τῆς
3288 3107 3619 3178 Ἰουδαῖκῆςί
3652 3112 3735 3173 είς

2066 3190 2237 3261 δῆμον
2292 3190 2434 3245 οὕτω
2480 3194 2787 3269 τιμήσαντα
2838 3195 2967 3259 τοὺς
3033 3195 3365 3259 ἀποστόλους
3433 3198 3735 3269 ἐτόλμησαν

2068 3250 2300 3350 ἐμδῆναι
2337 3281 2431 3333 καὶ
2458 3250 2676 3421 igaém
2715 3250 2963 3336 Παῦλον..
2986 3283 3132 3347 Ἔξω
3160 3284 3217 3335 δὲ
3247 3250 3361 3353 τῆς.
3379 3250 3586 3348 πόλεως
3614 3250 3736 3339 ἔσο.

2072 3382 2190 3421 ραν.
2254 3366 2396 3421 τάγα
2446 3366 2501 3420 δε
2569 3370 2743 3421 ικότες
2787 3372 3011 3421 ἐκεῖνον.
3072 3372 3182 3421 Kal
3233 3373 3729 3421 ποοσευὲἁηενοι-

2072 3382 2190 3436 ραν,
2254 3366 2396 3437 τάχα
2446 3366 2743 3433 δεδοικότες
2787 3372 3011 3425 ἐκεῖνον.
3072 3372 3182 3428 Kal
3233 3373 3730 3442 προσευξάμενοι,

2069 3454 2222 3524 φησὶ,
2257 3454 2401 3520 μετὰ
2428 3457 2741 3527 νηστειῶν,
2779 3459 3102 3530 παρέθεντο
3135 3460 3356 3527 αὐτοὺς
3388 3460 3469 3526 τῷ
3516 3462 3728 3531 Κυρίῳ.

2068 3541 2179 3595 Kal.
2201 3543 2480 3610 νηστεύειν
2502 3546 2777 3601 ἐδίδασκον
2808 3549 2865 3600 ἐν
2886 3551 2999 3612 τοῖς
3027 3552 3376 3619 πειρασμοῖς.
3428 3551 3542 3603 υύκ
3574 3547 3735 3603 εἶπαν

2069 3629 2168 3683 ὅσα
2201 3632 2354 3686 αὐτοὶ
2376 3635 2660 3704 ἐποίησαν,
2695 3635 2808 3688 ἀλλ’
2845 3637 2947 3689 ὅσα
2972 3637 3001 3689 δ
3032 3636 3165 3699 Θεὸς
3194 3636 3310 3707 μετ’
3338 3637 3537 3692 αὐτῶν.
3584 3638 3762 3707 Ἐμοὶ·

2069 3711 2283 3769 δοκοῦσι
2311 3718 2438 3780 τοὺς
2462 3719 2801 3789 πειρασμοὺς
2844 3718 3043 3787 λέγειν.
3085 3720 3196 3788 Οὐχ
3239 3719 3425 3784 ἁπλῶς
3457 3717 3621 3790 ἦλθον
3649 3725 3737 3773 εν-

2069 3798 2399 3867 ταῦθα,οὑδὲ
2422 3803 2930 3874 διαναπαυσόμενοι,
2952 3803 3008 3877 [2
3018 3804 3100 3876 ιι]
3115 3805 3230 3858 ἀλλ’
3246 3806 3604 3876 οίκονομικῶς
3633 3808 3738 3859 ὑπὸ

2069 3888 2210 3942 τοῦθ
2241 3891 2556 3961 Πνεύματος
2587 3891 2960 3961 ὁδηγούμενοι,
3012 3890 3153 3944 ὥστε
3199 3892 3261 3945 τὸ
3317 3893 3577 3963 κήρυγμα
3625 3892 3737 3946 τῶν

2069 3978 2239 4032 ἐθνῶν
2268 3977 2650 4048 βεδαιωθῆναι.
2686 3962 2797 4033 Καὶ
2831 3974 2921 4031 διὰ
2963 3979 3038 4043 τί,
3077 3978 3262 4048 φησὶν,
3296 3981 3355 4032 ἐν
3387 3980 3599 4051 Κύπρῳ
3635 3981 3737 4033 οὐκ

2070 4067 2333 4138 ἐποίησαν
2358 4065 2756 4137 πρεσϐυτέρους
2779 4066 2899 4119 οὐδὲ
2920 4069 2979 4120 ἐν
3010 4067 3295 4138 Σαμαρείᾳ
3312 4066 3338 4107 ἀ
3363 4083 3378 4131 ;
3407 4067 3529 4122 Ὅτι
3552 4069 3735 4139 ἐκείνη

2074 4154 2172 4225 μὲν
2203 4154 2368 4223 ἐγγὺς
2396 4150 2465 4225 ἦν
2491 4151 2599 4205 τῶν
2629 4154 2961 4219 ἀποστόλων,
2998 4153 3138 4224 αὕτη
3165 4154 3221 4207 δὲ
3248 4154 3348 4221 τῆς
3387 4155 3734 4226 Ἀντιοχείας,

2071 4241 2166 4296 καὶ
2194 4243 2224 4294 ὁ
2248 4240 2404 4310 λόγος
2432 4241 2653 4314 ἐκράτει
2672 4260 2686 4273 ’
2720 4242 2954 4296 ἐνταῦθα
2986 4243 3045 4295 δὲ
3078 4242 3278 4313 πολλῆς
3315 4242 3523 4296 ἐδέοντο
3558 4262 3737 4317 παρα-

2074 4329 2292 4399 μυθίας,
2330 4331 2424 4384 καὶ⁴
2472 4330 2704 4400 μάλιστα
2744 4332 2794 4384 οί
2848 4331 2909 4396 ἐξ
2954 4331 3157 4396 ἐθνῶν,
3213 4333 3518 4402 δφείλοντές
3566 4333 3737 4387 πολλὰ

2071 4416 2434 4473 διδάσκεσθαι.
2467 4412 2672 4473 Ἦλθον
2706 4418 3066 4484 διδάσκοντες,
3096 4420 3177 4473 ὅτι
3204 4420 3429 4483 εἰκότως
3462 4422 3734 4491 ἐχειροτο-

2072 4504 2313 4576 νήθησαν
2333 4506 2437 4560 ὑπὸ
2459 4505 2551 4559 τοῦ
2582 4507 2923 4578 Πνεύματος.
2961 4508 3072 4561 Καὶ
3111 4508 3213 4578 δρα
3244 4508 3306 4561 τὸ
3335 4507 3536 4579 θερμὸν
3584 4510 3736 4562 Παύ-

2070 4591 2183 4646 λου.
2224 4594 2297 4645 Ού
2331 4593 2656 4647 πυνθάνεται
2691 4597 2740 4648 εί
2767 4595 2847 4649 δεῖ
2872 4594 3099 4665 λαλῆσαι
3134 4595 3363 4658 ἔθνεσιν,
3390 4595 3506 4648 ἀλλ’
3535 4595 3736 4660 εὐθέως

2072 4679 2252 4733 λαλεῖ’
2314 4680 2403 4735 διὰ
2452 4681 2609 4735 τοῦτο
2671 4682 2876 4751 ἔλεγεν,
2923 4680 3006 4737 Οὐ
3051 4683 3509 4753 προσανεθέμην
3554 4684 3736 4753 σαρκὶ

2070 4768 2169 4820 καί
2192 4768 2410 4836 αἵματι.

2140 4860 2209 4921 γ’.
2246 4853 2405 4921 Μέγα
2430 4854 2598 4918 ὅντως
2630 4854 2887 4927 ἀγαθὺνή
2924 4855 3117 4927 θλῖψις,
3148 4859 3246 4912 καὶ
3283 4858 3527 4929 μεγάλης
3553 4858 3735 4929 ψυχῆς

2071 4943 2209 5005 ἐστι,
2242 4945 2338 4995 καὶ
2368 4943 2622 5011 γενναίας
2654 4943 3005 5015 κατόρθωμα.
3064 4946 3225 5001 Πόσοι
3266 4947 3404 5017 μετά
3431 4946 3590 5001 τοῦτο
3618 4947 3736 4999 ἐπί-

2071 5045 2322 5095 στευσαν,
2354 5031 2450 5084 καὶ
2475 5016 2648 5095 οίίδεὶς
2671 5031 2844 5093 οὕτως
2881 5032 3154 5104 ἐλαμψενς
3212 5016 3370 5088 Οὕτω
3426 5035 3736 5106 προθυμίας

2069 5119 2203 5188 ἡμῖν
2226 5117 2307 5170 δεῖ
2334 5120 2632 5188 πανταχοῦ,
2666 5119 2967 5190 πυρώσεως
2999 5132 3022 5161 ο
3075 5121 3298 5193 πολλῆς,
3360 5121 3571 5193 ψυχῆς,
3598 5122 3736 5193 πρὸς

2070 5205 2299 5260 θάνατον
2352 5209 2842 5280 παρατεταγμένης
2867 5226 2882 5240 °
2939 5210 3116 5275 ἄλλως
3164 5210 3274 5283 γὰρ
3325 5211 3425 5265 οὐκ
3488 5211 3567 5264 ἔνι
3636 5211 3735 5280 τῆς

2071 5291 2350 5361 βασιλείας
2409 5297 2628 5365 τυχεῖν,
2687 5295 2763 5367 μὴ
2814 5299 3213 5369 σταυρωθέντα.
3275 5298 3367 5370 Μὴ
3432 5297 3734 5368 ἀπατῶμεν

2068 5379 2316 5445 ἑαυτούς.
2342 5382 2420 5435 Εἰ
2469 5382 2578 5454 γὰρ
2635 5386 2693 5436 ἐν
2750 5386 2971 5457 πολέμῳ
3001 5385 3238 5457 σωθῆναι
3263 5388 3325 5440 ού
3352 5386 3578 5440 δυνατὸν
3605 5402 3735 5456 τρυ-

2069 5468 2257 5536 φῶντα
2280 5470 2375 5523 καὶ
2407 5473 2876 5544 χρηματιζόμενον
2908 5476 3000 5528 καὶ
3030 5475 3408 5543 καπηλεύοντα
3438 5475 3533 5528 καὶ
3564 5473 3732 5545 ρᾳθυ-

2071 5556 2310 5626 μοῦντα’
2343 5559 2523 5629 πολλῷ
2546 5560 2744 5631 μᾶλλον
2795 5564 2854 5615 ἐν
2901 5562 2978 5632 τῷ
3030 5563 3250 5634 πολέμῳ
3300 5562 3495 5633 τούτῳ.
3534 5563 3604 5615 Ἢ
3633 5562 3735 5615 οὐκ

2066 5645 2244 5699 οἴεσθε
2283 5646 2518 5718 πόλεμον
2548 5645 2687 5703 εἷναι
2707 5649 2803 5705 νῦν
2839 5651 3060 5705 πάντων
3112 5651 3364 5722 πολέμων
3415 5651 3735 5722 χαλεπώτα-

2127 5747 2154 5785 b
2178 5753 2276 5803 Alii
2300 5756 2518 5821 εἰρημένα
2547 5759 2711 5819 πρώτῃ
2735 5763 2793 5820 τῇ
2822 5760 2942 5821 ὄψει.
3013 5763 3035 5789 ο
3050 5759 3378 5821 Οἰκονομικῶς
3409 5760 3493 5807 ἇτε
3512 5757 3601 5806 ὑπὸ
3624 5754 3733 5821 τοῦ,

2068 5817 2137 5863 sic
2185 5829 2327 5880 u_nus.
2372 5818 2420 5880 id
2463 5820 2545 5867 Sic
2581 5817 2781 5880 Quid-ani
2822 5817 2934 5867 m'ss.
2966 5830 3121 5869 recte.
3186 5817 3308 5869 ιιόὶιί
3356 5834 3475 5867 vero
3516 5820 3565 5867 ἐν
3623 5817 3734 5867 Ἀν-

2067 5877 2433 5949 τιοχείαηηξιίθ.
2506 5886 2527 5909 υ
2600 5877 2733 5928 ifnus
2785 5882 2982 5944 ἔλαμψε.
3036 5883 3303 5944 Προθυμίας
3354 5883 3440 5944 γὰρ
3482 5880 3591 5943 ὑμῖν
3639 5882 3730 5937 δεῖ,

2070 5954 2339 6003 πῖνρωσεως.
