4104 6148
413 230 519 284 εει)

416 347 590 400 wumi'
613 350 935 408 desiderium
969 354 1179 414 fervens
1207 368 1261 415 et
1285 365 1612 419 accensum?
1655 367 1712 422 lu
1750 368 1994 424 eatndem

408 451 595 492 rursus
642 439 861 500 intravit
913 448 1183 506 civitatem
1207 493 1223 520 ,
1268 464 1329 507 ut
1365 459 1740 515 ostenderetur
1780 461 1950 530 ipsum
1976 501 1993 528 ,

407 530 577 584 sicubi
617 536 861 605 recessit,
895 538 949 595 id
980 542 1188 608 fecisse,
1232 548 1373 616 quod
1401 551 1562 606 vellet
1601 553 1825 608 verbum
1853 553 1995 609 insev

410 635 546 686 rere,
577 630 793 697 etquod
820 647 928 687 non
951 647 1221 704 oporteret
1255 640 1489 708 furorem
1517 645 1729 702 illorum
1770 664 1992 703 succen-

408 715 553 771 dere.
584 717 710 775 lizec
748 738 854 778 non
896 726 1072 782 minus
1110 745 1271 801 quam
1318 734 1468 806 signa
1510 739 1830 808 conspicuos
1875 742 1993 797 illos

409 807 734 879 reddebant,
776 824 831 869 et
871 818 1042 888 majus
1087 822 1339 892 gaudium
1373 807 1668 897 pariebant.
1717 832 1988 902 Nusquam

407 914 537 955 vero
571 902 705 958 dicit
731 907 877 976 ipsus
903 927 1148 971 reVersos
1185 933 1326 987 esse,
1357 923 1649 992 gaudentes
1670 927 1811 997 quod
1840 929 1989 999 signa

404 980 680 1065 fecissent,
707 1001 805 1056 sed
834 1005 976 1073 quod
1019 1007 1165 1078 digni
1193 980 1628 1072 habitivfuissent
1652 980 1750 1088 pro
1774 980 1989 1078 nisi;

402 1083 516 1152 ejus
554 1094 933 1151 contumeliam
979 1101 1088 1168 pati
1119 1120 1133 1156 :
1162 1118 1283 1158 nam
1311 1116 1365 1161 et
1389 1106 1491 1164 hoc
1517 1124 1548 1165 a
1576 1083 1788 1167 Christo
1810 1114 1984 1171 edocti

404 1177 614 1235 fuerant
637 1182 851 1243 dicente
880 1206 894 1241 :
929 1189 1101 1246 Nolite
1124 1195 1346 1265 gaudere
1364 1240 1380 1266 ,
1411 1204 1533 1269 quia
1563 1203 1820 1259 diemonia
1849 1207 1986 1262 vobis

401 1269 735 1340 subjiciuntur
754 1277 902 1350 (Luc.
923 1282 1009 1338 l0.
1042 1284 1156 1355 20).
1175 1286 1369 1344 Verum
1404 1294 1547 1347 enim
1569 1296 1834 1351 sincerum
1856 1314 1987 1369 gau-

402 1361 550 1416 dium
594 1364 696 1422 hoc
737 1379 847 1435 est,
892 1374 1090 1444 aliquid
1131 1381 1237 1447 pati
1278 1396 1375 1452 pro
1408 1383 1643 1440 Christo.
1685 1361 1886 1446 Deinde
1930 1394 1981 1446 in

400 1457 646 1515 civitates
672 1462 786 1518 illas
822 1480 1011 1523 omnes
1053 1485 1334 1540 venerunt,
1377 1478 1431 1533 in
1464 1481 1658 1550 quibus
1698 1488 1979 1555 periclitati

401 1547 627 1606 fuerant.
659 1552 727 1607 Et
756 1569 952 1624 postera
978 1561 1061 1614 die
1106 1569 1359 1636 profectus
1399 1547 1622 1625 est-eum
1663 1573 1899 1632 Barnaba
1927 1581 1981 1634 in

398 1638 619 1701 Derben.
634 1644 723 1704 20.
740 1647 961 1721 Cumque
975 1659 1396 1726 evangelizassent
1407 1664 1595 1719 civitati
1608 1667 1705 1735 illi,
1722 1681 1769 1724 et
1781 1672 1981 1727 docuis—

393 1745 503 1787 sent
531 1739 732 1805 multos,
771 1746 956 1799 reversi
980 1759 1099 1802 sunt
1127 1748 1367 1822 Lystram
1392 1765 1439 1809 et
1463 1755 1698 1814 Iconium
1720 1773 1766 1815 et
1796 1765 1977 1819 Antio-

392 1826 579 1895 chiam,
601 1828 692 1885 2i.
719 1836 1078 1903 conﬁrmantes
1115 1844 1312 1899 animas
1353 1847 1741 1920 discipulorum,
1787 1859 1972 1910 exhor-

394 1926 653 1990 tantesque
696 1935 751 1977 ut
795 1943 1140 1993 permanerent
1172 1935 1226 1988 in
1255 1937 1379 2005 ﬁde,
1405 1951 1451 1993 et
1497 1943 1634 2010 quod
1661 1962 1750 2015 per
1788 1952 1974 2004 multas

395 2011 740 2072 tribulationes
766 2032 960 2089 oportet
986 2041 1077 2080 nos
1102 2028 1291 2084 intrare
1306 2035 1359 2086 in
1386 2050 1594 2105 regnum
1618 2039 1732 2093 Dei.

461 2103 516 2158 2.
555 2106 666 2163 Hoc
691 2109 968 2181 dicebant,
1004 2117 1105 2173 hoc
1135 2103 1523 2180 monstrabant.
1574 2128 1965 2203 Conﬁrmantes,

396 2195 580 2266 inquit,
607 2202 805 2258 animas
832 2205 1218 2276 discipulorum.
1266 2213 1450 2285 Itaque
1479 2195 1779 2278 confirmati
1807 2195 1964 2289 sunt,

396 2287 501 2341 imo
525 2300 646 2345 sunt
670 2297 919 2365 appositi.
952 2299 1320 2359 Prasdicabant
1347 2320 1506 2378 ergo,
1560 2326 1627 2366 ne
1660 2314 1711 2366 in
1738 2287 1967 2370 offendi;

391 2380 567 2435 culum
611 2385 882 2442 caderent.
934 2390 1004 2446 Et
1032 2395 1181 2462 quasi
1224 2395 1293 2451 de
1333 2398 1591 2455 industria
1622 2402 1725 2459 hoc
1753 2406 1830 2472 lit,
1860 2423 1964 2463 non

392 2479 590 2527 tantum
626 2490 722 2546 per
765 2482 1060 2549 apostolos,
1098 2486 1190 2539 sed
1218 2491 1375 2543 etiam
1409 2506 1504 2560 per
1531 2492 1859 2564 discipulos;
1908 2508 1968 2554 ut

390 2559 594 2619 discant
620 2570 797 2621 statim
828 2571 896 2624 ab
928 2573 1079 2627 initio
1107 2586 1159 2629 et
1182 2559 1573 2646 pra~dicaiionis
1595 2585 1724 2649 vim,
1747 2596 1801 2643 et
1821 2589 1965 2658 ipsos

390 2653 546 2708 etiam
573 2669 822 2727 oportere
850 2664 971 2717 talia
1012 2667 1155 2736 pati;
1188 2679 1350 2738 utque
1399 2673 1605 2730 fortiter
1646 2688 1807 2745 stent,
1857 2697 1965 2737 non

388 2749 546 2801 modo
574 2751 639 2804 ad
666 2753 813 2824 signa
844 2756 1127 2826 inhiantes,
1160 2763 1253 2818 sed
1285 2767 1452 2821 multo
1478 2770 1647 2840 magis
1676 2771 1741 2826 ad
1781 2782 1958 2829 tenta-

389 2838 577 2894 Iiones.
612 2841 733 2898 Ideo
758 2856 814 2901 et
841 2847 953 2917 ipse
981 2850 1195 2908 dicebat
1217 2873 1231 2909 :
1259 2853 1404 2910 Idem
1423 2838 1673 2916 certamen
1699 2864 1958 2933 habentes,

385 2933 530 2997 quale
573 2945 620 2988 et
664 2937 857 2994 vidistis
894 2941 948 2994 in
982 2959 1063 2996 me
1087 2955 1134 2997 et
1160 2949 1435 3004 exaudistis
1476 2952 1732 3027 (Philipp.
1763 2959 1814 3011 1.
1845 2960 1957 3029 50).

386 3019 828 3094 Persequutiones
867 3029 1171 3100 frequentes
1201 3049 1355 3094 erant
1384 3059 1397 3094 :
1432 3019 1628 3114 ubique
1644 3019 1830 3117 bella,
1865 3067 1961 3122 pu-

385 3128 527 3182 gnae,
560 3116 928 3185 lapidationcs.
958 3127 1142 3193 Qualis
1168 3130 1508 3189 adhortatio?
1539 3140 1807 3206 quomodo
1837 3116 1960 3213 per-

386 3204 700 3274 suadebant,
729 3210 854 3267 dum
884 3214 933 3268 in
966 3219 1230 3291 principio
1271 3204 1644 3284 tribulationes
1682 3204 1961 3290 dicerent?

388 3297 590 3354 Deinde
612 3310 666 3356 et
683 3303 782 3357 alia
810 3310 1103 3365 consolatio
1129 3331 1140 3365 :
1171 3313 1258 3369 22.
1286 3315 1486 3372 Etcum
1511 3321 1827 3380 ordinassent
1856 3327 1959 3384 illis

382 3407 472 3459 per
491 3392 717 3465 singulas
743 3395 997 3455 Ecclesias
1021 3404 1353 3477 presbyteros,
1383 3419 1427 3462 et
1447 3424 1672 3467 orassent
1692 3433 1804 3469 cum
1823 3419 1957 3490 ἰείη-

381 3483 495 3548 niis,
519 3493 986 3546 commendaverunt
1013 3511 1095 3549 eos
1118 3496 1355 3561 Domino,
1379 3501 1431 3554 in
1452 3517 1597 3568 quem
1617 3506 1955 3564 crediderunt.

382 3572 622 3632 Vidistin’
652 3578 918 3638 fervorem
941 3584 1131 3641 Pauli?
1170 3586 1297 3643 Cum
1325 3602 1570 3658 orassent,
1602 3595 1769 3666 inquit
1795 3641 1809 3663 ,
1844 3617 1957 3655 cum

380 3666 600 3735 irjuniis,
633 3676 1106 3733 commendaverunt
1135 3697 1218 3735 eos
1245 3681 1483 3739 Domino.
1526 3686 1679 3754 Vide,
1715 3707 1833 3746 cum
1868 3694 1954 3764 je-

380 3756 536 3824 juniis
574 3764 965 3825 ordinationes.
1000 3771 1206 3829 Rursus
1244 3775 1529 3846 jejunium,
1570 3785 1812 3852 purgatio
1837 3787 1954 3840 ani-

381 3866 580 3908 marum
608 3868 932 3915 nostrarum.
958 3864 1049 3919 25.
1073 3862 1506 3940 Transeuntesque
1530 3869 1797 3940 Pisidiam,
1822 3892 1958 3933 vene-

379 3954 493 3997 runt
516 3945 568 3999 in
590 3946 990 4021 Pamphyliam;
1012 3953 1102 4009 24.
1125 3967 1171 4009 et
1196 3957 1447 4028 loquentes
1467 3963 1667 4016 verbum
1688 3966 1740 4018 in
1768 3965 1951 4040 Perge,

380 4035 739 4097 descenderunt
769 4045 823 4098 in
849 4045 1110 4101 Attalium.
1138 4049 1272 4105 Nam
1295 4068 1362 4107 ne
1381 4052 1760 4124 discipulorum
1791 4062 1952 4117 animi

380 4133 736 4201 conciderent,
768 4138 909 4207 quod
941 4136 1035 4201 illi.
1069 4126 1165 4211 qui
1186 4143 1257 4198 dii
1286 4146 1572 4202 existimati
1602 4149 1833 4218 fuerant,
1876 4166 1955 4208 ta-

380 4221 444 4275 lia
488 4236 814 4293 paterentur,
868 4231 1090 4301 ingressi
1141 4244 1265 4289 sunt
1308 4237 1375 4290 ad
1416 4239 1557 4305 illos,
1605 4253 1660 4296 et
1694 4244 1951 4315 alloqnuti

377 4328 502 4371 sunt
526 4334 641 4375 eos.
676 4322 739 4375 Et
772 4323 921 4387 vide;
948 4327 1094 4395 prius
1134 4328 1186 4382 in
1236 4329 1442 4385 Derben
1487 4334 1615 4395 exit,
1668 4336 1801 4392 dans
1849 4340 1954 4395 illis

378 4409 670 4477 respirandi
712 4413 886 4469 locum
914 4432 941 4469 a
974 4417 1191 4485 furore,
1226 4432 1280 4475 et
1310 4433 1435 4477 tunc
1465 4441 1649 4481 rursus
1681 4432 1825 4484 venit
1852 4431 1954 4504 Ly-

374 4508 558 4569 stram,
580 4502 813 4560 Iconium
831 4519 884 4562 et
901 4512 1234 4566 Antiochiam
1262 4531 1274 4567 :
1300 4513 1595 4570 furentibus
1614 4518 1713 4574 illis
1734 4522 1947 4590 cedens,

375 4593 587 4651 sedatos
611 4612 740 4652 vero
766 4600 971 4655 adiens.
1005 4602 1169 4658 Vides
1211 4619 1306 4659 eos
1350 4622 1456 4660 non
1498 4612 1674 4663 omnia
1709 4628 1802 4682 per
1833 4632 1953 4685 gra-

376 4684 524 4750 tiam,
547 4688 642 4743 sed
670 4691 826 4745 etiam
852 4708 944 4762 per
968 4696 1241 4765 proprium
1271 4698 1504 4753 studium
1529 4684 1951 4764 administrasse.

372 4775 458 4830 25.
494 4776 557 4831 Et
585 4779 704 4835 inde
731 4785 1085 4855 navigaverunt
1117 4788 1458 4854 Antiochiam,
1505 4792 1639 4847 unde
1671 4807 1812 4850 erant
1842 4808 1948 4852 tra-

373 4870 465 4922 diti
487 4875 665 4941 gratite
690 4872 807 4942 Dei,
829 4879 881 4930 in
905 4894 1032 4947 Opus
1052 4882 1187 4950 quod
1212 4884 1603 4952 compleverunt.
1635 4885 1743 4942 Cur
1765 4906 1952 4948 rursus

373 4961 706 5020 Antiochiam
740 4968 994 5025 veniunt?
1017 4971 1088 5027 Ut
1110 4978 1426 5031 annuntient
1448 4994 1508 5033 ea
1537 4995 1654 5049 quae
1680 4982 1787 5036 illic
1815 4984 1948 5039 facta

372 5063 513 5106 sunt.
545 5056 795 5127 Alioquin
827 5076 958 5116 vero
1006 5064 1130 5118 hinc
1160 5081 1352 5136 magna
1384 5085 1468 5123 res
1494 5070 1900 5129 adminiSIratur
1931 5094 1945 5131 :

371 5149 648 5214 oportebat
676 5152 819 5206 enim
843 5153 952 5223 jam
980 5171 1100 5209 cum
1137 5157 1323 5213 fiducia
1361 5162 1648 5228 prmdicare
1679 5169 1946 5235 gentibus.

377 5236 605 5297 Veniunt
647 5259 778 5315 ergo
822 5247 936 5302 hmo
977 5252 1298 5318 nuntiaturi,
1351 5263 1408 5308 ut
1447 5257 1585 5310 scire
1618 5261 1839 5326 possint.
1885 5263 1951 5317 Et

369 5334 693 5400 providetur,
727 5346 785 5392 ut
823 5350 950 5396 tunc
977 5344 1192 5397 veniant
1230 5345 1263 5397 ii
1291 5347 1379 5414 qui
1430 5350 1779 5415 prohibebant
1825 5372 1944 5410 cum

368 5426 612 5491 gentibus
639 5434 873 5494 versari;
906 5446 964 5487 ut
992 5436 1184 5491 deinde
1211 5454 1455 5508 magnam
1491 5457 1555 5495 cx
1598 5443 1944 5514 Jcrosolvmis

370 5515 614 5573 tlduciam
647 5521 849 5590 adepti,
883 5524 1108 5581 fidenter
1133 5527 1360 5583 abirent.
1395 5530 1490 5584 Vel
1535 5534 1690 5588 aliter
1767 5547 1945 5592 osten-

369 5604 446 5659 dit.
471 5622 657 5664 eorum
691 5628 870 5668 mores
912 5632 1016 5670 non
1060 5620 1415 5689 arrogantiam
1462 5637 1670 5691 sapere.
1714 5624 1948 5682 Veniunt

371 5695 531 5764 cnim,
564 5712 617 5755 ut
648 5710 705 5757 et
740 5703 985 5761 fiduciam
1023 5724 1170 5763 suam
1217 5711 1524 5781 exhibeant,
1561 5716 1700 5784 quod
1743 5719 1945 5790 absque

1374 244 1440 301 IN
1480 247 1657 302 ACTA
1701 250 2220 312 APOSTOLORUM.
2263 259 2495 319 HOMIL.
2535 264 2731 327 XXXI.

3575 295 3682 352 230

2106 371 2209 427 illis
2232 378 2613 444 pricdicassent
2640 388 2908 457 gentibus,
2953 407 3008 451 et
3036 401 3415 480 obedientiam,
3440 420 3585 485 quod
3613 425 3680 478 ad

2101 466 2221 523 illos
2249 488 2360 527 rem
2388 476 2623 534 referant
2654 500 2668 535 :
2700 500 2871 555 neque
2900 491 3064 559 enim,
3091 502 3233 567 quod
3257 505 3376 560 talia
3408 508 3679 582 fecissent,

2099 575 2412 634 arroganter
2441 583 2685 640 egerunt.
2721 576 2869 633 Unde
2891 594 3035 638 eram
3059 592 3252 657 traditi,
3284 597 3472 670 inquit,
3503 575 3683 675 gratiae

2108 652 2198 675 πυ
2249 658 2331 675 ιη-.
2563 668 2593 675 -
2639 669 2650 675 -
2688 671 2698 675 -

2097 652 2213 709 Dei.
2249 658 2530 732 Etiamque
2560 668 2788 735 Spiritus
2830 675 3078 746 dixerat;
3120 687 3214 741 sed
3258 705 3317 744 ea
3336 652 3369 756 ,Ἰ
3394 652 3531 766 qui;
3556 714 3683 758 sunt

2097 747 2347 816 Spiritus,
2394 757 2594 813 sciebat
2622 777 2743 819 esse
2773 764 2890 821 Filii
2925 787 2939 821 :
2970 789 3069 826 una
3098 778 3240 832 enim
3273 747 3529 856 potegtas,
3572 795 3677 849 sie—

2097 850 2156 894 ut
2196 853 2386 901 natura
2416 849 2536 905 Filii
2576 862 2631 908 et
2659 855 2891 925 Spiritus
2930 877 3015 918 est
3050 882 3172 922 una.
3227 871 3315 929 26.
3360 878 3484 935 Cum
3508 849 3677 942 autem

2093 934 2341 990 venissent
2366 947 2413 992 et
2437 956 2822 1015 congregassent
2844 950 3139 1023 Ecclesium,
3167 965 3447 1023 retulerunt
3486 989 3676 1045 quanta

2099 1025 2289 1045 ,ΔΑ-μ,
2316 1027 2352 1045 η

2094 1025 2289 1092 fecisset
2306 1027 2443 1084 Deus
2463 1049 2575 1087 cum
2601 1039 2722 1101 illis,
2751 1051 2797 1094 et
2813 1046 2934 1114 quia
2955 1051 3230 1115 aperuisset
3249 1061 3476 1127 gentibus
3490 1025 3674 1124 bstium

2091 1116 2230 1184 ﬁdei.
2263 1119 2351 1174 27.
2399 1121 2710 1184 Commorati
2746 1145 2864 1189 sunt
2905 1151 3073 1196 autem
3100 1146 3207 1200 illic
3233 1116 3333 1205 rion
3359 1172 3515 1223 parvo
3545 1171 3672 1216 tem-

2092 1226 2214 1277 pore
2237 1230 2351 1267 cum
2377 1217 2659 1290 discipulis.
2695 1225 2822 1283 Jure
2852 1233 3068 1300 quidem
3096 1255 3111 1292 :
3139 1255 3261 1297 cum
3298 1262 3484 1319 magna
3528 1257 3670 1312 enim

2088 1299 2274 1356 civitas
2300 1317 2463 1370 esset,
2492 1310 2802 1373 doctoribus
2822 1299 2955 1390 opus
2979 1324 3225 1386 habebat.
3251 1334 3367 1391 lam
3384 1299 3669 1412 inperium

2086 1403 2411 1460 repetamus.
2445 1398 2567 1470 Ipso
2591 1413 2897 1475 spectaculo
2926 1426 3228 1479 terruerunt
3261 1428 3397 1493 illos,
3422 1437 3669 1494 scinden-

2088 1489 2166 1536 tes
2196 1488 2508 1546 vestimenta
2532 1510 2646 1553 sua.
2675 1499 2783 1556 Hoc
2807 1515 2859 1560 et
2876 1506 3030 1565 Iesus
3055 1512 3199 1571 Nave
3235 1520 3378 1590 fecit,
3405 1525 3455 1581 in
3489 1536 3668 1602 populi

2088 1574 2235 1602 ηιιυιιι
2307 1580 2378 1602 λῒ-
2431 1599 2443 1602 Α
2668 1600 2674 1602 ‘
2772 1594 2784 1602 ⁵
2902 1599 2949 1602 ’“⁷

2085 1574 2256 1632 clade.
2305 1580 2382 1636 Ne
2421 1599 2549 1655 ergo
2586 1600 2742 1658 putes
2770 1594 2870 1651 hoc
2897 1599 3004 1656 illis
3032 1615 3086 1659 et
3114 1607 3323 1668 illorum
3351 1574 3666 1679 staturiiidi-

2081 1681 2242 1736 gnum
2271 1688 2390 1729 esse
2421 1695 2437 1730 :
2463 1695 2633 1748 neque
2674 1687 2817 1743 enim
2861 1692 3423 1763 aliter.cobibuissent
3463 1722 3663 1772 tantum

2085 1760 2360 1830 impetum,
2410 1784 2515 1824 non
2556 1773 2711 1831 aliter
2742 1778 3045 1841 incendium
3075 1795 3478 1859 exstinxissent.
3529 1806 3660 1864 Cum

2082 1866 2210 1922 ergo
2234 1869 2367 1924 opus
2388 1858 2544 1916 fuerit
2567 1866 2781 1938 talibus,
2808 1890 2877 1929 ne
2904 1892 3216 1940 recusemus
3244 1904 3425 1961 agere.
3450 1896 3508 1952 Si
3535 1916 3662 1971 ergo

2077 1943 2157 1997 Sic
2180 1959 2399 2014 agentes
2428 1953 2515 2007 Vix
2544 1970 2829 2018 δυδδθτυηί
2858 1966 2984 2037 illis.
3028 1974 3073 2028 Si
3114 1992 3221 2034 non
3256 1943 3355 2038 libo
3379 1943 3657 2059 fecissetit,

2077 2036 2201 2059 n-.:.l
2231 2055 2327 2059 --μμ
2364 2042 2385 2059 Ι
2423 2052 2434 2059 .
2763 2055 2781 2059 _
2832 2056 2876 2059 __

2075 2036 2201 2103 quiti
2231 2055 2334 2094 non
2364 2042 2596 2100 futurum
2627 2055 2784 2106 erat?
2830 2056 2962 2113 Nam
3007 2064 3051 2117 si
3101 2066 3203 2124 hoc
3242 2087 3346 2128 non
3384 2037 3658 2149 fecissent:

2075 2138 2312 2194 putatum
2361 2134 2548 2193 fuisset
2592 2141 2711 2198 illos
2745 2146 2910 2204 altum
2942 2167 3134 2224 sapere
3167 2172 3222 2216 et
3250 2164 3509 2226 honorem
3537 2192 3653 2230 am-

2073 2219 2206 2277 bire.
2235 2225 2302 2279 Et
2326 2234 2596 2300 perpende
2616 2250 2922 2298 seruienem
2946 2219 3115 2305 ἰιιίιιιὶ
3147 2254 3509 2327 increpatiOne
3538 2284 3655 2323 mo-

2075 2310 2342 2384 deratum,
2366 2321 2723 2385 admiratione
2756 2333 2917 2389 simul
2948 2349 3002 2393 et
3021 2351 3242 2411 stupore
3270 2346 3507 2417 plenum.
3541 2359 3651 2416 lloe

2071 2407 2304 2464 maxime
2336 2411 2456 2467 illos
2486 2417 2743 2487 cohibuit,
2774 2427 2915 2494 quod
2938 2429 3181 2490 dicerent
3209 2455 3223 2494 :
3248 2439 3316 2493 Et
3342 2461 3434 2498 nos
3462 2449 3651 2505 similes

2070 2498 2206 2552 vobis
2231 2500 2457 2559 homines
2481 2512 2743 2578 passibiles
2771 2534 2967 2588 sumus,
3009 2532 3365 2591 annuutiantes
3408 2542 3545 2597 uobis
3587 2548 3650 2599 ab

2070 2587 2149 2641 bis
2170 2594 2310 2646 vanis
2342 2601 2564 2653 converti
2588 2604 2656 2656 ad
2680 2604 2842 2661 Deum
2866 2629 2886 2676 ;
2913 2628 2976 2665 ac
3005 2617 3049 2669 si
3079 2617 3320 2679 dicereut
3350 2646 3363 2680 :
3392 2628 3650 2691 Homines

2068 2682 2283 2750 quidem
2313 2702 2518 2757 sumus,
2550 2692 2634 2748 his
2654 2708 2829 2753 autem
2864 2706 3121 2774 majores;
3155 2712 3269 2769 hmc
3288 2721 3487 2790 quippe
3512 2742 3650 2782 mor-

2070 2779 2158 2826 tua
2182 2787 2325 2830 sunt.
2365 2779 2492 2837 Vide
2518 2784 2639 2840 illos
2663 2804 2766 2843 non
2792 2794 3127 2856 confutantes
3159 2779 3335 2873 modo,
3360 2779 3453 2869 sed
3486 2820 3644 2876 etiam

2067 2862 2342 2936 docentes,
2390 2882 2445 2927 et
2490 2876 2620 2979 niihil
2667 2879 2735 2936 de
2784 2884 3138 2948 invisibilibus
3182 2897 3481 2970 loquentes.
3546 2912 3647 2979 Qui

2067 2958 2203 3025 fecit,
2246 2961 2432 3032 inquit,
2459 2950 2639 3023 mlum
2664 2982 2708 3024 et
2734 2982 2919 3030 terram
2939 2990 2987 3033 et
3012 2999 3165 3050 mare,
3199 2950 3435 3050 etiamnia
3462 2950 3588 3064 qui:
3592 3005 3644 3060 in

2065 3049 2137 3103 eis
2159 3062 2296 3106 sunt.
2322 3054 2507 3112 Testes
2535 3060 2679 3129 ipsos
2702 3067 2837 3121 dixit
2874 3084 3064 3128 annos.
3094 3049 3422 3142 Oriiisaniam
3460 3049 3645 3150 iudai-

2064 3144 2217 3198 cam!
2249 3145 2377 3201 Ausi
2400 3160 2523 3203 sunt
2544 3152 2746 3223 ingredi
2769 3159 2834 3213 ad
2864 3165 3119 3233 populum
3146 3171 3224 3226 sic
3255 3144 3644 3246 apostoloslio-

2065 3244 2367 3301 norantem,
2415 3242 2529 3295 ausi
2573 3257 2699 3301 sunt
2742 3249 2995 3310 invadere
3041 3269 3094 3313 et
3137 3242 3371 3332 lapidare
3400 3271 3641 3331 Paulum.

2065 3322 2228 3379 Extra
2272 3328 2539 3386 civitatem
2590 3347 2769 3393 autem
2814 3352 3108 3411 traxerunt,
3164 3352 3344 3412 forsan
3396 3362 3645 3423 timentes

2066 3414 2234 3469 illum.
2257 3417 2322 3471 Et
2348 3434 2570 3487 orantes,
2596 3427 2786 3498 inquit,
2809 3450 2922 3489 cum
2935 3439 3150 3509 jejuniis
3174 3456 3647 3516 commendaveruut

2060 3505 2177 3559 illos
2197 3506 2438 3567 Domino.
2475 3515 2536 3569 Et
2570 3505 3232 3597 docueruntjejunandum
3271 3557 3390 3599 esse
3427 3548 3478 3601 in
3523 3560 3643 3606 ten-

2064 3600 2369 3657 tationilms.
2416 3606 2533 3662 Non
2582 3612 3090 3689 dixerunt,quanta
3120 3630 3217 3698 ipsi
3248 3634 3500 3704 fecerant,
3547 3647 3641 3699 sed

2061 3700 2254 3759 quanta
2291 3696 2427 3751 Deus
2458 3698 2672 3758 fecisset
2693 3721 2815 3762 cum
2848 3711 2978 3769 illis.
3009 3696 3270 3780 Videntur
3301 3730 3428 3785 mihi
3462 3696 3639 3789 tenta-

2062 3783 2233 3839 tiones
2275 3787 2473 3844 dicere.
2515 3792 2628 3848 Non
2658 3799 2773 3853 sine
2796 3816 2977 3868 causa,
3025 3825 3126 3866 nec
3151 3815 3217 3868 ad
3259 3820 3637 3888 quiescendum

2060 3873 2236 3932 isthuc
2280 3895 2555 3949 venerant,
2602 3889 2696 3943 sed
2735 3890 2964 3961 Spiritus
3004 3873 3345 3968 provideniia
3373 3914 3542 3985 ducti,
3586 3932 3642 3976 ut

2060 3967 2368 4034 praedicatio
2391 3977 2625 4041 gentium
2651 3980 2971 4042 llrinaretur.
3006 3967 3090 4046 iEt
3131 4012 3245 4064 cur,
3276 4001 3503 4073 inquies,
3526 3967 3641 4067 ,nec

2060 4059 2112 4113 in
2139 4060 2333 4132 Cypro,
2362 4082 2458 4122 nec
2482 4075 2532 4122 in
2557 4070 2793 4128 Samaria
2826 4082 3166 4152 presbyteros
3200 4059 3478 4153 fecerunt?
3505 4101 3637 4170 Quia

2059 4150 2176 4206 inec
2217 4170 2381 4225 prepe
2428 4165 2699 4229 apestolos
2744 4179 2877 4234 erat,
2925 4174 3130 4243 Cyprus
3168 4195 3297 4237 vero
3326 4200 3491 4257 prope
3513 4150 3638 4246 Tin-

2060 4241 2329 4308 tiochiam,
2376 4257 2431 4302 et
2478 4254 2699 4307 verbum
2749 4257 3148 4332 invalescebat;
3202 4270 3288 4326 hic
3316 4290 3444 4330 vero
3474 4284 3637 4338 multa

2058 4337 2425 4393 consolatione
2453 4356 2586 4409 opus
2633 4345 2919 4413 habebant,
2965 4354 3201 4414 maxime
3247 4368 3495 4437 gentiles,
3547 4378 3637 4442 qui

2059 4428 2281 4481 multum
2308 4430 2485 4485 doceri
2526 4433 2812 4493 debebant.
2861 4441 3134 4501 Venerunt
3171 4428 3463 4523 docentes,
3513 4428 3635 4534 quia

2055 4516 2173 4584 jure
2220 4521 2451 4576 ordinati
2498 4524 2707 4582 fuerant
2750 4546 2778 4584 a
2835 4532 3057 4602 Spiritu.
3104 4540 3169 4595 Et
3213 4546 3331 4602 vide
3368 4516 3635 4612 fervoi'em

2058 4606 2222 4662 Pauli.
2248 4610 2361 4666 Non
2392 4614 2703 4688 interrogat,
2727 4638 2794 4676 an
2817 4636 3059 4695 oporteat
3081 4631 3221 4703 loqui
3247 4642 3514 4712 gentibus,
3544 4651 3637 4704 sed

2057 4703 2236 4757 statim
2264 4704 2496 4774 loquitur
2526 4725 2539 4761 :
2566 4710 2685 4765 ideo
2722 4713 2962 4784 dicebat,
3015 4720 3139 4778 Non
3165 4703 3390 4798 αι’ᾳῖιίευὶ
3421 4740 3567 4793 carni
3592 4754 3639 4796 et

2053 4797 2287 4864 sanguini
2314 4797 2453 4868 (Gal.
2489 4801 2534 4855 l.
2569 4804 2680 4875 ili).

2127 4888 2179 4940 5.
2222 4888 2468 4960 Magnum
2499 4909 2624 4949 vero
2657 4897 2852 4953 bonum
2887 4905 3178 4976 tribulatio,
3225 4929 3289 4971 ac
3337 4935 3540 4991 magna;
3587 4938 3643 4983 et

2054 4992 2330 5042 generosa:
2360 4986 2553 5041 auinne
2580 5003 2732 5057 opus.
2784 4994 2923 5061 Quot
2970 5012 3152 5068 postea
3191 5011 3551 5084 crediderunt,
3585 5032 3641 5076 et

2058 5071 2231 5126 unlms
2260 5083 2328 5127 ita
2361 5078 2543 5134 fulsit?
2572 5081 2644 5135 Ita
2679 5087 2832 5143 nobis
2863 5091 3055 5161 ubique
3074 5099 3348 5158 alacritate
3374 5122 3509 5177 Opus
3532 5071 3636 5178 est,

2056 5164 2329 5235 multoque
2368 5170 2592 5238 fervore,
2643 5176 2819 5231 anima
2864 5182 2929 5235 ad
2972 5197 3196 5242 mortem
3244 5208 3423 5261 parata
3470 5218 3485 5254 :
3533 5203 3640 5260 alio

2055 5255 2199 5309 enim
2230 5259 2386 5311 modo
2417 5276 2522 5317 non
2556 5281 2837 5333 possumus
2867 5290 3086 5344 regnum
3116 5288 3390 5356 consequi,
3417 5293 3516 5345 nisi
3546 5310 3641 5364 per

2056 5362 2288 5404 crucem.
2319 5353 2394 5406 Ne
2419 5355 2745 5426 decipiamus
2775 5370 3147 5438 nosmetipsos.
3178 5375 3231 5428 Si
3251 5380 3392 5434 enim
3424 5383 3473 5436 in
3498 5384 3641 5442 bello

2054 5443 2260 5494 servari
2289 5447 2490 5514 nequit,
2524 5450 2611 5517 qui
2652 5453 2949 5521 deliciatur,
2982 5465 3220 5527 pecuniis
3262 5473 3459 5532 studet,
3508 5490 3635 5528 cau-

2057 5543 2284 5600 ponatur
2323 5538 2649 5610 ignavosque
2677 5558 2771 5615 est
2805 5566 2816 5600 :
2850 5552 3016 5605 multo
3057 5555 3235 5609 minus
3262 5559 3312 5612 in
3346 5562 3446 5617 hoc
3469 5566 3633 5623 bello.

2052 5630 2242 5680 Annon
2277 5634 2468 5698 putatis
2499 5652 2618 5687 esse
2670 5654 2812 5692 nunc
2854 5641 3046 5697 bclhuu
3094 5650 3333 5706 omnium
3380 5662 3632 5725 gravissi-

2053 5721 2240 5772 mum?
2271 5720 2385 5776 Non
2413 5734 2482 5777 est
2510 5726 2667 5795 nobis,
2705 5730 2902 5800 inquit,
2951 5753 3119 5806 pugna
3154 5743 3393 5799 adversus
3434 5766 3631 5824 sangui-
