4104 6148
607 253 717 320 '23!

615 392 732 430 nam
775 381 824 427 et
862 381 1071 424 carnem
1114 361 1332 436 (Eplm.
1374 357 1430 413 6.
1465 354 1576 427 12).
1609 353 1679 409 Et
1705 345 2109 421 prandentibus,
2144 349 2201 397 et

618 462 1034 526 ambulantibus,
1053 467 1110 514 et
1129 451 1428 510 lavantibus
1449 450 1602 504 adest
1622 445 1888 502 inimicus.
1911 441 2028 496 Non
2057 437 2204 492 novit

616 559 761 615 enim
803 566 1016 624 tempus
1068 547 1426 609 induciarum,
1471 540 1574 596 nisi
1622 536 1836 600 somni;
1883 534 1992 587 imo
2039 529 2201 584 etiam

618 661 747 708 tunc
771 622 929 717 δωρεὴ
944 647 1248 714 impugnat,
1277 648 1332 696 et
1363 639 1602 706 impuros
1647 627 1884 685 immittit
1926 622 2206 694 cogitatio-

625 761 741 806 nes,
774 752 934 812 atque
961 754 992 793 a
1019 735 1245 793 somniis
1293 729 1602 786 lasciviores
1645 722 1828 779 efficit.
1879 717 1988 774 Nos
2027 723 2205 769 autem

622 835 776 906 quasi
809 805 970 904 parva
1007 844 1094 884 res
1120 828 1209 891 sit,
1241 839 1338 894 pro
1363 837 1464 891 qua
1492 820 1605 885 ipse
1633 822 1853 886 pugnat,
1896 824 2001 864 non
2041 805 2205 861 sobrii

624 943 832 990 sumus,
865 937 1040 994 neque
1065 918 1354 989 surgimus.
1395 926 1571 981 neque
1615 905 1931 976 respicimus
1971 899 2209 954 multitu-

623 1023 802 1078 dinem
834 1015 1262 1073 adversariarum
1289 1007 1441 1062 nobis
1471 1010 1827 1074 potestatum;
1870 1009 1975 1049 non
2005 989 2207 1058 cogita-

628 1127 752 1170 mus
794 1111 897 1165 hoc
937 1110 1108 1178 ipsum
1152 1101 1400 1158 maximae
1443 1093 1774 1152 infelicitatis
1801 1103 1960 1153 esse;
1993 1082 2088 1139 sed
2133 1087 2211 1134 tot

628 1197 868 1261 conelusi
917 1176 1076 1256 bellis
1099 1239 1115 1265 ,
1148 1210 1211 1250 ac
1250 1193 1295 1249 si
1323 1208 1423 1262 pax
1462 1198 1604 1244 esset
1631 1185 1967 1242 deliciamur.
1999 1176 2212 1234 Credite

630 1297 783 1361 mihi,
824 1293 1070 1366 graviora
1099 1303 1241 1344 nunc
1263 1287 1478 1347 adsunt,
1514 1296 1673 1351 quam
1702 1293 1821 1348 quae
1858 1272 2058 1329 Paulus
2086 1284 2210 1340 pas-

629 1405 722 1445 sus
744 1398 846 1443 est.
878 1384 1026 1439 Tunc
1053 1381 1203 1436 illum
1227 1376 1492 1446 lapidibus
1524 1372 1904 1440 impetierunt;
1933 1378 2076 1420 nunc
2093 1375 2212 1415 ver-

630 1484 710 1536 bis
755 1477 1077 1548 impetimur,
1125 1485 1246 1542 quae
1296 1465 1562 1536 lapidibus
1605 1459 1853 1532 graviora
1885 1464 2026 1512 sunt.
2077 1451 2213 1521 Quid

627 1591 755 1646 ergo
785 1547 926 1627 factu
953 1565 1129 1638 opus?
1173 1563 1228 1618 Id
1253 1560 1398 1631 quod
1421 1559 1514 1613 ille
1537 1556 1664 1610 fecit
1697 1573 1709 1608 :
1744 1551 2041 1621 lapidantes
2071 1547 2214 1601 enim

629 1686 688 1723 se
734 1665 858 1720 odio
901 1678 1004 1717 non
1038 1658 1261 1721 habuit;
1295 1653 1388 1710 sed
1419 1659 1702 1724 postquam
1734 1647 1882 1701 illum
1918 1649 2212 1703 traxerant,

634 1771 912 1830 regressus
958 1762 1041 1809 est
1090 1753 1142 1805 in
1182 1749 1474 1807 civitatem,
1517 1739 1892 1797 benefacturus
1921 1735 2006 1798 iis,
2041 1733 2128 1802 qui
2158 1746 2218 1785 se

633 1854 703 1908 ita
735 1852 1000 1905 luserant.
1025 1845 1078 1899 Si
1112 1855 1165 1897 tu
1193 1854 1405 1911 quoque
1433 1832 1878 1890 contumeliosum
1918 1837 1972 1881 et
1998 1834 2052 1880 te
2079 1822 2218 1892 inju-

633 1957 716 2002 ste
753 1944 1035 1999 laadentem
1077 1937 1285 2001 tuleris,
1334 1931 1598 2002 lapidatus
1638 1941 1759 1981 esse
1783 1923 1886 1978 diei
1919 1931 2087 1991 potes.
2142 1916 2220 1971 Ne

601 2022 607 2046 ¹
633 2038 832 2092 dixeris
863 2055 878 2090 :
919 2033 1196 2089 Neminem
1228 2025 1363 2084 laesi.
1405 2023 1573 2090 Quem
1601 2020 1744 2076 enim
1774 2017 1911 2070 laesit
1937 2012 2132 2068 Paulus
2162 2017 2221 2063 ut

636 2127 998 2201 lapidaretur?
1043 2125 1285 2193 Regnum
1329 2115 1703 2177 annuntiabat,
1736 2111 1802 2163 ab
1833 2122 2020 2164 errore
2062 2103 2220 2158 redu-

635 2225 812 2287 cebat,
845 2220 911 2275 ad
943 2221 1109 2273 Deum
1138 2211 1440 2269 adducebat
1471 2226 1484 2262 :
1511 2207 1626 2260 inre
1652 2204 1808 2272 digna
1839 2209 1962 2254 sunt
1985 2195 2218 2258 coronis,

641 2311 1084 2384 proclamatione,
1112 2303 1408 2360 innumeris
1451 2299 1628 2360 bonis,
1672 2310 1779 2348 non
1824 2288 2125 2361 lapidibus;
2169 2294 2225 2339 et

641 2379 818 2462 tamen
864 2403 956 2457 ille
992 2397 1259 2454 contraria
1291 2405 1480 2464 passus
1520 2399 1623 2444 est.
1666 2385 1790 2440 Haec
1817 2383 2012 2453 quippe
2041 2379 2224 2449 splen-

641 2499 765 2554 dida
795 2504 877 2550 est
905 2491 1146 2548 victoria.
1196 2487 1261 2540 Et
1290 2493 1549 2539 traxerunt
1584 2495 1716 2542 eum,
1759 2475 1946 2545 inquit.
1987 2471 2062 2526 Te
2091 2484 2227 2540 quo-

642 2606 747 2661 que
793 2603 935 2657 sape
981 2583 1233 2645 trahunt;
1281 2577 1374 2633 sed
1406 2591 1471 2630 ne
1503 2569 1771 2634 irascaris,
1804 2568 1913 2620 into
1945 2570 2226 2618 mansuete

645 2655 881 2753 pra-dico
901 2677 1142 2732 verbum.
1177 2673 1255 2728 Te
1281 2667 1604 2726 contumelia
1643 2660 1862 2718 affecit?
1889 2659 2030 2713 Tace
2057 2665 2109 2710 et
2135 2655 2228 2710 be-

645 2775 824 2838 nedic,
857 2773 900 2826 si
931 2779 1106 2840 potes,
1155 2775 1209 2821 et
1235 2764 1313 2819 sic
1337 2772 1392 2816 tu
1419 2772 1634 2830 quoque
1663 2749 1959 2825 praedicasti
1982 2745 2228 2810 verbum,

643 2865 870 2923 docuisti
900 2860 1214 2916 modestiam
1241 2865 1297 2912 et
1333 2848 1819 2908 mansuetudinem.
1866 2842 2058 2897 Multos
2106 2836 2229 2891 novi

643 2970 751 3010 non
780 2961 885 3006 tam
917 2944 1242 3001 vulneribus.
1266 2954 1424 3010 quam
1454 2935 1736 2991 verborum
1768 2928 1937 2998 plagis
1962 2922 2184 2979 sauciari
2213 2939 2226 2975 :

646 3061 768 3100 nam
801 3040 927 3094 illud
950 3037 1162 3108 quidem
1189 3033 1380 3086 vulnus
1409 3041 1604 3097 corpus
1625 3021 1870 3090 suscipit,
1900 3017 2004 3073 hoc
2029 3014 2227 3069 anima.

649 3133 753 3189 Sed
805 3147 872 3185 ne
919 3103 1215 3187 doleamus,
1267 3122 1376 3176 imo
1416 3117 1662 3171 dolentes
1692 3114 2071 3166 sustineamus.
2114 3103 2233 3158 Non

648 3224 845 3281 videtis
873 3218 1099 3291 pugiles,
1131 3227 1358 3283 quorum
1385 3208 1556 3277 capita
1590 3203 1886 3261 vulnerata,
1921 3197 2112 3252 dentes
2141 3209 2236 3248 ex-

651 3315 819 3379 cussi,
852 3323 1068 3366 strenue
1090 3305 1234 3362 ferre
1253 3299 1503 3357 dolores?
1547 3295 1646 3351 llic
1688 3306 1818 3346 vero
1862 3304 1967 3344 non
1992 3301 2129 3356 opus
2153 3295 2237 3340 est

651 3407 882 3463 stridore
909 3413 969 3456 et
989 3414 1191 3454 morsu.
1222 3389 1528 3449 Recordare
1555 3384 1763 3441 Domini
1788 3382 1887 3446 tui,
1915 3388 1971 3434 et
1991 3377 2239 3448 pharma-

654 3517 774 3556 enm
801 3496 981 3552 statim
1010 3493 1128 3561 ejus
1156 3484 1529 3543 recordatione
1573 3473 1903 3548 apposuisti;
1955 3468 2239 3526 recordare

656 3590 800 3647 Pauli
831 3605 846 3641 :
877 3587 1049 3656 cogita
1096 3593 1168 3642 te.
1213 3578 1303 3649 qui
1355 3585 1638 3644 percussus
1681 3581 1762 3628 es.
1811 3563 2046 3627 vicisse,
2087 3559 2238 3614 illum

658 3698 807 3748 vero,
829 3680 919 3749 qui
953 3673 1232 3748 percussit,
1264 3669 1462 3722 victum
1485 3678 1624 3726 esse,
1649 3670 1704 3715 et
1728 3659 1805 3713 sic
1831 3666 1999 3710 totum
2029 3661 2238 3708 curato.

662 3776 988 3832 Momentum
1026 3778 1109 3824 est
1137 3783 1151 3820 :
1183 3780 1251 3819 ne
1270 3759 1517 3832 rapiaris,
1545 3767 1598 3812 et
1633 3763 1799 3810 totum
1831 3747 2098 3821 perfecisti
2133 3763 2146 3798 :
2174 3759 2243 3800 ne

665 3865 952 3931 movearis,
994 3870 1049 3917 et
1105 3867 1276 3914 totum
1332 3848 1659 3907 exstinxisti.
1716 3844 1901 3913 Magna
1949 3838 2244 3894 consolatio

661 3969 745 4017 est
813 3929 1011 4027 aliquid
1063 3961 1116 4008 te
1174 3963 1270 4021 pro
1320 3944 1537 4002 Christo
1591 3939 1699 4010 pati
1750 3954 1764 3990 :
1819 3949 1926 3988 non
1987 3929 2246 4001 praedicas

663 4064 964 4110 sermonem
1021 4020 1184 4109 fidei,
1254 4038 1349 4094 sed
1398 4033 1659 4106 praedicas
1712 4039 2018 4084 sermonem
2068 4020 2246 4091 philo-

670 4141 894 4214 sophiae.
954 4139 1057 4202 At,
1114 4132 1359 4202 inquies,
1401 4134 1601 4196 quanto
1649 4123 1815 4190 magis
1867 4117 1954 4170 ille
2003 4125 2249 4168 mansue—

670 4206 780 4294 tum
821 4232 1042 4294 videbit,
1095 4236 1242 4282 tanto
1281 4221 1450 4292 magis
1494 4215 1732 4272 instabit.
1775 4212 2061 4279 Propterea
2091 4206 2250 4275 igitur

665 4330 839 4392 doles,
865 4323 1006 4396 quod
1035 4323 1122 4377 ille
1146 4317 1241 4374 tibi
1270 4312 1571 4370 mercedem
1609 4303 1844 4374 augeat?
1889 4305 1958 4357 At
2002 4301 2253 4354 intracta—

669 4423 792 4478 bilis
818 4432 898 4476 est
922 4459 938 4485 ,
975 4411 1216 4485 inquies?
1259 4407 1387 4464 Hzec
1411 4396 1868 4476 pusillanimitatis
1893 4405 1996 4448 tua:
2023 4404 2253 4446 excusa-

667 4523 743 4575 tio
770 4527 851 4571 est
884 4531 899 4569 :
926 4513 1032 4566 alio
1051 4483 1218 4563 modo
1255 4499 1607 4557 intractabilis
1632 4495 1756 4556 erit,
1785 4491 1828 4544 si
1875 4499 1926 4543 te
1956 4483 2248 4541 ulciscaris.

670 4611 727 4665 Si
763 4608 925 4662 sciret
961 4604 1098 4656 Deus
1119 4599 1242 4652 illos
1272 4589 1637 4649 intractabiles
1672 4587 1804 4646 fore.
1832 4581 1878 4635 si
1909 4593 2011 4632 non
2041 4586 2092 4631 te
2120 4575 2256 4628 ulci-

672 4699 863 4761 scaris,
897 4709 1000 4749 non
1033 4692 1134 4745 hoc
1161 4683 1528 4758 pratcepisset.
1557 4675 1650 4730 sed
1681 4673 1929 4730 dixisset,
1977 4667 2052 4721 Te
2083 4668 2252 4736 ipsum

675 4793 931 4849 ulciscere
962 4804 974 4838 :
1007 4798 1192 4837 verum
1222 4777 1367 4833 novit
1395 4775 1495 4828 boc
1522 4769 1616 4824 tibi
1649 4765 1830 4821 utilius
1861 4762 1993 4816 fore.

754 4875 1088 4939 Contumelia:
1129 4867 1382 4942 quomodo
1426 4855 1854 4932 ferendaz.——Ne
1898 4867 2039 4924 pone
2085 4851 2254 4922 legem

675 4976 868 5031 divina:
897 4967 1220 5026 contrariam
1255 4979 1267 5013 :
1305 4959 1376 5014 illi
1406 4959 1737 5029 obtempera.
1771 4947 1883 5002 Non
1931 4961 1991 5000 es
2035 4955 2091 4997 tu
2139 4958 2257 4997 mc-

676 5069 779 5124 lior
807 5081 873 5120 eo
899 5061 986 5129 qui
1015 5057 1144 5113 fecit
1170 5068 1287 5109 nos.
1317 5049 1475 5114 Dixit,
1503 5046 1607 5101 Fer
1633 5040 1984 5100 contumelias
2009 5080 2024 5103 ,
2054 5047 2107 5092 ιι.
2138 5052 2259 5090 vero

678 5159 834 5222 dicis,
878 5146 1275 5207 Contumeliam
1329 5139 1596 5210 rependo,
1643 5150 1712 5190 ne
1759 5134 1847 5187 liat
1889 5129 2257 5186 intractabilis.

680 5249 763 5306 Tu
799 5260 927 5316 ergo
974 5241 1092 5312 plus
1123 5235 1291 5305 sapis,
1337 5246 1495 5303 quam
1536 5227 1657 5282 ille?
1686 5226 1810 5280 llaac
1849 5223 2011 5278 verba
2046 5237 2110 5275 ex
2140 5232 2259 5289 pas-

681 5343 849 5402 sione,
899 5333 1210 5395 acerbitate,
1261 5335 1315 5381 et
1367 5319 1669 5392 arrogantia
1719 5317 2146 5385 proficiscuntur,
2198 5323 2262 5362 ac

679 5428 946 5486 roiitraria
977 5431 1102 5480 sunt
1127 5417 1230 5490 legi
1260 5415 1374 5471 Dei.
1427 5410 1644 5468 Etiamsi
1673 5409 1816 5463 enim
1845 5405 2120 5463 laederent.
2162 5414 2260 5452 an-

684 5538 790 5578 non
821 5511 1296 5585 obtemperantium
1324 5504 1479 5560 erat?
1506 5503 1640 5557 Cum
1669 5498 1938 5570 quidpiam
1964 5495 2104 5548 Deus
2129 5504 2262 5556 pra:-

685 5614 831 5679 eipit,
856 5627 922 5666 ne
945 5589 1206 5680 ponamus
1237 5615 1335 5656 nos
1355 5599 1528 5666 legem
1559 5590 1903 5648 contrariam.
1957 5581 2262 5656 Responsio,

687 5705 874 5774 inquit.
910 5678 1155 5755 submissa
1185 5696 1362 5750 auertit
1382 5693 1510 5746 iram
1545 5685 1722 5759 (Prov.
1758 5684 1843 5738 15.
1877 5679 1950 5750 1).
1994 5678 2106 5733 lloc
2135 5692 2262 5746 ergo

1387 241 1447 299 S.
1484 234 1763 296 JOANNIS
1798 222 2267 290 CBRYSOSTOMI
2306 219 2622 278 ARCHIEP.
2661 214 3194 275 CONSTANTINOP.

3795 215 3902 272 2'52

2309 339 2434 393 facit
2449 337 2733 401 submissa,
2757 350 2863 389 non
2884 333 3173 389 contraria.
3202 331 3258 388 Si
3278 331 3369 388 tibi
3399 332 3634 404 prodest,
3662 333 3738 389 illi
3767 351 3897 404 quo-

2311 444 2414 500 que
2442 429 2659 500 prodest
2687 446 2701 482 :
2735 429 2778 481 si
2802 443 2928 482 vero
2956 427 3048 481 tibi
3073 437 3248 492 nocet,
3272 426 3361 496 qui
3384 439 3726 484 correcturus
3749 397 3897 486 illum

2311 535 2392 584 es,
2440 521 2608 574 multo
2663 519 2834 589 magis
2881 519 2954 572 illi
3006 518 3236 572 nocebit.
3285 517 3503 585 Media,
3539 538 3660 574 cura
3687 523 3902 594 teipsum

2314 611 2464 682 (Luc.
2497 614 2546 666 4.
2577 609 2693 679 23).
2727 608 3037 664 Maledixit?
3082 608 3160 663 Tu
3189 609 3345 663 lauda
3375 629 3386 662 :
3419 613 3748 667 conviciatns
3777 619 3902 669 est?

2315 703 2394 758 Tu
2437 703 2696 758 encomiis
2733 701 2946 756 celebra
2978 719 2989 752 :
3021 701 3303 755 insidiatus
3335 704 3456 757 est?
3500 704 3645 758 Bene
3682 705 3763 760 fac
3803 717 3855 759 tu
3887 725 3902 762 :

2315 799 2580 850 contraria
2611 793 2867 863 repende,
2897 793 2940 846 si
2970 791 3184 845 tandem
3212 793 3438 847 salutem
3477 795 3594 862 ejus
3635 811 3815 859 curas,
3842 815 3908 854 ac

2321 901 2388 940 ne
2435 886 2568 939 velis
2596 885 2790 938 vulnus
2831 893 2979 937 tuum
3013 883 3217 937 ulcisci.
3252 886 3339 948 At,
3374 886 3605 951 inquies,
3640 903 3785 956 saape
3814 909 3904 957 pa-

2319 978 2555 1033 tientiam
2579 993 2749 1031 meam
2767 985 3039 1046 expertus,
3064 975 3300 1030 deterior
3327 977 3541 1032 evasit?
3561 978 3673 1033 lloc
3701 996 3804 1034 non
3833 991 3903 1044 te.

2317 1070 2414 1125 sed
2442 1071 2592 1124 illum
2626 1077 2852 1130 spectat.
2890 1067 2981 1121 Vis
3011 1067 3149 1122 scire
3178 1079 3372 1134 quanta
3415 1085 3602 1139 passus
3628 1072 3697 1124 sit
3726 1073 3905 1127 Deus?

2321 1163 2455 1215 Aras
2494 1160 2636 1215 illius
2684 1161 3092 1222 subverterunt,
3143 1160 3430 1228 prephetas
3470 1162 3781 1218 occiderunt
3809 1183 3822 1219 :
3853 1174 3907 1219 et

2320 1251 2499 1306 omnia
2532 1251 2764 1321 pertulit.
2785 1252 2976 1305 Annon
3003 1261 3210 1320 poterat
3235 1252 3432 1307 fulmen
3461 1253 3780 1310 demittere?
3801 1255 3905 1312 Sed

2323 1353 2600 1414 postquam
2648 1343 2940 1413 prophetas
2985 1358 3120 1412 quos
3160 1343 3383 1397 miserat
3411 1346 3746 1412 occiderunt,
3783 1358 3908 1403 tttnc

2323 1434 2515 1490 Filium
2566 1449 2720 1487 Stlum
2773 1434 2936 1486 misit.
2986 1432 3210 1500 Quando
3247 1434 3414 1504 magis
3455 1435 3614 1505 impie
3656 1438 3906 1507 agebant,

2328 1538 2453 1580 tunc
2501 1526 2672 1593 majus
2703 1525 3019 1580 beneficium
3061 1527 3305 1579 contulit.
3357 1526 3425 1581 Et
3456 1538 3508 1581 tu
3549 1529 3592 1582 si
3624 1548 3781 1598 quem
3811 1547 3908 1586 ex-

2323 1629 2626 1688 asperatmn
2652 1617 2872 1684 videris,
2898 1626 3024 1673 tunc
3052 1619 3221 1688 niagis
3245 1617 3376 1673 cede
3404 1637 3418 1672 :
3452 1620 3542 1674 ille
3569 1637 3798 1692 namque
3827 1623 3909 1676 fu-

2327 1731 2415 1768 ror
2447 1714 2633 1783 majori
2661 1722 2782 1784 eget
2803 1713 3186 1768 consolatione.
3217 1711 3426 1780 Quanto
3452 1715 3751 1782 graviorem
3775 1732 3909 1771 con-

2326 1808 2599 1862 tumeliam
2642 1807 2840 1872 infert,
2891 1815 3041 1861 tanto
3081 1805 3269 1875 majori
3318 1808 3730 1862 mansuetudine
3773 1825 3911 1877 Opus

2326 1911 2409 1955 est
2441 1917 2454 1956 :
2480 1915 2543 1954 ac
2572 1900 2712 1954 sicut
2745 1899 2908 1954 febris
2937 1898 3146 1970 quando
3177 1898 3342 1969 magis
3369 1899 3567 1962 instat,
3618 1911 3742 1954 tunc
3789 1902 3912 1971 plus

2327 2009 2460 2061 opus
2489 1992 2648 2047 habet
2675 1991 2938 2047 cedente:
2970 1993 3046 2046 sic
3076 1999 3129 2045 et
3157 1990 3246 2044 ille
3276 1991 3364 2060 qui
3397 1991 3663 2046 irascitur.
3685 1992 3912 2060 Quando

2328 2085 2440 2181 fera
2467 2087 2634 2181 magis
2669 2093 3037 2153 exasperatur,
3071 2093 3196 2138 tunc
3224 2098 3412 2137 omnes
3453 2083 3683 2152 fugimus
3712 2101 3724 2136 :
3751 2084 3828 2138 sic
3856 2095 3914 2138 et

2329 2177 2464 2232 irato
2491 2174 2764 2233 cedamus.
2815 2175 2892 2230 Ne
2920 2184 3073 2245 putes
3113 2174 3216 2229 hoc
3259 2174 3514 2230 honorem
3561 2189 3681 2230 esse
3712 2192 3724 2226 :
3761 2175 3907 2228 Alio-

2329 2272 2455 2342 quin
2484 2271 2648 2326 feram
2677 2271 3025 2330 honoramus,
3073 2278 3128 2322 et
3157 2267 3395 2322 furentes
3423 2267 3648 2336 proinde
3679 2266 3916 2321 honora-

2330 2379 2484 2427 mus,
2529 2378 2650 2417 cum
2678 2361 3051 2417 declinamus?
3095 2359 3310 2415 Minime
3345 2380 3356 2412 :
3390 2360 3675 2430 ignominia
3704 2360 3804 2412 hoc
3834 2371 3918 2412 est

2331 2465 2385 2508 et
2408 2453 2761 2517 contumelia;
2785 2453 2894 2506 imo
2924 2469 3028 2505 non
3054 2452 3340 2519 ignominia
3366 2461 3417 2504 et
3447 2452 3787 2514 contumelia,
3821 2451 3917 2504 sed

2333 2545 2697 2599 misericordia
2727 2553 2778 2596 et
2808 2543 3126 2612 benignitas.
3147 2541 3262 2595 Non
3291 2541 3440 2596 vides
3465 2553 3674 2608 nautas,
3700 2544 3918 2612 quando

2337 2637 2684 2691 vehementer
2710 2636 2800 2688 llat
2821 2647 3032 2698 ventus,
3067 2633 3348 2688 demittere
3375 2633 3513 2696 vela,
3549 2649 3616 2688 ne
3642 2637 3922 2702 demerga-

2335 2739 2418 2782 tur
2459 2727 2648 2781 navis?
2685 2726 2917 2796 equitem
2961 2739 3066 2778 non
3112 2724 3282 2788 vides,
3327 2738 3448 2778 cum
3483 2723 3680 2792 abripit
3705 2738 3878 2791 equos
3903 2765 3918 2788 ,

2334 2819 2610 2886 cedentem
2636 2833 2733 2872 nec
2765 2818 3102 2878 retinentem,
3133 2830 3198 2869 ne
3221 2824 3408 2883 sponte
3434 2815 3574 2868 vires
3604 2814 3885 2868 absumat?

2404 2913 2458 2969 4.
2495 2911 2603 2965 Ilo'c
2626 2923 2682 2970 et
2709 2920 2762 2964 tu
2792 2908 2966 2964 facito.
3000 2907 3173 2962 Furor
3200 2905 3332 2977 ignis
3352 2915 3462 2970 est,
3493 2904 3701 2959 flamma
3723 2903 3925 2958 ardens

2336 3004 2560 3058 materia
2588 3018 2793 3072 egens:
2828 3017 2894 3055 ne
2921 3000 3025 3069 igni
3081 3015 3256 3054 escam
3318 2997 3658 3068 suppedites,
3711 3006 3765 3051 et
3810 2999 3924 3049 cito

2338 3094 2535 3149 malum
2580 3092 2898 3162 exstinguis.
2945 3092 3020 3144 lra
3071 3105 3173 3144 non
3221 3107 3316 3160 per
3345 3105 3404 3143 se
3444 3090 3545 3141 vim
3595 3089 3791 3152 habet,
3820 3087 3926 3140 nisi

2338 3185 2476 3239 alius
2524 3185 2690 3252 ipsam
2739 3184 2866 3236 alat.
2913 3181 3117 3234 Nullam
3165 3190 3220 3234 tu
3278 3183 3675 3234 excusatioiiem
3735 3181 3924 3233 habes.

2343 3275 2435 3330 Ille
2482 3275 2663 3328 furore
2707 3272 3018 3335 detinetur,
3062 3286 3160 3324 nec
3204 3272 3308 3323 scit
3330 3272 3456 3340 quid
3505 3273 3671 3335 facit;
3727 3282 3778 3325 tu
3829 3277 3925 3342 qni

2343 3369 2488 3421 illum
2537 3365 2759 3418 intueris
2783 3405 2796 3427 ,
2827 3380 2949 3417 cum
2981 3365 3032 3416 in
3064 3362 3208 3431 paria
3246 3362 3488 3416 incidens
3512 3404 3526 3425 ,
3577 3379 3750 3430 neque
3797 3363 3931 3418 hinc

2342 3459 2638 3529 sapientior
2666 3456 2848 3512 evadis
2867 3498 2882 3522 ,
2910 3472 3068 3525 quant
3097 3457 3305 3509 veniam
3336 3455 3600 3509 mereris?
3627 3457 3679 3508 Si
3716 3457 3764 3508 in
3794 3471 3937 3510 con-

2343 3554 2538 3607 vivium
2569 3551 2688 3620 quis
2715 3549 2936 3604 veniens
2959 3590 2974 3613 ,
3009 3547 3060 3601 in
3092 3547 3351 3601 vestibulo
3389 3547 3692 3615 quempiam
3723 3546 3938 3602 videret

2346 3645 2551 3701 ebrium
2575 3642 2823 3698 indecore
2837 3651 3104 3710 agentem,
3125 3639 3420 3708 deindeqne
3439 3637 3618 3705 ipsein
3643 3638 3786 3707 paria
3806 3639 3941 3693 inei-

2349 3740 2534 3803 deret,
2585 3751 2766 3791 nonne
2813 3744 2930 3803 post
2972 3735 3116 3787 illum
3146 3733 3326 3788 ebrius
3372 3731 3540 3785 factus
3569 3731 3745 3784 minus
3775 3734 3936 3785 venia

2347 3830 2537 3900 dignus
2561 3828 2748 3883 esset?
2771 3826 2842 3880 Ita
2863 3837 2918 3879 et
2946 3824 3030 3878 hic
3049 3824 3329 3879 dicendum
3364 3839 3378 3876 :
3413 3839 3480 3876 ne
3504 3834 3749 3891 putemus
3773 3839 3938 3892 posse

2350 3922 2416 3976 ad
2443 3920 2805 3975 defensionem
2831 3917 2932 3971 dici
2965 3934 2977 3968 :
3007 3916 3121 3970 Non
3152 3931 3250 3985 ego
3271 3916 3406 3983 ccepi
3437 3931 3450 3967 :
3485 3915 3584 3969 hoc
3613 3931 3799 3970 contra
3833 3934 3936 3970 nos

2352 4023 2473 4077 est,
2501 4013 2621 4081 quia
2653 4025 2823 4080 neque
2847 4009 2993 4062 illum
3023 4008 3264 4061 videntes
3285 4047 3300 4070 ,
3333 4009 3779 4076 temperantiores
3808 4007 3937 4062 facti

2353 4121 2538 4161 sumus
2567 4126 2578 4157 :
2611 4101 3060 4174 quemadmodum
3105 4101 3148 4154 si
3192 4101 3310 4171 quis
3336 4101 3476 4155 dicat
3505 4118 3517 4152 :
3552 4101 3665 4171 Ego
3694 4116 3799 4154 non
3828 4103 3937 4170 pri-

2357 4215 2476 4255 mus
2525 4198 2716 4252 occidi.
2775 4196 2897 4250 Ideo
2942 4210 3170 4264 namque
3218 4209 3373 4263 poma
3421 4194 3612 4264 dignus
3658 4209 3717 4248 es
3747 4235 3762 4256 ,
3807 4195 3936 4262 quia

2355 4292 2654 4360 exemplum
2686 4290 2902 4354 videns,
2939 4303 3041 4341 non
3067 4297 3116 4341 te
3145 4287 3454 4342 eohibuisti.

2428 4383 2672 4438 Iracundi
2693 4384 2970 4452 imago.—
2988 4382 3044 4436 Si
3073 4381 3282 4436 videres
3308 4381 3514 4436 ebrium
3543 4394 3758 4432 vomere
3777 4421 3791 4441 ,
3824 4377 3938 4431 dis-

2360 4477 2535 4541 trahi,
2562 4473 2826 4543 dirumpi,
2855 4473 3024 4528 oculis
3064 4473 3228 4526 torvis
3265 4473 3531 4540 respicere
3551 4511 3568 4536 ,
3603 4470 3938 4524 immunditia

2360 4584 2598 4624 mensam
2651 4567 2897 4636 replere,
2947 4581 3134 4620 omnes
3182 4565 3329 4618 illum
3379 4563 3597 4634 fugere,
3641 4563 3940 4630 deindeqne

2363 4659 2590 4728 inparia
2637 4657 2934 4721 incideres,
2988 4673 3164 4708 annon
3214 4655 3381 4722 magis
3429 4653 3722 4722 culpandus
3750 4653 3944 4708 esses?

2361 4750 2504 4805 Talis
2530 4758 2611 4803 est
2637 4748 2917 4802 iracundus
2949 4765 2961 4799 :
2997 4747 3165 4816 magis
3187 4760 3351 4799 venas
3382 4744 3530 4798 inﬂat
3550 4787 3565 4810 ,
3598 4762 3755 4814 quam
3782 4746 3824 4798 is
3852 4745 3940 4813 qui

2365 4843 2570 4896 vomit:
2603 4841 2787 4894 oculos
2829 4839 3155 4901 inflammat,
3185 4839 3389 4892 viscera
3434 4839 3692 4908 discerpit
3715 4879 3730 4900 .
3779 4840 3944 4893 vomit

2367 4936 2528 4991 verba
2553 4934 2642 4987 illo
2659 4934 2778 4988 cibo
2799 4933 3105 4999 itnpuriora,
3131 4932 3391 5000 indigesta
3411 4931 3586 4986 otnuia
3609 4930 3839 4999 loquitur
3866 4933 3946 4984 ni-

2366 5029 2546 5097 hilque
2564 5025 2854 5096 perfectum
2881 5025 2900 5094 (
2923 5040 3025 5078 non
3055 5025 3197 5079 enim
3225 5026 3351 5079 sinit
3379 5026 3532 5093 ira);
3569 5024 3661 5078 sed
3683 5025 3820 5077 sicut
3841 5024 3946 5077 itlic

2367 5135 2510 5189 sepe
2556 5116 2890 5172 immoderati
2957 5115 3211 5170 humores
3272 5117 3604 5170 stomachum
3669 5115 3946 5168 turbantes-

2367 5213 2543 5268 omnia
2596 5221 2900 5266 evacuant:
2950 5212 3017 5265 ita
3045 5220 3101 5265 et
3147 5210 3237 5265 hic
3280 5211 3428 5265 calor
3473 5208 3668 5263 nimius
3713 5209 3944 5263 animam

2368 5305 2718 5370 concutiens,
2749 5319 2855 5358 non
2883 5304 3008 5357 sinit
3052 5313 3231 5373 tegere
3270 5318 3389 5370 qua:
3431 5302 3590 5354 silere
3637 5309 3944 5370 Oporteret;

2370 5396 2463 5451 sed
2489 5395 2712 5451 dicenda
2743 5404 2797 5449 et
2824 5412 2928 5448 non
2959 5393 3184 5448 dicenda
3212 5391 3436 5446 effundit
3459 5434 3474 5456 ,
3507 5409 3610 5444 non
3638 5391 3915 5445 audientes
3934 5430 3946 5452 ,

2369 5488 2464 5543 sed
2508 5487 2854 5555 semetipsum
2901 5485 3214 5553 deturpans.
3265 5485 3412 5537 Sicut
3458 5485 3618 5553 igitur
3675 5492 3950 5536 vomentes

2372 5578 2640 5651 fugimus,
2693 5578 2770 5631 sic
2815 5585 2870 5631 et
2921 5577 3084 5630 iratos
3128 5573 3412 5644 fugiamus.
3460 5575 3598 5641 Quid
3651 5573 3950 5629 faciemus?

2379 5670 2601 5728 i'ulvere
2644 5671 2900 5725 vomitum
2931 5678 3204 5740 legamus,
3237 5666 3464 5722 tacendo
3510 5683 3672 5722 canes
3702 5679 3953 5723 vocemus
