4108 6172
349 319 450 378 2δί

328 450 460 500 τον;
527 435 648 488 οὐκ
703 435 874 488 ἐστιν
911 432 1074 502 ἡμῖν,
1128 431 1317 502 φησὶν,
1357 432 1396 500 ἡ
1464 431 1627 498 πάλη
1677 430 1824 498 πρὸς
1861 423 2004 496 αἷμα

331 521 432 575 καί
470 521 685 589 σάρκα.
750 519 859 575 Καὶ
911 519 1197 591 ἀριστῶσι,
1252 519 1346 572 καὶ
1387 517 1684 588 βαδίζουσι,
1723 519 1814 570 καὶ
1847 519 1999 569 λουο-

337 609 516 678 μένοις
569 608 830 679 πάρεστιν
858 609 886 660 6
920 606 1132 677 ἐχθρός.
1190 606 1266 658 Ού
1320 605 1430 675 γὰρ
1472 601 1580 657 οἶδε
1641 605 1830 676 καιρὸν
1875 607 2002 657 ἀνα-

337 697 536 767 κωχῆς,
573 698 622 748 εί
659 695 734 765 μὴ
759 695 852 747 τὸν
887 692 984 746 τοῦ
1011 692 1181 745 ὕπνου
1227 692 1389 762 μόνον
1413 709 1427 722 ο
1487 691 1745 756 πολλάκις
1793 691 1850 745 δέ
1915 692 2006 745 καὶ

332 785 454 838 τότε
507 782 758 852 πολεμεῖ,
802 781 898 834 καὶ
956 779 1253 849 λογισμοὺς
1307 778 1590 849 ἐμϐάλλων
1639 779 2004 850 ἀκαθάρτους,

336 871 427 925 καὶ
481 869 912 939 ἀσελγεστέρους
955 865 1065 923 ἀπό
1127 865 1236 918 τῶν
1291 867 1588 938 ὀνειράτων
1613 867 2002 937 ἐργαζόμενος.

344 957 536 1028 Ἡμεῖς
564 956 622 1011 δέ
648 955 724 1019 ὡς
749 955 879 1025 περὶ
907 952 1108 1023 μικροῦ
1141 951 1237 1005 τοῦ
1269 953 1596 1022 πράγματος
1640 953 1812 1016 δντος,
1867 953 2029 1024 ύπέρ¹

333 1042 393 1100 οῦ
423 1046 630 1108 ἐκεῖνος
663 1043 909 1112 πολεμεῖ,
969 1042 1031 1094 ού
1081 1041 1345 1111 νήφομεν,
1410 1041 1532 1094 οὐδέ
1580 1040 2005 1110 διανιστάμεθα.

331 1132 452 1185 ούδέ
481 1131 754 1200 βλέπομεν
783 1129 865 1191 είς
912 1127 975 1180 τὸ
1024 1126 1229 1198 πλῆθος
1275 1128 1385 1180 τῶν
1433 1128 1825 1197 ἀντικειμένων
1874 1130 2008 1198 ἡμῖν

332 1217 646 1289 δυνάμεων·
707 1215 808 1269 οὐκ
855 1215 1166 1286 ἐννοοῦμεν,
1209 1216 1292 1268 ὅτι
1346 1214 1507 1268 τοῦτο
1560 1217 1694 1268 αὐτὸ
1715 1214 1817 1284 τῆς
1851 1216 2008 1284 μεγί-

335 1320 470 1375 στης
491 1303 836 1375 δυσπραγίας
868 1303 1037 1356 ἐστίν·
1066 1302 1183 1356 ἀλλ’
1226 1304 1331 1357 ὑπὸ
1386 1302 1656 1356 τοσούτων
1702 1301 2009 1370 κυκλούμε-

335 1409 416 1444 νοι
443 1391 712 1461 πολέμων,
744 1389 818 1455 ὡς
858 1393 918 1444 ἐν
948 1391 1140 1463 είρήνῃ
1169 1390 1488 1462 τρυφῶμεν.
1526 1389 1858 1444 Πιστεύσατέ
1895 1406 2006 1459 μοι,

336 1471 412 1530 ὧν
434 1475 647 1540 Παῦλος
673 1475 840 1531 ἔπαθε
864 1476 1223 1548 χαλεπώτερα
1248 1477 1364 1530 ἔστι
1398 1475 1593 1530 παθεῖν
1645 1474 1759 1529 νῦν.
1808 1476 2010 1528 Ἔϐαλ-

339 1564 430 1616 λον
462 1564 624 1617 αὐτὸν
651 1563 771 1617 τότε
818 1563 986 1627 λίθοις
1025 1567 1249 1618 ἐκεῖνοι·
1306 1564 1420 1617 ἐστι
1454 1565 1660 1635 ῥήμασι
1721 1563 2010 1632 βάλλεσθαι

339 1652 433 1704 καὶ
492 1650 587 1704 νῦν
657 1650 820 1704 λίθων
892 1651 1314 1722 χαλεπωτέροις.
1379 1651 1444 1704 Τί
1505 1647 1599 1704 οὗν
1656 1651 1739 1704 δεῖ
1791 1654 2007 1716 ποιεῖν;

339 1741 513 1808 Ὅπερ
544 1740 748 1802 ἐκεῖνος
777 1740 1002 1806 ἐποίησε
1024 1757 1038 1772 ·
1063 1741 1189 1803 τοὺς
1244 1739 1536 1809 βάλλοντας
1587 1739 1696 1810 γάρ
1753 1740 1854 1792 οὐκ
1891 1739 2012 1807 ἐμίο

337 1843 521 1897 σησεν,
555 1825 691 1880 ἀλλά
746 1827 1024 1898 συράντων
1076 1828 1239 1881 αὐτὸν
1287 1827 1506 1896 εἰσῆλθε
1556 1827 1717 1881 πάλιν
1769 1829 1850 1890 είς
1910 1827 2011 1897 τὴν

338 1915 511 1979 πόλιν,
535 1915 914 1984 εὐεργετήσων
943 1915 1072 1977 τοὺς
1127 1916 1196 1969 τά
1245 1915 1470 1968 τοιαῦτα
1525 1915 1871 1985 ἠδικηκότας.
1915 1915 2012 1969 Ἂν

339 2001 566 2072 ἐνέγκῃς
602 2003 696 2054 καὶ
759 2000 823 2055 σὺ
862 2002 953 2054 τὸν
999 2002 1263 2073 ὑϐριστὴν
1293 2003 1383 2055 τὸν
1413 2005 1643 2073 τραχὺν,
1686 2004 1777 2056 τὸν
1810 2002 2012 2066 ἀδίκως

340 2104 399 2142 σε
423 2090 797 2160 ἐργασάμενον
822 2089 1018 2154 ταῦτα,
1055 2089 1343 2160 ἐλιθάσθης
1370 2091 1463 2143 καί
1488 2090 1575 2144 σύ.
1623 2093 1712 2161 Μὴ
1769 2091 1878 2162 γὰρ
1930 2091 2010 2144 ετ-

339 2192 468 2248 πῃς,
491 2179 572 2231 ὅτι
599 2177 766 2230 Ούδέν
791 2178 1048 2248 ἠδίκησα.
1077 2178 1142 2230 Τί
1187 2177 1296 2249 γὰρ
1347 2178 1558 2242 Παῦλος
1609 2179 1865 2250 ἠδίκησεν
1923 2179 2012 2236 ἵνα

340 2263 601 2335 λιθασθῇς
656 2264 944 2318 Βασιλείαν
989 2268 1350 2336 κατήγγελλε,
1397 2267 1607 2338 πλάνης
1659 2268 1874 2337 ἀπῆγε,
1933 2266 2012 2337 τῷ

339 2349 456 2420 Θεῷ
507 2351 782 2422 προσῆγε·
830 2352 1006 2406 ταῦτα
1054 2353 1334 2421 στεφάνων
1373 2353 1518 2418 ἀξια,
1577 2354 1751 2408 ταῦτα
1802 2355 2011 2422 ἀνακη-

343 2438 564 2508 ρύξεως,
609 2439 782 2492 ταῦτα
833 2441 1042 2510 μυρίων
1096 2441 1337 2510 ἀγαθῶν,
1378 2441 1439 2494 ού
1487 2441 1650 2495 λίθων
1680 2459 1694 2472 ·
1722 2440 1838 2494 ἀλλ’
1863 2441 2014 2510 ὅμως

343 2527 598 2580 τάναντία
629 2527 886 2597 ἔπασχεν.
920 2527 1068 2598 Αῦτη
1100 2529 1261 2600 γάρὴ
1288 2529 1514 2600 λαμπρά
1539 2531 1683 2599 νίκη.
1722 2529 1833 2582 Καὶ
1869 2528 2014 2581 ἐσυ-

332 2629 451 2679 ραν
482 2613 692 2678 αὐτὸν,
727 2615 880 2684 φησί.
906 2615 1012 2667 Καί
1036 2633 1094 2667 σε
1118 2615 1378 2679 πολλάκις
1424 2615 1699 2688 σύρουσινο
1768 2615 1905 2670 ἀλλά
1936 2615 2011 2685 μὴ

339 2702 620 2773 ὀργισθῇς,
651 2701 785 2756 ἀλλά
809 2703 1046 2773 κήρυξον
1082 2703 1173 2756 τὸν
1205 2702 1363 2770 λόγον
1407 2703 1495 2758 διὰ
1539 2704 1640 2774 τῆς
1691 2703 2012 2764 ἐπιεικείας.

342 2789 575 2860 ’Υϐρισέ
629 2807 722 2852 σει
774 2791 1028 2860 Σίγησον,
1057 2792 1154 2844 καὶ
1213 2791 1510 2861 εύλόγησον
1542 2792 1590 2843 εἰ
1642 2791 1887 2854 δύνασαι,
1917 2793 2014 2846 καὶ

338 2877 510 2940 οὕτως
546 2877 821 2948 ἐκήρυξας
875 2880 970 2932 καὶ
1017 2879 1081 2930 σὺ
1124 2879 1216 2932 τὸν
1241 2879 1421 2945 λόγον,
1477 2879 1800 2943 ἐπαίδευσας
1845 2882 2017 2934 ἐπιεί-

341 2981 518 3026 κειαν,
551 2965 879 3024 ἐπαίδευσας
901 2965 1204 3036 πραότητα.
1263 2962 1398 3020 Οἶδα
1449 2966 1674 3031 πολλοὺς
1722 2969 1820 3038 ούχ
1872 2969 2015 3023 οῦτω

340 3051 653 3121 τραύμασιν
697 3051 1018 3120 ἀλγοῦντας,
1072 3052 1148 3115 ὠς
1207 3053 1388 3124 πληγῇ
1448 3057 1513 3125 τῇ
1581 3055 1670 3110 διὰ
1715 3058 2010 3127 ῥημάτων·

341 3137 501 3191 τοῦτο
533 3137 631 3208 μὲν
673 3137 780 3208 γὰρ
822 3138 882 3190 τὸ
915 3137 1136 3208 τραῦμα
1175 3138 1238 3192 τὸ
1294 3140 1452 3210 σῶμα
1479 3142 1714 3213 δέχεται,
1741 3145 1918 3197 ἐκεῖνο
1957 3145 2015 3199 δέ

345 3225 379 3293 ή
412 3223 581 3295 ψυχή.
629 3223 787 3277 Ἀλλά
821 3225 896 3294 μὴ
921 3226 1270 3297 ἀλγήσωμεν,
1316 3227 1516 3297 μᾶλλον
1571 3229 1627 3282 δὲ
1679 3231 2014 3300 ἀλγήσαντες

343 3312 676 3381 ἐνέγκωμεν.
702 3312 812 3382 Οὐχ
838 3313 1000 3381 δρᾶτε
1020 3314 1144 3376 τοὺς
1165 3313 1558 3380 πυκτεύοντας,
1585 3316 1635 3369 οἳ
1655 3317 1805 3390 [245]
1836 3319 2014 3372 διατε-

339 3399 610 3470 τρωμένοι
643 3400 739 3462 τὰς
769 3400 1029 3468 κεφαλὰς,
1053 3403 1178 3463 τοζις
1208 3401 1428 3466 ὀδόντας
1461 3403 1775 3468 ἐνδακόντες
1794 3447 1806 3468 ,
1842 3405 2016 3471 οὕτως

341 3487 564 3558 ἡμέρως
594 3486 820 3557 φέρουσι
851 3487 951 3550 τὰς
979 3487 1310 3558 ἀλγηδόνα;;
1347 3490 1612 3546 Ἐνταῦθα
1658 3493 1715 3546 δὲ
1765 3494 1826 3546 οὐ
1858 3495 2018 3566 χρεία

345 3576 538 3647 βρύξαι
572 3578 696 3639 τοὺς
760 3576 999 3640 ὀδόντας,
1029 3577 1090 3629 ού
1140 3579 1300 3646 χρεία
1358 3579 1561 3634 δακεῖν.
1617 3583 2018 3653 Ἀναμνήσθητι

342 3664 438 3716 τοῦ
467 3665 738 3716 Δεσπότου
772 3664 866 3718 τοῦ
899 3664 1027 3728 σοῦ,
1067 3665 1160 3718 καὶ
1209 3667 1270 3718 τὺ
1307 3665 1598 3738 φάρμακον
1655 3669 1858 3734 εὐθέως
1898 3672 2020 3726 ἐπέ-

344 3751 522 3820 θηκας
563 3753 630 3821 τῇ
665 3753 852 3822 μνήμῃ
874 3770 888 3785 ο
924 3751 1302 3824 ἀναμνήσθητι
1335 3753 1549 3807 Παύλου
1572 3771 1588 3787 ⁸
1635 3758 1888 3827 ἐννόησον
1935 3760 2018 3812 ὄτι

348 3841 414 3893 σὺ
447 3841 705 3910 ἐνίκησας
731 3842 761 3892 6
785 3840 1173 3912 πληττόμενος,
1209 3844 1413 3907 ἐκεῖνος
1441 3845 1498 3898 δὲ
1523 3847 1750 3918 ἥττηται
1807 3851 1836 3901 ό
1885 3849 2020 3919 πλή-

348 3926 468 3992 ξας,
498 3928 592 3980 καὶ
614 3929 672 3981 τὸ
697 3929 804 3981 πᾶν
834 3928 970 3981 ίάσω
998 3929 1087 3982 διὰ
1110 3929 1321 3984 τούτου.
1364 3932 1530 4004 Ῥοπή
1583 3935 1722 4000 ἐστι,
1771 3936 1846 4006 μὴ
1897 3954 2022 3989 συν-

344 4019 624 4088 αρπαγῇς,
659 4015 752 4069 καὶ
801 4015 862 4068 τὸ
909 4018 1049 4070 πᾶν¹
1076 4016 1446 4090 κατώρθωσας
1484 4019 1718 4084 εύθέως⁶
1762 4023 1838 4093 μὴ
1870 4041 2022 4094 κινη-

345 4101 470 4172 θῇς,
499 4102 594 4155 καὶ
635 4101 698 4154 τὸ
744 4102 852 4155 πᾶν
893 4101 1145 4166 ἔσϐεσας.
1177 4104 1404 4175 Μεγάλη
1450 4108 1773 4178 παραμυθία
1827 4111 1888 4163 τὺ
1933 4110 2020 4164 διὰ

347 4189 585 4261 Χριστόν
612 4206 666 4242 τι
692 4188 912 4242 παθεῖν·
943 4189 1003 4242 οὐ
1024 4189 1312 4258 κηρύττεις
1336 4191 1426 4245 τὸν
1455 4193 1612 4262 λόγον
1639 4193 1739 4264 τῆς
1765 4194 2018 4259 πίστεως,

347 4276 487 4329 ἀλλὰ
533 4275 825 4346 κηρύττεις
880 4274 969 4328 τὸν
1009 4275 1165 4344 λόγον
1217 4278 1315 4347 τῆς
1355 4279 1690 4350 φιλοσοφίας.
1744 4281 1882 4334 Ἀλλ’
1912 4282 2022 4352 ὅσῳ

348 4361 421 4414 ἂν
453 4362 536 4433 ἴδῃ
559 4364 658 4434 τὴν
689 4363 1012 4427 ἐπιείκειαν,
1057 4364 1210 4434 φησὶ,
1261 4366 1500 4434 τοσούτῳ
1541 4369 1743 4438 μᾶλλον
1788 4366 2024 4421 ἐπιτίθε-

344 4465 463 4504 ται.
493 4449 590 4502 Διά
619 4449 777 4501 τοῦτο
801 4445 895 4502 οῦν
923 4449 1128 4517 ἀλγεῖς,
1157 4451 1238 4503 δτι
1264 4452 1463 4521 μᾶλλόν
1494 4471 1576 4506 σοι
1622 4454 1749 4517 τοὺς
1798 4454 2023 4524 μισθοὺς

299 4547 304 4551 ’
344 4537 539 4603 αὔξεις
574 4537 714 4589 Ἀλλ’
742 4538 1015 4608 ἄχρηστος
1046 4538 1274 4606 γίνεται,
1298 4540 1451 4611 φησί.
1494 4540 1665 4593 Τοῦτο
1699 4542 1898 4612 σκῆψις
1923 4543 2025 4612 τῆς

350 4625 494 4688 ἰδίας
527 4625 920 4696 μικροψυχίας⁹
950 4626 1153 4696 ἑτέρως
1168 4627 1441 4698 ἄχρηστος
1473 4629 1703 4696 γίνεται,
1730 4630 1795 4683 ἂν
1817 4630 2020 4702 ἀμύνῃ.

351 4715 415 4767 El
457 4714 580 4785 ᾔδει
619 4715 647 4765 6
699 4713 852 4778 Θεὸς,
878 4715 961 4768 ὅτι
1007 4713 1095 4766 διά
1137 4713 1232 4767 τοῦ
1287 4715 1360 4786 μὴ
1415 4716 1717 4786 ἀμύνεσθαι
1761 4717 2026 4789 ἄχρηστοι

351 4801 592 4868 ἐγίνοντο
617 4800 667 4852 οἱ
697 4799 891 4865 ἄδικοι,
931 4802 1033 4854 οὐκ
1063 4801 1129 4855 ἂν
1153 4801 1312 4855 τοῦτο
1340 4802 1600 4867 ἐπέταξεν
1623 4846 1636 4870 ,
1670 4804 1784 4857 ἀλλ’
1815 4805 1966 4859 εἶπεν
1997 4818 2023 4847 ι

332 4873 441 4951 ἂν,
477 4889 717 4958 Ἀμυνον
739 4887 956 4955 σαυτῷο
981 4889 1096 4944 ἀλλ’
1131 4887 1268 4945 οἶδεν
1297 4893 1379 4945 ὅτι
1429 4891 1573 4946 οὕτω
1632 4893 1830 4963 μᾶλλον
1879 4895 2023 4963 ὠφε-

350 4975 545 5030 λεῖται.

423 5062 516 5133 Μὴ
541 5059 943 5132 ἀντινομοθέτει
975 5061 1053 5131 τῷ
1078 5063 1198 5134 Θεῷ
1219 5080 1235 5096 ·
1267 5065 1460 5135 ἐκείνῳ
1491 5065 1702 5120 πείθου.
1735 5067 1850 5120 Οὐκ
1879 5061 1931 5119 εἴ
1959 5069 2024 5122 σὺ

351 5147 700 5219 ἀγαθώτερος
757 5146 853 5200 τοῦ
906 5149 1230 5218 ποιήσαντος
1257 5152 1423 5221 ήμᾶς.
1455 5149 1654 5219 Εἶπεν,
1703 5152 2026 5224 ’Υδριξόμε-

353 5251 445 5298 νος
480 5235 652 5306 φέρεο
716 5234 780 5288 σὺ
840 5233 1052 5301 λέγεις.
1085 5236 1437 5308 Ἀνθυϐρίζω,
1483 5241 1570 5294 ἵνα
1622 5241 1698 5312 μὴ
1751 5241 2027 5313 ἄχρηστος

353 5323 636 5395 γένηται“.
681 5324 754 5377 Σὺ
813 5319 907 5376 οῦν
947 5322 1147 5392 μᾶλλον
1193 5324 1358 5378 αὐτοῦ
1411 5327 1756 5397 φροντίζεις;
1814 5329 2028 5391 Πάθους

355 5410 526 5464 ταῦτα
561 5412 652 5464 καὶ
673 5409 1013 5483 τραχύτητος
1065 5410 1136 5465 τά
1195 5412 1415 5482 ῥήματα
1457 5417 1552 5468 καὶ
1584 5416 1900 5480 ἀλαζονείας
1935 5419 2029 5472 καὶ

355 5497 451 5550 τοῦ
486 5499 922 5571 ἀντινομοθετεῖν
943 5498 1026 5570 τῷ
1048 5498 1186 5569 Θεῷ.
1210 5501 1272 5553 Εί
1301 5502 1410 5572 γὰρ
1437 5504 1530 5555 καὶ
1555 5503 1872 5569 ἑϐλάπτετο,
1906 5509 2030 5578 ούχὶ

359 5580 642 5641 πιίθεσθαι
671 5588 866 5658 ἐχρῆν;
893 5588 1061 5641 Ὅταν
1089 5588 1118 5639 6
1145 5587 1277 5650 Θεός
1306 5605 1361 5641 τι
1391 5592 1725 5662 προστάττῃ,
1762 5595 1836 5664 μὴ
1886 5596 2030 5648 ἀντι-

359 5675 736 5746 νομοθετῶμεν
756 5677 936 5747 ἡμεῖς.
997 5677 1352 5744 Ἀπόκρισις,
1391 5679 1575 5748 φησὶν,
1602 5680 2028 5736 ύποπίπτουσα

422 5873 451 5948 ξ
477 5873 612 5948 Linus
631 5874 774 5948 τοῦτο
795 5878 1034 5948 ἐποίησεν,
1063 5882 1338 5948 ἄλλ’-εἷπεν.
1433 5888 1461 5922 ⁸
1485 5883 1653 5936 Μοηιί.
1674 5885 1902 5948 γένωμαι.
1927 5885 2027 5937 Le-

362 5941 576 5987 cuonem
600 5938 822 5988 codicum
840 5943 1135 6003 recepimus.
1168 5944 1300 5992 Ευιτ.

721 6026 991 6087 Ρηιιοι..
1031 6023 1148 6086 Gn.
1192 6024 1328 6107 LX‘

1422 317 1491 373 IN
1529 317 1714 373 ACTA
1753 312 2284 371 APOSTULORUM.
2327 313 2562 372 HOMIL.
2605 316 2797 375 XXXI.

3675 333 3782 388 23?.

2107 427 2471 497 ἀποστρέφει
2528 432 2728 501 ὀργάς.
2789 433 2935 506 Ἀρα
2984 435 3142 490 τοῦτο
3189 444 3334 494 ποιεῖ
3376 444 3780 516 ύποπίπτουσα,

2106 515 2645 602 ούκέναντιουμένη.
2681 521 2742 573 Εἰ
2772 522 2831 574 σέ
2865 523 3084 592 ὠφελεῖ,
3111 528 3360 583 κάκεῖνον
3385 531 3614 602 ὠφελεῖ·
3652 539 3700 592 εί
3725 515 3782 594 δέ

2112 617 2171 653 σε
2203 601 2430 671 βλάπτει
2467 606 2560 659 τὸν
2617 608 2878 677 μέλλοντα
2925 611 3266 682 διορθοῦσθαι
3316 601 3545 688 ἐκεῖνον,
3605 626 3786 688 πολλῷ

2107 688 2309 758 μᾶλλον
2347 693 2574 748 ἐκεῖνον.
2625 694 2822 763 Ἰατρέ,
2880 698 3255 766 θεράπευσον
3307 683 3590 764 σεαυτόκ.
3649 683 3784 767 Ern;

2105 777 2328 866 κακῶς)
2395 779 2708 835 Ἐπαίνεσον
2762 783 2861 836 σύο
2923 785 3295 859 ἐλοιδόρησεν;
3367 794 3780 866 Ἐγκωμίασον·

2103 861 2498 956 ἐπεϐούλευσεν
2521 881 2536 931 ;
2569 867 2943 956 Εύεργέτησον
2963 889 2978 903 ο
3005 875 3118 936 τοῖς
3149 876 3412 941 ἐναντίοις
3439 861 3604 936 αὑτδν
3625 886 3784 956 ἀμείο

2103 947 2220 1011 ϐου,
2257 952 2309 1046 εί
2328 952 2565 1046 γε-ὄλως-
2577 954 2678 1024 τῆς
2705 956 2915 1046 ἐκείνου
2946 960 3220 1030 σωτηρίας
3258 968 3527 1035 προνοεῖς,
3559 947 3678 1022 καὶ.
3706 974 3782 1046 μὴ

2106 1040 2306 1093 σαυτοῦ
2357 1041 2418 1094 τὸ
2463 1042 2637 1106 πάθος
2699 1045 2933 1097 ἐκδικεῖν
2989 1047 3132 1101 θέλε.
3184 1050 3293 1102 Καὶ
3335 1051 3442 1122 μὴν
3504 1040 3781 1122 πολλάκις,

2107 1129 2292 1196 φησὶν,
2325 1128 2640 1192 ἀπολαύσας
2673 1131 3058 1203 μακροθυμίας
3090 1136 3288 1207 χείρων
3345 1139 3556 1208 γέγονε.
3611 1144 3784 1198 Ίόῦτο

2103 1214 2165 1264 ού
2195 1215 2346 1284 παρά
2374 1215 2453 1278 at,
2482 1216 2617 1270 ἀλλά
2651 1220 2780 1287 παρ’
2808 1219 2990 1272 αὐτόν.
3027 1222 3213 1276 Βούλει
3247 1225 3438 1295 μαθεῖν
3462 1224 3548 1283 οἷα
3582 1229 3784 1286 ἔπαθεν

2104 1303 2132 1354 6
2157 1301 2324 1368 Θεόςς
2366 1302 2446 1356 Τά
2473 1304 2837 1375 θυσιαστήρια
2871 1308 3035 1361 αὑτοῦ
3059 1309 3436 1381 κατέσκαψαν,
3460 1315 3586 1379 τοὺς
3649 1333 3784 1389 προ-

2107 1389 2284 1458 φήτας
2328 1390 2679 1452 ἀπέκτειναν,
2733 1395 2827 1446 καὶ
2882 1395 3062 1449 πάντα
3108 1397 3322 1470 ἔφερεν.
3376 1401 3491 1454 Ούκ
3555 1404 3784 1473 ήδύνατο

2110 1476 2351 1546 σκηπτὸν
2376 1477 2582 1531 ἀνωθεν
2607 1483 2972 1548 καταγαγεῖν;
3012 1483 3151 1536 Ἀλλ’
3193 1486 3280 1538 ὅτε
3325 1489 3454 1553 τοὺς
3502 1493 3784 1563 προφήτας

2106 1564 2414 1629 ἀπέστειλε,
2447 1567 2542 1620 καὶ
2573 1567 2782 1620 ἀνεῖλον
2810 1570 3026 1635 αὐτοὺς,
3057 1572 3179 1625 τότε
3217 1575 3309 1628 τὸν
3340 1576 3467 1629 Υίδν
3497 1579 3740 1650 ἐπεμψεν
3764 1599 3778 1613 ο

2107 1653 2196 1706 ὅτε
2224 1651 2444 1721 μείζονα
2470 1653 2767 1725 ἠσέϐησαν,
2793 1656 2912 1709 τότε
2948 1658 3209 1726 μειζόνως
3242 1662 3578 1735 εὐηργέτησε
3603 1683 3618 1729 ;
3672 1667 3783 1720 Καὶ

2108 1740 2174 1791 σὺ
2212 1740 2278 1793 ἂν
2311 1741 2425 1812 ἴδῃς
2447 1741 2863 1812 τραχυνόμενον,
2894 1745 3015 1798 τότε
3045 1749 3304 1816 μειζόνως
3331 1745 3472 1814 εἴξον
3495 1768 3508 1782 ’
3539 1753 3783 1822 μείζονος

2109 1827 2218 1894 γὰρ
2241 1828 2273 1896 ἡ
2302 1827 2466 1896 μανία
2494 1826 2629 1899 αῦτη
2650 1827 2819 1881 δεῖται
2850 1832 3225 1901 παραμυθίας.
3251 1835 3402 1906 Ὃσῳ
3433 1837 3498 1890 ἂν
3532 1839 3781 1908 χαλεπώ-

2106 1931 2240 1983 τερα
2270 1913 2484 1985 ύϐρίζῃ,
2511 1915 2748 1986 τοσούτῳ
2775 1917 3019 1981 πλείονος
3050 1919 3077 1959 ι»
3101 1922 3400 1986 ἐπιεικείας
3437 1924 3605 1978 δεῖται
3627 1940 3640 1953 ’
3685 1927 3781 1978 καὶ

2109 2000 2359 2071 καθάπερ
2381 2001 2613 2072 πυρετὸς
2645 2003 2772 2056 ὅταν
2800 2006 3031 2076 σφοδρὸν
3064 2007 3291 2080 πνεύσῃ,
3326 2011 3447 2064 τότε
3482 2012 3651 2065 δεῖται
3685 2011 3778 2065 τοῦ

2105 2089 2344 2152 εἴκοντος
2370 2105 2383 2118 ·
2411 2090 2553 2143 οῦτω
2584 2092 2674 2144 καὶ
2695 2093 2724 2144 6
2748 2091 3109 2164 θυμούμενος.
3142 2095 3215 2148 T6
3274 2095 3460 2168 θηρίον
3512 2099 3640 2153 ὃταν
3675 2100 3783 2170 μά-

2107 2175 2264 2229 λιστα
2290 2176 2568 2248 ἀγριαίνῃ,
2592 2177 2712 2231 τότε
2743 2178 3020 2250 φεύγομεν
3053 2181 3293 2247 ἅπαντες
3313 2199 3326 2212 ·
3348 2183 3493 2238 οὕτω
3537 2186 3632 2238 καὶ
3686 2186 3782 2240 τὸν

2106 2262 2474 2334 ὀργιζόμενον.
2506 2265 2598 2336 Μὴ
2625 2265 2852 2339 νομίσῃς
2878 2268 3038 2322 τοῦτο
3063 2272 3228 2341 τιμὴν
3271 2269 3412 2325 εἶναι
3437 2289 3451 2302 ο
3507 2274 3631 2326 ἐπεὶ
3685 2276 3781 2328 καὶ

2106 2350 2169 2401 τὸ
2202 2349 2388 2420 θηρίον
2409 2351 2680 2422 τιμῶμεν,
2716 2354 2964 2418 καὶτοὺς
3011 2359 3374 2428 μαινομένους
3422 2359 3554 2428 γοῦν
3609 2362 3782 2432 τιμῶ-

2112 2454 2231 2506 μεν,
2265 2438 2394 2490 ὅταν
2419 2439 2788 2511 ἐκκλίνωμεν;
2822 2443 3116 2513 Οὐδαμῶς’
3148 2447 3340 2514 ἀτιμία
3371 2447 3529 2502 τοῦτό
3551 2449 3781 2502 ἐστικαὶ

2110 2521 2266 2591 ὕϐρις
2294 2541 2307 2553 ·
2345 2522 2542 2593 μᾶλλον
2577 2527 2634 2580 δὲ
2665 2529 2766 2581 οὐκ
2817 2531 3009 2600 ἀτιμία
3043 2533 3135 2585 καὶ
3171 2533 3345 2603 ὕϐρις,
3375 2534 3488 2587 ἀλλ’
3517 2535 3662 2600 ἔλεος
3687 2537 3784 2590 καὶ

2109 2609 2509 2682 φιλανθρωπία.
2576 2615 2688 2684 Οὐχ
2735 2617 2866 2686 ὁρᾷς
2913 2619 3039 2679 τοὺς
3095 2619 3316 2684 ναύτας,
3368 2623 3497 2674 ὅταν
3555 2622 3784 2693 σφοδρὸν

2111 2697 2394 2770 ἐμπνεύσῃ
2422 2699 2483 2751 τὸ
2511 2700 2748 2770 πνεῦμα,
2766 2700 2915 2772 [246]
2939 2704 3335 2774 καθαιροῦντας
3357 2707 3425 2758 τά
3454 2708 3617 2771 ίστία,
3639 2709 3783 2762 ὥστε

2116 2787 2190 2857 μὴ
2213 2785 2510 2839 καταδῦσαι
2526 2786 2586 2840 τὸ
2605 2787 2810 2856 σκάφος
2834 2804 2847 2848 ;
2874 2790 2999 2852 τοὺς
3015 2790 3210 2855 ἵππους
3241 2794 3368 2847 ὅταν
3397 2797 3784 2865 συναρπάσωσι

2110 2873 2204 2926 τὸν
2231 2873 2518 2945 ἐπιϐάτην,
2547 2875 2938 2939 συνενδιδόντα,
2969 2876 3065 2929 καὶ
3086 2878 3146 2930 οὐ
3175 2878 3527 2947 καθέλκοντα,
3564 2883 3652 2936 ἵνα
3707 2886 3784 2956 μὴ

2111 2961 2436 3031 αὐτομάτως
2465 2961 2678 3035 κενὼσῃ
2709 2961 2806 3034 τήν
2831 2963 3098 3034 δύναμιν;

2183 3051 2242 3104 δ’.
2267 3049 2437 3103 Τοῦτο
2451 3050 2624 3104 καὶσὺ
2649 3051 2893 3122 ποίησον.
2917 3052 3034 3123 ῐιῦρ
3058 3053 3204 3106 ἐστιν
3225 3053 3253 3105 6
3272 3053 3459 3124 θυμὸς,
3480 3055 3611 3126 φλόξ
3636 3057 3784 3111 ἐστιν

2109 3136 2258 3202 ὀξεῖα
2285 3137 2513 3209 δεομένη
2548 3137 2680 3209 ὕλης
2702 3154 2715 3167 ·
2751 3136 2826 3208 μὴ
2854 3140 3145 3212 παράσχῃς
3175 3141 3274 3213 τὴν
3302 3142 3507 3214 τροφήν
3526 3143 3604 3214 τῷ
3628 3145 3783 3215 πυρὶ,

2111 3227 2205 3280 καὶ
2247 3225 2456 3297 ταχέως
2508 3225 2736 3290 ἔσϐεσας
2780 3226 2840 3279 τὸ
2893 3227 3082 3280 κακόν.
3137 3230 3250 3282 Ούκ
3281 3228 3394 3300 ἔχει
3436 3231 3559 3305 καθ’
3589 3233 3786 3305 ἑαυτὴν

2114 3315 2266 3384 ἰσχὺν
2296 3316 2329 3384 ή
2356 3314 2516 3385 ὀργὴ,
2544 3313 2612 3367 ἂν
2648 3314 2724 3383 μὴ
2749 3313 2934 3384 ἕτερος
2955 3315 3215 3385 ὁτρέφων
3243 3317 3412 3387 αὐτὴν
3546 3320 3788 3391 Οὐδεμία

2114 3401 2196 3453 σοί
2222 3403 2370 3454 ἐστιν
2399 3401 2685 3469 ἀπολογία.
2732 3401 2968 3464 Ἐκεῖνος
3031 3403 3321 3471 κατέχεται
3365 3408 3431 3476 τῇ
3471 3406 3658 3478 μανίᾳ,
3694 3409 3788 3463 καὶ

2110 3489 2213 3542 ούκ
2265 3485 2373 3541 οἶδε
2425 3488 2478 3541 τί
2523 3491 2700 3541 ποιεῖ·
2734 3489 2799 3541 σὺ
2828 3488 3048 3559 θεωρῶν
3075 3490 3258 3554 αὑτὸν,
3291 3492 3418 3545 ὅταν
3451 3497 3562 3558 τοῖς
3603 3496 3787 3558 αὐτοῖς

2114 3577 2438 3648 περιπέσῃς,
2484 3577 2576 3628 καὶ
2626 3575 2759 3646 μηδέ
2815 3575 2874 3640 ἐξ
2928 3577 3136 3630 ἐκείνου
3191 3581 3598 3652 σωφρονισθῇς,
3657 3584 3786 3636 ποία

2115 3662 2448 3733 συγγνώμης
2485 3663 2546 3715 Et
2567 3665 2624 3716 ἐν
2651 3663 2936 3733 συμποσίῳ
2969 3681 3053 3727 τις
3076 3664 3369 3736 γενόμενος
3399 3668 3520 3721 τινὰ
3561 3670 3620 3721 ἐν
3659 3687 3787 3740 προ.

2115 3749 2300 3822 θύροις
2329 3749 2425 3802 ῖδοι
2448 3749 2714 3818 μεθύοντα
2753 3751 2844 3803 καὶ
2874 3751 3307 3822 ἀσχημονοῦντα,
3348 3749 3464 3806 εἶτα
3502 3755 3596 3808 καὶ
3624 3755 3787 3817 αὐτὸς

2114 3841 2226 3899 τοῖς
2271 3835 2474 3907 ὁμοίοις
2529 3839 2823 3908 περιπέσῃ,
2879 3839 2940 3891 ού
2994 3840 3173 3911 πολλῷ
3225 3841 3424 3911 μᾶλλον
3446 3843 3788 3912 μετ’ἐκεῖνον

2118 3924 2332 3994 μεθύων
2385 3922 2768 3992 ἁσύγγνωστος
2803 3924 2868 3977 ἂν
2917 3925 3038 3994 ein;
3075 3927 3231 3980 Οῦτω
3273 3929 3363 3981 καὶ
3402 3928 3666 3982 ἐνταῦθα’
3711 3929 3787 4000 μὴ

2116 4011 2423 4082 νομίζωμεν
2467 4006 2604 4064 εἶναι
2638 4012 2934 4080 ἀπολογίαν
2975 4013 3036 4066 τὸ
3057 4015 3256 4082 λέγειν,
3292 4016 3373 4068 δτι
3398 4017 3511 4068 Οὐκ
3548 4015 3659 4083 ἐγὼ
3684 4033 3786 4070 κα-

2115 4099 2288 4169 τῆρξα
2308 4116 2319 4127 ·
2346 4099 2505 4152 τοῦτο
2526 4099 2644 4152 καθ’
2679 4100 2836 4170 ήμῶν
2861 4102 3030 4161 ἐστιν,
3063 4102 3144 4154 ὅτι
3175 4102 3310 4172 μηδέ
3340 4105 3545 4154 ἐκεῖνον
3590 4103 3789 4167 ἰδόντες

2117 4185 2491 4256 ἐσωφρονίσθη
2501 4203 2599 4255 μεν
2614 4202 2626 4215 °
2661 4185 2850 4256 ῶσπερ
2870 4185 2934 4238 ἂν
2965 4187 3109 4239 εἴποι
3128 4204 3231 4250 τις,
3257 4188 3371 4240 Οὐκ
3390 4187 3502 4255 ἐγὼ
3523 4189 3790 4257 ἐφόνευσα

2121 4275 2358 4344 πρῶτος.
2394 4276 2492 4350 ᾼιά
2511 4275 2621 4345 γὰρ
2643 4275 2800 4328 τοῦτο
2831 4276 3105 4339 κολάσεως
3133 4274 3184 4328 εἶ
3202 4276 3372 4342 ἄξιος,
3395 4277 3478 4330 ὅτι
3519 4279 3654 4350 μηδέ
3708 4280 3790 4342 εἰς

2118 4361 2179 4414 τὸ
2201 4361 2550 4431 παράδειγμα
2577 4361 2702 4414 ἰδὼν
2729 4363 2959 4432 ἐπέσχες
2990 4363 3203 4416 σαυτόν.

2191 4450 2253 4503 El
2282 4449 2409 4512 ίδοις
2439 4448 2675 4520 ἐμοῦντα
2705 4449 2796 4502 τὸν
2832 4449 3120 4519 μεθύοντα,
3175 4449 3575 4520 διασπώμενον,
3639 4452 3792 4525 διαρ-

2121 4537 2499 4608 ῥηγνύμενον,
2543 4537 2671 4600 τοὺς
2731 4535 3043 4607 ὀφθαλμοὺς
3093 4537 3286 4608 ἔχοντα
3352 4539 3788 4610 διατεταμένους,

2119 4625 2465 4694 ἀκαθαρσίας
2503 4623 2602 4695 τὴν
2661 4624 2942 4696 τράπεζαν
2990 4624 3322 4696 πληροῦντα,
3378 4627 3584 4691 πάντας
3627 4629 3793 4681 αὑτὸν

2119 4713 2551 4783 ἀποφεύγοντας,
2571 4709 2690 4767 εἶτα
2719 4717 2831 4778 τοῖς
2860 4715 3045 4778 αὐτοῖς
3081 4715 3406 4786 περιπέσῃς,
3432 4715 3553 4786 ούχὶ
3588 4716 3792 4786 μᾶλλον

2120 4801 2217 4873 ἔσῃ
2251 4803 2516 4873 μισητός;
2546 4801 2800 4865 Τοιοῦτός
2831 4805 2947 4855 ἐστι
2986 4804 3079 4856 καὶ
3138 4805 3167 4856 ὁ
3222 4803 3595 4874 ὀργιζόμενος
3656 4803 3794 4873 μᾶλ-

2120 4888 2212 4942 λον
2271 4889 2366 4942 τοῦ
2418 4889 2679 4959 ἐμοῦντος
2728 4889 2985 4944 διατείνει
3039 4888 3139 4954 τὰς
3200 4891 3422 4960 φλέϐας,
3471 4894 3635 4962 πυροῖ
3667 4893 3793 4956 τοὺς

2121 4975 2458 5047 ὀφθαλμοὺς,
2489 4977 2788 5030 διασπᾶται
2833 4978 2902 5031 τὰ
2948 4977 3255 5049 σπλάγχνα.
3291 4979 3419 5048 ἐμεῖ
3465 4978 3648 5050 πολλῷ
3693 4981 3793 5050 ῥή-

2126 5080 2273 5134 ματα
2296 5063 2399 5134 τῆς
2431 5064 2640 5134 τροφῆς
2690 5063 2904 5135 ἐκείνης
2964 5064 3395 5137 ἀκαθαρτότερα.
3445 5064 3793 5135 ἀδιαμάσητα

2123 5152 2301 5206 πάντα
2331 5152 2656 5221 φθέγγεται,
2685 5152 2840 5206 οὐδὲν
2875 5151 3342 5224 κατειργασμένον
3377 5153 3458 5223 (ού
3487 5153 3597 5221 γὰρ
3626 5153 3793 5222 ἀφίη-

2126 5258 2211 5294 σιν
2241 5241 2270 5292 ό
2300 5239 2495 5310 θυμός)
2516 5256 2530 5271 ο
2557 5239 2672 5293 ἀλλ’
2699 5237 2890 5310 ῶσπερ
2929 5241 3046 5293 ἐκεῖ
3099 5241 3361 5304 πολλάκις
3415 5241 3652 5312 ἀμετρία
3699 5259 3796 5312 χυ-

2127 5327 2243 5399 μῶν
2293 5327 2684 5398 διενοχλήσασα
2756 5326 2847 5381 τὸν
2903 5327 3192 5398 στόμαχον,
3243 5328 3420 5382 πάντα
3491 5328 3759 5382 ἐκένωσεν
3778 5343 3791 5359 ·

2122 5416 2266 5471 οὕτω
2321 5417 2416 5470 καὶ
2457 5416 2692 5471 ἐνταῦθα
2741 5417 2982 5488 ἀμετρία
3035 5416 3368 5488 θερμότητος
3405 5417 3796 5490 διενοχλήσασα

2122 5507 2224 5577 τὴν
2254 5505 2453 5576 ψυχὴν,
2507 5505 2608 5558 ούκ
2651 5505 2846 5576 ἀφίησι
2893 5505 3110 5574 στέγειν
3153 5506 3189 5560 ἃ
3246 5508 3405 5578 σιγᾷν
3432 5506 3616 5570 καλὸν,
3655 5508 3794 5564 ἀλλά

2126 5595 2269 5667 ρητά
2288 5595 2383 5648 καὶ
2415 5594 2630 5666 ἄρρητα
2660 5592 2829 5661 λέγει,
2858 5593 2980 5664 ούχὶ
3005 5593 3130 5657 τοὺς
3157 5593 3474 5661 ἀκούοντας,
3517 5594 3633 5648 ἀλλ’
3663 5596 3794 5650 ἐαυι

2123 5682 2217 5736 τὸν
2250 5679 2543 5750 αἰσχύνων.
2576 5681 2787 5752 ’Ὥσπερ
2819 5674 2912 5733 οῦν
2950 5679 3059 5733 ἀπὸ
3102 5679 3212 5734 τῶν
3276 5678 3553 5752 ἐμούντων
3595 5679 3796 5750 φεύγο-

2129 5788 2250 5843 μεν,
2281 5769 2425 5824 οῦτω
2453 5768 2547 5822 καὶ
2578 5768 2686 5822 ἀπὸ
2751 5767 2860 5823 τῶν
2914 5769 3304 5842 ὀργιζομένων.
3358 5769 3423 5823 Τί
3473 5767 3794 5834 ποιοῦντες;

2195 5951 2217 5980 ε
2245 5947 2386 6000 Alius
2414 5950 2648 6010 μειζόνως.

3264 6035 3338 6095 13
