4104 6148
237 297 342 355 253

237 409 402 464 Κόνιν
427 407 772 480 ἐπιϐάλωμεν
785 404 965 461 αὐτῶν
986 403 1066 475 τῷ
1083 403 1281 476 ἐμέτῳ,
1308 402 1569 473 σιγῶντες
1590 402 1716 466 τοῦς
1739 403 1908 466 κύνας

235 496 510 567 καλῶμεν,
543 495 685 549 ῶστε
720 493 862 548 αὐτὰ
886 491 1312 562 καταφαγεῖντά
1336 491 1627 562 ὲμεθέντα.
1659 485 1792 544 Οἶδα
1824 490 1907 543 ὅτι

234 585 488 638 ναυτιᾶτε
510 583 798 645 ἀκούοντες
819 598 830 610 ’
858 580 973 646 ἀλλ’
1003 581 1134 634 ὅταν
1187 580 1352 651 ὁρᾶτε
1400 578 1574 633 ταῦτα
1617 578 1905 648 γινόμενα,

237 668 496 741 βούλομαι
518 669 675 724 τοῦτο
706 668 898 725 παθεῖν
927 668 1093 738 ὑμᾶς,
1120 667 1257 721 ἀλλά
1282 666 1358 739 μὴ
1380 665 1604 737 ἥδεσθαι
1625 665 1703 736 τῷ
1728 720 1733 725 _
1764 665 1878 735 πρά

222 773 425 826 ,γματι.
468 754 930 827 Ἀκαθαρτότερος
957 756 986 808 ό
1023 754 1288 825 ὑϐριστὴς
1323 752 1420 807 τοῦ
1452 753 1614 817 κυνὸς
1649 751 1744 806 τοῦ
1782 753 1905 805 επι-

235 843 559 916 στρέφοντος
589 844 685 896 ἐπὶ
715 843 806 896 τὸν
844 841 1042 895 ἑαυτοῦ
1068 854 1094 882 ι
1126 840 1341 912 ἔμετον.
1374 840 1438 893 Εἰ
1470 839 1570 911 μὲν
1594 839 1705 910 γὰρ
1759 837 1907 904 ἅπαξ

233 929 440 1001 ὲμέσας
467 928 844 996 ὲπαύετο,οὐκ
871 924 940 999 ἦν
971 928 1092 981 κατ’
1137 928 1380 981 ἐκεῖνον’
1422 928 1471 980 εἰ
1517 926 1575 981 δὲ
1624 926 1784 981 πάλιν
1834 925 1906 980 τὰ

232 1017 372 1072 αὐτὰ
407 1019 548 1089 ὲμεί,
587 1017 747 1087 δῆλον
771 1017 854 1069 ὅτι
878 1015 948 1069 τά
977 1015 1119 1070 αύτά
1144 1013 1352 1084 φαγών.
1385 1014 1451 1067 Τί
1480 1010 1573 1068 οὖν
1617 1013 1904 1083 βδελυκτόο

232 1121 392 1176 τερον
421 1102 515 1157 τοῦ
545 1103 827 1168 τοιούτου;
861 1102 915 1155 τί
963 1101 1022 1155 δὲ
1064 1100 1502 1179 ἀκαθαρτότερον
1551 1100 1761 1154 ἐκείνου
1808 1099 1902 1154 τοῦ

234 1191 520 1262 στόματος,
554 1192 650 1245 τοῦ
678 1190 931 1253 τοιαύτας
960 1189 1381 1260 διαμασωμένου
1412 1188 1655 1259 τροφάς;
1724 1187 1903 1242 καίτοι

230 1296 294 1348 γε
325 1278 484 1333 τοῦτο
513 1278 726 1348 φύσεως
757 1277 920 1349 ἔργον
952 1278 1124 1343 ὲστίν,
1158 1278 1336 1330 ἐκεῖνο
1394 1276 1453 1330 δὲ
1503 1276 1656 1346 ούχί·
1703 1274 1909 1352 μᾶλλον

229 1367 285 1421 δὲ
310 1365 586 1421 καὶτοῦτο
615 1366 767 1438 παρά
801 1365 965 1436 φύσιν
1002 1365 1243 1417 κάκεῖνο.
1275 1363 1428 1430 Πῶς;
1466 1363 1542 1416 Οὐ
1592 1363 1701 1434 γὰρ
1760 1362 1902 1417 κατὰ

230 1455 392 1522 φύσιν
421 1454 483 1508 τὸ
516 1453 762 1527 ὑϐρίζειν
790 1453 940 1522 εἰκῆ,
975 1450 1114 1504 ἀλλά
1145 1449 1298 1521 παρά
1327 1449 1522 1520 φύσιν·
1573 1450 1724 1503 οὐδὲν
1772 1451 1903 1519 γοῦν

228 1544 304 1607 ώς
357 1542 643 1616 ἄνθρωπος
681 1542 1004 1613 φθέγγεται,
1067 1539 1203 1593 ἀλλά
1244 1538 1315 1592 τά
1354 1538 1454 1609 μὲν
1484 1538 1561 1602 ὼς
1589 1538 1796 1609 θηρίον,
1830 1538 1902 1593 τά

225 1631 283 1683 δὲ
307 1629 382 1694 ώς
407 1631 755 1702 μαινόμενος.
789 1629 1000 1700 Ὠσπερ
1040 1623 1132 1681 οὖν
1184 1627 1218 1698 ἡ
1268 1625 1377 1678 τῶν
1426 1626 1698 1696 σωμάτων
1745 1626 1901 1690 νόσος

221 1718 378 1788 παρὰ
412 1718 597 1789 φύσιν,
628 1717 771 1772 οὕτω
800 1717 896 1772 καὶ
925 1715 1105 1771 τοῦτο.
1131 1716 1243 1770 Καὶ
1265 1715 1349 1768 ὅτι
1372 1713 1525 1787 παρὰ
1553 1712 1713 1784 φύσιν
1733 1714 1903 1777 ἐστὶν,

227 1808 275 1859 εἰ
300 1807 604 1878 ἐγχρονίσει
627 1808 684 1860 ὲν
708 1804 876 1876 αὐτῷ,
911 1805 1195 1860 ἀπολεῖται
1227 1802 1370 1858 κατὰ
1395 1803 1591 1874 μικρόν
1614 1819 1629 1834 ο
1652 1805 1708 1855 ὲν
1741 1803 1798 1855 δὲ
1827 1803 1904 1873 τῷ

228 1893 370 1946 κατὰ
396 1893 556 1963 φύσιν
587 1891 1049 1965 ἐγχρονίζων,ούκ
1071 1891 1373 1946 ἀπολεῖται.
1390 1889 1542 1962 [247]
1559 1889 1809 1961 Ἐλοίμην
1836 1889 1903 1943 ἂν

223 1980 495 2053 ἀνθρώπῳ
529 1981 785 2054 βόρϐορον
808 1979 1110 2052 σιτουμένῳ
1144 1978 1472 2050 κοινωνῆσαι
1507 1978 1804 2049 τραπέζης,
1867 1978 1901 2051 ἢ

224 2068 581 2141 φθεγγομένῳ
602 2068 851 2123 τοιαῦτα.
883 2068 995 2138 οὐχ
1039 2069 1205 2139 ὁρᾶτε
1254 2068 1381 2130 τοὺς
1430 2066 1650 2139 χοίρους
1700 2066 1903 2137 κόπρον

222 2156 706 2229 διαμασωμένουςς
733 2156 894 2210 Οὖτω
923 2156 1018 2209 καί
1065 2148 1231 2209 οὗτοι.
1261 2155 1328 2207 Τί
1361 2155 1472 2225 γὰρ
1508 2153 1902 2224 δυσωδέστερον

222 2244 332 2298 τῶν
362 2247 624 2316 ῥημάτων
653 2237 730 2301 ὧν
753 2246 804 2299 οἰ
839 2243 1098 2315 ὑϐρισταὶ
1130 2241 1463 2312 φθέγγονται
1484 2258 1498 2308 ;
1520 2240 1735 2311 Σπουδὴ
1780 2240 1904 2294 τού-

221 2334 474 2396 τοιςὲστὶ
495 2333 662 2405 μηδὲν
692 2333 868 2386 εἰπεῖν
897 2331 1069 2400 ὑγιὲς,
1115 2329 1284 2402 μηδὲν
1314 2328 1578 2401 καθαρὸν,
1614 2328 1733 2383 ἀλλ’
1767 2330 1821 2381 εἴ
1848 2345 1901 2382 τι

222 2418 468 2491 αἰσχρὸν,
491 2418 545 2472 εῖ
561 2436 617 2472 τι
645 2417 921 2489 ἄσχημον,
952 2416 1113 2472 τοῦτο
1134 2418 1228 2471 καὶ
1250 2417 1475 2487 ποιῆσαι
1512 2418 1610 2471 καὶ
1666 2416 1903 2488 φθέγξα-

225 2505 352 2562 σθαι
381 2522 396 2538 ο
438 2506 546 2561 καὶ
601 2505 662 2559 τὸ
712 2506 778 2576 δὴ
832 2503 1233 2576 χαλεπώτερον,
1281 2504 1365 2558 ὅτι
1414 2503 1643 2567 ἑαυτοὺς
1700 2502 1903 2575 μᾶλλον

221 2593 593 2664 αἰσχύνοντες,
631 2591 849 2665 ἑτέρους
872 2591 1150 2663 αἰσχύνειν
1182 2592 1410 2647 οἴονται.
1455 2590 1579 2644 Ὅτι
1618 2589 1726 2662 γὰρ
1771 2592 1901 2645 ἑαυ-

221 2683 349 2745 τοὺς
380 2679 717 2751 αἰσχύνουσι,
748 2679 1160 2751 δῆλονὲκεῖθεν.
1181 2679 1275 2749 Μὴ
1306 2678 1417 2751 γάρ
1457 2694 1549 2749 μοι
1573 2678 1698 2742 τοὺς
1726 2677 1901 2749 ψευδῆ

223 2767 482 2837 λέγοντας
507 2768 690 2840 εῑπῃς,
724 2764 861 2820 ἀλλά
882 2765 1021 2821 έστω
1050 2783 1138 2830 τις
1163 2765 1336 2839 πόρνη
1368 2765 1693 2838 περιφανὴς,
1724 2765 1756 2836 ἢ
1808 2766 1902 2821 καὶ

220 2854 330 2908 ἀπὸ
350 2853 448 2924 τῆς
471 2854 676 2926 σκηνῆς
694 2852 905 2924 ἔτερος,
940 2853 1035 2907 καὶ
1064 2852 1288 2908 ποιείτω
1321 2854 1461 2924 μετά
1483 2870 1630 2917 τινος
1683 2853 1863 2923 μάχην
1882 2870 1897 2886 ο

221 2933 339 2991 εἶτα
387 2940 596 3002 ἐκεῖνος
648 2937 798 3007 αὐτῷ
842 2937 1016 2994 ταῦτα
1059 2939 1404 3011 προφερέτω,
1455 2940 1706 3003 κάκεῖνος
1736 2939 1900 2994 πάλιν

220 3025 458 3096 ὁμοίως·
501 3026 585 3090 τίς
634 3025 834 3095 μᾶλλόν
886 3026 1034 3079 ἐστιν
1076 3028 1106 3079 ό
1146 3025 1426 3097 ὑϐρισθεὶς
1474 3029 1589 3090 τοῖς
1618 3027 1897 3098 ρήμασιν;

233 3112 470 3175 Ἐκεῖνος
508 3111 609 3182 μὲν
638 3112 749 3183 γάρ
782 3110 929 3183 ἅπερ
953 3108 1103 3183 εἶχεν
1136 3114 1388 3182 ἧκουσεν,
1426 3107 1583 3177 οὗτος
1624 3114 1706 3180 δὲ,
1754 3113 1901 3185 άπερ

218 3198 321 3251 οὐκ
355 3195 510 3268 εἶχεν
536 3215 550 3230 ι
597 3197 738 3252 ὥστε
767 3200 967 3272 ἐκείνῳ
1014 3202 1113 3271 μὲν
1157 3201 1310 3254 οὐδὲν
1360 3200 1523 3256 πλέον
1569 3202 1794 3272 γέγονεν
1820 3204 1902 3268 εἰς

219 3285 484 3356 αἰσχύνης
517 3284 713 3354 λόγον,
754 3284 931 3357 τούτῳ
975 3286 1033 3341 δὲ
1077 3287 1246 3359 πολλὴ
1291 3288 1391 3360 τῆς
1435 3288 1824 3361 ἀσχημοσύνης
1862 3293 1896 3364 ἡ

219 3370 527 3444 προσθήκη.
588 3372 726 3428 Ἀλλ’
752 3373 893 3428 ἔστω
938 3375 1062 3429 τινὰ
1101 3375 1263 3431 πάλιν
1307 3376 1644 3449 εἰργασμένα
1680 3378 1711 3419 b
1755 3379 1900 3449 πρά-

218 3475 426 3529 γματα,
448 3459 540 3514 καὶ
574 3460 735 3531 μόνος
754 3461 783 3515 ὁ
810 3459 1051 3532 ὑϐρίζων
1077 3462 1215 3519 αὐτὰ
1265 3464 1602 3532 γινωσκέτω·
1637 3459 1757 3519 εἶτα
1787 3467 1894 3538 πρὸ

216 3545 408 3599 τούτου
438 3546 625 3615 σιγῶν,
654 3548 1056 3619 ἑκπομπευέτω
1080 3548 1179 3620 τὴν
1201 3548 1360 3622 ὓϐριν
1384 3566 1400 3582 ⁸
1429 3551 1522 3605 καὶ
1547 3550 1718 3618 οὓτως
1739 3546 1894 3618 οὗτος

219 3631 473 3704 ὕϐρισται
528 3633 748 3704 μᾶλλον.
812 3635 977 3702 Πῶςς
1051 3637 1245 3709 Κήρυξ
1312 3636 1602 3711 γενόμενος
1668 3641 1891 3705 κακίας,

281 3797 306 3826 ⁸
335 3795 569 3848 Ediderat
591 3797 760 3849 Montf.
804 3800 911 3849 Ἐπὶ
941 3800 1024 3850 τὸν
1050 3802 1248 3852 σαυτοῦ.
1274 3803 1492 3854 hoclioni
1527 3813 1706 3855 nostra
1730 3806 1895 3857 favent

216 3860 325 3909 tres
355 3872 494 3921 mss.,
542 3861 693 3911 Savil.
734 3866 790 3912 ει
828 3861 956 3912 Bibl.
982 3862 1121 3913 Enn.
1188 3866 1216 3905 δ
1242 3866 1383 3915 Alius
1420 3870 1739 3931 κεκρυμμένα.

1001 292 1061 348 5.
1101 289 1387 349 JOANNIS
1423 287 1914 348 CHRYSOSTOII
1951 290 2280 347 ARCHIEP.
2323 287 2871 347 CONSTANTINOP.

3583 296 3697 357 Qu

2012 403 2397 475 ἀσυνειδησίας
2427 404 2662 458 ἀπίστου
2693 403 2850 468 δόξαν
2872 403 3050 458 λαϐὼν
3070 422 3084 437 ·
3123 406 3220 461 καὶ
3252 407 3463 475 πάντας
3490 410 3694 479 εὐθέως

2014 489 2378 556 ἐγκαλοῦντας
2404 489 2544 559 δψει,
2578 492 2674 544 καὶ
2714 488 2939 545 τοιαῦτα
2977 494 3258 565 πανταχοῦ
3313 495 3573 566 λέγοντας
3594 517 3611 534 ο
3641 504 3691 557 εἰ

2012 578 2121 649 γὰρ
2150 577 2214 651 δὴ
2243 578 2402 647 φόνον
2435 578 2674 650 συνῄδει,
2703 578 2859 648 φησὶ,
2891 578 3072 633 πάντα
3103 581 3341 638 κενῶσαι
3361 584 3532 657 ἐχρῆν
3552 603 3566 617 °
3597 589 3693 644 καὶ

2011 665 2101 719 τὸν
2134 665 2231 736 μὲν
2261 665 2337 729 ὡς
2364 665 2484 719 οὐδὲ
2512 666 2798 736 ἄνθρωπον
2808 664 2938 719 δντα
2957 666 3426 739 ἀποστρέφονται,
3448 673 3689 744 μισοῦσι,

2012 752 2200 823 θηρίον
2225 749 2365 807 εἶναί
2394 770 2558 822 φασιν
2581 752 2730 824 ώμὸν
2761 754 2855 807 καὶ
2880 754 3089 825 ἀπηνές
3112 769 3126 784 °
3182 756 3359 829 τούτῳ
3385 758 3446 813 δὲ
3498 777 3692 831 συγγι-

2013 839 2281 893 νώσκουσι
2305 840 2505 911 μᾶλλον
2532 841 2565 912 ἢ
2595 840 2806 909 ἐκείνῳ.
2835 840 2951 910 υύχ
2971 840 3115 895 οὕτω
3136 841 3248 913 γὰρ
3259 844 3384 909 τοὺς
3401 846 3691 919 τραύματα

2014 925 2240 996 ἔχοντας
2267 927 2554 999 μισοῦμεν,
2588 927 2666 992 ὡς
2698 928 2823 991 τοὺς
2845 928 3212 984 ἐκκαλύπτειν
3240 932 3381 986 αύτά
3436 933 3693 1006 βιαζομέ-

2010 1032 2134 1079 νους
2162 1016 2257 1070 καὶ
2284 1016 2576 1071 δεικνύναι.
2605 1016 2763 1070 Οὖτω
2792 1017 2889 1071 καὶ
2911 1010 3068 1081 οὗτος
3098 1018 3323 1091 ὕϐρισεν
3343 1021 3444 1076 οὐκ
3482 1024 3691 1079 ἐκεῖνον

2014 1104 2194 1172 μόνον,
2240 1102 2377 1158 ἀλλὰ
2427 1104 2520 1157 καὶ
2564 1103 2756 1157 ἑαυτὸν
2809 1105 2904 1158 καὶ
2954 1105 3080 1169 τοὺς
3131 1106 3432 1172 ἀκούοντας
3468 1109 3564 1163 καὶ
3589 1112 3691 1182 τὴν

2009 1190 2198 1261 κοινὴν
2242 1191 2404 1261 φύσιν
2463 1191 2572 1245 τῶν
2606 1189 2908 1262 ἀνθρώπων
2932 1207 2946 1222 ·
3008 1192 3209 1264 ἔπληξε
3253 1194 3345 1248 τὸν
3390 1197 3686 1269 ἀκροατὴν,

2008 1282 2163 1335 οὐδὲν
2195 1283 2400 1352 ἀγαθὸν
2428 1284 2746 1354 εἰργάσατο.
2781 1283 2882 1336 Διὰ
2911 1282 3070 1337 τοῦτό
3104 1300 3270 1355 φησιν
3299 1286 3551 1352 ὁΠαῦλος
3575 1303 3592 1318 ν
3613 1288 3687 1340 Εἰ

2008 1386 2100 1436 τις
2130 1370 2354 1440 ἀγαθὸς
2379 1372 2564 1441 λόγος
2592 1371 2743 1439 πρὸς
2764 1371 3114 1441 οἰκοδομὴν,
3144 1373 3246 1427 ἵνα
3261 1372 3345 1439 δῷ
3371 1374 3547 1443 χάριν
3561 1375 3686 1443 τοῖς

2007 1459 2361 1515 ἁκούουσιν.
2416 1459 2677 1531 Εὔφημον
2725 1458 3057 1532 κτησώμεθα
3092 1460 3366 1530 γλῶτταν,
3416 1463 3503 1518 ἵνα
3533 1458 3686 1535 ὦμεν

2009 1547 2247 1602 ποθεινοί
2279 1552 2374 1602 καὶ
2406 1548 2715 1620 ὲπέραστοι.
2760 1547 2921 1602 Ἀλλά
2947 1548 3057 1620 γὰρ
3098 1549 3178 1613 εἰς
3226 1547 3387 1603 τοῦτο
3445 1551 3686 1622 προῆλθε

2008 1636 2207 1701 κακίας
2232 1637 2468 1702 ἅπαντα,
2496 1636 2639 1690 ὥστε
2685 1636 2770 1706 ἐφ’
2799 1633 2881 1699 οἷς
2925 1636 3366 1705 ὲγκαλύπτεσθαι
3413 1637 3543 1703 ἔδει,
3593 1641 3686 1693 ἐπὶ

2004 1724 2214 1788 τούτοις
2267 1724 2495 1788 πολλοὺς
2543 1725 2797 1796 γαυριᾷν.
2846 1725 2914 1778 Ἀ
2954 1723 3105 1799 [248]
3141 1726 3249 1798 γὰρ
3282 1727 3601 1782 ἀπειλοῦσιν
3633 1730 3685 1782 οἰ

2005 1813 2192 1866 πολλοὶ
2214 1813 2442 1867 τοιαῦτά
2465 1815 2635 1867 ἐστιν·
2671 1813 2746 1868 Οὐ
2773 1812 2998 1867 δύναται
3029 1815 3273 1884 ἐνεγκεῖν
3303 1816 3404 1887 τὴν
3431 1815 3684 1884 γλῶσσάν

2008 1924 2110 1977 μου
2137 1947 2149 1969 ,
2187 1907 2342 1977 φησί.
2396 1905 2659 1969 Γυναικδς
2707 1905 2777 1959 τὰ
2810 1907 3068 1978 ῥήματα,
3117 1906 3288 1977 γραὸς
3336 1906 3680 1980 μεθυούσης,

2002 1993 2450 2065 ἀσχημονούσης,
2480 1992 2589 2047 τῶν
2611 1993 2701 2046 ἐπ’
2722 1986 2928 2065 ἀγορᾶς
2957 1993 3288 2065 συρομένων,
3328 1995 3675 2066 προαγωγοιὶ

2004 2081 2171 2133 υύδὲν
2185 2080 2534 2152 αἰσχρότερον
2554 2080 2882 2134 τούτων.τῶν
2901 2080 3183 2152 ῥημάτων,
3199 2080 3353 2135 οὐδὲν
3367 2082 3680 2154 ἀνανδρότε-

2004 2185 2118 2238 ρον,
2173 2167 2327 2222 ούδὲν
2376 2168 2894 2238 γυναικωδέστερον,
2926 2167 2985 2220 ὲν
3022 2169 3089 2238 τῇ
3122 2166 3339 2241 γλώττῃ
3376 2169 3475 2241 τὴν
3527 2171 3683 2241 ἰσχὺν

2002 2257 2168 2326 ἔχειν,
2213 2256 2307 2309 ἐπὶ
2355 2254 2435 2326 τῷ
2476 2255 2739 2327 λοιδορεῖν
2787 2255 2932 2327 μέγα
2982 2259 3222 2328 φρονεῖν,
3266 2256 3520 2330 καθάπερ
3546 2260 3595 2312 οἰ
3624 2261 3682 2313 ὲν

2003 2345 2271 2414 πομπαῖς,
2294 2342 2545 2414 καθάπερ
2571 2344 2622 2396 οἰ
2655 2345 2836 2414 μῖμοι,
2869 2344 2964 2397 καὶ
3002 2344 3317 2416 παράσιτοι,
3377 2344 3472 2399 καὶ
3523 2346 3682 2400 κόλα-

2002 2447 2115 2495 κες.
2149 2432 2333 2500 Χοῖροι
2382 2431 2582 2501 μᾶλλόν
2637 2433 2776 2485 εἰσιν
2817 2431 2850 2502 ἢ
2905 2430 3204 2503 ἄνθρωποι,
3235 2432 3352 2485 ὅσοι
3370 2432 3465 2487 ἐπὶ
3504 2434 3681 2506 τούτῳ

2003 2519 2380 2588 σεμνύνονται.
2405 2520 2537 2572 Δέον
2572 2517 2870 2589 κατορύξαι
2897 2520 3129 2586 σαυτὸν,
3178 2520 3298 2574 δέον
3347 2522 3397 2575 εἰ
3448 2522 3543 2576 καί
3594 2539 3681 2587 τις

2000 2607 2187 2679 ἕτερός
2211 2625 2295 2661 σοι
2325 2606 2498 2662 ταῦτα
2520 2606 2845 2679 ἐμαρτύρει,
2867 2607 3090 2677 φεύγειν
3109 2607 3208 2679 τὴν
3243 2609 3552 2682 μαρτυρίαν
3601 2610 3680 2675 ὡς

2002 2693 2227 2766 ἐχθρὰν,
2274 2695 2372 2748 καὶ
2429 2693 2723 2765 ἄνανδρινο
2755 2695 2819 2747 σὺ
2871 2693 2928 2747 δὲ
2974 2693 3153 2764 κήρυξ
3178 2693 3390 2767 ὕϐρεων
3419 2697 3676 2766 γέγονας.

2013 2782 2155 2836 Ἀλλ’
2178 2782 2333 2836 οὐδὲν
2358 2782 2449 2837 τὸν
2483 2782 2672 2846 κακῶς
2728 2781 3000 2836 ἀκούοντα
3061 2780 3261 2852 βλάψαι
3304 2783 3530 2856 δυνήσῃ.
3587 2786 3680 2838 Διδ

1999 2867 2325 2939 παρακαλῶ,
2360 2869 2714 2941 ὲννοήσαντες
2756 2869 2857 2940 ὅση
2910 2871 2944 2940 ἡ
2998 2870 3188 2934 κακία,
3219 2870 3303 2923 ὃτι
3348 2871 3443 2923 καὶ
3479 2872 3679 2939 ἐγκαυο

2000 2954 2203 3026 χῶνται
2228 2955 2435 3020 πολλοὶ,
2461 2955 2849 3027 ἀνανήψωμεν,
2894 2954 3320 3028 διορθωσώμεθα
3364 2958 3492 3022 τοὺς
3534 2956 3678 3011 οὕτω

2004 3044 2397 3115 μαινομένους,
2470 3043 2750 3116 ἀνέλωμεν
2806 3044 2985 3100 ταῦτα
3047 3046 3114 3100 ὲκ
3175 3047 3276 3118 τῆς
3342 3047 3551 3112 πόλεως
3607 3047 3679 3102 τά

2001 3132 2276 3204 συνέδρια,
2332 3130 2767 3204 καλλωπίσωμεν
2809 3132 2968 3205 ἡμῶν
3018 3132 3119 3205 τὴν
3167 3134 3415 3204 γλῶτταν
3439 3174 3455 3200 ,
3496 3134 3680 3205 πάσης

1999 3219 2341 3292 κακηγορίας
2369 3230 2393 3259 ο
2453 3220 2857 3292 ἀπαλλάξωμεν
2879 3264 2894 3289 ,
2962 3221 3052 3278 ἴνα
3127 3222 3447 3297 δυνηθῶμεν
3507 3223 3679 3278 καθα-

2004 3306 2253 3379 ρεύοντες
2279 3305 2388 3361 τῶν
2415 3307 2856 3380 ἁμαρτημάτων,
2888 3310 2989 3383 τὴν
3037 3311 3246 3366 ἀνωθεν
3299 3311 3512 3366 εύνοιαν
3559 3314 3677 3365 ἑπι-

2007 3395 2340 3461 σπάσασθαι,
2384 3396 2480 3449 καὶ
2533 3395 2636 3466 τῆς
2701 3397 2854 3469 παρὰ
2911 3398 3005 3453 τοῦ
3066 3399 3205 3452 Θεοῦ
3266 3399 3676 3472 φιλανθρωπίας

2000 3481 2324 3554 ἀξιωθῆναι,
2340 3483 2523 3554 χάριτι
2540 3483 2633 3536 καλ⁵
2655 3485 2962 3557 οἰκτιρμοῖς
2988 3485 3082 3540 τοῦ
3109 3487 3450 3556 Μονογενοῦς
3481 3486 3673 3551 αὑτοῦ,

2002 3570 2121 3642 μεθ’
2139 3564 2200 3625 οὗ
2224 3569 2306 3641 τῷ
2331 3570 2510 3642 Πατρὶ
2532 3570 2650 3642 ἅμα
2671 3571 2749 3643 τῷ
2776 3573 2919 3646 ἀγίῳ
2944 3572 3229 3644 Πνεύματι
3255 3575 3405 3640 δόξα,
3451 3576 3673 3648 κράτος.

1996 3657 2153 3727 τιμὴ,
2183 3657 2278 3713 νῦν
2323 3659 2418 3712 καὶ
2459 3659 2566 3725 ἀεὶ,
2615 3660 2710 3714 καλ⁸
2749 3661 2830 3724 εἰς
2884 3661 3012 3725 τοὺς
3046 3661 3250 3727 αἰῶνας
3274 3662 3384 3718 τῶν
3439 3662 3673 3717 αἰώνων.

2017 3744 2069 3800 ’Δ
2077 3748 2203 3819 μήν.

2064 3871 2088 3900 ⁶
2134 3870 2219 3920 Sic
2261 3885 2379 3922 mss.
2415 3872 2547 3922 Editi
2568 3873 2870 3937 κατηγορίας.

325 3978 3570 4014 Mm

1704 4070 1955 4123 OMIAIA
1984 4072 2109 4126 AB’.

219 4157 606 4231 Aétpt6or§é
631 4157 775 4231 ἐκεῖ,
810 4156 987 4227 φησι,
1011 4160 1238 4231 χρόνον
1256 4162 1366 4215 οὐκ
1395 4163 1744 4231 όλίγονσὺν
1772 4165 1897 4231 τοῖς

283 4227 594 4303 μαθηταῖς.
619 4227 732 4285 Καί
772 4243 933 4295 τινες
973 4230 1369 4298 κατελθόντες
1414 4227 1531 4287 ἀπὸ
1582 4231 1694 4299 τῆς
1745 4227 1897 4288 Ἰουὲ

285 4301 481 4372 δαίας,
528 4299 881 4372 ἐδίδασκον*
908 4298 1052 4365 τοὺς
1102 4300 1438 4372 ἀδελφοὺς,
1482 4302 1760 4358 ὅτι-Ἐὰν
1808 4301 1896 4372 μὴ

286 4319 478 4367 οαιας,
528 4319 857 4355 εοιοασκον
908 4319 1052 4365 τους
1102 4319 1438 4372 αοελφους,
1482 4319 1760 4358 οτι-παν
1808 4319 1896 4373 μη

286 4371 717 4495 ἓτὲρξὶίμνησθε
745 4366 827 4435 τῷ
850 4369 972 4426 ἔθει
1013 4371 1334 4441 Μωῦσέως,
1365 4375 1437 4429 οὐ
1468 4372 1735 4430 δύνασθε
1762 4388 1899 4428 σω-

325 4456 486 4506 ηναα

284 4537 359 4594 c'.
379 4540 521 4610 Ὅρα
540 4537 819 4609 πανταχοῦ
841 4537 944 4610 τῆς
961 4539 1042 4604 εἰς
1061 4537 1131 4594 τὰ
1148 4537 1277 4610 ἔθνη
1302 4539 1651 4611 μεταϐάσεως
1673 4553 1699 4582 ι
1725 4541 1895 4610 ἀναγ-

215 4625 379 4680 καίαν
406 4624 506 4696 τὴν
540 4624 716 4696 ἀρχὴν
761 4626 855 4679 ἀπ’
895 4625 1075 4679 αὐτῶν
1112 4626 1497 4698 εἰσαγομένην.
1537 4628 1653 4697 Πρὸ
1703 4628 1894 4682 τούτου

217 4711 620 4783 ἐγκαλούμενος
663 4711 1069 4782 ἀπελογήσατο,
1101 4713 1198 4766 καὶ
1221 4714 1279 4766 ὲν
1306 4712 1459 4777 τάξει
1495 4713 1793 4782 ἀπολογίας
1836 4714 1897 4768 τὸ

217 4801 327 4854 πᾶν
358 4795 514 4854 εἶπεν
532 4815 548 4829 ·
579 4800 717 4869 ὅπερ
738 4798 1140 4869 εὖπαράδεκτον
1163 4798 1256 4853 τὸν
1282 4798 1441 4869 λόγον
1467 4800 1670 4853 ἐποίει·
1706 4801 1896 4855 ἔπειτα

215 4885 326 4939 τῶν
388 4885 663 4940 Ἰουδαίων
723 4884 1207 4956 ἀποστραφέντων,
1261 4883 1436 4950 οὕτως
1477 4881 1642 4957 ἦλθεν
1694 4888 1775 4951 εἰς
1826 4887 1896 4942 τά

216 4972 369 5045 ἔθνη.
413 4971 680 5027 Ἐνταῦθα
709 4971 874 5026 πάλιν
907 4970 1078 5043 ἀλλην
1104 4970 1377 5043 ἀμετρίαν
1402 4970 1543 5043 ὁρῶν
1564 4972 1892 5043 φερομένην,

216 5058 389 5123 οὕτως
433 5059 615 5130 ῖστησι
645 5058 740 5113 τὸν
795 5058 979 5129 νόμον.
1040 5057 1261 5124 Ἐπειδὴ
1308 5058 1439 5132 γὰρ,
1466 5058 1562 5112 ᾶτε
1613 5062 1766 5131 παρὰ
1799 5060 1895 5113 τοῦ

213 5145 352 5199 θεοῦ
414 5145 777 5217 διδαχθέντες,
840 5144 1151 5216 ἀδιαφόρως
1189 5144 1491 5213 διελέγοντο
1546 5147 1700 5210 πᾶσι,
1736 5146 1896 5200 τοῦτο

215 5236 297 5298 εἰς
327 5233 489 5303 ζῆλον
518 5234 698 5305 ἡγαγε
722 5234 850 5297 τοὺς
880 5232 989 5286 ἀπὸ
1019 5233 1311 5288 Ἰουδαίων.
1345 5234 1455 5288 Καὶ
1485 5235 1588 5289 οὐκ
1617 5236 1894 5289 ἐδίδασκον

217 5321 403 5385 ἁπλῶς
452 5320 780 5393 περιτομὴν,
816 5319 934 5374 ἀλλ’
962 5321 1045 5375 ὅτι
1088 5321 1210 5376 οὐδὲ
1247 5321 1488 5393 σωθῆναι
1518 5322 1768 5378 δύνασθε.
1815 5314 1892 5377 υῦ

212 5408 519 5464 τούναντίον
549 5407 806 5481 εὔκαιρον
840 5404 911 5481 ἦν
943 5408 1125 5478 λέγειν
1146 5449 1162 5475 ,
1194 5409 1277 5463 ὅτι
1307 5409 1757 5482 περιτεμνόμενοι
1783 5427 1890 5464 σω-

215 5496 374 5568 θῆναι
393 5498 454 5550 οὐ
474 5495 726 5552 δύνασθε.
762 5498 927 5570 Ὁρᾷς
950 5498 1196 5569 συνεχεῖς
1209 5496 1338 5562 τοὺς
1367 5498 1709 5571 πειρασμοὺς
1738 5496 1887 5551 ἔνδο-

214 5584 328 5647 θεν,
355 5582 589 5651 ἐξωθεν;
618 5583 814 5648 Καλῶς
856 5583 915 5638 δὲ
939 5585 1304 5657 οἰκονομεῖται
1337 5585 1496 5640 τοῦτο
1534 5586 1749 5641 Παύλου
1787 5604 1890 5641 πα-

218 5669 422 5741 ρόντος.
443 5669 531 5723 m
545 5670 796 5742 ἀντείπῃ.
810 5671 922 5725 Καὶ
936 5673 1037 5727 οὐκ
1057 5667 1211 5728 εἶπεν
1230 5674 1260 5726 ι
1276 5672 1511 5738 Παῦλος·
1538 5658 1603 5727 Τί
1620 5674 1730 5746 γάρ
1751 5692 1766 5740 ;
1791 5675 1891 5729 οὐκ

213 5757 330 5827 εἰμὶ
357 5754 665 5822 ἀξιόπιστος
691 5756 800 5810 ἀπὺ
825 5758 1096 5815 τοσούτων
1118 5760 1394 5832 σημείων;
1427 5760 1540 5815 ἀλλ’
1566 5760 1796 5830 ἐπείσθη
1824 5759 1894 5815 δι’

273 5877 294 5903 ⁸
310 5877 437 5930 Tm:
454 5889 569 5928 mss.
593 5878 904 5941 διορθώσεως.

1732 5987 1777 6018 τί-

2002 4167 2261 4231 ὲκείνους.
2292 4168 2403 4221 Καὶ
2432 4169 2533 4240 ὅρα
2569 4168 2898 4241 μανθάνουσι
2942 4170 3129 4227 λοιπὸν
3159 4174 3359 4240 πάντες
3386 4176 3454 4231 τά
3497 4179 3577 4241 εἰς
3602 4180 3675 4235 τὰ

2000 4253 2125 4325 ἔθνη
2160 4256 2500 4326 γεγενημένα
2548 4257 2642 4312 καὶ
2682 4258 3051 4329 Σαμαρεῖται,
3090 4260 3185 4314 καὶ
3215 4261 3455 4335 ἔχαιρον.
3491 4267 3674 4321 Γενο-

1993 4341 2184 4410 μένης
2227 4339 2342 4397 οὖν
2397 4343 2672 4411 στάσεως
2718 4345 2817 4400 καί
2844 4344 3150 4416 ζητήσεως
3195 4353 3309 4405 οὐκ
3356 4353 3567 4424 ὀλίγης
3590 4356 3673 4421 τῷ

1996 4429 2217 4492 Παύλῳ
2247 4429 2347 4483 καί
2379 4428 2458 4496 τῷ
2481 4430 2758 4500 Βαρνάϐᾳ
2794 4433 2945 4502 πρὸς
2983 4436 3226 4504 αὐτοὺς,
3258 4437 3486 4504 ἔταξαν
3528 4443 3674 4497 ἀνα-

1997 4515 2226 4570 ϐαίνειν
2261 4515 2369 4572 τὸν
2401 4517 2647 4573 Παῦλον
2684 4519 2785 4574 καί
2821 4522 3172 4591 Βαρνάϐαν,
3206 4527 3309 4579 καί
3348 4543 3517 4594 τινας
3557 4528 3671 4584 ἆλ-

1995 4605 2148 4669 λους
2173 4604 2247 4670 ἐξ
2281 4603 2480 4659 αὐτῶν
2506 4604 2657 4675 πρὸς
2680 4606 2822 4674 τοὺς
2854 4608 3237 4677 ἀποστόλους
3279 4614 3378 4667 καί
3408 4616 3668 4682 πρεσϐυο

1994 4688 2206 4757 τέρους
2230 4694 2313 4758 εἰς
2362 4693 2760 4763 Ἰερουσαλὴμ
2785 4696 2918 4763 περί
2934 4696 3054 4751 τοῦ
3076 4696 3405 4767 ζητήματος
3428 4703 3663 4759 τούτου.

1999 4779 2064 4830 Ol
2111 4778 2220 4846 μὲν
2258 4779 2370 4834 οὖν
2400 4781 2885 4850 προπεμφθέντες
2938 4783 3059 4837 ὑπὸ
3111 4783 3225 4853 τῆς
3278 4787 3663 4857 Ἐκκλησίας,

1995 4861 2312 4931 διήρχοντο
2344 4866 2460 4935 τὴν
2501 4867 2786 4933 Φοινίκην
2835 4867 2935 4920 καί
2980 4868 3318 4940 Σαμάρειαν
3367 4873 3670 4942 ἐκδιηγού-

1990 4966 2161 5018 μενοι
2182 4950 2297 5019 τήν
2316 4951 2691 5020 ἐπιστροφὴν
2711 4951 2829 5006 τῶν
2846 4953 3038 5008 ἐθνῶν
3052 4970 3066 4985 ⁸
3090 4958 3188 5012 καί
3210 4959 3461 5015 ἐποίουν
3477 4962 3669 5030 χαρὰν

1992 5036 2266 5107 μεγάλην
2283 5037 2433 5092 πᾶσι
2457 5038 2582 5105 τοῖς
2612 5038 2918 5109 ἀδελφοῖς.
2957 5045 3440 5116 Παραγενόμενοι
3477 5047 3546 5101 δέ
3579 5051 3666 5115 εἰς

2010 5124 2421 5195 Ἰερουσαλὴμ,
2470 5126 2900 5198 ἀπεδέχθησαν
2950 5133 3072 5186 ὑπὸ
3126 5133 3240 5201 τῆς
3301 5137 3668 5205 Ἐκκλησία(

1992 5213 2094 5266 καί
2147 5212 2267 5267 τῶν
2298 5213 2658 5271 ἀποστόλων
2700 5216 2802 5271 καί
2844 5217 2965 5272 τῶν
2999 5222 3420 5290 πρεσϐυτέρων
3436 5262 3452 5289 ,
3483 5224 3669 5295 ἀνήτω

1992 5300 2205 5371 γειλάν
2247 5318 2312 5356 τε
2363 5302 2482 5357 ὅσα
2532 5305 2569 5358 ό
2603 5304 2749 5372 Θεὸς
2788 5305 3045 5376 ἐποίησε
3083 5308 3211 5377 μετ’
3268 5310 3488 5367 αὐτῶν.
3525 5312 3668 5383 Ὅρα

1995 5390 2136 5460 πόση
2167 5390 2457 5461 οἰκονομία
2487 5390 2718 5461 γίνεται.
2758 5394 3215 5467 Ἐξανέστησαν
3248 5396 3317 5452 δέ
3352 5416 3506 5467 τινες
3547 5400 3669 5456 τῶν

1993 5476 2113 5530 ἀπὸ
2146 5476 2257 5544 τῆς
2280 5476 2563 5545 αἱρέσεως
2595 5478 2717 5534 τῶν
2759 5483 3097 5551 Φαρισαίων
3124 5488 3592 5553 πεπιστευκότες
3614 5490 3664 5556 ιο⁹

1990 5564 2292 5634 λέγοντες,
2322 5564 2413 5618 ὅτι
2438 5565 2540 5619 Δεῖ
2560 5568 2934 5640 περιτέμνειν
2962 5573 3205 5641 αὐτοὺς,
3229 5576 3666 5647 παραγγέλλειν

1991 5669 2056 5706 τε
2094 5652 2296 5719 τηρεῖν
2334 5653 2442 5707 τὸν
2490 5654 2680 5723 νόμον
2717 5657 3033 5726 Μωυσέως.
3083 5659 3235 5734 [249]
3260 5664 3664 5734 Συνήχθησαν

1992 5738 2060 5792 δὲ
2089 5741 2143 5792 οἰ
2167 5739 2501 5794 ἀπόστολοι
2547 5743 2647 5796 καί
2676 5745 2731 5796 οἰ
2762 5747 3153 5815 πρεσϐύτεροι
3204 5747 3355 5804 ἰδεῖν
3394 5750 3525 5820 περί
3556 5752 3664 5808 τοῦ

2059 5880 2087 5923 b
2115 5881 2318 5943 Quidam
2370 5894 2485 5934 mss.
2532 5886 2940 5945 πεπιστευκότων.
