4108 6172
535 499 590 541 ut
621 488 873 543 vomitum
898 485 1080 544 edant.
1111 485 1236 542 Scio
1263 499 1356 539 vos
1385 485 1500 539 haec
1519 499 1640 540 cum
1665 499 1859 538 nausea
1886 483 2072 538 audire
2099 501 2114 536 .-

533 577 627 634 sed
661 587 784 633 tunc
812 579 892 632 sic
917 592 1013 632 vos
1053 576 1195 631 afﬁci
1223 577 1414 645 velim.
1451 590 1570 630 cum
1617 576 1703 628 illa
1747 575 1860 629 tleri
1891 574 2112 639 videtis,

531 683 631 724 nec
655 669 722 722 de
742 684 800 722 re
827 667 915 723 illa
937 668 1212 724 oblectari.
1233 666 1563 721 lminundior
1586 675 1670 721 est
1695 666 2116 722 contumeliosus

532 772 662 817 cane
686 765 988 812 revertente
1009 757 1076 812 ad
1101 757 1354 812 vomitum
1386 771 1563 809 suum.
1593 756 1646 810 Si
1673 756 1814 811 enim
1836 764 2114 826 postquam

532 850 697 906 semel
727 851 1010 916 evomuit,
1059 857 1331 914 cessaret,
1381 863 1486 902 non
1531 856 1676 902 esset
1717 847 1836 901 cani
1880 845 2112 909 similis;

529 944 574 998 si
603 958 733 996 vero
763 958 974 997 rursum
1005 941 1192 997 eadem
1225 942 1339 1010 ipsa
1379 949 1627 1003 evomat,
1675 939 1848 1008 palam
1879 949 1962 993 est
1990 953 2112 993 eum

528 1033 714 1087 eadem
745 1033 858 1102 ipsa
885 1032 1206 1087 comedisse.
1235 1031 1370 1099 Quid
1397 1031 1487 1083 illo
1513 1028 1966 1084 abominabilius?
1990 1027 2114 1097 quid

528 1123 795 1191 impurius
824 1124 916 1175 illo
942 1138 1068 1187 ore,
1097 1123 1185 1192 qui
1219 1122 1353 1176 tales
1380 1119 1584 1174 mandit
1613 1117 1804 1174 escas?
1831 1118 1991 1188 Atqui
2015 1117 2117 1172 hoc

528 1227 665 1282 opus
693 1220 778 1267 est
815 1226 1052 1278 naturai,
1082 1211 1208 1266 illud
1255 1210 1513 1276 minime;
1547 1211 1655 1264 imo
1682 1219 1738 1265 et
1771 1208 1874 1264 hoc
1901 1217 1954 1263 et
1984 1207 2115 1262 illud

526 1313 714 1356 contra
746 1313 989 1356 naturam
1017 1312 1117 1356 est.
1151 1300 1474 1368 Quomodo?
1500 1301 1615 1354 Non
1645 1298 1936 1354 secundum
1968 1307 2118 1353 mtu-

528 1412 643 1450 ram
670 1405 752 1451 est
775 1396 894 1451 sine
921 1410 1079 1450 causa
1108 1393 1487 1449 contumeliam
1529 1391 1729 1446 inferre
1749 1432 1764 1457 ,
1806 1391 1901 1446 sed
1928 1400 2114 1444 contra

529 1497 774 1543 naturam
801 1503 816 1540 :
848 1488 1004 1558 igitur
1044 1486 1174 1540 nihil
1207 1495 1264 1539 ut
1293 1485 1454 1539 homo
1500 1483 1768 1554 loquitur,
1808 1482 1901 1537 sed
1928 1482 2029 1536 alia
2058 1490 2116 1536 ut

527 1578 639 1633 fera
660 1619 674 1644 ,
702 1578 807 1632 alia
837 1589 894 1632 ut
927 1578 1130 1631 furens.
1165 1573 1626 1641 Quemadmodum
1669 1587 1800 1640 ergo
1824 1585 2115 1642 corporeus

527 1670 750 1725 morbus
790 1679 987 1738 praeter
1026 1677 1269 1722 naturam
1295 1675 1412 1730 est,
1445 1668 1523 1721 sic
1547 1675 1603 1719 et
1647 1664 1733 1719 hic
1778 1665 2013 1718 morbus.
2046 1663 2116 1717 Et

527 1759 650 1828 quia
681 1770 877 1828 przeter
918 1767 1159 1813 naturam
1191 1767 1309 1824 est,
1361 1757 1408 1811 si
1449 1757 1500 1810 in
1542 1756 1632 1810 illo
1675 1764 1946 1818 moretur,
1979 1769 2112 1822 pau-

528 1849 676 1902 latim
721 1849 896 1918 perit;
947 1848 997 1901 in
1031 1862 1098 1902 eo
1141 1857 1322 1901 autem
1349 1846 1490 1916 quod
1521 1845 1812 1900 secundum
1864 1854 2108 1898 naturam

526 1948 612 1994 est
658 1953 916 2004 morans,
967 1954 1073 1992 nou
1129 1938 1344 2008 peribit.
1401 1937 1613 1992 Mallem
1665 1937 1936 1992 convivari
1989 1951 2111 1992 cum

530 2031 748 2086 homine
795 2031 964 2085 lutum
1014 2029 1245 2094 edente,
1297 2045 1455 2099 quam
1499 2045 1623 2102 cum
1670 2029 1790 2083 talia
1841 2029 2108 2099 loquente.

526 2124 722 2176 Annon
776 2121 970 2176 videtis
1020 2135 1214 2190 porcos
1256 2131 1465 2174 stercus
1495 2119 1760 2175 adeuntes?
1791 2121 1879 2174 Sic
1907 2129 1962 2174 et
2001 2120 2108 2176 isti.

526 2214 661 2282 Quid
688 2215 831 2268 enim
863 2213 1055 2269 fmdius
1098 2213 1276 2268 verbis
1297 2252 1313 2277 ,
1354 2227 1475 2282 qua:
1515 2213 1803 2282 loquuntur
1830 2221 2108 2267 contume-

527 2304 692 2358 liosi?
741 2305 801 2358 lli
847 2313 1041 2359 curant
1085 2304 1220 2359 nihil
1261 2319 1450 2359 sanum
1491 2303 1671 2373 loqui,
1720 2303 1850 2357 nihil
1882 2319 2108 2372 purum,

526 2396 620 2450 sed
642 2396 686 2449 si
711 2396 836 2465 quid
869 2395 1064 2450 ftedum
1093 2436 1108 2458 ,
1137 2395 1180 2449 si
1207 2394 1333 2464 quid
1362 2404 1516 2464 turpe
1537 2435 1551 2458 ,
1583 2393 1634 2448 id
1661 2409 1822 2464 agere
1844 2403 1898 2448 et
1917 2393 2067 2448 etl‘ari
2094 2411 2106 2447 :

532 2490 782 2558 quodque
827 2490 1040 2556 gravius
1082 2496 1196 2553 est,
1223 2488 1350 2542 dum
1378 2502 1496 2542 sese
1523 2486 1810 2556 deturpant
1833 2527 1850 2552 ,
1881 2487 2015 2541 alios
2052 2501 2112 2541 se

524 2580 811 2649 deturpare
843 2590 1046 2649 putant.
1079 2579 1232 2647 Quod
1259 2579 1400 2633 enim
1447 2593 1567 2633 sese
1615 2578 1939 2647 deturpent,
1984 2579 2111 2634 inde

527 2671 710 2739 liquet.
742 2670 819 2724 Ne
845 2671 974 2724 mihi
1005 2671 1146 2724 enim
1178 2683 1273 2726 eos
1293 2711 1308 2734 ,
1339 2669 1430 2740 qui
1477 2668 1753 2723 mendacia
1781 2673 2104 2737 loquuntur,

523 2761 767 2831 alleges;
817 2760 911 2816 sed
961 2761 1033 2814 sit
1084 2759 1330 2830 qumdam
1377 2759 1604 2829 insignis
1649 2759 1940 2824 meretrix,
1995 2759 2110 2814 sive

522 2856 644 2922 quis
678 2855 812 2908 alius
835 2869 901 2908 ex
931 2867 1122 2918 scena,
1153 2855 1244 2923 qui
1282 2868 1406 2908 cum
1431 2853 1538 2907 alio
1563 2867 1792 2923 pugnam
1813 2865 2060 2909 conserat
2091 2873 2105 2909 :

523 2947 648 3001 hinc
676 2947 765 3001 ille
795 2947 894 3014 ipsi
923 2948 1020 3001 ista
1053 2947 1332 3015 loquatur,
1366 2946 1454 2998 hic
1485 2959 1698 2999 rursum
1735 2945 1924 3000 eadem
1950 2961 2106 3016 repe-

524 3048 601 3093 tat
631 3059 645 3092 :
691 3049 808 3093 uter
837 3040 1006 3107 magis
1050 3038 1375 3093 contumelia
1405 3036 1678 3092 afﬁcitur?
1704 3038 1838 3094 Nam
1867 3039 1955 3094 ille
1983 3041 2105 3110 qui-

522 3129 647 3184 dem
677 3130 820 3198 quod
867 3146 1030 3198 penes
1059 3147 1118 3184 se
1149 3129 1368 3192 habuit,
1398 3129 1602 3184 audivit
1630 3148 1645 3194 ;
1680 3131 1767 3185 hic
1795 3147 1922 3186 vero
1962 3133 2105 3202 quod

525 3235 632 3273 non
663 3220 848 3274 habuit
879 3235 894 3284 ;
927 3221 1104 3290 itaque
1152 3220 1226 3274 illi
1274 3219 1407 3275 nihil
1454 3223 1682 3275 accessit
1722 3223 2100 3291 turpitudinis;

521 3310 644 3365 huic
672 3325 798 3366 vero
824 3311 1128 3380 plurimum.
1153 3309 1260 3365 Sed
1287 3311 1394 3365 sint
1417 3311 1657 3381 quzedam
1691 3312 1832 3367 edita
1859 3313 1877 3345 ⁸
1907 3329 2102 3383 Opera,

517 3417 635 3471 quae
664 3401 814 3456 solus
857 3402 946 3457 ille
990 3403 1416 3457 contumeliosus
1461 3403 1706 3469 noverit;
1739 3403 1968 3472 deinde,
2012 3407 2100 3476 qui

515 3503 640 3549 ante
661 3503 928 3561 tacuerat,
952 3495 1326 3549 contumeliam
1353 3494 1540 3549 ell‘erat
1569 3512 1582 3548 :
1617 3495 1696 3550 sic
1715 3510 1928 3567 quoque
1958 3497 2098 3552 idem

514 3585 629 3654 ipse
661 3586 826 3654 magis
855 3586 1178 3640 contumelia
1218 3584 1440 3640 allectus
1468 3593 1571 3640 est.
1602 3586 1928 3652 Quomodo?
1959 3589 2100 3644 Prae-

513 3691 578 3731 co
622 3677 839 3732 malitia:
886 3677 1091 3743 lactus,
1143 3676 1478 3733 inﬁdelitatis
1525 3677 1723 3734 famam
1775 3681 2010 3752 accipit:
2043 3691 2100 3737 et

577 3817 593 3846 ¹
627 3814 770 3865 Alius
791 3816 959 3876 habet,
977 3821 1181 3877 secreta,
1204 3829 1312 3878 pro,
1335 3813 1488 3865 edita.

1492 365 1559 422 ΙΝ
1599 364 1775 422 ACTA
1823 364 2347 424 APOSTUI.0RUM.
2390 368 2622 426 HOMIL.
2668 369 2884 426 XXXII.

3704 385 3808 441 23!.

2223 499 2413 540 omnes
2453 486 2632 541 subito
2657 502 2718 542 se
2759 487 3063 542 incusantes
3110 489 3338 555 videbit,
3373 507 3434 546 ac
3466 495 3588 550 talia
3617 495 3809 568 ubian

2225 576 2550 646 loquentes:
2583 579 2640 634 Si
2680 578 2860 642 enim,
2907 579 3188 648 iuquient,
3240 582 3514 640 homicidii
3560 589 3810 644 conscius

2221 681 2375 742 erat,
2408 671 2586 726 omnia
2635 671 2916 727 enuntiare
2961 675 3288 741 oportebat:
3318 692 3614 749 omnesque
3657 679 3807 737 illum

2221 763 2372 832 quasi
2402 779 2471 818 ne
2501 762 2662 818 homo
2697 763 2916 834 quidem
2941 764 3012 818 sit
3041 775 3356 820 aversantur
3375 808 3392 834 ,
3422 770 3546 824 odio
3571 769 3808 840 habent,

2221 851 2390 908 feram
2417 869 2540 910 esse
2567 855 2753 910 dicunt
2784 857 3072 911 immanem
3101 875 3115 923 ;
3150 857 3275 912 huic
3301 875 3430 914 vero
3457 863 3627 934 magis
3652 864 3809 934 igno-

2221 955 2408 1012 scunt,
2436 961 2594 1017 quam
2628 947 2724 1002 illi.
2754 947 2868 1002 Non
2894 949 3034 1001 extim
3065 948 3284 1017 perinde
3314 965 3408 1006 eos
3429 993 3442 1016 ,
3469 954 3560 1022 qui
3587 955 3806 1010 vulnera

2225 1035 2428 1092 habent
2453 1079 2468 1104 ,
2499 1037 2624 1093 odio
2654 1039 2913 1093 habemus
2934 1080 2950 1104 ,
2979 1050 3142 1108 atque
3174 1040 3324 1105 illos,
3353 1042 3443 1111 qui
3475 1058 3538 1098 ea
3566 1045 3810 1102 revelare

2220 1138 2436 1198 cogunt.
2469 1128 2543 1184 lta
2571 1137 2625 1183 et
2650 1129 2736 1184 hic
2756 1130 3082 1184 contumelia
3108 1130 3286 1187 aﬂ'ecit
3309 1148 3418 1186 nou
3446 1131 3595 1188 illum
3621 1137 3802 1201 modo,

2220 1220 2313 1274 sed
2336 1222 2493 1274 etiam
2521 1222 2758 1292 seipsum
2777 1232 2834 1277 et
2855 1223 3133 1278 audientes
3159 1239 3608 1299 communemque
3635 1229 3808 1286 homi-

2221 1327 2351 1366 num
2381 1320 2622 1367 naturam
2655 1331 2668 1367 :
2702 1314 2958 1384 perculsit
2986 1315 3315 1385 auditorem,
3342 1318 3473 1374 nihil
3503 1319 3628 1376 boni
3656 1320 3804 1377 fecit.

2220 1403 2346 1459 Ideo
2373 1405 2501 1459 dicit
2527 1405 2724 1460 Paulus
2756 1421 2771 1460 :
2806 1406 2868 1462 Si
2888 1408 3000 1477 quis
3024 1408 3183 1463 bonus
3210 1426 3374 1464 sermo
3404 1411 3474 1466 ad
3497 1413 3804 1482 adiﬁcatio-

2219 1511 2366 1563 nem,
2396 1506 2450 1550 ut
2470 1498 2552 1551 det
2571 1500 2787 1566 gratiam
2817 1500 3131 1556 audientibus
3157 1501 3384 1577 (Ep/tes.
3417 1507 3470 1560 4.
3496 1507 3568 1563 29
3589 1509 3626 1577 ).
3660 1508 3804 1564 Bona

2221 1586 2528 1657 loquentem
2578 1589 2869 1644 habeamus
2916 1591 3150 1662 linguam
3173 1637 3186 1661 ,
3221 1603 3279 1648 ut
3314 1597 3483 1651 simus
3524 1598 3804 1654 desidera-

2219 1678 2352 1733 biles
2389 1687 2445 1734 et
2482 1681 2757 1735 amabiles.
2803 1682 2998 1737 Verum
3036 1699 3271 1755 eousque
3295 1686 3512 1742 malitire
3539 1704 3805 1758 pervene-

2218 1777 2343 1823 runt
2383 1771 2561 1824 omnia
2583 1813 2598 1837 ,
2626 1780 2683 1825 ut
2723 1771 2790 1827 de
2816 1773 3010 1842 quibus
3038 1775 3360 1831 erubescere
3397 1789 3704 1848 oporteret,
3737 1783 3805 1838 de

2217 1858 2282 1914 iis
2326 1860 2567 1930 plerique
2595 1861 2914 1931 glorientur.
2962 1864 3088 1919 [hee
3132 1865 3447 1938 plerumque
3491 1871 3806 1928 minitantur

2216 1951 2480 2020 quidam:
2525 1952 2640 2007 Non
2695 1955 2895 2023 poteris
2948 1956 3184 2026 linguam
3231 1974 3403 2014 meam
3458 1961 3621 2018 ferre.
3679 1964 3806 2020 llzcc

2216 2041 2458 2096 mulieris
2501 2043 2664 2097 verba
2712 2053 2874 2109 sunt,
2935 2048 3132 2101 vetula:
3184 2048 3346 2103 ebriae
3393 2060 3446 2104 et
3489 2053 3755 2106 ἱηιιυοωιιεῐο
3783 2096 3800 2120 ,

2215 2147 2402 2186 eorum
2443 2133 2533 2202 qui
2562 2133 2734 2189 lorum
2765 2136 3134 2206 lrehuentant,
3166 2139 3394 2194 lenonis.
3422 2139 3565 2195 Nihil
3595 2143 3804 2212 turpius

2217 2225 2299 2280 his
2341 2227 2549 2292 verbis,
2595 2226 2729 2281 nihil
2774 2229 2889 2283 viro
2928 2229 3228 2299 indignius,
3274 2231 3407 2286 nihil
3447 2233 3799 2299 muliebrius,

2215 2332 2375 2386 quam
2403 2319 2454 2372 in
2501 2317 2684 2387 lingua
2723 2318 2890 2373 robur
2940 2320 3176 2387 habere,
3230 2321 3284 2375 in
3331 2323 3589 2378 conviciis
3633 2325 3800 2378 altum

2214 2424 2404 2479 sapere
2427 2451 2443 2477 ,
2474 2418 2532 2465 ut
2560 2410 2595 2464 ii
2624 2412 2714 2480 qui
2754 2411 2807 2466 in
2854 2413 3069 2482 pompis
3112 2422 3310 2484 agunt,
3346 2423 3401 2470 ut
3433 2415 3616 2483 mimi,
3647 2433 3802 2487 para-

2214 2502 2342 2567 siti,
2373 2502 2697 2557 adulatores.
2730 2503 2882 2559 Porci
2927 2506 3098 2576 magis
3119 2548 3135 2572 ,
3168 2523 3326 2578 quam
3368 2507 3615 2565 homines
3639 2521 3799 2575 sunt,

2214 2593 2304 2662 qui
2352 2593 2422 2648 de
2473 2593 2667 2648 talibus
2713 2595 3028 2665 gloriantur.
3078 2598 3210 2651 Cum
3254 2609 3530 2669 oporteret
3572 2602 3798 2671 teipsum

2214 2682 2498 2750 defodere,
2533 2699 2653 2739 cum
2677 2695 2952 2754 Oporteret
2973 2727 2990 2753 ,
3038 2687 3084 2741 si
3113 2689 3234 2757 quis
3260 2705 3321 2743 ea
3350 2690 3443 2744 tibi
3475 2691 3798 2748 testiﬁcare-

2214 2786 2330 2843 tur,
2349 2776 2712 2831 testimonium
2736 2777 2917 2846 fugere
2939 2780 3088 2848 quasi
3114 2779 3388 2835 inimicum
3410 2791 3464 2836 et
3486 2798 3592 2837 non
3609 2785 3796 2840 virile:

2213 2879 2270 2924 tu
2299 2885 2428 2924 vero
2465 2884 2642 2940 praeco
2685 2871 3124 2925 contumeliarum
3163 2886 3243 2926 es.
3277 2871 3383 2927 Sed
3427 2874 3561 2928 nihil
3600 2875 3799 2932 lzt-dere

2213 2960 2413 3031 poteris
2461 2975 2623 3027 eum,
2676 2962 2766 3031 qui
2820 2962 2960 3016 male
3002 2961 3171 3017 audit.
3219 2962 3579 3028 Quamobrem
3630 2982 3796 3037 rogo,

2209 3053 2507 3122 cegitantes
2532 3061 2729 3123 quanta
2759 3056 2829 3108 sit
2875 3054 3109 3123 nequitia
3132 3093 3147 3118 ,
3194 3054 3262 3110 de
3287 3071 3389 3125 qua
3418 3067 3472 3111 et
3499 3058 3799 3128 gloriantur

2208 3143 2423 3214 quidam
2447 3186 2461 3209 ,
2497 3144 2876 3213 resipiscamus
2897 3186 2911 3209 ,
2937 3145 3288 3201 emendemus
3310 3162 3407 3202 eos
3435 3150 3524 3218 qui
3548 3151 3626 3205 sic
3656 3151 3798 3206 insa-

2207 3233 2398 3302 niunt,
2423 3234 2762 3289 eliminemus
2789 3250 2820 3289 e
2844 3235 3061 3290 civitate
3090 3236 3185 3291 hos
3211 3251 3500 3294 consessus
3518 3279 3534 3305 ,
3559 3239 3794 3311 linguam

2207 3341 2462 3381 ornemus
2489 3335 2726 3380 nostram
2746 3367 2760 3391 ,
2791 3334 2847 3381 et
2876 3325 2944 3380 ab
2966 3326 3113 3380 omni
3150 3327 3436 3383 maledicto
3460 3329 3749 3385 liberemus
3771 3371 3791 3398 ,

2207 3427 2264 3474 ut
2309 3419 2575 3490 possimus
2599 3433 2630 3472 a
2662 3418 2895 3488 peccatis
2927 3420 3160 3489 purgati.
3210 3435 3498 3488 supernam
3545 3426 3788 3478 benevo-

2206 3511 2424 3566 lentiam
2455 3510 2611 3565 nobis
2641 3509 2932 3564 conciliare
2951 3551 2965 3574 ,
3013 3520 3067 3564 et
3097 3509 3188 3564 Dei
3214 3510 3498 3565 clementia
3544 3513 3790 3584 dignari,

2204 3606 2375 3677 gratia
2404 3611 2459 3658 et
2487 3603 2920 3658 miserationibus
2953 3601 3218 3673 Unigenili
3251 3604 3368 3674 ejus
3387 3646 3401 3670 ,
3443 3607 3657 3674 quicum
3684 3608 3788 3663 Pa-

2204 3700 2272 3754 tri
2323 3709 2378 3754 et
2428 3698 2649 3769 Spiritui
2715 3708 2901 3754 sancto
2950 3698 3158 3768 gloria,
3211 3699 3527 3768 imperium,
3579 3701 3789 3767 honor,

2205 3807 2346 3846 nunc
2375 3799 2428 3846 et
2456 3804 2702 3859 semper,
2733 3797 2789 3843 et
2816 3790 2866 3843 iu
2893 3789 3088 3844 stncula
3117 3789 3461 3846 sazculorum.
3493 3793 3686 3847 Amen.

1757 3993 2107 4056 HOMILIA
2152 3992 2426 4056 XXXII.

509 4154 564 4194 ν.
601 4139 690 4194 27.
720 4138 911 4192 Horati
937 4147 1052 4192 sunt
1072 4147 1241 4192 autent
1265 4138 1332 4190 ibi
1358 4147 1553 4207 tempus
1582 4153 1680 4190 non
1709 4137 1961 4191 modicum
1980 4154 2092 4192 cum

579 4230 862 4298 discipulis.
900 4230 1028 4285 CAP.
1065 4230 1149 4285 15.
1192 4230 1244 4283 1.
1298 4227 1365 4282 Et
1402 4227 1608 4296 quidam
1650 4228 2001 4282 descendentes
2031 4229 2094 4282 de

575 4322 789 4387 Judtea,
819 4323 1061 4377 docebant
1091 4322 1273 4391 fratres
1307 4337 1324 4374 :
1356 4321 1491 4386 Quia
1532 4321 1630 4374 nisi
1658 4319 2093 4374 eircumcidamini

575 4415 851 4468 secundum
876 4429 1066 4467 morem
1095 4412 1147 4465 Μ
1155 4412 1290 4481 oysis
1312 4452 1326 4474 ,
1365 4428 1465 4464 non
1491 4412 1697 4480 potestis
1725 4411 1934 4464 salvari.

577 4507 629 4559 1.
665 4505 795 4560 Vide
839 4505 1035 4573 ubique
1068 4504 1347 4557 transitum
1387 4504 1452 4555 ad
1488 4511 1676 4569 gentes
1707 4503 2013 4558 necessnrio
2058 4519 2088 4557 a

500 4595 706 4652 Iudaeis
745 4596 1042 4651 inductum.
1084 4594 1333 4648 Antehac
1357 4603 1638 4647 accusatus
1668 4593 1933 4648 rationem
1962 4594 2086 4649 red-

500 4687 708 4752 debat,
762 4696 816 4742 et
861 4685 1165 4743 excusantis
1211 4699 1361 4739 more
1409 4684 1588 4738 omnia
1639 4684 1985 4755 loquebatur:
2033 4687 2088 4742 id

499 4780 643 4848 quod
687 4793 992 4834 sermonem
1031 4777 1199 4848 magis
1243 4783 1524 4846 acceptum
1555 4775 1849 4841 reddebat;
1891 4777 2086 4834 deinde

499 4871 703 4928 Iuda-is
741 4872 1150 4937 aversantibus,
1197 4870 1343 4925 venit
1389 4869 1457 4924 ad
1502 4880 1712 4940 gentes.
1747 4868 1847 4925 Hic
1890 4870 2083 4926 iterum

495 4963 684 5018 videns
707 4963 867 5018 aliam
889 4963 1324 5029 altercationem,
1353 4962 1525 5032 legem
1548 4963 1749 5016 statuit.
1776 4961 1911 5028 Quia
1938 4962 2081 5017 enim

496 5067 683 5128 utpote
709 5073 740 5112 a
772 5057 882 5112 Deo
915 5055 1094 5120 docti,
1129 5055 1589 5110 indiscriminatim
1621 5054 1870 5110 omnibus
1895 5054 2082 5124 loque-

493 5153 709 5219 bantur,
732 5152 836 5206 boc
861 5149 1077 5206 Judmos
1093 5149 1183 5218 qui
1211 5149 1433 5203 aderant
1459 5148 1524 5202 ad
1546 5147 1718 5203 zelum
1745 5147 2075 5218 provocavit.

490 5244 602 5299 Nec
629 5242 789 5300 modo
812 5241 1274 5296 circumcisionem
1295 5239 1594 5309 docebant,
1623 5240 1717 5294 sed
1755 5240 1916 5295 etiam
1961 5241 2079 5295 sine

487 5337 578 5393 illa
607 5339 836 5394 salutem
863 5335 1052 5392 haberi
1093 5351 1198 5391 non
1227 5350 1386 5406 posse
1407 5335 1676 5390 dicebant.
1704 5335 1799 5390 Cui
1836 5335 1912 5389 rei
1942 5349 2078 5388 con-

489 5430 651 5484 traria
679 5431 878 5486 docere
905 5429 1224 5499 oportebat,
1268 5443 1460 5496 nempe
1489 5429 1534 5480 si
1575 5427 2030 5482 eircumcidamini
2057 5467 2072 5494 ,

484 5521 714 5577 salutem
762 5521 1021 5592 consequi
1079 5535 1187 5575 non
1235 5519 1478 5587 potestis.
1531 5517 1714 5572 Viden’
1766 5516 2074 5588 frequentes

485 5614 811 5669 tentationes
855 5614 998 5668 intus
1042 5620 1100 5668 et
1147 5611 1298 5667 foris.
1332 5609 1499 5664 Recte
1528 5617 1707 5662 autem
1755 5609 2072 5677 providetur

483 5703 588 5758 hoc
613 5703 728 5760 ﬁeri
763 5704 926 5761 l’aulo
953 5710 1219 5774 praesente
1238 5743 1254 5768 ,
1305 5709 1362 5754 ut
1391 5699 1732 5754 contradicat
1792 5699 1906 5754 Non
1933 5699 2072 5753 dixit

481 5798 679 5856 I‘aulus
722 5815 734 5851 :
777 5797 914 5868 Ouid
960 5798 1146 5855 enim?
1187 5810 1366 5851 annon
1409 5808 1528 5850 sum
1570 5791 1675 5848 [ide
1716 5791 1909 5862 dignus
1949 5801 2070 5860 post

2202 4145 2282 4192 tot
2323 4135 2520 4207 signa?
2559 4135 2672 4211 sed.
2690 4144 2908 4205 propter
2934 4135 3056 4189 illos
3087 4149 3293 4190 morem
3321 4137 3503 4204 gessit.
3537 4137 3608 4214 Et
3640 4137 3782 4202 vide,

2199 4229 2412 4283 discunt
2437 4243 2626 4284 omnes
2655 4242 2738 4290 ea,
2771 4241 2891 4298 quae
2920 4227 2971 4280 in
3001 4237 3188 4296 gentes
3214 4226 3352 4281 facta
3381 4237 3553 4296 erant,
3587 4231 3785 4284 etiam-

2197 4334 2302 4390 que
2332 4319 2686 4382 Samaritani,
2733 4327 2786 4371 ct
2824 4316 3080 4386 gaudent.
3120 4317 3176 4370 2.
3210 4317 3374 4372 Facta
3398 4334 3515 4390 ergo
3542 4321 3782 4375 seditione

2196 4419 2243 4463 et
2286 4409 2562 4480 quastione
2601 4424 2704 4460 non
2731 4406 2941 4460 minima
2979 4405 3152 4459 Paulo
3176 4417 3224 4460 et
3254 4407 3508 4465 Barnast
3539 4412 3781 4468 adversus

2195 4499 2333 4567 illos,
2359 4507 2641 4554 statuerunt
2669 4506 2724 4550 ut
2751 4501 3075 4550 ascenderant
3111 4493 3312 4553 Paulus
3346 4510 3392 4553 et
3422 4498 3710 4568 Barnabas,
3730 4514 3782 4559 et

2193 4590 2399 4660 quidam
2419 4589 2510 4642 alii
2530 4605 2594 4642 ea:
2617 4588 2720 4642 illis
2738 4589 2806 4640 ad
2821 4588 3079 4657 apostolos
3100 4596 3146 4642 et
3168 4589 3480 4660 presbyteros
3499 4592 3779 4651 inhi-usa-

2194 4681 2292 4736 lem
2325 4697 2480 4750 super
2515 4681 2611 4734 hac
2639 4681 2932 4747 quastione.
2960 4681 3012 4736 5.
3044 4678 3136 4734 Illi
3159 4697 3278 4752 ergo
3308 4683 3558 4752 prwmissi
3583 4686 3645 4740 ab
3674 4685 3780 4740 Ec-

2191 4773 2344 4826 clesia
2372 4771 2744 4843 pertransibunt
2778 4768 3069 4825 Plitenicem
3095 4781 3144 4825 et
3169 4771 3488 4842 Samariam,
3515 4785 3780 4832 narrantes

2190 4865 2565 4920 conuersionem
2592 4866 2860 4935 gentium:
2894 4875 2940 4917 et
2971 4864 3223 4934 faciebant
3250 4867 3498 4936 gaudium
3535 4885 3778 4941 magnum

2189 4955 2421 5010 erunibus
2463 4953 2726 5024 fratribus.
2769 4954 2827 5008 4.
2857 4953 2984 5008 Cum
3011 4964 3180 5008 autem
3218 4957 3466 5010 uenissent
3508 4958 3777 5030 Jerosoly-

2189 5064 2324 5100 mam
2341 5089 2359 5116 ,
2386 5047 2606 5116 suscepti
2635 5055 2750 5100 sunt
2777 5045 2839 5097 ab
2859 5044 3087 5098 Ecclesia
3109 5054 3154 5099 et
3181 5046 3244 5100 ab
3270 5045 3517 5116 apostolis
3545 5059 3593 5103 et
3613 5051 3776 5104 senio-

2185 5144 2346 5207 ribus,
2373 5141 2729 5194 annuntiantes
2744 5149 2934 5210 quanta
2963 5138 3100 5194 Deus
3129 5139 3327 5211 fecisset
3353 5155 3468 5194 eum
3486 5141 3614 5195 illis.
3640 5141 3775 5198 Vide

2184 5250 2307 5290 cum
2349 5242 2545 5304 quanta
2589 5232 2891 5288 teconomia
2931 5246 3018 5285 res
3055 5241 3293 5302 geratur.
3342 5233 3398 5287 5.
3426 5231 3772 5289 Surrexerunt

2183 5338 2352 5382 autem
2376 5328 2583 5398 quidam
2609 5327 2671 5380 de
2696 5326 2874 5380 Itwresi
2895 5323 3299 5390 Pharisaeorum,
3321 5324 3407 5395 qui
3426 5324 3770 5393 crediderant,

2181 5421 2403 5475 dicentes
2426 5435 2444 5474 :
2472 5419 2605 5486 Quia
2624 5428 2818 5487 oportet
2846 5417 3202 5471 circumcidere
3221 5433 3324 5480 eos,
3354 5417 3627 5487 praecipere
3645 5435 3770 5488 quo-

2179 5527 2278 5583 que
2310 5525 2507 5565 servare
2552 5511 2711 5580 legem
2751 5507 2936 5577 Moysi.
2968 5506 3021 5563 6.
3053 5505 3504 5579 Conveneruntque
3548 5510 3768 5580 apostoli

2177 5611 2226 5655 et
2254 5601 2476 5654 seniores
2501 5597 2671 5653 uidere
2712 5598 2776 5652 de
2818 5597 2968 5653 uerbo
2997 5598 3111 5650 hoc.
3141 5597 3195 5652 7.
3224 5597 3352 5652 Cum
3371 5608 3540 5654 autem
3579 5617 3764 5670 ntagna

2176 5691 2476 5764 conquisitio
2523 5693 2699 5761 ﬁeret,
2742 5705 2954 5760 surgens
2992 5688 3179 5746 Petrus
3214 5690 3344 5747 dicit
3380 5693 3615 5748 adzeos:
3646 5691 3766 5750 Viri

2176 5789 2360 5858 fratres
2382 5827 2396 5854 ,
2429 5801 2514 5840 vos
2549 5783 2688 5841 scitis
2713 5784 2958 5854 quoniam
2981 5785 3046 5837 ab
3077 5780 3302 5855 antiquis
3329 5785 3517 5842 diebus.
3535 5784 3672 5844 Deus
3704 5801 3759 5841 in
