4108 6172
309 319 415 373 εδδ

315 436 451 490 i-obis
478 437 822 508 elegit‘per'os
847 452 1016 490 meum
1041 437 1222 492 audire
1257 446 1428 507 gentes
1458 435 1662 490 verbum
1683 450 1897 504 evange-

313 528 388 591 lii,
438 538 486 581 et
523 529 742 582 credere.
784 527 915 582 Vide
965 527 1181 582 Petrum
1222 526 1332 597 jam
1361 527 1489 582 olim
1517 537 1822 597 separatum
1875 542 1904 581 a

317 621 552 688 negotio,
587 629 638 673 et
667 618 928 674 hactenus
955 620 1336 689 judnizantem.
1380 618 1477 672 Vos
1516 620 1674 684 scitis,
1711 618 1901 687 inquit.

203 735 209 739 -
311 708 478 765 Forte
516 710 831 765 aderantex
881 711 980 777 iis,
1025 711 1113 781 qui
1166 711 1293 765 olim
1333 719 1720 766 accusaret-aut
1749 710 1899 764 illum
1963 719 1974 730 '

310 804 450 858 circa
479 803 808 868 Cornelium,
836 813 892 860 et
919 805 1146 874 ingressi
1175 814 1442 859 suntcum
1471 804 1564 858 illo
1594 820 1608 856 :
1634 803 1755 858 ideo
1784 804 1904 858 illos

310 893 526 950 adducit
551 905 732 952 testes.
765 894 840 950 Ab
867 896 1086 966 antiquis
1125 896 1300 951 diebus
1323 895 1468 966 elegit
1495 896 1549 949 in
1579 895 1711 951 vobis
1737 894 1900 949 Deus.

308 985 448 1055 Quid
477 997 581 1051 BSt,
602 987 668 1044 In
691 987 877 1042 vobis?
900 987 993 1042 Vel
1022 987 1073 1041 in
1100 987 1406 1050 Palaestina,
1436 987 1630 1058 in'quit,
1653 986 1737 1041 vel
1766 1001 1903 1057 prie-

312 1078 554 1134 sentibus
580 1077 748 1133 vobis.
785 1077 888 1132 Per
911 1094 969 1133 os
995 1095 1180 1132 meum.
1209 1079 1340 1134 Vide
1360 1078 1629 1148 quomodo
1654 1078 1904 1134 ostendat

317 1170 482 1223 licunt
532 1182 630 1238 per
676 1181 741 1223 se
790 1167 1103 1238 loquutnm,
1133 1179 1188 1224 et
1234 1169 1363 1224 nihil
1407 1170 1717 1226 humanum.
1749 1167 1801 1225 8.
1836 1169 1902 1223 Et

312 1259 543 1312 cordium
565 1259 796 1330 cognitor
826 1257 965 1314 Deus
994 1261 1288 1330 testiﬁcatus
1317 1271 1391 1314 est
1420 1263 1566 1332 ipsis.
1611 1262 1690 1316 Ad
1738 1262 1898 1332 spiri-

309 1349 503 1406 rituale
535 1350 897 1405 testimonium
928 1351 1145 1407 adducit
1172 1352 1315 1408 illos.
1349 1351 1490 1409 Dans
1514 1354 1616 1407 illis
1645 1353 1900 1424 Spiritum

308 1450 556 1505 sanctum,
584 1441 722 1494 sicut
742 1451 790 1495 et
817 1443 979 1496 nobis.
1017 1442 1145 1497 Vide
1174 1442 1444 1512 quomodo
1473 1443 1671 1514 ubique
1709 1456 1900 1514 gentes

305 1541 569 1600 cxmquat.
594 1532 660 1586 ~9.
714 1531 776 1586 Et
817 1533 945 1586 nihil
982 1534 1221 1588 discernit
1259 1535 1391 1589 inter
1416 1551 1507 1590 nos
1535 1544 1580 1590 et
1617 1537 1763 1602 illos,
1795 1537 1900 1606 ﬁde

305 1625 582 1692 puri/iratis
627 1626 782 1678 corda
823 1642 1017 1679 eorum.
1054 1629 1092 1680 Α
1138 1627 1242 1682 lide
1286 1627 1398 1684 sola
1425 1668 1441 1690 ,
1473 1629 1678 1699 inquit,
1707 1629 1894 1684 eadem

303 1716 625 1786 consequuti
647 1725 790 1772 sunt.
818 1719 880 1771 Et
900 1717 1013 1772 lucc
1040 1717 1143 1773 illis
1169 1719 1366 1773 monita
1391 1719 1614 1786 dantur;
1639 1721 1746 1775 imo
1769 1736 1898 1776 vero

303 1806 404 1862 hos
429 1807 623 1863 docere
652 1817 860 1878 potest,
890 1809 993 1864 fide
1022 1809 1134 1863 sola
1163 1824 1284 1865 esse
1313 1825 1469 1880 opus,
1501 1819 1556 1865 et
1582 1827 1687 1867 non
1717 1815 1897 1882 Operi-

300 1896 400 1950 bus
427 1897 510 1950 vel
537 1897 960 1954 circumcisione.
991 1898 1176 1970 Neque
1217 1901 1362 1956 enim
1393 1901 1507 1958 hace
1548 1902 1732 1957 dicunt
1773 1913 1894 1958 tan-

301 1997 418 2041 tum
449 1994 509 2042 ut
538 1989 777 2058 gentium
807 2004 1026 2045 causam
1055 2000 1248 2061 agant;
1277 1991 1371 2047 sed
1401 1993 1562 2047 etiam
1595 1993 1712 2048 illos
1743 1995 1896 2049 insti-

303 2087 496 2145 tuunt,
531 2088 588 2133 ut
632 2078 918 2135 discedant
941 2097 969 2134 a
1002 2081 1139 2151 lege.
1169 2081 1275 2137 Sed
1304 2090 1482 2138 tamen
1517 2085 1751 2140 nondum
1779 2085 1894 2142 hinc

295 2167 502 2223 dicunt.
540 2169 626 2225 l0.
662 2168 814 2224 Nunc
833 2187 952 2241 ergo
971 2189 1062 2226 cur
1088 2174 1290 2228 tentatis
1315 2173 1482 2229 Deum
1506 2176 1764 2248 imponere
1796 2180 1892 2247 ju-

300 2276 420 2328 gum
454 2277 606 2330 super
637 2263 860 2316 cervices
899 2262 1273 2334 discipulorum
1296 2306 1311 2331 ,
1357 2267 1495 2336 quod
1527 2284 1687 2338 neque
1726 2279 1892 2339 patres

297 2351 457 2404 nostri
484 2367 642 2421 neque
678 2369 769 2405 nos
789 2362 992 2423 portare
1014 2355 1268 2422 potuimus
1284 2355 1310 2408 1’
1331 2357 1418 2410 ll.
1439 2355 1547 2411 Sed
1568 2375 1656 2428 per
1672 2360 1892 2430 gratiam

298 2440 506 2495 Domini
545 2441 673 2496 Jesu
713 2444 964 2497 credimus
1007 2446 1195 2500 salvari
1233 2449 1656 2519 quemadmodum
1697 2459 1743 2506 et
1789 2451 1888 2504 illi.

297 2533 434 2600 Quid
463 2544 546 2588 est
574 2533 704 2589 illud
727 2576 741 2600 ,
773 2534 1002 2590 Tantalis
1030 2535 1196 2590 Deum
1225 2537 1251 2592 1’
1279 2535 1388 2593 Cur
1415 2554 1520 2594 non
1547 2541 1786 2609 creditis,
1812 2542 1891 2598 in-

295 2625 577 2693 quit,l)co?
605 2641 702 2680 cur
726 2627 942 2682 tentatis
969 2643 1112 2692 eum,
1146 2629 1295 2699 quasi
1325 2647 1432 2685 non
1455 2633 1622 2702 pOSsit
1641 2633 1742 2688 fide
1769 2649 1887 2688 ser-

295 2718 454 2771 vare?
492 2717 678 2788 itaque
721 2719 1054 2775 infidelitatis
1099 2732 1182 2776 est
1221 2723 1396 2795 legem
1427 2724 1648 2781 inferre.
1685 2726 1890 2784 Deinde

298 2809 537 2863 ostendit
586 2825 704 2864 eam
749 2810 855 2867 illis
901 2829 1006 2866 non
1062 2811 1226 2868 fuisse
1270 2816 1454 2871 utilem
1497 2834 1512 2872 :
1547 2827 1602 2873 ct
1638 2828 1804 2874 totum
1835 2818 1890 2875 in

291 2902 484 2971 legem,
516 2917 623 2956 non
655 2903 706 2955 in
743 2903 867 2959 illos
895 2904 1072 2975 rejicit
1096 2948 1111 2973 ,
1145 2916 1304 2979 atque
1335 2913 1734 2966 accusationem
1761 2928 1884 2968 suc-

292 2994 438 3046 cidit.
473 2992 621 3057 Quod
648 3010 748 3048 non
776 2997 1036 3066 potuimus
1064 3014 1172 3063 nos,
1207 3000 1411 3070 inquit,
1439 3011 1484 3056 et
1524 3012 1701 3074 patres
1730 3006 1887 3060 nostri

293 3093 517 3152 portare.
540 3083 646 3137 Sed
665 3101 753 3153 per
777 3087 994 3156 gratiam
1009 3085 1219 3142 Domini
1243 3089 1274 3142 Ι
1282 3108 1368 3144 esu
1396 3093 1648 3148 cred-imus
1676 3096 1885 3162 salvari,

293 3174 718 3242 quemadmodum
763 3186 811 3230 et
856 3176 955 3232 illi.
986 3179 1195 3246 Quanta
1222 3181 1416 3238 virtute
1441 3184 1596 3254 plena
1622 3196 1746 3242 sunt
1773 3191 1888 3244 haec

295 3266 498 3320 verba?
526 3266 656 3333 Quae
691 3268 887 3324 l’aulus
924 3271 1107 3326 multis
1153 3274 1204 3328 in
1249 3275 1489 3345 Epistula
1521 3278 1589 3334 ad
1617 3278 1889 3337 Romanus

292 3357 448 3424 dixit,
470 3357 656 3414 eadem
684 3369 737 3415 et
764 3361 850 3416 hic
869 3362 1020 3417 dicit.
1050 3362 1110 3419 Si
1135 3367 1268 3420 enim
1293 3367 1579 3439 Abraham,
1609 3372 1799 3443 inquit,
1826 3391 1889 3431 ex

296 3451 532 3518 operibus
545 3452 861 3521 justi/iratus
885 3464 992 3519 est,
1034 3455 1180 3510 habet
1200 3458 1419 3528 gloriam
1443 3500 1460 3527 ,
1500 3462 1589 3516 sed
1623 3479 1725 3518 non
1749 3465 1888 3537 apud

298 3538 462 3592 Deum
495 3539 670 3608 (llam.
695 3543 746 3596 4.
777 3541 855 3614 2).
882 3542 1070 3600 Viden’
1099 3548 1198 3602 hoc
1227 3549 1349 3604 illos
1375 3552 1543 3622 magis
1569 3553 1849 3612 instituere
1868 3600 1883 3624 ,

295 3645 456 3698 quam
488 3639 678 3700 gentes
704 3632 1035 3691 defendere?
1064 3635 1170 3693 Sed
1197 3640 1243 3694 si
1283 3641 1500 3711 quidem
1545 3645 1752 3718 absque
1779 3649 1884 3704 ulla

299 3723 584 3777 occasione
615 3723 730 3778 haec
759 3725 1017 3795 dixisset,
1049 3729 1184 3786 forte
1227 3747 1333 3788 non
1375 3749 1658 3807 suspectus
1705 3752 1882 3810 esset;

295 3814 452 3867 initio
468 3825 644 3868 autem
669 3814 791 3870 hinc
817 3829 1054 3890 sumpto,
1085 3821 1279 3879 deinde
1308 3826 1426 3882 sine
1454 3841 1601 3885 metu
1627 3831 1882 3903 loquitur.

297 3904 366 3957 Et
391 3905 514 3958 vide
545 3905 812 3974 quomodo
843 3909 1040 3980 ubique
1064 3914 1265 3982 omnia,
1299 3933 1420 3986 qua:
1449 3919 1654 3976 inimici
1697 3938 1881 3979 move-

295 4005 445 4058 runt,
471 3996 574 4050 illis
601 4000 824 4067 prosint.
853 4001 964 4056 Nisi
992 4005 1134 4059 enim
1163 4007 1233 4060 illi
1266 4010 1580 4079 movissent,
1608 4013 1726 4069 haec
1745 4013 1883 4070 dicta

297 4105 402 4142 non
430 4090 676 4158 fuissent,
704 4107 801 4161 nec
823 4094 982 4149 etiam
1008 4112 1128 4166 qua:
1148 4111 1463 4178 sequuntur.
1495 4102 1630 4160 Hinc
1649 4105 1882 4175 discunt,

294 4185 439 4253 quod
471 4185 681 4240 etiamsi
727 4198 915 4256 gentes
944 4189 1141 4248 adduci
1188 4194 1522 4268 noluissent,
1556 4214 1662 4256 non
1707 4210 1882 4259 tamen

293 4291 416 4332 «se
445 4279 562 4333 illas
591 4277 986 4348 despiciendas.
1015 4283 1123 4340 Sed
1150 4299 1313 4357 supra
1339 4288 1480 4346 dicta
1519 4294 1882 4363 exploremus.

293 4368 359 4423 In
404 4371 572 4436 vobis,
621 4372 821 4441 inquit,
859 4376 1039 4447 elegit,
1082 4390 1131 4432 st
1173 4379 1236 4434 ab
1275 4382 1494 4452 antiquis
1521 4385 1716 4442 diebus.
1771 4389 1885 4446 Hoc

293 4461 444 4526 dicit,
464 4464 753 4520 ostendens
779 4466 830 4521 id
855 4467 1007 4537 olim,
1038 4486 1142 4526 non
1170 4488 1312 4530 nunc
1337 4475 1521 4534 fuisse.
1553 4480 1668 4535 Non
1696 4497 1884 4552 parum

293 4563 475 4607 autem
503 4562 604 4620 est,
643 4559 785 4626 quod
815 4559 978 4613 etiam
1001 4559 1202 4619 Judieis
1229 4567 1575 4625 credentibus
1605 4573 1707 4627 hoc
1731 4591 1886 4630 aver-

293 4653 455 4698 tatur.
487 4646 702 4701 Duobus
747 4663 875 4702 vero
907 4650 958 4705 id
979 4693 994 4718 ,
1027 4653 1169 4722 quod
1193 4655 1359 4722 dicit,
1392 4663 1774 4731 continuatur,
1831 4679 1885 4725 et

293 4746 536 4806 tempore
563 4748 614 4791 et
645 4738 780 4793 loco.
812 4740 878 4795 Et
905 4743 1047 4812 quod
1078 4743 1269 4818 Elegit,
1296 4748 1434 4806 bene
1465 4770 1479 4806 :
1512 4755 1650 4810 sicut
1676 4757 1728 4812 iu
1756 4760 1884 4830 ipsis

292 4844 398 4882 non
427 4829 582 4895 dixit,
620 4829 834 4898 Voluit,
866 4832 1177 4908 sed,Elegit.
1211 4838 1493 4899 Undenam
1523 4845 1574 4901 id
1604 4829 1810 4919 liquet?
1838 4857 1878 4908 A

289 4919 523 4990 Spiritu,
555 4922 749 4993 inquit.
783 4923 987 4981 Deinde
1015 4929 1249 4986 ostendit
1281 4949 1386 4988 non
1416 4939 1603 5006 gratia:
1635 4949 1839 4998 tantum
1863 4987 1878 5014 ,

289 5015 386 5069 sed
416 5015 576 5069 etiam
618 5015 836 5071 virtutis
869 5021 1234 5078 testimonium
1286 5025 1388 5081 hoc
1414 5029 1518 5085 illis
1546 5047 1668 5090 esse
1693 5076 1707 5100 ,
1738 5040 1880 5107 quod

293 5108 430 5162 nihil
458 5109 634 5164 minus
662 5109 794 5180 ipsis
822 5112 1074 5180 praebeat.
1104 5115 1243 5171 Nihil
1270 5120 1436 5188 enim,
1461 5123 1650 5195 inquit,
1680 5129 1882 5187 discer-

291 5200 370 5253 nit
400 5202 540 5254 inter
585 5215 686 5256 nos
712 5211 768 5256 et
796 5203 936 5258 illos.
969 5204 1110 5276 Ergo
1150 5224 1246 5265 cor
1275 5213 1470 5284 ubique
1507 5224 1876 5288 quaerendum.

294 5293 358 5347 Et
387 5301 690 5363 opportune
713 5295 850 5351 dixit
881 5314 896 5352 :
929 5296 1172 5355 Gordium
1201 5309 1434 5377 cognitor
1472 5309 1612 5367 Deus
1634 5318 1878 5385 testi/ica-

291 5394 376 5437 tus
399 5395 470 5439 est
491 5387 654 5457 ipsis;
693 5389 830 5444 sicut
856 5399 910 5445 et
936 5391 1046 5447 illic
1076 5408 1090 5447 :
1124 5393 1200 5449 Tu
1220 5436 1237 5463 ,
1267 5396 1506 5470 Domine,
1535 5406 1764 5461 cordium
1795 5427 1881 5464 co-

297 5476 468 5547 gnitor
491 5479 738 5547 omnium,
769 5484 976 5539 ostende
1002 5485 1156 5559 (Act.
1185 5489 1237 5544 l.
1266 5489 1336 5548 24
1356 5493 1399 5564 ).
1441 5495 1577 5564 Quia
1604 5501 1746 5556 enim
1776 5503 1879 5560 hoc

293 5567 444 5631 vult,
491 5570 616 5627 vide
639 5573 767 5643 quid
797 5574 991 5633 inferat
1025 5596 1040 5634 :
1071 5579 1222 5637 Nihil
1261 5583 1501 5642 discernit
1543 5573 1674 5647 inter
1712 5611 1803 5649 nos
1830 5607 1878 5652 et

298 5661 613 5728 ipsos.Cum
643 5663 856 5725 illorum
903 5673 1266 5733 testimonium
1297 5679 1540 5754 diceret,
1589 5696 1715 5747 tunc
1763 5706 1876 5746 ma-

1027 314 1083 371 S.
1123 313 1404 373 JOANNIS
1441 313 1916 372 CllltYSOSTUMl
1955 316 2269 374 AllClllEP.
2311 320 2836 384 CONSTANTINOP.

3493 345 3602 405 236

2011 449 2172 503 gnum
2205 439 2332 495 illud
2362 443 2557 503 eﬂ‘atus
2577 459 2660 504 est
2683 493 2698 515 ,
2731 455 2874 522 quod
2909 455 3104 514 Paulus
3128 462 3204 516 ait
3233 482 3246 519 :
3279 464 3461 535 Neque
3500 474 3604 527 cir-

2008 532 2250 586 cumcisio
2275 537 2398 605 quid
2419 539 2570 608 valet,
2601 559 2758 613 neque
2789 552 3094 620 prteputiuni
3133 556 3207 625 (Ι.
3231 555 3352 614 Cor.
3377 532 3434 616 '7.
3465 564 3594 636 l9);

2008 627 2082 684 et,
2117 619 2184 674 Ut
2204 623 2332 680 duos
2350 629 2534 684 condat
2554 633 2606 687 in
2633 619 2905 706 semeptiso
2929 619 3149 712 (Ep/tes;
3171 645 3226 700 2.
3258 650 3367 718 l5).
3395 619 3599 714 Hornln;

2008 714 2247 770 omnium
2271 719 2476 776 semina
2507 723 2559 777 in
2595 729 2854 785 concione
2884 732 3028 788 Petri
3074 736 3358 799 habentur.
3394 745 3460 801 Et
3491 765 3599 805 non

2007 801 2158 870 dixit,
2188 805 2332 863 Inter
2357 826 2450 866 eos
2474 815 2563 884 qui
2594 832 2657 871 ex
2690 820 3133 895 circumcisione;
3166 834 3433 900 scd,lnter
3460 858 3554 896 nos
3583 885 3602 912 ,

2009 893 2020 912 2
2045 892 2058 912 I
2115 910 2126 912 μ
2143 904 2183 912 αα
2418 910 2427 912 -
2474 904 2484 912 ¹
2609 909 2632 912 “
2685 910 2694 912 ⁸
2759 910 2767 912 ’

2009 892 2060 947 id
2104 904 2188 950 est
2215 937 2231 963 ,
2275 904 2570 970 apostolos.
2605 909 2846 979 Deinde,
2893 931 2960 970 ne
3000 892 3244 978 videatur
3270 892 3599 990 contumelia,

2006 1000 2126 1042 esse
2165 989 2334 1058 illud,
2395 994 2581 1065 Nihil,
2623 1001 2808 1069 adjicit
2857 1023 2872 1060 :
2927 1007 3062 1065 Fide
3107 1016 3389 1085 puriﬁcans
3439 989 3600 1081 corda

2006 1093 2199 1136 eorum.
2235 1082 2302 1138 Et
2335 1084 2458 1144 hinc
2484 1091 2620 1146 tollit
2649 1097 3030 1165 suspicionem.
3065 1082 3391 1178 Expurgavit
3417 1117 3596 1184 primo

2005 1183 2344 1242 sermonem,
2376 1188 2430 1233 et
2461 1188 2587 1238 tunc
2631 1189 2868 1245 ostendit
2896 1207 2998 1248 non
3030 1198 3226 1255 malam
3252 1183 3464 1274 legem,
3497 1212 3592 1268 sed

2004 1263 2126 1319 illos
2148 1266 2390 1326 infirmos
2418 1289 2557 1330 esse.

2073 1356 2128 1410 2.
2159 1358 2288 1414 Vide
2317 1367 2587 1432 quomodo
2609 1371 2923 1430 terribiliter
2947 1378 3176 1438 desinat.
3202 1383 3343 1444 Nihil
3371 1406 3434 1447 ex
3463 1409 3592 1464 pro-

2004 1446 2180 1516 phetis
2209 1451 2445 1523 loquitur
2467 1457 2617 1528 ipsis,
2647 1464 2742 1520 sed
2769 1481 2833 1521 ex
2859 1475 3217 1538 praesentibus
3247 1481 3426 1549 rebus,

2002 1557 2120 1596 rum
2145 1545 2242 1615 ipsi
2277 1556 2441 1605 testes
2462 1563 2639 1610 erant.
2658 1555 2790 1614 Jure
2818 1571 2872 1615 et
2904 1563 2980 1618 illi
2999 1577 3184 1635 postea
3211 1545 3587 1648 testificantur,

2001 1643 2056 1687 et
2099 1649 2403 1693 sermonem
2437 1643 2694 1702 roborant
2724 1665 2789 1704 ex
2820 1653 2885 1706 iis
2909 1694 2924 1720 ,
2969 1671 3089 1728 quae
3127 1661 3237 1729 jam
3271 1663 3411 1722 facta
3440 1643 3584 1728 sunt;

2002 1723 2070 1778 Et
2115 1727 2235 1782 vide
2275 1746 2288 1781 :
2328 1730 2384 1786 in
2429 1733 2667 1793 Ecclesia
2713 1723 3190 1818 permittit—pruna
3235 1723 3586 1826 quaestionem

2001 1819 2227 1883 moveri,
2259 1830 2314 1876 et
2345 1831 2470 1879 tunc
2497 1826 2752 1898 loquitur.
2782 1833 2917 1903 Quia
2945 1838 3106 1910 igitur
3131 1859 3237 1900 non
3271 1857 3588 1909 memoravit

1999 1907 2366 1978 circumcisus,
2395 1917 2490 1972 sed
2515 1931 2703 1990 gentes
2728 1925 2855 1994 (hoc
2886 1931 3030 1986 enim
3059 1937 3308 2002 paulatim
3340 1942 3582 1999 insinua-

2001 2009 2148 2066 tum,
2179 2002 2383 2062 firmius
2408 2010 2708 2081 evadebat;
2741 2017 2870 2074 illud
2903 2038 3032 2077 vero
3053 2032 3310 2086 tentantis
3335 2044 3484 2102 erat,
3512 2052 3582 2094 an

1997 2182 2076 2236 dit
2103 2185 2221 2240 illos
2242 2188 2294 2242 in
2321 2192 2562 2258 periculo
2587 2212 2728 2266 esse,
2758 2202 2804 2256 si
2832 2205 3049 2274 quidem
3081 2211 3150 2278 id,
3183 2217 3326 2284 quod
3359 2235 3465 2274 non
3500 2237 3586 2291 po-

1999 2277 2095 2330 tuit
2119 2278 2202 2333 lex
2226 2319 2242 2346 ,
2277 2285 2448 2350 potuit
2478 2287 2649 2354 fides;
2679 2291 2769 2347 illa
2804 2310 2930 2350 vero
2958 2301 3185 2359 cadente
3204 2347 3218 2371 ,
3249 2323 3477 2367 necesse
3500 2277 3585 2368 est

1997 2365 2117 2421 illos
2149 2368 2201 2423 in
2223 2374 2512 2440 perniciem
2541 2377 2636 2434 ire.
2662 2380 2771 2436 Nec
2797 2383 2948 2453 dixit,
2977 2365 3236 2451 lncreduli
3265 2401 3416 2470 estis,
3439 2405 3582 2473 quod

1996 2460 2272 2516 molestius
2319 2463 2542 2533 fuisset,
2582 2485 2703 2526 cum
2749 2477 2979 2535 maxime
3023 2498 3110 2538 res
3147 2489 3318 2546 evicta
3359 2460 3580 2550 fuisset.

2001 2549 2355 2624 Jerosolymis
2382 2557 2542 2627 igitur
2580 2577 2644 2616 ex
2674 2568 2923 2634 gentibus
2965 2576 3092 2629 nulli
3136 2591 3290 2636 erant
3321 2625 3337 2652 ,
3389 2549 3582 2644 Antio;

1993 2643 2129 2699 Chia:
2174 2656 2355 2704 autem
2387 2649 2554 2709 fuisse
2597 2667 2829 2714 constat.
2876 2661 3001 2719 Ideo
3043 2673 3437 2746 commigrant,
3481 2696 3583 2738 nee

1992 2735 2204 2792 modico
2235 2747 2476 2809 tempore
2503 2745 2661 2804 isthic
2687 2764 2925 2809 manent.
2957 2757 3372 2824 [insurrexerunt
3398 2782 3580 2831 autem

1992 2825 2206 2895 quidam
2235 2829 2304 2885 de
2329 2831 2638 2904 Pharisaiis,
2667 2840 2847 2899 adhuc
2868 2847 3181 2910 ambitionis
3205 2859 3394 2915 morbo

1994 2926 2197 2986 rantes,
2239 2929 2296 2975 et
2320 2922 2561 2981 volentes
2589 2928 2691 2984 sibi
2721 2932 2928 2992 haerere
2956 2953 3052 2994 eos
3076 2982 3092 3008 ,
3121 2945 3210 3014 qui
3237 2962 3305 3002 ex
3330 2953 3598 3019 gentibus.

1993 3017 2166 3063 erant.
2198 3010 2355 3082 Atqui
2404 3023 2460 3071 et
2503 3017 2698 3077 Paulus
2739 3023 2793 3078 in
2825 3024 2942 3097 lege
2969 3010 3160 3090 doctus
3201 3010 3358 3106 erat:
3405 3057 3590 3112 neth

1993 3103 2172 3155 tamen
2202 3101 2282 3156 sic
2302 3113 2420 3159 erat
2444 3105 2672 3166 allectus
2704 3130 2716 3166 :
2747 3126 3029 3186 postquam
3055 3129 3234 3180 autem
3260 3101 3385 3185 inde
3411 3101 3577 3189 vene-

1992 3199 2106 3254 rat,
2130 3190 2241 3260 jam
2270 3191 2463 3266 dogma
2493 3211 2795 3260 accuratius
2822 3218 2958 3266 erat.
3008 3211 3143 3268 Nam
3177 3217 3223 3271 si
3269 3219 3340 3286 ii,
3371 3224 3459 3292 qui
3490 3225 3582 3280 Je-

1993 3283 2280 3355 rosolymis
2309 3297 2456 3356 sunt,
2503 3292 2634 3348 nihil
2681 3297 2985 3366 hujusmodi
3031 3283 3581 3379 principiuntimulto

1993 3372 2169 3431 minus
2191 3375 2264 3431 hi.
2299 3379 2486 3436 Viden‘
2518 3395 2777 3458 quotquot
2803 3372 3157 3467 principatum
3179 3372 3284 3457 non
3311 3372 3576 3477 ambiunt,

1993 3465 2045 3519 in
2077 3466 2182 3524 fide
2204 3471 2483 3538 gaudere?
2519 3475 2636 3532 Non
2665 3482 2961 3541 ambitiosa:
2979 3465 3152 3559 igitur
3193 3506 3349 3551 erant
3395 3465 3581 3554 narra:-

1995 3561 2188 3630 tiones,
2217 3579 2393 3636 neque
2419 3568 2487 3624 ad
2515 3575 2950 3648 ostentationem,
2983 3584 3078 3637 sed
3107 3584 3175 3639 ad
3211 3587 3579 3647 defensionem

1993 3655 2394 3724 praedicationis
2457 3665 2706 3732 gentibus
2761 3668 2916 3726 facta:
2971 3691 2984 3728 :
3042 3676 3168 3732 ideo
3215 3681 3344 3735 nihil
3393 3683 3581 3740 dicunt

1992 3762 2178 3804 eorum
2206 3791 2222 3818 ,
2255 3767 2376 3822 quis
2401 3769 2525 3810 cum
2552 3757 2754 3815 Iudaeis
2781 3763 2880 3818 sibi
2907 3780 3225 3827 evenerant.
3255 3774 3439 3847 Magna
3463 3789 3581 3834 erat

1992 3842 2284 3909 pertinacia
2315 3845 2728 3920 Phariszeorum,
2757 3856 2846 3924 qui
2877 3857 3038 3914 etiam
3071 3874 3184 3930 post
3217 3842 3374 3922 fidem
3405 3869 3578 3938 lcg:-m

1992 3933 2278 3988 tuebantur
2301 3976 2315 3998 ,
2342 3951 2442 3992 nec
2465 3940 2910 4013 obtemperabant
2943 3954 3217 4020 apostolis.
3255 3957 3360 4013 Sed
3409 3933 3529 4015 vide
3555 4003 3573 4026 ,

1992 4040 2150 4092 quant
2209 4039 2487 4086 mansuete
2544 4049 2645 4090 nec
2689 4052 2810 4094 cum
2866 4045 3185 4104 auctoritate
3231 4051 3516 4122 loquantur
3557 4070 3574 4107 :

1992 4115 2106 4172 lucc
2133 4120 2330 4191 quippe
2363 4125 2610 4182 amabilia
2638 4140 2798 4198 sunt,
2835 4138 3110 4210 magisque
3135 4115 3318 4199 animd
3343 4148 3578 4218 infigun-

1992 4219 2098 4264 tur.
2125 4211 2318 4268 Viden’
2337 4229 2602 4287 nusquam
2633 4236 2755 4278 esse
2800 4231 3086 4286 verborum
3114 4241 3530 4296 ostentationem
3559 4284 3575 4308 ,

1989 4304 2084 4358 sed
2109 4306 2205 4374 per
2229 4321 2316 4362 res
2347 4307 2488 4378 ipsas
2514 4313 2597 4384 agi
2625 4325 2680 4370 et
2709 4331 2806 4387 per
2824 4319 3082 4390 Spiritum
3110 4340 3349 4386 sanctum
3374 4334 3397 4388 2
3421 4304 3576 4390 Atla;

1991 4412 2113 4452 men
2144 4413 2266 4454 cum
2299 4409 2376 4456 tot
2399 4403 2591 4460 indicia
2621 4406 2885 4467 haberent
2909 4457 2924 4478 .
2968 4416 3143 4474 adhuc
3172 4437 3453 4481 mansuete
3498 4430 3578 4482 In-

1989 4499 2246 4558 quuntnr.
2283 4494 2350 4549 Et
2375 4496 2534 4565 vide,
2577 4514 2686 4555 non
2718 4504 2967 4570 veniunt,
2996 4517 3295 4568 accusaturi
3323 4531 3452 4584 eos,
3484 4521 3577 4589 qui

1993 4581 2294 4639 Antiochiae
2341 4598 2534 4656 erant;
2579 4593 2674 4648 sed
2706 4594 2852 4651 illinc
2882 4599 3074 4656 iterum
3105 4607 3442 4664 occasionem
3482 4625 3578 4666 sn-

1989 4687 2161 4731 munt.
2188 4676 2276 4734 Sic
2303 4680 2700 4740 meditabantur
2727 4687 2848 4742 aliis
2876 4705 3110 4759 prmesse
3133 4736 3146 4760 ,
3177 4698 3266 4766 qni
3317 4703 3578 4770 apostolis

1989 4769 2353 4827 nescientibus
2385 4775 2698 4843 reprehensi
2729 4793 2873 4835 sunt.
2917 4785 3168 4842 Attamen
3215 4769 3365 4846 nihil
3380 4793 3571 4852 horum

1989 4859 2062 4914 illi
2090 4863 2463 4932 protulerunt;
2495 4877 2551 4923 at
2579 4869 2669 4924 ubi
2701 4873 3015 4944 probarunt,
3047 4888 3171 4935 tunc
3203 4884 3576 4946 vehementius

1986 4956 2248 5012 scribunt.
2304 4957 2550 5030 Magnum
2604 4972 2754 5019 certe
2814 4965 3011 5038 ubique
3057 4971 3256 5030 bonum
3303 4981 3574 5050 aequitas:

1985 5049 2290 5124 aequitatem
2337 5050 2460 5106 dico
2481 5094 2496 5119 ,
2543 5068 2649 5108 non
2678 5055 3060 5126 frigiditatem;
3088 5049 3439 5138 aequitatem,
3469 5088 3575 5128 non

1986 5139 2346 5198 adulationem
2382 5161 2394 5196 :
2427 5144 2541 5199 hinc
2585 5147 2727 5201 enim
2775 5151 3003 5208 multum
3045 5155 3188 5212 inter
3237 5175 3296 5215 se
3351 5145 3610 5219 distanti

2059 5231 2152 5286 Ira
2183 5235 2454 5305 frenanda.
2484 5267 2554 5280 ο-
2582 5237 2722 5295 Nihil
2754 5241 2976 5300 Paulum
3021 5252 3380 5320 exasperahat
3403 5296 3417 5319 ,
3444 5257 3574 5311 nihil
3607 5257 3619 5291 ’-

1987 5322 2231 5381 Pctrum.
2259 5327 2394 5382 Cum
2427 5329 2593 5387 habes
2613 5332 3124 5409 demonstrationes,
3151 5358 3249 5399 cur
3278 5347 3578 5404 irasceris?

1985 5430 2052 5470 an
2097 5425 2155 5471 ut
2180 5417 2300 5474 illas
2331 5425 2600 5478 enerves?
2625 5425 2740 5482 Non
2769 5438 2945 5499 potest
2973 5447 3226 5504 umquam
3250 5435 3419 5495 iratus
3449 5455 3575 5511 per-

1984 5507 2220 5562 suaderi.
2267 5511 2438 5567 Etiam
2468 5514 2581 5571 heri
2611 5515 2680 5572 de
2709 5519 2786 5574 ira
2831 5521 3218 5593 disseruimus;
3250 5529 3382 5584 nihil
3430 5507 3578 5587 velut

1983 5602 2270 5670 quominus
2319 5605 2482 5661 etiam
2535 5607 2695 5664 hodie
2750 5629 2764 5665 :
2829 5610 3083 5685 frequens
3149 5617 3289 5674 forte
3341 5622 3578 5678 hortatio

1981 5695 2252 5770 quidpiam
2295 5698 2512 5757 efﬁciet.
2546 5701 2678 5758 Nam
2701 5704 3052 5776 pharmacum
3087 5710 3198 5768 vim
3229 5711 3434 5771 habens
3473 5727 3570 5768 cu-
