  <div class='ocr_page' id='page_1' title='image "/cluster/home/n/w/nwhite01/storage/ocr_20150623/60/mdp.39015028539453/240.png"; bbox 0 0 4104 6148; ppageno 0'>
   <div class='ocr_carea' id='block_1_1' title="bbox 0 1082 39 1159">
    <p class='ocr_par' dir='ltr' id='par_1_1' title="bbox 0 1082 39 1159">
     <span class='ocr_line' id='line_1_1' title="bbox 0 1082 39 1119; baseline 0 -2"><span class='ocrx_word' id='word_1_1' title='bbox 0 1082 39 1119; x_wconf 51' lang='grc' dir='ltr'><strong>α,</strong></span> 
     </span>
     <span class='ocr_line' id='line_1_2' title="bbox 0 1131 39 1159; baseline 0 -4"><span class='ocrx_word' id='word_1_2' title='bbox 0 1131 39 1159; x_wconf 65' lang='grc' dir='ltr'><strong>ρο</strong></span> 
     </span>
    </p>
   </div>
   <div class='ocr_carea' id='block_1_2' title="bbox 388 288 3875 418">
    <p class='ocr_par' dir='ltr' id='par_1_2' title="bbox 388 288 3875 418">
     <span class='ocr_line' id='line_1_3' title="bbox 388 288 3875 418; baseline 0.001 -30"><span class='ocrx_word' id='word_1_3' title='bbox 388 329 512 397; x_wconf 73' lang='lat'><strong>235</strong></span> <span class='ocrx_word' id='word_1_4' title='bbox 1421 336 1489 393; x_wconf 82' lang='lat' dir='ltr'><strong>IN</strong></span> <span class='ocrx_word' id='word_1_5' title='bbox 1519 336 1697 395; x_wconf 74' lang='lat' dir='ltr'><strong>ACTA</strong></span> <span class='ocrx_word' id='word_1_6' title='bbox 1733 288 2543 418; x_wconf 29' lang='grc' dir='ltr'><strong>Αιδοετοιριιωιηιιοιιιι.</strong></span> <span class='ocrx_word' id='word_1_7' title='bbox 2589 335 2802 392; x_wconf 75' lang='lat' dir='ltr'><strong>xxx&quot;.</strong></span> <span class='ocrx_word' id='word_1_8' title='bbox 3756 340 3875 396; x_wconf 73' lang='lat'><strong>236:</strong></span> 
     </span>
    </p>
   </div>
   <div class='ocr_carea' id='block_1_3' title="bbox 394 447 2072 527">
    <p class='ocr_par' dir='ltr' id='par_1_3' title="bbox 394 447 2072 527">
     <span class='ocr_line' id='line_1_4' title="bbox 394 447 2072 527; baseline -0.002 -20"><span class='ocrx_word' id='word_1_9' title='bbox 394 457 584 527; x_wconf 66' lang='grc' dir='ltr'><strong>λόγου</strong></span> <span class='ocrx_word' id='word_1_10' title='bbox 609 450 848 507; x_wconf 85' lang='grc' dir='ltr'><strong>τούτου.</strong></span> <span class='ocrx_word' id='word_1_11' title='bbox 906 450 1154 521; x_wconf 69' lang='grc' dir='ltr'><strong>Πολλῆς</strong></span> <span class='ocrx_word' id='word_1_12' title='bbox 1183 449 1247 505; x_wconf 73' lang='grc' dir='ltr'><strong>δέ</strong></span> <span class='ocrx_word' id='word_1_13' title='bbox 1295 450 1680 521; x_wconf 75' lang='grc' dir='ltr'><strong>συζητήσεως</strong></span> <span class='ocrx_word' id='word_1_14' title='bbox 1722 447 2072 522; x_wconf 75' lang='grc' dir='ltr'><strong>γενομένης,</strong></span> 
     </span>
    </p>
   </div>
   <div class='ocr_carea' id='block_1_4' title="bbox 400 534 2072 608">
    <p class='ocr_par' dir='ltr' id='par_1_4' title="bbox 400 534 2072 608">
     <span class='ocr_line' id='line_1_5' title="bbox 400 534 2072 608; baseline -0.005 -10"><span class='ocrx_word' id='word_1_15' title='bbox 400 541 671 607; x_wconf 75' lang='grc' dir='ltr'><strong>ἀναστὰς</strong></span> <span class='ocrx_word' id='word_1_16' title='bbox 693 538 917 608; x_wconf 80' lang='grc' dir='ltr'><em>Πέτρος</em></span> <span class='ocrx_word' id='word_1_17' title='bbox 936 534 1069 594; x_wconf 76' lang='grc' dir='ltr'><strong>εἶπε</strong></span> <span class='ocrx_word' id='word_1_18' title='bbox 1089 539 1239 608; x_wconf 82' lang='grc' dir='ltr'><strong>πρὸς</strong></span> <span class='ocrx_word' id='word_1_19' title='bbox 1253 540 1477 606; x_wconf 84' lang='grc' dir='ltr'><strong>αὐτούς</strong></span> <span class='ocrx_word' id='word_1_20' title='bbox 1495 552 1511 568; x_wconf 85' lang='lat'><strong>&#39;</strong></span> <span class='ocrx_word' id='word_1_21' title='bbox 1532 538 1775 607; x_wconf 81' lang='grc' dir='ltr'><strong>Ἄνδρες</strong></span> <span class='ocrx_word' id='word_1_22' title='bbox 1795 535 2072 608; x_wconf 71' lang='grc' dir='ltr'><strong>ἀδελφοὶ,</strong></span> 
     </span>
    </p>
   </div>
   <div class='ocr_carea' id='block_1_5' title="bbox 396 625 2075 702">
    <p class='ocr_par' dir='ltr' id='par_1_5' title="bbox 396 625 2075 702">
     <span class='ocr_line' id='line_1_6' title="bbox 396 625 2075 702; baseline -0.006 -13"><span class='ocrx_word' id='word_1_23' title='bbox 396 631 567 701; x_wconf 81' lang='grc' dir='ltr'><strong>ὑμεῖς</strong></span> <span class='ocrx_word' id='word_1_24' title='bbox 591 629 943 693; x_wconf 82' lang='grc' dir='ltr'><strong>ἐπίστασθε,</strong></span> <span class='ocrx_word' id='word_1_25' title='bbox 975 627 1064 682; x_wconf 80' lang='grc' dir='ltr'><strong>ὅτι</strong></span> <span class='ocrx_word' id='word_1_26' title='bbox 1087 627 1201 698; x_wconf 67' lang='grc' dir='ltr'><strong>ἀφ’</strong></span> <span class='ocrx_word' id='word_1_27' title='bbox 1225 626 1463 698; x_wconf 82' lang='grc' dir='ltr'><strong>ἡμερῶν</strong></span> <span class='ocrx_word' id='word_1_28' title='bbox 1484 627 1747 702; x_wconf 78' lang='grc' dir='ltr'><strong>ἀρχαίων</strong></span> <span class='ocrx_word' id='word_1_29' title='bbox 1770 629 1805 681; x_wconf 85' lang='grc' dir='ltr'><strong>ό</strong></span> <span class='ocrx_word' id='word_1_30' title='bbox 1833 626 1979 692; x_wconf 84' lang='grc' dir='ltr'><strong>Θεὸς</strong></span> <span class='ocrx_word' id='word_1_31' title='bbox 2004 625 2075 679; x_wconf 82' lang='grc' dir='ltr'><strong>ἐν</strong></span> 
     </span>
    </p>
   </div>
   <div class='ocr_carea' id='block_1_6' title="bbox 398 713 2078 789">
    <p class='ocr_par' dir='ltr' id='par_1_6' title="bbox 398 713 2078 789">
     <span class='ocr_line' id='line_1_7' title="bbox 398 713 2078 789; baseline -0.002 -16"><span class='ocrx_word' id='word_1_32' title='bbox 398 716 542 789; x_wconf 81' lang='grc' dir='ltr'><strong>ὑμῖν</strong></span> <span class='ocrx_word' id='word_1_33' title='bbox 582 715 905 782; x_wconf 67' lang='grc' dir='ltr'><strong>ἐξελέξατο</strong></span> <span class='ocrx_word' id='word_1_34' title='bbox 945 714 1044 771; x_wconf 82' lang='grc' dir='ltr'><strong>διὰ</strong></span> <span class='ocrx_word' id='word_1_35' title='bbox 1082 715 1191 770; x_wconf 89' lang='grc' dir='ltr'><strong>τοῦ</strong></span> <span class='ocrx_word' id='word_1_36' title='bbox 1241 715 1537 784; x_wconf 84' lang='grc' dir='ltr'><strong>στόματός</strong></span> <span class='ocrx_word' id='word_1_37' title='bbox 1557 732 1680 785; x_wconf 91' lang='grc' dir='ltr'><strong>μου</strong></span> <span class='ocrx_word' id='word_1_38' title='bbox 1712 713 1973 771; x_wconf 83' lang='grc' dir='ltr'><strong>ἀκοῦσαι</strong></span> <span class='ocrx_word' id='word_1_39' title='bbox 2004 713 2078 770; x_wconf 88' lang='grc' dir='ltr'><strong>τὰ</strong></span> 
     </span>
    </p>
   </div>
   <div class='ocr_carea' id='block_1_7' title="bbox 399 800 2079 875">
    <p class='ocr_par' dir='ltr' id='par_1_7' title="bbox 399 800 2079 875">
     <span class='ocr_line' id='line_1_8' title="bbox 399 800 2079 875; baseline -0.003 -14"><span class='ocrx_word' id='word_1_40' title='bbox 399 804 546 875; x_wconf 67' lang='grc' dir='ltr'><strong>ἔθνη</strong></span> <span class='ocrx_word' id='word_1_41' title='bbox 568 804 677 859; x_wconf 85' lang='grc' dir='ltr'><strong>τὸν</strong></span> <span class='ocrx_word' id='word_1_42' title='bbox 694 805 884 874; x_wconf 70' lang='grc' dir='ltr'><strong>λόγον</strong></span> <span class='ocrx_word' id='word_1_43' title='bbox 902 802 1009 858; x_wconf 83' lang='grc' dir='ltr'><strong>τοῦ</strong></span> <span class='ocrx_word' id='word_1_44' title='bbox 1040 803 1415 873; x_wconf 73' lang='grc' dir='ltr'><strong>εὐαγγελίου,</strong></span> <span class='ocrx_word' id='word_1_45' title='bbox 1446 802 1544 856; x_wconf 79' lang='grc' dir='ltr'><strong>καὶ</strong></span> <span class='ocrx_word' id='word_1_46' title='bbox 1569 800 1914 858; x_wconf 84' lang='grc' dir='ltr'><strong>πιστεῦσαι.</strong></span> <span class='ocrx_word' id='word_1_47' title='bbox 1935 801 2079 874; x_wconf 81' lang='grc' dir='ltr'><strong>Ὅρα</strong></span> 
     </span>
    </p>
   </div>
   <div class='ocr_carea' id='block_1_8' title="bbox 397 886 2078 965">
    <p class='ocr_par' dir='ltr' id='par_1_8' title="bbox 397 886 2078 965">
     <span class='ocr_line' id='line_1_9' title="bbox 397 886 2078 965; baseline -0.002 -16"><span class='ocrx_word' id='word_1_48' title='bbox 397 892 489 949; x_wconf 80' lang='grc' dir='ltr'><strong>τὸν</strong></span> <span class='ocrx_word' id='word_1_49' title='bbox 517 891 726 965; x_wconf 81' lang='grc' dir='ltr'><strong>Πέτρον</strong></span> <span class='ocrx_word' id='word_1_50' title='bbox 771 886 978 948; x_wconf 86' lang='grc' dir='ltr'><strong>ἀνωθεν</strong></span> <span class='ocrx_word' id='word_1_51' title='bbox 1016 891 1423 964; x_wconf 82' lang='grc' dir='ltr'><strong>κεχωρισμένον</strong></span> <span class='ocrx_word' id='word_1_52' title='bbox 1453 890 1548 944; x_wconf 88' lang='grc' dir='ltr'><strong>τοῦ</strong></span> <span class='ocrx_word' id='word_1_53' title='bbox 1599 891 1948 964; x_wconf 85' lang='grc' dir='ltr'><strong>πράγματος,</strong></span> <span class='ocrx_word' id='word_1_54' title='bbox 1983 891 2078 945; x_wconf 73' lang='grc' dir='ltr'><strong>καὶ</strong></span> 
     </span>
    </p>
   </div>
   <div class='ocr_carea' id='block_1_9' title="bbox 404 978 2073 1053">
    <p class='ocr_par' dir='ltr' id='par_1_9' title="bbox 404 978 2073 1053">
     <span class='ocr_line' id='line_1_10' title="bbox 404 978 2073 1053; baseline 0.001 -20"><span class='ocrx_word' id='word_1_55' title='bbox 404 979 566 1053; x_wconf 83' lang='grc' dir='ltr'><strong>μέχρι</strong></span> <span class='ocrx_word' id='word_1_56' title='bbox 600 978 697 1033; x_wconf 84' lang='grc' dir='ltr'><strong>τοῦ</strong></span> <span class='ocrx_word' id='word_1_57' title='bbox 745 978 843 1035; x_wconf 91' lang='grc' dir='ltr'><strong>νῦν</strong></span> <span class='ocrx_word' id='word_1_58' title='bbox 903 978 1257 1045; x_wconf 83' lang='grc' dir='ltr'><strong>ίουδαῖζοντα.</strong></span> <span class='ocrx_word' id='word_1_59' title='bbox 1300 978 1499 1048; x_wconf 80' lang='grc' dir='ltr'><strong>Ὑμεῖς</strong></span> <span class='ocrx_word' id='word_1_60' title='bbox 1532 978 1882 1045; x_wconf 88' lang='grc' dir='ltr'><strong>ἐπίστασθε,</strong></span> <span class='ocrx_word' id='word_1_61' title='bbox 1919 980 2073 1050; x_wconf 89' lang='grc' dir='ltr'><strong>φησί.</strong></span> 
     </span>
    </p>
   </div>
   <div class='ocr_carea' id='block_1_10' title="bbox 402 1066 2079 1151">
    <p class='ocr_par' dir='ltr' id='par_1_10' title="bbox 402 1066 2079 1151">
     <span class='ocr_line' id='line_1_11' title="bbox 402 1066 2079 1151; baseline -0.001 -29"><span class='ocrx_word' id='word_1_62' title='bbox 402 1066 551 1151; x_wconf 70' lang='grc'><strong>[249]</strong></span> <span class='ocrx_word' id='word_1_63' title='bbox 577 1067 841 1141; x_wconf 83' lang='grc' dir='ltr'>Παρῆσαν</span> <span class='ocrx_word' id='word_1_64' title='bbox 866 1066 997 1132; x_wconf 77' lang='grc' dir='ltr'><strong>ἴσως</strong></span> <span class='ocrx_word' id='word_1_65' title='bbox 1025 1068 1120 1123; x_wconf 72' lang='grc' dir='ltr'><strong>καὶ</strong></span> <span class='ocrx_word' id='word_1_66' title='bbox 1154 1067 1201 1120; x_wconf 85' lang='grc' dir='ltr'><strong>οἱ</strong></span> <span class='ocrx_word' id='word_1_67' title='bbox 1228 1066 1622 1135; x_wconf 74' lang='grc' dir='ltr'><strong>ἐγκαλέσαντες</strong></span> <span class='ocrx_word' id='word_1_68' title='bbox 1646 1066 1796 1139; x_wconf 78' lang='grc' dir='ltr'><strong>αὐτῷ</strong></span> <span class='ocrx_word' id='word_1_69' title='bbox 1819 1066 1913 1120; x_wconf 77' lang='grc' dir='ltr'><strong>ἐπὶ</strong></span> <span class='ocrx_word' id='word_1_70' title='bbox 1936 1068 2079 1138; x_wconf 79' lang='grc' dir='ltr'><strong>Κορ⁴</strong></span> 
     </span>
    </p>
   </div>
   <div class='ocr_carea' id='block_1_11' title="bbox 402 1155 2078 1233">
    <p class='ocr_par' dir='ltr' id='par_1_11' title="bbox 402 1155 2078 1233">
     <span class='ocr_line' id='line_1_12' title="bbox 402 1155 2078 1233; baseline -0.002 -20"><span class='ocrx_word' id='word_1_71' title='bbox 402 1159 586 1233; x_wconf 80' lang='grc' dir='ltr'><strong>νηλίου</strong></span> <span class='ocrx_word' id='word_1_72' title='bbox 627 1157 819 1224; x_wconf 86' lang='grc' dir='ltr'><strong>πάλαι,</strong></span> <span class='ocrx_word' id='word_1_73' title='bbox 874 1157 968 1212; x_wconf 80' lang='grc' dir='ltr'><strong>καὶ</strong></span> <span class='ocrx_word' id='word_1_74' title='bbox 1019 1155 1352 1221; x_wconf 79' lang='grc' dir='ltr'><strong>εἰσελθόντες</strong></span> <span class='ocrx_word' id='word_1_75' title='bbox 1394 1159 1513 1228; x_wconf 78' lang='grc' dir='ltr'><strong>μετ’</strong></span> <span class='ocrx_word' id='word_1_76' title='bbox 1555 1155 1722 1210; x_wconf 77' lang='grc' dir='ltr'><strong>αὐτοῦ</strong></span> <span class='ocrx_word' id='word_1_77' title='bbox 1744 1171 1760 1188; x_wconf 80' lang='grc'><strong>⁸</strong></span> <span class='ocrx_word' id='word_1_78' title='bbox 1797 1155 1886 1210; x_wconf 85' lang='grc' dir='ltr'><strong>διά</strong></span> <span class='ocrx_word' id='word_1_79' title='bbox 1920 1155 2078 1209; x_wconf 88' lang='grc' dir='ltr'><strong>τοῦτο</strong></span> 
     </span>
    </p>
   </div>
   <div class='ocr_carea' id='block_1_12' title="bbox 401 1241 2078 1318">
    <p class='ocr_par' dir='ltr' id='par_1_12' title="bbox 401 1241 2078 1318">
     <span class='ocr_line' id='line_1_13' title="bbox 401 1241 2078 1318; baseline -0.002 -16"><span class='ocrx_word' id='word_1_80' title='bbox 401 1246 597 1311; x_wconf 77' lang='grc' dir='ltr'><strong>αὐτοὺς</strong></span> <span class='ocrx_word' id='word_1_81' title='bbox 647 1243 887 1318; x_wconf 77' lang='grc' dir='ltr'><strong>παράγει</strong></span> <span class='ocrx_word' id='word_1_82' title='bbox 933 1244 1238 1317; x_wconf 84' lang='grc' dir='ltr'><strong>μάρτυρας.</strong></span> <span class='ocrx_word' id='word_1_83' title='bbox 1291 1244 1418 1315; x_wconf 68' lang='grc' dir='ltr'><strong>Ἀφ’</strong></span> <span class='ocrx_word' id='word_1_84' title='bbox 1446 1241 1685 1314; x_wconf 77' lang='grc' dir='ltr'><strong>ἡμερῶν</strong></span> <span class='ocrx_word' id='word_1_85' title='bbox 1706 1243 1973 1313; x_wconf 82' lang='grc' dir='ltr'><strong>ἀρχαίων</strong></span> <span class='ocrx_word' id='word_1_86' title='bbox 2006 1244 2078 1299; x_wconf 79' lang='grc' dir='ltr'><strong>ἐν</strong></span> 
     </span>
    </p>
   </div>
   <div class='ocr_carea' id='block_1_13' title="bbox 400 1334 2077 1407">
    <p class='ocr_par' dir='ltr' id='par_1_13' title="bbox 400 1334 2077 1407">
     <span class='ocr_line' id='line_1_14' title="bbox 400 1334 2077 1407; baseline -0.002 -16"><span class='ocrx_word' id='word_1_87' title='bbox 400 1335 543 1407; x_wconf 84' lang='grc' dir='ltr'><strong>ὑμῖν</strong></span> <span class='ocrx_word' id='word_1_88' title='bbox 574 1339 608 1391; x_wconf 82' lang='grc' dir='ltr'><em>ὁ</em></span> <span class='ocrx_word' id='word_1_89' title='bbox 638 1336 778 1404; x_wconf 88' lang='grc' dir='ltr'><strong>Θεὸς</strong></span> <span class='ocrx_word' id='word_1_90' title='bbox 802 1334 1144 1401; x_wconf 78' lang='grc' dir='ltr'><strong>ἐξελέξατο.</strong></span> <span class='ocrx_word' id='word_1_91' title='bbox 1182 1334 1247 1388; x_wconf 92' lang='grc' dir='ltr'><strong>Τί</strong></span> <span class='ocrx_word' id='word_1_92' title='bbox 1276 1336 1445 1398; x_wconf 87' lang='grc' dir='ltr'><strong>ἐστιν,</strong></span> <span class='ocrx_word' id='word_1_93' title='bbox 1484 1335 1588 1389; x_wconf 81' lang='grc' dir='ltr'><strong>Ἐν</strong></span> <span class='ocrx_word' id='word_1_94' title='bbox 1616 1334 1791 1403; x_wconf 87' lang='grc' dir='ltr'><strong>ὑμῖν;</strong></span> <span class='ocrx_word' id='word_1_95' title='bbox 1832 1335 1991 1389; x_wconf 80' lang='grc' dir='ltr'><strong>Ἤτοι</strong></span> <span class='ocrx_word' id='word_1_96' title='bbox 2018 1336 2077 1388; x_wconf 84' lang='grc' dir='ltr'><strong>ἐν</strong></span> 
     </span>
    </p>
   </div>
   <div class='ocr_carea' id='block_1_14' title="bbox 401 1421 2077 1495">
    <p class='ocr_par' dir='ltr' id='par_1_14' title="bbox 401 1421 2077 1495">
     <span class='ocr_line' id='line_1_15' title="bbox 401 1421 2077 1495; baseline -0.001 -17"><span class='ocrx_word' id='word_1_97' title='bbox 401 1424 733 1495; x_wconf 77' lang='grc' dir='ltr'><strong>Παλαιστίνῃ</strong></span> <span class='ocrx_word' id='word_1_98' title='bbox 758 1463 775 1489; x_wconf 87' lang='grc'><strong>,</strong></span> <span class='ocrx_word' id='word_1_99' title='bbox 813 1423 1010 1494; x_wconf 76' lang='grc' dir='ltr'><strong>φησὶν,</strong></span> <span class='ocrx_word' id='word_1_100' title='bbox 1040 1422 1074 1494; x_wconf 79' lang='grc' dir='ltr'>ἢ</span> <span class='ocrx_word' id='word_1_101' title='bbox 1112 1421 1398 1494; x_wconf 79' lang='grc' dir='ltr'><strong>παρόντων</strong></span> <span class='ocrx_word' id='word_1_102' title='bbox 1432 1421 1609 1492; x_wconf 80' lang='grc' dir='ltr'><strong>ὑμῶν.</strong></span> <span class='ocrx_word' id='word_1_103' title='bbox 1640 1423 1745 1476; x_wconf 82' lang='grc' dir='ltr'><strong>Διά</strong></span> <span class='ocrx_word' id='word_1_104' title='bbox 1793 1421 1899 1476; x_wconf 86' lang='grc' dir='ltr'><strong>τοῦ</strong></span> <span class='ocrx_word' id='word_1_105' title='bbox 1935 1423 2077 1476; x_wconf 83' lang='grc' dir='ltr'><strong>στό-</strong></span> 
     </span>
    </p>
   </div>
   <div class='ocr_carea' id='block_1_15' title="bbox 393 1508 2073 1585">
    <p class='ocr_par' dir='ltr' id='par_1_15' title="bbox 393 1508 2073 1585">
     <span class='ocr_line' id='line_1_16' title="bbox 393 1508 2073 1585; baseline -0.002 -20"><span class='ocrx_word' id='word_1_106' title='bbox 393 1512 583 1585; x_wconf 84' lang='grc' dir='ltr'><strong>ματός</strong></span> <span class='ocrx_word' id='word_1_107' title='bbox 603 1528 745 1580; x_wconf 89' lang='grc' dir='ltr'><strong>μου.</strong></span> <span class='ocrx_word' id='word_1_108' title='bbox 779 1509 923 1581; x_wconf 87' lang='grc' dir='ltr'><strong>Ὅρα</strong></span> <span class='ocrx_word' id='word_1_109' title='bbox 950 1509 1068 1573; x_wconf 88' lang='grc' dir='ltr'><strong>πῶς</strong></span> <span class='ocrx_word' id='word_1_110' title='bbox 1087 1509 1326 1563; x_wconf 86' lang='grc' dir='ltr'><strong>δείκνυσι</strong></span> <span class='ocrx_word' id='word_1_111' title='bbox 1348 1509 1438 1562; x_wconf 76' lang='grc' dir='ltr'><strong>τὸν</strong></span> <span class='ocrx_word' id='word_1_112' title='bbox 1467 1508 1598 1562; x_wconf 73' lang='grc' dir='ltr'><strong>Θεὸν</strong></span> <span class='ocrx_word' id='word_1_113' title='bbox 1624 1508 1691 1562; x_wconf 79' lang='grc' dir='ltr'><strong>δι’</strong></span> <span class='ocrx_word' id='word_1_114' title='bbox 1718 1508 1880 1563; x_wconf 80' lang='grc' dir='ltr'><strong>αὐτοῦ</strong></span> <span class='ocrx_word' id='word_1_115' title='bbox 1908 1508 2073 1578; x_wconf 84' lang='grc' dir='ltr'><strong>φθεγ-</strong></span> 
     </span>
    </p>
   </div>
   <div class='ocr_carea' id='block_1_16' title="bbox 396 1594 2073 1670">
    <p class='ocr_par' dir='ltr' id='par_1_16' title="bbox 396 1594 2073 1670">
     <span class='ocr_line' id='line_1_17' title="bbox 396 1594 2073 1670; baseline -0.002 -18"><span class='ocrx_word' id='word_1_116' title='bbox 396 1598 642 1670; x_wconf 85' lang='grc' dir='ltr'><strong>γόμενον,</strong></span> <span class='ocrx_word' id='word_1_117' title='bbox 674 1599 769 1651; x_wconf 80' lang='grc' dir='ltr'><strong>καὶ</strong></span> <span class='ocrx_word' id='word_1_118' title='bbox 794 1597 945 1651; x_wconf 78' lang='grc' dir='ltr'><strong>οὐδὲν</strong></span> <span class='ocrx_word' id='word_1_119' title='bbox 969 1596 1328 1668; x_wconf 87' lang='grc' dir='ltr'><strong>ἀνθρώπινον.</strong></span> <span class='ocrx_word' id='word_1_120' title='bbox 1387 1596 1497 1651; x_wconf 76' lang='lat' dir='ltr'><strong>Kal</strong></span> <span class='ocrx_word' id='word_1_121' title='bbox 1530 1599 1563 1650; x_wconf 89' lang='grc' dir='ltr'><strong>ό</strong></span> <span class='ocrx_word' id='word_1_122' title='bbox 1593 1594 2073 1666; x_wconf 77' lang='grc' dir='ltr'><strong>καρδιογνώστης</strong></span> 
     </span>
    </p>
   </div>
   <div class='ocr_carea' id='block_1_17' title="bbox 397 1684 2073 1756">
    <p class='ocr_par' dir='ltr' id='par_1_17' title="bbox 397 1684 2073 1756">
     <span class='ocr_line' id='line_1_18' title="bbox 397 1684 2073 1756; baseline -0.004 -13"><span class='ocrx_word' id='word_1_123' title='bbox 397 1686 542 1754; x_wconf 85' lang='grc' dir='ltr'><strong>Θεὸς</strong></span> <span class='ocrx_word' id='word_1_124' title='bbox 564 1686 977 1756; x_wconf 79' lang='grc' dir='ltr'><strong>ἐμαρτύρησεν</strong></span> <span class='ocrx_word' id='word_1_125' title='bbox 994 1684 1218 1752; x_wconf 84' lang='grc' dir='ltr'><strong>αὐτοῖς.</strong></span> <span class='ocrx_word' id='word_1_126' title='bbox 1264 1685 1386 1738; x_wconf 76' lang='grc' dir='ltr'><strong>Ἐπὶ</strong></span> <span class='ocrx_word' id='word_1_127' title='bbox 1412 1686 1513 1754; x_wconf 81' lang='grc' dir='ltr'><strong>τὴν</strong></span> <span class='ocrx_word' id='word_1_128' title='bbox 1541 1684 1917 1756; x_wconf 78' lang='grc' dir='ltr'><strong>πνευματικὴν</strong></span> <span class='ocrx_word' id='word_1_129' title='bbox 1943 1684 2073 1738; x_wconf 85' lang='grc' dir='ltr'><strong>ἀνά-</strong></span> 
     </span>
    </p>
   </div>
   <div class='ocr_carea' id='block_1_18' title="bbox 393 1771 2072 1847">
    <p class='ocr_par' dir='ltr' id='par_1_18' title="bbox 393 1771 2072 1847">
     <span class='ocr_line' id='line_1_19' title="bbox 393 1771 2072 1847; baseline -0.004 -18"><span class='ocrx_word' id='word_1_130' title='bbox 393 1791 480 1846; x_wconf 84' lang='grc' dir='ltr'><strong>γει</strong></span> <span class='ocrx_word' id='word_1_131' title='bbox 534 1774 839 1847; x_wconf 81' lang='grc' dir='ltr'><strong>μαρτυρίαν</strong></span> <span class='ocrx_word' id='word_1_132' title='bbox 893 1772 1110 1835; x_wconf 81' lang='grc' dir='ltr'><strong>αὐτούς.</strong></span> <span class='ocrx_word' id='word_1_133' title='bbox 1143 1772 1295 1838; x_wconf 85' lang='grc' dir='ltr'><strong>Δοὺς</strong></span> <span class='ocrx_word' id='word_1_134' title='bbox 1339 1772 1545 1838; x_wconf 81' lang='grc' dir='ltr'><strong>αὐτοῖς</strong></span> <span class='ocrx_word' id='word_1_135' title='bbox 1601 1772 1668 1825; x_wconf 87' lang='grc' dir='ltr'><em>τὸ</em></span> <span class='ocrx_word' id='word_1_136' title='bbox 1723 1771 1967 1840; x_wconf 79' lang='grc' dir='ltr'><strong>Πνεῦμα</strong></span> <span class='ocrx_word' id='word_1_137' title='bbox 2004 1772 2072 1823; x_wconf 90' lang='grc' dir='ltr'><em>τὸ</em></span> 
     </span>
    </p>
   </div>
   <div class='ocr_carea' id='block_1_19' title="bbox 393 1853 2075 1929">
    <p class='ocr_par' dir='ltr' id='par_1_19' title="bbox 393 1853 2075 1929">
     <span class='ocr_line' id='line_1_20' title="bbox 393 1853 2075 1929; baseline -0.004 -15"><span class='ocrx_word' id='word_1_138' title='bbox 393 1858 585 1929; x_wconf 78' lang='grc' dir='ltr'><strong>ἄτιον,</strong></span> <span class='ocrx_word' id='word_1_139' title='bbox 636 1858 835 1925; x_wconf 74' lang='grc' dir='ltr'><strong>καθὼς</strong></span> <span class='ocrx_word' id='word_1_140' title='bbox 864 1858 963 1911; x_wconf 75' lang='grc' dir='ltr'><strong>καὶ</strong></span> <span class='ocrx_word' id='word_1_141' title='bbox 1003 1856 1167 1926; x_wconf 76' lang='grc' dir='ltr'><strong>ἡμῖν.</strong></span> <span class='ocrx_word' id='word_1_142' title='bbox 1197 1856 1340 1927; x_wconf 86' lang='grc' dir='ltr'><strong>Ὅρα</strong></span> <span class='ocrx_word' id='word_1_143' title='bbox 1388 1856 1503 1919; x_wconf 84' lang='grc' dir='ltr'><strong>πῶς</strong></span> <span class='ocrx_word' id='word_1_144' title='bbox 1529 1869 1555 1896; x_wconf 69' lang='grc'>⁸</span> <span class='ocrx_word' id='word_1_145' title='bbox 1593 1854 1873 1925; x_wconf 80' lang='grc' dir='ltr'><strong>πανταχοῦ</strong></span> <span class='ocrx_word' id='word_1_146' title='bbox 1901 1853 2075 1920; x_wconf 81' lang='grc' dir='ltr'><strong>ἐξισοῖ</strong></span> 
     </span>
    </p>
   </div>
   <div class='ocr_carea' id='block_1_20' title="bbox 394 1940 2071 2017">
    <p class='ocr_par' dir='ltr' id='par_1_20' title="bbox 394 1940 2071 2017">
     <span class='ocr_line' id='line_1_21' title="bbox 394 1940 2071 2017; baseline -0.003 -17"><span class='ocrx_word' id='word_1_147' title='bbox 394 1944 463 2000; x_wconf 88' lang='grc' dir='ltr'><strong>τά</strong></span> <span class='ocrx_word' id='word_1_148' title='bbox 490 1943 641 2017; x_wconf 79' lang='grc' dir='ltr'><strong>ἔθνη.</strong></span> <span class='ocrx_word' id='word_1_149' title='bbox 681 1944 793 1998; x_wconf 71' lang='grc' dir='ltr'><strong>Καὶ</strong></span> <span class='ocrx_word' id='word_1_150' title='bbox 845 1942 1028 1999; x_wconf 81' lang='grc' dir='ltr'><strong>οὐδὲν</strong></span> <span class='ocrx_word' id='word_1_151' title='bbox 1074 1942 1333 2011; x_wconf 75' lang='grc' dir='ltr'><strong>διέκρινε</strong></span> <span class='ocrx_word' id='word_1_152' title='bbox 1379 1941 1605 2014; x_wconf 82' lang='grc' dir='ltr'><strong>μεταξὺ</strong></span> <span class='ocrx_word' id='word_1_153' title='bbox 1638 1940 1810 2012; x_wconf 81' lang='grc' dir='ltr'><strong>ἡμῶν</strong></span> <span class='ocrx_word' id='word_1_154' title='bbox 1852 1960 1916 1996; x_wconf 86' lang='grc' dir='ltr'><strong>τε</strong></span> <span class='ocrx_word' id='word_1_155' title='bbox 1973 1942 2071 1996; x_wconf 79' lang='grc' dir='ltr'><strong>καί</strong></span> 
     </span>
    </p>
   </div>
   <div class='ocr_carea' id='block_1_21' title="bbox 391 2029 2067 2101">
    <p class='ocr_par' dir='ltr' id='par_1_21' title="bbox 391 2029 2067 2101">
     <span class='ocr_line' id='line_1_22' title="bbox 391 2029 2067 2101; baseline -0.002 -14"><span class='ocrx_word' id='word_1_156' title='bbox 391 2031 612 2096; x_wconf 79' lang='grc' dir='ltr'><strong>αὐτῶν,</strong></span> <span class='ocrx_word' id='word_1_157' title='bbox 661 2030 739 2101; x_wconf 74' lang='grc' dir='ltr'><strong>τῇ</strong></span> <span class='ocrx_word' id='word_1_158' title='bbox 798 2032 999 2085; x_wconf 73' lang='grc' dir='ltr'><strong>πίστει</strong></span> <span class='ocrx_word' id='word_1_159' title='bbox 1046 2031 1381 2099; x_wconf 79' lang='grc' dir='ltr'><strong>καθαρίσας</strong></span> <span class='ocrx_word' id='word_1_160' title='bbox 1415 2030 1519 2097; x_wconf 85' lang='grc' dir='ltr'><strong>τὰς</strong></span> <span class='ocrx_word' id='word_1_161' title='bbox 1551 2030 1803 2099; x_wconf 78' lang='grc' dir='ltr'><strong>καρδίας</strong></span> <span class='ocrx_word' id='word_1_162' title='bbox 1848 2029 2067 2084; x_wconf 83' lang='grc' dir='ltr'><strong>αὐτῶν.</strong></span> 
     </span>
    </p>
   </div>
   <div class='ocr_carea' id='block_1_22' title="bbox 408 2119 2067 2193">
    <p class='ocr_par' dir='ltr' id='par_1_22' title="bbox 408 2119 2067 2193">
     <span class='ocr_line' id='line_1_23' title="bbox 408 2119 2067 2193; baseline -0.001 -18"><span class='ocrx_word' id='word_1_163' title='bbox 408 2121 538 2176; x_wconf 81' lang='grc' dir='ltr'><strong>Ἀπὸ</strong></span> <span class='ocrx_word' id='word_1_164' title='bbox 581 2121 683 2193; x_wconf 84' lang='grc' dir='ltr'><strong>τῆς</strong></span> <span class='ocrx_word' id='word_1_165' title='bbox 734 2119 969 2185; x_wconf 81' lang='grc' dir='ltr'><strong>πίστεως</strong></span> <span class='ocrx_word' id='word_1_166' title='bbox 1027 2120 1216 2192; x_wconf 88' lang='grc' dir='ltr'><strong>μόνης,</strong></span> <span class='ocrx_word' id='word_1_167' title='bbox 1271 2121 1427 2191; x_wconf 73' lang='grc' dir='ltr'><strong>φησὶ,</strong></span> <span class='ocrx_word' id='word_1_168' title='bbox 1464 2119 1573 2173; x_wconf 87' lang='grc' dir='ltr'><strong>τῶν</strong></span> <span class='ocrx_word' id='word_1_169' title='bbox 1621 2119 1801 2174; x_wconf 82' lang='grc' dir='ltr'><strong>αὐτῶν</strong></span> <span class='ocrx_word' id='word_1_170' title='bbox 1859 2119 2067 2191; x_wconf 73' lang='grc' dir='ltr'><strong>ἔτυχον.</strong></span> 
     </span>
    </p>
   </div>
   <div class='ocr_carea' id='block_1_23' title="bbox 395 2206 2070 2279">
    <p class='ocr_par' dir='ltr' id='par_1_23' title="bbox 395 2206 2070 2279">
     <span class='ocr_line' id='line_1_24' title="bbox 395 2206 2070 2279; baseline -0.001 -17"><span class='ocrx_word' id='word_1_171' title='bbox 395 2210 676 2263; x_wconf 81' lang='grc' dir='ltr'><strong>Κάκείνων</strong></span> <span class='ocrx_word' id='word_1_172' title='bbox 729 2206 903 2262; x_wconf 89' lang='grc' dir='ltr'><strong>ταῦτα</strong></span> <span class='ocrx_word' id='word_1_173' title='bbox 935 2207 1293 2279; x_wconf 71' lang='grc' dir='ltr'><strong>ἐντρεπτικάσ</strong></span> <span class='ocrx_word' id='word_1_174' title='bbox 1329 2207 1530 2278; x_wconf 78' lang='grc' dir='ltr'><strong>μᾶλλον</strong></span> <span class='ocrx_word' id='word_1_175' title='bbox 1566 2206 1624 2261; x_wconf 87' lang='grc' dir='ltr'><strong>δέ</strong></span> <span class='ocrx_word' id='word_1_176' title='bbox 1656 2207 1749 2262; x_wconf 81' lang='grc' dir='ltr'><strong>καὶ</strong></span> <span class='ocrx_word' id='word_1_177' title='bbox 1777 2207 2017 2274; x_wconf 78' lang='grc' dir='ltr'><strong>ἐκείνους</strong></span> <span class='ocrx_word' id='word_1_178' title='bbox 2041 2208 2070 2248; x_wconf 71' lang='grc' dir='ltr'>δ</span> 
     </span>
    </p>
   </div>
   <div class='ocr_carea' id='block_1_24' title="bbox 391 2293 2072 2367">
    <p class='ocr_par' dir='ltr' id='par_1_24' title="bbox 391 2293 2072 2367">
     <span class='ocr_line' id='line_1_25' title="bbox 391 2293 2072 2367; baseline -0.002 -16"><span class='ocrx_word' id='word_1_179' title='bbox 391 2295 599 2361; x_wconf 80' lang='grc' dir='ltr'><strong>διδάξαι</strong></span> <span class='ocrx_word' id='word_1_180' title='bbox 622 2293 869 2359; x_wconf 85' lang='grc' dir='ltr'><strong>δύναται,</strong></span> <span class='ocrx_word' id='word_1_181' title='bbox 898 2294 981 2349; x_wconf 86' lang='grc' dir='ltr'><strong>δτι</strong></span> <span class='ocrx_word' id='word_1_182' title='bbox 1004 2294 1241 2359; x_wconf 86' lang='grc' dir='ltr'><strong>πίστεως</strong></span> <span class='ocrx_word' id='word_1_183' title='bbox 1277 2294 1358 2347; x_wconf 85' lang='grc' dir='ltr'><strong>δεῖ</strong></span> <span class='ocrx_word' id='word_1_184' title='bbox 1388 2295 1559 2365; x_wconf 84' lang='grc' dir='ltr'><strong>μόνης</strong></span> <span class='ocrx_word' id='word_1_185' title='bbox 1577 2335 1593 2362; x_wconf 92' lang='grc'><strong>,</strong></span> <span class='ocrx_word' id='word_1_186' title='bbox 1632 2295 1728 2348; x_wconf 76' lang='grc' dir='ltr'><strong>καὶ</strong></span> <span class='ocrx_word' id='word_1_187' title='bbox 1756 2294 1857 2348; x_wconf 89' lang='grc' dir='ltr'><strong>ούκ</strong></span> <span class='ocrx_word' id='word_1_188' title='bbox 1892 2294 2072 2367; x_wconf 67' lang='grc' dir='ltr'><strong>ἔργων</strong></span> 
     </span>
    </p>
   </div>
   <div class='ocr_carea' id='block_1_25' title="bbox 392 2381 2071 2454">
    <p class='ocr_par' dir='ltr' id='par_1_25' title="bbox 392 2381 2071 2454">
     <span class='ocr_line' id='line_1_26' title="bbox 392 2381 2071 2454; baseline -0.001 -16"><span class='ocrx_word' id='word_1_189' title='bbox 392 2383 514 2438; x_wconf 80' lang='grc' dir='ltr'><strong>οὐδὲ</strong></span> <span class='ocrx_word' id='word_1_190' title='bbox 560 2382 884 2454; x_wconf 80' lang='grc' dir='ltr'><strong>περιτομῆς.</strong></span> <span class='ocrx_word' id='word_1_191' title='bbox 941 2382 1016 2435; x_wconf 84' lang='grc' dir='ltr'><strong>Ού</strong></span> <span class='ocrx_word' id='word_1_192' title='bbox 1066 2381 1173 2453; x_wconf 86' lang='grc' dir='ltr'><strong>γὰρ</strong></span> <span class='ocrx_word' id='word_1_193' title='bbox 1208 2381 1272 2453; x_wconf 86' lang='grc' dir='ltr'><strong>δὴ</strong></span> <span class='ocrx_word' id='word_1_194' title='bbox 1307 2382 1444 2453; x_wconf 82' lang='grc' dir='ltr'><strong>ὑπὲρ</strong></span> <span class='ocrx_word' id='word_1_195' title='bbox 1499 2381 1608 2435; x_wconf 89' lang='grc' dir='ltr'><strong>τῶν</strong></span> <span class='ocrx_word' id='word_1_196' title='bbox 1657 2381 1825 2437; x_wconf 91' lang='grc' dir='ltr'><strong>ἐθνῶν</strong></span> <span class='ocrx_word' id='word_1_197' title='bbox 1874 2382 2071 2437; x_wconf 86' lang='grc' dir='ltr'><strong>ἀπολο-</strong></span> 
     </span>
    </p>
   </div>
   <div class='ocr_carea' id='block_1_26' title="bbox 393 2469 2069 2542">
    <p class='ocr_par' dir='ltr' id='par_1_26' title="bbox 393 2469 2069 2542">
     <span class='ocr_line' id='line_1_27' title="bbox 393 2469 2069 2542; baseline -0.001 -17"><span class='ocrx_word' id='word_1_198' title='bbox 393 2471 646 2542; x_wconf 87' lang='grc' dir='ltr'><strong>γούμενοι</strong></span> <span class='ocrx_word' id='word_1_199' title='bbox 695 2470 871 2525; x_wconf 91' lang='grc' dir='ltr'><strong>ταῦτα</strong></span> <span class='ocrx_word' id='word_1_200' title='bbox 908 2470 1129 2540; x_wconf 87' lang='grc' dir='ltr'><strong>λέγουσι</strong></span> <span class='ocrx_word' id='word_1_201' title='bbox 1168 2470 1360 2540; x_wconf 88' lang='grc' dir='ltr'><strong>μόνον,</strong></span> <span class='ocrx_word' id='word_1_202' title='bbox 1413 2469 1553 2523; x_wconf 90' lang='grc' dir='ltr'><strong>ἀλλά</strong></span> <span class='ocrx_word' id='word_1_203' title='bbox 1597 2470 1886 2534; x_wconf 88' lang='grc' dir='ltr'><strong>κάκείνους</strong></span> <span class='ocrx_word' id='word_1_204' title='bbox 1940 2487 2069 2524; x_wconf 89' lang='grc' dir='ltr'><strong>παι-</strong></span> 
     </span>
    </p>
   </div>
   <div class='ocr_carea' id='block_1_27' title="bbox 389 2556 2072 2629">
    <p class='ocr_par' dir='ltr' id='par_1_27' title="bbox 389 2556 2072 2629">
     <span class='ocr_line' id='line_1_28' title="bbox 389 2556 2072 2629; baseline -0.001 -15"><span class='ocrx_word' id='word_1_205' title='bbox 389 2560 634 2624; x_wconf 78' lang='grc' dir='ltr'><strong>δεύοντες</strong></span> <span class='ocrx_word' id='word_1_206' title='bbox 671 2557 977 2629; x_wconf 83' lang='grc' dir='ltr'><strong>ἀποστῆναι</strong></span> <span class='ocrx_word' id='word_1_207' title='bbox 1021 2558 1115 2613; x_wconf 87' lang='grc' dir='ltr'><strong>τοῦ</strong></span> <span class='ocrx_word' id='word_1_208' title='bbox 1161 2559 1350 2628; x_wconf 80' lang='grc' dir='ltr'><strong>νόμου.</strong></span> <span class='ocrx_word' id='word_1_209' title='bbox 1394 2557 1555 2612; x_wconf 83' lang='grc' dir='ltr'><strong>’Δλλά</strong></span> <span class='ocrx_word' id='word_1_210' title='bbox 1600 2558 1740 2623; x_wconf 87' lang='grc' dir='ltr'><strong>τέως</strong></span> <span class='ocrx_word' id='word_1_211' title='bbox 1778 2557 1931 2612; x_wconf 80' lang='grc' dir='ltr'><strong>οὔπω</strong></span> <span class='ocrx_word' id='word_1_212' title='bbox 1982 2556 2072 2612; x_wconf 87' lang='grc' dir='ltr'><strong>λέ-</strong></span> 
     </span>
    </p>
   </div>
   <div class='ocr_carea' id='block_1_28' title="bbox 391 2639 2072 2718">
    <p class='ocr_par' dir='ltr' id='par_1_28' title="bbox 391 2639 2072 2718">
     <span class='ocr_line' id='line_1_29' title="bbox 391 2639 2072 2718; baseline -0.003 -16"><span class='ocrx_word' id='word_1_213' title='bbox 391 2665 546 2718; x_wconf 83' lang='grc' dir='ltr'><strong>γουσι</strong></span> <span class='ocrx_word' id='word_1_214' title='bbox 574 2645 752 2701; x_wconf 85' lang='grc' dir='ltr'><strong>τοῦτο.</strong></span> <span class='ocrx_word' id='word_1_215' title='bbox 778 2645 908 2701; x_wconf 84' lang='grc' dir='ltr'><strong>Νῦν</strong></span> <span class='ocrx_word' id='word_1_216' title='bbox 938 2641 1053 2701; x_wconf 87' lang='grc' dir='ltr'><strong>οὖν</strong></span> <span class='ocrx_word' id='word_1_217' title='bbox 1094 2646 1155 2700; x_wconf 89' lang='grc' dir='ltr'><strong>τί</strong></span> <span class='ocrx_word' id='word_1_218' title='bbox 1200 2644 1502 2715; x_wconf 78' lang='grc' dir='ltr'><strong>πειράζετε</strong></span> <span class='ocrx_word' id='word_1_219' title='bbox 1536 2639 1642 2701; x_wconf 82' lang='grc' dir='ltr'><strong>τὸν</strong></span> <span class='ocrx_word' id='word_1_220' title='bbox 1672 2645 1823 2701; x_wconf 85' lang='grc' dir='ltr'><strong>Θεὸν</strong></span> <span class='ocrx_word' id='word_1_221' title='bbox 1857 2642 2072 2699; x_wconf 78' lang='grc' dir='ltr'><strong>ἐπιθεῖ-</strong></span> 
     </span>
    </p>
   </div>
   <div class='ocr_carea' id='block_1_29' title="bbox 389 2730 2072 2804">
    <p class='ocr_par' dir='ltr' id='par_1_29' title="bbox 389 2730 2072 2804">
     <span class='ocr_line' id='line_1_30' title="bbox 389 2730 2072 2804; baseline -0.002 -15"><span class='ocrx_word' id='word_1_222' title='bbox 389 2751 489 2789; x_wconf 84' lang='grc' dir='ltr'><strong>ναι</strong></span> <span class='ocrx_word' id='word_1_223' title='bbox 520 2733 701 2804; x_wconf 74' lang='grc' dir='ltr'><strong>ζυγὸν</strong></span> <span class='ocrx_word' id='word_1_224' title='bbox 736 2733 837 2787; x_wconf 77' lang='grc' dir='ltr'><strong>ἐπὶ</strong></span> <span class='ocrx_word' id='word_1_225' title='bbox 872 2732 981 2787; x_wconf 86' lang='grc' dir='ltr'><strong>τὸν</strong></span> <span class='ocrx_word' id='word_1_226' title='bbox 1008 2731 1318 2802; x_wconf 77' lang='grc' dir='ltr'><strong>τράχηλον</strong></span> <span class='ocrx_word' id='word_1_227' title='bbox 1361 2731 1481 2786; x_wconf 88' lang='grc' dir='ltr'><strong>τῶν</strong></span> <span class='ocrx_word' id='word_1_228' title='bbox 1504 2730 1788 2802; x_wconf 80' lang='grc' dir='ltr'><strong>μαθητῶν</strong></span> <span class='ocrx_word' id='word_1_229' title='bbox 1832 2731 1905 2786; x_wconf 82' lang='grc' dir='ltr'><strong>ὃν</strong></span> <span class='ocrx_word' id='word_1_230' title='bbox 1932 2732 2072 2787; x_wconf 83' lang='grc' dir='ltr'><strong>οὔτε</strong></span> 
     </span>
    </p>
   </div>
   <div class='ocr_carea' id='block_1_30' title="bbox 391 2817 2070 2890">
    <p class='ocr_par' dir='ltr' id='par_1_30' title="bbox 391 2817 2070 2890">
     <span class='ocr_line' id='line_1_31' title="bbox 391 2817 2070 2890; baseline -0.004 -12"><span class='ocrx_word' id='word_1_231' title='bbox 391 2825 444 2878; x_wconf 88' lang='grc' dir='ltr'><strong>οί</strong></span> <span class='ocrx_word' id='word_1_232' title='bbox 481 2824 733 2890; x_wconf 83' lang='grc' dir='ltr'><strong>πατέρες</strong></span> <span class='ocrx_word' id='word_1_233' title='bbox 769 2818 961 2890; x_wconf 79' lang='grc' dir='ltr'><strong>ἡμῶν,</strong></span> <span class='ocrx_word' id='word_1_234' title='bbox 987 2821 1126 2876; x_wconf 85' lang='grc' dir='ltr'><strong>οὔτε</strong></span> <span class='ocrx_word' id='word_1_235' title='bbox 1158 2819 1329 2890; x_wconf 76' lang='grc' dir='ltr'><strong>ἡμεῖς</strong></span> <span class='ocrx_word' id='word_1_236' title='bbox 1353 2820 1696 2890; x_wconf 77' lang='grc' dir='ltr'><strong>ἰσχύσαμεν</strong></span> <span class='ocrx_word' id='word_1_237' title='bbox 1719 2817 2070 2884; x_wconf 51' lang='grc' dir='ltr'><strong>,ϐαστάσας</strong></span> 
     </span>
    </p>
   </div>
   <div class='ocr_carea' id='block_1_31' title="bbox 404 2906 2070 2979">
    <p class='ocr_par' dir='ltr' id='par_1_31' title="bbox 404 2906 2070 2979">
     <span class='ocr_line' id='line_1_32' title="bbox 404 2906 2070 2979; baseline -0.002 -13"><span class='ocrx_word' id='word_1_238' title='bbox 404 2909 590 2966; x_wconf 70' lang='grc' dir='ltr'><strong>Ἀλλά</strong></span> <span class='ocrx_word' id='word_1_239' title='bbox 615 2910 714 2965; x_wconf 83' lang='grc' dir='ltr'><strong>διὰ</strong></span> <span class='ocrx_word' id='word_1_240' title='bbox 748 2908 856 2979; x_wconf 82' lang='grc' dir='ltr'><strong>τῆς</strong></span> <span class='ocrx_word' id='word_1_241' title='bbox 885 2909 1127 2979; x_wconf 81' lang='grc' dir='ltr'><strong>χάριτος</strong></span> <span class='ocrx_word' id='word_1_242' title='bbox 1151 2909 1259 2963; x_wconf 89' lang='grc' dir='ltr'><strong>τοῦ</strong></span> <span class='ocrx_word' id='word_1_243' title='bbox 1286 2909 1509 2978; x_wconf 82' lang='grc' dir='ltr'><strong>Κυρίου</strong></span> <span class='ocrx_word' id='word_1_244' title='bbox 1543 2906 1748 2975; x_wconf 87' lang='grc' dir='ltr'><strong>Ἰησοῦ</strong></span> <span class='ocrx_word' id='word_1_245' title='bbox 1788 2908 2070 2962; x_wconf 82' lang='grc' dir='ltr'><strong>πιστεύο-</strong></span> 
     </span>
    </p>
   </div>
   <div class='ocr_carea' id='block_1_32' title="bbox 386 2994 2068 3068">
    <p class='ocr_par' dir='ltr' id='par_1_32' title="bbox 386 2994 2068 3068">
     <span class='ocr_line' id='line_1_33' title="bbox 386 2994 2068 3068; baseline -0.002 -16"><span class='ocrx_word' id='word_1_246' title='bbox 386 3014 504 3068; x_wconf 78' lang='grc' dir='ltr'><strong>μεν</strong></span> <span class='ocrx_word' id='word_1_247' title='bbox 552 2996 822 3067; x_wconf 84' lang='grc' dir='ltr'><strong>σωθῆναι</strong></span> <span class='ocrx_word' id='word_1_248' title='bbox 844 3038 861 3064; x_wconf 92' lang='grc'><strong>,</strong></span> <span class='ocrx_word' id='word_1_249' title='bbox 918 2998 1049 3051; x_wconf 82' lang='grc' dir='ltr'><strong>καθ’</strong></span> <span class='ocrx_word' id='word_1_250' title='bbox 1083 2996 1157 3051; x_wconf 80' lang='grc' dir='ltr'><strong>ὃν</strong></span> <span class='ocrx_word' id='word_1_251' title='bbox 1213 2997 1438 3065; x_wconf 84' lang='grc' dir='ltr'><strong>τρόπον</strong></span> <span class='ocrx_word' id='word_1_252' title='bbox 1487 2994 1773 3052; x_wconf 84' lang='grc' dir='ltr'><strong>κάκεῖνοι.</strong></span> <span class='ocrx_word' id='word_1_253' title='bbox 1818 2994 1884 3048; x_wconf 93' lang='grc' dir='ltr'><strong>Τί</strong></span> <span class='ocrx_word' id='word_1_254' title='bbox 1928 2996 2068 3060; x_wconf 88' lang='grc' dir='ltr'><strong>ἐστι,</strong></span> 
     </span>
    </p>
   </div>
   <div class='ocr_carea' id='block_1_33' title="bbox 393 3081 2068 3155">
    <p class='ocr_par' dir='ltr' id='par_1_33' title="bbox 393 3081 2068 3155">
     <span class='ocr_line' id='line_1_34' title="bbox 393 3081 2068 3155; baseline -0.002 -15"><span class='ocrx_word' id='word_1_255' title='bbox 393 3083 699 3155; x_wconf 80' lang='grc' dir='ltr'><strong>Πειράζετε</strong></span> <span class='ocrx_word' id='word_1_256' title='bbox 731 3084 840 3138; x_wconf 89' lang='grc' dir='ltr'><strong>τὸν</strong></span> <span class='ocrx_word' id='word_1_257' title='bbox 878 3083 1064 3147; x_wconf 82' lang='grc' dir='ltr'><strong>Θεόν;</strong></span> <span class='ocrx_word' id='word_1_258' title='bbox 1100 3082 1166 3137; x_wconf 89' lang='grc' dir='ltr'><strong>Τί</strong></span> <span class='ocrx_word' id='word_1_259' title='bbox 1205 3083 1509 3147; x_wconf 77' lang='grc' dir='ltr'><strong>ἀπιστεῖτε,</strong></span> <span class='ocrx_word' id='word_1_260' title='bbox 1541 3082 1696 3152; x_wconf 67' lang='grc' dir='ltr'><strong>φησι,</strong></span> <span class='ocrx_word' id='word_1_261' title='bbox 1731 3081 1808 3153; x_wconf 86' lang='grc' dir='ltr'><strong>τῷ</strong></span> <span class='ocrx_word' id='word_1_262' title='bbox 1837 3081 1987 3153; x_wconf 82' lang='grc' dir='ltr'><strong>Θεῷ;</strong></span> <span class='ocrx_word' id='word_1_263' title='bbox 2014 3083 2068 3137; x_wconf 88' lang='grc' dir='ltr'><strong>τί</strong></span> 
     </span>
    </p>
   </div>
   <div class='ocr_carea' id='block_1_34' title="bbox 393 3168 2068 3244">
    <p class='ocr_par' dir='ltr' id='par_1_34' title="bbox 393 3168 2068 3244">
     <span class='ocr_line' id='line_1_35' title="bbox 393 3168 2068 3244; baseline -0.002 -19"><span class='ocrx_word' id='word_1_264' title='bbox 393 3170 687 3244; x_wconf 78' lang='grc' dir='ltr'><strong>πειράζετε</strong></span> <span class='ocrx_word' id='word_1_265' title='bbox 712 3170 872 3225; x_wconf 75' lang='grc' dir='ltr'><strong>αὐτὸν</strong></span> <span class='ocrx_word' id='word_1_266' title='bbox 892 3171 968 3234; x_wconf 85' lang='grc' dir='ltr'><strong>ὡς</strong></span> <span class='ocrx_word' id='word_1_267' title='bbox 994 3171 1093 3223; x_wconf 84' lang='grc' dir='ltr'><strong>οὐκ</strong></span> <span class='ocrx_word' id='word_1_268' title='bbox 1128 3168 1381 3241; x_wconf 76' lang='grc' dir='ltr'><strong>ἰσχύοντα</strong></span> <span class='ocrx_word' id='word_1_269' title='bbox 1401 3168 1574 3222; x_wconf 90' lang='grc' dir='ltr'><strong>σῶσαι</strong></span> <span class='ocrx_word' id='word_1_270' title='bbox 1593 3170 1659 3239; x_wconf 80' lang='grc' dir='ltr'><strong>τῇ</strong></span> <span class='ocrx_word' id='word_1_271' title='bbox 1679 3168 1859 3222; x_wconf 90' lang='grc' dir='ltr'><strong>πίστει</strong></span> <span class='ocrx_word' id='word_1_272' title='bbox 1879 3185 1896 3234; x_wconf 89' lang='grc'>;</span> <span class='ocrx_word' id='word_1_273' title='bbox 1924 3170 2068 3241; x_wconf 74' lang='grc' dir='ltr'><strong>Ἄρα</strong></span> 
     </span>
    </p>
   </div>
   <div class='ocr_carea' id='block_1_35' title="bbox 390 3251 2068 3328">
    <p class='ocr_par' dir='ltr' id='par_1_35' title="bbox 390 3251 2068 3328">
     <span class='ocr_line' id='line_1_36' title="bbox 390 3251 2068 3328; baseline -0.003 -13"><span class='ocrx_word' id='word_1_274' title='bbox 390 3259 652 3322; x_wconf 74' lang='grc' dir='ltr'><strong>ἀπιστίας</strong></span> <span class='ocrx_word' id='word_1_275' title='bbox 702 3257 820 3311; x_wconf 81' lang='grc' dir='ltr'><strong>ἐστὶ</strong></span> <span class='ocrx_word' id='word_1_276' title='bbox 848 3257 906 3312; x_wconf 78' lang='grc' dir='ltr'><strong>τὸ</strong></span> <span class='ocrx_word' id='word_1_277' title='bbox 929 3256 1019 3311; x_wconf 74' lang='grc' dir='ltr'><strong>τὸν</strong></span> <span class='ocrx_word' id='word_1_278' title='bbox 1041 3257 1205 3328; x_wconf 89' lang='grc' dir='ltr'><strong>νόμον</strong></span> <span class='ocrx_word' id='word_1_279' title='bbox 1237 3257 1529 3328; x_wconf 85' lang='grc' dir='ltr'><strong>είσφέρειν.</strong></span> <span class='ocrx_word' id='word_1_280' title='bbox 1563 3251 1697 3309; x_wconf 76' lang='grc' dir='ltr'><strong>Εἶτα</strong></span> <span class='ocrx_word' id='word_1_281' title='bbox 1712 3256 1950 3310; x_wconf 88' lang='grc' dir='ltr'><strong>δείκνυσι</strong></span> <span class='ocrx_word' id='word_1_282' title='bbox 1972 3257 2068 3310; x_wconf 77' lang='grc' dir='ltr'><strong>καὶ</strong></span> 
     </span>
    </p>
   </div>
   <div class='ocr_carea' id='block_1_36' title="bbox 386 3341 2067 3415">
    <p class='ocr_par' dir='ltr' id='par_1_36' title="bbox 386 3341 2067 3415">
     <span class='ocr_line' id='line_1_37' title="bbox 386 3341 2067 3415; baseline -0.003 -14"><span class='ocrx_word' id='word_1_283' title='bbox 386 3346 591 3411; x_wconf 79' lang='grc' dir='ltr'><strong>αὐτοὺς</strong></span> <span class='ocrx_word' id='word_1_284' title='bbox 622 3344 773 3399; x_wconf 80' lang='grc' dir='ltr'><strong>οὐδὲν</strong></span> <span class='ocrx_word' id='word_1_285' title='bbox 814 3344 1254 3415; x_wconf 86' lang='grc' dir='ltr'><strong>ὠφελουμένους,</strong></span> <span class='ocrx_word' id='word_1_286' title='bbox 1294 3342 1389 3398; x_wconf 75' lang='grc' dir='ltr'><strong>καὶ</strong></span> <span class='ocrx_word' id='word_1_287' title='bbox 1411 3343 1473 3396; x_wconf 83' lang='grc' dir='ltr'><strong>τὸ</strong></span> <span class='ocrx_word' id='word_1_288' title='bbox 1514 3343 1624 3396; x_wconf 83' lang='grc' dir='ltr'><strong>πᾶν</strong></span> <span class='ocrx_word' id='word_1_289' title='bbox 1666 3341 1759 3395; x_wconf 72' lang='grc' dir='ltr'><strong>ἐπὶ</strong></span> <span class='ocrx_word' id='word_1_290' title='bbox 1790 3343 1881 3396; x_wconf 81' lang='grc' dir='ltr'><strong>τὸν</strong></span> <span class='ocrx_word' id='word_1_291' title='bbox 1905 3341 2067 3413; x_wconf 88' lang='grc' dir='ltr'><strong>νόμον</strong></span> 
     </span>
    </p>
   </div>
   <div class='ocr_carea' id='block_1_37' title="bbox 391 3429 2068 3507">
    <p class='ocr_par' dir='ltr' id='par_1_37' title="bbox 391 3429 2068 3507">
     <span class='ocr_line' id='line_1_38' title="bbox 391 3429 2068 3507; baseline -0.002 -20"><span class='ocrx_word' id='word_1_292' title='bbox 391 3435 633 3507; x_wconf 81' lang='grc' dir='ltr'><strong>στρέφει,</strong></span> <span class='ocrx_word' id='word_1_293' title='bbox 662 3434 764 3487; x_wconf 77' lang='grc' dir='ltr'><strong>οὐκ</strong></span> <span class='ocrx_word' id='word_1_294' title='bbox 795 3432 883 3485; x_wconf 73' lang='grc' dir='ltr'><strong>ἐπ’</strong></span> <span class='ocrx_word' id='word_1_295' title='bbox 915 3432 1135 3496; x_wconf 81' lang='grc' dir='ltr'><strong>αὐτοὺς,</strong></span> <span class='ocrx_word' id='word_1_296' title='bbox 1169 3429 1266 3486; x_wconf 80' lang='grc' dir='ltr'><strong>καὶ</strong></span> <span class='ocrx_word' id='word_1_297' title='bbox 1284 3431 1384 3502; x_wconf 82' lang='grc' dir='ltr'><strong>τὴν</strong></span> <span class='ocrx_word' id='word_1_298' title='bbox 1409 3429 1744 3501; x_wconf 85' lang='grc' dir='ltr'><strong>κατηγορίαν</strong></span> <span class='ocrx_word' id='word_1_299' title='bbox 1769 3430 2068 3500; x_wconf 81' lang='grc' dir='ltr'><strong>ὑποτέμνε-</strong></span> 
     </span>
    </p>
   </div>
   <div class='ocr_carea' id='block_1_38' title="bbox 388 3518 2065 3591">
    <p class='ocr_par' dir='ltr' id='par_1_38' title="bbox 388 3518 2065 3591">
     <span class='ocr_line' id='line_1_39' title="bbox 388 3518 2065 3591; baseline -0.002 -14"><span class='ocrx_word' id='word_1_300' title='bbox 388 3538 497 3577; x_wconf 89' lang='grc' dir='ltr'><strong>ται.</strong></span> <span class='ocrx_word' id='word_1_301' title='bbox 536 3525 644 3579; x_wconf 86' lang='grc' dir='ltr'><strong>Ὃν</strong></span> <span class='ocrx_word' id='word_1_302' title='bbox 664 3524 776 3578; x_wconf 79' lang='grc' dir='ltr'><strong>οὐκ</strong></span> <span class='ocrx_word' id='word_1_303' title='bbox 805 3520 1148 3591; x_wconf 84' lang='grc' dir='ltr'><strong>ίσχύσαμεν</strong></span> <span class='ocrx_word' id='word_1_304' title='bbox 1168 3518 1334 3589; x_wconf 76' lang='grc' dir='ltr'><strong>ἡμεῖς</strong></span> <span class='ocrx_word' id='word_1_305' title='bbox 1364 3518 1465 3573; x_wconf 78' lang='grc' dir='ltr'><strong>καὶ</strong></span> <span class='ocrx_word' id='word_1_306' title='bbox 1492 3520 1545 3572; x_wconf 87' lang='grc' dir='ltr'><strong>οι</strong></span> <span class='ocrx_word' id='word_1_307' title='bbox 1589 3519 1843 3587; x_wconf 83' lang='grc' dir='ltr'><strong>πατέρες</strong></span> <span class='ocrx_word' id='word_1_308' title='bbox 1871 3518 2065 3588; x_wconf 79' lang='grc' dir='ltr'><strong>ἡμῶν,</strong></span> 
     </span>
    </p>
   </div>
   <div class='ocr_carea' id='block_1_39' title="bbox 388 3607 2065 3682">
    <p class='ocr_par' dir='ltr' id='par_1_39' title="bbox 388 3607 2065 3682">
     <span class='ocr_line' id='line_1_40' title="bbox 388 3607 2065 3682; baseline -0.003 -16"><span class='ocrx_word' id='word_1_309' title='bbox 388 3611 541 3682; x_wconf 70' lang='grc' dir='ltr'><strong>φησὶ,</strong></span> <span class='ocrx_word' id='word_1_310' title='bbox 565 3609 911 3677; x_wconf 73' lang='grc' dir='ltr'><strong>,βαστάσαιο</strong></span> <span class='ocrx_word' id='word_1_311' title='bbox 957 3609 1121 3665; x_wconf 70' lang='grc' dir='ltr'><strong>ἀλλά</strong></span> <span class='ocrx_word' id='word_1_312' title='bbox 1142 3608 1241 3663; x_wconf 88' lang='grc' dir='ltr'><strong>διὰ</strong></span> <span class='ocrx_word' id='word_1_313' title='bbox 1270 3607 1378 3678; x_wconf 84' lang='grc' dir='ltr'><strong>τῆς</strong></span> <span class='ocrx_word' id='word_1_314' title='bbox 1425 3607 1669 3678; x_wconf 82' lang='grc' dir='ltr'><strong>χάριτος</strong></span> <span class='ocrx_word' id='word_1_315' title='bbox 1696 3607 1803 3663; x_wconf 87' lang='grc' dir='ltr'><strong>τοῦ</strong></span> <span class='ocrx_word' id='word_1_316' title='bbox 1839 3609 2065 3676; x_wconf 87' lang='grc' dir='ltr'><strong>Κυρίου</strong></span> 
     </span>
    </p>
   </div>
   <div class='ocr_carea' id='block_1_40' title="bbox 405 3692 2060 3768">
    <p class='ocr_par' dir='ltr' id='par_1_40' title="bbox 405 3692 2060 3768">
     <span class='ocr_line' id='line_1_41' title="bbox 405 3692 2060 3768; baseline -0.005 -13"><span class='ocrx_word' id='word_1_317' title='bbox 405 3698 606 3766; x_wconf 80' lang='grc' dir='ltr'><strong>Ἰησοῦ</strong></span> <span class='ocrx_word' id='word_1_318' title='bbox 625 3698 991 3768; x_wconf 81' lang='grc' dir='ltr'><strong>πιστεύομεν</strong></span> <span class='ocrx_word' id='word_1_319' title='bbox 1004 3695 1272 3766; x_wconf 82' lang='grc' dir='ltr'><strong>σωθῆναι</strong></span> <span class='ocrx_word' id='word_1_320' title='bbox 1288 3697 1417 3750; x_wconf 82' lang='grc' dir='ltr'><strong>καθ’</strong></span> <span class='ocrx_word' id='word_1_321' title='bbox 1438 3692 1511 3749; x_wconf 82' lang='grc' dir='ltr'><strong>δν</strong></span> <span class='ocrx_word' id='word_1_322' title='bbox 1532 3694 1757 3764; x_wconf 73' lang='grc' dir='ltr'><strong>τρόπον</strong></span> <span class='ocrx_word' id='word_1_323' title='bbox 1776 3694 2060 3748; x_wconf 78' lang='grc' dir='ltr'><strong>κάκεῖνοι.</strong></span> 
     </span>
    </p>
   </div>
   <div class='ocr_carea' id='block_1_41' title="bbox 390 3780 2065 3858">
    <p class='ocr_par' dir='ltr' id='par_1_41' title="bbox 390 3780 2065 3858">
     <span class='ocr_line' id='line_1_42' title="bbox 390 3780 2065 3858; baseline -0.002 -21"><span class='ocrx_word' id='word_1_324' title='bbox 390 3784 567 3858; x_wconf 87' lang='grc' dir='ltr'><strong>Πόσης</strong></span> <span class='ocrx_word' id='word_1_325' title='bbox 611 3786 900 3857; x_wconf 82' lang='grc' dir='ltr'><strong>δυνάμεως</strong></span> <span class='ocrx_word' id='word_1_326' title='bbox 938 3783 1100 3856; x_wconf 80' lang='grc' dir='ltr'><strong>γέμει</strong></span> <span class='ocrx_word' id='word_1_327' title='bbox 1142 3780 1316 3837; x_wconf 87' lang='grc' dir='ltr'><strong>ταῦτα</strong></span> <span class='ocrx_word' id='word_1_328' title='bbox 1371 3781 1441 3836; x_wconf 88' lang='grc' dir='ltr'><strong>τά</strong></span> <span class='ocrx_word' id='word_1_329' title='bbox 1495 3783 1744 3854; x_wconf 77' lang='grc' dir='ltr'><strong>ρήματαί</strong></span> <span class='ocrx_word' id='word_1_330' title='bbox 1808 3781 1991 3852; x_wconf 74' lang='grc' dir='ltr'><strong>Ἀπερ</strong></span> <span class='ocrx_word' id='word_1_331' title='bbox 2035 3781 2065 3834; x_wconf 87' lang='grc' dir='ltr'><strong>ό</strong></span> 
     </span>
    </p>
   </div>
   <div class='ocr_carea' id='block_1_42' title="bbox 391 3865 2063 3943">
    <p class='ocr_par' dir='ltr' id='par_1_42' title="bbox 391 3865 2063 3943">
     <span class='ocr_line' id='line_1_43' title="bbox 391 3865 2063 3943; baseline -0.004 -14"><span class='ocrx_word' id='word_1_332' title='bbox 391 3872 598 3937; x_wconf 83' lang='grc' dir='ltr'><strong>Παῦλος</strong></span> <span class='ocrx_word' id='word_1_333' title='bbox 621 3872 709 3927; x_wconf 79' lang='grc' dir='ltr'><strong>διὰ</strong></span> <span class='ocrx_word' id='word_1_334' title='bbox 748 3872 961 3927; x_wconf 84' lang='grc' dir='ltr'><strong>πολλῶν</strong></span> <span class='ocrx_word' id='word_1_335' title='bbox 994 3873 1053 3925; x_wconf 92' lang='grc' dir='ltr'><strong>ἐν</strong></span> <span class='ocrx_word' id='word_1_336' title='bbox 1095 3872 1160 3943; x_wconf 73' lang='grc' dir='ltr'><strong>τῇ</strong></span> <span class='ocrx_word' id='word_1_337' title='bbox 1192 3870 1328 3943; x_wconf 83' lang='grc' dir='ltr'><strong>πρὸς</strong></span> <span class='ocrx_word' id='word_1_338' title='bbox 1369 3869 1677 3940; x_wconf 82' lang='grc' dir='ltr'><strong>Ῥωμαίους</strong></span> <span class='ocrx_word' id='word_1_339' title='bbox 1704 3865 1824 3924; x_wconf 74' lang='grc' dir='ltr'><strong>εἷπε</strong></span> <span class='ocrx_word' id='word_1_340' title='bbox 1843 3911 1858 3934; x_wconf 85' lang='grc'><strong>,</strong></span> <span class='ocrx_word' id='word_1_341' title='bbox 1888 3867 2063 3923; x_wconf 89' lang='grc' dir='ltr'><strong>ταῦτα</strong></span> 
     </span>
    </p>
   </div>
   <div class='ocr_carea' id='block_1_43' title="bbox 391 3954 2058 4031">
    <p class='ocr_par' dir='ltr' id='par_1_43' title="bbox 391 3954 2058 4031">
     <span class='ocr_line' id='line_1_44' title="bbox 391 3954 2058 4031; baseline -0.003 -16"><span class='ocrx_word' id='word_1_342' title='bbox 391 3961 483 4015; x_wconf 73' lang='grc' dir='ltr'><strong>καὶ</strong></span> <span class='ocrx_word' id='word_1_343' title='bbox 513 3955 685 4025; x_wconf 70' lang='grc' dir='ltr'><strong>οὗτος.</strong></span> <span class='ocrx_word' id='word_1_344' title='bbox 703 3961 771 4014; x_wconf 79' lang='lat' dir='ltr'><strong><em>El</em></strong></span> <span class='ocrx_word' id='word_1_345' title='bbox 786 3958 898 4030; x_wconf 76' lang='grc' dir='ltr'><strong>γὰρ</strong></span> <span class='ocrx_word' id='word_1_346' title='bbox 938 3956 1208 4028; x_wconf 76' lang='grc' dir='ltr'><strong>Ἀϐραὰμ,</strong></span> <span class='ocrx_word' id='word_1_347' title='bbox 1229 3957 1415 4031; x_wconf 73' lang='grc' dir='ltr'><strong>φησὶν,</strong></span> <span class='ocrx_word' id='word_1_348' title='bbox 1434 3957 1504 4022; x_wconf 83' lang='grc' dir='ltr'><strong>ἐξ</strong></span> <span class='ocrx_word' id='word_1_349' title='bbox 1519 3957 1708 4027; x_wconf 74' lang='grc' dir='ltr'><strong>ἔργων</strong></span> <span class='ocrx_word' id='word_1_350' title='bbox 1727 3954 2058 4025; x_wconf 80' lang='grc' dir='ltr'><strong>ἐδικαιώθη,</strong></span> 
     </span>
    </p>
   </div>
   <div class='ocr_carea' id='block_1_44' title="bbox 391 4044 2061 4118">
    <p class='ocr_par' dir='ltr' id='par_1_44' title="bbox 391 4044 2061 4118">
     <span class='ocr_line' id='line_1_45' title="bbox 391 4044 2061 4118; baseline -0.002 -16"><span class='ocrx_word' id='word_1_351' title='bbox 391 4048 514 4117; x_wconf 71' lang='grc' dir='ltr'><strong>ἔχει</strong></span> <span class='ocrx_word' id='word_1_352' title='bbox 556 4049 857 4118; x_wconf 80' lang='grc' dir='ltr'><strong>καύχημα,</strong></span> <span class='ocrx_word' id='word_1_353' title='bbox 911 4045 1051 4102; x_wconf 72' lang='grc' dir='ltr'><strong>ἀλλ’</strong></span> <span class='ocrx_word' id='word_1_354' title='bbox 1108 4047 1181 4101; x_wconf 83' lang='grc' dir='ltr'><strong>οὑ</strong></span> <span class='ocrx_word' id='word_1_355' title='bbox 1234 4044 1385 4115; x_wconf 86' lang='grc' dir='ltr'><strong>πρὸς</strong></span> <span class='ocrx_word' id='word_1_356' title='bbox 1412 4044 1521 4099; x_wconf 88' lang='grc' dir='ltr'><strong>τὸν</strong></span> <span class='ocrx_word' id='word_1_357' title='bbox 1554 4045 1722 4100; x_wconf 85' lang='grc' dir='ltr'><strong>Θεόν.</strong></span> <span class='ocrx_word' id='word_1_358' title='bbox 1760 4044 1941 4116; x_wconf 81' lang='grc' dir='ltr'><strong>Ὁρᾷς,</strong></span> <span class='ocrx_word' id='word_1_359' title='bbox 1980 4045 2061 4098; x_wconf 86' lang='grc' dir='ltr'><strong>δτι</strong></span> 
     </span>
    </p>
   </div>
   <div class='ocr_carea' id='block_1_45' title="bbox 388 4130 2061 4209">
    <p class='ocr_par' dir='ltr' id='par_1_45' title="bbox 388 4130 2061 4209">
     <span class='ocr_line' id='line_1_46' title="bbox 388 4130 2061 4209; baseline -0.005 -17"><span class='ocrx_word' id='word_1_360' title='bbox 388 4137 591 4205; x_wconf 86' lang='grc' dir='ltr'><strong>τούτων</strong></span> <span class='ocrx_word' id='word_1_361' title='bbox 619 4137 817 4209; x_wconf 77' lang='grc' dir='ltr'><strong>μᾶλλόν</strong></span> <span class='ocrx_word' id='word_1_362' title='bbox 843 4135 959 4189; x_wconf 84' lang='grc' dir='ltr'><strong>ἐστι</strong></span> <span class='ocrx_word' id='word_1_363' title='bbox 992 4131 1152 4188; x_wconf 87' lang='grc' dir='ltr'><strong>τοῦτο</strong></span> <span class='ocrx_word' id='word_1_364' title='bbox 1177 4131 1543 4197; x_wconf 85' lang='grc' dir='ltr'><strong>παιδευτικὸν,</strong></span> <span class='ocrx_word' id='word_1_365' title='bbox 1573 4132 1606 4204; x_wconf 77' lang='grc' dir='ltr'>ἢ</span> <span class='ocrx_word' id='word_1_366' title='bbox 1629 4130 1893 4200; x_wconf 85' lang='grc' dir='ltr'><strong>ἀπολογία</strong></span> <span class='ocrx_word' id='word_1_367' title='bbox 1921 4131 2061 4203; x_wconf 83' lang='grc' dir='ltr'><strong>ὑπὲρ</strong></span> 
     </span>
    </p>
   </div>
   <div class='ocr_carea' id='block_1_46' title="bbox 386 4221 2061 4296">
    <p class='ocr_par' dir='ltr' id='par_1_46' title="bbox 386 4221 2061 4296">
     <span class='ocr_line' id='line_1_47' title="bbox 386 4221 2061 4296; baseline -0.003 -16"><span class='ocrx_word' id='word_1_368' title='bbox 386 4224 498 4281; x_wconf 87' lang='grc' dir='ltr'><strong>τῶν</strong></span> <span class='ocrx_word' id='word_1_369' title='bbox 522 4226 724 4294; x_wconf 87' lang='grc' dir='ltr'><strong>ἐθνῶν;</strong></span> <span class='ocrx_word' id='word_1_370' title='bbox 781 4225 923 4279; x_wconf 82' lang='grc' dir='ltr'><strong>Ἀλλ’</strong></span> <span class='ocrx_word' id='word_1_371' title='bbox 959 4225 1010 4278; x_wconf 86' lang='grc' dir='ltr'><strong>εί</strong></span> <span class='ocrx_word' id='word_1_372' title='bbox 1037 4223 1137 4296; x_wconf 81' lang='grc' dir='ltr'><strong>μὲν</strong></span> <span class='ocrx_word' id='word_1_373' title='bbox 1167 4224 1339 4296; x_wconf 67' lang='grc' dir='ltr'><strong>χωρὶς</strong></span> <span class='ocrx_word' id='word_1_374' title='bbox 1373 4223 1701 4296; x_wconf 81' lang='grc' dir='ltr'><strong>προφάσεως</strong></span> <span class='ocrx_word' id='word_1_375' title='bbox 1744 4221 1921 4276; x_wconf 89' lang='grc' dir='ltr'><strong>ταῦτα</strong></span> <span class='ocrx_word' id='word_1_376' title='bbox 1947 4221 2061 4275; x_wconf 79' lang='grc' dir='ltr'><strong>ἔλε-</strong></span> 
     </span>
    </p>
   </div>
   <div class='ocr_carea' id='block_1_47' title="bbox 387 4305 2061 4384">
    <p class='ocr_par' dir='ltr' id='par_1_47' title="bbox 387 4305 2061 4384">
     <span class='ocr_line' id='line_1_48' title="bbox 387 4305 2061 4384; baseline -0.002 -17"><span class='ocrx_word' id='word_1_377' title='bbox 387 4331 505 4383; x_wconf 88' lang='grc' dir='ltr'><strong>γεν,</strong></span> <span class='ocrx_word' id='word_1_378' title='bbox 563 4312 695 4378; x_wconf 73' lang='grc' dir='ltr'><strong>ἴσως</strong></span> <span class='ocrx_word' id='word_1_379' title='bbox 723 4311 973 4384; x_wconf 81' lang='grc' dir='ltr'><strong>οὐδαμῶς</strong></span> <span class='ocrx_word' id='word_1_380' title='bbox 1026 4310 1269 4375; x_wconf 74' lang='grc' dir='ltr'><strong>ὕποπτος</strong></span> <span class='ocrx_word' id='word_1_381' title='bbox 1312 4305 1381 4383; x_wconf 79' lang='grc' dir='ltr'><strong>ἦν</strong></span> <span class='ocrx_word' id='word_1_382' title='bbox 1401 4323 1417 4341; x_wconf 72' lang='grc' dir='ltr'><strong><em>ο</em></strong></span> <span class='ocrx_word' id='word_1_383' title='bbox 1462 4309 1640 4381; x_wconf 81' lang='grc' dir='ltr'><strong>ἀρχῆς</strong></span> <span class='ocrx_word' id='word_1_384' title='bbox 1680 4309 1737 4364; x_wconf 83' lang='grc' dir='ltr'><strong>δέ</strong></span> <span class='ocrx_word' id='word_1_385' title='bbox 1765 4307 2061 4380; x_wconf 76' lang='grc' dir='ltr'><strong>λαϐόμενος</strong></span> 
     </span>
    </p>
   </div>
   <div class='ocr_carea' id='block_1_48' title="bbox 386 4395 2058 4468">
    <p class='ocr_par' dir='ltr' id='par_1_48' title="bbox 386 4395 2058 4468">
     <span class='ocr_line' id='line_1_49' title="bbox 386 4395 2058 4468; baseline -0.004 -14"><span class='ocrx_word' id='word_1_386' title='bbox 386 4399 658 4465; x_wconf 87' lang='grc' dir='ltr'><strong>ἐντεῦθεν,</strong></span> <span class='ocrx_word' id='word_1_387' title='bbox 688 4399 877 4455; x_wconf 76' lang='grc' dir='ltr'><strong>λοιπὸν</strong></span> <span class='ocrx_word' id='word_1_388' title='bbox 908 4397 1079 4462; x_wconf 80' lang='grc' dir='ltr'><strong>ἀδεῶς</strong></span> <span class='ocrx_word' id='word_1_389' title='bbox 1121 4396 1438 4468; x_wconf 83' lang='grc' dir='ltr'><strong>φθέγγεται.</strong></span> <span class='ocrx_word' id='word_1_390' title='bbox 1479 4397 1593 4451; x_wconf 86' lang='lat' dir='ltr'><strong>Kal</strong></span> <span class='ocrx_word' id='word_1_391' title='bbox 1629 4397 1735 4468; x_wconf 81' lang='grc' dir='ltr'><strong>ὅρα</strong></span> <span class='ocrx_word' id='word_1_392' title='bbox 1780 4395 2058 4465; x_wconf 74' lang='grc' dir='ltr'><strong>πανταχοῦ</strong></span> 
     </span>
    </p>
   </div>
   <div class='ocr_carea' id='block_1_49' title="bbox 385 4482 2060 4560">
    <p class='ocr_par' dir='ltr' id='par_1_49' title="bbox 385 4482 2060 4560">
     <span class='ocr_line' id='line_1_50' title="bbox 385 4482 2060 4560; baseline -0.004 -17"><span class='ocrx_word' id='word_1_393' title='bbox 385 4489 455 4544; x_wconf 90' lang='grc' dir='ltr'><strong>τά</strong></span> <span class='ocrx_word' id='word_1_394' title='bbox 476 4489 628 4560; x_wconf 83' lang='grc' dir='ltr'><strong>παρά</strong></span> <span class='ocrx_word' id='word_1_395' title='bbox 654 4486 763 4542; x_wconf 88' lang='grc' dir='ltr'><strong>τῶν</strong></span> <span class='ocrx_word' id='word_1_396' title='bbox 791 4487 999 4559; x_wconf 86' lang='grc' dir='ltr'><strong>ἐχθρῶν</strong></span> <span class='ocrx_word' id='word_1_397' title='bbox 1029 4486 1148 4558; x_wconf 86' lang='grc' dir='ltr'><strong>μετ’</strong></span> <span class='ocrx_word' id='word_1_398' title='bbox 1181 4484 1364 4540; x_wconf 81' lang='grc' dir='ltr'><strong>αὐτῶν</strong></span> <span class='ocrx_word' id='word_1_399' title='bbox 1403 4484 1684 4556; x_wconf 87' lang='grc' dir='ltr'><strong>γινόμενα.</strong></span> <span class='ocrx_word' id='word_1_400' title='bbox 1725 4485 1790 4538; x_wconf 77' lang='lat' dir='ltr'><strong><em>El</em></strong></span> <span class='ocrx_word' id='word_1_401' title='bbox 1836 4484 1911 4556; x_wconf 78' lang='grc' dir='ltr'><strong>μὴ</strong></span> <span class='ocrx_word' id='word_1_402' title='bbox 1950 4482 2060 4556; x_wconf 88' lang='grc' dir='ltr'><strong>γὰρ</strong></span> 
     </span>
    </p>
   </div>
   <div class='ocr_carea' id='block_1_50' title="bbox 386 4570 2060 4647">
    <p class='ocr_par' dir='ltr' id='par_1_50' title="bbox 386 4570 2060 4647">
     <span class='ocr_line' id='line_1_51' title="bbox 386 4570 2060 4647; baseline -0.003 -18"><span class='ocrx_word' id='word_1_403' title='bbox 386 4576 646 4647; x_wconf 73' lang='grc' dir='ltr'><strong>ἐκίνησαν</strong></span> <span class='ocrx_word' id='word_1_404' title='bbox 674 4577 894 4642; x_wconf 86' lang='grc' dir='ltr'><strong>ἐκεῖνοι,</strong></span> <span class='ocrx_word' id='word_1_405' title='bbox 919 4574 1019 4627; x_wconf 78' lang='grc' dir='ltr'><strong>οὐκ</strong></span> <span class='ocrx_word' id='word_1_406' title='bbox 1038 4573 1104 4627; x_wconf 84' lang='grc' dir='ltr'><strong>ἂν</strong></span> <span class='ocrx_word' id='word_1_407' title='bbox 1136 4572 1310 4626; x_wconf 88' lang='grc' dir='ltr'><strong>ταῦτα</strong></span> <span class='ocrx_word' id='word_1_408' title='bbox 1336 4571 1551 4641; x_wconf 81' lang='grc' dir='ltr'><strong>ἐλέχθη,</strong></span> <span class='ocrx_word' id='word_1_409' title='bbox 1590 4571 1698 4625; x_wconf 82' lang='grc' dir='ltr'><strong>οὐδ’</strong></span> <span class='ocrx_word' id='word_1_410' title='bbox 1730 4571 1797 4626; x_wconf 81' lang='grc' dir='ltr'><strong>ἂν</strong></span> <span class='ocrx_word' id='word_1_411' title='bbox 1827 4570 1896 4625; x_wconf 85' lang='grc' dir='ltr'><strong>τά</strong></span> <span class='ocrx_word' id='word_1_412' title='bbox 1922 4571 2060 4642; x_wconf 88' lang='grc' dir='ltr'><strong>μετά</strong></span> 
     </span>
    </p>
   </div>
   <div class='ocr_carea' id='block_1_51' title="bbox 384 4659 2058 4732">
    <p class='ocr_par' dir='ltr' id='par_1_51' title="bbox 384 4659 2058 4732">
     <span class='ocr_line' id='line_1_52' title="bbox 384 4659 2058 4732; baseline -0.003 -16"><span class='ocrx_word' id='word_1_413' title='bbox 384 4662 580 4721; x_wconf 80' lang='grc' dir='ltr'><strong>ταῦτα.</strong></span> <span class='ocrx_word' id='word_1_414' title='bbox 623 4660 905 4719; x_wconf 81' lang='grc' dir='ltr'><strong>Ἐντεῦθεν</strong></span> <span class='ocrx_word' id='word_1_415' title='bbox 944 4659 1308 4732; x_wconf 85' lang='grc' dir='ltr'><strong>μανθάνουσιν</strong></span> <span class='ocrx_word' id='word_1_416' title='bbox 1329 4698 1344 4722; x_wconf 93' lang='grc'><strong>,</strong></span> <span class='ocrx_word' id='word_1_417' title='bbox 1394 4659 1477 4712; x_wconf 83' lang='grc' dir='ltr'><strong>ὅτι</strong></span> <span class='ocrx_word' id='word_1_418' title='bbox 1525 4660 1574 4711; x_wconf 84' lang='grc' dir='ltr'><strong>εί</strong></span> <span class='ocrx_word' id='word_1_419' title='bbox 1608 4659 1702 4712; x_wconf 74' lang='grc' dir='ltr'><strong>καὶ</strong></span> <span class='ocrx_word' id='word_1_420' title='bbox 1755 4659 1829 4731; x_wconf 85' lang='grc' dir='ltr'><strong>μὴ</strong></span> <span class='ocrx_word' id='word_1_421' title='bbox 1886 4675 2058 4730; x_wconf 91' lang='grc' dir='ltr'><strong>προσ-</strong></span> 
     </span>
    </p>
   </div>
   <div class='ocr_carea' id='block_1_52' title="bbox 384 4745 2058 4823">
    <p class='ocr_par' dir='ltr' id='par_1_52' title="bbox 384 4745 2058 4823">
     <span class='ocr_line' id='line_1_53' title="bbox 384 4745 2058 4823; baseline -0.004 -17"><span class='ocrx_word' id='word_1_422' title='bbox 384 4750 618 4818; x_wconf 78' lang='grc' dir='ltr'><strong>άγεσθαι</strong></span> <span class='ocrx_word' id='word_1_423' title='bbox 646 4749 838 4823; x_wconf 64' lang='grc' dir='ltr'><strong>ἦθελον</strong></span> <span class='ocrx_word' id='word_1_424' title='bbox 869 4748 937 4805; x_wconf 84' lang='grc' dir='ltr'><strong>τὰ</strong></span> <span class='ocrx_word' id='word_1_425' title='bbox 961 4747 1088 4820; x_wconf 76' lang='grc' dir='ltr'><strong>ἔθνη</strong></span> <span class='ocrx_word' id='word_1_426' title='bbox 1108 4788 1122 4813; x_wconf 92' lang='grc'><strong>,</strong></span> <span class='ocrx_word' id='word_1_427' title='bbox 1157 4747 1218 4801; x_wconf 81' lang='grc' dir='ltr'><strong>οὐ</strong></span> <span class='ocrx_word' id='word_1_428' title='bbox 1252 4746 1335 4799; x_wconf 88' lang='grc' dir='ltr'><strong>δεῖ</strong></span> <span class='ocrx_word' id='word_1_429' title='bbox 1360 4745 1561 4808; x_wconf 80' lang='grc' dir='ltr'><strong>αὐτοὺς</strong></span> <span class='ocrx_word' id='word_1_430' title='bbox 1603 4747 1870 4817; x_wconf 78' lang='grc' dir='ltr'><strong>παρορᾷν.</strong></span> <span class='ocrx_word' id='word_1_431' title='bbox 1919 4745 2058 4799; x_wconf 80' lang='grc' dir='ltr'><strong>Ἀλλ’</strong></span> 
     </span>
    </p>
   </div>
   <div class='ocr_carea' id='block_1_53' title="bbox 386 4831 2060 4907">
    <p class='ocr_par' dir='ltr' id='par_1_53' title="bbox 386 4831 2060 4907">
     <span class='ocr_line' id='line_1_54' title="bbox 386 4831 2060 4907; baseline -0.003 -16"><span class='ocrx_word' id='word_1_432' title='bbox 386 4835 586 4905; x_wconf 67' lang='grc' dir='ltr'><strong>[δῶμεν</strong></span> <span class='ocrx_word' id='word_1_433' title='bbox 634 4836 840 4890; x_wconf 82' lang='grc' dir='ltr'><strong>ἀνωθεν</strong></span> <span class='ocrx_word' id='word_1_434' title='bbox 878 4835 947 4893; x_wconf 85' lang='grc' dir='ltr'><strong>τά</strong></span> <span class='ocrx_word' id='word_1_435' title='bbox 980 4834 1264 4907; x_wconf 79' lang='grc' dir='ltr'><strong>εἰρημένα.</strong></span> <span class='ocrx_word' id='word_1_436' title='bbox 1308 4834 1411 4888; x_wconf 82' lang='grc' dir='ltr'><strong>Ἕν</strong></span> <span class='ocrx_word' id='word_1_437' title='bbox 1444 4831 1603 4902; x_wconf 83' lang='grc' dir='ltr'><strong>ὑμῖν,</strong></span> <span class='ocrx_word' id='word_1_438' title='bbox 1645 4833 1828 4902; x_wconf 80' lang='grc' dir='ltr'><strong>φησὶν,</strong></span> <span class='ocrx_word' id='word_1_439' title='bbox 1860 4831 2060 4897; x_wconf 78' lang='grc' dir='ltr'><strong>ἐξελέ-</strong></span> 
     </span>
    </p>
   </div>
   <div class='ocr_carea' id='block_1_54' title="bbox 385 4913 2059 4991">
    <p class='ocr_par' dir='ltr' id='par_1_54' title="bbox 385 4913 2059 4991">
     <span class='ocr_line' id='line_1_55' title="bbox 385 4913 2059 4991; baseline -0.004 -14"><span class='ocrx_word' id='word_1_440' title='bbox 385 4921 551 4989; x_wconf 76' lang='grc' dir='ltr'><strong>ξατο,</strong></span> <span class='ocrx_word' id='word_1_441' title='bbox 595 4922 694 4977; x_wconf 77' lang='grc' dir='ltr'><strong>καί</strong></span> <span class='ocrx_word' id='word_1_442' title='bbox 726 4922 828 4991; x_wconf 74' lang='grc' dir='ltr'><strong>ἀφ’</strong></span> <span class='ocrx_word' id='word_1_443' title='bbox 859 4919 1095 4991; x_wconf 75' lang='grc' dir='ltr'><strong>ἡμερῶν</strong></span> <span class='ocrx_word' id='word_1_444' title='bbox 1118 4922 1401 4991; x_wconf 80' lang='grc' dir='ltr'><strong>ἀρχαίων.</strong></span> <span class='ocrx_word' id='word_1_445' title='bbox 1444 4918 1618 4973; x_wconf 87' lang='grc' dir='ltr'><strong>Τοῦτο</strong></span> <span class='ocrx_word' id='word_1_446' title='bbox 1659 4913 1801 4985; x_wconf 80' lang='grc' dir='ltr'><strong>εἷπε,</strong></span> <span class='ocrx_word' id='word_1_447' title='bbox 1843 4916 2059 4981; x_wconf 87' lang='grc' dir='ltr'><strong>δεικνὺς</strong></span> 
     </span>
    </p>
   </div>
   <div class='ocr_carea' id='block_1_55' title="bbox 383 5007 2060 5079">
    <p class='ocr_par' dir='ltr' id='par_1_55' title="bbox 383 5007 2060 5079">
     <span class='ocr_line' id='line_1_56' title="bbox 383 5007 2060 5079; baseline -0.003 -14"><span class='ocrx_word' id='word_1_448' title='bbox 383 5010 468 5065; x_wconf 80' lang='grc' dir='ltr'><strong>ὅτι</strong></span> <span class='ocrx_word' id='word_1_449' title='bbox 500 5009 702 5075; x_wconf 75' lang='grc' dir='ltr'><strong>πάλαι,</strong></span> <span class='ocrx_word' id='word_1_450' title='bbox 729 5010 791 5067; x_wconf 76' lang='grc' dir='ltr'><strong>οὑ</strong></span> <span class='ocrx_word' id='word_1_451' title='bbox 829 5008 945 5064; x_wconf 82' lang='grc' dir='ltr'><strong>νῦν.</strong></span> <span class='ocrx_word' id='word_1_452' title='bbox 977 5009 1057 5065; x_wconf 87' lang='grc' dir='ltr'><strong>Ού.</strong></span> <span class='ocrx_word' id='word_1_453' title='bbox 1084 5009 1275 5079; x_wconf 76' lang='grc' dir='ltr'><strong>μικρὸν</strong></span> <span class='ocrx_word' id='word_1_454' title='bbox 1313 5009 1371 5065; x_wconf 86' lang='grc' dir='ltr'><strong>δὲ</strong></span> <span class='ocrx_word' id='word_1_455' title='bbox 1408 5008 1471 5063; x_wconf 82' lang='grc' dir='ltr'><strong>τὸ</strong></span> <span class='ocrx_word' id='word_1_456' title='bbox 1516 5009 1610 5063; x_wconf 76' lang='grc' dir='ltr'><strong>καὶ</strong></span> <span class='ocrx_word' id='word_1_457' title='bbox 1657 5007 1928 5062; x_wconf 88' lang='grc' dir='ltr'><strong>Ἰουδαίων</strong></span> <span class='ocrx_word' id='word_1_458' title='bbox 1969 5024 2060 5060; x_wconf 82' lang='grc' dir='ltr'><strong>πι-</strong></span> 
     </span>
    </p>
   </div>
   <div class='ocr_carea' id='block_1_56' title="bbox 388 5094 2058 5168">
    <p class='ocr_par' dir='ltr' id='par_1_56' title="bbox 388 5094 2058 5168">
     <span class='ocr_line' id='line_1_57' title="bbox 388 5094 2058 5168; baseline -0.003 -15"><span class='ocrx_word' id='word_1_459' title='bbox 388 5099 685 5153; x_wconf 85' lang='grc' dir='ltr'><strong>στευόντων</strong></span> <span class='ocrx_word' id='word_1_460' title='bbox 704 5097 867 5153; x_wconf 85' lang='grc' dir='ltr'><strong>τοῦτο</strong></span> <span class='ocrx_word' id='word_1_461' title='bbox 895 5097 1330 5168; x_wconf 81' lang='grc' dir='ltr'><strong>ἀποστραφῆναι.</strong></span> <span class='ocrx_word' id='word_1_462' title='bbox 1361 5097 1465 5153; x_wconf 87' lang='grc' dir='ltr'><strong>Δύο</strong></span> <span class='ocrx_word' id='word_1_463' title='bbox 1488 5095 1698 5160; x_wconf 79' lang='grc' dir='ltr'><strong>τούτοις</strong></span> <span class='ocrx_word' id='word_1_464' title='bbox 1733 5095 1763 5148; x_wconf 82' lang='grc' dir='ltr'><strong>δ</strong></span> <span class='ocrx_word' id='word_1_465' title='bbox 1796 5094 1944 5164; x_wconf 81' lang='grc' dir='ltr'><strong>λέγει</strong></span> <span class='ocrx_word' id='word_1_466' title='bbox 1969 5112 2058 5148; x_wconf 87' lang='grc' dir='ltr'><strong>πι-</strong></span> 
     </span>
    </p>
   </div>
   <div class='ocr_carea' id='block_1_57' title="bbox 386 5182 2056 5258">
    <p class='ocr_par' dir='ltr' id='par_1_57' title="bbox 386 5182 2056 5258">
     <span class='ocr_line' id='line_1_58' title="bbox 386 5182 2056 5258; baseline -0.002 -18"><span class='ocrx_word' id='word_1_467' title='bbox 386 5185 632 5255; x_wconf 78' lang='grc' dir='ltr'><strong>στοῦται,</strong></span> <span class='ocrx_word' id='word_1_468' title='bbox 660 5185 739 5258; x_wconf 83' lang='grc' dir='ltr'><strong>τῷ</strong></span> <span class='ocrx_word' id='word_1_469' title='bbox 766 5185 943 5258; x_wconf 88' lang='grc' dir='ltr'><strong>καιρῷ</strong></span> <span class='ocrx_word' id='word_1_470' title='bbox 969 5185 1064 5239; x_wconf 79' lang='grc' dir='ltr'><strong>καὶ</strong></span> <span class='ocrx_word' id='word_1_471' title='bbox 1086 5183 1164 5255; x_wconf 79' lang='grc' dir='ltr'><strong>τῷ</strong></span> <span class='ocrx_word' id='word_1_472' title='bbox 1185 5183 1354 5255; x_wconf 83' lang='grc' dir='ltr'><strong>τόπῳ.</strong></span> <span class='ocrx_word' id='word_1_473' title='bbox 1386 5185 1495 5238; x_wconf 84' lang='lat' dir='ltr'><strong>Kal</strong></span> <span class='ocrx_word' id='word_1_474' title='bbox 1539 5184 1621 5249; x_wconf 85' lang='grc' dir='ltr'><strong>τὸ,</strong></span> <span class='ocrx_word' id='word_1_475' title='bbox 1667 5182 2021 5249; x_wconf 75' lang='grc' dir='ltr'><strong>Ἑξελέξατο</strong></span> <span class='ocrx_word' id='word_1_476' title='bbox 2040 5221 2056 5247; x_wconf 89' lang='grc'><strong>,</strong></span> 
     </span>
    </p>
   </div>
   <div class='ocr_carea' id='block_1_58' title="bbox 386 5267 2056 5347">
    <p class='ocr_par' dir='ltr' id='par_1_58' title="bbox 386 5267 2056 5347">
     <span class='ocr_line' id='line_1_59' title="bbox 386 5267 2056 5347; baseline -0.004 -19"><span class='ocrx_word' id='word_1_477' title='bbox 386 5274 598 5341; x_wconf 81' lang='grc' dir='ltr'><strong>καλῶς’</strong></span> <span class='ocrx_word' id='word_1_478' title='bbox 642 5272 841 5347; x_wconf 78' lang='grc' dir='ltr'><strong>ῶσπερ</strong></span> <span class='ocrx_word' id='word_1_479' title='bbox 875 5273 963 5327; x_wconf 84' lang='grc' dir='ltr'><strong>ἐπ’</strong></span> <span class='ocrx_word' id='word_1_480' title='bbox 1005 5271 1185 5328; x_wconf 69' lang='grc' dir='ltr'><strong>αὐτῶν</strong></span> <span class='ocrx_word' id='word_1_481' title='bbox 1211 5271 1311 5324; x_wconf 84' lang='grc' dir='ltr'><strong>ούκ</strong></span> <span class='ocrx_word' id='word_1_482' title='bbox 1362 5267 1537 5336; x_wconf 75' lang='grc' dir='ltr'><strong>εἶπεν,</strong></span> <span class='ocrx_word' id='word_1_483' title='bbox 1575 5270 1890 5343; x_wconf 75' lang='grc' dir='ltr'><strong>Ἠθέλησεν,</strong></span> <span class='ocrx_word' id='word_1_484' title='bbox 1920 5270 2056 5334; x_wconf 85' lang='grc' dir='ltr'><strong>ἀλλ’,</strong></span> 
     </span>
    </p>
   </div>
   <div class='ocr_carea' id='block_1_59' title="bbox 397 5355 2057 5428">
    <p class='ocr_par' dir='ltr' id='par_1_59' title="bbox 397 5355 2057 5428">
     <span class='ocr_line' id='line_1_60' title="bbox 397 5355 2057 5428; baseline -0.004 -12"><span class='ocrx_word' id='word_1_485' title='bbox 397 5358 774 5427; x_wconf 71' lang='grc' dir='ltr'><strong>Ἐξελέεατο.</strong></span> <span class='ocrx_word' id='word_1_486' title='bbox 810 5360 982 5414; x_wconf 84' lang='grc' dir='ltr'><strong>Πόθεν</strong></span> <span class='ocrx_word' id='word_1_487' title='bbox 1014 5357 1178 5413; x_wconf 84' lang='grc' dir='ltr'><strong>τοῦτο</strong></span> <span class='ocrx_word' id='word_1_488' title='bbox 1195 5357 1393 5426; x_wconf 82' lang='grc' dir='ltr'><strong>δῆλον;</strong></span> <span class='ocrx_word' id='word_1_489' title='bbox 1437 5356 1570 5410; x_wconf 77' lang='grc' dir='ltr'><strong>Ἀπὸ</strong></span> <span class='ocrx_word' id='word_1_490' title='bbox 1594 5355 1690 5410; x_wconf 87' lang='grc' dir='ltr'><strong>τοῦ</strong></span> <span class='ocrx_word' id='word_1_491' title='bbox 1720 5356 2057 5428; x_wconf 87' lang='grc' dir='ltr'><strong>Πνεύματος,</strong></span> 
     </span>
    </p>
   </div>
   <div class='ocr_carea' id='block_1_60' title="bbox 384 5443 2059 5520">
    <p class='ocr_par' dir='ltr' id='par_1_60' title="bbox 384 5443 2059 5520">
     <span class='ocr_line' id='line_1_61' title="bbox 384 5443 2059 5520; baseline -0.004 -18"><span class='ocrx_word' id='word_1_492' title='bbox 384 5448 569 5520; x_wconf 81' lang='grc' dir='ltr'><strong>φησίν.</strong></span> <span class='ocrx_word' id='word_1_493' title='bbox 601 5443 739 5501; x_wconf 81' lang='grc' dir='ltr'><strong>Εἶτα</strong></span> <span class='ocrx_word' id='word_1_494' title='bbox 771 5446 1044 5501; x_wconf 78' lang='grc' dir='ltr'><strong>δείκνυσιν</strong></span> <span class='ocrx_word' id='word_1_495' title='bbox 1073 5445 1194 5515; x_wconf 76' lang='grc' dir='ltr'><strong>οὐχὶ</strong></span> <span class='ocrx_word' id='word_1_496' title='bbox 1219 5444 1441 5514; x_wconf 85' lang='grc' dir='ltr'><strong>χάριτος</strong></span> <span class='ocrx_word' id='word_1_497' title='bbox 1472 5444 1678 5509; x_wconf 77' lang='grc' dir='ltr'><strong>ἀπλῶς,</strong></span> <span class='ocrx_word' id='word_1_498' title='bbox 1705 5443 1821 5497; x_wconf 76' lang='grc' dir='ltr'><strong>ἀλλ’</strong></span> <span class='ocrx_word' id='word_1_499' title='bbox 1855 5443 2059 5514; x_wconf 79' lang='grc' dir='ltr'><strong>ἀρετῆς</strong></span> 
     </span>
    </p>
   </div>
   <div class='ocr_carea' id='block_1_61' title="bbox 389 5529 2058 5610">
    <p class='ocr_par' dir='ltr' id='par_1_61' title="bbox 389 5529 2058 5610">
     <span class='ocr_line' id='line_1_62' title="bbox 389 5529 2058 5610; baseline -0.004 -20"><span class='ocrx_word' id='word_1_500' title='bbox 389 5535 686 5610; x_wconf 80' lang='grc' dir='ltr'><strong>μαρτύριον</strong></span> <span class='ocrx_word' id='word_1_501' title='bbox 729 5533 916 5597; x_wconf 76' lang='grc' dir='ltr'><strong>αὐτοῖς</strong></span> <span class='ocrx_word' id='word_1_502' title='bbox 952 5532 1111 5588; x_wconf 81' lang='grc' dir='ltr'><strong>τοῦτο</strong></span> <span class='ocrx_word' id='word_1_503' title='bbox 1154 5530 1439 5601; x_wconf 80' lang='grc' dir='ltr'><strong>γινόμενον</strong></span> <span class='ocrx_word' id='word_1_504' title='bbox 1461 5571 1475 5595; x_wconf 93' lang='grc'><strong>,</strong></span> <span class='ocrx_word' id='word_1_505' title='bbox 1519 5529 1615 5583; x_wconf 77' lang='grc' dir='ltr'><strong>καὶ</strong></span> <span class='ocrx_word' id='word_1_506' title='bbox 1642 5530 1795 5583; x_wconf 83' lang='grc' dir='ltr'><strong>οὐδὲν</strong></span> <span class='ocrx_word' id='word_1_507' title='bbox 1836 5529 2058 5584; x_wconf 70' lang='grc' dir='ltr'><strong>ἔλαττον</strong></span> 
     </span>
    </p>
   </div>
   <div class='ocr_carea' id='block_1_62' title="bbox 386 5615 2057 5693">
    <p class='ocr_par' dir='ltr' id='par_1_62' title="bbox 386 5615 2057 5693">
     <span class='ocr_line' id='line_1_63' title="bbox 386 5615 2057 5693; baseline -0.004 -18"><span class='ocrx_word' id='word_1_508' title='bbox 386 5622 567 5687; x_wconf 80' lang='grc' dir='ltr'><strong>αὐτοῖς</strong></span> <span class='ocrx_word' id='word_1_509' title='bbox 611 5621 924 5693; x_wconf 78' lang='grc' dir='ltr'><strong>παρασχόν.</strong></span> <span class='ocrx_word' id='word_1_510' title='bbox 974 5619 1139 5673; x_wconf 74' lang='grc' dir='ltr'><strong>Οὐδὲν</strong></span> <span class='ocrx_word' id='word_1_511' title='bbox 1188 5618 1320 5689; x_wconf 83' lang='grc' dir='ltr'><strong>γὰρ,</strong></span> <span class='ocrx_word' id='word_1_512' title='bbox 1367 5617 1521 5687; x_wconf 66' lang='grc' dir='ltr'><strong>φησι,</strong></span> <span class='ocrx_word' id='word_1_513' title='bbox 1566 5615 1799 5686; x_wconf 84' lang='grc' dir='ltr'><strong>διέκρινε</strong></span> <span class='ocrx_word' id='word_1_514' title='bbox 1850 5616 2057 5686; x_wconf 80' lang='grc' dir='ltr'><strong>μεταξὺ</strong></span> 
     </span>
    </p>
   </div>
   <div class='ocr_carea' id='block_1_63' title="bbox 386 5701 2058 5777">
    <p class='ocr_par' dir='ltr' id='par_1_63' title="bbox 386 5701 2058 5777">
     <span class='ocr_line' id='line_1_64' title="bbox 386 5701 2058 5777; baseline -0.004 -14"><span class='ocrx_word' id='word_1_515' title='bbox 386 5707 544 5776; x_wconf 75' lang='grc' dir='ltr'><strong>ἡμῶν</strong></span> <span class='ocrx_word' id='word_1_516' title='bbox 565 5725 627 5762; x_wconf 88' lang='grc' dir='ltr'><strong>τε</strong></span> <span class='ocrx_word' id='word_1_517' title='bbox 651 5709 751 5762; x_wconf 75' lang='grc' dir='ltr'><strong>καὶ</strong></span> <span class='ocrx_word' id='word_1_518' title='bbox 778 5706 979 5761; x_wconf 80' lang='grc' dir='ltr'><strong>αὐτῶν.</strong></span> <span class='ocrx_word' id='word_1_519' title='bbox 1009 5706 1151 5777; x_wconf 81' lang='grc' dir='ltr'><strong>Ἀρα</strong></span> <span class='ocrx_word' id='word_1_520' title='bbox 1181 5703 1407 5776; x_wconf 84' lang='grc' dir='ltr'><strong>καρδίας</strong></span> <span class='ocrx_word' id='word_1_521' title='bbox 1444 5704 1525 5756; x_wconf 82' lang='grc' dir='ltr'><strong>δεῖ</strong></span> <span class='ocrx_word' id='word_1_522' title='bbox 1549 5701 1826 5771; x_wconf 70' lang='grc' dir='ltr'><strong>πανταχοῦ</strong></span> <span class='ocrx_word' id='word_1_523' title='bbox 1857 5701 2058 5771; x_wconf 74' lang='grc' dir='ltr'><strong>ζητεῖν.</strong></span> 
     </span>
    </p>
   </div>
   <div class='ocr_carea' id='block_1_64' title="bbox 386 5789 2060 5869">
    <p class='ocr_par' dir='ltr' id='par_1_64' title="bbox 386 5789 2060 5869">
     <span class='ocr_line' id='line_1_65' title="bbox 386 5789 2060 5869; baseline -0.004 -23"><span class='ocrx_word' id='word_1_524' title='bbox 386 5794 495 5848; x_wconf 86' lang='lat' dir='ltr'><strong>Kal</strong></span> <span class='ocrx_word' id='word_1_525' title='bbox 522 5796 799 5869; x_wconf 76' lang='grc' dir='ltr'><strong>εὐκαίρως</strong></span> <span class='ocrx_word' id='word_1_526' title='bbox 839 5791 1028 5848; x_wconf 79' lang='grc' dir='ltr'><strong>εἶπεν·</strong></span> <span class='ocrx_word' id='word_1_527' title='bbox 1072 5794 1135 5846; x_wconf 87' lang='lat'><strong>&#39;0</strong></span> <span class='ocrx_word' id='word_1_528' title='bbox 1174 5791 1658 5861; x_wconf 75' lang='grc' dir='ltr'><strong>καρδιογνώστης</strong></span> <span class='ocrx_word' id='word_1_529' title='bbox 1700 5789 1842 5854; x_wconf 83' lang='grc' dir='ltr'><strong>Θεὸς</strong></span> <span class='ocrx_word' id='word_1_530' title='bbox 1881 5789 2060 5857; x_wconf 85' lang='grc' dir='ltr'><strong>ἐμαρ-</strong></span> 
     </span>
    </p>
   </div>
   <div class='ocr_carea' id='block_1_65' title="bbox 447 5901 2056 5974">
    <p class='ocr_par' dir='ltr' id='par_1_65' title="bbox 447 5901 2056 5974">
     <span class='ocr_line' id='line_1_66' title="bbox 447 5901 2056 5974; baseline -0.009 -12"><span class='ocrx_word' id='word_1_531' title='bbox 447 5910 627 5974; x_wconf 63' lang='lat' dir='ltr'><strong>f&#39;Opa</strong></span> <span class='ocrx_word' id='word_1_532' title='bbox 643 5910 916 5974; x_wconf 68' lang='grc' dir='ltr'><strong>πῶςάθθει.</strong></span> <span class='ocrx_word' id='word_1_533' title='bbox 945 5908 1329 5974; x_wconf 64' lang='grc' dir='ltr'><strong>ἱιιιιιιίὺιιςόαῐη.</strong></span> <span class='ocrx_word' id='word_1_534' title='bbox 1399 5904 1426 5946; x_wconf 76' lang='grc'><strong>1³</strong></span> <span class='ocrx_word' id='word_1_535' title='bbox 1459 5906 1552 5955; x_wconf 74' lang='lat' dir='ltr'><strong>Alii</strong></span> <span class='ocrx_word' id='word_1_536' title='bbox 1578 5901 1726 5953; x_wconf 77' lang='grc' dir='ltr'><strong>ταῦτα</strong></span> <span class='ocrx_word' id='word_1_537' title='bbox 1755 5903 2056 5952; x_wconf 77' lang='grc' dir='ltr'><strong>παιδευτικὰ.</strong></span> 
     </span>
    </p>
   </div>
   <div class='ocr_carea' id='block_1_66' title="bbox 383 5970 884 6032">
    <p class='ocr_par' dir='ltr' id='par_1_66' title="bbox 383 5970 884 6032">
     <span class='ocr_line' id='line_1_67' title="bbox 383 5970 884 6032; baseline -0.006 -8"><span class='ocrx_word' id='word_1_538' title='bbox 383 5970 532 6027; x_wconf 75' lang='grc' dir='ltr'><strong>ταῦτα</strong></span> <span class='ocrx_word' id='word_1_539' title='bbox 552 5970 635 6023; x_wconf 71' lang='grc' dir='ltr'><strong>καὶ</strong></span> <span class='ocrx_word' id='word_1_540' title='bbox 658 5972 884 6032; x_wconf 74' lang='grc' dir='ltr'><strong>ἐκείνους.</strong></span> 
     </span>
    </p>
   </div>
   <div class='ocr_carea' id='block_1_67' title="bbox 2179 449 3856 534">
    <p class='ocr_par' dir='ltr' id='par_1_67' title="bbox 2179 449 3856 534">
     <span class='ocr_line' id='line_1_68' title="bbox 2179 449 3856 534; baseline 0.01 -32"><span class='ocrx_word' id='word_1_541' title='bbox 2179 449 2445 518; x_wconf 84' lang='grc' dir='ltr'><strong>τύρησεν</strong></span> <span class='ocrx_word' id='word_1_542' title='bbox 2473 450 2679 518; x_wconf 83' lang='grc' dir='ltr'><strong>αὐτοῖς</strong></span> <span class='ocrx_word' id='word_1_543' title='bbox 2705 468 2718 481; x_wconf 91' lang='grc'><strong>·</strong></span> <span class='ocrx_word' id='word_1_544' title='bbox 2748 450 2825 516; x_wconf 81' lang='grc' dir='ltr'><strong>ὡς</strong></span> <span class='ocrx_word' id='word_1_545' title='bbox 2859 453 2954 507; x_wconf 66' lang='grc' dir='ltr'><strong>καλ⁵</strong></span> <span class='ocrx_word' id='word_1_546' title='bbox 2978 455 3113 519; x_wconf 85' lang='grc' dir='ltr'><strong>ἐκεῖ,</strong></span> <span class='ocrx_word' id='word_1_547' title='bbox 3137 456 3243 521; x_wconf 79' lang='grc' dir='ltr'><strong>Σὺ,</strong></span> <span class='ocrx_word' id='word_1_548' title='bbox 3279 460 3476 527; x_wconf 55' lang='grc' dir='ltr'><strong>Κύριαι</strong></span> <span class='ocrx_word' id='word_1_549' title='bbox 3504 460 3856 534; x_wconf 64' lang='grc' dir='ltr'><strong>καρδῑογνῶι</strong></span> 
     </span>
    </p>
   </div>
   <div class='ocr_carea' id='block_1_68' title="bbox 2180 538 3856 624">
    <p class='ocr_par' dir='ltr' id='par_1_68' title="bbox 2180 538 3856 624">
     <span class='ocr_line' id='line_1_69' title="bbox 2180 538 3856 624; baseline 0.011 -34"><span class='ocrx_word' id='word_1_550' title='bbox 2180 550 2299 592; x_wconf 80' lang='grc' dir='ltr'><strong>στα</strong></span> <span class='ocrx_word' id='word_1_551' title='bbox 2324 538 2588 606; x_wconf 83' lang='grc' dir='ltr'><strong>πάντων,</strong></span> <span class='ocrx_word' id='word_1_552' title='bbox 2615 539 2957 606; x_wconf 78' lang='grc' dir='ltr'><strong>ἀνάδειξον.</strong></span> <span class='ocrx_word' id='word_1_553' title='bbox 2988 542 3110 597; x_wconf 88' lang='grc' dir='ltr'><strong>Ὅτι</strong></span> <span class='ocrx_word' id='word_1_554' title='bbox 3143 543 3252 616; x_wconf 84' lang='grc' dir='ltr'><strong>γάρ</strong></span> <span class='ocrx_word' id='word_1_555' title='bbox 3278 545 3728 616; x_wconf 74' lang='grc' dir='ltr'><strong>τοῦτοβούλεται,</strong></span> <span class='ocrx_word' id='word_1_556' title='bbox 3755 554 3856 624; x_wconf 73' lang='grc' dir='ltr'><strong>ὅρα</strong></span> 
     </span>
    </p>
   </div>
   <div class='ocr_carea' id='block_1_69' title="bbox 2182 625 3856 710">
    <p class='ocr_par' dir='ltr' id='par_1_69' title="bbox 2182 625 3856 710">
     <span class='ocr_line' id='line_1_70' title="bbox 2182 625 3856 710; baseline 0.011 -30"><span class='ocrx_word' id='word_1_557' title='bbox 2182 626 2237 681; x_wconf 78' lang='grc' dir='ltr'><strong>τί</strong></span> <span class='ocrx_word' id='word_1_558' title='bbox 2272 625 2427 702; x_wconf 73' lang='grc'>[250]</span> <span class='ocrx_word' id='word_1_559' title='bbox 2462 630 2690 700; x_wconf 87' lang='grc' dir='ltr'><strong>ἐπάγει·</strong></span> <span class='ocrx_word' id='word_1_560' title='bbox 2721 631 2805 685; x_wconf 79' lang='grc' dir='ltr'><strong>ὅτι</strong></span> <span class='ocrx_word' id='word_1_561' title='bbox 2829 630 3023 687; x_wconf 80' lang='grc' dir='ltr'><strong>Οὐδὲν</strong></span> <span class='ocrx_word' id='word_1_562' title='bbox 3052 632 3309 703; x_wconf 84' lang='grc' dir='ltr'><strong>διέκρινε</strong></span> <span class='ocrx_word' id='word_1_563' title='bbox 3337 638 3577 707; x_wconf 80' lang='grc' dir='ltr'><strong>μεταξὺ.</strong></span> <span class='ocrx_word' id='word_1_564' title='bbox 3596 641 3766 710; x_wconf 78' lang='grc' dir='ltr'><strong>ήμῶν</strong></span> <span class='ocrx_word' id='word_1_565' title='bbox 3792 661 3856 699; x_wconf 81' lang='grc' dir='ltr'><strong>τε</strong></span> 
     </span>
    </p>
   </div>
   <div class='ocr_carea' id='block_1_70' title="bbox 2182 714 3883 799">
    <p class='ocr_par' dir='ltr' id='par_1_70' title="bbox 2182 714 3883 799">
     <span class='ocr_line' id='line_1_71' title="bbox 2182 714 3883 799; baseline 0.005 -27"><span class='ocrx_word' id='word_1_566' title='bbox 2182 715 2282 772; x_wconf 74' lang='grc' dir='ltr'><strong>καὶ</strong></span> <span class='ocrx_word' id='word_1_567' title='bbox 2309 716 2528 774; x_wconf 88' lang='grc' dir='ltr'><strong>αὐτῶν.</strong></span> <span class='ocrx_word' id='word_1_568' title='bbox 2566 718 2697 774; x_wconf 85' lang='grc' dir='ltr'><strong>Ὅτε</strong></span> <span class='ocrx_word' id='word_1_569' title='bbox 2739 714 2893 775; x_wconf 80' lang='grc' dir='ltr'><strong>εἶπεν</strong></span> <span class='ocrx_word' id='word_1_570' title='bbox 2922 720 3103 774; x_wconf 86' lang='grc' dir='ltr'><strong>αύτῶν</strong></span> <span class='ocrx_word' id='word_1_571' title='bbox 3132 722 3231 792; x_wconf 74' lang='grc' dir='ltr'><strong>τὴν</strong></span> <span class='ocrx_word' id='word_1_572' title='bbox 3270 726 3612 799; x_wconf 70' lang='grc' dir='ltr'><strong>μαρτυρίαν,</strong></span> <span class='ocrx_word' id='word_1_573' title='bbox 3637 729 3766 782; x_wconf 74' lang='grc' dir='ltr'><strong>τότε</strong></span> <span class='ocrx_word' id='word_1_574' title='bbox 3792 730 3883 785; x_wconf 78' lang='grc' dir='ltr'><strong>τὸ.</strong></span> 
     </span>
    </p>
   </div>
   <div class='ocr_carea' id='block_1_71' title="bbox 2181 803 3857 886">
    <p class='ocr_par' dir='ltr' id='par_1_71' title="bbox 2181 803 3857 886">
     <span class='ocr_line' id='line_1_72' title="bbox 2181 803 3857 886; baseline 0.008 -27"><span class='ocrx_word' id='word_1_575' title='bbox 2181 803 2328 874; x_wconf 83' lang='grc' dir='ltr'><strong>μέγα</strong></span> <span class='ocrx_word' id='word_1_576' title='bbox 2359 805 2518 861; x_wconf 80' lang='grc' dir='ltr'><strong>τοῦτο</strong></span> <span class='ocrx_word' id='word_1_577' title='bbox 2539 807 2860 878; x_wconf 80' lang='grc' dir='ltr'><strong>ἐφθέγξατο,</strong></span> <span class='ocrx_word' id='word_1_578' title='bbox 2887 809 3026 879; x_wconf 83' lang='grc' dir='ltr'><strong>ὅπερ</strong></span> <span class='ocrx_word' id='word_1_579' title='bbox 3056 808 3267 875; x_wconf 89' lang='grc' dir='ltr'><strong>Παῦλός</strong></span> <span class='ocrx_word' id='word_1_580' title='bbox 3290 829 3488 882; x_wconf 80' lang='grc' dir='ltr'><strong>φησιν-ο</strong></span> <span class='ocrx_word' id='word_1_581' title='bbox 3523 816 3671 870; x_wconf 68' lang='grc' dir='ltr'><strong>οὔτε</strong></span> <span class='ocrx_word' id='word_1_582' title='bbox 3698 834 3857 886; x_wconf 76' lang='grc' dir='ltr'><strong>περι-</strong></span> 
     </span>
    </p>
   </div>
   <div class='ocr_carea' id='block_1_72' title="bbox 2177 892 3856 973">
    <p class='ocr_par' dir='ltr' id='par_1_72' title="bbox 2177 892 3856 973">
     <span class='ocr_line' id='line_1_73' title="bbox 2177 892 3856 973; baseline 0.008 -27"><span class='ocrx_word' id='word_1_583' title='bbox 2177 892 2329 962; x_wconf 80' lang='grc' dir='ltr'><strong>τομή</strong></span> <span class='ocrx_word' id='word_1_584' title='bbox 2380 911 2436 949; x_wconf 87' lang='grc' dir='ltr'><strong>τι</strong></span> <span class='ocrx_word' id='word_1_585' title='bbox 2484 896 2681 965; x_wconf 76' lang='grc' dir='ltr'><strong>ἰσχύει</strong></span> <span class='ocrx_word' id='word_1_586' title='bbox 2702 935 2717 962; x_wconf 89' lang='grc'><strong>,</strong></span> <span class='ocrx_word' id='word_1_587' title='bbox 2760 897 2900 951; x_wconf 82' lang='grc' dir='ltr'><strong>οὔτε</strong></span> <span class='ocrx_word' id='word_1_588' title='bbox 2934 898 3306 967; x_wconf 80' lang='grc' dir='ltr'><strong>ἀκροϐυστία</strong></span> <span class='ocrx_word' id='word_1_589' title='bbox 3327 916 3342 932; x_wconf 79' lang='grc' dir='ltr'><strong>ο</strong></span> <span class='ocrx_word' id='word_1_590' title='bbox 3399 902 3669 966; x_wconf 76' lang='grc' dir='ltr'><strong>καὶ,.”1να</strong></span> <span class='ocrx_word' id='word_1_591' title='bbox 3711 906 3856 973; x_wconf 85' lang='grc' dir='ltr'><strong>τοὺς</strong></span> 
     </span>
    </p>
   </div>
   <div class='ocr_carea' id='block_1_73' title="bbox 2177 980 3854 1065">
    <p class='ocr_par' dir='ltr' id='par_1_73' title="bbox 2177 980 3854 1065">
     <span class='ocr_line' id='line_1_74' title="bbox 2177 980 3854 1065; baseline 0.009 -30"><span class='ocrx_word' id='word_1_592' title='bbox 2177 980 2288 1035; x_wconf 87' lang='grc' dir='ltr'><strong>δύο</strong></span> <span class='ocrx_word' id='word_1_593' title='bbox 2315 983 2495 1053; x_wconf 81' lang='grc' dir='ltr'><strong>κτίσῃ</strong></span> <span class='ocrx_word' id='word_1_594' title='bbox 2520 984 2590 1038; x_wconf 76' lang='grc' dir='ltr'><strong>ἐν</strong></span> <span class='ocrx_word' id='word_1_595' title='bbox 2618 985 2832 1053; x_wconf 77' lang='grc' dir='ltr'><strong>ἐαυτῷ.</strong></span> <span class='ocrx_word' id='word_1_596' title='bbox 2866 986 3089 1043; x_wconf 85' lang='grc' dir='ltr'><strong>ΙΙάντων</strong></span> <span class='ocrx_word' id='word_1_597' title='bbox 3129 988 3336 1043; x_wconf 85' lang='grc' dir='ltr'><strong>τούτων</strong></span> <span class='ocrx_word' id='word_1_598' title='bbox 3366 990 3435 1044; x_wconf 79' lang='grc' dir='ltr'><strong>τὰ</strong></span> <span class='ocrx_word' id='word_1_599' title='bbox 3478 993 3768 1065; x_wconf 72' lang='grc' dir='ltr'><strong>σπέρματα</strong></span> <span class='ocrx_word' id='word_1_600' title='bbox 3796 999 3854 1050; x_wconf 80' lang='grc' dir='ltr'><strong>ἐν</strong></span> 
     </span>
    </p>
   </div>
   <div class='ocr_carea' id='block_1_74' title="bbox 2177 1069 3855 1145">
    <p class='ocr_par' dir='ltr' id='par_1_74' title="bbox 2177 1069 3855 1145">
     <span class='ocr_line' id='line_1_75' title="bbox 2177 1069 3855 1145; baseline 0.009 -24"><span class='ocrx_word' id='word_1_601' title='bbox 2177 1071 2244 1141; x_wconf 74' lang='grc' dir='ltr'><strong>τῇ</strong></span> <span class='ocrx_word' id='word_1_602' title='bbox 2292 1069 2500 1141; x_wconf 82' lang='grc' dir='ltr'><strong>Πέτρου</strong></span> <span class='ocrx_word' id='word_1_603' title='bbox 2537 1070 2852 1145; x_wconf 75' lang='grc' dir='ltr'><strong>δημηγορίᾳ</strong></span> <span class='ocrx_word' id='word_1_604' title='bbox 2903 1077 3101 1129; x_wconf 88' lang='grc' dir='ltr'><strong>κεῖται.</strong></span> <span class='ocrx_word' id='word_1_605' title='bbox 3150 1076 3262 1130; x_wconf 88' lang='lat' dir='ltr'><strong>Kal</strong></span> <span class='ocrx_word' id='word_1_606' title='bbox 3306 1077 3407 1131; x_wconf 81' lang='grc' dir='ltr'><strong>οὐκ</strong></span> <span class='ocrx_word' id='word_1_607' title='bbox 3429 1073 3600 1141; x_wconf 62' lang='grc' dir='ltr'><strong>εἷπε.-</strong></span> <span class='ocrx_word' id='word_1_608' title='bbox 3626 1081 3747 1134; x_wconf 87' lang='grc' dir='ltr'><strong>Τῶν</strong></span> <span class='ocrx_word' id='word_1_609' title='bbox 3789 1084 3855 1137; x_wconf 83' lang='grc' dir='ltr'><strong>ἐκ</strong></span> 
     </span>
    </p>
   </div>
   <div class='ocr_carea' id='block_1_75' title="bbox 2178 1152 3857 1232">
    <p class='ocr_par' dir='ltr' id='par_1_75' title="bbox 2178 1152 3857 1232">
     <span class='ocr_line' id='line_1_76' title="bbox 2178 1152 3857 1232; baseline 0.01 -23"><span class='ocrx_word' id='word_1_610' title='bbox 2178 1152 2481 1229; x_wconf 78' lang='grc' dir='ltr'><strong>περιτομῆς</strong></span> <span class='ocrx_word' id='word_1_611' title='bbox 2501 1198 2516 1222; x_wconf 90' lang='grc'><strong>,</strong></span> <span class='ocrx_word' id='word_1_612' title='bbox 2553 1157 2724 1223; x_wconf 84' lang='grc' dir='ltr'><strong>ἀλλά,</strong></span> <span class='ocrx_word' id='word_1_613' title='bbox 2756 1161 2998 1225; x_wconf 76' lang='grc' dir='ltr'><strong>Μεταξὺ</strong></span> <span class='ocrx_word' id='word_1_614' title='bbox 3030 1160 3220 1232; x_wconf 74' lang='grc' dir='ltr'><strong>ἡμῶν,</strong></span> <span class='ocrx_word' id='word_1_615' title='bbox 3256 1165 3533 1231; x_wconf 78' lang='grc' dir='ltr'><strong>τουτέστι,</strong></span> <span class='ocrx_word' id='word_1_616' title='bbox 3570 1168 3680 1223; x_wconf 90' lang='grc' dir='ltr'><strong>τῶν</strong></span> <span class='ocrx_word' id='word_1_617' title='bbox 3721 1172 3857 1226; x_wconf 81' lang='grc' dir='ltr'><strong>ἀπο-</strong></span> 
     </span>
    </p>
   </div>
   <div class='ocr_carea' id='block_1_76' title="bbox 2178 1241 3857 1322">
    <p class='ocr_par' dir='ltr' id='par_1_76' title="bbox 2178 1241 3857 1322">
     <span class='ocr_line' id='line_1_77' title="bbox 2178 1241 3857 1322; baseline 0.01 -26"><span class='ocrx_word' id='word_1_618' title='bbox 2178 1243 2402 1298; x_wconf 86' lang='grc' dir='ltr'><strong>στόλων.</strong></span> <span class='ocrx_word' id='word_1_619' title='bbox 2436 1241 2589 1310; x_wconf 81' lang='grc' dir='ltr'><strong>Εἷτα,</strong></span> <span class='ocrx_word' id='word_1_620' title='bbox 2627 1245 2715 1301; x_wconf 78' lang='grc' dir='ltr'><strong>ἵνα</strong></span> <span class='ocrx_word' id='word_1_621' title='bbox 2753 1247 2829 1318; x_wconf 81' lang='grc' dir='ltr'><strong>μὴ</strong></span> <span class='ocrx_word' id='word_1_622' title='bbox 2861 1248 2989 1320; x_wconf 79' lang='grc' dir='ltr'><strong>δόξῃ</strong></span> <span class='ocrx_word' id='word_1_623' title='bbox 3020 1247 3179 1321; x_wconf 75' lang='grc' dir='ltr'><strong>ὕϐρις</strong></span> <span class='ocrx_word' id='word_1_624' title='bbox 3212 1247 3354 1307; x_wconf 81' lang='grc' dir='ltr'><strong>εῖναι</strong></span> <span class='ocrx_word' id='word_1_625' title='bbox 3392 1253 3455 1307; x_wconf 78' lang='grc' dir='ltr'><strong>τὸ</strong></span> <span class='ocrx_word' id='word_1_626' title='bbox 3497 1255 3723 1322; x_wconf 75' lang='grc' dir='ltr'><strong>Οὐδὲνι,</strong></span> <span class='ocrx_word' id='word_1_627' title='bbox 3754 1261 3857 1312; x_wconf 86' lang='grc' dir='ltr'><strong>ἐπ-</strong></span> 
     </span>
    </p>
   </div>
   <div class='ocr_carea' id='block_1_77' title="bbox 2179 1331 3855 1410">
    <p class='ocr_par' dir='ltr' id='par_1_77' title="bbox 2179 1331 3855 1410">
     <span class='ocr_line' id='line_1_78' title="bbox 2179 1331 3855 1410; baseline 0.01 -25"><span class='ocrx_word' id='word_1_628' title='bbox 2179 1331 2334 1399; x_wconf 85' lang='grc' dir='ltr'><strong>άγει·</strong></span> <span class='ocrx_word' id='word_1_629' title='bbox 2396 1334 2604 1388; x_wconf 86' lang='grc' dir='ltr'><strong>Πίστει</strong></span> <span class='ocrx_word' id='word_1_630' title='bbox 2640 1337 2974 1404; x_wconf 82' lang='grc' dir='ltr'><strong>καθαρίσας</strong></span> <span class='ocrx_word' id='word_1_631' title='bbox 3035 1338 3144 1406; x_wconf 88' lang='grc' dir='ltr'><strong>τὰς</strong></span> <span class='ocrx_word' id='word_1_632' title='bbox 3192 1340 3442 1410; x_wconf 80' lang='grc' dir='ltr'><strong>καρδίας</strong></span> <span class='ocrx_word' id='word_1_633' title='bbox 3486 1343 3706 1399; x_wconf 45' lang='grc' dir='ltr'><strong>αὐτῶνθ</strong></span> <span class='ocrx_word' id='word_1_634' title='bbox 3745 1347 3855 1404; x_wconf 80' lang='lat' dir='ltr'><strong>Kal</strong></span> 
     </span>
    </p>
   </div>
   <div class='ocr_carea' id='block_1_78' title="bbox 2176 1421 3854 1505">
    <p class='ocr_par' dir='ltr' id='par_1_78' title="bbox 2176 1421 3854 1505">
     <span class='ocr_line' id='line_1_79' title="bbox 2176 1421 3854 1505; baseline 0.008 -32"><span class='ocrx_word' id='word_1_635' title='bbox 2176 1422 2391 1493; x_wconf 89' lang='grc' dir='ltr'><strong>ἀναιρεῖ</strong></span> <span class='ocrx_word' id='word_1_636' title='bbox 2419 1422 2519 1494; x_wconf 81' lang='grc' dir='ltr'><strong>τὴν</strong></span> <span class='ocrx_word' id='word_1_637' title='bbox 2561 1421 2816 1478; x_wconf 79' lang='grc' dir='ltr'><strong>ὑπόνοιαν</strong></span> <span class='ocrx_word' id='word_1_638' title='bbox 2855 1423 2943 1477; x_wconf 89' lang='grc' dir='ltr'><strong>διά</strong></span> <span class='ocrx_word' id='word_1_639' title='bbox 2977 1424 3192 1483; x_wconf 89' lang='grc' dir='ltr'><strong>τούτου.</strong></span> <span class='ocrx_word' id='word_1_640' title='bbox 3234 1428 3564 1503; x_wconf 82' lang='grc' dir='ltr'><strong>Ἐξεκάθαρε</strong></span> <span class='ocrx_word' id='word_1_641' title='bbox 3591 1433 3854 1505; x_wconf 75' lang='grc' dir='ltr'><strong>πρότερον</strong></span> 
     </span>
    </p>
   </div>
   <div class='ocr_carea' id='block_1_79' title="bbox 2174 1508 3848 1591">
    <p class='ocr_par' dir='ltr' id='par_1_79' title="bbox 2174 1508 3848 1591">
     <span class='ocr_line' id='line_1_80' title="bbox 2174 1508 3848 1591; baseline 0.008 -30"><span class='ocrx_word' id='word_1_642' title='bbox 2174 1508 2267 1562; x_wconf 84' lang='grc' dir='ltr'><strong>τὸν</strong></span> <span class='ocrx_word' id='word_1_643' title='bbox 2310 1509 2488 1578; x_wconf 89' lang='grc' dir='ltr'><strong>λόγον,</strong></span> <span class='ocrx_word' id='word_1_644' title='bbox 2520 1511 2616 1565; x_wconf 77' lang='grc' dir='ltr'><strong>καὶ</strong></span> <span class='ocrx_word' id='word_1_645' title='bbox 2650 1510 2772 1565; x_wconf 88' lang='grc' dir='ltr'><strong>τότε</strong></span> <span class='ocrx_word' id='word_1_646' title='bbox 2813 1512 3087 1567; x_wconf 85' lang='grc' dir='ltr'><strong>δείκνυσιν</strong></span> <span class='ocrx_word' id='word_1_647' title='bbox 3113 1514 3234 1586; x_wconf 77' lang='grc' dir='ltr'><strong>οὐχὶ</strong></span> <span class='ocrx_word' id='word_1_648' title='bbox 3266 1518 3503 1589; x_wconf 82' lang='grc' dir='ltr'><strong>πονηρὸν</strong></span> <span class='ocrx_word' id='word_1_649' title='bbox 3532 1519 3623 1573; x_wconf 80' lang='grc' dir='ltr'><strong>τὸν</strong></span> <span class='ocrx_word' id='word_1_650' title='bbox 3663 1520 3848 1591; x_wconf 74' lang='grc' dir='ltr'><strong>νόμον,</strong></span> 
     </span>
    </p>
   </div>
   <div class='ocr_carea' id='block_1_80' title="bbox 2175 1596 2816 1663">
    <p class='ocr_par' dir='ltr' id='par_1_80' title="bbox 2175 1596 2816 1663">
     <span class='ocr_line' id='line_1_81' title="bbox 2175 1596 2816 1663; baseline 0.008 -14"><span class='ocrx_word' id='word_1_651' title='bbox 2175 1596 2290 1650; x_wconf 83' lang='grc' dir='ltr'><strong>ἀλλ’</strong></span> <span class='ocrx_word' id='word_1_652' title='bbox 2319 1598 2516 1662; x_wconf 81' lang='grc' dir='ltr'><strong>αὐτοὺς</strong></span> <span class='ocrx_word' id='word_1_653' title='bbox 2547 1598 2816 1663; x_wconf 87' lang='grc' dir='ltr'><strong>ἀσθενεῖς.</strong></span> 
     </span>
    </p>
   </div>
   <div class='ocr_carea' id='block_1_81' title="bbox 2247 1684 3846 1762">
    <p class='ocr_par' dir='ltr' id='par_1_81' title="bbox 2247 1684 3846 1762">
     <span class='ocr_line' id='line_1_82' title="bbox 2247 1684 3846 1762; baseline 0.008 -24"><span class='ocrx_word' id='word_1_654' title='bbox 2247 1684 2313 1755; x_wconf 91' lang='grc' dir='ltr'><strong>β’.</strong></span> <span class='ocrx_word' id='word_1_655' title='bbox 2348 1685 2495 1756; x_wconf 80' lang='grc' dir='ltr'><strong>Ὅρα</strong></span> <span class='ocrx_word' id='word_1_656' title='bbox 2533 1686 2649 1750; x_wconf 89' lang='grc' dir='ltr'><strong>πῶς</strong></span> <span class='ocrx_word' id='word_1_657' title='bbox 2688 1690 2772 1751; x_wconf 85' lang='grc' dir='ltr'><strong>είς</strong></span> <span class='ocrx_word' id='word_1_658' title='bbox 2811 1688 3042 1761; x_wconf 80' lang='grc' dir='ltr'><strong>φοϐερὸν</strong></span> <span class='ocrx_word' id='word_1_659' title='bbox 3074 1691 3386 1762; x_wconf 77' lang='grc' dir='ltr'><strong>κατέληξεν.</strong></span> <span class='ocrx_word' id='word_1_660' title='bbox 3416 1693 3584 1748; x_wconf 85' lang='grc' dir='ltr'><strong>Ούδέν</strong></span> <span class='ocrx_word' id='word_1_661' title='bbox 3612 1695 3846 1750; x_wconf 44' lang='lat' dir='ltr'><strong>amre?»</strong></span> 
     </span>
    </p>
   </div>
   <div class='ocr_carea' id='block_1_82' title="bbox 2178 1772 3859 1851">
    <p class='ocr_par' dir='ltr' id='par_1_82' title="bbox 2178 1772 3859 1851">
     <span class='ocr_line' id='line_1_83' title="bbox 2178 1772 3859 1851; baseline 0.007 -28"><span class='ocrx_word' id='word_1_662' title='bbox 2178 1772 2470 1842; x_wconf 76' lang='grc' dir='ltr'><strong>προφητῶν</strong></span> <span class='ocrx_word' id='word_1_663' title='bbox 2523 1774 2706 1839; x_wconf 76' lang='grc' dir='ltr'><strong>αὐτοῖς</strong></span> <span class='ocrx_word' id='word_1_664' title='bbox 2756 1775 3083 1845; x_wconf 79' lang='grc' dir='ltr'><strong>διαλέγεται,</strong></span> <span class='ocrx_word' id='word_1_665' title='bbox 3130 1778 3247 1833; x_wconf 82' lang='grc' dir='ltr'><strong>ἀλλ’</strong></span> <span class='ocrx_word' id='word_1_666' title='bbox 3275 1779 3383 1833; x_wconf 79' lang='grc' dir='ltr'><strong>ἀπὸ</strong></span> <span class='ocrx_word' id='word_1_667' title='bbox 3415 1780 3525 1833; x_wconf 92' lang='grc' dir='ltr'><strong>τῶν</strong></span> <span class='ocrx_word' id='word_1_668' title='bbox 3564 1781 3859 1851; x_wconf 75' lang='grc' dir='ltr'><strong>παρόντων,</strong></span> 
     </span>
    </p>
   </div>
   <div class='ocr_carea' id='block_1_83' title="bbox 2176 1855 3852 1937">
    <p class='ocr_par' dir='ltr' id='par_1_83' title="bbox 2176 1855 3852 1937">
     <span class='ocr_line' id='line_1_84' title="bbox 2176 1855 3852 1937; baseline 0.007 -26"><span class='ocrx_word' id='word_1_669' title='bbox 2176 1860 2538 1929; x_wconf 86' lang='grc' dir='ltr'><strong>πραγμάτων,</strong></span> <span class='ocrx_word' id='word_1_670' title='bbox 2562 1855 2640 1915; x_wconf 84' lang='grc' dir='ltr'><strong>ὦν</strong></span> <span class='ocrx_word' id='word_1_671' title='bbox 2662 1864 2815 1917; x_wconf 80' lang='grc' dir='ltr'><strong>αὐτοὶ</strong></span> <span class='ocrx_word' id='word_1_672' title='bbox 2842 1865 3121 1937; x_wconf 86' lang='grc' dir='ltr'><strong>μάρτυρες</strong></span> <span class='ocrx_word' id='word_1_673' title='bbox 3141 1861 3301 1937; x_wconf 76' lang='grc' dir='ltr'><strong>ἦσαν.</strong></span> <span class='ocrx_word' id='word_1_674' title='bbox 3327 1867 3567 1931; x_wconf 81' lang='grc' dir='ltr'><strong>Εἰκότως</strong></span> <span class='ocrx_word' id='word_1_675' title='bbox 3583 1869 3677 1922; x_wconf 80' lang='grc' dir='ltr'><strong>καὶ</strong></span> <span class='ocrx_word' id='word_1_676' title='bbox 3696 1869 3852 1923; x_wconf 74' lang='grc' dir='ltr'><strong>αὐτοὶ</strong></span> 
     </span>
    </p>
   </div>
   <div class='ocr_carea' id='block_1_84' title="bbox 2172 1945 3861 2027">
    <p class='ocr_par' dir='ltr' id='par_1_84' title="bbox 2172 1945 3861 2027">
     <span class='ocr_line' id='line_1_85' title="bbox 2172 1945 3861 2027; baseline 0.007 -29"><span class='ocrx_word' id='word_1_677' title='bbox 2172 1945 2359 1999; x_wconf 85' lang='grc' dir='ltr'><strong>λοιπὸν</strong></span> <span class='ocrx_word' id='word_1_678' title='bbox 2433 1948 2904 2024; x_wconf 81' lang='grc' dir='ltr'><strong>ἐπιμαρτυροῦσι,</strong></span> <span class='ocrx_word' id='word_1_679' title='bbox 2970 1953 3063 2006; x_wconf 80' lang='grc' dir='ltr'><strong>καὶ</strong></span> <span class='ocrx_word' id='word_1_680' title='bbox 3119 1952 3212 2007; x_wconf 83' lang='grc' dir='ltr'><strong>τὸν</strong></span> <span class='ocrx_word' id='word_1_681' title='bbox 3274 1953 3433 2022; x_wconf 81' lang='grc' dir='ltr'><strong>λόγον</strong></span> <span class='ocrx_word' id='word_1_682' title='bbox 3500 1956 3861 2027; x_wconf 72' lang='grc' dir='ltr'><strong>ἰσχυρότερον.</strong></span> 
     </span>
    </p>
   </div>
   <div class='ocr_carea' id='block_1_85' title="bbox 2174 2033 3863 2116">
    <p class='ocr_par' dir='ltr' id='par_1_85' title="bbox 2174 2033 3863 2116">
     <span class='ocr_line' id='line_1_86' title="bbox 2174 2033 3863 2116; baseline 0.008 -31"><span class='ocrx_word' id='word_1_683' title='bbox 2174 2033 2386 2086; x_wconf 81' lang='grc' dir='ltr'><strong>ποιοῦσι</strong></span> <span class='ocrx_word' id='word_1_684' title='bbox 2409 2038 2521 2100; x_wconf 90' lang='grc' dir='ltr'><strong>τοῖς</strong></span> <span class='ocrx_word' id='word_1_685' title='bbox 2561 2036 2660 2108; x_wconf 75' lang='grc' dir='ltr'><strong>ήδη</strong></span> <span class='ocrx_word' id='word_1_686' title='bbox 2687 2039 3020 2109; x_wconf 84' lang='grc' dir='ltr'><strong>γενομένοις.</strong></span> <span class='ocrx_word' id='word_1_687' title='bbox 3057 2042 3166 2095; x_wconf 80' lang='grc' dir='ltr'><strong>Καὶ</strong></span> <span class='ocrx_word' id='word_1_688' title='bbox 3191 2043 3315 2113; x_wconf 82' lang='grc' dir='ltr'><strong>ὅρα,</strong></span> <span class='ocrx_word' id='word_1_689' title='bbox 3342 2045 3401 2095; x_wconf 88' lang='grc' dir='ltr'><strong>ἐν</strong></span> <span class='ocrx_word' id='word_1_690' title='bbox 3446 2046 3514 2115; x_wconf 75' lang='grc' dir='ltr'><strong>τῇ</strong></span> <span class='ocrx_word' id='word_1_691' title='bbox 3550 2043 3863 2116; x_wconf 65' lang='grc' dir='ltr'><strong>ἘκκλησίᾴΔ</strong></span> 
     </span>
    </p>
   </div>
   <div class='ocr_carea' id='block_1_86' title="bbox 2175 2123 3866 2198">
    <p class='ocr_par' dir='ltr' id='par_1_86' title="bbox 2175 2123 3866 2198">
     <span class='ocr_line' id='line_1_87' title="bbox 2175 2123 3866 2198; baseline 0.007 -25"><span class='ocrx_word' id='word_1_692' title='bbox 2175 2124 2451 2193; x_wconf 85' lang='grc' dir='ltr'><strong>συγχωρεῖ</strong></span> <span class='ocrx_word' id='word_1_693' title='bbox 2495 2123 2709 2195; x_wconf 90' lang='grc' dir='ltr'><strong>πρῶτον</strong></span> <span class='ocrx_word' id='word_1_694' title='bbox 2760 2124 2990 2196; x_wconf 77' lang='grc' dir='ltr'><strong>ζήτησιν</strong></span> <span class='ocrx_word' id='word_1_695' title='bbox 3040 2129 3332 2196; x_wconf 84' lang='grc' dir='ltr'><strong>γενέσθαι,</strong></span> <span class='ocrx_word' id='word_1_696' title='bbox 3368 2130 3461 2183; x_wconf 79' lang='grc' dir='ltr'><strong>καὶ</strong></span> <span class='ocrx_word' id='word_1_697' title='bbox 3504 2130 3627 2183; x_wconf 88' lang='grc' dir='ltr'><strong>τότε</strong></span> <span class='ocrx_word' id='word_1_698' title='bbox 3673 2129 3866 2198; x_wconf 84' lang='grc' dir='ltr'><strong>λέγει..</strong></span> 
     </span>
    </p>
   </div>
   <div class='ocr_carea' id='block_1_87' title="bbox 2186 2206 3953 2289">
    <p class='ocr_par' dir='ltr' id='par_1_87' title="bbox 2186 2206 3953 2289">
     <span class='ocr_line' id='line_1_88' title="bbox 2186 2206 3953 2289; baseline 0.005 -27"><span class='ocrx_word' id='word_1_699' title='bbox 2186 2209 2339 2262; x_wconf 73' lang='grc' dir='ltr'><strong>Ἐπεὶ</strong></span> <span class='ocrx_word' id='word_1_700' title='bbox 2380 2206 2476 2265; x_wconf 80' lang='grc' dir='ltr'><strong>οὖν</strong></span> <span class='ocrx_word' id='word_1_701' title='bbox 2527 2211 2626 2266; x_wconf 79' lang='grc' dir='ltr'><strong>οὐκ</strong></span> <span class='ocrx_word' id='word_1_702' title='bbox 2662 2208 2803 2279; x_wconf 77' lang='grc' dir='ltr'><strong>εἶπε,</strong></span> <span class='ocrx_word' id='word_1_703' title='bbox 2859 2212 2987 2268; x_wconf 89' lang='grc' dir='ltr'><strong>Τῶν’</strong></span> <span class='ocrx_word' id='word_1_704' title='bbox 3032 2216 3098 2269; x_wconf 89' lang='grc' dir='ltr'><strong>ἐκ</strong></span> <span class='ocrx_word' id='word_1_705' title='bbox 3146 2217 3472 2287; x_wconf 73' lang='grc' dir='ltr'><strong>περιτομῆς,</strong></span> <span class='ocrx_word' id='word_1_706' title='bbox 3530 2218 3689 2285; x_wconf 83' lang='grc' dir='ltr'><strong>ἀλλά,</strong></span> <span class='ocrx_word' id='word_1_707' title='bbox 3728 2217 3870 2271; x_wconf 83' lang='grc' dir='ltr'><strong>Τῶν-</strong></span> <span class='ocrx_word' id='word_1_708' title='bbox 3918 2256 3953 2289; x_wconf 71' lang='grc'>,</span> 
     </span>
    </p>
   </div>
   <div class='ocr_carea' id='block_1_88' title="bbox 2173 2294 3850 2373">
    <p class='ocr_par' dir='ltr' id='par_1_88' title="bbox 2173 2294 3850 2373">
     <span class='ocr_line' id='line_1_89' title="bbox 2173 2294 3850 2373; baseline 0.006 -25"><span class='ocrx_word' id='word_1_709' title='bbox 2173 2294 2343 2349; x_wconf 86' lang='grc' dir='ltr'><strong>ἐθνῶν</strong></span> <span class='ocrx_word' id='word_1_710' title='bbox 2396 2296 2416 2365; x_wconf 87' lang='grc'>(</span> <span class='ocrx_word' id='word_1_711' title='bbox 2435 2298 2593 2352; x_wconf 83' lang='grc' dir='ltr'><strong>τοῦτο</strong></span> <span class='ocrx_word' id='word_1_712' title='bbox 2624 2299 2733 2372; x_wconf 80' lang='grc' dir='ltr'><strong>γὰρ</strong></span> <span class='ocrx_word' id='word_1_713' title='bbox 2795 2300 2938 2355; x_wconf 86' lang='grc' dir='ltr'><strong>κατά</strong></span> <span class='ocrx_word' id='word_1_714' title='bbox 2995 2302 3191 2373; x_wconf 81' lang='grc' dir='ltr'><strong>μικρὸν</strong></span> <span class='ocrx_word' id='word_1_715' title='bbox 3244 2304 3584 2372; x_wconf 84' lang='grc' dir='ltr'><strong>ἐπαγόμενον</strong></span> <span class='ocrx_word' id='word_1_716' title='bbox 3639 2305 3850 2373; x_wconf 80' lang='grc' dir='ltr'><strong>ἐγίνετο</strong></span> 
     </span>
    </p>
   </div>
   <div class='ocr_carea' id='block_1_89' title="bbox 2177 2385 3849 2461">
    <p class='ocr_par' dir='ltr' id='par_1_89' title="bbox 2177 2385 3849 2461">
     <span class='ocr_line' id='line_1_90' title="bbox 2177 2385 3849 2461; baseline 0.004 -24"><span class='ocrx_word' id='word_1_717' title='bbox 2177 2385 2545 2458; x_wconf 87' lang='grc' dir='ltr'><strong>ίσχυρότερον,</strong></span> <span class='ocrx_word' id='word_1_718' title='bbox 2592 2388 2769 2443; x_wconf 85' lang='grc' dir='ltr'><strong>ἐκεῖνο</strong></span> <span class='ocrx_word' id='word_1_719' title='bbox 2802 2389 2860 2443; x_wconf 83' lang='grc' dir='ltr'><strong>δέ</strong></span> <span class='ocrx_word' id='word_1_720' title='bbox 2900 2385 2968 2461; x_wconf 81' lang='grc' dir='ltr'><strong>ἦν</strong></span> <span class='ocrx_word' id='word_1_721' title='bbox 2998 2391 3370 2461; x_wconf 75' lang='grc' dir='ltr'><strong>πειράζοντος,</strong></span> <span class='ocrx_word' id='word_1_722' title='bbox 3414 2393 3465 2445; x_wconf 85' lang='grc' dir='ltr'><strong>εί</strong></span> <span class='ocrx_word' id='word_1_723' title='bbox 3504 2391 3728 2446; x_wconf 89' lang='grc' dir='ltr'><strong>δύναται</strong></span> <span class='ocrx_word' id='word_1_724' title='bbox 3755 2392 3849 2446; x_wconf 77' lang='grc' dir='ltr'><strong>καὶ</strong></span> 
     </span>
    </p>
   </div>
   <div class='ocr_carea' id='block_1_90' title="bbox 2175 2462 3848 2546">
    <p class='ocr_par' dir='ltr' id='par_1_90' title="bbox 2175 2462 3848 2546">
     <span class='ocr_line' id='line_1_91' title="bbox 2175 2462 3848 2546; baseline 0.005 -20"><span class='ocrx_word' id='word_1_725' title='bbox 2175 2473 2315 2543; x_wconf 88' lang='grc' dir='ltr'><strong>μετά</strong></span> <span class='ocrx_word' id='word_1_726' title='bbox 2339 2473 2502 2545; x_wconf 86' lang='grc' dir='ltr'><strong>νόμον</strong></span> <span class='ocrx_word' id='word_1_727' title='bbox 2532 2475 2780 2546; x_wconf 85' lang='grc' dir='ltr'><strong>σῶσαι),</strong></span> <span class='ocrx_word' id='word_1_728' title='bbox 2814 2476 2918 2546; x_wconf 83' lang='grc' dir='ltr'><strong>ὅρα</strong></span> <span class='ocrx_word' id='word_1_729' title='bbox 2960 2476 3014 2530; x_wconf 86' lang='grc' dir='ltr'><strong>τί</strong></span> <span class='ocrx_word' id='word_1_730' title='bbox 3045 2480 3191 2531; x_wconf 89' lang='grc' dir='ltr'><strong>ποιεῖ</strong></span> <span class='ocrx_word' id='word_1_731' title='bbox 3211 2496 3224 2509; x_wconf 89' lang='grc'><strong>·</strong></span> <span class='ocrx_word' id='word_1_732' title='bbox 3251 2462 3523 2532; x_wconf 80' lang='grc' dir='ltr'><strong>δείκνυσιν</strong></span> <span class='ocrx_word' id='word_1_733' title='bbox 3552 2479 3749 2544; x_wconf 79' lang='grc' dir='ltr'><strong>αὐτοὺς</strong></span> <span class='ocrx_word' id='word_1_734' title='bbox 3788 2482 3848 2534; x_wconf 84' lang='grc' dir='ltr'><strong>ἐν</strong></span> 
     </span>
    </p>
   </div>
   <div class='ocr_carea' id='block_1_91' title="bbox 2172 2560 3847 2638">
    <p class='ocr_par' dir='ltr' id='par_1_91' title="bbox 2172 2560 3847 2638">
     <span class='ocr_line' id='line_1_92' title="bbox 2172 2560 3847 2638; baseline 0.005 -26"><span class='ocrx_word' id='word_1_735' title='bbox 2172 2560 2424 2632; x_wconf 86' lang='grc' dir='ltr'><strong>κινδύνῳ,</strong></span> <span class='ocrx_word' id='word_1_736' title='bbox 2475 2562 2530 2615; x_wconf 84' lang='grc' dir='ltr'><strong>εί</strong></span> <span class='ocrx_word' id='word_1_737' title='bbox 2556 2578 2618 2631; x_wconf 90' lang='grc' dir='ltr'><strong>γε</strong></span> <span class='ocrx_word' id='word_1_738' title='bbox 2651 2563 2789 2635; x_wconf 85' lang='grc' dir='ltr'><strong>ὅπερ</strong></span> <span class='ocrx_word' id='word_1_739' title='bbox 2820 2564 2923 2618; x_wconf 79' lang='grc' dir='ltr'><strong>οὐκ</strong></span> <span class='ocrx_word' id='word_1_740' title='bbox 2980 2564 3199 2635; x_wconf 83' lang='grc' dir='ltr'><strong>ῖσχυσεν</strong></span> <span class='ocrx_word' id='word_1_741' title='bbox 3225 2567 3254 2619; x_wconf 86' lang='grc' dir='ltr'><strong>ὸ</strong></span> <span class='ocrx_word' id='word_1_742' title='bbox 3302 2567 3502 2636; x_wconf 89' lang='grc' dir='ltr'><strong>νόμος,</strong></span> <span class='ocrx_word' id='word_1_743' title='bbox 3554 2568 3773 2636; x_wconf 82' lang='grc' dir='ltr'><strong>ῖσχυσεν</strong></span> <span class='ocrx_word' id='word_1_744' title='bbox 3810 2569 3847 2638; x_wconf 71' lang='grc' dir='ltr'>ἡ</span> 
     </span>
    </p>
   </div>
   <div class='ocr_carea' id='block_1_92' title="bbox 2172 2646 3851 2723">
    <p class='ocr_par' dir='ltr' id='par_1_92' title="bbox 2172 2646 3851 2723">
     <span class='ocr_line' id='line_1_93' title="bbox 2172 2646 3851 2723; baseline 0.005 -24"><span class='ocrx_word' id='word_1_745' title='bbox 2172 2646 2387 2710; x_wconf 85' lang='grc' dir='ltr'><strong>πίστις·</strong></span> <span class='ocrx_word' id='word_1_746' title='bbox 2437 2648 2641 2717; x_wconf 85' lang='grc' dir='ltr'><strong>ταύτης</strong></span> <span class='ocrx_word' id='word_1_747' title='bbox 2682 2649 2740 2702; x_wconf 84' lang='grc' dir='ltr'><strong>δὲ</strong></span> <span class='ocrx_word' id='word_1_748' title='bbox 2792 2650 3201 2722; x_wconf 84' lang='grc' dir='ltr'><strong>ἐκπιπτούσης,</strong></span> <span class='ocrx_word' id='word_1_749' title='bbox 3245 2653 3461 2723; x_wconf 86' lang='grc' dir='ltr'><strong>ἀνάγκη</strong></span> <span class='ocrx_word' id='word_1_750' title='bbox 3512 2653 3755 2717; x_wconf 74' lang='grc' dir='ltr'><strong>αὐτοῦςι</strong></span> <span class='ocrx_word' id='word_1_751' title='bbox 3786 2656 3851 2708; x_wconf 85' lang='grc' dir='ltr'><strong>ἐν</strong></span> 
     </span>
    </p>
   </div>
   <div class='ocr_carea' id='block_1_93' title="bbox 2170 2729 3851 2812">
    <p class='ocr_par' dir='ltr' id='par_1_93' title="bbox 2170 2729 3851 2812">
     <span class='ocr_line' id='line_1_94' title="bbox 2170 2729 3851 2812; baseline 0.005 -27"><span class='ocrx_word' id='word_1_752' title='bbox 2170 2731 2417 2804; x_wconf 77' lang='grc' dir='ltr'><strong>ἀπωλείᾳ</strong></span> <span class='ocrx_word' id='word_1_753' title='bbox 2453 2729 2615 2788; x_wconf 82' lang='grc' dir='ltr'><strong>εἶναι.</strong></span> <span class='ocrx_word' id='word_1_754' title='bbox 2643 2733 2754 2789; x_wconf 87' lang='lat' dir='ltr'><strong>Kal</strong></span> <span class='ocrx_word' id='word_1_755' title='bbox 2806 2736 2906 2789; x_wconf 81' lang='grc' dir='ltr'><strong>οὐκ</strong></span> <span class='ocrx_word' id='word_1_756' title='bbox 2951 2733 3140 2802; x_wconf 75' lang='grc' dir='ltr'><strong>εἷπεν,</strong></span> <span class='ocrx_word' id='word_1_757' title='bbox 3194 2738 3536 2802; x_wconf 81' lang='grc' dir='ltr'><strong>Ἀπιστεῖτε,</strong></span> <span class='ocrx_word' id='word_1_758' title='bbox 3587 2739 3729 2811; x_wconf 81' lang='grc' dir='ltr'><strong>ὅπερ</strong></span> <span class='ocrx_word' id='word_1_759' title='bbox 3777 2735 3851 2812; x_wconf 80' lang='grc' dir='ltr'><strong>ἦν</strong></span> 
     </span>
    </p>
   </div>
   <div class='ocr_carea' id='block_1_94' title="bbox 2172 2819 3846 2897">
    <p class='ocr_par' dir='ltr' id='par_1_94' title="bbox 2172 2819 3846 2897">
     <span class='ocr_line' id='line_1_95' title="bbox 2172 2819 3846 2897; baseline 0.004 -23"><span class='ocrx_word' id='word_1_760' title='bbox 2172 2819 2594 2893; x_wconf 83' lang='grc' dir='ltr'><strong>φορτικώτερον,</strong></span> <span class='ocrx_word' id='word_1_761' title='bbox 2627 2822 2722 2877; x_wconf 70' lang='grc' dir='ltr'><strong>καὶ</strong></span> <span class='ocrx_word' id='word_1_762' title='bbox 2750 2823 2927 2879; x_wconf 89' lang='grc' dir='ltr'><strong>ταῦτα</strong></span> <span class='ocrx_word' id='word_1_763' title='bbox 2953 2824 3316 2895; x_wconf 84' lang='grc' dir='ltr'><strong>ἐληλεγμένου</strong></span> <span class='ocrx_word' id='word_1_764' title='bbox 3350 2824 3445 2878; x_wconf 88' lang='grc' dir='ltr'><strong>τοῦ</strong></span> <span class='ocrx_word' id='word_1_765' title='bbox 3496 2825 3846 2897; x_wconf 85' lang='grc' dir='ltr'><strong>πράγματος.</strong></span> 
     </span>
    </p>
   </div>
   <div class='ocr_carea' id='block_1_95' title="bbox 2184 2904 3847 2983">
    <p class='ocr_par' dir='ltr' id='par_1_95' title="bbox 2184 2904 3847 2983">
     <span class='ocr_line' id='line_1_96' title="bbox 2184 2904 3847 2983; baseline 0.004 -22"><span class='ocrx_word' id='word_1_766' title='bbox 2184 2907 2272 2962; x_wconf 86' lang='grc' dir='ltr'><strong>Ἐν</strong></span> <span class='ocrx_word' id='word_1_767' title='bbox 2300 2908 2402 2979; x_wconf 80' lang='grc' dir='ltr'><strong>μὲν</strong></span> <span class='ocrx_word' id='word_1_768' title='bbox 2454 2904 2551 2964; x_wconf 84' lang='grc' dir='ltr'><strong>οὖν</strong></span> <span class='ocrx_word' id='word_1_769' title='bbox 2604 2912 2716 2975; x_wconf 90' lang='grc' dir='ltr'><strong>τοῖς</strong></span> <span class='ocrx_word' id='word_1_770' title='bbox 2774 2910 3173 2983; x_wconf 86' lang='grc' dir='ltr'><strong>Ἱεροσολύμοις</strong></span> <span class='ocrx_word' id='word_1_771' title='bbox 3229 2914 3331 2966; x_wconf 82' lang='grc' dir='ltr'><strong>οὐκ</strong></span> <span class='ocrx_word' id='word_1_772' title='bbox 3376 2907 3518 2983; x_wconf 85' lang='grc' dir='ltr'><strong>ἦσαν</strong></span> <span class='ocrx_word' id='word_1_773' title='bbox 3567 2912 3628 2977; x_wconf 83' lang='grc' dir='ltr'><strong>ἐξ</strong></span> <span class='ocrx_word' id='word_1_774' title='bbox 3672 2912 3847 2970; x_wconf 83' lang='grc' dir='ltr'><strong>ἐθνῶν</strong></span> 
     </span>
    </p>
   </div>
   <div class='ocr_carea' id='block_1_96' title="bbox 2168 2994 3845 3071">
    <p class='ocr_par' dir='ltr' id='par_1_96' title="bbox 2168 2994 3845 3071">
     <span class='ocr_line' id='line_1_97' title="bbox 2168 2994 3845 3071; baseline 0.004 -24"><span class='ocrx_word' id='word_1_775' title='bbox 2168 3011 2332 3061; x_wconf 87' lang='grc' dir='ltr'><strong>τινες,</strong></span> <span class='ocrx_word' id='word_1_776' title='bbox 2363 2997 2423 3050; x_wconf 91' lang='grc' dir='ltr'><strong>ἐν</strong></span> <span class='ocrx_word' id='word_1_777' title='bbox 2446 2996 2504 3050; x_wconf 88' lang='grc' dir='ltr'><strong>δέ</strong></span> <span class='ocrx_word' id='word_1_778' title='bbox 2547 2997 2846 3070; x_wconf 80' lang='grc' dir='ltr'><strong>Ἀντιοχείᾳ</strong></span> <span class='ocrx_word' id='word_1_779' title='bbox 2874 2998 3020 3061; x_wconf 74' lang='grc' dir='ltr'><strong>είκὺς</strong></span> <span class='ocrx_word' id='word_1_780' title='bbox 3042 2994 3206 3054; x_wconf 70' lang='grc' dir='ltr'><strong>εἶναι.</strong></span> <span class='ocrx_word' id='word_1_781' title='bbox 3242 3000 3342 3053; x_wconf 87' lang='grc' dir='ltr'><strong>Διά</strong></span> <span class='ocrx_word' id='word_1_782' title='bbox 3374 2998 3534 3053; x_wconf 90' lang='grc' dir='ltr'><strong>τοῦτο</strong></span> <span class='ocrx_word' id='word_1_783' title='bbox 3555 2998 3651 3054; x_wconf 83' lang='grc' dir='ltr'><strong>καὶ</strong></span> <span class='ocrx_word' id='word_1_784' title='bbox 3681 2999 3845 3071; x_wconf 78' lang='grc' dir='ltr'><strong>ἀπέρ⁶</strong></span> 
     </span>
    </p>
   </div>
   <div class='ocr_carea' id='block_1_97' title="bbox 2168 3083 3846 3155">
    <p class='ocr_par' dir='ltr' id='par_1_97' title="bbox 2168 3083 3846 3155">
     <span class='ocr_line' id='line_1_98' title="bbox 2168 3083 3846 3155; baseline 0.003 -19"><span class='ocrx_word' id='word_1_785' title='bbox 2168 3100 2373 3153; x_wconf 87' lang='grc' dir='ltr'><strong>χονται,</strong></span> <span class='ocrx_word' id='word_1_786' title='bbox 2403 3084 2498 3137; x_wconf 77' lang='grc' dir='ltr'><strong>καὶ</strong></span> <span class='ocrx_word' id='word_1_787' title='bbox 2521 3083 2855 3155; x_wconf 81' lang='grc' dir='ltr'><strong>διατρίϐουσι</strong></span> <span class='ocrx_word' id='word_1_788' title='bbox 2896 3085 3088 3155; x_wconf 89' lang='grc' dir='ltr'><strong>χρόνον</strong></span> <span class='ocrx_word' id='word_1_789' title='bbox 3127 3085 3228 3139; x_wconf 79' lang='grc' dir='ltr'><strong>οὐκ</strong></span> <span class='ocrx_word' id='word_1_790' title='bbox 3278 3085 3458 3154; x_wconf 84' lang='grc' dir='ltr'><strong>ὀλίγον</strong></span> <span class='ocrx_word' id='word_1_791' title='bbox 3497 3087 3631 3138; x_wconf 89' lang='grc' dir='ltr'><strong>ἐκεῖ.</strong></span> <span class='ocrx_word' id='word_1_792' title='bbox 3669 3086 3846 3151; x_wconf 79' lang='grc' dir='ltr'><strong>Ἐξαν-</strong></span> 
     </span>
    </p>
   </div>
   <div class='ocr_carea' id='block_1_98' title="bbox 2168 3170 3844 3246">
    <p class='ocr_par' dir='ltr' id='par_1_98' title="bbox 2168 3170 3844 3246">
     <span class='ocr_line' id='line_1_99' title="bbox 2168 3170 3844 3246; baseline 0.002 -22"><span class='ocrx_word' id='word_1_793' title='bbox 2168 3170 2407 3240; x_wconf 87' lang='grc' dir='ltr'><strong>έστησαν</strong></span> <span class='ocrx_word' id='word_1_794' title='bbox 2461 3171 2520 3225; x_wconf 86' lang='grc' dir='ltr'><strong>δέ</strong></span> <span class='ocrx_word' id='word_1_795' title='bbox 2570 3186 2718 3235; x_wconf 85' lang='grc' dir='ltr'><strong>τινες</strong></span> <span class='ocrx_word' id='word_1_796' title='bbox 2751 3170 2864 3225; x_wconf 86' lang='grc' dir='ltr'><strong>τῶν</strong></span> <span class='ocrx_word' id='word_1_797' title='bbox 2916 3172 3251 3243; x_wconf 73' lang='grc' dir='ltr'><strong>Φαρισαίων,</strong></span> <span class='ocrx_word' id='word_1_798' title='bbox 3309 3172 3390 3226; x_wconf 77' lang='grc' dir='ltr'><strong>ἔτι</strong></span> <span class='ocrx_word' id='word_1_799' title='bbox 3418 3172 3704 3238; x_wconf 84' lang='grc' dir='ltr'><strong>νοσοῦντες</strong></span> <span class='ocrx_word' id='word_1_800' title='bbox 3742 3174 3844 3246; x_wconf 77' lang='grc' dir='ltr'><strong>τὴν</strong></span> 
     </span>
    </p>
   </div>
   <div class='ocr_carea' id='block_1_99' title="bbox 2169 3256 3841 3331">
    <p class='ocr_par' dir='ltr' id='par_1_99' title="bbox 2169 3256 3841 3331">
     <span class='ocr_line' id='line_1_100' title="bbox 2169 3256 3841 3331; baseline 0.001 -20"><span class='ocrx_word' id='word_1_801' title='bbox 2169 3256 2484 3329; x_wconf 86' lang='grc' dir='ltr'><strong>φιλαρχίαν,</strong></span> <span class='ocrx_word' id='word_1_802' title='bbox 2527 3258 2624 3312; x_wconf 76' lang='grc' dir='ltr'><strong>καὶ</strong></span> <span class='ocrx_word' id='word_1_803' title='bbox 2676 3257 2991 3329; x_wconf 84' lang='grc' dir='ltr'><strong>βουλόμενοι</strong></span> <span class='ocrx_word' id='word_1_804' title='bbox 3027 3259 3165 3331; x_wconf 82' lang='grc' dir='ltr'><strong>πρὸς</strong></span> <span class='ocrx_word' id='word_1_805' title='bbox 3197 3260 3394 3324; x_wconf 83' lang='grc' dir='ltr'><strong>αὐτοὺς</strong></span> <span class='ocrx_word' id='word_1_806' title='bbox 3423 3261 3569 3331; x_wconf 78' lang='grc' dir='ltr'><strong>ἔχειν</strong></span> <span class='ocrx_word' id='word_1_807' title='bbox 3616 3263 3744 3326; x_wconf 81' lang='grc' dir='ltr'><strong>τοὺς</strong></span> <span class='ocrx_word' id='word_1_808' title='bbox 3782 3262 3841 3329; x_wconf 82' lang='grc' dir='ltr'><strong>ἐξ</strong></span> 
     </span>
    </p>
   </div>
   <div class='ocr_carea' id='block_1_100' title="bbox 2167 3344 3840 3422">
    <p class='ocr_par' dir='ltr' id='par_1_100' title="bbox 2167 3344 3840 3422">
     <span class='ocr_line' id='line_1_101' title="bbox 2167 3344 3840 3422; baseline 0.005 -25"><span class='ocrx_word' id='word_1_809' title='bbox 2167 3344 2359 3400; x_wconf 86' lang='grc' dir='ltr'><strong>ἐθνῶν.</strong></span> <span class='ocrx_word' id='word_1_810' title='bbox 2417 3345 2611 3400; x_wconf 84' lang='grc' dir='ltr'><strong>Καίτοι</strong></span> <span class='ocrx_word' id='word_1_811' title='bbox 2668 3348 2764 3402; x_wconf 78' lang='grc' dir='ltr'><strong>καὶ</strong></span> <span class='ocrx_word' id='word_1_812' title='bbox 2797 3346 3009 3412; x_wconf 86' lang='grc' dir='ltr'><strong>Παῦλος</strong></span> <span class='ocrx_word' id='word_1_813' title='bbox 3055 3348 3373 3419; x_wconf 79' lang='grc' dir='ltr'><strong>νομομαθὴς</strong></span> <span class='ocrx_word' id='word_1_814' title='bbox 3425 3348 3514 3422; x_wconf 77' lang='grc' dir='ltr'><strong>ἦν,</strong></span> <span class='ocrx_word' id='word_1_815' title='bbox 3570 3349 3687 3405; x_wconf 84' lang='grc' dir='ltr'><strong>ἀλλ’</strong></span> <span class='ocrx_word' id='word_1_816' title='bbox 3740 3351 3840 3405; x_wconf 82' lang='grc' dir='ltr'><strong>οὐκ</strong></span> 
     </span>
    </p>
   </div>
   <div class='ocr_carea' id='block_1_101' title="bbox 2166 3430 3842 3508">
    <p class='ocr_par' dir='ltr' id='par_1_101' title="bbox 2166 3430 3842 3508">
     <span class='ocr_line' id='line_1_102' title="bbox 2166 3430 3842 3508; baseline 0.004 -23"><span class='ocrx_word' id='word_1_817' title='bbox 2166 3430 2372 3503; x_wconf 73' lang='grc' dir='ltr'><strong>ἔπασχε</strong></span> <span class='ocrx_word' id='word_1_818' title='bbox 2402 3432 2590 3487; x_wconf 89' lang='grc' dir='ltr'><strong>τοῦτο·</strong></span> <span class='ocrx_word' id='word_1_819' title='bbox 2641 3432 2830 3504; x_wconf 79' lang='grc' dir='ltr'><strong>ἐπειδὴ</strong></span> <span class='ocrx_word' id='word_1_820' title='bbox 2872 3433 2929 3487; x_wconf 89' lang='grc' dir='ltr'><strong>δέ</strong></span> <span class='ocrx_word' id='word_1_821' title='bbox 2965 3435 3179 3489; x_wconf 87' lang='grc' dir='ltr'><strong>ἐκεῖθεν</strong></span> <span class='ocrx_word' id='word_1_822' title='bbox 3217 3430 3384 3507; x_wconf 82' lang='grc' dir='ltr'><strong>ἦλθε,</strong></span> <span class='ocrx_word' id='word_1_823' title='bbox 3424 3437 3519 3490; x_wconf 72' lang='grc' dir='ltr'><strong>καὶ</strong></span> <span class='ocrx_word' id='word_1_824' title='bbox 3565 3437 3627 3490; x_wconf 84' lang='grc' dir='ltr'><strong>τὺ</strong></span> <span class='ocrx_word' id='word_1_825' title='bbox 3662 3436 3842 3508; x_wconf 85' lang='grc' dir='ltr'><strong>δόγμα</strong></span> 
     </span>
    </p>
   </div>
   <div class='ocr_carea' id='block_1_102' title="bbox 2165 3520 3842 3594">
    <p class='ocr_par' dir='ltr' id='par_1_102' title="bbox 2165 3520 3842 3594">
     <span class='ocr_line' id='line_1_103' title="bbox 2165 3520 3842 3594; baseline 0.004 -20"><span class='ocrx_word' id='word_1_826' title='bbox 2165 3520 2556 3592; x_wconf 75' lang='grc' dir='ltr'><strong>ἀκριϐέστερον</strong></span> <span class='ocrx_word' id='word_1_827' title='bbox 2587 3520 2825 3590; x_wconf 83' lang='grc' dir='ltr'><strong>ἐγένετο.</strong></span> <span class='ocrx_word' id='word_1_828' title='bbox 2857 3521 2921 3575; x_wconf 72' lang='lat' dir='ltr'><strong>Et</strong></span> <span class='ocrx_word' id='word_1_829' title='bbox 2944 3521 3054 3593; x_wconf 84' lang='grc' dir='ltr'><strong>γὰρ</strong></span> <span class='ocrx_word' id='word_1_830' title='bbox 3100 3523 3150 3576; x_wconf 78' lang='grc' dir='ltr'><strong>οἱ</strong></span> <span class='ocrx_word' id='word_1_831' title='bbox 3174 3525 3233 3577; x_wconf 90' lang='grc' dir='ltr'><strong>ἐν</strong></span> <span class='ocrx_word' id='word_1_832' title='bbox 3272 3524 3664 3594; x_wconf 80' lang='grc' dir='ltr'><strong>Ἱεροσολύμοις</strong></span> <span class='ocrx_word' id='word_1_833' title='bbox 3688 3524 3842 3590; x_wconf 73' lang='grc' dir='ltr'><strong>ὄντες</strong></span> 
     </span>
    </p>
   </div>
   <div class='ocr_carea' id='block_1_103' title="bbox 2164 3604 3841 3683">
    <p class='ocr_par' dir='ltr' id='par_1_103' title="bbox 2164 3604 3841 3683">
     <span class='ocr_line' id='line_1_104' title="bbox 2164 3604 3841 3683; baseline 0.002 -22"><span class='ocrx_word' id='word_1_834' title='bbox 2164 3607 2316 3661; x_wconf 81' lang='grc' dir='ltr'><strong>οὐδὲν</strong></span> <span class='ocrx_word' id='word_1_835' title='bbox 2346 3607 2589 3664; x_wconf 87' lang='grc' dir='ltr'><strong>τοιοῦτον</strong></span> <span class='ocrx_word' id='word_1_836' title='bbox 2612 3609 2984 3675; x_wconf 75' lang='grc' dir='ltr'><strong>ἐπιτάττουσι,</strong></span> <span class='ocrx_word' id='word_1_837' title='bbox 3027 3609 3208 3681; x_wconf 84' lang='grc' dir='ltr'><strong>πολλῷ</strong></span> <span class='ocrx_word' id='word_1_838' title='bbox 3245 3610 3443 3681; x_wconf 78' lang='grc' dir='ltr'><strong>μᾶλλον</strong></span> <span class='ocrx_word' id='word_1_839' title='bbox 3471 3604 3636 3666; x_wconf 76' lang='grc' dir='ltr'><strong>οὗτοι.</strong></span> <span class='ocrx_word' id='word_1_840' title='bbox 3676 3612 3841 3683; x_wconf 67' lang='grc' dir='ltr'><strong>Ὁρᾷς</strong></span> 
     </span>
    </p>
   </div>
   <div class='ocr_carea' id='block_1_104' title="bbox 2164 3693 3851 3769">
    <p class='ocr_par' dir='ltr' id='par_1_104' title="bbox 2164 3693 3851 3769">
     <span class='ocr_line' id='line_1_105' title="bbox 2164 3693 3851 3769; baseline 0.003 -22"><span class='ocrx_word' id='word_1_841' title='bbox 2164 3693 2279 3747; x_wconf 79' lang='grc' dir='ltr'><strong>ὅσοι</strong></span> <span class='ocrx_word' id='word_1_842' title='bbox 2310 3693 2387 3765; x_wconf 79' lang='grc' dir='ltr'><strong>μὴ</strong></span> <span class='ocrx_word' id='word_1_843' title='bbox 2441 3694 2786 3767; x_wconf 88' lang='grc' dir='ltr'><strong>φιλαρχοῦσι,</strong></span> <span class='ocrx_word' id='word_1_844' title='bbox 2826 3696 3114 3768; x_wconf 85' lang='grc' dir='ltr'><strong>χαίρουσιν</strong></span> <span class='ocrx_word' id='word_1_845' title='bbox 3151 3698 3209 3752; x_wconf 90' lang='grc' dir='ltr'><strong>ἐν</strong></span> <span class='ocrx_word' id='word_1_846' title='bbox 3243 3701 3309 3769; x_wconf 79' lang='grc' dir='ltr'><strong>τῇ</strong></span> <span class='ocrx_word' id='word_1_847' title='bbox 3348 3697 3563 3766; x_wconf 72' lang='grc' dir='ltr'><strong>πίστεις</strong></span> <span class='ocrx_word' id='word_1_848' title='bbox 3595 3699 3670 3753; x_wconf 80' lang='grc' dir='ltr'><strong>Οὐ</strong></span> <span class='ocrx_word' id='word_1_849' title='bbox 3697 3699 3851 3769; x_wconf 59' lang='grc' dir='ltr'><strong>φιλο-ν</strong></span> 
     </span>
    </p>
   </div>
   <div class='ocr_carea' id='block_1_105' title="bbox 2162 3781 3856 3857">
    <p class='ocr_par' dir='ltr' id='par_1_105' title="bbox 2162 3781 3856 3857">
     <span class='ocr_line' id='line_1_106' title="bbox 2162 3781 3856 3857; baseline 0.003 -23"><span class='ocrx_word' id='word_1_850' title='bbox 2162 3782 2353 3851; x_wconf 89' lang='grc' dir='ltr'><strong>τιμίας</strong></span> <span class='ocrx_word' id='word_1_851' title='bbox 2388 3782 2567 3836; x_wconf 89' lang='grc' dir='ltr'><strong>τοίνυν</strong></span> <span class='ocrx_word' id='word_1_852' title='bbox 2592 3787 2662 3837; x_wconf 87' lang='grc' dir='ltr'><strong>τά</strong></span> <span class='ocrx_word' id='word_1_853' title='bbox 2700 3784 3017 3855; x_wconf 85' lang='grc' dir='ltr'><strong>διηγήματα</strong></span> <span class='ocrx_word' id='word_1_854' title='bbox 3050 3784 3171 3838; x_wconf 76' lang='grc' dir='ltr'><strong>οὐδὲ</strong></span> <span class='ocrx_word' id='word_1_855' title='bbox 3215 3785 3526 3853; x_wconf 80' lang='grc' dir='ltr'><strong>ἐπιδείξεως</strong></span> <span class='ocrx_word' id='word_1_856' title='bbox 3562 3781 3633 3857; x_wconf 81' lang='grc' dir='ltr'><strong>ἦν</strong></span> <span class='ocrx_word' id='word_1_857' title='bbox 3653 3826 3670 3854; x_wconf 90' lang='grc'><strong>,</strong></span> <span class='ocrx_word' id='word_1_858' title='bbox 3701 3785 3856 3840; x_wconf 64' lang='grc' dir='ltr'><strong>ἀλλὰ</strong></span> 
     </span>
    </p>
   </div>
   <div class='ocr_carea' id='block_1_106' title="bbox 2163 3869 3857 3943">
    <p class='ocr_par' dir='ltr' id='par_1_106' title="bbox 2163 3869 3857 3943">
     <span class='ocr_line' id='line_1_107' title="bbox 2163 3869 3857 3943; baseline 0.003 -19"><span class='ocrx_word' id='word_1_859' title='bbox 2163 3870 2461 3939; x_wconf 88' lang='grc' dir='ltr'><strong>ἀπολογίας</strong></span> <span class='ocrx_word' id='word_1_860' title='bbox 2487 3869 2581 3925; x_wconf 86' lang='grc' dir='ltr'><strong>τοῦ</strong></span> <span class='ocrx_word' id='word_1_861' title='bbox 2611 3872 2691 3936; x_wconf 83' lang='grc' dir='ltr'><strong>είς</strong></span> <span class='ocrx_word' id='word_1_862' title='bbox 2729 3870 2799 3925; x_wconf 88' lang='grc' dir='ltr'><strong>τά</strong></span> <span class='ocrx_word' id='word_1_863' title='bbox 2834 3870 2962 3941; x_wconf 79' lang='grc' dir='ltr'><strong>ἐθνη</strong></span> <span class='ocrx_word' id='word_1_864' title='bbox 3002 3873 3359 3943; x_wconf 87' lang='grc' dir='ltr'><strong>κηρύγματος</strong></span> <span class='ocrx_word' id='word_1_865' title='bbox 3378 3890 3394 3906; x_wconf 75' lang='grc' dir='ltr'><strong>ο</strong></span> <span class='ocrx_word' id='word_1_866' title='bbox 3428 3873 3513 3927; x_wconf 86' lang='grc' dir='ltr'><strong>διὸ</strong></span> <span class='ocrx_word' id='word_1_867' title='bbox 3558 3875 3654 3928; x_wconf 79' lang='grc' dir='ltr'><strong>καὶ</strong></span> <span class='ocrx_word' id='word_1_868' title='bbox 3685 3873 3857 3930; x_wconf 75' lang='grc' dir='ltr'><strong>οὐδὲν·</strong></span> 
     </span>
    </p>
   </div>
   <div class='ocr_carea' id='block_1_107' title="bbox 2161 3956 3855 4033">
    <p class='ocr_par' dir='ltr' id='par_1_107' title="bbox 2161 3956 3855 4033">
     <span class='ocr_line' id='line_1_108' title="bbox 2161 3956 3855 4033; baseline 0.003 -23"><span class='ocrx_word' id='word_1_869' title='bbox 2161 3956 2379 4026; x_wconf 85' lang='grc' dir='ltr'><strong>λέγουσι</strong></span> <span class='ocrx_word' id='word_1_870' title='bbox 2400 3958 2509 4013; x_wconf 91' lang='grc' dir='ltr'><strong>τῶν</strong></span> <span class='ocrx_word' id='word_1_871' title='bbox 2534 3960 2614 4023; x_wconf 85' lang='grc' dir='ltr'><strong>είς</strong></span> <span class='ocrx_word' id='word_1_872' title='bbox 2634 3960 2765 4023; x_wconf 85' lang='grc' dir='ltr'><strong>τοὺς</strong></span> <span class='ocrx_word' id='word_1_873' title='bbox 2805 3959 3094 4024; x_wconf 88' lang='grc' dir='ltr'><strong>Ἰουδαίους</strong></span> <span class='ocrx_word' id='word_1_874' title='bbox 3116 3961 3563 4031; x_wconf 73' lang='grc' dir='ltr'><strong>συμϐεϐηκότων.</strong></span> <span class='ocrx_word' id='word_1_875' title='bbox 3595 3961 3773 4032; x_wconf 80' lang='grc' dir='ltr'><strong>Πολλὴ</strong></span> <span class='ocrx_word' id='word_1_876' title='bbox 3799 3962 3855 4033; x_wconf 52' lang='grc' dir='ltr'><strong>ἡ,</strong></span> 
     </span>
    </p>
   </div>
   <div class='ocr_carea' id='block_1_108' title="bbox 2160 4043 3835 4119">
    <p class='ocr_par' dir='ltr' id='par_1_108' title="bbox 2160 4043 3835 4119">
     <span class='ocr_line' id='line_1_109' title="bbox 2160 4043 3835 4119; baseline 0.001 -20"><span class='ocrx_word' id='word_1_877' title='bbox 2160 4044 2465 4116; x_wconf 67' lang='grc' dir='ltr'><strong>ἐπιτριόὴδ</strong></span> <span class='ocrx_word' id='word_1_878' title='bbox 2503 4043 2615 4099; x_wconf 88' lang='grc' dir='ltr'><strong>τῶν</strong></span> <span class='ocrx_word' id='word_1_879' title='bbox 2649 4043 3008 4117; x_wconf 65' lang='grc' dir='ltr'><strong>Φαρισαίων,</strong></span> <span class='ocrx_word' id='word_1_880' title='bbox 3052 4046 3149 4100; x_wconf 77' lang='grc' dir='ltr'><strong>καὶ</strong></span> <span class='ocrx_word' id='word_1_881' title='bbox 3205 4046 3344 4117; x_wconf 86' lang='grc' dir='ltr'><strong>μετά</strong></span> <span class='ocrx_word' id='word_1_882' title='bbox 3388 4046 3488 4119; x_wconf 75' lang='grc' dir='ltr'><strong>τὴν</strong></span> <span class='ocrx_word' id='word_1_883' title='bbox 3525 4046 3708 4100; x_wconf 86' lang='grc' dir='ltr'><strong>πίστιν</strong></span> <span class='ocrx_word' id='word_1_884' title='bbox 3753 4046 3835 4100; x_wconf 76' lang='grc' dir='ltr'><strong>ἔτι</strong></span> 
     </span>
    </p>
   </div>
   <div class='ocr_carea' id='block_1_109' title="bbox 2160 4128 3830 4203">
    <p class='ocr_par' dir='ltr' id='par_1_109' title="bbox 2160 4128 3830 4203">
     <span class='ocr_line' id='line_1_110' title="bbox 2160 4128 3830 4203; baseline 0.002 -19"><span class='ocrx_word' id='word_1_885' title='bbox 2160 4128 2595 4202; x_wconf 90' lang='grc' dir='ltr'><strong>νομοθετούντων</strong></span> <span class='ocrx_word' id='word_1_886' title='bbox 2617 4173 2633 4200; x_wconf 91' lang='grc'><strong>,</strong></span> <span class='ocrx_word' id='word_1_887' title='bbox 2691 4133 2785 4187; x_wconf 75' lang='grc' dir='ltr'><strong>καὶ</strong></span> <span class='ocrx_word' id='word_1_888' title='bbox 2833 4133 2893 4186; x_wconf 85' lang='grc' dir='ltr'><strong>οὐ</strong></span> <span class='ocrx_word' id='word_1_889' title='bbox 2948 4132 3288 4203; x_wconf 83' lang='grc' dir='ltr'><strong>πειθομένων</strong></span> <span class='ocrx_word' id='word_1_890' title='bbox 3332 4135 3446 4196; x_wconf 83' lang='grc' dir='ltr'><strong>τοῖς</strong></span> <span class='ocrx_word' id='word_1_891' title='bbox 3494 4133 3830 4197; x_wconf 84' lang='grc' dir='ltr'><strong>ἀποστόλοις.</strong></span> 
     </span>
    </p>
   </div>
   <div class='ocr_carea' id='block_1_110' title="bbox 2174 4218 3836 4290">
    <p class='ocr_par' dir='ltr' id='par_1_110' title="bbox 2174 4218 3836 4290">
     <span class='ocr_line' id='line_1_111' title="bbox 2174 4218 3836 4290; baseline 0.001 -17"><span class='ocrx_word' id='word_1_892' title='bbox 2174 4218 2315 4274; x_wconf 77' lang='grc' dir='ltr'><strong>Ἀλλ’</strong></span> <span class='ocrx_word' id='word_1_893' title='bbox 2350 4219 2453 4289; x_wconf 81' lang='grc' dir='ltr'><strong>δρα</strong></span> <span class='ocrx_word' id='word_1_894' title='bbox 2481 4218 2758 4286; x_wconf 85' lang='grc' dir='ltr'><strong>ἐκείνους,</strong></span> <span class='ocrx_word' id='word_1_895' title='bbox 2793 4218 2911 4283; x_wconf 88' lang='grc' dir='ltr'><strong>πῶς</strong></span> <span class='ocrx_word' id='word_1_896' title='bbox 2943 4219 3205 4282; x_wconf 87' lang='grc' dir='ltr'><strong>ἐπιεικῶς</strong></span> <span class='ocrx_word' id='word_1_897' title='bbox 3233 4220 3330 4273; x_wconf 73' lang='grc' dir='ltr'><strong>καὶ</strong></span> <span class='ocrx_word' id='word_1_898' title='bbox 3369 4222 3432 4273; x_wconf 82' lang='grc' dir='ltr'><strong>ού</strong></span> <span class='ocrx_word' id='word_1_899' title='bbox 3461 4219 3599 4290; x_wconf 83' lang='grc' dir='ltr'><strong>μετὰ</strong></span> <span class='ocrx_word' id='word_1_900' title='bbox 3642 4219 3836 4275; x_wconf 78' lang='grc' dir='ltr'><strong>αύθεν·</strong></span> 
     </span>
    </p>
   </div>
   <div class='ocr_carea' id='block_1_111' title="bbox 2159 4303 3855 4376">
    <p class='ocr_par' dir='ltr' id='par_1_111' title="bbox 2159 4303 3855 4376">
     <span class='ocr_line' id='line_1_112' title="bbox 2159 4303 3855 4376; baseline 0.002 -17"><span class='ocrx_word' id='word_1_901' title='bbox 2159 4306 2312 4369; x_wconf 89' lang='grc' dir='ltr'><strong>τείας</strong></span> <span class='ocrx_word' id='word_1_902' title='bbox 2360 4305 2740 4373; x_wconf 86' lang='grc' dir='ltr'><strong>διαλέγονται·</strong></span> <span class='ocrx_word' id='word_1_903' title='bbox 2783 4304 2853 4358; x_wconf 90' lang='grc' dir='ltr'><strong>τά</strong></span> <span class='ocrx_word' id='word_1_904' title='bbox 2906 4305 3015 4376; x_wconf 85' lang='grc' dir='ltr'><strong>γὰρ</strong></span> <span class='ocrx_word' id='word_1_905' title='bbox 3070 4303 3297 4359; x_wconf 82' lang='grc' dir='ltr'><strong>τοιαῦτα</strong></span> <span class='ocrx_word' id='word_1_906' title='bbox 3339 4305 3684 4376; x_wconf 81' lang='grc' dir='ltr'><strong>ἐπιθυμητὰ,</strong></span> <span class='ocrx_word' id='word_1_907' title='bbox 3740 4308 3855 4363; x_wconf 76' lang='grc' dir='ltr'><strong>καὶ,</strong></span> 
     </span>
    </p>
   </div>
   <div class='ocr_carea' id='block_1_112' title="bbox 2163 4391 3833 4465">
    <p class='ocr_par' dir='ltr' id='par_1_112' title="bbox 2163 4391 3833 4465">
     <span class='ocr_line' id='line_1_113' title="bbox 2163 4391 3833 4465; baseline 0 -18"><span class='ocrx_word' id='word_1_908' title='bbox 2163 4392 2380 4465; x_wconf 85' lang='grc' dir='ltr'><strong>πέπηγε</strong></span> <span class='ocrx_word' id='word_1_909' title='bbox 2414 4392 2639 4463; x_wconf 80' lang='grc' dir='ltr'><strong>μᾶλλον.</strong></span> <span class='ocrx_word' id='word_1_910' title='bbox 2695 4391 2861 4464; x_wconf 82' lang='grc' dir='ltr'><strong>Ὁρᾷς</strong></span> <span class='ocrx_word' id='word_1_911' title='bbox 2898 4391 3136 4462; x_wconf 84' lang='grc' dir='ltr'><strong>οὐδαμοῦ</strong></span> <span class='ocrx_word' id='word_1_912' title='bbox 3165 4391 3337 4461; x_wconf 86' lang='grc' dir='ltr'><strong>λόγων</strong></span> <span class='ocrx_word' id='word_1_913' title='bbox 3373 4391 3671 4461; x_wconf 80' lang='grc' dir='ltr'><strong>ἐπίδειξιν,</strong></span> <span class='ocrx_word' id='word_1_914' title='bbox 3698 4392 3833 4448; x_wconf 86' lang='grc' dir='ltr'><strong>ἀλλά</strong></span> 
     </span>
    </p>
   </div>
   <div class='ocr_carea' id='block_1_113' title="bbox 2159 4476 3850 4553">
    <p class='ocr_par' dir='ltr' id='par_1_113' title="bbox 2159 4476 3850 4553">
     <span class='ocr_line' id='line_1_114' title="bbox 2159 4476 3850 4553; baseline 0 -19"><span class='ocrx_word' id='word_1_915' title='bbox 2159 4479 2259 4553; x_wconf 77' lang='grc' dir='ltr'><strong>τὴν</strong></span> <span class='ocrx_word' id='word_1_916' title='bbox 2291 4480 2381 4536; x_wconf 90' lang='grc' dir='ltr'><strong>διά</strong></span> <span class='ocrx_word' id='word_1_917' title='bbox 2417 4479 2526 4534; x_wconf 90' lang='grc' dir='ltr'><strong>τῶν</strong></span> <span class='ocrx_word' id='word_1_918' title='bbox 2564 4478 2926 4551; x_wconf 85' lang='grc' dir='ltr'><strong>πραγμάτων,</strong></span> <span class='ocrx_word' id='word_1_919' title='bbox 2954 4478 3054 4551; x_wconf 85' lang='grc' dir='ltr'><strong>τὴν</strong></span> <span class='ocrx_word' id='word_1_920' title='bbox 3078 4478 3167 4535; x_wconf 84' lang='grc' dir='ltr'><strong>διὰ</strong></span> <span class='ocrx_word' id='word_1_921' title='bbox 3194 4476 3286 4532; x_wconf 89' lang='grc' dir='ltr'><strong>τοῦ</strong></span> <span class='ocrx_word' id='word_1_922' title='bbox 3309 4477 3660 4551; x_wconf 84' lang='grc' dir='ltr'><strong>Πνεύματος;</strong></span> <span class='ocrx_word' id='word_1_923' title='bbox 3694 4479 3850 4534; x_wconf 50' lang='grc' dir='ltr'><strong>’Δλλν</strong></span> 
     </span>
    </p>
   </div>
   <div class='ocr_carea' id='block_1_114' title="bbox 2160 4565 3833 4639">
    <p class='ocr_par' dir='ltr' id='par_1_114' title="bbox 2160 4565 3833 4639">
     <span class='ocr_line' id='line_1_115' title="bbox 2160 4565 3833 4639; baseline -0.001 -15"><span class='ocrx_word' id='word_1_924' title='bbox 2160 4569 2309 4639; x_wconf 84' lang='grc' dir='ltr'><strong>ὅμως</strong></span> <span class='ocrx_word' id='word_1_925' title='bbox 2341 4568 2432 4622; x_wconf 77' lang='grc' dir='ltr'><strong>καὶ</strong></span> <span class='ocrx_word' id='word_1_926' title='bbox 2459 4566 2685 4622; x_wconf 88' lang='grc' dir='ltr'><strong>τοιαῦτα</strong></span> <span class='ocrx_word' id='word_1_927' title='bbox 2722 4565 2937 4638; x_wconf 76' lang='grc' dir='ltr'><strong>ἔχοντες</strong></span> <span class='ocrx_word' id='word_1_928' title='bbox 2965 4567 3280 4638; x_wconf 45' lang='grc' dir='ltr'><strong>τεκμήριαμ</strong></span> <span class='ocrx_word' id='word_1_929' title='bbox 3304 4566 3383 4621; x_wconf 76' lang='grc' dir='ltr'><strong>ἔτι</strong></span> <span class='ocrx_word' id='word_1_930' title='bbox 3413 4566 3673 4632; x_wconf 85' lang='grc' dir='ltr'><strong>ἐπιεικῶς</strong></span> <span class='ocrx_word' id='word_1_931' title='bbox 3718 4567 3833 4622; x_wconf 87' lang='grc' dir='ltr'><strong>δια-</strong></span> 
     </span>
    </p>
   </div>
   <div class='ocr_carea' id='block_1_115' title="bbox 2160 4654 3832 4726">
    <p class='ocr_par' dir='ltr' id='par_1_115' title="bbox 2160 4654 3832 4726">
     <span class='ocr_line' id='line_1_116' title="bbox 2160 4654 3832 4726; baseline -0.001 -17"><span class='ocrx_word' id='word_1_932' title='bbox 2160 4656 2425 4725; x_wconf 90' lang='grc' dir='ltr'><strong>λέγονται.</strong></span> <span class='ocrx_word' id='word_1_933' title='bbox 2463 4654 2573 4709; x_wconf 80' lang='lat' dir='ltr'><strong>Kal</strong></span> <span class='ocrx_word' id='word_1_934' title='bbox 2616 4655 2752 4725; x_wconf 84' lang='grc' dir='ltr'><strong>ὅρα·</strong></span> <span class='ocrx_word' id='word_1_935' title='bbox 2785 4654 2886 4708; x_wconf 82' lang='grc' dir='ltr'><strong>οὐκ</strong></span> <span class='ocrx_word' id='word_1_936' title='bbox 2934 4654 3266 4726; x_wconf 86' lang='grc' dir='ltr'><strong>ἀπέρχονται</strong></span> <span class='ocrx_word' id='word_1_937' title='bbox 3293 4654 3672 4720; x_wconf 76' lang='grc' dir='ltr'><strong>διαϐάλλοντες</strong></span> <span class='ocrx_word' id='word_1_938' title='bbox 3706 4655 3832 4717; x_wconf 77' lang='grc' dir='ltr'><strong>τοὺς</strong></span> 
     </span>
    </p>
   </div>
   <div class='ocr_carea' id='block_1_116' title="bbox 2160 4742 3831 4814">
    <p class='ocr_par' dir='ltr' id='par_1_116' title="bbox 2160 4742 3831 4814">
     <span class='ocr_line' id='line_1_117' title="bbox 2160 4742 3831 4814; baseline -0.001 -18"><span class='ocrx_word' id='word_1_939' title='bbox 2160 4743 2220 4796; x_wconf 92' lang='grc' dir='ltr'><strong>ἐν</strong></span> <span class='ocrx_word' id='word_1_940' title='bbox 2260 4742 2578 4814; x_wconf 67' lang='grc' dir='ltr'><strong>Ἀντιοχείᾳ,</strong></span> <span class='ocrx_word' id='word_1_941' title='bbox 2597 4742 2711 4796; x_wconf 90' lang='grc' dir='ltr'><strong>ἀλλ’</strong></span> <span class='ocrx_word' id='word_1_942' title='bbox 2737 4743 2950 4797; x_wconf 82' lang='grc' dir='ltr'><strong>ἐκεῖθεν</strong></span> <span class='ocrx_word' id='word_1_943' title='bbox 2967 4742 3128 4797; x_wconf 84' lang='grc' dir='ltr'><strong>πάλιν</strong></span> <span class='ocrx_word' id='word_1_944' title='bbox 3156 4743 3526 4812; x_wconf 81' lang='grc' dir='ltr'><strong>λαμϐάνουσιν</strong></span> <span class='ocrx_word' id='word_1_945' title='bbox 3553 4743 3831 4814; x_wconf 79' lang='grc' dir='ltr'><strong>ἀφορμήν.</strong></span> 
     </span>
    </p>
   </div>
   <div class='ocr_carea' id='block_1_117' title="bbox 2162 4829 3853 4903">
    <p class='ocr_par' dir='ltr' id='par_1_117' title="bbox 2162 4829 3853 4903">
     <span class='ocr_line' id='line_1_118' title="bbox 2162 4829 3853 4903; baseline 0 -18"><span class='ocrx_word' id='word_1_946' title='bbox 2162 4829 2349 4895; x_wconf 78' lang='grc' dir='ltr'><strong>Οὕτως</strong></span> <span class='ocrx_word' id='word_1_947' title='bbox 2379 4831 2651 4903; x_wconf 88' lang='grc' dir='ltr'><strong>ἐμελέτων</strong></span> <span class='ocrx_word' id='word_1_948' title='bbox 2676 4830 2738 4884; x_wconf 78' lang='grc' dir='ltr'><strong>τὸ</strong></span> <span class='ocrx_word' id='word_1_949' title='bbox 2775 4830 3085 4902; x_wconf 86' lang='grc' dir='ltr'><strong>φιλαρχεῖν,</strong></span> <span class='ocrx_word' id='word_1_950' title='bbox 3111 4832 3161 4885; x_wconf 75' lang='grc' dir='ltr'><strong>οἳ</strong></span> <span class='ocrx_word' id='word_1_951' title='bbox 3202 4830 3297 4885; x_wconf 73' lang='grc' dir='ltr'><strong>καὶ</strong></span> <span class='ocrx_word' id='word_1_952' title='bbox 3340 4832 3443 4885; x_wconf 86' lang='grc' dir='ltr'><strong>οὐκ</strong></span> <span class='ocrx_word' id='word_1_953' title='bbox 3471 4832 3687 4887; x_wconf 81' lang='grc' dir='ltr'><strong>εἰδότων</strong></span> <span class='ocrx_word' id='word_1_954' title='bbox 3720 4831 3853 4886; x_wconf 79' lang='grc' dir='ltr'><strong>τῶν.</strong></span> 
     </span>
    </p>
   </div>
   <div class='ocr_carea' id='block_1_118' title="bbox 2161 4913 3829 4991">
    <p class='ocr_par' dir='ltr' id='par_1_118' title="bbox 2161 4913 3829 4991">
     <span class='ocr_line' id='line_1_119' title="bbox 2161 4913 3829 4991; baseline 0.001 -17"><span class='ocrx_word' id='word_1_955' title='bbox 2161 4920 2475 4975; x_wconf 86' lang='grc' dir='ltr'><strong>ἀποστόλων</strong></span> <span class='ocrx_word' id='word_1_956' title='bbox 2497 4919 2879 4991; x_wconf 82' lang='grc' dir='ltr'><strong>ἐμέμφθησαν.</strong></span> <span class='ocrx_word' id='word_1_957' title='bbox 2918 4920 3057 4974; x_wconf 85' lang='grc' dir='ltr'><strong>Ἀλλ’</strong></span> <span class='ocrx_word' id='word_1_958' title='bbox 3087 4921 3236 4989; x_wconf 86' lang='grc' dir='ltr'><strong>ὅμως</strong></span> <span class='ocrx_word' id='word_1_959' title='bbox 3265 4919 3417 4974; x_wconf 82' lang='grc' dir='ltr'><strong>οὐδὲν</strong></span> <span class='ocrx_word' id='word_1_960' title='bbox 3440 4918 3645 4974; x_wconf 88' lang='grc' dir='ltr'><strong>τούτων</strong></span> <span class='ocrx_word' id='word_1_961' title='bbox 3682 4913 3829 4975; x_wconf 74' lang='grc' dir='ltr'><strong>οῦτοι</strong></span> 
     </span>
    </p>
   </div>
   <div class='ocr_carea' id='block_1_119' title="bbox 2161 5005 3831 5078">
    <p class='ocr_par' dir='ltr' id='par_1_119' title="bbox 2161 5005 3831 5078">
     <span class='ocr_line' id='line_1_120' title="bbox 2161 5005 3831 5078; baseline -0.001 -18"><span class='ocrx_word' id='word_1_962' title='bbox 2161 5007 2510 5078; x_wconf 87' lang='grc' dir='ltr'><strong>προήνεγκαν</strong></span> <span class='ocrx_word' id='word_1_963' title='bbox 2543 5023 2556 5037; x_wconf 87' lang='grc'><strong>·</strong></span> <span class='ocrx_word' id='word_1_964' title='bbox 2614 5007 2728 5061; x_wconf 85' lang='grc' dir='ltr'><strong>ἀλλ’</strong></span> <span class='ocrx_word' id='word_1_965' title='bbox 2771 5008 2861 5061; x_wconf 78' lang='grc' dir='ltr'><strong>ὅτε</strong></span> <span class='ocrx_word' id='word_1_966' title='bbox 2913 5005 3204 5073; x_wconf 79' lang='grc' dir='ltr'><strong>ἀπέδειξαν</strong></span> <span class='ocrx_word' id='word_1_967' title='bbox 3224 5046 3239 5072; x_wconf 93' lang='grc'><strong>,</strong></span> <span class='ocrx_word' id='word_1_968' title='bbox 3283 5006 3407 5060; x_wconf 82' lang='grc' dir='ltr'><strong>τότε</strong></span> <span class='ocrx_word' id='word_1_969' title='bbox 3475 5006 3831 5077; x_wconf 87' lang='grc' dir='ltr'><strong>σφοδρότερον</strong></span> 
     </span>
    </p>
   </div>
   <div class='ocr_carea' id='block_1_120' title="bbox 2160 5092 3853 5166">
    <p class='ocr_par' dir='ltr' id='par_1_120' title="bbox 2160 5092 3853 5166">
     <span class='ocr_line' id='line_1_121' title="bbox 2160 5092 3853 5166; baseline -0.001 -18"><span class='ocrx_word' id='word_1_970' title='bbox 2160 5094 2452 5166; x_wconf 85' lang='grc' dir='ltr'><strong>γράφουσι.</strong></span> <span class='ocrx_word' id='word_1_971' title='bbox 2491 5092 2652 5162; x_wconf 88' lang='grc' dir='ltr'><strong>Μέγα</strong></span> <span class='ocrx_word' id='word_1_972' title='bbox 2704 5093 2815 5165; x_wconf 84' lang='grc' dir='ltr'><strong>γὰρ</strong></span> <span class='ocrx_word' id='word_1_973' title='bbox 2869 5094 2903 5164; x_wconf 77' lang='grc' dir='ltr'><strong>ἡ</strong></span> <span class='ocrx_word' id='word_1_974' title='bbox 2957 5094 3227 5149; x_wconf 88' lang='grc' dir='ltr'><strong>ἐπιείκεια</strong></span> <span class='ocrx_word' id='word_1_975' title='bbox 3296 5092 3572 5165; x_wconf 82' lang='grc' dir='ltr'><strong>πανταχοῦ</strong></span> <span class='ocrx_word' id='word_1_976' title='bbox 3630 5094 3853 5147; x_wconf 57' lang='grc' dir='ltr'><strong>καλόν-ς</strong></span> 
     </span>
    </p>
   </div>
   <div class='ocr_carea' id='block_1_121' title="bbox 2160 5180 3824 5252">
    <p class='ocr_par' dir='ltr' id='par_1_121' title="bbox 2160 5180 3824 5252">
     <span class='ocr_line' id='line_1_122' title="bbox 2160 5180 3824 5252; baseline 0 -18"><span class='ocrx_word' id='word_1_977' title='bbox 2160 5181 2432 5235; x_wconf 87' lang='grc' dir='ltr'><strong>ἐπιείκεια</strong></span> <span class='ocrx_word' id='word_1_978' title='bbox 2474 5180 2638 5249; x_wconf 81' lang='grc' dir='ltr'><strong>λέγω,</strong></span> <span class='ocrx_word' id='word_1_979' title='bbox 2670 5180 2730 5234; x_wconf 85' lang='grc' dir='ltr'><strong>ού</strong></span> <span class='ocrx_word' id='word_1_980' title='bbox 2761 5180 3072 5252; x_wconf 47' lang='grc' dir='ltr'><strong>ψυχρότης</strong></span> <span class='ocrx_word' id='word_1_981' title='bbox 3110 5181 3407 5247; x_wconf 85' lang='grc' dir='ltr'><strong>ἐπιείκεια,</strong></span> <span class='ocrx_word' id='word_1_982' title='bbox 3445 5181 3508 5234; x_wconf 85' lang='grc' dir='ltr'><strong>ού</strong></span> <span class='ocrx_word' id='word_1_983' title='bbox 3536 5181 3824 5234; x_wconf 85' lang='grc' dir='ltr'><strong>κολακεία·</strong></span> 
     </span>
    </p>
   </div>
   <div class='ocr_carea' id='block_1_122' title="bbox 2161 5266 3342 5340">
    <p class='ocr_par' dir='ltr' id='par_1_122' title="bbox 2161 5266 3342 5340">
     <span class='ocr_line' id='line_1_123' title="bbox 2161 5266 3342 5340; baseline -0.001 -17"><span class='ocrx_word' id='word_1_984' title='bbox 2161 5269 2295 5323; x_wconf 81' lang='grc' dir='ltr'><strong>πολὺ</strong></span> <span class='ocrx_word' id='word_1_985' title='bbox 2320 5267 2430 5340; x_wconf 89' lang='grc' dir='ltr'><strong>γάρ</strong></span> <span class='ocrx_word' id='word_1_986' title='bbox 2456 5266 2627 5321; x_wconf 86' lang='grc' dir='ltr'><strong>ταῦτα</strong></span> <span class='ocrx_word' id='word_1_987' title='bbox 2651 5267 2935 5340; x_wconf 86' lang='grc' dir='ltr'><strong>διέστηκεν</strong></span> <span class='ocrx_word' id='word_1_988' title='bbox 2954 5269 3051 5322; x_wconf 82' lang='grc' dir='ltr'><strong>ἀπ’</strong></span> <span class='ocrx_word' id='word_1_989' title='bbox 3074 5267 3342 5338; x_wconf 78' lang='grc' dir='ltr'><strong>ἀλλήλων.</strong></span> 
     </span>
    </p>
   </div>
   <div class='ocr_carea' id='block_1_123' title="bbox 2230 5348 3821 5423">
    <p class='ocr_par' dir='ltr' id='par_1_123' title="bbox 2230 5348 3821 5423">
     <span class='ocr_line' id='line_1_124' title="bbox 2230 5348 3821 5423; baseline -0.002 -18"><span class='ocrx_word' id='word_1_990' title='bbox 2230 5350 2397 5405; x_wconf 82' lang='grc' dir='ltr'><strong>Οὐδὲν</strong></span> <span class='ocrx_word' id='word_1_991' title='bbox 2427 5348 2583 5423; x_wconf 69' lang='grc'><strong>[251]</strong></span> <span class='ocrx_word' id='word_1_992' title='bbox 2611 5351 2881 5422; x_wconf 79' lang='grc' dir='ltr'><strong>ἐτράχυνε</strong></span> <span class='ocrx_word' id='word_1_993' title='bbox 2912 5349 3146 5416; x_wconf 88' lang='grc' dir='ltr'><strong>Παῦλον,</strong></span> <span class='ocrx_word' id='word_1_994' title='bbox 3183 5349 3336 5403; x_wconf 79' lang='grc' dir='ltr'><strong>οὐδὲν</strong></span> <span class='ocrx_word' id='word_1_995' title='bbox 3384 5349 3611 5420; x_wconf 83' lang='grc' dir='ltr'><strong>Πέτρον.</strong></span> <span class='ocrx_word' id='word_1_996' title='bbox 3651 5350 3821 5403; x_wconf 80' lang='grc' dir='ltr'><strong>ὀταν</strong></span> 
     </span>
    </p>
   </div>
   <div class='ocr_carea' id='block_1_124' title="bbox 2161 5435 3856 5512">
    <p class='ocr_par' dir='ltr' id='par_1_124' title="bbox 2161 5435 3856 5512">
     <span class='ocr_line' id='line_1_125' title="bbox 2161 5435 3856 5512; baseline -0.002 -20"><span class='ocrx_word' id='word_1_997' title='bbox 2161 5440 2289 5512; x_wconf 79' lang='grc' dir='ltr'><strong>ἔχῃς</strong></span> <span class='ocrx_word' id='word_1_998' title='bbox 2325 5435 2654 5505; x_wconf 81' lang='grc' dir='ltr'><strong>ἀποδείξεις,</strong></span> <span class='ocrx_word' id='word_1_999' title='bbox 2687 5438 2740 5492; x_wconf 86' lang='grc' dir='ltr'><strong>τί</strong></span> <span class='ocrx_word' id='word_1_1000' title='bbox 2777 5437 2972 5510; x_wconf 76' lang='grc' dir='ltr'><strong>ὀργίζῃ</strong></span> <span class='ocrx_word' id='word_1_1001' title='bbox 3000 5454 3015 5504; x_wconf 86' lang='lat'><strong>;</strong></span> <span class='ocrx_word' id='word_1_1002' title='bbox 3050 5437 3084 5508; x_wconf 82' lang='grc' dir='ltr'>ἢ</span> <span class='ocrx_word' id='word_1_1003' title='bbox 3124 5437 3213 5490; x_wconf 86' lang='grc' dir='ltr'><strong>ῐνα</strong></span> <span class='ocrx_word' id='word_1_1004' title='bbox 3242 5437 3336 5489; x_wconf 75' lang='grc' dir='ltr'><strong>καὶ</strong></span> <span class='ocrx_word' id='word_1_1005' title='bbox 3355 5435 3561 5498; x_wconf 87' lang='grc' dir='ltr'><strong>ταύτας</strong></span> <span class='ocrx_word' id='word_1_1006' title='bbox 3588 5436 3856 5506; x_wconf 71' lang='grc' dir='ltr'><strong>ἀκύρουςς</strong></span> 
     </span>
    </p>
   </div>
   <div class='ocr_carea' id='block_1_125' title="bbox 2165 5521 3828 5599">
    <p class='ocr_par' dir='ltr' id='par_1_125' title="bbox 2165 5521 3828 5599">
     <span class='ocr_line' id='line_1_126' title="bbox 2165 5521 3828 5599; baseline -0.003 -18"><span class='ocrx_word' id='word_1_1007' title='bbox 2165 5530 2426 5599; x_wconf 53' lang='grc' dir='ltr'><strong>ποιήσῃς</strong></span> <span class='ocrx_word' id='word_1_1008' title='bbox 2472 5526 2589 5578; x_wconf 83' lang='grc' dir='ltr'><strong>Οὐκ</strong></span> <span class='ocrx_word' id='word_1_1009' title='bbox 2634 5525 2749 5579; x_wconf 84' lang='grc' dir='ltr'><strong>ἐστι</strong></span> <span class='ocrx_word' id='word_1_1010' title='bbox 2783 5528 2875 5578; x_wconf 75' lang='grc' dir='ltr'><strong>τὸν</strong></span> <span class='ocrx_word' id='word_1_1011' title='bbox 2924 5523 3278 5596; x_wconf 74' lang='grc' dir='ltr'><strong>ὀργιζόμενον</strong></span> <span class='ocrx_word' id='word_1_1012' title='bbox 3307 5521 3493 5576; x_wconf 86' lang='grc' dir='ltr'><strong>πεῖσαί</strong></span> <span class='ocrx_word' id='word_1_1013' title='bbox 3519 5539 3669 5576; x_wconf 88' lang='grc' dir='ltr'><strong>ποτε.</strong></span> <span class='ocrx_word' id='word_1_1014' title='bbox 3719 5524 3828 5576; x_wconf 82' lang='lat' dir='ltr'><strong>Kal</strong></span> 
     </span>
    </p>
   </div>
   <div class='ocr_carea' id='block_1_126' title="bbox 2163 5607 3826 5685">
    <p class='ocr_par' dir='ltr' id='par_1_126' title="bbox 2163 5607 3826 5685">
     <span class='ocr_line' id='line_1_127' title="bbox 2163 5607 3826 5685; baseline -0.002 -20"><span class='ocrx_word' id='word_1_1015' title='bbox 2163 5615 2287 5685; x_wconf 83' lang='grc' dir='ltr'><strong>χθὲς</strong></span> <span class='ocrx_word' id='word_1_1016' title='bbox 2318 5614 2447 5685; x_wconf 77' lang='grc' dir='ltr'><strong>περὶ</strong></span> <span class='ocrx_word' id='word_1_1017' title='bbox 2475 5612 2648 5684; x_wconf 80' lang='grc' dir='ltr'><strong>ὀργῆς</strong></span> <span class='ocrx_word' id='word_1_1018' title='bbox 2679 5611 3030 5682; x_wconf 84' lang='grc' dir='ltr'><strong>διελέχθημεν</strong></span> <span class='ocrx_word' id='word_1_1019' title='bbox 3053 5626 3066 5641; x_wconf 78' lang='grc'><em>³</em></span> <span class='ocrx_word' id='word_1_1020' title='bbox 3100 5609 3253 5664; x_wconf 81' lang='grc' dir='ltr'><strong>οὐδὲν</strong></span> <span class='ocrx_word' id='word_1_1021' title='bbox 3280 5608 3336 5663; x_wconf 84' lang='grc' dir='ltr'><strong>δέ</strong></span> <span class='ocrx_word' id='word_1_1022' title='bbox 3366 5607 3564 5663; x_wconf 81' lang='grc' dir='ltr'><strong>κωλύει</strong></span> <span class='ocrx_word' id='word_1_1023' title='bbox 3600 5611 3693 5662; x_wconf 78' lang='grc' dir='ltr'><strong>καὶ</strong></span> <span class='ocrx_word' id='word_1_1024' title='bbox 3731 5612 3826 5682; x_wconf 82' lang='grc' dir='ltr'><strong>τή-</strong></span> 
     </span>
    </p>
   </div>
   <div class='ocr_carea' id='block_1_127' title="bbox 2167 5694 3828 5772">
    <p class='ocr_par' dir='ltr' id='par_1_127' title="bbox 2167 5694 3828 5772">
     <span class='ocr_line' id='line_1_128' title="bbox 2167 5694 3828 5772; baseline -0.001 -20"><span class='ocrx_word' id='word_1_1025' title='bbox 2167 5718 2333 5772; x_wconf 55' lang='grc' dir='ltr'><strong>μερον</strong></span> <span class='ocrx_word' id='word_1_1026' title='bbox 2358 5718 2369 5730; x_wconf 91' lang='grc'><strong>·</strong></span> <span class='ocrx_word' id='word_1_1027' title='bbox 2423 5701 2454 5769; x_wconf 82' lang='grc' dir='ltr'><strong>ἠ</strong></span> <span class='ocrx_word' id='word_1_1028' title='bbox 2485 5699 2593 5770; x_wconf 78' lang='grc' dir='ltr'><strong>γὰρ</strong></span> <span class='ocrx_word' id='word_1_1029' title='bbox 2653 5699 2902 5770; x_wconf 86' lang='grc' dir='ltr'><strong>συνέχεια</strong></span> <span class='ocrx_word' id='word_1_1030' title='bbox 2954 5699 3082 5763; x_wconf 74' lang='grc' dir='ltr'><strong>ἴσως</strong></span> <span class='ocrx_word' id='word_1_1031' title='bbox 3116 5694 3413 5770; x_wconf 84' lang='grc' dir='ltr'><strong>ἐργάσεταί</strong></span> <span class='ocrx_word' id='word_1_1032' title='bbox 3445 5713 3520 5750; x_wconf 87' lang='grc' dir='ltr'><strong>τι.</strong></span> <span class='ocrx_word' id='word_1_1033' title='bbox 3557 5697 3670 5750; x_wconf 80' lang='lat' dir='ltr'><strong>Kal</strong></span> <span class='ocrx_word' id='word_1_1034' title='bbox 3719 5697 3828 5768; x_wconf 90' lang='grc' dir='ltr'><strong>γάρ</strong></span> 
     </span>
    </p>
   </div>
   <div class='ocr_carea' id='block_1_128' title="bbox 2167 5782 3856 5858">
    <p class='ocr_par' dir='ltr' id='par_1_128' title="bbox 2167 5782 3856 5858">
     <span class='ocr_line' id='line_1_129' title="bbox 2167 5782 3856 5858; baseline -0.003 -18"><span class='ocrx_word' id='word_1_1035' title='bbox 2167 5789 2452 5858; x_wconf 80' lang='grc' dir='ltr'><strong>φάρμακον</strong></span> <span class='ocrx_word' id='word_1_1036' title='bbox 2503 5788 2564 5840; x_wconf 72' lang='grc' dir='ltr'><strong>τὸ</strong></span> <span class='ocrx_word' id='word_1_1037' title='bbox 2623 5786 2851 5856; x_wconf 83' lang='grc' dir='ltr'><strong>δύναμιν</strong></span> <span class='ocrx_word' id='word_1_1038' title='bbox 2877 5785 2998 5857; x_wconf 84' lang='grc' dir='ltr'><strong>έχον</strong></span> <span class='ocrx_word' id='word_1_1039' title='bbox 3047 5785 3308 5857; x_wconf 86' lang='grc' dir='ltr'><strong>ἀφανίσαι</strong></span> <span class='ocrx_word' id='word_1_1040' title='bbox 3361 5782 3601 5855; x_wconf 88' lang='grc' dir='ltr'><strong>τραῦμα,</strong></span> <span class='ocrx_word' id='word_1_1041' title='bbox 3647 5783 3712 5837; x_wconf 85' lang='grc' dir='ltr'><strong>ἂν</strong></span> <span class='ocrx_word' id='word_1_1042' title='bbox 3753 5784 3856 5855; x_wconf 65' lang='grc' dir='ltr'><strong>μὴ¹</strong></span> 
     </span>
    </p>
   </div>
   <div class='ocr_carea' id='block_1_129' title="bbox 2230 5900 3849 5983">
    <p class='ocr_par' dir='ltr' id='par_1_129' title="bbox 2230 5900 3849 5983">
     <span class='ocr_line' id='line_1_130' title="bbox 2230 5900 3849 5983; baseline -0.001 -34"><span class='ocrx_word' id='word_1_1043' title='bbox 2230 5901 2416 5983; x_wconf 42' lang='grc' dir='ltr'><strong>εῃιροιη</strong></span> <span class='ocrx_word' id='word_1_1044' title='bbox 2442 5903 2775 5966; x_wconf 75' lang='grc' dir='ltr'><strong>ἐκπιπτούσης,</strong></span> <span class='ocrx_word' id='word_1_1045' title='bbox 2823 5907 2909 5970; x_wconf 82' lang='grc' dir='ltr'><strong>δρα</strong></span> <span class='ocrx_word' id='word_1_1046' title='bbox 2933 5904 3120 5964; x_wconf 80' lang='grc' dir='ltr'><strong>αύτούς.</strong></span> <span class='ocrx_word' id='word_1_1047' title='bbox 3195 5903 3224 5946; x_wconf 66' lang='grc' dir='ltr'><strong>δ</strong></span> <span class='ocrx_word' id='word_1_1048' title='bbox 3251 5904 3456 5964; x_wconf 82' lang='lat' dir='ltr'><strong>Quidam</strong></span> <span class='ocrx_word' id='word_1_1049' title='bbox 3479 5901 3628 5959; x_wconf 84' lang='grc' dir='ltr'><strong>πολλή</strong></span> <span class='ocrx_word' id='word_1_1050' title='bbox 3655 5900 3702 5949; x_wconf 83' lang='grc' dir='ltr'><strong>δὲ</strong></span> <span class='ocrx_word' id='word_1_1051' title='bbox 3726 5900 3849 5949; x_wconf 63' lang='grc' dir='ltr'><strong>ἐστι»-</strong></span> 
     </span>
    </p>
   </div>
   <div class='ocr_carea' id='block_1_130' title="bbox 2173 5975 2328 6022">
    <p class='ocr_par' dir='ltr' id='par_1_130' title="bbox 2173 5975 2328 6022">
     <span class='ocr_line' id='line_1_131' title="bbox 2173 5975 2328 6022; baseline 0 -10"><span class='ocrx_word' id='word_1_1052' title='bbox 2173 5975 2328 6022; x_wconf 70' lang='grc' dir='ltr'><strong>τξιόη.</strong></span> 
     </span>
    </p>
   </div>
  </div>
