4104 6148
242 280 348 337 2'57

255 393 495 465 συνεχῶς
542 391 790 463 ἐπιτεθῇ,
837 389 897 444 τὸ
929 391 1039 444 πᾶν
1075 388 1347 444 ἀπώλεσε.
1409 389 1496 462 Μὴ
1541 390 1605 462 δή
1651 389 1922 462 νομίζετε,

253 481 599 549 κατάγνωσιν
629 477 784 550 ὑμῶν
833 475 994 545 εἶναι,
1027 476 1090 530 τὸ
1128 477 1369 548 συνεχῶς
1422 480 1551 550 περὶ
1587 478 1696 532 τῶν
1745 478 1926 532 αὐτῶν

253 566 596 637 διαλέγεσθαι
622 583 637 598 ο
666 566 714 618 εἰ
765 565 874 636 γὰρ
915 564 1380 636 κατεγνώκειμεν,
1411 566 1510 619 οὑκ
1553 565 1620 620 ἂν
1644 565 1925 637 διελέχθη·-

259 673 360 727 μεν
378 672 394 688 ⁸
421 654 517 710 νῦν
549 654 605 708 δὲ
626 652 940 717 ἐλπίζοντες
979 653 1193 724 μεγάλα
1217 655 1367 724 ἡμᾶς
1391 654 1719 724 κερδαίνειν,
1751 654 1928 708 ταῦτα

255 742 629 814 φθεγγόμεθα.
689 742 818 797 Εἴθε
895 743 1004 812 γάρ
1055 743 1297 813 συνεχῶς
1367 741 1499 812 περὶ
1570 742 1679 795 τῶν
1755 741 1933 795 αὐτῶν

257 833 545 903 ὶλέγομενί
579 831 689 886 εῐθε
751 831 888 902 μηδὲ
945 827 1016 902 ἦν
1045 831 1178 902 ἄλλη
1226 849 1310 895 τις
1365 830 1537 900 λόγων
1591 831 1848 895 ὑπόθεσις
1901 831 1934 903 ἢ

259 921 499 990 φροντὶς,
534 919 648 973 ἀλλ’
683 920 833 982 ὅπως
865 919 975 971 τῶν
1005 918 1193 972 παθῶν
1217 921 1581 991 κρατήσωμεν
1604 921 1711 974 τῶν
1736 919 1937 990 ἡμετέ-

260 1009 395 1076 ρωνί
431 1007 554 1070 Πῶς
577 1007 686 1078 γὰρ
710 1008 810 1060 οὑκ
833 1005 1053 1069 ἄτοπον,
1082 1006 1362 1075 βασιλεῦσι
1379 1008 1477 1078 μὲν
1499 1009 1557 1060 ἐν
1586 1011 1766 1080 τρυφῇ
1801 1007 1935 1072 ζῶσι

259 1096 356 1150 καὶ
385 1095 624 1166 τοσαύτῃ
653 1097 784 1166 τιμῇ
818 1095 1023 1165 μηδένα
1052 1091 1189 1149 εἶναι
1221 1095 1400 1164 λόγον,
1424 1097 1564 1168 μήτε
1599 1097 1692 1150 ἐπὶ
1727 1096 1937 1165 τραπέ-

259 1189 381 1260 ζης.
422 1187 556 1258 μηδὲ
579 1188 636 1238 ἐν
657 1185 800 1254 ἄλλῳ
834 1185 1024 1256 μηδενὶ
1053 1185 1251 1257 καιρῷ,
1293 1185 1428 1240 ἀλλά
1485 1185 1604 1250 πῶς
1638 1186 1798 1255 μόνον
1825 1185 1936 1237 τῶν

260 1274 537 1345 πολεμίων
569 1283 588 1305 ⁸
625 1274 902 1344 κρατῆσαι
961 1273 1061 1338 δεῖ,
1093 1275 1188 1326 καὶ
1220 1271 1310 1326 διὰ
1344 1273 1503 1326 τοῦτο
1534 1272 1656 1326 καθ’
1692 1272 1933 1343 ἑκάστην

259 1359 476 1430 ἡμέραν
499 1356 789 1424 συλλόγους
815 1359 1011 1419 ποιεῖν,
1041 1358 1136 1409 καὶ
1172 1359 1510 1427 στρατηγοὺς
1535 1357 1628 1410 καὶ
1662 1355 1929 1428 στρατιώ·

261 1462 363 1509 τας
383 1444 725 1509 καταλέγειν,
759 1446 854 1498 καὶ
873 1445 1071 1514 φόρους
1100 1445 1374 1508 ἀπαιτεῖν,
1395 1444 1488 1497 καὶ
1505 1445 1614 1497 τῶν
1643 1445 1936 1498 πολιτικῶν

265 1533 606 1604 πραγμάτων
627 1531 830 1594 ταύτας
846 1532 940 1584 δύο
965 1532 1145 1594 αἰτίας
1167 1532 1470 1599 ἀναγκαίας
1493 1529 1631 1585 εἶναι
1663 1533 1934 1603 ἡγεῖσθαι,

263 1621 409 1684 ὅπως
441 1621 533 1673 καὶ
577 1619 686 1672 τῶν
731 1617 1108 1689 πολεμούντων
1160 1621 1498 1690 κρατήσωσι,
1543 1621 1638 1673 καὶ
1682 1621 1808 1683 τοὺς
1857 1621 1937 1672 οἰ-

264 1707 448 1770 κείους
500 1707 558 1759 ἐν
614 1707 805 1777 εἰρήνῃ
856 1707 1306 1775 καταστήσωσινο
1357 1707 1505 1776 ἡμᾶς
1552 1706 1607 1758 δέ
1640 1707 1776 1777 μηδὲ
1807 1706 1938 1777 ὄναρ

265 1794 444 1846 θέλειν
476 1793 545 1845 τὰ
592 1793 818 1846 τοιαῦτα
873 1792 1240 1860 διαλέγεσθαι,
1285 1792 1402 1846 ἀλλ’
1430 1795 1583 1856 ὅπως
1627 1794 1729 1862 μὲν
1769 1795 1938 1864 ἀγρὸν

264 1880 629 1951 ὡνησὼμεθα,
657 1880 750 1934 καὶ
789 1881 938 1942 ὅπως
969 1880 1303 1951 ἀνδράποδα,
1337 1881 1432 1933 καὶ
1452 1881 1601 1942 ὅπως
1637 1881 1808 1934 πλείω
1839 1881 1938 1951 τὴν

263 1967 454 2018 οὑσίαν
487 1967 825 2036 ποιήσωμεν,
854 1964 978 2018 καθ’
1024 1966 1261 2036 ἑκάστην
1312 1965 1527 2036 ἡμέραν
1562 1966 1936 2037 διαλεγόμενοι

263 2053 324 2105 ού
351 2052 702 2124 λαμϐάνομεν
727 2052 887 2122 κόρον
911 2068 924 2081 ο
953 2053 1080 2123 περί
1102 2053 1158 2105 δὲ
1184 2052 1292 2106 τῶν
1328 2055 1385 2105 ἐν
1424 2056 1556 2124 ἡμῖν
1596 2055 1938 2124 πραγμάτων

265 2139 491 2193 καὶτῶν
511 2140 679 2202 ὅντως
705 2139 860 2210 ήμῶν
885 2139 1009 2192 οὔτε
1040 2141 1192 2192 αύτοί
1233 2139 1414 2206 λέγειν
1455 2141 1782 2212 βουλόμεθα,
1817 2142 1938 2194 ούδέ

266 2228 468 2297 ἐτέρων
519 2228 787 2295 λεγόντων
824 2227 1129 2297 ἀνεχόμεθα
1180 2227 1427 2293 ἀκούειν;
1467 2229 1601 2300 Περὶ
1643 2229 1787 2292 τίνος
1821 2225 1935 2292 οὖν,

265 2315 388 2368 εἰπέ
442 2333 550 2385 μοι,
612 2314 956 2383 διαλέγεσθαι
1021 2315 1244 2385 βούλεις
1305 2317 1436 2386 περί
1458 2313 1718 2386 ἀρίστου;
1775 2315 1937 2370 Ἀλλά

263 2403 438 2456 ταῦτα
479 2402 758 2472 μαγείρων
812 2401 879 2454 τὰ
924 2403 1165 2472 ῥήματα.
1219 2403 1380 2455 Ἀλλά
1424 2405 1552 2473 περὶ
1599 2404 1932 2475 χρημάτωη

276 2491 438 2544 Ἀλλά
463 2493 638 2545 ταῦτα
669 2490 929 2562 καπήλων
979 2493 1074 2544 καὶ
1132 2494 1410 2563 ἐμπόρων.
1448 2494 1608 2546 Ἀλλά
1642 2496 1769 2566 περὶ
1821 2512 1937 2547 κτι-

267 2580 526 2650 sparum;
572 2578 732 2631 Ἀλλά
754 2577 930 2632 ταῦτα
966 2579 1238 2632 τεκτόνων
1279 2581 1374 2633 καὶ
1419 2582 1739 2652 οἰκοδόμων.
1775 2583 1938 2636 Ἀλλά

263 2668 394 2736 περὶ
430 2667 568 2736 γῆς;
614 2665 772 2719 Ἀλλά
804 2665 975 2718 ταῦτα
999 2667 1279 2738 γεωργῶν.
1319 2667 1510 2738 Ἢμῶν
1549 2669 1606 2721 δὲ
1639 2668 1792 2722 οὐδὲν
1821 2670 1938 2722 ἕτε-

267 2755 359 2826 ρόν
378 2756 526 2808 ἐστιν
548 2754 730 2824 ἔργον,
765 2753 884 2806 ἀλλ’
915 2754 948 2824 ἢ
980 2753 1100 2817 πῶς
1139 2753 1372 2808 πλοῦτον
1411 2757 1882 2828 περιποιησόμεθα
1908 2758 1938 2798 ι)

261 2845 329 2912 τῇ
359 2842 526 2912 ψυχῇ.
553 2841 646 2912 Μὴ
666 2842 846 2895 τοίνυν
873 2840 1188 2912 προσκορὴς
1213 2842 1241 2894 ὁ
1275 2842 1432 2910 λόγος
1464 2842 1719 2911 γινέσθω.
1757 2845 1856 2898 ma
1886 2844 1938 2898 τί

262 2929 371 3000 γὰρ
408 2927 597 2999 μηδεὶς
623 2928 846 2997 ἐγκαλεῖ
880 2927 960 2998 τῷ
994 2928 1164 2998 ἰατρῷ
1201 2929 1328 2998 περὶ
1371 2931 1624 3001 ἰατρικῆς
1652 2931 1740 2984 ἀεὶ
1761 2931 1939 2984 διαλε-

260 3016 498 3086 γομένῳ,
533 3015 670 3086 μηδὲ
717 3018 829 3074 τοῖς
885 3015 1065 3079 ἄλλοις
1115 3017 1228 3078 τοῖς
1278 3015 1629 3087 δημιουργοῖς
1660 3019 1788 3088 περὶ
1828 3018 1938 3073 τῶν

262 3098 477 3150 οἰκείων
529 3097 734 3167 τεχνῶν
773 3097 1061 3164 λέγουσιν;
1102 3097 1162 3149 Εἰ
1204 3097 1302 3167 μὲν
1335 3098 1444 3168 γάρ
1492 3097 1666 3161 οὕτως
1701 3101 1837 3170 ήμῖν
1869 3097 1938 3171 ἦν

262 3179 672 3250 κατωρθωμένα
704 3179 774 3233 τὰ
819 3180 928 3233 τῶν
971 3179 1187 3243 παθῶν,
1215 3180 1290 3244 ὡς
1328 3181 1402 3252 μὴ
1437 3181 1645 3234 δεῖσθαι
1691 3183 1939 3256 ὑπομνή-

264 3282 424 3330 σεως,
453 3265 679 3330 εἰκότως
701 3266 767 3320 ἄν
793 3285 875 3330 τις
893 3269 1028 3338 ήμῐν
1044 3266 1330 3321 ἐνεκάλεσε
1357 3268 1668 3339 φιλοτιμίαν
1699 3271 1793 3324 καὶ
1819 3273 1938 3326 ἐπί-

259 3353 457 3418 δειξινο
493 3354 698 3424 μᾶλλον
729 3355 785 3408 δὲ
817 3355 940 3409 οὑδέ
961 3354 1158 3419 οὑτως.
1194 3353 1258 3408 Εἰ
1313 3355 1424 3427 γὰρ
1455 3357 1550 3409 καὶ
1580 3357 1934 3426 κατώρθωτο,

262 3443 358 3499 καὶ
388 3441 561 3504 οῦτως
594 3443 762 3513 ἐχρῆν
787 3442 1152 3512 διαλέγεσθαι,
1183 3441 1324 3496 ὥστε
1356 3444 1434 3513 μὴ
1465 3444 1793 3499 ἀναπεσεῖνο
1815 3448 1938 3501 ἐπεὶ

262 3529 361 3588 καὶ
393 3530 567 3600 ἰατροὶ
595 3531 716 3599 οὐχὶ
745 3529 1012 3591 νοσοῦσιν,
1053 3530 1193 3585 ἀλλά
1225 3531 1317 3583 καὶ
1347 3531 1653 3599 ὑγιαίνουσι
1672 3533 1939 3604 διαλέγον-

261 3633 376 3681 ται,
413 3616 509 3668 καὶ
565 3614 713 3669 ἐστιν
757 3617 942 3680 αὑτοῖς
992 3615 1172 3686 βιϐλία
1224 3617 1481 3689 τοιαύτης
1527 3621 1933 3691 πραγματείας,

261 3707 374 3766 τοῖς
397 3703 518 3773 μὲν,
549 3704 640 3757 ἵνα
664 3704 763 3775 τῆς
795 3704 952 3757 νόσου
1007 3704 1419 3769 ἀπαλλάττωσι,
1451 3709 1564 3770 τοῖς
1589 3708 1667 3772 δὲ,
1721 3710 1808 3762 ἴνα
1837 3710 1936 3780 τὴν

264 3791 454 3858 ὑγείαν
487 3791 942 3860 διαφυλάττωσιν.
973 3791 1139 3846 Ὥστε
1197 3794 1244 3844 εί
1285 3793 1382 3846 καὶ
1433 3793 1773 3865 ὑγιαίνομεν,
1817 3797 1935 3849 οὐδὲ

262 3878 437 3939 οὕτως
462 3878 765 3948 ἀποστῆναι
795 3879 984 3949 ἐχρῆν,
1010 3878 1151 3933 ἀλλά
1193 3878 1370 3933 πάντα
1402 3884 1574 3933 ποιεῖν
1593 3881 1734 3936 ὥστε
1757 3884 1938 3956 διατη-

265 3965 496 4038 ρηθῆναι
516 3965 615 4036 τὴν
636 3965 823 4033 ὑγείαν
849 3968 1000 4037 ήμῖν.

332 4059 404 4122 γ’.
432 4055 600 4107 Ὅταν
633 4053 690 4107 δὲ
705 4055 798 4107 καὶ
824 4056 1091 4125 νοσῶμεν,
1119 4056 1278 4128 διπλῆ
1314 4057 1422 4110 τῶν
1447 4056 1670 4130 λόγωνή
1697 4061 1932 4133 ἀνάγκηο

267 4141 365 4213 μία
403 4142 522 4212 μέν,
576 4141 957 4213 ἀπαλλαγῆναι
993 4146 1090 4214 τῆς
1135 4144 1320 4197 νόσου·
1369 4145 1600 4218 δευτέρα
1633 4148 1712 4212 δὲ,
1755 4149 1935 4202 ἀπαλ-

261 4233 526 4302 λαγέντας
577 4233 652 4306 μὴ
704 4237 1022 4304 περιπεσεῖν
1075 4235 1259 4289 πάλιν.
1307 4236 1518 4290 Οὐκοῦν
1562 4238 1933 4310 θεραπευτικῇ

266 4323 474 4394 μεθόδῳ
492 4324 853 4394 διαλεγόμεθα
878 4325 996 4388 νῦν,
1026 4326 1126 4396 οὑχ
1148 4327 1362 4398 ὑγιεινῇ
1393 4329 1773 4399 πραγματείᾳ.
1808 4329 1934 4392 Πῶς

261 4408 354 4464 οἷον
381 4413 446 4467 ἄν
474 4430 557 4476 τις
611 4413 672 4467 τὸ
727 4415 897 4468 κακὸν
945 4415 1105 4468 τοῦτο
1152 4417 1403 4486 ἐκκόψειε
1456 4418 1664 4480 πάθος;
1699 4417 1817 4481 πῶς
1843 4417 1935 4470 τὸν

264 4500 490 4571 σφοδρὸν
507 4502 844 4557 ὑποστείλειε
875 4513 898 4541 ο
934 4503 1204 4573 πυρετόν;
1244 4505 1474 4574 Ἴδωμεν
1508 4504 1670 4558 πόθεν
1716 4505 1930 4574 ἐτέχθη,

261 4586 412 4663 [25η
442 4589 646 4659 καὶτὴν
677 4589 856 4642 αἰτίαν
891 4591 1188 4660 ἀνέλωμεν.
1215 4590 1386 4644 Πόθεν
1399 4591 1678 4644 τίκτεσθαι
1706 4591 1930 4659 εἰωθεν;

274 4679 365 4744 Ἐξ
379 4676 690 4742 ἀλαζονείας
708 4681 803 4732 καὶ
819 4680 1077 4743 ἀπονοίας
1091 4681 1254 4751 πολλῆ
1264 4681 1534 4751 ς.Ταύτην
1553 4677 1644 4734 οῦν
1657 4683 1933 4753 ἀνέλωμεν

263 4765 360 4837 τὴν
378 4764 578 4828 αἰτίαν,
602 4765 696 4817 καὶ
730 4765 1098 4836 συνανῄρηται
1119 4767 1210 4818 καὶ
1232 4767 1294 4820 τὸ
1317 4765 1550 4836 νόσημα.
1567 4767 1631 4820 Τί
1660 4768 1715 4821 δὲ
1741 4771 1773 4840 ή
1802 4769 1934 4822 ἀλα·-

262 4853 474 4919 Cavea;
515 4851 681 4905 πόθεν
729 4853 1005 4917 τίκτεται;
1055 4853 1199 4924 τάχα
1239 4853 1350 4926 γὰρ
1407 4854 1572 4908 πάλιν
1612 4857 1695 4924 ἐφ’
1738 4857 1932 4927 ἐτέραν

259 4939 434 5010 ἀρχὴν
479 4938 866 5009 κινδυνεύομεν
918 4938 1183 4992 ἀνελθεῖν.
1241 4939 1452 4994 Οὐκοῦν
1513 4941 1578 5012 ἥν
1615 4939 1682 4993 ἂν
1721 4944 1749 4994 ὁ
1776 4941 1932 5010 λόγος

260 5027 629 5097 ὑφηγήσηται,
675 5026 880 5096 ταύτην
961 5026 1288 5098 βαδίζωμεν,
1338 5027 1488 5091 ὅπως
1540 5028 1791 5082 κάτωθεν
1836 5033 1930 5084 καὶ

259 5111 554 5184 πρόρριζον
583 5113 904 5184 ἀνασπασθῇ
929 5114 986 5166 τὸ
1019 5101 1211 5168 κακόν.
1246 5115 1423 5169 Πόθεν
1439 5111 1577 5188 οῦνή
1613 5117 1930 5183 ἀλαζονεία;

271 5199 368 5252 Ἐκ
388 5200 483 5254 τοῦ
525 5202 600 5271 μὴ
633 5199 1062 5254 ἐπισκέπτεσθαι
1101 5201 1170 5255 τά
1213 5201 1482 5274 ἡμέτερα,
1511 5203 1627 5257 ἀλλ’
1657 5204 1797 5274 ὑπὲρ
1833 5206 1931 5275 μὲν

261 5289 476 5360 φύσεως
503 5289 626 5358 γῆς,
679 5289 856 5342 καίτοι
880 5289 981 5342 οὑκ
1003 5289 1166 5353 ὄντας
1189 5293 1494 5362 γεωργοὺς,
1537 5292 1929 5364 πολυπραγμο-

260 5377 392 5437 νεῖν,
431 5375 525 5426 καὶ
552 5377 691 5446 ὑπὲρ
719 5375 933 5444 φύσεως
959 5377 1164 5446 φυτῶν,
1187 5377 1282 5431 καὶ
1301 5378 1442 5449 ὑπὲρ
1475 5379 1689 5448 φύσεως
1702 5379 1929 5452 χρυσοῦ,

260 5463 440 5517 καίτοι
475 5462 576 5515 οὑκ
596 5462 758 5528 ὄντας
783 5465 1084 5537 ἐμπόρους,
1105 5466 1196 5518 καὶ
1222 5466 1360 5538 ὑπὲρ
1381 5467 1634 5540 ἱματίων,
1663 5467 1756 5521 καὶ
1789 5467 1928 5538 ὑπὲρ

330 5626 834 5714 ςπςὲιιξμοὲἰὲ.ξιρῷ
848 5635 999 5714 ’.ἀξιΞῖ
1009 5637 1147 5714 iam;
1171 5639 1266 5714 τῶν
1287 5639 1544 5714 πολεμίων.
1613 5641 1643 5680 δ
1665 5642 1799 5695 Unus
1823 5647 1926 5704 πῶς

2036 5648 2213 5714 Sum;
2261 5650 2432 5702 Morel.
2479 5626 2912 5714 ἕῐξὲίῖιῖίὧίἲῖιῖῖ

261 5686 465 5738 πλοῦτον
489 5683 820 5753 ἐργασόμεθᾶ.’
867 5697 890 5727 ε
919 5683 1653 5762 Idem'e‘gobgav'bééEé’iIz'cbue.

1051 271 1110 332 s.
1150 276 1436 333 JOANNIS
1473 275 1968 334 cumsosmm
2008 278 2328 336 ARCHIEP.
2369 266 2916 336 CONSTANTINOF‘.

3609 279 3715 336 258

2037 392 2276 446 πάντων·
2293 391 2434 462 ὑπὲρ
2457 393 2514 446 δέ
2531 392 2685 464 ήμῶν
2703 393 2791 446 καί
2809 393 2908 464 τῆς
2923 391 3201 464 ἡμετέρας
3213 395 3430 464 φύσεως
3449 400 3716 470 μηδέποτε

2036 478 2325 550 ἀνέχεσθαι
2377 479 2536 533 τοῦτο
2565 484 2758 533 ποιεῖν.
2809 481 2919 534 Καὶ
2975 481 3058 544 τίς
3089 483 3294 552 ἀγνοεῖ,
3328 486 3484 556 φησί,
3509 488 3609 559 τὴν
3637 491 3719 544 οἰ-

2038 567 2190 621 κείαν
2218 567 2415 638 φύσιν;
2454 567 2666 621 Πολλοίο
2697 568 2838 638 τάχα
2868 569 2925 621 δὲ
2947 569 3152 633 πάντες
3183 570 3324 642 πλὴν
3360 572 3560 642 ὀλίγων
3579 593 3595 608 ο
3622 577 3717 630 καὶ

2037 656 2085 708 εἰ
2112 654 2391 724 βούλεσθε,
2427 653 2680 708 ἐντεῦθεν
2735 656 2949 726 ποιήσω
2990 654 3081 708 τὸν
3125 655 3368 728 ἔλεγχον.
3414 660 3553 714 Εἰπέ
3606 663 3718 735 γάρ

2039 760 2151 810 μοι,
2181 742 2234 796 τί
2253 742 2383 796 ποτέ
2405 745 2552 796 ἐστιν
2573 741 2856 810 ἄνθρωπος
2879 761 2892 806 ;
2915 741 2982 794 EI
3004 759 3089 806 τις
3118 743 3442 816 ἐρωτηθείη,
3467 748 3582 802 Τίνι
3608 750 3717 805 τῶν

2035 828 2246 896 ἀλόγων
2268 828 2540 898 διέστηκε,
2565 827 2684 890 πῶς
2719 829 2990 898 συγγενής
3017 829 3134 881 ἐστι
3165 829 3272 886 τῶν
3313 832 3370 884 ἐν
3401 833 3638 905 οὐρανῷ,
3661 837 3716 889 τί

2035 914 2258 969 δύναται
2314 913 2375 980 ἐξ
2406 913 2692 986 ἀνθρώπου
2741 914 3038 982 γενέσθαι;
3091 915 3166 987 μὴ
3212 917 3501 990 δυνήσεται
3530 920 3590 987 ἐξ
3623 923 3717 975 εύ-

2037 1001 2188 1066 θείας
2237 1001 2647 1075 ἀποκριθῆναιςι
2718 1001 2833 1055 Οὑκ
2871 1001 3048 1071 έγωγε
3087 999 3262 1074 οἶμαι.
3296 1005 3565 1080 Καθάπερ
3605 1011 3714 1082 γὰρ

2035 1093 2128 1144 ἐπί
2157 1090 2289 1162 ῦλης
2325 1092 2490 1155 τινὸς,
2519 1091 2663 1145 οῦτω
2693 1091 2790 1144 καὶ
2834 1091 2927 1143 ἐπὶ
2954 1089 3242 1161 ἀνθρώπου
3266 1092 3326 1145 τὸ
3357 1094 3457 1164 μὲν
3487 1095 3713 1150 ὑποκεί-

2038 1196 2200 1248 μενον
2225 1178 2513 1250 ἄνθρωπος
2536 1195 2549 1209 ³
2590 1179 2813 1232 δύναται
2856 1178 2914 1230 δέ
2945 1178 3205 1246 γενέσθαι
3235 1181 3329 1233 καὶ
3367 1183 3596 1250 ἄγγελος
3621 1185 3715 1237 καὶ

2034 1265 2243 1336 θηρίον.
2273 1262 2422 1334 *Αρα
2442 1268 2503 1319 οὑ
2534 1268 2684 1320 δοκεῖ
2717 1266 2868 1330 ξένος
2889 1262 3030 1319 εἶναι
3049 1267 3078 1318 ὁ
3105 1266 3266 1334 λόγος
3284 1261 3474 1336 οὗτος;
3519 1271 3712 1324 Καίτοι

2037 1352 2296 1417 πολλάκις
2318 1353 2481 1406 αὑτὸν
2506 1353 2564 1405 ἐν
2589 1355 2706 1416 ταῖς
2737 1353 2981 1424 Γραφαῖς
3008 1352 3302 1422 ἠκούσατε.
3333 1356 3472 1425 Περὶ
3491 1357 3588 1426 μὲν
3605 1359 3714 1429 γάρ

2034 1457 2196 1494 τινων
2221 1440 2522 1513 ἀνθρώπων
2549 1441 2894 1510 ἐλέγετο,ὃτι
2941 1442 3225 1510 Ἀγγελος
3275 1443 3495 1511 Κυρίου
3550 1445 3710 1499 ἐστί·

2035 1527 2228 1582 καίὲκ
2284 1530 2554 1598 χειλέων,
2606 1529 2782 1597 φησί,
2845 1529 3055 1590 αὐτοῦ,
3094 1527 3427 1595 ζητήσουσι
3471 1533 3710 1599 κρίσιν’

2040 1617 2134 1670 καὶ
2164 1616 2347 1671 πάλιν·
2384 1616 2769 1670 Ἀποστέλλω
2801 1616 2906 1668 τὸν
2943 1616 3202 1684 ἄγγελόν
3223 1633 3344 1685 μου
3390 1616 3504 1686 πρὸ
3536 1635 3716 1688 πρεσο

2035 1705 2199 1758 ώπου
2233 1720 2386 1759 σου’
2444 1705 2572 1775 περὶ
2608 1702 2665 1756 δέ
2710 1720 2896 1767 τινων,
2929 1705 3152 1771 Ὀφεις,
3198 1703 3542 1773 γεννήματα
3593 1706 3716 1774 ἐχιο

2035 1790 2215 1844 δνῶν.
2257 1791 2457 1844 Λοιπὸν
2489 1792 2554 1860 δὴ
2588 1789 2739 1862 παρά
2769 1791 2895 1852 τοὺς
2931 1791 3247 1860 χρωμένους
3271 1791 3330 1842 τὸ
3367 1793 3476 1843 πᾶν
3492 1791 3716 1846 δύναται

2035 1879 2291 1947 γενέσθαι
2333 1880 2428 1932 καὶ
2473 1878 2727 1947 ἄγγελος,
2761 1877 3159 1947 καὶᾶνθρωπος
3184 1891 3231 1931 ι.
3269 1878 3334 1931 Τί
3357 1877 3519 1946 λέγω,
3549 1881 3716 1948 ἄγγε-

2036 1966 2125 2028 λος
2150 1983 2164 2031 ;
2191 1967 2300 2018 Καὶ
2326 1965 2463 2018 Θεοῦ
2489 1967 2711 2020 τέκνον·
2733 1963 2878 2032 Ἐγὼ
2905 1964 3014 2035 γὰρ
3034 1961 3195 2029 εἶπα,
3221 1965 3376 2035 φησί,
3397 1967 3529 2020 Θεοί
3549 1967 3713 2032 ἐστε,

2043 2053 2141 2106 καὶ
2169 2051 2286 2106 υίοί
2325 2053 2621 2121 ’Υψίστου
2654 2050 2896 2118 πάντες.
2927 2052 3036 2104 Καὶ
3084 2050 3143 2104 τὸ
3181 2051 3245 2121 δὴ
3275 2051 3477 2122 μεῖξον,
3505 2054 3588 2106 ὃτι
3611 2053 3712 2107 τοῦ

2037 2139 2292 2208 γενέσθαι
2332 2141 2428 2192 καὶ
2465 2139 2586 2202 θεὸς
2631 2139 2725 2193 καὶ
2779 2137 3011 2208 ἄγγελος
3053 2139 3145 2191 καὶ
3199 2138 3336 2191 Θεοῦ
3381 2139 3576 2193 τέκνον
3615 2141 3714 2212 τὴν

2037 2227 2284 2293 ἐξουσίαν
2316 2227 2478 2290 αὐτὸς
2511 2227 2936 2297 ἐγκεχείρισται.
2965 2226 3075 2278 Καὶ
3102 2225 3248 2278 ἐστιν
3294 2225 3581 2296 ἄνθρωπος
3616 2229 3716 2296 ἀγ-

2036 2314 2194 2382 γέλου
2250 2314 2602 2385 δημιουργός.
2653 2313 2812 2383 Τάχα
2872 2314 3020 2383 ὑμᾶς
3070 2311 3376 2384 ἐθορύὸησε
3426 2313 3490 2365 τὸ
3523 2313 3712 2384 ρῆμας

2050 2402 2191 2454 Ἀλλ’
2222 2402 2450 2455 ἀκούετε
2475 2400 2568 2455 τοῦ
2603 2399 2842 2472 Χριστοῦ
2872 2401 3151 2469 λέγοντος·
3198 2401 3297 2454 Ἑν
3335 2399 3408 2468 τῇ
3449 2401 3714 2455 ἀναστά-

2037 2506 2128 2544 σει
2149 2492 2289 2544 οϋτε
2312 2490 2609 2560 γαμοῦσιν
2632 2489 2772 2542 οὔτε
2801 2490 3216 2558 γαμίσκονται,
3251 2489 3390 2544 ἀλλ’
3432 2490 3592 2544 εἰσιν
3633 2491 3715 2556 ὡς

2037 2567 2297 2646 ἄγγελον
2335 2576 2428 2630 καὶ
2453 2575 2638 2640 πάλιν,
2689 2575 2751 2629 '0
2781 2575 3120 2644 δυνάμενος
3184 2575 3398 2646 χωρεῖν
3434 2577 3710 2646 χωρείτω.

2039 2664 2217 2726 Ὀλως
2256 2663 2313 2716 δὲ
2366 2665 2401 2734 ή
2455 2662 2626 2735 ἀρετή
2660 2663 2925 2733 ἀγγέλους
2979 2665 3155 2716 ποιεῖ·
3203 2663 3409 2736 ταύτης
3454 2664 3510 2717 δὲ
3553 2667 3715 2736 ήμεῖς

2037 2752 2249 2822 κύριοι·
2283 2751 2392 2822 ἄρα
2443 2750 2706 2819 ἀγγέλους
2759 2749 3037 2820 δυνάμεθα
3086 2749 3462 2822 δημιουργεῖν,
3495 2752 3602 2805 κᾶν
3633 2753 3712 2826 μὴ

2037 2844 2104 2913 τῇ
2134 2841 2316 2910 φύσει,
2343 2839 2481 2894 ἀλλὰ
2505 2842 2571 2912 τῇ
2597 2840 2931 2912 προαιρέσει.
2955 2839 3173 2910 Ταύτης
3197 2840 3295 2910 μέν
3317 2839 3425 2912 γὰρ
3441 2840 3712 2912 ἀπούσης,

2036 2929 2187 2981 οὑδέν
2212 2927 2405 2998 ὄφελος
2432 2926 2666 2996 ἄγγελον
2695 2921 2836 2979 εἶναι
2882 2926 2982 2997 τήν
3025 2926 3216 2997 φύσιν¹
3247 2927 3344 2980 καὶ
3360 2926 3512 2998 δηλοῖ
3541 2929 3568 2980 ό
3591 2929 3713 2982 διά-

2037 3015 2192 3079 ϐολος
2211 3015 2368 3069 τοῦτο
2392 3014 2467 3069 ὣν
2485 3015 2592 3080 πρὸ
2612 3013 2805 3067 τούτου
2830 3030 2842 3042 ·
2873 3013 3077 3085 ταύτης
3112 3015 3169 3068 δὲ
3214 3013 3518 3086 παρούσης,
3557 3015 3713 3070 οὑδέν

2039 3104 2235 3174 βλάϐος
2261 3103 2546 3174 ἄνθρωπον
2576 3098 2839 3175 εἶναιτὴν
2874 3102 3036 3172 φύσιν
3061 3119 3074 3136 ο
3107 3105 3202 3157 καὶ
3247 3103 3398 3172 δηλοῖ
3457 3105 3713 3176 Ἰωάννης

2036 3191 2322 3262 ἄνθρωπος
2347 3189 2444 3255 ὢν,
2473 3191 2568 3243 καὶ
2609 3189 2795 3252 Ἠλίας
2823 3191 2902 3252 εἰς
2921 3188 3014 3242 τὸν
3045 3188 3272 3259 οὑρανὸν
3305 3187 3568 3254 ἀνελθὼν,
3617 3193 3715 3245 καὶ

2037 3279 2237 3341 πάντες
2263 3279 2314 3330 οἰ
2356 3277 2639 3349 μέλλοντες
2667 3279 2893 3333 ἀπιέναι
2927 3280 3062 3332 ἐκεῖ.
3097 3271 3256 3332 Οῦτοι
3287 3278 3387 3350 μὲν
3415 3267 3525 3349 γὰρ
3573 3279 3715 3350 μετά

2039 3366 2290 3436 σώματος
2319 3366 2420 3418 οὑκ
2449 3364 2808 3436 ἐκωλύθησαν
2832 3367 2924 3419 τὸν
2953 3366 3180 3439 οὐρανὸν
3213 3369 3384 3422 οἰκεῖν
3407 3386 3419 3398 ·
3441 3367 3713 3421 ἐκεῖνοιδέ

2035 3454 2318 3525 ἀσώματοι
2347 3454 2520 3520 ὅντες,
2542 3455 2643 3507 οὑκ
2669 3455 3016 3526 ἠδυνήθησαν
3045 3457 3224 3526 μεῖναι
3253 3455 3311 3508 ἐν
3333 3454 3568 3530 οὐρανῷ.
3592 3457 3715 3528 Μη-

2037 3543 2149 3606 δεὶς
2177 3542 2355 3596 τοίνυν
2406 3541 2640 3611 ἀλγείτω
2677 3542 2814 3614 μηδέ
2845 3541 3226 3610 ἀγανακτείτω
3249 3543 3277 3582 ιι
3309 3543 3444 3616 πρὸς
3458 3543 3572 3614 »τὴν
3607 3543 3713 3613 φύ-

2037 3650 2122 3685 σιν
2162 3632 2237 3696 ὠς
2257 3631 2676 3703 ἐμποδίζουσαν,
2713 3629 2847 3683 ἁλλά
2871 3629 3008 3702 πρὸς
3040 3629 3138 3701 τὴν
3171 3629 3512 3702 προαίρεσιν.
3556 3633 3715 3687 Λέων

2035 3721 2242 3784 ἐκεῖνος
2265 3719 2482 3789 ἐγένετο
2517 3718 2577 3785 ἐξ
2597 3718 2924 3789 ἀσωμάτου·
2962 3719 3095 3772 ’ἰδοὺ
3148 3720 3279 3788 γὰρ,
3338 3721 3492 3790 φησὶ,
3525 3721 3578 3774 Ὁ
3619 3723 3715 3790 ἐχο

2035 3809 2174 3876 θρὸς
2203 3807 2372 3878 ἡμῶν
2407 3808 2488 3874 ὡς
2517 3807 2676 3862 λέων
2713 3806 3050 3875 ὠρυόμενος
3087 3807 3482 3876 περιέρχεται,
3526 3808 3714 3876 ζητῶν

2036 3897 2173 3950 τίνα
2201 3897 2489 3964 καταπίῃ·
2514 3897 2675 3967 ήμεῖς
2707 3893 2928 3962 ἄγγελοι
2967 3893 3076 3946 ἀπὸ
3122 3894 3412 3964 σωμάτων.
3444 3896 3714 3968 Καθάπερ

2035 3985 2146 4055 γὰρ
2173 3983 2227 4036 εἰ
2242 4001 2326 4047 τις
2359 3983 2496 4055 ῦλην
2520 3981 2698 4053 εὑρὼν
2749 3981 3064 4052 πολύτιμον,
3097 3981 3196 4035 οὑκ
3237 3981 3312 4036 ὢν
3342 3983 3614 4053 τεχνίτης,
3644 3986 3713 4038 ἂν

2037 4072 2428 4143 καταφρονήσῃ
2455 4071 2657 4140 ταύτης
2685 4069 2856 4142 [253],
2880 4069 3129 4141 μεγάλως
3149 4070 3576 4142 ζημιωθήσεται,
3598 4069 3713 4128 οἷον

2036 4159 2068 4230 ἢ
2099 4158 2523 4231 μαργαρίτας,ἢ
2557 4158 2768 4228 κόχλον,
2805 4157 3050 4229 ἥέτερόν
3091 4175 3146 4210 τι
3178 4157 3422 4212 τοιοῦτον
3445 4175 3458 4188 '
3485 4160 3628 4214 οῦτω
3644 4163 3710 4234 δὴ

2034 4247 2129 4299 καὶ
2154 4248 2314 4317 ἡμεῖς
2343 4246 2437 4299 ἐὰν
2459 4247 2819 4316 ἀγνοήσωμεν
2848 4244 2946 4316 τὴν
2969 4245 3245 4319 ἡμετέραν
3279 4245 3463 4316 φύσιν,
3499 4248 3708 4318 σφόδρα

2033 4333 2203 4403 αὑτῆς
2224 4333 2712 4405 καταφρονήσομεν
2732 4348 2745 4363 ·
2767 4332 2833 4386 ἂν
2882 4333 2938 4386 δὲ
2983 4333 3219 4403 γνῶμεν,
3276 4334 3476 4406 πολλὴν
3504 4336 3709 4389 ἐπιδει-

2036 4418 2236 4489 ξόμεθα
2262 4420 2522 4491 σπουδὴν,
2554 4420 2650 4474 καὶ
2698 4419 2768 4474 τά
2817 4420 3048 4492 μέγιστα
3100 4421 3532 4492 καρπωσόμεθα.
3577 4424 3711 4476 Ἀπὸ

2033 4507 2140 4577 γὰρ
2157 4507 2356 4578 ταύτης
2385 4507 2600 4578 ἱμάτιον
2625 4507 2832 4576 γίνεται
2865 4507 3159 4578 βασιλικὸν,
3195 4509 3302 4561 ἀπὸ
3329 4511 3535 4580 ταύτης
3560 4511 3710 4563 οἰκία

2033 4593 2242 4660 γίνεται
2275 4593 2551 4666 βασιλικὴ,
2579 4595 2688 4648 ἀπὸ
2730 4595 2935 4666 ταύτης
2978 4595 3114 4665 μέλη
3159 4595 3371 4662 γίνεται
3417 4596 3706 4666 βασιλικάο

2033 4681 2210 4733 πάντα
2243 4681 2496 4750 βασιλικά
2519 4694 2567 4737 ο.
2594 4682 2687 4752 Μὴ
2717 4681 2781 4753 δὴ
2805 4682 3278 4752 καταχρησώμεθα
3307 4684 3387 4746 εἰς
3421 4684 3704 4758 βλάϐηντῇ

2031 4767 2207 4838 οἰκείᾳ
2229 4769 2407 4835 φύσει.
2437 4769 2618 4840 Βραχύ
2650 4786 2702 4822 τι
2736 4771 2877 4846 ,παρ’
2924 4769 3191 4836 ἀγγέλους
3225 4772 3374 4840 ἡμᾶς
3400 4771 3702 4841 ἠλάττωσε,

2032 4853 2108 4924 τῷ
2129 4855 2340 4925 θανάτῳ
2360 4856 2522 4922 λέγωο
2555 4856 2691 4909 ἀλλά
2712 4858 2811 4909 καὶ
2844 4856 3002 4908 τοῦτο
3033 4857 3418 4928 ἀπειλήφαμεν
3430 4859 3490 4910 τὸ
3507 4857 3702 4928 βραχύ.

2033 4941 2196 4994 Οὑδὲν
2225 4937 2316 4994 οῦν
2345 4941 2404 4994 τὸ
2428 4941 2637 4994 κωλύον
2666 4944 2814 5012 ἡμᾶς
2847 4942 3096 5011 ἀγγέλων
3117 4943 3370 5012 γενέσθαι
3403 4945 3592 5012 ἐγγὺς,
3636 4945 3706 4998 ἂν

2032 5027 2292 5096 θέλωμεν.
2317 5027 2454 5097 Θελή
2465 5044 2645 5098 σωμεν
2662 5029 2862 5093 τοίνυν,
2889 5029 3229 5101 θελήσωμεν,
3253 5031 3347 5084 καὶ
3370 5029 3704 5102 ἐξασκήσαν-

2029 5133 2122 5178 τες
2154 5117 2378 5178 ἑαυτοὺς
2401 5115 2558 5180 δόξαν
2586 5115 3002 5188 ἀναπέμψωμεν
3029 5117 3106 5188 τῷ
3149 5119 3326 5187 Πατρί
3352 5118 3447 5171 καὶ
3476 5116 3554 5187 τῷ
3588 5117 3704 5190 Υἱῷ

2031 5206 2124 5257 καὶ
2150 5205 2226 5275 τῷ
2259 5204 2396 5274 ἁγίῳ
2430 5203 2730 5275 Πνεύματι,
2753 5203 2852 5296 χῦν
2881 5205 2976 5259 καὶ
3001 5205 3110 5274 ἀεὶ,
3146 5205 3239 5260 καὶ
3263 5207 3342 5270 εἰς
3359 5207 3484 5269 τοὺς
3499 5206 3704 5269 αἰῶνας

2029 5291 2138 5344 τῶν
2168 5291 2380 5345 αἰώνων
2419 5291 2612 5362 Ἀμήν.

2094 5588 2120 5618 ⁸
2165 5586 2337 5637 Morel.
2371 5593 2450 5639 καὶ
2480 5592 2599 5649 Θεὸς
2621 5595 2703 5641 καὶ
2739 5594 3001 5657 ἄνθρωπος,
3042 5593 3191 5640 male.
3259 5591 3287 5632 b
3311 5591 3394 5640 Sic
3416 5589 3613 5653 quidam
3641 5592 3699 5641 θι

2101 5649 2162 5683 εει
2201 5663 2212 5674 ο
2262 5650 2410 5683 νην-οι
2479 5654 2891 5683 .13...:-...n..n..m
2985 5657 3007 5683 c
3039 5653 3202 5683 νου-ιη
3251 5654 3402 5683 ..νέης-ι..
3452 5654 3675 5683 ηερε-Ἄκης

2035 5653 2213 5709 SaviL;
2261 5653 2432 5702 Morel.
2479 5654 2681 5714 ἀλγείτω
2705 5653 2912 5706 tantum.
2985 5657 3007 5683 ε
3039 5653 3404 5712 νοτὺδ,πάντα
3452 5654 3699 5714 βασιλικά,

2035 5722 2064 5756 e
2097 5710 2249 5760 tribus
2271 5714 2407 5762 codd.
2442 5721 2494 5764 et
2526 5729 2681 5779 marg.
2717 5716 2871 5766 Savil.
2911 5721 3112 5777 recepta
3142 5721 3270 5761 sunt.
3323 5715 3453 5764 Εοιτ.
