4108 6172
492 321 601 378 237

491 430 644 484 randi
675 427 864 484 vulnus
884 470 898 494 ,
925 429 1026 484 nisi
1059 427 1370 499 frequenter
1397 436 1716 498 apponatur,
1748 435 1914 481 totum
1946 441 2069 495 pcr-

491 519 589 573 dit.
639 517 716 574 Ne
743 519 934 587 putetis
963 533 1060 574 vos
1085 519 1433 575 condemnari
1481 533 1547 574 ex
1584 518 1846 588 frequenti
1889 517 2072 585 lituus-

492 611 636 666 modi
682 611 925 668 oratione
970 631 986 667 :
1026 613 1071 668 si
1118 614 1261 670 enim
1310 627 1408 668 vos
1454 612 1904 675 condemnarem,
1965 625 2071 662 non

490 704 842 760 concionarcr
874 722 890 760 :
921 721 1065 761 nunc
1092 722 1219 760 vero
1245 714 1525 775 sperantes
1551 719 1648 759 vos
1673 704 1902 758 multum
1946 701 2073 754 hinc

491 794 789 852 lucraturos
815 813 968 865 esse,
999 799 1114 853 haec
1142 799 1431 868 loquimur.
1465 795 1676 852 Utinam
1709 803 1965 866 perpetuo
2007 793 2074 848 de

489 883 679 941 iisdem
707 887 1052 957 loqueremur
1082 904 1095 942 :
1131 893 1334 942 utinam
1371 889 1511 942 nulla
1542 895 1686 942 esset
1721 887 1826 940 alia
1851 885 2067 940 concio-

489 977 652 1031 nandi
678 979 890 1034 occasio
913 979 999 1033 vel
1028 994 1156 1034 cura
1182 1020 1196 1043 ,
1230 993 1390 1048 quam
1417 978 1690 1048 quomodo
1718 977 1844 1031 vitia
1889 984 2072 1030 nostra

488 1081 824 1139 superemus.
868 1071 1152 1138 Quomodo
1195 1073 1338 1126 enim
1382 1087 1488 1126 non
1535 1071 1828 1126 absurdum
1874 1070 2071 1133 fuerit,

489 1159 706 1228 regibus
737 1161 788 1215 in
819 1159 1030 1217 deliciis
1058 1163 1386 1228 viventibus,
1417 1171 1473 1216 et
1503 1169 1650 1216 tanto
1671 1161 1875 1215 honore
1895 1201 1910 1224 ,
1940 1157 2072 1214 nihil

488 1249 632 1304 aliud
680 1265 823 1306 cura:
857 1267 976 1307 esse
1007 1253 1093 1308 vel.
1120 1253 1384 1308 inmensa
1406 1292 1421 1318 ,
1453 1252 1537 1307 vel
1568 1251 1675 1305 alio
1703 1252 1894 1322 quovis
1935 1259 2073 1305 tem-

489 1353 655 1408 pore,
681 1357 842 1412 quam
885 1345 1157 1412 quomodo
1189 1344 1430 1398 inimicos
1456 1345 1670 1398 vincere
1699 1350 1977 1412 oporteat,
2019 1352 2076 1398 et

488 1444 550 1483 ea
581 1429 648 1486 de
671 1446 831 1488 causa
859 1434 1094 1504 qumidie
1118 1445 1416 1490 conventus
1443 1448 1605 1505 agere
1624 1477 1639 1502 ,
1672 1433 1836 1490 duces
1873 1450 1935 1489 ac
1974 1434 2075 1488 mi-

489 1519 610 1575 lites
635 1523 900 1594 adlegere,
937 1525 1129 1579 tributa
1170 1525 1421 1596 exigere;
1462 1534 1517 1579 et
1546 1525 1599 1579 in
1627 1524 1874 1581 civilibus
1913 1524 2074 1582 rebus

492 1610 590 1668 has
619 1613 754 1669 duas
783 1623 988 1670 tantum
1018 1632 1104 1672 res
1134 1615 1468 1672 necessarias
1497 1631 1616 1670 esse
1638 1627 1827 1685 putare
1851 1657 1866 1682 ,
1891 1623 1950 1670 ut
1973 1615 2072 1670 ini-

487 1706 610 1760 inici
660 1707 973 1776 vincantur,
1003 1717 1060 1764 et
1096 1713 1179 1764 sui
1211 1710 1263 1763 in
1293 1724 1422 1779 pace
1449 1709 1641 1779 degant
1668 1725 1680 1762 :
1711 1723 1809 1764 nos
1837 1723 1964 1764 vero
2003 1723 2072 1764 ne

488 1813 583 1867 per
622 1800 890 1854 somnium
917 1802 1134 1872 quidem
1161 1802 1229 1858 de
1256 1803 1342 1857 his
1373 1810 1601 1857 tractare
1624 1843 1638 1866 ,
1677 1802 1772 1857 sed
1799 1803 2070 1872 quomodo

487 1903 670 1959 agrum
716 1906 992 1958 cmamus,
1038 1893 1309 1963 quomodo
1351 1907 1567 1959 servos,
1624 1892 1894 1963 quomodo
1940 1907 2070 1961 opes

487 1997 776 2052 augeamus
799 2025 815 2051 ,
849 1985 1088 2054 quotidie
1115 1986 1233 2040 sine
1260 2000 1458 2040 nausea
1488 2000 1770 2048 curemus;
1811 1984 1878 2039 de
1907 1984 2070 2039 rebus

487 2084 664 2127 autem
697 2075 894 2130 nostris
923 2085 976 2131 et
1008 2092 1133 2131 vere
1158 2076 1358 2131 nostris
1384 2090 1483 2130 nec
1508 2075 1683 2145 loqui,
1716 2090 1890 2146 neque
1937 2076 2070 2129 alios

488 2162 726 2219 dicentes
755 2161 1232 2222 audire‘vclimus?
1262 2167 1376 2236 Qua
1405 2167 1471 2222 de
1502 2183 1560 2222 re
1584 2183 1712 2236 ergo
1738 2167 1817 2221 vis
1837 2167 2071 2223 dissera-

489 2256 611 2310 tur?
634 2271 700 2310 an
729 2256 796 2311 de
828 2258 1086 2328 prandio?
1114 2257 1219 2314 Sed
1250 2259 1365 2313 hinc
1391 2257 1459 2313 ad
1484 2273 1684 2328 coquos
1720 2258 1871 2313 verba
1907 2258 2071 2328 perti-

488 2356 636 2401 nent.
669 2348 751 2402 An
779 2348 846 2404 de
875 2350 1148 2419 pecuniis?
1177 2349 1281 2406 Sed
1311 2349 1426 2404 haec
1451 2351 1834 2419 negotiantium
1868 2363 1992 2403 sunt
2015 2358 2068 2403 et

486 2449 864 2495 mercatorum.
889 2443 970 2495 An
993 2442 1059 2496 de
1079 2442 1356 2498 aediliciis?
1379 2440 1485 2496 Sed
1515 2441 1630 2495 haec
1651 2440 2067 2496 architectorum

486 2540 539 2582 et
569 2529 881 2586 latomorum
913 2541 1056 2587 sunt.
1085 2534 1163 2586 Au
1187 2532 1253 2588 de
1282 2543 1422 2589 terra
1444 2533 1467 2585 ?
1493 2532 1598 2588 Sed
1629 2532 1742 2587 haec
1772 2531 1838 2586 ad
1867 2532 2070 2602 agrico-

485 2621 586 2676 las.
609 2620 772 2677 Nobis
795 2639 922 2679 vero
942 2625 1147 2680 nullum
1170 2625 1312 2680 aliud
1334 2634 1417 2680 est
1436 2640 1589 2695 opus,
1620 2639 1776 2694 quam
1800 2622 2069 2694 quomodo

485 2712 699 2768 divitias
728 2731 975 2784 paremus
1013 2718 1227 2772 animae.
1281 2716 1359 2772 Ne
1397 2731 1525 2786 ergo
1566 2714 1870 2769 fastidiosus
1914 2713 2069 2767 vobis

485 2817 666 2859 sermo
698 2806 786 2860 sit.
816 2804 924 2860 Cur
951 2808 1094 2862 enim
1124 2807 1304 2861 nullus
1341 2815 1558 2862 accusat
1592 2805 1856 2859 medicum
1881 2844 1894 2869 ,
1925 2803 2067 2874 quod

485 2909 700 2966 semper
722 2898 788 2954 de
817 2899 1078 2954 medicina
1104 2900 1353 2970 loquatur
1371 2941 1385 2962 ,
1411 2914 1585 2968 neque
1614 2899 1752 2952 alios
1793 2899 2026 2952 artiﬁces
2048 2941 2062 2964 ,

485 2989 627 3058 quod
664 2989 730 3044 de
771 2999 886 3045 arte
915 3005 1009 3045 sua
1037 2991 1342 3047 disserant?
1365 2991 1420 3049 Si
1449 3007 1679 3062 namque
1718 2992 1842 3046 vitia
1886 3007 1957 3046 no
1987 2999 2066 3045 tra

486 3078 567 3134 sic
603 3079 805 3134 domita
833 3090 1053 3149 essent,
1089 3091 1149 3138 ut
1177 3098 1285 3139 non
1313 3084 1447 3138 ultra
1476 3083 1693 3138 monitis
1737 3099 1873 3152 opus
1904 3082 2070 3138 habeo

489 3177 642 3237 rent,
667 3170 790 3238 jure
816 3173 938 3240 quis
960 3188 1058 3228 nos
1083 3173 1374 3239 incusaret,
1401 3174 1541 3245 quod
1565 3176 1632 3229 ad
1657 3174 2064 3229 ostentationem

490 3258 636 3327 loqui
664 3261 960 3328 vellemus;
1009 3265 1116 3321 imo
1145 3281 1318 3335 neque
1345 3266 1444 3322 sic.
1473 3265 1604 3320 Nam
1643 3266 1852 3321 etiamsi
1879 3281 2066 3322 emen-

487 3351 609 3407 data
636 3365 838 3422 essent,
865 3357 946 3412 sic
973 3373 1188 3428 quoque
1215 3358 1536 3414 monendum
1563 3369 1739 3426 esset,
1763 3375 1831 3414 ne
1861 3359 2069 3415 recide-

483 3457 686 3499 remus.
717 3445 928 3501 Etenim
957 3448 1148 3503 medici
1179 3464 1283 3504 non
1310 3465 1482 3519 aegros
1511 3457 1751 3512 tantum,
1780 3449 1874 3505 sed
1903 3449 2064 3504 etiam

483 3535 621 3591 bene
641 3537 878 3594 valentes
905 3541 1270 3611 alloquuntur,
1298 3541 1569 3611 librosque
1596 3541 1796 3597 habent
1817 3556 1982 3611 super
2002 3557 2065 3597 ea

482 3645 580 3693 re,
629 3641 686 3684 ut
723 3641 777 3685 et
823 3633 1041 3689 morbos
1086 3642 1306 3696 curent.
1349 3642 1404 3688 et
1444 3633 1800 3689 valetudinem
1830 3642 2066 3688 servent.

482 3718 667 3788 Itaque
692 3723 792 3777 etsi
830 3725 946 3778 sani
986 3738 1262 3790 essemus,
1296 3739 1468 3794 neque
1498 3726 1576 3780 sic
1614 3725 1876 3780 absistere
1909 3739 2070 3793 opor-

484 3823 658 3879 teret,
691 3814 784 3870 sed
816 3814 994 3869 omnia
1023 3815 1200 3870 facere
1231 3825 1288 3868 ut
1314 3816 1674 3870 valetudinem
1703 3829 2067 3870 servaremus.

557 3903 612 3956 3.
633 3903 939 3974 Arrogantia
953 3906 1204 3976 quomodo
1218 3906 1445 3959 curanda
1468 3907 1554 3971 sit,
1570 3915 1616 3959 et
1631 3905 1767 3960 unde
1780 3906 2069 3960 oriatur.—

479 3995 624 4050 Cnm
649 4004 827 4050 autem
853 4006 1172 4066 aegrotemus
1191 4039 1206 4062 ,
1236 3996 1430 4066 duplex
1457 4005 1541 4051 est
1564 3996 1850 4051 verborum
1879 4012 2069 4054 neces-

480 4089 653 4156 sitas,
686 4097 797 4144 tum
826 4099 880 4143 ut
905 4106 934 4144 a
964 4091 1153 4146 morbo
1178 4090 1492 4156 liberemur,
1520 4100 1630 4144 tum
1654 4099 1710 4144 ut
1736 4089 1970 4156 liberati,
1996 4106 2064 4145 ne

481 4196 701 4238 rursum
749 4181 1064 4238 incidamus.
1111 4182 1254 4253 Ergo
1302 4181 1522 4238 curandi
1571 4182 1882 4237 methodum
1927 4198 2070 4238 nunc

482 4280 801 4340 tractamus,
834 4287 934 4328 nec
952 4273 1020 4330 de
1039 4276 1267 4329 sanitate
1291 4274 1484 4344 agitur.
1510 4273 1788 4340 Quomodo
1808 4274 1930 4344 quis
1955 4287 2068 4327 ma-

482 4363 607 4418 lum
648 4363 752 4420 hoc
794 4365 979 4419 vitium
1025 4364 1342 4420 exscindat?
1384 4364 1652 4435 quomodo
1694 4364 2068 4420 vehementem

481 4453 642 4509 sedet
676 4454 916 4511 febrem?
956 4455 1244 4510 Videamus
1277 4455 1422 4511 unde
1461 4464 1576 4510 orta
1623 4456 1726 4521 sit,
1757 4463 1813 4511 et
1852 4469 2068 4510 causam

482 4544 760 4600 tollamus.
790 4545 944 4602 Unde
967 4546 1094 4600 oriri
1122 4545 1302 4600 solet?
1331 4546 1411 4600 Ex
1441 4545 1742 4615 arrogantia
1771 4553 1827 4600 et
1863 4554 2070 4602 tumore

483 4635 679 4690 multo.
717 4635 865 4691 lianc
892 4651 1023 4706 ergo
1057 4651 1273 4691 causam
1316 4636 1597 4701 tollamus,
1631 4637 1956 4707 morbusque
1981 4652 2072 4692 su-

486 4726 664 4782 blatus
693 4727 814 4782 erit.
841 4728 976 4795 Quid
1003 4737 1086 4784 est
1104 4729 1442 4798 arrogantia?
1473 4728 1613 4784 unde
1642 4728 1911 4783 nascitur?
1931 4729 2069 4786 forte

485 4833 722 4886 namque
739 4818 850 4886 jam
878 4819 1021 4874 aliud
1047 4820 1366 4890 principium
1388 4820 1536 4875 adire
1562 4819 1944 4889 periclitamur.
1973 4819 2073 4891 lgi-

488 4918 577 4964 tur
601 4924 761 4979 quam
787 4925 966 4965 sermo
991 4911 1242 4967 indicabit
1272 4912 1410 4966 viam
1438 4953 1453 4978 ,
1485 4911 1628 4966 illam
1659 4925 1968 4982 sequemur,
2013 4919 2072 4966 ut

485 5001 692 5056 malum
721 5002 976 5058 radicitus
1012 5004 1320 5060 evellamus.
1360 5003 1516 5060 Unde
1543 5019 1674 5076 ergo
1713 5005 1885 5061 oritur
1918 5020 2072 5058 arro-

488 5091 704 5163 gantia?
733 5093 811 5147 Ex
842 5107 941 5158 eo,
969 5094 1110 5163 quod
1134 5104 1316 5150 nostra
1338 5111 1443 5150 non
1474 5097 1854 5165 exploremus;
1884 5093 1978 5150 sed
2005 5093 2073 5150 de

490 5193 681 5240 natura
711 5185 924 5255 quidem
956 5192 1111 5239 terra:
1130 5226 1148 5252 ,
1192 5185 1292 5240 etsi
1322 5187 1571 5256 agricola:
1601 5201 1706 5241 non
1735 5186 1938 5252 simus,
1979 5200 2074 5240 cu-

493 5275 636 5332 riose
662 5278 1022 5347 inquiramus,
1049 5285 1104 5332 et
1130 5275 1198 5332 de
1224 5286 1410 5331 natura
1440 5278 1758 5347 plantarum,
1787 5277 1855 5333 de
1885 5287 2072 5331 natura

494 5370 648 5430 auri,
677 5369 778 5423 etsi
820 5375 1150 5422 mercatores
1181 5382 1286 5422 non
1324 5368 1492 5422 simus
1515 5408 1530 5431 ,
1578 5369 1646 5424 de
1692 5369 2026 5423 vestimentis
2052 5407 2068 5434 ,

493 5455 667 5526 deque
707 5458 990 5524 omnibus;
1021 5456 1090 5513 de
1119 5457 1274 5512 nobis
1302 5466 1482 5513 autem
1502 5498 1518 5526 ,
1546 5458 1717 5528 deque
1747 5468 1934 5512 natura
1975 5472 2074 5514 no-

496 5556 629 5617 atra.
657 5564 725 5607 ne
750 5551 1027 5606 minimum
1053 5548 1266 5622 quidem
1295 5562 1567 5606 curamus.
1593 5547 1662 5605 Et
1686 5549 1823 5620 quis,
1845 5549 2070 5622 inquies,

1427 317 1493 372 I'N
1537 314 1713 373 ACTA
1756 311 2282 371 APOSTOLOR‘L’M.
2329 311 2555 368 llOMIL.
2601 312 2816 368 XXX".

3665 319 3779 377 933

2181 425 2399 494 ignorat.
2418 433 2662 481 naturam
2701 426 2900 481 suam?
2936 427 3081 483 Multi
3108 470 3123 496 ,
3171 438 3226 485 et
3254 429 3425 500 forte,
3465 432 3650 502 paucis
3668 448 3770 488 ex-

2180 517 2349 584 ceptis
2373 557 2390 582 ,
2418 531 2606 573 omnes
2635 535 2648 570 :
2681 526 2762 585 et,
2795 520 2838 573 si
2867 519 3074 588 placet,
3107 521 3232 578 hinc
3258 523 3448 579 ducam
3477 540 3763 594 argumen-

2182 617 2312 662 tum.
2355 610 2449 664 Dic
2473 610 2614 665 enim
2642 611 2792 675 mihi,
2821 612 2948 682 quid
2979 622 3062 668 est
3091 613 3294 671 homo?
3339 615 3397 671 Si
3435 615 3558 686 quis
3587 617 3760 672 inter-

2182 709 2354 770 roget,
2384 699 2497 768 Qua
2530 701 2582 755 in
2610 717 2669 757 re
2693 701 2882 757 diﬁ‘ert‘
2900 718 2928 756 a
2960 704 3175 759 brutis?
3201 707 3470 776 quomodo
3509 717 3768 778 cognatus

2181 801 2263 846 est
2290 793 2640 848 celestibus?
2674 795 2798 864 quid
2848 806 3020 865 potest
3045 814 3110 851 ex
3142 800 3356 854 homine
3385 802 3497 856 iieri
3521 803 3544 855 ἲ
3571 819 3637 856 an
3668 819 3766 871 po-

2180 884 2310 937 teris
2333 893 2476 940 recte
2503 887 2868 955 respondere?
2896 889 3007 944 Non
3030 891 3246 960 quidem
3276 903 3421 962 puto.
3447 895 3595 950 Sicut
3619 897 3764 952 enim

2181 973 2233 1027 in
2265 977 2484 1030 materia
2512 977 2763 1047 quadam,
2792 981 2869 1034 sic
2893 990 2946 1035 et
2975 983 3025 1034 in
3053 982 3269 1039 homine
3299 987 3518 1040 materia
3548 987 3764 1057 quidem

2183 1075 2260 1118 est
2293 1064 2492 1132 homo;
2538 1076 2715 1136 potest
2753 1079 2930 1124 autem
2975 1071 3088 1126 ﬁeri
3134 1075 3443 1145 et-angelus
3484 1086 3540 1132 et
3573 1077 3764 1135 bestia.

2181 1154 2372 1226 Annon
2415 1157 2680 1213 videbitur
2721 1169 3011 1217 extraneus
3037 1161 3124 1217 hic
3162 1167 3385 1220 sermo?
3427 1168 3588 1238 Atqui
3619 1185 3766 1243 saepe

2180 1245 2327 1300 illum
2365 1247 2417 1300 in
2444 1249 2737 1319 Scripturis
2765 1253 3008 1308 audistis.
3052 1255 3126 1310 De
3153 1258 3481 1326 quibusdam
3499 1263 3640 1318 enim
3670 1263 3770 1318 bo-

2180 1339 2410 1394 minibus
2440 1340 2716 1397 dicebatur
2745 1360 2758 1396 :
2790 1344 3012 1415 Angelus
3060 1345 3263 1402 Domini
3302 1360 3374 1404 est
3400 1367 3425 1404 ε·
3445 1362 3492 1406 et
3531 1369 3598 1408 ex
3620 1355 3767 1411 labiis

2177 1430 2288 1499 ejus
2332 1440 2555 1499 qurerent
2588 1432 2845 1504 judicium
2885 1435 2902 1507 (
2929 1435 3157 1491 Malaclt.
3184 1437 3238 1491 2.
3269 1440 3299 1493 7
3320 1441 3372 1506 )-;
3421 1451 3475 1496 ct
3504 1459 3717 1500 rursum
3744 1488 3758 1512 ,

2180 1518 2382 1574 Mittam
2411 1523 2648 1593 angelum
2691 1540 2856 1580 meum
2893 1538 3009 1580 ante
3050 1530 3232 1600 faciem
3277 1534 3457 1606 tuam(
3478 1535 3567 1590 Id.
3597 1538 3650 1592 3.
3684 1540 3761 1606 l):

2177 1610 2245 1665 de
2270 1613 2586 1682 quibusdam
2614 1630 2742 1670 vero
2765 1657 2780 1681 ,
2829 1615 3101 1687 Serpentes
3125 1659 3140 1684 ,
3195 1623 3450 1692 genimiua
3478 1627 3761 1696 viperarum

2179 1701 2410 1772 (Matth.
2446 1704 2530 1758 l2.
2561 1706 2630 1760 54
2656 1707 2694 1775 ).
2739 1708 2958 1762 Dcmum
2987 1711 3279 1766 secundum
3320 1713 3579 1787 cujusque
3608 1735 3760 1774 nsum

2177 1804 2352 1863 potest
2379 1795 2490 1850 fieri
2518 1807 2571 1851 ct
2599 1799 2818 1869 angelus
2843 1809 2896 1854 et
2925 1801 3085 1856 homo
3107 1804 3146 1856 ¹.
3176 1805 3312 1870 Quid
3340 1807 3480 1870 dico,
3509 1811 3765 1879 angelus?

2175 1886 2348 1942 Etiam
2394 1889 2485 1943 Dei
2517 1889 2673 1944 illius.
2721 1890 2877 1956 Nam,
2907 1894 3026 1946 ait:
3069 1893 3183 1964 Ego
3223 1897 3332 1950 dixi
3357 1939 3372 1963 ,
3419 1897 3510 1952 Dii
3535 1903 3674 1969 estis,
3717 1914 3764 1957 et

2175 1977 2271 2044 lilii
2299 1977 2499 2032 Επειεὶ
2522 1995 2692 2034 omnes
2723 1981 2897 2049 (Psal.
2925 1983 3011 2037 8i.
3040 1981 3119 2051 6).
3149 1983 3411 2057 Quodque
3437 1990 3611 2060 majus
3639 2002 3719 2045 est
3745 2035 3759 2057 ,

2176 2077 2492 2136 potestatem
2521 2072 2746 2140 accepit,
2774 2081 2829 2126 ut
2857 2072 2945 2126 ﬁat
2973 2082 3027 2128 et
3056 2075 3217 2129 homo
3245 2084 3299 2131 et
3323 2080 3545 2148 angelus
3583 2091 3637 2135 et
3669 2082 3760 2135 Dei

2175 2156 2337 2213 ﬁlius.
2376 2161 2470 2214 Est
2498 2160 2659 2215 homo
2688 2171 2743 2216 et
2764 2163 2944 2232 angeli
2973 2173 3205 2220 creator.
3248 2165 3501 2224 Fortasse
3531 2186 3626 2225 vos
3659 2172 3761 2225 hoc

2173 2247 2372 2303 dictum
2403 2253 2774 2315 perturbavit?
2804 2253 2910 2309 Sed
2941 2255 3120 2310 audite
3145 2255 3417 2312 Christum
3444 2261 3714 2316 dicelllt'lll
3743 2284 3752 2316 :

2173 2335 2241 2392 In
2265 2341 2621 2396 resurrectione
2647 2359 2806 2412 neque
2841 2344 3026 2399 nubent
3064 2361 3224 2416 neque
3247 2351 3429 2419 ηυριαί
3454 2351 3722 2404 tradentur
3743 2396 3756 2417 ,

2173 2429 2262 2482 sed
2288 2440 2404 2484 sunt
2429 2434 2554 2485 sicut
2583 2435 2749 2503 angeli
2779 2434 2948 2503 (Luc.
2991 2437 3082 2492 90.
3136 2437 3224 2492 55.
3256 2439 3326 2493 56
3348 2437 3367 2510 )
3393 2457 3406 2506 ;
3440 2449 3494 2496 et
3522 2457 3758 2508 rur.~.um,

2178 2523 2277 2588 Qui
2300 2534 2459 2592 potest
2481 2540 2681 2594 capere,
2712 2529 2878 2596 capiat
2907 2528 3121 2596 (Matth.
3154 2531 3242 2586 i9.
3273 2531 3400 2603 η).
3444 2533 3498 2587 In
3552 2552 3759 2588 summa

2173 2612 2342 2666 virtus
2377 2615 2598 2683 angelos
2636 2614 2764 2671 facit
2793 2638 2806 2673 :
2836 2620 3004 2672 virtus
3043 2622 3096 2672 in
3130 2631 3310 2676 nostra
3345 2632 3608 2692 potestate
3635 2637 3716 2680 est
3744 2645 3756 2680 :

2174 2717 2304 2772 ergo
2325 2703 2543 2773 angelos
2566 2719 2850 2774 possumus
2873 2723 3080 2776 creare,
3111 2712 3212 2765 etsi
3242 2726 3345 2766 non
3375 2723 3584 2779 natura,
3612 2727 3769 2771 certe

2176 2798 2467 2866 proposito.
2514 2798 2719 2853 Virtute
2746 2814 2973 2868 namque
2998 2801 3222 2858 absente
3249 2845 3263 2870 ,
3296 2805 3430 2859 nihil
3475 2807 3756 2875 proderit,

2174 2889 2219 2942 si
2254 2890 2344 2958 qui
2371 2889 2532 2944 etiam
2564 2891 2786 2962 angelus
2830 2902 3014 2947 natura
3043 2891 3205 2948 fuerit
3233 2911 3248 2961 ;
3293 2895 3345 2950 id
3376 2897 3516 2967 quod
3552 2914 3619 2954 ex
3648 2899 3766 2954 diae

2172 2978 2298 3034 bolo
2345 2979 2544 3050 liquet,
2593 2983 2682 3051 qui
2727 2990 2851 3037 ante
2892 2983 3115 3052 angelus
3159 2983 3302 3038 fuit:
3338 2988 3533 3044 virtute
3576 3001 3754 3044 autem

2173 3082 2472 3138 praesente,
2514 3071 2646 3126 nihil
2673 3073 2854 3127 damni
2881 3083 2966 3130 est
2991 3074 3262 3131 hominem
3291 3092 3412 3133 esse
3440 3090 3662 3147 Itatura,
3703 3092 3764 3135 ut

2171 3177 2239 3218 ex
2281 3162 2488 3219 Joanne
2512 3165 2601 3234 qui
2634 3165 2796 3221 homo
2829 3176 2944 3221 erat
2967 3208 2982 3233 ,
3027 3178 3081 3223 et
3111 3184 3176 3224 ex
3222 3170 3334 3225 Elia
3375 3171 3540 3242 liquet
3573 3174 3662 3242 qui
3703 3176 3758 3229 in

2171 3254 2363 3308 caelum
2388 3255 2662 3324 ascendit,
2689 3271 2754 3311 ex
2785 3257 3140 3328 omnibusque
3165 3261 3256 3329 qui
3286 3275 3353 3315 eo
3380 3261 3580 3316 abituri
3610 3277 3752 3317 sunt.

2172 3344 2238 3400 lli
2263 3360 2491 3417 namque
2513 3347 2638 3402 licet
2663 3347 2945 3417 corporei,
2987 3364 3095 3404 non
3123 3349 3475 3418 prohibentur
3517 3352 3756 3408 habitare

2172 3438 2402 3504 caelum;
2440 3438 2515 3493 illi
2546 3453 2673 3495 vero
2697 3438 2998 3509 incorporei
3023 3439 3186 3506 licet,
3229 3456 3334 3497 non
3378 3448 3666 3511 potuerunt
3703 3445 3770 3500 in~

2172 3529 2304 3585 caelo
2349 3545 2586 3586 manere.
2626 3530 2796 3587 Nemo
2843 3533 3000 3602 igitur
3045 3542 3272 3605 angatur
3317 3535 3400 3590 vel
3451 3536 3757 3607 indignetur

2173 3633 2358 3678 contra
2385 3634 2629 3680 naturam
2660 3628 2812 3696 quasi
2841 3628 2909 3683 ab
2937 3628 3024 3683 illa
3053 3629 3404 3700 impediatur,
3435 3630 3531 3685 sed
3571 3639 3757 3686 contra

2174 3716 2507 3785 propositum
2533 3717 2840 3774 voluntatis.
2881 3719 2992 3775 Leo
3031 3720 3279 3777 diabolus
3320 3721 3542 3778 aﬁ'ectus
3568 3731 3652 3777 est
3683 3737 3751 3777 ex

2174 3809 2488 3880 incorporeo
2520 3827 2534 3865 :
2566 3811 2705 3867 Ecce
2725 3852 2742 3877 ,
2775 3813 2979 3882 inquit,
3012 3813 3347 3870 Adversarius
3377 3825 3547 3870 noster
3570 3814 3750 3868 diabo-

2173 3902 2255 3956 lus
2282 3913 2534 3974 tamquam
2558 3903 2636 3957 leo
2664 3904 2867 3975 rugiens
2893 3905 3090 3972 circuit,
3119 3921 3350 3977 quarens
3375 3923 3521 3978 quem
3547 3907 3751 3960 devoret

2176 3993 2251 4066 (l.
2280 3993 2398 4050 Pet.
2425 3996 2479 4050 5.
2512 3994 2590 4067 8);
2635 4010 2736 4051 nos
2769 3997 2944 4068 angeli
2971 4012 3002 4051 a
3039 3998 3376 4070 corporibus.
3425 3997 3495 4054 Ut
3528 3999 3670 4053 enim
3710 4001 3774 4052 si.

2175 4087 2294 4158 quis
2320 4088 2550 4156 pretiosa
2577 4089 2792 4144 inventa
2833 4090 3054 4146 materia
3077 4130 3093 4156 ,
3139 4105 3262 4146 cum
3293 4105 3396 4145 non
3425 4091 3495 4144 sit
3523 4090 3712 4143 artifex
3737 4131 3751 4156 ,

2175 4187 2230 4232 et
2255 4177 2398 4232 illam
2423 4178 2682 4248 despiciat
2702 4194 2895 4249 magno
2911 4179 3141 4233 afﬁcitur
3161 4179 3380 4247 damno,
3408 4180 3521 4233 sive
3546 4193 3750 4248 marga-

2176 4267 2341 4332 ritas,
2385 4267 2497 4322 sive
2527 4268 2752 4321 uniones
2771 4308 2786 4334 ,
2833 4269 2948 4322 sive
2971 4269 3100 4337 quid
3127 4268 3302 4324 simile
3342 4271 3603 4338 repererit
3634 4286 3648 4322 :
3677 4270 3777 4324 sic-

2177 4367 2233 4413 et
2275 4372 2373 4412 nos
2413 4358 2457 4412 si
2502 4359 2805 4427 ignoremus
2846 4366 3087 4414 naturam
3137 4368 3376 4413 nostram
3403 4401 3418 4426 ,
3465 4359 3752 4415 admodum

2177 4448 2321 4503 illam
2351 4447 2748 4518 despiciemus;
2780 4448 2826 4504 si
2857 4463 2986 4504 vero
3013 4464 3300 4505 noscamus
3328 4450 3347 4521 (
3373 4449 3518 4506 Psal.
3548 4451 3602 4507 8.
3631 4450 3709 4525 6)
3739 4494 3754 4517 .

2178 4540 2400 4594 multum
2429 4538 2797 4622 adhibebimus
2821 4540 3075 4608 studium,
3103 4548 3157 4596 et
3173 4555 3421 4613 magnum
3442 4543 3648 4597 lucrum
3673 4559 3759 4599 re-

2177 4632 2526 4704 portabimus.
2553 4632 2638 4687 Ex
2657 4631 2756 4688 hac
2781 4632 2926 4689 enim
2956 4633 3158 4703 regium
3185 4632 3244 4688 ﬁt
3271 4633 3669 4701 indumentum,
3692 4649 3760 4690 ex

2176 4721 2280 4780 hac
2303 4723 2492 4780 domus
2508 4723 2676 4795 regia,
2699 4739 2764 4779 ex
2796 4725 2896 4779 hac
2919 4723 3066 4795 regia
3091 4724 3362 4780 membra:
3390 4725 3571 4782 omnia
3583 4725 3759 4794 regia.

2178 4815 2256 4872 Ne
2281 4826 2468 4872 natura
2492 4825 2676 4872 nostra
2697 4817 2978 4872 abutamur
3004 4817 3057 4872 in
3087 4818 3340 4873 damnum
3362 4829 3626 4876 nostrum.
3653 4819 3761 4874 Nos

2179 4925 2366 4981 parum
2397 4910 2634 4965 minores
2659 4909 2864 4980 angelis
2882 4907 3042 4975 fecit,
3072 4924 3139 4965 ex
3164 4917 3356 4975 morte,
3387 4911 3634 4981 inquam;
3663 4911 3759 4966 sed

2177 5017 2366 5072 parum
2411 5000 2538 5056 illud
2578 5001 2687 5071 jam
2735 5001 3058 5070 recepimus.
3116 4999 3260 5055 Nihil
3307 5001 3467 5072 igitur
3508 5002 3760 5072 prohibet

2179 5092 2467 5161 quominus
2492 5092 2674 5146 statim
2703 5092 2879 5162 angeli
2913 5093 3082 5148 simus
3104 5133 3120 5157 ,
3150 5093 3195 5147 si
3224 5092 3476 5148 velimus.
3519 5092 3761 5149 Velimus

2179 5199 2343 5254 ergo,
2389 5183 2651 5248 velimus,
2701 5194 2756 5240 et
2799 5199 2898 5240 nos
2947 5185 3093 5256 ipsos
3130 5185 3489 5242 exercitantes
3533 5185 3758 5255 gloriam

2181 5274 2476 5331 referamus
2510 5275 2653 5331 Patri
2683 5283 2738 5331 et
2761 5275 2898 5331 Filio
2940 5285 2996 5332 et
3021 5275 3245 5346 Spiritui
3283 5287 3504 5344 sancto,
3537 5293 3679 5333 nunc
3705 5288 3764 5335 et

2181 5381 2413 5439 semper,
2441 5375 2498 5423 et
2523 5368 2576 5422 in
2605 5369 2799 5424 saecula
2825 5367 3165 5424 saeculorum.
3195 5369 3394 5424 Amen.

2248 5509 2263 5534 ι
2299 5502 2462 5564 Morel.
2485 5499 2626 5564 legit,
2652 5507 2699 5551 et
2718 5509 2845 5550 Deus
2866 5499 3090 5564 et_homo,
3113 5498 3242 5552 male
3267 5513 3282 5554 :
3308 5507 3516 5563 nam,_ut
3539 5505 3768 5557 exserta.

2184 5561 2366 5628 liquet,
2381 5559 2645 5626 legendum
2670 5559 3006 5626 esﬁangelus.
