4108 6172
361 286 469 350 939

1059 284 1115 340 S.
1156 278 1433 340 JOANNIS
1470 276 1935 337 CHRYSOSTOMI
1977 275 2295 331 ARCHIEP.
2336 278 2867 338 CONSTANTINOP.

3529 285 3634 347 240

3529 417 3624 430 σ--αη

1645 463 1989 525 HOMILIA
2038 463 2337 527 XXXIII.

344 619 476 676 ευ».
517 620 604 677 I5.
646 634 696 671 ν.
741 617 829 672 I3.
886 615 953 670 Et
994 623 1260 684 postquam
1311 615 1613 669 tacuerunt,
1670 605 1936 674 respondit

412 711 655 773 Jacobus,
678 709 851 763 dicens
875 724 893 763 :
927 706 1031 761 Viri
1052 709 1256 778 fratres,
1280 704 1452 756 audite
1473 717 1569 754 me.
1594 700 1680 753 I4.
1721 698 1929 753 Simeon

412 804 636 857 narravit
660 802 913 873 quomodo
941 801 1159 868 primum
1186 797 1323 851 Deus
1349 795 1563 849 visitavit
1587 834 1604 859 ,
1631 802 1685 846 ut
1710 800 1930 845 sumeret

410 912 475 951 ex
492 896 721 967 gentibus
748 894 992 965 papulum
1015 892 1067 945 in
1092 892 1296 945 nomine
1314 906 1425 943 suo.
1457 888 1546 941 15.
1572 885 1639 939 Et
1665 885 1781 937 huic
1802 900 1926 937 ron-

412 997 598 1041 sonant
625 1002 877 1040 sermones
906 984 1289 1053 praphetarum.

409 1080 464 1131 I.
506 1078 602 1131 llic
627 1077 910 1144 episcopus
935 1083 1052 1129 erat
1080 1073 1130 1125 in
1157 1070 1606 1141 Jerusolymitana
1644 1066 1881 1121 Ecclesia
1910 1081 1923 1117 :

336 1166 564 1239 ideoque
613 1174 916 1235 postremus
963 1163 1198 1233 loquitur
1227 1180 1241 1215 :
1272 1171 1325 1216 et
1366 1160 1618 1229 impletur
1658 1156 1785 1211 illud
1817 1175 1826 1207 :
1856 1154 1923 1208 In

336 1273 423 1311 ore
446 1257 663 1311 duorum
684 1255 759 1311 vel
781 1256 935 1308 trium
956 1253 1155 1308 testium
1176 1252 1325 1306 stabit
1348 1267 1494 1305 omne
1514 1249 1716 1304 verbum
1742 1247 1919 1317 (Deut.

340 1348 427 1401 I7.
454 1346 537 1416 6).
565 1344 696 1401 Vide
718 1357 894 1399 autem
918 1354 973 1399 et
999 1343 1155 1413 hujus
1178 1341 1531 1412 prudentiam,
1564 1339 1652 1410 qui
1680 1355 1742 1393 ex
1773 1338 1923 1391 novis

336 1451 389 1495 et
414 1454 481 1495 ex
508 1439 773 1493 veteribus
802 1436 1073 1507 prophetis
1095 1435 1417 1490 sententiam
1441 1448 1590 1487 suam
1618 1430 1918 1485 confirmat.

333 1530 449 1585 Non
477 1531 619 1589 enim
651 1539 855 1598 poterat
883 1526 1099 1597 aliquod
1126 1542 1261 1596 opus
1286 1524 1574 1580 ostendere
1602 1533 1659 1576 ut
1690 1523 1879 1576 Petrus
1900 1563 1916 1587 ,

335 1633 393 1679 ut
420 1623 631 1679 Paulus.
665 1621 731 1677 Et
755 1622 890 1676 bene
919 1621 1190 1689 provisum
1219 1627 1304 1673 est
1328 1660 1341 1681 ,
1370 1626 1428 1672 ut
1454 1617 1522 1671 ah
1551 1616 1655 1670 illis
1686 1614 1797 1668 [nec
1822 1614 1917 1668 lie-

336 1724 453 1768 rent
478 1755 493 1779 ,
536 1714 627 1781 qui
660 1728 765 1767 non
796 1712 1082 1766 habitaturi
1111 1717 1266 1765 erant
1290 1707 1677 1778 Jerosolymis;
1707 1715 1761 1759 et
1791 1705 1875 1757 hic
1898 1744 1914 1768 ,

330 1806 421 1875 qui
460 1804 937 1873 Jerusolymitanos
976 1801 1242 1866 docebat,
1278 1815 1377 1855 nec
1402 1799 1672 1853 obnoxius
1702 1797 1804 1851 illis
1833 1810 1918 1850 es-

329 1904 456 1958 set,
498 1910 597 1951 nec
624 1894 837 1949 illorum
865 1882 1143 1949 sententia:
1170 1891 1471 1961 Oppositus.
1501 1888 1571 1943 Et
1601 1887 1725 1957 quid
1752 1888 1917 1942 dicit?

344 1986 448 2039 Viri
474 1989 679 2058 fratres,
710 1987 884 2042 audite
910 2003 1006 2039 me.
1040 1985 1264 2055 Symeon
1293 1984 1538 2037 narravit.
1578 1980 1802 2047 Quidam
1831 1980 1917 2032 di-

333 2087 462 2133 cunt
500 2080 640 2134 hunc
668 2079 814 2135 illum
842 2094 999 2139 esse,
1044 2078 1133 2147 qui
1176 2093 1205 2131 a
1246 2076 1387 2130 Luca
1417 2083 1782 2136 memoratur,
1825 2073 1917 2125 alii

326 2170 490 2225 alium
516 2172 909 2241 cognominem.
951 2171 1074 2226 Sive
1104 2169 1218 2233 hic,
1252 2168 1364 2221 sive
1393 2167 1484 2221 ille
1511 2166 1609 2229 sit,
1642 2182 1746 2219 non
1776 2164 1913 2218 ulte-

326 2263 439 2317 rius
462 2262 862 2332 inquirendum,
894 2260 987 2316 sed
1014 2276 1077 2316 ea
1104 2277 1222 2330 qua:
1249 2260 1379 2314 dicit
1406 2268 1463 2312 ut
1488 2257 1791 2313 necessaria
1818 2272 1912 2310 ex-

325 2353 569 2423 cipienda
606 2361 751 2407 sunt.
806 2352 911 2405 Virt
952 2356 1157 2423 fratres,
1200 2351 1392 2422 inquit.
1434 2350 1621 2419 Magna
1665 2349 1761 2402 viri
1792 2363 1907 2401 mo-

325 2442 535 2506 destia,
580 2450 633 2497 et
660 2441 948 2512 perfectior
986 2452 1064 2496 est
1114 2441 1229 2495 hmc
1273 2442 1463 2495 concio
1488 2481 1504 2505 ,
1547 2454 1665 2509 qua:
1708 2438 1913 2492 scilicet

329 2532 491 2591 linem
519 2532 680 2587 rebus
703 2534 958 2602 imtionat.
994 2532 1259 2599 Quomodo
1289 2533 1507 2601 primum
1535 2530 1674 2584 Deus
1694 2530 1911 2583 visitat'it

323 2634 380 2676 ut
401 2633 617 2677 sumeret
641 2640 705 2679 ea:
732 2624 960 2693 gentibus
992 2624 1238 2693 populum
1267 2624 1466 2677 nomine
1493 2623 1651 2677 illius.
1695 2622 1760 2674 Et
1790 2622 1910 2675 huic

321 2725 599 2769 consonant
622 2731 874 2769 sermones
902 2715 1284 2784 prophetarum.
1328 2714 1461 2783 Quia
1490 2715 1582 2768 ille
1608 2730 1636 2766 a
1666 2722 1909 2780 tempore

324 2815 480 2861 notus
505 2814 641 2872 erat,
672 2822 770 2861 nec
799 2806 902 2861 fide
928 2806 1121 2876 dignus
1146 2806 1462 2869 habebatur,
1492 2803 1634 2874 quod
1660 2804 1909 2873 antiquus

324 2915 428 2959 non
441 2911 605 2967 esset,
622 2911 854 2957 veterem
873 2914 1085 2969 quoque
1110 2900 1442 2970 prophetiam
1459 2898 1680 2961 inducit,
1700 2898 1903 2950 dicens:

324 2992 469 3047 Sicut
496 2993 738 3063 scriptum
764 3002 838 3045 est
864 3007 884 3044 :
915 2990 1002 3045 16.
1032 2989 1219 3044 Postea
1246 3000 1488 3055 revertar,
1516 2998 1565 3043 et
1589 2987 1908 3055 reaediﬁcabo

321 3084 699 3137 tabernaculum
726 3082 896 3136 David
920 3083 1055 3152 quod
1081 3081 1289 3147 decidit,
1321 3093 1368 3135 et
1390 3083 1581 3151 erigant
1609 3079 1740 3133 illud
1768 3096 1786 3133 :
1812 3081 1903 3135 I7.

320 3184 375 3227 ut
403 3174 661 3243 requirant
682 3174 850 3227 caueri
868 3173 1129 3227 hominum
1153 3172 1428 3225 Dominum
1448 3180 1493 3224 et
1520 3187 1691 3225 omnes
1711 3179 1901 3240 gentes,

319 3283 472 3336 super
498 3283 623 3335 quas
650 3268 935 3321 invocatum
958 3274 1033 3319 est
1058 3281 1237 3319 nomen
1264 3280 1449 3329 meum,
1481 3264 1606 3317 dicit
1629 3262 1901 3328 Dominus,

323 3357 409 3425 qni
456 3357 581 3427 facit
607 3358 714 3411 hac
754 3357 927 3412 omnia
968 3357 987 3428 (
1008 3356 1163 3409 Amos
1190 3355 1243 3410 9.
1288 3354 1415 3427 II
1453 3354 1589 3421 Quid
1622 3353 1796 3424 ergo?
1836 3370 1904 3407 an

320 3457 499 3505 erecta
523 3457 605 3503 est
626 3447 997 3520 ierosolyma?
1033 3462 1210 3501 annon
1239 3447 1416 3516 potius
1435 3446 1607 3501 diruta
1636 3446 1732 3500 fuit
1752 3446 1775 3499 ?
1799 3445 1904 3500 Sed

327 3553 432 3591 non
463 3540 544 3595 his
567 3539 636 3594 de
679 3540 840 3594 rebus
877 3540 992 3608 ipse
1026 3540 1280 3609 loquitur.
1323 3539 1388 3591 Et
1425 3554 1582 3607 (fuam
1626 3536 1755 3591 dicit
1786 3551 1907 3591 ere-

323 3630 554 3684 ctionem
572 3630 596 3682 ?
614 3631 744 3685 Eam
763 3646 884 3701 quae
898 3640 1018 3700 post
1040 3632 1381 3702 Babylonem.
1406 3631 1490 3685 I8.
1518 3630 1657 3684 Nota
1675 3649 1706 3684 a
1720 3634 1905 3685 sa’culo

324 3731 442 3777 sunt
472 3720 579 3776 Deo
603 3722 773 3775 omnia
800 3739 954 3791 opera
978 3739 1093 3776 sua.
1139 3722 1340 3776 Deinde
1364 3738 1522 3791 quam
1566 3722 1671 3775 fide
1709 3722 1904 3792 dignus

324 3829 503 3871 sermo
528 3814 599 3868 sit
634 3814 824 3880 innuit,
872 3815 997 3883 quia
1036 3815 1169 3869 nihil
1216 3830 1452 3880 novum,
1500 3814 1595 3870 sed
1639 3816 1708 3870 ab
1751 3816 1903 3870 initio

324 3904 505 3959 onmia
527 3905 820 3975 praestituta
837 3916 980 3960 sunt.
996 3906 1248 3975 Sequitur
1267 3906 1552 3960 sententia.
1570 3906 1658 3961 I9.
1684 3907 1905 3975 Propter

323 3996 457 4065 quod
496 4012 587 4066 ego
613 3996 798 4065 judico
821 4036 835 4058 ,
879 4012 979 4049 non
1007 3996 1277 4065 inquietari
1301 4012 1416 4060 eos,
1459 3997 1544 4065 qui
1571 4012 1634 4050 ea:
1673 3996 1905 4066 gentibus

322 4095 681 4140 convertuntur
704 4086 772 4141 ad
792 4084 980 4152 Deum,
1011 4084 1102 4141 20.
1132 4086 1220 4139 sed
1242 4084 1455 4139 scribere
1480 4087 1553 4139 ad
1574 4102 1679 4150 eos,
1709 4095 1764 4139 ut
1789 4087 1905 4140 abs-

324 4180 513 4234 tineant
553 4196 608 4234 se
642 4197 675 4234 a
711 4180 1221 4235 contaminationibus
1257 4180 1644 4235 simulacrorum
1663 4193 1715 4233 et
1741 4181 1904 4250 forni-

323 4274 519 4326 catione
542 4282 591 4326 et
611 4272 861 4340 stt/focale
882 4283 928 4327 et
948 4273 1214 4344 sanguine.
1231 4273 1294 4327 2I
1309 4312 1322 4325 .
1349 4273 1551 4344 Moyses
1577 4275 1707 4327 enim
1728 4290 1759 4325 a
1780 4284 1905 4327 tem-

324 4365 526 4433 poribus
546 4366 761 4436 antiquis
783 4383 872 4435 per
897 4383 1068 4420 omnes
1094 4368 1318 4420 civitates
1343 4366 1488 4421 habet
1508 4368 1595 4438 qui
1624 4368 1901 4437 prtedicent

321 4471 435 4509 eum
461 4456 511 4510 in
537 4458 828 4528 synagogis,
855 4457 941 4511 ubi
961 4474 1051 4527 per
1074 4474 1223 4512 omne
1244 4457 1509 4512 sabbatum
1537 4460 1739 4529 legitur.
1767 4459 1901 4523 Quia

321 4546 398 4601 ἱΊί
430 4563 535 4601 non
565 4547 846 4602 audierant
883 4547 950 4602 de
991 4548 1108 4617 lege
1130 4588 1146 4612 ,
1181 4548 1375 4603 merito
1408 4549 1522 4603 hmc
1563 4549 1792 4618 imperat
1833 4550 1902 4603 de

320 4641 437 4711 lege
456 4683 470 4708 ,
518 4655 587 4695 ne
625 4640 865 4694 videatur
891 4639 1035 4693 illam
1067 4641 1348 4709 abrogare.
1392 4641 1458 4693 Et
1483 4640 1603 4694 vide
1631 4642 1902 4710 quomodo

320 4746 429 4788 non
465 4734 611 4791 sinat,
646 4744 740 4783 eos
786 4729 901 4783 lucc
945 4745 1009 4783 ex
1054 4729 1170 4798 lege
1194 4730 1415 4795 audire,
1460 4731 1554 4785 sed
1586 4747 1650 4791 ex
1682 4732 1858 4801 scipso
1884 4774 1899 4797 ,

319 4821 506 4877 dicens
527 4861 543 4883 ,
569 4819 757 4874 Judico
782 4836 872 4890 ego
889 4837 910 4886 ;
940 4821 992 4876 id
1022 4829 1105 4875 est
1125 4862 1140 4886 ,
1168 4836 1199 4875 a
1228 4821 1432 4890 meipso
1457 4862 1473 4888 ,
1504 4837 1607 4875 nou
1642 4840 1762 4892 qum
1796 4839 1901 4876 an-

319 4916 427 4971 divi
456 4931 521 4970 ex
548 4915 683 4984 lege.
718 4916 936 4968 Demum
962 4928 1245 4969 commune
1269 4914 1460 4984 dogma
1486 4915 1773 4983 profertur.
1803 4916 1893 4971 23.

324 5006 469 5062 Tunc
497 5007 689 5075 placuit
714 5007 958 5075 apostolis
983 5016 1031 5061 et
1055 5006 1337 5064 senioribus
1371 5017 1418 5060 et
1457 5009 1593 5061 omni
1620 5008 1861 5064 Ecclesia:
1882 5054 1896 5077 ,

317 5099 503 5169 eligere
539 5098 673 5152 viros
701 5113 764 5153 ea;
791 5098 892 5162 eis,
941 5107 991 5152 et
1020 5098 1214 5151 mittere
1240 5099 1561 5153 Antiochiam
1587 5118 1699 5153 cum
1734 5101 1898 5155 Paulo

318 5202 366 5245 et
394 5190 635 5246 Barnaba
659 5190 692 5244 .l
700 5191 855 5244 udam
873 5231 889 5256 ,
935 5191 1025 5261 qui
1047 5192 1498 5262 cognominabatur
1520 5191 1775 5246 Barsabas
1795 5235 1809 5259 ,
1852 5204 1899 5247 et

321 5282 511 5347 Silam,
538 5284 671 5339 viros
692 5284 881 5353 primos
902 5284 952 5337 in
978 5285 1243 5355 fratribus,
1266 5284 1355 5339 Ξῖ).
1379 5285 1655 5341 scribentes
1676 5304 1765 5355 per
1790 5304 1900 5340 mae

264 5446 265 5449 η
321 5390 443 5427 num
472 5390 642 5428 eorum
672 5374 800 5430 hac.
846 5373 979 5429 Vide
1008 5375 1129 5429 illos
1154 5391 1258 5429 non
1294 5383 1492 5429 temere
1521 5376 1604 5428 illa
1636 5385 1894 5441 statuere;

322 5462 416 5518 sed
444 5472 503 5516 ut
530 5465 790 5520 sententia
824 5464 927 5521 flde
955 5464 1115 5535 digna
1144 5467 1251 5529 sit,
1282 5466 1496 5519 mittunt
1528 5466 1623 5521 hos
1656 5481 1685 5521 a
1717 5482 1809 5533 se,
1845 5477 1901 5521 ut

322 5553 557 5619 suspecti
586 5569 691 5608 non
722 5566 904 5612 essent
936 5556 1131 5611 Paulus
1159 5565 1214 5612 et
1240 5557 1436 5613 socius.
1480 5557 1544 5613 Et
1582 5557 1703 5612 vide
1739 5572 1897 5627 quam

320 5641 556 5712 graviter
584 5644 703 5699 illos
729 5647 1073 5718 objurgantes
1098 5649 1334 5704 scribant
1361 5668 1373 5702 :
1402 5651 1650 5720 Apostoli,
1678 5652 1897 5705 seniores

2037 614 2083 657 et
2107 606 2289 673 fratres
2314 609 2375 661 iis
2399 650 2412 670 ,
2442 612 2528 679 qui
2552 622 2668 664 sunt
2696 612 2994 676 Antiochiet,
3023 616 3076 669 in
3106 617 3261 686 Syria
3290 628 3335 669 et
3362 620 3412 672 in
3448 618 3626 673 Cilicia

2036 697 2280 763 fratribus
2306 702 2391 769 qui
2417 719 2479 756 ea:
2513 705 2744 774 gentibus
2767 751 2780 769 ,
2829 710 3064 762 salutem.
3101 708 3188 763 24.
3237 710 3489 777 Quoniam
3532 731 3626 767 au-

2034 788 2249 843 divimus
2273 793 2393 860 quia
2421 795 2627 861 quidam
2665 811 2729 849 ea:
2768 797 2910 851 nobis
2952 798 3276 854 turbaverunt
3306 817 3409 866 vos,
3455 804 3617 859 verbis

2034 889 2301 934 evertentes
2342 884 2543 938 animas
2570 896 2757 941 vestras
2779 930 2792 952 ,
2827 888 3048 943 dicentes
3076 900 3130 941 ut
3177 893 3612 948 circumeidamini

2032 982 2077 1023 et
2105 974 2309 1026 servetis
2344 975 2531 1046 legem,
2585 980 2765 1047 quibus
2786 998 2886 1035 non
2912 984 3284 1039 mandavimus.
3328 986 3617 1044 Sufficiens

2030 1070 2144 1115 erat
2174 1064 2442 1121 accusatio
2470 1070 2784 1125 temeritatis
2811 1072 3044 1138 illorum,
3080 1084 3135 1128 et
3164 1075 3318 1144 digna
3342 1080 3615 1146 apostolo-

2029 1166 2147 1204 rum
2169 1155 2432 1223 :equitate,
2481 1158 2613 1213 nihil
2656 1161 2828 1229 majus
2865 1162 2999 1216 ultra
3021 1163 3335 1219 dicentium.
3362 1168 3451 1223 25.
3486 1168 3617 1222 Pla-

2027 1243 2132 1296 cuit
2162 1246 2308 1299 nobis
2351 1248 2574 1302 collectis
2599 1251 2652 1302 in
2696 1268 2854 1304 unum
2879 1252 3061 1324 eligere
3092 1256 3223 1309 viros
3253 1266 3298 1309 et
3325 1259 3519 1312 mittere
3545 1261 3613 1314 ad

2027 1350 2133 1399 vos,
2162 1353 2275 1390 cum
2299 1339 2572 1394 carissimis
2604 1344 2788 1395 nostris
2816 1341 3056 1398 Barnaba
3080 1358 3127 1399 et
3155 1345 3338 1410 Paulo,
3368 1348 3457 1404 26.
3490 1352 3611 1404 viris

2023 1428 2441 1494 qm‘tradiderunt
2462 1432 2657 1485 animus
2688 1450 2808 1487 suas
2835 1451 2928 1503 pro
2961 1437 3165 1490 nomine
3200 1437 3405 1492 Domini
3450 1443 3615 1494 nostri

2031 1519 2063 1573 J
2070 1536 2156 1573 esu
2172 1520 2377 1576 Christi.
2402 1523 2581 1596 Itaque
2601 1527 2920 1593 ostenditur,
2942 1543 3047 1582 non
3068 1532 3342 1600 tyrannice
3369 1550 3480 1586 rem
3501 1536 3608 1603 agi,

2023 1613 2271 1668 Omnibus
2291 1614 2403 1669 haec
2424 1617 2654 1686 placere.
2674 1630 2727 1673 et
2750 1619 2864 1674 haec
2877 1636 2996 1675 cum
3015 1621 3404 1680 deliberatione
3425 1626 3607 1693 scribi,

2023 1702 2256 1769 Electos,
2288 1707 2551 1776 inquiunt,
2580 1712 2722 1764 viros
2743 1727 2806 1765 ex
2832 1712 3006 1766 nobis.
3038 1713 3241 1767 Deinde
3266 1732 3331 1769 ne
3364 1717 3611 1772 videatur

2020 1811 2085 1850 ex
2114 1798 2376 1852 calumnia
2407 1800 2551 1854 Pauli
2582 1812 2636 1855 et
2665 1802 2921 1857 Barnabas
2957 1804 3077 1858 illos
3113 1805 3247 1859 mitti
3273 1846 3287 1869 ,
3340 1810 3609 1877 perpende

2021 1888 2203 1943 laudes
2231 1890 2466 1959 ipsorum
2500 1909 2514 1945 :
2551 1890 2707 1957 Viris,
2736 1892 3001 1963 inquiunt,
3031 1897 3119 1965 qui
3145 1897 3461 1951 tradiderunt
3486 1901 3603 1951 ani-

2019 1998 2128 2035 mas
2155 1999 2273 2036 sitas
2304 2000 2397 2053 pro
2427 1984 2627 2039 nomine
2657 1985 2867 2039 Domini
2892 1988 3052 2042 nostri
3080 1987 3206 2042 Jesu
3256 1990 3463 2043 Christi.
3504 1993 3597 2046 27.

2021 2070 2253 2127 Misimus
2281 2090 2398 2144 ergo
2426 2075 2620 2127 ludam
2648 2086 2697 2130 et
2725 2076 2890 2131 Silam
2914 2118 2928 2144 ,
2962 2080 3052 2147 qui
3082 2088 3127 2133 et
3158 2082 3257 2149 ipsi
3286 2082 3420 2135 vobis
3446 2083 3607 2138 verbis

2018 2167 2231 2233 referent
2260 2165 2453 2219 eadem.
2481 2165 2569 2221 28.
2628 2165 2802 2221 Visum
2833 2178 2907 2222 est
2938 2170 3068 2222 enim
3103 2171 3321 2241 Spiritui
3348 2183 3525 2227 sancto
3555 2185 3606 2229 et

2016 2254 2175 2308 nobis.
2217 2255 2357 2309 Nihil
2384 2272 2512 2325 ergo
2544 2257 2831 2312 humanum
2855 2300 2868 2321 ,
2899 2260 2942 2313 si
2971 2259 3200 2329 Spiritus
3230 2262 3344 2317 lucc
3373 2273 3598 2319 statuat.

2018 2346 2169 2400 Nihil
2196 2349 2333 2401 ultra
2360 2349 2553 2419 imponi
2585 2350 2720 2404 vobis
2747 2353 2931 2407 oneris.
2978 2352 3209 2407 Rursum
3240 2369 3375 2409 onus
3408 2368 3602 2412 vocant

2015 2438 2207 2507 legem.
2232 2438 2371 2495 Hinc
2396 2440 2460 2492 de
2489 2440 2595 2495 illis
2624 2441 2750 2508 ipsis
2779 2442 3038 2497 rationem
3068 2444 3317 2499 reddunt.
3356 2445 3471 2500 Nisi
3495 2449 3603 2501 Inrc

2013 2529 2316 2597 necessaria,
2369 2530 2461 2586 29.
2522 2541 2575 2585 ut
2628 2532 2919 2586 nbstineatis
2970 2548 3055 2587 vos
3110 2536 3172 2587 ab
3228 2536 3501 2590 immolatis
3533 2537 3605 2589 si-

2010 2620 2369 2675 mulacrorum
2445 2632 2491 2675 et
2536 2621 2783 2688 suffocato
2810 2632 2855 2676 et
2880 2625 3212 2695 fornicatione
3239 2634 3284 2679 et
3312 2629 3562 2697 sanguine
3583 2670 3599 2694 ,

1996 2727 2044 2781 _a
2067 2711 2246 2780 quibus
2264 2713 2597 2766 custodientes
2619 2730 2723 2779 vos,
2740 2716 2860 2768 bene
2878 2716 3057 2784 agetis.
3081 2716 3205 2771 Hice
3220 2734 3353 2772 nova
3379 2718 3463 2773 lex
3494 2736 3599 2774 non

2013 2803 2250 2873 praecipit
2280 2819 2293 2856 :
2338 2820 2595 2873 nusquam
2627 2808 2768 2860 enim
2797 2807 2863 2861 de
2893 2806 2976 2862 his
3009 2809 3258 2876 loquutus
3302 2819 3384 2865 est
3424 2811 3582 2865 Chri-

2011 2906 2147 2956 stus;
2173 2895 2266 2950 sed
2294 2910 2323 2948 a
2349 2896 2463 2965 lege
2492 2896 2605 2951 hcce
2630 2908 2865 2952 sumunt.
2890 2898 2960 2952 Et
2984 2899 3254 2966 su/I’ocato,
3286 2903 3472 2973 inquit.
3504 2904 3599 2961 llic

2011 2986 2215 3041 czedem
2238 2987 2474 3042 cohibet.
2524 2989 2611 3043 30.
2659 2988 2750 3043 Illi
2777 3006 2896 3059 ergo
2922 2991 3120 3045 dimissi
3145 3005 3385 3047 venerunt
3411 2994 3562 3049 Antio
3582 3026 3597 3035 -

2010 3077 2176 3130 Chiam
2196 3118 2211 3141 ,
2241 3088 2287 3131 et
2310 3091 2613 3148 congregata
2650 3079 2969 3134 multitudine
2994 3121 3008 3145 ,
3063 3082 3384 3137 tradiderunt
3406 3087 3596 3153 episto-

2010 3167 2134 3220 lam.
2162 3168 2250 3222 3i.
2285 3168 2447 3234 Quam
2470 3185 2585 3222 cum
2612 3170 2866 3240 legissent,
2894 3172 3055 3241 gavisi
3080 3183 3198 3226 sunt
3234 3190 3389 3243 super
3413 3192 3595 3229 conso-

2010 3259 2214 3314 latione.
2266 3259 2458 3315 Postea
2500 3271 2557 3315 ut
2585 3263 2833 3317 ostendat
2869 3264 3140 3332 quomodo
3183 3266 3304 3320 illos
3332 3268 3593 3322 consolati

2009 3352 2148 3418 sint,
2190 3353 2368 3408 subdit
2401 3371 2414 3407 :
2447 3354 2533 3408 52.
2583 3353 2751 3407 Iudas
2779 3366 2949 3410 autem
2970 3366 3017 3410 et
3042 3357 3183 3411 Silas
3207 3398 3223 3421 ,
3270 3370 3316 3412 et
3354 3361 3454 3430 ipsi
3478 3378 3591 3415 cum

2009 3455 2168 3498 essent
2197 3445 2484 3514 praphetce,
2532 3446 2679 3499 verbo
2709 3446 2927 3513 plurimo
2953 3448 3199 3502 consolati
3226 3460 3342 3503 sunt
3368 3456 3552 3521 fratres
3578 3492 3590 3513 ρ

2009 3546 2057 3589 et
2080 3537 2522 3605 confirmaverunt.
2566 3537 2657 3593 33.
2694 3536 2856 3591 Facto
2879 3548 3047 3592 autem
3082 3540 3149 3592 ibi
3177 3541 3439 3609 aliquanto
3466 3553 3594 3596 tem-

2010 3645 2133 3699 pore
2150 3668 2166 3695 ,
2193 3628 2387 3682 dimissi
2412 3639 2527 3683 sunt
2550 3645 2665 3683 cum
2694 3646 2820 3699 pace
2850 3646 2881 3682 a
2906 3630 3151 3702 fratribus
3176 3633 3244 3684 ad
3274 3634 3552 3702 apostolos.

2078 3720 2133 3772 2.
2162 3719 2228 3773 In
2260 3719 2487 3773 Ecclesia
2511 3722 2683 3774 nullus
2706 3721 2887 3790 fastus.
2906 3720 3107 3775 -—Non
3145 3722 3277 3776 ultra
3303 3724 3593 3781 seditiones

2009 3823 2062 3867 et
2090 3827 2279 3882 pugnae
2310 3833 2323 3865 :
2354 3812 2577 3881 ideoque
2598 3812 2926 3867 confirmatis
2950 3813 3055 3867 illis
3079 3857 3094 3880 ,
3118 3830 3238 3869 cum
3278 3831 3406 3884 pace
3443 3819 3591 3873 abie~

2010 3914 2135 3959 runt
2163 3921 2176 3956 :
2208 3904 2461 3958 adversus
2490 3904 2710 3959 Paulum
2742 3903 2885 3959 enim
2916 3906 3361 3961 eontentiosiores
3391 3920 3542 3962 eram
3575 3927 3588 3961 :

2007 4011 2072 4050 ac
2098 3995 2290 4050 deinde
2317 3995 2512 4049 Paulus
2538 3994 2715 4049 docet.
2745 3995 2835 4050 Sic
2864 3996 3042 4049 nullus
3074 3996 3241 4050 fastus
3262 4008 3377 4052 erat
3406 4000 3458 4052 in
3488 4000 3589 4057 Ec-

2008 4088 2214 4154 clesia,
2261 4088 2355 4141 sed
2405 4088 2542 4142 bene
2589 4089 2877 4142 constituta
2924 4090 3123 4144 omnia.
3158 4090 3223 4145 Et
3268 4091 3427 4146 vide:
3473 4103 3592 4161 post

2009 4179 2224 4234 Petrum
2256 4179 2449 4233 Paulus
2478 4178 2712 4247 loquitur
2737 4219 2751 4242 ,
2781 4187 2836 4233 et
2864 4194 3024 4234 nemo
3053 4182 3293 4249 reprimit
3319 4199 3332 4245 ;
3363 4182 3594 4236 Jacobus

2008 4277 2316 4338 exspectat,
2347 4283 2446 4322 nec
2471 4268 2646 4322 exsilit
2676 4286 2690 4321 :
2728 4268 2803 4323 illi
2845 4269 2986 4323 enim
3015 4270 3342 4339 principatus
3367 4288 3589 4329 concre-

2008 4358 2150 4414 ditus
2174 4369 2308 4414 erat.
2336 4359 2476 4413 Nihil
2504 4358 2589 4413 hic
2613 4358 2850 4414 Joannes
2872 4401 2886 4425 ,
2930 4360 3060 4414 nihil
3105 4361 3192 4414 alii
3235 4364 3457 4430 apostoli
3508 4365 3591 4417 lo-

2008 4462 2241 4522 quuntur
2261 4493 2273 4517 ,
2308 4452 2401 4507 sed
2430 4460 2648 4518 tacent,
2681 4467 2780 4507 nec
2808 4452 3184 4522 indignantur:
3209 4455 3285 4507 sic
3311 4471 3442 4507 vana
3473 4458 3559 4525 glo

2010 4546 2087 4598 ria
2138 4544 2289 4597 vacui
2344 4542 2509 4598 animi
2559 4552 2730 4599 crant.
2783 4542 2889 4597 Sed
2933 4544 3209 4611 superiora
3266 4555 3586 4613 repetamus.

2013 4635 2290 4706 Postquam
2327 4645 2628 4702 tacuerunt,
2679 4637 2888 4706 inquit,
2924 4638 3184 4706 respondit
3219 4636 3441 4691 Iacobus
3464 4680 3479 4704 ,
3512 4640 3587 4690 di-

2006 4746 2121 4783 cens
2148 4745 2167 4783 :
2198 4729 2405 4783 Simeon
2436 4730 2658 4783 narravit
2680 4732 2930 4799 quomodo
2953 4733 3169 4801 prinntm
3194 4731 3329 4786 Dens
3352 4735 3585 4795 uisitauit.

2008 4819 2161 4875 Initio
2188 4819 2557 4876 vehementius
2586 4820 2775 4875 Petrus
2801 4821 3119 4891 loquebatur
3140 4864 3156 4889 ,
3182 4822 3269 4877 hic
3291 4840 3416 4879 vero
3440 4840 3591 4877 man-

2006 4914 2228 4969 suetius.
2264 4912 2336 4966 lta
2364 4929 2577 4982 semper
2610 4915 2910 4971 faciendum
2942 4927 3025 4973 est
3053 4920 3100 4974 ei
3126 4962 3141 4985 ,
3174 4923 3262 4990 qui
3306 4921 3357 4974 in
3400 4936 3589 4991 magna

2008 5014 2271 5075 potestate
2308 5014 2429 5061 est:
2475 5020 2703 5060 onerosa
2749 5007 2869 5062 aliis
2910 5009 3164 5064 mittenda
3193 5052 3208 5077 ,
3257 5010 3370 5079 ipse
3412 5020 3589 5064 autem

2006 5102 2185 5155 mitius
2214 5114 2375 5170 agere
2413 5098 2593 5154 debet.
2636 5101 2803 5157 Recte
2853 5102 3028 5158 dixit:
3078 5104 3284 5159 Simeon
3325 5106 3589 5168 narravit,

2004 5197 2152 5259 quasi
2186 5192 2275 5246 ille
2304 5191 2529 5247 aliorum
2562 5189 2760 5247 referat
2783 5196 3124 5249 sententiam.
3163 5195 3294 5250 Vide
3320 5195 3590 5265 quomodo

2007 5283 2109 5337 hoc
2137 5282 2412 5353 antiquum
2442 5298 2564 5341 esse
2589 5284 2856 5338 ostendat.
2892 5285 2958 5339 Ut
3004 5296 3250 5352 sumeret,
3292 5286 3463 5355 inquit
3485 5327 3499 5347 ,
3533 5302 3595 5339 ea:

2004 5372 2230 5442 gentibus
2261 5373 2505 5441 populum
2536 5375 2728 5429 nomini
2756 5392 2868 5428 suo.
2911 5375 3026 5429 Non
3058 5377 3230 5428 solum
3262 5376 3428 5445 elegit
3451 5418 3465 5439 ,
3500 5375 3591 5428 sed

2003 5462 2163 5517 etiam
2193 5463 2396 5517 nomini
2427 5479 2565 5530 suo;
2616 5465 2668 5519 id
2705 5477 2785 5521 est
2811 5509 2825 5531 ,
2873 5468 3058 5536 gloriae
3102 5483 3229 5521 sine.
3263 5467 3380 5521 Non
3431 5467 3592 5536 pudet

2005 5570 2199 5609 nomen
2216 5572 2368 5610 suum
2385 5572 2449 5611 ex
2465 5560 2830 5628 assumptione
2851 5562 3084 5629 gentium
3112 5560 3335 5631 gloriam
3361 5575 3553 5615 vocare
3574 5575 3592 5615 :

2007 5648 2122 5703 hac
2146 5650 2287 5703 enim
2319 5648 2489 5718 major
2518 5659 2599 5704 est
2627 5651 2815 5719 gloria.
2867 5652 2959 5706 llic
3004 5668 3131 5708 vero
3171 5654 3294 5724 quid
3344 5666 3595 5723 magnum
