4108 6172
368 320 471 379 241

351 432 554 505 ἐτέρων
595 429 770 501 λέγειν
804 428 1046 500 γνώμην.
1080 429 1223 500 Ὅρα
1262 428 1379 492 πῶς
1421 427 1657 482 δείκνυσι
1712 425 1942 481 παλαιὸν
1967 423 2027 478 ὃν

347 520 528 574 τοῦτο.
563 518 778 574 Λαθεῖν
805 517 875 581 ἐξ
903 514 1094 569 ἐθνῶν
1117 516 1290 578 λαὸν,
1320 515 1472 584 φησὶ,
1511 513 1592 578 τῷ
1631 514 1876 582 ὀνόματι
1915 513 2022 565 αὑ·-

350 607 478 661 τοῦ.
527 606 637 675 Οὐχ
675 605 859 668 ἀπλῶς
912 603 1211 670 ἐξελέξατο,
1248 602 1383 655 ἀλλά
1423 601 1502 672 τῷ
1555 601 1775 672 ὀνόματι
1821 596 2022 653 αὐτοῦ’

347 695 610 757 τουτέστι,
651 696 715 764 τῇ
755 691 882 764 δόξῃ
920 691 1108 745 αὑτοῦ.
1142 691 1255 744 Οὐκ
1291 689 1606 759 αἰσχύνεται
1641 687 1700 741 10
1731 687 1900 758 ὄνομα
1931 687 2030 739 αὑ-

349 781 444 833 τοῦ
490 783 555 851 τῇ
588 779 855 850 προλήψει
893 779 999 831 τῶν
1050 777 1219 830 ἐθνῶν
1257 776 1411 841 δόξαν
1451 775 1651 830 καλῶν.
1699 775 1869 828 Τοῦτο
1919 774 2027 844 γὰρ

352 867 552 939 μείζων
591 867 738 933 δόξα.
793 864 1059 919 Ἑνταῦθά
1105 882 1157 918 τι
1207 865 1301 918 καὶ
1329 865 1476 936 μέγα
1507 865 1822 916 αἰνίττεται.
1867 863 2026 914 Ποῖον

343 956 539 1017 τοῦτο;
598 954 743 1017 Ὅτι,
793 953 947 1022 φησὶ,
987 952 1092 1023 πρὸ
1135 952 1353 1005 πάντων
1408 948 1572 1006 οῦτοι.
1629 952 1789 1005 Μετὰ
1838 949 2026 1002 ταῦτα

344 1038 726 1108 ἀναστρέψω,
762 1039 862 1092 καί
915 1038 1385 1106 ἀνοικοδομήσω,
1431 1039 1586 1108 φησὶ,
1626 1037 1740 1105 τὴν
1784 1035 2026 1102 σκηνὴν

353 1126 528 1181 Δαυίδ
573 1127 689 1191 τὴν
715 1124 1113 1178 πεπτωκυῖαν.
1151 1124 1217 1176 Et
1249 1142 1334 1187 τις
1373 1124 1616 1195 ἀκριϐῶς
1650 1125 1896 1194 σκοποίη,
1929 1123 2024 1177 νῦν

347 1214 446 1284 τὴν
479 1211 753 1283 βασιλείαν
785 1210 1078 1281 ἱσταμένην
1119 1210 1211 1262 τοῦ
1249 1210 1411 1263 Δαυὶδ
1448 1210 1620 1282 εὖροι.
1650 1210 1755 1262 Τοῦ
1797 1211 2021 1278 ἐκγόνου

348 1303 457 1374 γὰρ
495 1299 660 1354 αὑτοῦ
697 1297 1090 1368 βασιλεύοντος,
1144 1297 1417 1368 πανταχοῦ
1473 1297 1702 1367 ἕστηκεν
1748 1296 1904 1368 αῦτη.
1957 1299 2021 1349 Τί

347 1388 456 1460 γὰρ
509 1385 701 1454 ὄφελος
737 1384 844 1437 τῶν
887 1384 1201 1454 οἰκημάτων
1240 1385 1334 1436 καὶ
1371 1383 1470 1453 τῆς
1505 1383 1734 1447 πόλεως,
1772 1383 1882 1436 τῶν
1921 1385 2024 1436 ὑπ-

348 1475 657 1531 ακουόντων
686 1472 786 1527 οὐκ
824 1471 1033 1536 ὄντων;
1070 1474 1220 1524 ποῖον
1259 1470 1314 1524 δὲ
1356 1470 1551 1540 βλάϐος
1586 1473 1650 1523 ἐκ
1681 1471 1779 1540 τῆς
1823 1471 2018 1524 καθαι-

351 1565 554 1636 ρέσεως
581 1560 682 1630 τῆς
705 1559 929 1621 πόλεως,
958 1558 1174 1611 πάντων
1205 1558 1299 1609 καλ¹
1331 1556 1431 1620 τὰς
1467 1556 1642 1626 ψυχὰς
1683 1555 2020 1627 βουλομένων

347 1648 655 1711 ἐπιδοῦναι;
694 1647 858 1698 Ὥστε
895 1645 956 1696 οὐ
997 1644 1156 1714 μόνον
1195 1643 1444 1714 ἕστηκεν,
1480 1643 1615 1697 ἀλλὰ
1651 1644 1745 1696 καὶ
1768 1643 2019 1714 λαμπρο-

346 1738 480 1807 τέρα
513 1735 728 1790 πάντων
753 1732 971 1801 γέγονε*
1014 1728 1290 1800 πανταχοῦ
1326 1729 1436 1800 γὰρ
1473 1730 1568 1784 νῦν
1622 1734 1721 1800 τῆς
1777 1729 2022 1800 οἰκουμέ-

345 1840 444 1894 νης
475 1823 680 1896 ᾅδεται.
718 1820 926 1875 Ἐκεῖνο
961 1816 1152 1886 ἐξέϐη·
1205 1816 1401 1870 οὐκοῦν
1440 1817 1535 1870 καὶ
1587 1817 1745 1870 τοῦτο
1793 1817 2020 1888 ἐκϐῆναι

343 1913 443 1966 δεῖ.
480 1911 664 1965 Εἰπὼν
697 1909 775 1972 δέ,
831 1907 938 1961 Καὶ
977 1905 1456 1975 ἀνοικοδομήσω,
1507 1905 1703 1974 ἐπάγει
1772 1905 1865 1958 καὶ
1923 1905 2022 1976 τὴν

343 2001 524 2054 αἰτίαν
539 1997 632 2051 τοῦ
653 1997 740 2050 διὰ
766 1996 838 2060 τί,
866 1995 1070 2062 λέγων’
1101 1993 1302 2056 Ὅπως
1325 1991 1732 2058 ἐκζητήσωσιν
1765 1996 1816 2044 οἱ
1845 1993 2022 2046 κατά-

341 2091 544 2142 λοιποι
573 2084 695 2139 τῶν
737 2081 1064 2152 ἀνθρώπων
1107 2080 1216 2142 τὸν
1264 2081 1507 2147 Κύριον.
1574 2081 1636 2131 Εἰ
1693 2080 1870 2132 τοίνυν
1935 2079 2023 2132 διὰ

340 2173 499 2227 τοῦτο
546 2172 803 2241 ἐξανέστη
839 2171 872 2240 ή
902 2169 1057 2231 πόλις
1115 2167 1203 2220 διὰ
1238 2167 1330 2220 τὸν
1392 2166 1452 2230 ἐξ
1504 2167 1702 2226 αὐτῶν,
1748 2166 1907 2234 δῆλον
1940 2168 2021 2219 ὅτι

340 2264 440 2332 τῆς
483 2259 775 2330 οἰκοδομῆς
828 2258 927 2327 τῆς
987 2257 1195 2318 πόλεως
1234 2255 1407 2308 αἴτιον
1446 2253 1636 2322 γέγονε
1689 2255 1749 2306 10
1788 2253 1854 2306 τὰ
1893 2254 2019 2326 ἔθνη

342 2349 631 2420 κληθῆναι.
663 2347 820 2409 Τίνες
849 2345 985 2398 εἰσὶν
1011 2348 1072 2398 Ol
1099 2343 1480 2406 κατάλοιποι;
1518 2346 1579 2395 Οἱ
1610 2343 2022 2412 ὑπολειπόμενοι

342 2438 485 2491 τότε.
546 2434 684 2487 Ἀλλ’
711 2434 812 2504 ὅρα
850 2431 1014 2484 αὐτὸν
1058 2430 1152 2482 καὶ
1189 2431 1288 2499 τὴν
1323 2430 1478 2496 τάξιν
1521 2430 1873 2497 φυλάττοντα,
1927 2430 2024 2482 καὶ

342 2525 629 2594 δευτέρους
659 2521 854 2584 αὐτοὺς
911 2520 1218 2587 εἰσάγοντα.
1259 2517 1430 2586 Λέγει
1458 2519 1694 2586 Κύριος,
1744 2521 1775 2572 ό
1813 2517 2023 2582 ποιῶν,

344 2613 499 2684 φησὶ,
534 2611 722 2664 ταῦτα
769 2607 986 2661 πάντα.
1038 2606 1113 2659 Οὐ
1157 2604 1302 2673 λέγει
1335 2605 1518 2676 μόνον,
1547 2605 1683 2657 ἀλλά
1717 2605 1813 2657 καὶ
1847 2607 2021 2658 ποιεῖ·

342 2705 452 2772 ἀρα
495 2697 630 2752 Θεοῦ
661 2697 820 2768 ἔργον
849 2698 882 2766 ἡ
915 2695 1106 2765 κλῆσις
1125 2693 1234 2745 τῶν
1261 2691 1624 2746 ἐθνῶν.¹Ἀλλο
1641 2688 1710 2764 ἦν
1741 2691 1803 2745 10
1832 2690 2026 2763 ζητούο

348 2806 531 2861 μενον,
585 2789 722 2857 ὅπερ
787 2783 1122 2853 σαφέστερον
1162 2780 1255 2833 καὶ
1307 2781 1513 2851 Πέτρος
1552 2779 1772 2848 ἐλεγενο
1827 2781 1888 2832 o0
1947 2780 2028 2833 δεῖ

342 2879 539 2937 αὐτοὺς
580 2870 1026 2946 περιτέμνεσθαι.
1069 2869 1132 2921 Τί
1161 2868 1340 2921 τοίνυν
1377 2867 1552 2922 ταῦτα
1602 2869 1936 2940 δημηγορεῖς
1963 2883 2025 2934 ·;

342 2963 498 3039 [256]
529 2964 603 3017 00
634 2963 742 3030 γάρ
768 2959 834 3030 δὴ
867 2957 1024 3011 τοῦτο
1048 2956 1253 3023 ἐλεγον,
1275 2955 1355 3008 ὃτι
1379 2956 1438 3008 00
1461 2955 1543 3007 δεῖ
1569 2956 1765 3018 αὐτοὺς
1779 2955 2029 3025 δέχεσθαι

343 3051 723 3110 πιστεύοντας,
767 3045 880 3098 ἀλλ’
915 3044 997 3096 ὅτι
1048 3041 1189 3112 μετὰ
1219 3043 1407 3112 νόμου.
1444 3042 1554 3096 Καὶ
1577 3041 1734 3094 τοῦτο
1765 3045 1793 3095 0
1826 3043 2030 3112 Πέτρος

345 3139 526 3200 καλῶς
562 3133 1004 3206 ἐδημηγόρησεν·
1047 3128 1163 3182 ἀλλ’
1219 3129 1407 3201 ἐπειδὴ
1445 3129 1604 3182 τοῦτο
1637 3128 1885 3200 ἐθορύϐει
1927 3129 2032 3200 μά-

342 3239 500 3282 λιστα
529 3223 745 3277 πάντων
762 3221 886 3284 τοὺς
911 3218 1202 3289 ἀκροατὰς,
1233 3216 1494 3270 καὶτοῦτο
1524 3215 1816 3286 θεραπεύει
1845 3219 2030 3272 πάλιν.

345 3317 456 3372 Καὶ
480 3315 603 3386 ὅρα,
625 3313 762 3380 ὅπερ
779 3308 945 3381 ἐχρῆν
974 3305 1425 3378 νομοθετηθῆναι,
1443 3306 1525 3357 ὅτι
1555 3305 1615 3356 o0
1633 3305 1714 3357 δεῖ
1743 3306 2031 3374 φυλάττειν

351 3404 433 3457 τὸν
486 3401 669 3473 νόμον,
722 3401 750 3452 0
804 3397 1010 3467 Πέτρος
1048 3395 1312 3464 εἰσήγαγε
1338 3410 1350 3424 ο
1411 3393 1473 3445 10
1511 3392 1566 3444 δὲ
1610 3393 1901 3463 ἡμέτερον,
1935 3396 2030 3448 καὶ

347 3491 514 3544 πάλαι
562 3484 921 3558 παραδεχθέν,
957 3481 1116 3534 τοῦτο
1173 3475 1326 3543 οῦτός
1367 3496 1522 3549 φησι,
1561 3482 1656 3533 καὶ
1705 3481 2030 3554 ἐνδιατρίϐει

344 3577 558 3647 ἐκείνῳ,
590 3575 730 3643 ὑπὲρ
756 3568 816 3626 00
841 3570 994 3623 οὐδὲν
1024 3569 1354 3638 γέγραπται,
1384 3567 1471 3619 ἵνα
1525 3566 1706 3620 αὐτῶν
1755 3567 2027 3638 θεραπεύ-

346 3681 445 3729 σας
502 3663 601 3732 τὴν
663 3660 904 3713 διάνοιαν
937 3657 1013 3728 τῷ
1051 3655 1553 3725 συγκεχωρημένῳ,
1600 3656 1871 3727 εὐκαίρως
1922 3659 2032 3710 εἰσ-

346 3748 534 3817 αγάγῃ
565 3745 658 3796 καὶ
687 3742 864 3794 τοῦτο.
910 3741 1006 3792 Διὸ
1037 3738 1151 3807 ἐγὼ
1173 3742 1350 3805 κρίνω
1370 3736 1456 3806 μὴ
1487 3738 1884 3806 παρενοχλεῖν
1905 3739 2031 3806 τοῖς

345 3835 466 3890 ἀπὸ
511 3831 631 3885 τῶν
657 3828 848 3884 ἐθνῶν
882 3827 1342 3896 ἐπιστρέφουσιδ
1381 3826 1645 3891 τουτέστι,
1683 3827 1758 3897 μὴ
1807 3827 2032 3898 ἀνατρέ-

347 3937 492 3974 πειν.
532 3920 595 3972 Εἰ
630 3917 738 3987 γὰρ
764 3917 792 3970 0
830 3915 959 3978 Θεὸς
994 3914 1272 3977 ἐκάλεσεν,
1313 3907 1469 3967 αῦται
1519 3913 1576 3966 δὲ
1613 3915 1670 3966 αἱ
1707 3915 2030 3986 παρατηρή-

349 4028 464 4075 σεις
492 4011 518 4049 δ
553 4007 940 4079 ἀνατρέπουσι,
979 4003 1058 4075 τῷ
1111 4004 1230 4074 Θεῷ
1272 4001 1636 4074 πολεμοῦμεν.
1685 4004 1797 4058 Καὶ
1850 4006 2030 4071 καλῶς

348 4095 493 4162 εἰπε,
569 4095 698 4161 Τοῖς
750 4093 871 4148 ἀπὸ
929 4091 1050 4146 τῶν
1104 4088 1297 4147 ἐθνῶν
1351 4091 1805 4161 ἐπιστρέφουσι,
1850 4093 2029 4165 δηλῶν

348 4187 446 4241 καὶ
475 4184 568 4238 τοῦ
593 4181 727 4237 Θεοῦ
756 4180 855 4252 τὴν
889 4179 1096 4234 ἄνωθεν
1156 4178 1283 4250 περὶ
1317 4179 1517 4243 αὐτοὺς
1566 4180 1898 4251 οἰκονομίαν,
1933 4182 2029 4235 καὶ

348 4274 410 4329 10
437 4273 642 4327 τούτων
682 4268 1010 4333 καταπειθὲς
1059 4268 1155 4322 καὶ
1200 4268 1416 4339 ἐτοιμον
1443 4271 1523 4333 εἰς
1572 4268 1672 4339 τὴν
1717 4269 1931 4341 κλῆσιν.
1961 4269 2027 4324 Τί

349 4365 488 4428 ἐστι,
519 4360 707 4430 Κρίνω
732 4357 886 4428 ὲγιέυ
930 4358 1076 4411 Ἀντὶ
1101 4356 1218 4423 τοῦ,
1260 4357 1378 4428 μετ’
1411 4355 1660 4423 ἐξουσίας
1691 4357 1835 4427 λέγω
1867 4357 2027 4412 τοῦτο

350 4446 513 4504 εἶναι.
542 4449 705 4503 Ἀλλ’
739 4447 1068 4502 ἐπιστεῖλαι
1092 4445 1298 4512 αὐτοῖς
1331 4445 1436 4499 τοῦ
1459 4445 1809 4513 ἀπέχεσθαι,
1836 4447 2023 4516 φησὶν,

353 4537 471 4592 ἀπὸ
499 4535 619 4590 τῶν
643 4532 1071 4602 ἀλισγημάτων
1100 4531 1217 4585 τῶν
1237 4517 1499 4585 εἰδώλων
1524 4533 1625 4585 καὶ
1666 4532 1768 4600 τῆς
1800 4533 2028 4602 πορνεί-

351 4641 427 4692 ας
476 4622 576 4677 καί
617 4621 724 4676 τοῦ
773 4619 1026 4674 πνικτοῦ
1057 4619 1288 4672 καὶτοῦ
1313 4619 1579 4688 αἵματος.
1623 4613 1795 4672 Αῦται
1835 4621 1944 4692 γὰρ
1977 4623 2026 4675 εί

353 4712 448 4766 καὶ
507 4707 837 4779 σωματικαὶ,
891 4705 1006 4759 ἀλλ’
1059 4706 1354 4774 ἀναγκαῖαι
1408 4706 1792 4775 φυλάττεσθαι,
1839 4709 2025 4781 ἐπειδὴ

357 4798 571 4872 μεγάλα
605 4794 919 4867 εἰργάζοντο
939 4793 1104 4848 κακά.
1150 4793 1262 4846 Καὶ
1293 4795 1378 4847 ἵνα
1409 4795 1482 4864 μή
1511 4811 1596 4856 τις
1627 4794 2026 4869 ἀνθυπενέγκῃ,

355 4887 458 4943 Διά
483 4885 537 4940 τί
565 4885 642 4957 μὴ
671 4883 766 4938 καὶ
795 4881 1070 4945 Ἰουδαίοις
1103 4881 1172 4933 τὰ
1202 4881 1338 4935 αύτά
1366 4879 1782 4953 ἐπιστέλλομεν;
1817 4884 2028 4953 ἐπήγα.

354 4993 422 5047 γε
456 4973 661 5044 λέγων·
691 4966 956 5036 Μωῦσῆς
980 4969 1049 5022 ἐκ
1080 4967 1301 5038 γενεῶν
1329 4970 1592 5038 ἀρχαίων
1633 4972 1784 5025 κατὰ
1845 4975 2028 5028 πόλιν

356 5062 500 5130 τοὺς
535 5059 960 5129 κηρύσσοντας
1004 5056 1222 5110 ἑαυτὸν
1253 5056 1411 5124 ἔχει’
1469 5057 1735 5125 τουτέστι,
1787 5061 2028 5132 Μωῡσῆς

358 5147 538 5209 αὐτοῖς
570 5142 878 5212 διαλέγεται
929 5139 1189 5210 συνεχῶς.
1228 5139 1396 5194 Τοῦτο
1443 5141 1551 5212 γάρ
1578 5143 1693 5194 ἐστι
1753 5142 1835 5210 10,
1873 5144 2030 5198 Κατά

359 5228 470 5290 πάν
504 5231 770 5288 σάϐϐατον
827 5228 1353 5298 ἀναγινωσκόμενος.
1386 5227 1530 5298 Ὅρα
1573 5229 1714 5301 πόση
1748 5232 1782 5302 ἡ
1822 5247 2029 5299 συγκα-

359 5322 611 5384 τάϐασις.
646 5316 817 5374 Ἔνθα
842 5315 995 5369 οὐδὲν
1016 5313 1305 5380 ἔϐλαπτεν,
1329 5314 1628 5385 ἐπέστησεν
1663 5318 1847 5381 αὐτοῖς
1884 5318 2030 5372 διδά-

362 5411 580 5476 σκαλον,
614 5406 709 5463 καὶ
754 5404 1044 5478 ἐχαρίσατο
1094 5404 1252 5474 χάριν
1280 5402 1434 5456 οὐδὲν
1477 5405 1895 5473 ἐμποδίζουσαν,
1917 5408 2032 5460 ἐπι-

361 5499 566 5570 τρέψας
595 5495 865 5558 Ἰουδαίοις
888 5493 1110 5548 ἀκούειν
1153 5485 1318 5548 αὑτοῦ
1372 5491 1514 5547 κατά
1544 5494 1741 5562 πάντα,
1771 5497 1864 5549 καὶ
1923 5497 2031 5549 ἀπ-

362 5587 512 5654 άγων
562 5583 689 5647 τοὺς
727 5580 786 5647 ἐξ
815 5580 1019 5635 ἐθνῶν
1067 5577 1188 5635 εἶτα
1213 5578 1279 5633 δι’
1309 5573 1384 5635 ὧν
1431 5581 1608 5648 ἔδοξεν
1653 5582 1816 5636 αὐτὸν
1842 5585 2027 5654 τιμᾷν,

363 5672 454 5725 καὶ
485 5669 767 5737 ἐφιστάναι
794 5669 908 5732 τοῖς
931 5667 1146 5734 ἐαυτοῦ,
1174 5667 1264 5722 διὰ
1285 5667 1490 5722 τούτων
1521 5669 1777 5738 ἀπήγαγε
1801 5668 1868 5722 τά
1901 5668 2028 5740 ἔθνη

362 5757 422 5822 ἐξ
467 5753 651 5808 αὐτοῦ.
696 5753 796 5807 Διά
850 5753 902 5806 τί
940 5750 1032 5809 οῦν
1064 5754 1140 5827 μὴ
1171 5756 1300 5827 παρ’
1327 5756 1491 5810 αὐτοῦ
1527 5757 1891 5828 μανθάνουσι;
1932 5759 2030 5812 Διά

423 5896 442 5918 ’
471 5893 678 5959 non!»
705 5894 1006 5956 δημηγορεῖν·
1075 5893 1101 5934 δ
1125 5896 1242 5959 Alii,
1286 5896 1537 5946 ἐκάλεσεν·
1583 5899 1632 5946 αί
1674 5898 1724 5947 0':
1756 5898 2028 5962 παρατηρή-

379 5994 492 6036 auc.

1158 317 1218 373 S.
1251 312 1533 373 JOANNIS
1570 309 2059 370 CHRYSOSTOMI
2105 307 2430 366 ARCHIEP.
2474 295 3034 366 CONSTANTINOI’Q

3700 313 3812 369 Ἠλὶ

2131 422 2230 495 τὴν
2274 424 2480 478 οἰκείαν
2527 424 2828 480 ἀπείθειαν.
2893 422 3174 477 Ἐντεῦθεν
3220 424 3515 494 δείκνυσιν,
3574 432 3660 487 ὅτι
3713 436 3811 489 καὶ

2130 511 2352 575 τούτους
2372 511 2520 565 οὐδὲν
2533 511 2694 566 πλέον
2705 512 2784 564 δεῖ
2801 511 3108 581 φυλάττειν.
3128 513 3189 564 Εἰ
3210 512 3266 565 δέ
3282 514 3381 566 οὐκ
3397 516 3806 592 ἐπιστέλλομεν,

2128 599 2226 669 οὐχ
2241 597 2317 661 ὡς
2330 597 2648 667 ὀφειλόντων
2660 598 2839 651 αὐτῶν
2860 597 3020 651 πλέον
3037 616 3086 650 τι
3112 597 3419 666 φυλάττειν,
3439 603 3554 656 ἀλλ’
3568 606 3643 670 ὡς
3659 607 3807 677 ἐχόν.

2125 705 2231 740 των
2247 687 2337 740 τὸν
2352 687 2603 756 λέγοντα.
2628 687 2737 740 Καὶ
2757 688 2858 740 οὑκ
2883 683 3026 749 εἷπε,
3069 687 3161 755 Μὴ
3208 688 3580 754 σκανδαλίζειν
3608 695 3809 759 αὐτοὺς

2128 774 2263 844 μηδὲ
2296 773 2717 844 καταστρέφειν,
2740 774 2876 844 ὅπερ
2903 772 3117 836 Παῦλος
3146 771 3294 841 λέγει
3334 775 3623 843 Γαλάταις,
3647 779 3804 848 ἀλλά,

2124 863 2183 914 Μ
2187 859 2219 928 ὴ
2234 859 2633 929 παρενοχλεῖν
2649 876 2663 889 ο
2682 859 2818 930 ὅπερ
2835 859 2985 913 οὐδὲν
2997 858 3267 912 δείκνυσιν
3290 858 3350 912 δν
3365 861 3432 913 10
3447 864 3804 936 κατόρθωμα,

2122 946 2238 998 ἀλλ’
2266 945 2298 1017 ἢ
2331 948 2489 1016 μόνον
2513 946 2814 1017 ἐνόχλησιν.
2849 945 3034 1007 Οῦτως
3060 941 3280 1009 ἐξέλυσε
3322 945 3384 998 τὸ
3410 949 3541 1002 πᾶν.
3575 951 3685 1004 Καὶ
3714 951 3803 1004 δο-

2123 1035 2210 1087 κεῖ
2239 1034 2337 1104 μὲν
2359 1035 2453 1088 καὶ
2479 1034 2570 1087 τὸν
2595 1034 2758 1104 νόμον
2789 1035 2977 1104 τηρεῖν
3007 1032 3084 1102 τῷ
3113 1032 3172 1097 ἐξ
3195 1032 3361 1086 αὐτοῦ
3388 1034 3560 1088 ταῦτα
3594 1036 3802 1106 λαϐεῖν,

2121 1122 2276 1174 ἔλυσε
2299 1122 2355 1175 δέ
2380 1122 2544 1175 αὐτὸν
2577 1121 2657 1191 τῷ
2695 1122 2830 1192 μόνα
2856 1120 3062 1174 λαϐεῖν.
3092 1121 3286 1174 Καίτοι
3316 1138 3380 1190 γε
3416 1123 3676 1188 πολλάκις
3706 1127 3804 1179 αὑ-

2120 1213 2232 1273 τοῖς
2255 1209 2393 1282 ὑπὲρ
2419 1210 2626 1263 τούτων
2657 1207 2904 1279 διελέχθη
2925 1225 2939 1240 ·
2976 1207 3092 1260 ἀλλ’
3117 1208 3204 1261 ἵνα
3240 1209 3367 1281 δόξῃ
3393 1211 3488 1264 καὶ
3515 1211 3604 1265 τὸν
3639 1214 3804 1283 νόμον

2125 1299 2306 1368 τιμᾷν,
2349 1299 2443 1351 καὶ
2468 1295 2642 1351 ταῦτα
2681 1297 2779 1366 οὺχ
2807 1295 2881 1359 ὡς
2909 1295 3018 1349 ἀπὸ
3059 1296 3339 1358 Μωῦσέως
3357 1296 3553 1366 λέγων,
3584 1299 3699 1352 ἀλλ’
3727 1301 3805 1364 ὡς

2118 1386 2224 1440 ἀπὸ
2243 1385 2352 1439 τῶν
2372 1384 2829 1451 ἀποστόλων,ικαὶ
2857 1384 2945 1437 ῖνα
2967 1383 3166 1447 πολλὰς
3194 1385 3395 1457 ποιήσῃ
3426 1386 3525 1449 τὰς
3559 1387 3799 1453 ἐντολὰς,

2117 1490 2216 1544 την
2236 1473 2361 1544 μίαν
2382 1473 2564 1527 διεῖλε.
2592 1472 2765 1525 Τοῦτο
2798 1472 3036 1542 μάλιστα
3062 1473 3259 1536 αὐτοὺς
3292 1474 3620 1528 ἀνέπαυσεν.
3646 1477 3804 1528 Οἰκο-

2117 1560 2354 1630 νομικῶς
2397 1561 2452 1613 δέ
2510 1559 2702 1628 γέγονε
2749 1560 2842 1613 καί
2899 1559 2932 1630 ἡ
2985 1559 3262 1628 ἀντιλογία
3290 1598 3306 1623 ,
3364 1561 3450 1613 ἵνα
3509 1561 3646 1631 μετά
3703 1562 3802 1634 τὴν

2116 1647 2424 1715 ἀντιλογίαν
2471 1646 2813 1718 βεϐαιότερον
2918 1647 2976 1699 10
3005 1647 3207 1716 δόγμαο
3245 1687 3259 1700 .
3300 1648 3440 1701 Τότε
3476 1647 3650 1712 ἔδοξε
3678 1652 3801 1718 τοῖς

2116 1735 2498 1799 ἀποστόλοις,
2566 1735 2751 1804 φησίν,
2817 1733 3044 1800 ἄνδρας
3092 1733 3469 1804 ἡγουμένους
3545 1737 3616 1789 ἐν
3677 1738 3802 1804 τοῖς

2117 1823 2403 1892 ἀδελφοῖς
2437 1824 2684 1892 πέμψαι.
2716 1823 2791 1877 00
2823 1823 2950 1887 τοὺς
2988 1825 3271 1894 τυχόντας,
3313 1825 3448 1878 ἀλλὰ
3485 1827 3609 1890 τοὺς
3638 1829 3803 1898 ἡγου-

2122 1911 2314 1980 μένους
2349 1910 2659 1980 πέμπουσιν
2679 1910 3058 1981 ἐκλεξάμενοι·
3095 1911 3222 1977 Τοῖς
3246 1911 3394 1964 κατὰ
3413 1911 3801 1981 Ἀντιόχειαν,

2121 1998 2288 2070 φησί,
2344 1998 2442 2052 καί
2487 1998 2711 2066 Συρίαν
2759 1997 2858 2052 καί
2907 1999 3218 2066 Κιλικίαν,
3280 1998 3406 2052 ἔνθα
3456 2001 3518 2053 10
3585 2003 3802 2073 νόσημα

2119 2085 2339 2156 ἐτέχθη.
2796 2088 2800 2092 ’

2190 2180 2257 2240 γ’.
2290 2171 2439 2245 [257]
2465 2172 2604 2243 Ὅρα
2626 2171 2790 2242 μηδὲν
2807 2172 3107 2242 φορτικὸνι)
3135 2173 3496 2229 κατ’ἐκείνων
3525 2176 3801 2245 λέξοντας,

2117 2259 2230 2313 ἀλλ’
2274 2261 2353 2320 εἰς
2386 2259 2442 2310 ἒν
2475 2258 2717 2330 ὁρῶντας
2758 2259 2937 2327 μόνον,
2980 2259 3120 2312 ὥστε
3167 2261 3470 2333 ἀνατρέψαι
3497 2264 3557 2317 τὸ
3599 2283 3827 2338 γεγενη-

2124 2348 2282 2419 μένον
2300 2362 2313 2376 ⁸
2345 2346 2501 2398 τοῦτο
2529 2346 2636 2417 γὰρ
2662 2347 2896 2409 καὶτοὺς
2918 2347 3035 2399 ἐκεῖ
3059 2349 3449 2414 στασιάζοντας
3468 2353 3800 2422 ὁμολογῆσαι

2119 2438 2312 2491 ἐποίει.
2329 2438 2441 2490 Οὐκ
2468 2432 2641 2501 εἷπον,
2663 2437 2743 2488 ὃτι
2772 2436 2820 2489 οἱ
2849 2435 3183 2501 ἀπατεῶνες,
3201 2440 3248 2490 οί
3271 2437 3568 2509 λυμεῶνες,
3593 2443 3682 2494 καὶ
3701 2444 3801 2495 ὅσα

2120 2524 2342 2578 τοιαῦτα
2367 2537 2381 2552 ⁸
2415 2523 2591 2576 καίτοι
2625 2523 2751 2576 ἔνθα
2774 2523 2959 2594 ἐχρῆν,
2995 2527 3138 2576 ποιεῖ
3165 2525 3297 2578 αὐτὸ
3322 2527 3552 2592 Παῦλος,
3577 2530 3651 2593 ῶς
3671 2531 3802 2584 ὅταν

2119 2611 2273 2684 λέγῃ·
2299 2613 2367 2665 Ὢ
2403 2610 2642 2678 πλήρης
2662 2610 2889 2676 παντὸς
2917 2609 3104 2664 δόλου
3125 2627 3138 2639 '
3163 2612 3398 2665 ἐνταῦθα
3425 2613 3482 2666 δὲ
3514 2616 3800 2686 κατορθω-

2120 2698 2323 2761 θέντος,
2385 2697 2485 2749 οὐκ
2529 2695 2608 2747 ἐτι
2654 2694 2810 2765 χρεία
2857 2693 2947 2764 ἦν.
2993 2697 3103 2749 Καὶ
3148 2699 3268 2766 ὅρα,
3305 2698 3366 2749 00
3408 2699 3676 2765 τιθέασιν,
3713 2703 3796 2756 ὅτι

2120 2784 2263 2847 τινὲς
2297 2784 2352 2849 ἐξ
2386 2783 2540 2854 ἡμῶν
2571 2782 2867 2834 ἐκέλευσαν
2901 2782 3046 2851 ὑμᾶς
3069 2782 3160 2838 τὸν
3183 2783 3346 2855 νόμον
3371 2789 3561 2858 τηρεῖν
3589 2805 3604 2818 ·
3659 2789 3799 2855 ἀλλ’,

2121 2870 2462 2939 Ἐτάραξιιν
2510 2863 2668 2938 ὑμᾶς
2705 2870 2912 2939 λόγοις
2939 2871 3473 2940 ἀνασκευάζοντες.
3505 2877 3671 2929 Οὐδὲν
3700 2896 3766 2930 κυ
3787 2909 3800 2919 -

2128 2957 2386 3029 ριώτερον
2422 2959 2520 3027 τῆς
2544 2956 2742 3020 λέξεως
2775 2971 2786 2984 ’
2813 2956 2987 3019 οὐδεὶς
3009 2957 3180 3021 οὕτως
3220 2957 3362 3014 εἷπε.
3417 2963 3528 3026 Τὰς
3566 2965 3668 3034 ἤδη
3709 2965 3801 3035 βε-

2127 3044 2454 3108 ϐαιωθείσας
2487 3043 2687 3114 ψυχάς,
2713 3044 2897 3113 φησὶν,
2930 3043 3416 3113 ἀνασκευάζοντες,
3442 3048 3689 3123 καθάπερ
3708 3054 3803 3106 ἐπὶ

2125 3132 2416 3202 οἰκοδομῆς
2459 3131 2529 3185 τὰ
2576 3131 2672 3184 ὑπ’
2712 3129 2938 3185 ἐκείνων
2984 3135 3330 3203 γεγενημένα
3369 3135 3629 3200 τιθέντες.
3679 3135 3802 3206 Οἷς,

2128 3222 2314 3292 φησὶν,
2345 3222 2416 3274 οὐ
2450 3218 2928 3288 διεστειλάμεθα.
2966 3220 3224 3284 Ἕδοξεν
3245 3219 3361 3276 οὖν
3394 3225 3533 3292 ἡμῖν
3561 3230 3802 3297 γενομέ-

2127 3326 2256 3374 νοις
2288 3306 2668 3378 όμοθυμαδὸν
2686 3307 2807 3360 σὺν
2845 3306 2968 3374 τοῖς
3001 3309 3348 3377 ἀγαπητοῖς.
3389 3311 3452 3363 EE
3505 3313 3802 3384 ἀγαπητοὶ,

2127 3397 2186 3450 o0
2223 3395 2732 3466 καταφρονήσουσιν
2763 3394 2942 3448 αὐτῶν
2977 3409 2994 3426 ⁸
3023 3397 3072 3446 εἰ
3115 3398 3440 3468 παρέδωκαν
3474 3399 3573 3463 τάς
3601 3401 3805 3471 ψυχὰς,

2126 3485 2221 3536 καὶ
2248 3484 2401 3537 αὐτοὶ
2418 3481 2724 3548 ἀξιόπιστοί
2750 3484 2906 3536 εἰσιν.
2935 3483 3435 3552 Ἀπεστάλκαμεν
3456 3482 3590 3551 οὖν,
3614 3490 3805 3559 φησὶν,

2125 3571 2354 3625 Ἰούδαν
2382 3570 2480 3622 καί
2504 3570 2714 3632 Σίλαν,
2739 3569 2835 3622 καὶ
2860 3569 3085 3635 αὐτοὺς
3125 3569 3223 3623 διὰ
3266 3573 3453 3641 λόγου
3503 3575 3806 3644 ἀπαγγέλ-

2125 3662 2351 3724 λοντας
2377 3658 2450 3712 τὰ
2477 3657 2647 3712 αὑτά.
2681 3657 2827 3709 Ἔδει
2852 3656 2960 3728 γάρ
2979 3721 2981 3724 γ
2991 3657 3066 3728 μὴ
3093 3657 3191 3729 τὴν
3218 3661 3512 3732 ἐπιστολὴν
3546 3668 3806 3734 παρεῖναι

2129 3747 2309 3817 μόνον,
2345 3746 2432 3798 ἴνα
2465 3744 2541 3816 μὴ
2571 3743 2827 3812 λέγωσιν,
2869 3745 2950 3798 ὅτι
2997 3746 3378 3815 συνήρπασαν,
3405 3748 3486 3802 ὅτι
3519 3750 3654 3804 ἄλλα
3686 3753 3804 3806 ἀντ’
3827 3793 3850 3802 ,

2125 3834 2299 3888 ἄλλων
2322 3829 2506 3886 εἶπαν.
2540 3830 2613 3884 T0
2643 3829 2922 3902 ἐγκώμιον
2950 3831 3012 3883 10
3054 3834 3178 3902 περὶ
3239 3834 3451 3888 Παῦλον
3505 3838 3807 3910 ἐνέφραξεν

2123 3921 2302 3975 αὐτῶν
2335 3920 2403 3974 τά
2434 3919 2700 3990 στόματα.
2733 3918 2833 3971 Διά
2853 3919 2960 3989 γὰρ
2987 3919 3145 3972 τοῦτο
3172 3920 3298 3973 οὔτε
3325 3922 3540 3990 Παῦλος
3577 3926 3803 3996 ἔρχεται

2129 4009 2288 4080 μόνον
2307 4007 2433 4061 οὔτε
2461 4005 2766 4077 Βαρνάϐας,
2802 4006 2937 4059 ἀλλά
2956 4007 3049 4060 καὶ
3076 4007 3226 4060 ἄλλοι
3273 4009 3381 4061 ἀπὸ
3413 4009 3513 4079 τῆς
3569 4013 3804 4086 Ἐκκλη-

2125 4096 2268 4163 σίας,
2297 4095 2384 4148 ἵνα
2411 4093 2489 4164 μὴ
2519 4093 2758 4155 ὕποπτος
2788 4088 2857 4167 ᾖ,
2901 4093 3090 4166 ἐπειδὴ
3150 4094 3314 4158 αὐτὸς
3363 4097 3806 4169 ἀντελαμϐάνετο

2121 4183 2215 4237 τοῦ
2243 4182 2535 4252 δόγματος,
2564 4181 2688 4233 οὔτε
2714 4181 2764 4233 οἱ
2791 4180 2900 4233 ἀπὸ
2932 4180 3322 4252 Ἱεροσολύμων
3351 4183 3522 4254 μόνοι.
3551 4187 3804 4243 Δεὶκνυσι

2122 4269 2240 4332 πῶς
2266 4267 2567 4335 ἀξιόπιστοί
2593 4268 2732 4322 εἰσιν
2762 4283 2777 4297 °
2807 4267 2908 4321 οὐκ
2943 4267 3252 4332 ἐξισοῦντες
3289 4270 3537 4339 ἑαυτοὺς,
3581 4276 3748 4344 φησίν
3787 4294 3802 4308 ο

2120 4359 2222 4428 οὐχ
2253 4355 2395 4409 οὕτω
2427 4355 2726 4427 μαίνονται.
2755 4355 2856 4408 Διά
2876 4371 2958 4408 τοι
2989 4355 3147 4409 τοῦτο
3179 4357 3272 4409 καὶ⁷
3298 4359 3381 4422 10,
3441 4359 3805 4431 Ἀνθρώποις

2122 4441 2573 4512 παραδεδωκόσι
2603 4443 2710 4506 τὰς
2724 4443 2931 4510 ψυχὰς
2965 4441 3166 4497 αὐτῶν
3189 4444 3342 4512 ὑπὲρ
3372 4445 3478 4498 τοῦ
3501 4447 3804 4516 ὀνόματος

2121 4534 2229 4588 τοῦ
2283 4535 2505 4602 Κυρίου
2557 4532 2728 4603 ἡμῶν
2747 4533 2953 4601 Ἰησοῦ
2985 4533 3266 4602 Χριστοῦ,
3313 4537 3620 4610 προσέθηκε
3654 4555 3669 4569 ο
3706 4542 3806 4594 καὶ

2121 4623 2266 4686 τίνος
2305 4622 2490 4675 ἕνεκεν
2538 4617 2712 4685 εἷπεν,
2779 4621 2990 4686 Ἔδοξε
3036 4621 3116 4687 τῷ
3165 4622 3312 4692 ἁγίῳ
3348 4625 3649 4694 Πνεύματι
3702 4628 3804 4681 καί

2121 4709 2285 4778 ἡμῖν,
2311 4709 2489 4762 καίτοι
2508 4709 2668 4779 ἤρκει
2695 4709 2891 4775 εἰπεῖν,
2928 4707 3012 4775 Τῷ
3038 4710 3186 4778 ἁγίῳ
3213 4711 3548 4779 Πνεύματι;
3576 4713 3649 4766 Τὸ
3678 4714 3801 4783 μέν,

2129 4793 2212 4862 Τῷ
2243 4795 2389 4865 ἁγίῳ
2417 4795 2736 4863 Πνεύματι,
2767 4796 2860 4847 ἵνα
2897 4795 2972 4865 μὴ
3007 4796 3303 4866 νομίσωσιν
3332 4797 3675 4869 ἀνθρώπινον
3725 4797 3806 4854 εἷ-

2121 4900 2210 4936 ναι
2246 4899 2259 4911 °
2289 4882 2350 4934 10
2372 4882 2448 4946 δὲ,
2497 4882 2688 4950 Ἡμῖν,
2722 4882 2807 4934 ἵνα
2836 4882 3161 4951 διδαχθῶσιν
3183 4925 3198 4949 ,
3233 4884 3316 4937 ὅτι
3364 4887 3457 4938 καὶ
3495 4886 3651 4938 αὐτοὶ
3708 4889 3806 4941 καὶ

2124 4968 2499 5037 ἀποδέχονται,
2549 4967 2642 5020 καὶ
2695 4970 2751 5019 ἐν
2786 4971 3054 5040 περιτομῇ
3103 4969 3275 5033 ὄντες.
3339 4968 3548 5038 Μηδὲν
3589 4971 3805 5032 πλέον,

2125 5054 2311 5126 φησὶν,
2337 5052 2705 5108 ἐπιτίθεσθαι
2726 5053 2922 5122 ,ϐάρος
2934 5055 3098 5125 ὑμῖν.
3120 5056 3308 5109 Ταῦτα
3325 5056 3598 5125 λέγουσιν,
3617 5057 3805 5128 ἐπειδὴ

2125 5142 2263 5213 πρὸς
2291 5140 2614 5211 ἀνθρώπους
2637 5140 2888 5206 ἀσθενεῖς
2919 5141 3000 5196 ἐτι
3033 5145 3061 5196 0
3092 5142 3250 5212 λόγος
3273 5139 3361 5215 ἦν,
3407 5145 3500 5198 καὶ
3559 5144 3808 5215 πεφοϐη-

2128 5228 2322 5298 μένους
2350 5226 2547 5290 αύτούς
2569 5243 2586 5260 ο
2609 5226 2698 5281 διὰ
2728 5227 2886 5280 τοῦτο
2923 5229 3016 5282 καὶ
3079 5229 3241 5285 τοῦτο
3285 5230 3630 5302 πρόσκειται.
3688 5231 3808 5283 Δεί-

2126 5332 2280 5368 κνυσι
2298 5315 2354 5368 δὲ
2371 5315 2489 5385 οὐχὶ
2511 5315 2970 5383 συγκαταϐάσεως
2991 5316 3119 5369 ὄντα
3137 5317 3229 5371 τὸν
3261 5316 3439 5386 λόγον,
3469 5317 3592 5370 οὐδὲ
3617 5317 3807 5388 ἐπειδὴ

2125 5402 2397 5472 ἐφείδοντο
2445 5402 2625 5456 αὐτῶν
2673 5403 2795 5456 οὐδὲ
2843 5403 2918 5467 ὼς
2943 5403 3184 5458 ἀσθενῶν
3219 5421 3231 5434 ’
3270 5404 3408 5458 ἀλλά
3453 5405 3761 5460 τούναντίον
3790 5422 3804 5435 ο

2126 5489 2294 5560 πολλὴ
2326 5489 2436 5560 γὰρ
2487 5490 2582 5544 καί
2613 5489 2722 5545 τῶν
2769 5490 3104 5545 διδασκάλων
3150 5490 3314 5556 αἰδὼς
3345 5487 3450 5563 ἦν·
3495 5493 3673 5545 ἐκεῖνο
3696 5491 3808 5561 γὰρ

2126 5577 2377 5648 περιττὸν
2409 5576 2575 5647 βάρος
2593 5575 2681 5650 ἦν.
2709 5579 2851 5649 Ὄρα
2877 5578 3138 5650 βραχεῖαν
3165 5579 3457 5651 ἐπιστολὴν
3478 5579 3629 5634 οὐδὲν
3645 5577 3807 5631 πλέον

2126 5659 2374 5732 ἔχουσαν,
2399 5661 2519 5713 ούδέ
2551 5661 2896 5724 κατασκευάς
2929 5662 3048 5714 οὑδέ
3071 5661 3490 5734 συλλογισμοὺς,
3523 5662 3637 5716 ἀλλ’
3682 5664 3804 5714 ἐπί.

2127 5767 2313 5819 τάγμα
2349 5759 2396 5786 ε·
2431 5748 2746 5819 Πνεύματος
2777 5748 2884 5821 γάρ
2915 5745 2983 5819 ἦν
3010 5750 3322 5821 νομοθεσία.
3361 5753 3508 5805 Ἀνω
3538 5753 3628 5803 καὶ
3653 5752 3803 5804 κάτω

2213 5854 2240 5884 ⁴¹
2267 5854 2557 5915 Sequcnlia,
2586 5855 2773 5904 161e....

2129 5917 2261 5965 οῦδὶν
2295 5918 2656 5979 φορτικώτερον.

2131 5993 2272 6041 ματα.

2803 5854 2958 5916 φησίν,
2979 5855 3158 5904 desunt
3180 5858 3228 5904 in
3257 5869 3370 5906 uno.
3439 5856 3468 5896 ιι
3496 5857 3647 5909 mem,
3675 5855 3805 5913 θὀρα

2728 5920 2748 5946 ε
2777 5917 3000 5980 Quidam,
3043 5918 3151 5966 οὐδὲ
3186 5918 3456 5982 λογισμοὺς,
3481 5918 3584 5966 ἀλλ’
3608 5917 3827 5975 ἐπιτάγοχ
