4104 6148
339 295 434 352 211

339 407 657 474 ςιιιιῑιιάἱειιι.
689 404 969 474 Quodnam
999 402 1166 458 illud?
1189 401 1251 457 Hi
1276 444 1293 470 ,
1325 403 1497 474 inquit
1517 443 1532 470 ,
1562 411 1686 458 ante
1710 416 1917 457 onmes.

342 500 528 554 Postea
557 513 686 552 vero
712 504 997 550 convertam
1022 511 1100 548 me
1122 503 1168 547 et
1197 493 1517 564 retediﬁcnbo
1548 492 1924 547 tabernaculum

340 591 512 646 David
529 633 542 657 ,
571 590 705 660 quod
733 589 938 642 decidit.
967 586 1022 642 Si
1044 587 1165 657 quis
1191 597 1439 641 accurate
1459 587 1703 655 exploret
1727 626 1740 648 ,
1772 583 1927 638 Davi-

340 685 423 739 dis
453 697 674 752 regnum
701 695 843 735 nunc
869 689 1014 734 stare
1044 679 1295 734 inveniet.
1320 679 1452 733 Nam
1477 694 1596 733 cum
1625 693 1691 733 ex
1715 692 1780 732 eo
1805 692 1933 746 pro-

341 784 532 845 gnatus
561 781 748 844 regnet
777 815 792 839 ,
825 781 932 826 stat
959 771 1154 842 ubique
1189 787 1412 840 regnum
1457 771 1592 840 ejus.
1621 769 1756 837 Quid
1800 783 1930 839 pro-

342 875 463 922 sunt
493 865 638 922 enim
670 864 939 919 domicilia
969 875 1020 916 et
1053 863 1177 916 urbs
1201 904 1218 930 ,
1258 863 1302 917 si
1333 861 1529 917 subditi
1559 877 1662 917 non
1691 862 1840 915 sint?
1877 868 1932 915 et

343 958 468 1030 quid
494 958 674 1012 damni
708 973 774 1012 ex
801 957 947 1011 urbis
975 955 1189 1010 excidio
1213 997 1228 1020 ,
1261 971 1382 1010 cum
1413 969 1599 1009 omnes
1627 954 1786 1008 etiam
1812 953 1929 1006 ani-

343 1065 457 1107 mas
486 1065 612 1105 suas
641 1049 953 1120 impendere
981 1048 1185 1103 velint?
1217 1047 1398 1117 Itaque
1441 1062 1550 1102 non
1597 1046 1756 1101 modo
1785 1053 1884 1098 stat
1913 1086 1929 1110 ,

344 1143 437 1199 sed
465 1153 518 1198 et
537 1143 777 1198 omnium
799 1139 1293 1211 splendidissimum
1321 1138 1517 1193 factum
1540 1147 1624 1193 est
1649 1157 1661 1190 :
1690 1153 1809 1190 nam
1841 1153 1934 1206 per

343 1245 512 1288 totum
541 1249 682 1288 nunc
710 1233 894 1287 orbem
927 1231 1246 1286 celebratur.
1283 1230 1412 1285 Illud
1442 1231 1620 1284 evenit
1649 1247 1663 1286 :
1713 1244 1842 1299 ergo
1875 1239 1932 1284 et

343 1328 445 1382 hoc
473 1327 690 1381 evenire
719 1333 952 1394 oportet.
991 1322 1092 1378 Ubi
1129 1333 1305 1377 autem
1337 1323 1469 1375 dixit
1498 1364 1513 1387 ,
1548 1321 1891 1389 Remdi/icubo
1915 1362 1930 1387 ,

343 1433 556 1471 causam
588 1415 734 1469 addit
765 1434 775 1468 :
808 1414 874 1469 Ut
900 1414 1158 1484 requirant
1183 1414 1348 1466 (reteri
1376 1413 1601 1465 homines
1631 1411 1930 1465 Dominum.

340 1510 393 1563 Si
423 1523 551 1579 ergo
582 1506 704 1561 ideo
735 1515 910 1561 erecta
941 1515 1023 1560 est
1051 1505 1238 1559 civitas
1269 1514 1488 1574 propter
1526 1520 1645 1556 eum
1675 1545 1690 1567 ,
1736 1503 1824 1574 qui
1866 1519 1931 1557 ex

344 1599 473 1668 ipsis
495 1638 510 1661 ,
556 1597 734 1668 palam
770 1607 852 1652 est
889 1595 1228 1651 reaediﬁcatae
1257 1596 1491 1651 civitatis
1520 1610 1734 1649 causam
1774 1595 1935 1649 luisse

343 1691 578 1760 gentium
606 1689 964 1742 vocationem.
1013 1687 1238 1752 Quinam
1287 1694 1411 1739 sunt
1459 1684 1704 1754 Reliqui?
1737 1684 1814 1738 Illi
1845 1685 1934 1753 qui

348 1790 473 1834 tunc
504 1780 962 1848 relinquebantur.
995 1777 1099 1832 Sed
1129 1777 1248 1831 vide
1277 1777 1424 1830 illum
1455 1785 1508 1830 et
1548 1775 1790 1830 ordinem
1837 1791 1934 1829 cu-

346 1872 546 1924 stodire
571 1911 586 1935 ,
619 1881 673 1924 et
699 1869 963 1924 secundos
989 1869 1112 1923 illos
1139 1866 1414 1922 inducere.
1463 1865 1603 1918 Dixit
1647 1863 1895 1918 Dominus
1916 1905 1932 1930 ,

345 1963 430 2032 qui
455 1963 580 2032 facit
608 1962 712 2015 haec
739 1961 924 2014 omnia.
954 1958 1071 2013 Non
1101 1958 1262 2012 modo
1303 1957 1434 2012 dicit
1460 1997 1475 2020 ,
1522 1956 1614 2009 sed
1661 1963 1715 2010 et
1763 1955 1886 2009 facit
1918 1972 1932 2007 :

347 2068 475 2122 ergo
507 2053 597 2106 Dei
630 2067 763 2121 opus
788 2059 870 2105 est
901 2050 1109 2104 vocatio
1139 2049 1396 2119 gentium.
1439 2046 1595 2101 Aliud
1638 2056 1752 2101 erat
1794 2046 1934 2115 quod

347 2143 687 2214 quaerebatur
705 2183 720 2204 ,
748 2142 889 2213 quod
914 2142 1110 2195 clarius
1135 2139 1350 2194 dicebat
1374 2139 1562 2193 Petrus
1590 2157 1601 2191 :
1627 2137 1742 2192 Non
1769 2152 1933 2206 opor-

352 2246 426 2289 tet
457 2237 574 2290 illos
602 2233 934 2288 circumcidi.
963 2231 1069 2287 Cur
1098 2246 1226 2301 ergo
1258 2231 1372 2285 haec
1400 2229 1775 2285 concionaris?
1797 2228 1936 2284 Sane

350 2344 454 2384 non
489 2328 588 2383 hoc
620 2327 872 2383 dicebant
912 2325 1029 2392 illi,
1073 2325 1214 2395 quod
1265 2323 1547 2379 credentes
1595 2338 1696 2376 non
1740 2321 1928 2376 admito

352 2421 493 2475 tendi
524 2427 734 2484 essent,
765 2417 858 2472 sed
884 2419 1024 2487 quod
1053 2431 1174 2470 cum
1215 2416 1333 2486 lege
1372 2414 1708 2469 admittendi.
1741 2414 1809 2468 Et
1837 2415 1937 2468 hoc

351 2514 508 2567 etiam
541 2512 730 2566 Petrus
774 2512 909 2565 bene
946 2512 1292 2563 eoueionatus
1335 2516 1454 2574 est;
1497 2507 1588 2561 sed
1638 2507 1760 2576 quia
1809 2507 1935 2561 illud

353 2603 583 2658 maxime
612 2603 848 2656 omnium
881 2600 1153 2655 auditores
1184 2598 1470 2666 turbabat,
1505 2599 1606 2652 hoc
1639 2599 1799 2652 etiam
1844 2598 1936 2652 Ja-

355 2695 519 2748 cobus
544 2699 714 2747 curat.
741 2691 809 2746 Et
835 2691 954 2746 vide
977 2733 992 2756 ,
1029 2690 1078 2745 id
1107 2689 1249 2760 quod
1280 2690 1562 2758 oportebat
1591 2689 1705 2757 lege
1735 2689 1894 2742 statui
1921 2728 1936 2752 ,

356 2802 459 2840 non
488 2783 807 2839 servandam
835 2797 955 2838 esse
984 2783 1151 2852 legem
1177 2822 1194 2847 ,
1225 2781 1276 2836 id
1305 2780 1494 2836 Petrus
1521 2780 1726 2834 induxit
1755 2798 1767 2834 :
1798 2780 1939 2850 quod

355 2891 482 2930 vero
509 2884 750 2930 nostrtun
781 2883 865 2929 est
889 2916 904 2941 ,
928 2873 1177 2943 quodque
1189 2872 1300 2942 jam
1323 2871 1448 2926 olim
1472 2881 1778 2940 susceptum
1803 2870 1899 2924 init
1921 2912 1937 2939 ,

358 2970 459 3024 hoc
484 2969 611 3023 dicit
640 2968 741 3022 iste
765 3007 782 3033 ,
815 2975 870 3021 et
900 2975 1145 3021 versatur
1173 2965 1225 3020 in
1253 2979 1319 3020 eo
1345 3005 1362 3033 ,
1391 2964 1457 3019 de
1499 2981 1605 3034 quo
1646 2964 1775 3018 nihil
1807 2965 1940 3019 seri-

360 3070 506 3129 ptnm
550 3067 696 3120 erat;
741 3065 800 3111 ut
841 3072 937 3126 per
983 3071 1096 3110 rem
1141 3069 1455 3111 concessam
1505 3056 1714 3110 illorum
1760 3065 1942 3110 curata

359 3160 583 3214 mente,
635 3150 733 3204 hoc
769 3150 927 3202 etiam
981 3155 1282 3217 Opportune
1335 3146 1634 3201 induceret.
1683 3145 1807 3200 Ideo
1852 3162 1943 3218 ego

361 3241 534 3312 judico
563 3255 664 3293 non
691 3227 956 3306 inquietari
977 3255 1059 3293 eos
1082 3280 1098 3305 ,
1115 3239 1200 3308 qui
1220 3255 1284 3292 ex
1301 3237 1530 3308 gentibus
1548 3247 1944 3301 convertuntur;

363 3333 413 3387 id
442 3339 525 3388 est
545 3373 562 3399 ,
590 3339 694 3386 non
721 3330 1044 3386 avertendos
1071 3345 1212 3385 esse.
1257 3330 1391 3384 Nam
1430 3330 1474 3384 si
1520 3330 1658 3384 Deus
1696 3330 1902 3384 vocavit
1927 3371 1942 3397 ,

363 3437 417 3479 et
445 3424 547 3479 illa:
572 3422 976 3478 observationes
1007 3431 1288 3486 avertunt,
1321 3429 1505 3476 contra
1540 3421 1706 3474 Deum
1739 3435 1945 3490 pugna-

365 3531 502 3568 mus.
533 3514 597 3568 Et
622 3523 772 3568 recte
798 3513 970 3580 dixit,
1023 3512 1124 3578 Qui
1170 3528 1232 3566 ea:
1277 3512 1504 3582 gentibus
1551 3521 1942 3572 convertuntur.

367 3606 640 3661 declarans
667 3620 954 3675 supernam
1002 3605 1070 3659 de
1097 3604 1203 3660 illis
1227 3604 1318 3658 Dei
1352 3604 1738 3673 providentiam
1760 3643 1778 3671 ,
1802 3605 1948 3671 ipso-

369 3713 591 3768 rumque
614 3697 1022 3766 obsequentiam
1051 3695 1260 3750 vocanti
1286 3694 1788 3765 obtemperantium.
1813 3693 1950 3760 Quid

369 3790 468 3844 sibi
517 3790 628 3844 vult
661 3789 791 3843 illud
817 3829 832 3852 ,
871 3787 1056 3840 Iudico
1095 3787 1230 3857 ego?
1271 3786 1324 3839 Id
1368 3795 1445 3839 est
1473 3827 1488 3850 ,
1531 3801 1650 3840 cum
1690 3794 1951 3853 potestate

373 3881 491 3935 dico
517 3897 633 3936 rem
663 3881 732 3934 ita
763 3893 902 3935 esse.
938 3879 1041 3933 Sed
1067 3877 1384 3932 scribendum
1409 3878 1534 3946 ipsis
1570 3893 1676 3930 esse
1706 3884 1759 3928 ut
1792 3875 1950 3927 absti-

373 3981 520 4024 neant
542 4013 556 4036 ,
590 3971 795 4040 inquit,
823 3973 886 4023 ab
905 3969 1178 4022 immolatis
1204 3968 1457 4022 idolorum
1483 4007 1497 4032 ,
1524 3985 1555 4020 a
1582 3967 1914 4038 fornicatione
1934 4007 1950 4032 ,

373 4081 405 4117 α
431 4063 675 4130 snﬂ'ocato
712 4075 759 4117 et
794 4064 1059 4133 sanguine.
1104 4062 1226 4115 llmc
1267 4063 1411 4116 enim
1459 4061 1580 4117 licet
1611 4059 1909 4130 corporalia
1936 4098 1949 4122 ,

376 4155 654 4209 observato
706 4155 1006 4208 necessaria
1048 4161 1213 4218 sunt,
1254 4152 1378 4221 quia
1431 4166 1621 4220 magna
1674 4150 1956 4220 pariebant

375 4247 531 4300 mala.
563 4245 638 4299 Ne
661 4245 780 4314 quis
803 4259 929 4298 vero
954 4243 1208 4311 objiciat:
1234 4243 1412 4310 Quare
1439 4257 1544 4296 non
1567 4241 1768 4296 ludatis
1794 4242 1952 4295 etiam

377 4338 498 4391 talia
526 4336 847 4391 scribimus?
869 4336 1048 4402 adjicit
1074 4351 1088 4388 :
1125 4334 1326 4405 Moyses
1353 4350 1384 4386 a
1411 4334 1712 4404 temporibus
1737 4333 1956 4401 antiquis

377 4444 466 4498 per
494 4443 666 4480 omnes
695 4427 913 4480 civitates
937 4425 1080 4478 habet
1119 4426 1203 4495 qui
1240 4425 1512 4493 prardicent
1550 4440 1698 4488 eum;
1739 4424 1790 4478 id
1840 4433 1953 4491 est,

380 4519 586 4590 Moyses
613 4519 716 4572 illis
744 4517 1048 4586 frequenter
1077 4517 1332 4585 loquitur.
1381 4515 1493 4570 lloc
1521 4516 1620 4571 sibi
1667 4517 1780 4570 vult
1816 4516 1958 4570 enim

381 4611 508 4665 illud
529 4652 547 4677 ,
593 4609 694 4663 Per
722 4626 868 4664 autne
890 4590 1149 4662 sabbatum
1178 4607 1378 4678 legitur.
1429 4606 1559 4661 Vide
1601 4618 1854 4675 quantum
1903 4623 1961 4662 se

381 4711 716 4770 attemperet.
741 4699 841 4756 Ubi
871 4700 1003 4754 nihil
1029 4699 1243 4763 nocuit,
1267 4697 1543 4751 doctorem
1567 4697 1668 4750 illis
1693 4699 1918 4750 instituit
1944 4739 1958 4764 ,

381 4802 434 4846 et
462 4792 686 4862 gratiam
713 4791 934 4860 largitus
963 4799 1080 4854 est,
1115 4789 1248 4842 nihil
1291 4788 1663 4857 impedientem
1689 4830 1704 4854 ,
1739 4790 1959 4857 permit-

383 4893 500 4936 tens
525 4881 726 4936 .Indteis
755 4892 808 4935 ut
841 4881 990 4935 illum
1020 4895 1112 4948 per
1142 4879 1318 4934 omnia
1350 4879 1602 4942 audiant,
1647 4887 1701 4934 et
1736 4880 1964 4949 gentiles

381 4974 448 5023 ab
465 4986 531 5025 eo
554 4970 828 5026 abdnccns
855 4989 866 5023 :
893 4971 1085 5024 deinde
1104 4970 1254 5023 exiis
1277 5011 1290 5034 ,
1321 4969 1474 5040 queis
1491 4969 1769 5024 videbatur
1792 4971 1961 5040 ipsum

385 5062 650 5116 honorare
680 5072 736 5117 et
764 5062 875 5116 suis
905 5061 1177 5115 doctorem
1195 5063 1520 5116 constituere
1540 5102 1555 5126 ,
1578 5072 1766 5130 gentes
1786 5062 1851 5116 ab
1876 5062 1965 5114 illo

383 5154 625 5208 abduxit.
645 5151 753 5206 Cur
773 5167 900 5222 ergo
921 5153 988 5206 ab
1011 5152 1100 5204 illo
1123 5167 1226 5206 non
1248 5151 1460 5206 discunt
1475 5151 1498 5204 ?
1515 5151 1594 5206 Ob
1611 5152 1966 5222 inobsequen-

385 5248 509 5299 tiam
539 5261 712 5300 suam.
745 5245 880 5299 Hinc
901 5242 1136 5297 ostendit
1161 5284 1175 5308 ,
1207 5243 1334 5310 ipsis
1367 5243 1494 5296 nihil
1521 5243 1655 5297 ultra
1677 5245 1968 5299 observan-

375 5330 511 5390 'dnm
540 5350 682 5391 esse.
711 5334 866 5404 Quod
895 5334 940 5387 si
973 5348 1079 5386 non
1111 5333 1406 5386 scribamus
1431 5374 1446 5397 ,
1480 5347 1585 5385 non
1614 5342 1695 5386 est
1720 5333 1862 5402 quod
1894 5335 1965 5387 illi

387 5427 618 5483 debeant
644 5427 847 5496 aliquid
877 5425 1107 5494 amplius
1125 5424 1410 5478 observare
1431 5437 1450 5488 ;
1473 5422 1565 5478 sed
1589 5423 1730 5492 quod
1753 5424 1828 5478 illi
1855 5423 1970 5478 bare

389 5523 653 5577 dicentem
679 5520 932 5575 habeant.
963 5517 1073 5571 Nec
1097 5515 1227 5571 dicit
1255 5536 1268 5572 :
1296 5515 1372 5570 Ne
1399 5513 1818 5570 scandalizemus
1845 5531 1966 5583 eos,

389 5627 562 5683 neque
585 5612 964 5667 subvertamns
986 5649 1002 5672 ,
1032 5616 1093 5662 ut
1123 5607 1317 5662 Paulus
1340 5605 1543 5662 Calatis
1568 5605 1700 5660 dixit
1727 5607 1745 5677 (
1768 5605 1885 5660 (παι.
1911 5607 1960 5665 ί,

390 5700 422 5757 7
445 5701 486 5772 );
517 5702 610 5767 sed
637 5743 652 5770 ,
688 5701 772 5757 Ne
795 5699 1169 5770 inquietentus:
1197 5697 1249 5753 id
1289 5697 1431 5766 quod
1475 5696 1604 5753 nihil
1653 5700 1793 5754 aliud
1840 5715 1974 5771 opus

1301 286 1367 345 IN
1406 288 1588 345 ACTA
1629 286 2153 346 APOSTOLORUM.
2196 288 2424 346 HOMIL.
2465 289 2706 346 XXXIII.

3524 295 3632 352 25‘)

2033 402 2231 459 indicat
2257 448 2273 472 ,
2305 421 2464 475 quam
2494 404 2950 470 obturbationem,
2989 405 3079 463 Sic
3121 415 3290 462 totum
3329 409 3509 463 solvit.
3553 411 3624 464 Et

2030 496 2243 550 videtur
2269 497 2486 568 quidem
2515 499 2676 553 etiam
2715 497 2888 568 legem
2929 513 3185 568 servare,
3228 500 3375 570 quod
3421 516 3484 556 ex
3533 503 3623 556 illa

2035 587 2153 644 lucc
2179 599 2450 654 assumat;
2481 591 2576 647 sed
2605 592 2764 645 solvit
2793 592 2939 646 illam
2963 633 2979 655 ,
3009 593 3149 662 quod
3183 593 3299 648 haec
3327 593 3442 648 sola
3471 609 3629 649 assu-

2035 691 2166 736 mat.
2187 683 2346 753 Atqui
2370 699 2512 754 saepe
2535 685 2638 740 illis
2659 685 2726 740 de
2752 685 2837 739 his
2857 685 3106 755 loquutus
3127 695 3208 740 est
3231 704 3246 751 ;
3280 689 3372 740 sed
3398 695 3455 741 ut
3475 687 3628 742 vide-

2035 781 2188 828 retur
2239 777 2402 830 etiam
2455 776 2624 846 legem
2669 777 2976 842 honorare,
3023 791 3198 846 neque
3245 777 3358 832 haec
3401 779 3550 848 quasi
3597 794 3629 832 a

2035 860 2224 933 Moyse
2254 863 2435 920 dicere
2461 905 2477 931 ,
2509 866 2604 920 sed
2633 866 2784 936 quasi
2817 866 2885 921 ab
2923 866 3217 936 apostolis;
3259 877 3310 920 et
3359 877 3419 920 ut
3460 869 3626 921 multa

2036 947 2236 1006 laceret
2263 964 2560 1025 praecepta,
2611 971 2774 1010 unum
2823 955 3022 1011 divisit.
3065 955 3180 1010 Hoc
3223 956 3346 1010 illos
3390 958 3628 1012 maxime

2036 1041 2259 1098 sedavit.
2314 1045 2391 1099 Ex
2445 1046 2776 1114 providentia
2803 1063 2930 1102 vero
2957 1046 3222 1101 dissensio
3253 1047 3385 1100 facta
3413 1056 3497 1101 est
3521 1088 3535 1108 .
3567 1057 3625 1099 ut

2039 1141 2162 1203 post
2191 1133 2580 1192 dissensionem
2609 1138 2816 1192 ﬁrmius
2843 1147 2986 1193 esset
3015 1138 3227 1208 dogma.
3263 1138 3406 1192 Tunc
3435 1137 3628 1210 placuit

2038 1227 2282 1296 apostolis
2308 1269 2324 1294 ,
2355 1228 2559 1298 inquit,
2586 1230 2720 1284 viros
2750 1230 3018 1300 primarius
3044 1231 3098 1284 in
3133 1232 3379 1302 fratribus
3412 1233 3627 1286 mittere.

2037 1315 2152 1370 Non
2181 1319 2426 1385 vulgares
2449 1361 2464 1386 ,
2489 1320 2580 1374 sed
2611 1322 2905 1390 praecipuos
2931 1322 3146 1376 mittunt
3173 1323 3408 1388 electos;
3438 1321 3515 1376 Iis
3541 1325 3632 1392 qui

2038 1408 2322 1462 Antiochia:
2345 1421 2487 1464 erant
2511 1452 2525 1474 ,
2561 1412 2770 1481 inquit,
2811 1413 2865 1465 in
2911 1411 3066 1482 Syria
3104 1423 3150 1466 et
3197 1413 3249 1466 in
3288 1411 3467 1466 Cilicia
3492 1455 3507 1479 ,
3538 1414 3630 1468 ubi

2039 1501 2260 1555 morbus
2282 1513 2433 1556 ortus
2463 1504 2654 1558 fuerat.

2111 1596 2162 1649 5.
2212 1595 2339 1648 Vide
2364 1596 2632 1664 quomodo
2660 1595 2790 1650 nihil
2833 1597 3118 1650 molestum
3146 1604 3333 1650 contra
3371 1596 3492 1651 illos
3539 1596 3628 1650 di-

2039 1693 2163 1739 cant
2187 1727 2202 1751 ,
2235 1687 2327 1741 scd
2356 1686 2407 1740 id
2442 1703 2604 1741 unum
2634 1695 2915 1757 spectent,
2956 1697 3016 1741 ιιι
3061 1696 3206 1742 recte
3250 1703 3338 1742 res
3385 1699 3629 1744 curetur.

2040 1778 2152 1832 Hoc
2181 1780 2323 1834 enim
2356 1780 2623 1835 efﬁciebat
2648 1821 2662 1846 ,
2693 1789 2750 1834 ut
2790 1783 2878 1851 qui
2923 1781 3032 1835 illic
3080 1781 3399 1836 seditionem
3448 1796 3632 1837 move-

2039 1879 2197 1932 rant,
2248 1871 2654 1924 conﬁterentur.
2704 1871 2820 1924 Non
2861 1871 3152 1939 dixerunt,
3207 1871 3530 1928 Scductores
3577 1884 3632 1927 et

2041 1962 2365 2031 perniciosi,
2399 1974 2452 2017 et
2483 1963 2565 2017 his
2592 1964 2785 2017 similia
2813 1980 2828 2024 ;
2861 1964 2986 2017 licet
3011 1964 3098 2018 ubi
3128 1979 3262 2034 opus
3290 1973 3373 2019 est
3409 1965 3510 2018 hoc
3554 1963 3635 2019 fa-

2040 2052 2147 2106 ciat
2178 2053 2372 2106 Paulus
2395 2093 2410 2118 ,
2445 2063 2504 2106 ut
2533 2068 2654 2108 cum
2686 2053 2814 2108 dicit
2842 2072 2854 2106 :
2889 2052 2934 2106 0
2960 2055 3106 2124 plene
3148 2056 3286 2107 omni
3321 2054 3442 2108 dolo
3472 2055 3628 2124 (Act.

2042 2145 2128 2200 15.
2162 2146 2229 2200 10
2256 2146 2307 2209 )l
2343 2145 2429 2198 hic
2457 2161 2589 2200 vero
2615 2162 2736 2201 cum
2778 2147 3046 2201 emendati
3089 2155 3266 2202 essent
3291 2189 3306 2209 ,
3361 2162 3467 2200 non
3516 2161 3632 2202 erat

2039 2252 2194 2307 opus.
2222 2238 2290 2291 Et
2321 2239 2444 2292 vide
2475 2255 2489 2291 τ
2519 2253 2622 2292 non
2662 2240 2764 2293 hoc
2808 2248 3048 2308 ponunt,
3094 2240 3320 2307 Quidam
3362 2254 3428 2294 ex
3475 2238 3631 2293 nobis

2037 2329 2312 2400 jusserunt
2338 2347 2432 2384 vos
2465 2330 2634 2400 legem
2680 2347 2938 2397 scrvare;
2987 2331 3117 2398 sed,
3163 2331 3507 2386 Turbaverunt
3542 2346 3630 2384 vos

2040 2423 2199 2477 verbis
2246 2433 2536 2478 evertentes.
2583 2423 2735 2477 Nulla
2787 2424 2955 2493 magis
2998 2424 3214 2494 prOpria
3259 2423 3425 2478 dictio
3471 2433 3628 2483 erat;

2043 2517 2221 2571 nullus
2253 2516 2322 2568 ita
2351 2515 2507 2570 dixit.
2538 2516 2758 2568 An'mas
2787 2530 2906 2584 qua:
2929 2516 3040 2582 jam
3067 2515 3286 2569 ﬁrmatae
3316 2524 3470 2570 erant
3495 2557 3509 2575 ,
3544 2517 3630 2567 in-

2041 2609 2188 2678 quit,
2211 2608 2601 2669 subvertentes,
2626 2607 2777 2676 quasi
2801 2608 2852 2660 in
2874 2605 3102 2661 :ediﬁcio
3125 2648 3140 2671 ,
3159 2623 3277 2675 qua:
3295 2608 3477 2660 abillis
3496 2607 3631 2662 facta

2040 2707 2197 2754 erant
2245 2707 2528 2768 ponentes.
2580 2698 2815 2763 Quibus,
2864 2698 3073 2766 inquit,
3127 2715 3229 2752 non
3283 2701 3635 2768 prmcepimus.

2048 2789 2248 2843 Placuit
2281 2805 2398 2859 ergo
2427 2787 2569 2841 nobis
2593 2805 2692 2841 una
2713 2788 2934 2842 collectis
2955 2788 3260 2840 unanimiter
3279 2806 3392 2841 cum
3420 2790 3635 2842 dilectis.

2045 2878 2102 2934 Si
2129 2879 2306 2934 dilecti
2336 2921 2350 2944 ,
2381 2893 2486 2932 non
2514 2887 2861 2933 contemnent
2885 2893 3020 2932 eos:
3065 2878 3111 2930 si
3147 2877 3480 2931 tradiderunt
3515 2878 3637 2931 ani-

2044 2987 2200 3036 mas,
2258 2971 2356 3039 ipsi
2412 2985 2623 3039 quoque
2669 2969 2771 3024 ﬁde
2815 2967 2956 3037 digni
3006 2975 3153 3023 sunt.
3201 2965 3438 3022 Misimus
3477 2984 3636 3038 ergo,

2046 3063 2218 3133 inquit
2246 3104 2260 3126 ,
2293 3061 2485 3115 ludam
2510 3071 2556 3114 et
2589 3059 2758 3114 Silam
2782 3101 2797 3123 ,
2840 3069 2888 3113 et
2925 3060 3062 3130 ipsos
3095 3059 3243 3114 verbo
3279 3060 3640 3111 annuntiantes

2048 3155 2172 3209 haec.
2205 3153 2500 3224 Oportebat
2527 3153 2668 3206 enim
2697 3195 2710 3216 ,
2746 3161 2803 3205 ut
2831 3165 2936 3206 non
2961 3151 3188 3219 epistola
3216 3152 3328 3204 sola
3356 3165 3640 3219 compare-

2049 3254 2171 3310 ret,
2202 3259 2267 3299 ne
2294 3243 2540 3298 dicerent
2589 3244 2734 3312 ipsos
2772 3243 3066 3296 extorsisse
3092 3283 3106 3306 ,
3156 3250 3210 3296 et
3247 3242 3347 3295 alia
3397 3256 3494 3310 pro
3525 3241 3643 3294 aliis

2049 3338 2268 3392 dixisse.
2299 3336 2438 3392 Laus
2465 3337 2611 3391 Pauli
2637 3345 2689 3390 et
2711 3336 2840 3390 socii
2868 3350 3054 3390 eorum
3077 3349 3172 3390 ora
3195 3335 3480 3389 obstruxit.
3516 3335 3643 3390 Ideo

2051 3443 2280 3496 namque
2307 3443 2478 3498 neque
2525 3427 2720 3481 Paulus
2759 3426 2908 3480 solus
2955 3441 3130 3496 neque
3175 3425 3449 3479 Barnabas
3492 3425 3640 3479 solus

2051 3519 2236 3584 venit,
2265 3518 2360 3573 sed
2393 3519 2549 3573 etiam
2577 3519 2664 3571 alii
2696 3517 2763 3571 de
2791 3517 3032 3572 Ecclesia
3056 3558 3072 3581 ,
3105 3532 3176 3571 ne
3211 3515 3411 3569 utervis
3448 3531 3642 3584 suspe-

2054 3619 2172 3664 ctus
2199 3620 2337 3663 esset
2364 3650 2378 3672 ,
2412 3609 2534 3678 quia
2567 3609 2754 3676 dogma
2787 3607 2916 3662 illud
2957 3608 3233 3677 amplexus
3277 3615 3423 3670 erat,
3471 3621 3645 3673 neque

2058 3701 2092 3754 ii
2126 3708 2326 3754 tantum
2368 3700 2459 3768 qui
2511 3699 2578 3752 ab
2624 3698 2997 3770 Jerosolymis.
3045 3696 3292 3753 Ostendit
3336 3711 3494 3766 quam
3538 3695 3645 3750 ﬁde

2057 3790 2200 3860 digni
2231 3789 2335 3843 sint
2362 3806 2374 3839 :
2408 3803 2510 3842 non
2541 3798 2886 3858 exaequantes
2914 3803 3006 3852 se,
3040 3788 3207 3856 inquit
3239 3804 3254 3852 ;
3288 3802 3461 3856 neque
3496 3788 3640 3840 enim

2059 3879 2129 3934 ita
2161 3879 2450 3934 insaniunt.
2498 3877 2727 3947 Ideoque
2764 3877 2969 3932 addidit
3018 3878 3144 3931 illud
3168 3919 3183 3942 ,
3226 3877 3532 3931 Hominibus
3560 3879 3646 3946 qui

2060 3971 2376 4024 tradiderunt
2401 3969 2486 4022 atii
2495 3986 2601 4022 mas
2621 3986 2737 4022 suas
2769 3985 2862 4038 pro
2888 3969 3089 4021 nomine
3118 3966 3320 4021 Domini
3341 3969 3499 4021 nostri
3517 3965 3551 4019 Ι
3557 3984 3645 4020 esu

2060 4060 2267 4115 Christi.
2303 4060 2368 4113 Et
2391 4075 2487 4114 cur
2511 4059 2679 4121 dixit,
2713 4057 2888 4112 Visum
2918 4068 2987 4112 est
3011 4058 3228 4126 Spiritui
3256 4068 3430 4111 sancto
3465 4066 3509 4110 et
3548 4073 3646 4109 no-

2063 4153 2136 4206 bis
2162 4195 2176 4219 ,
2203 4167 2364 4220 quum
2398 4150 2669 4205 sufﬁceret
2694 4149 2894 4202 dixisse
2921 4190 2934 4212 ,
2969 4149 3188 4216 Spiritui
3208 4159 3380 4200 sancto
3405 4149 3428 4201 7
3469 4147 3599 4200 Illud
3627 4188 3643 4213 ,

2063 4243 2281 4312 Spiritui
2310 4249 2484 4295 sancto
2509 4281 2523 4303 ,
2549 4241 2762 4309 ponitur
2786 4281 2800 4304 ,
2829 4254 2894 4293 ne
2926 4248 3172 4307 putarent
3200 4239 3489 4292 humanum
3521 4237 3645 4305 quid

2063 4348 2184 4388 esse
2209 4349 2225 4398 ;
2255 4331 2381 4385 illud
2430 4345 2596 4396 vero,
2650 4327 2812 4382 Nobis
2839 4372 2851 4391 ,
2880 4337 2940 4381 ιιι
2982 4328 3250 4382 discerent
3298 4329 3440 4398 ipsos
3484 4329 3645 4382 etiam

2063 4424 2424 4481 admittendos
2479 4438 2634 4489 esse,
2690 4423 2815 4477 licet
2869 4421 2919 4474 io
2975 4422 3383 4477 circumcisione
3443 4430 3646 4476 essent.

2067 4518 2219 4572 Nihil
2245 4519 2377 4571 ultra
2399 4557 2414 4580 ,
2439 4517 2683 4586 inquiunt
2706 4555 2721 4581 ,
2743 4515 2880 4568 vobis
2905 4514 3098 4586 imponi
3115 4529 3268 4571 onus.
3286 4514 3407 4568 llmc
3423 4513 3608 4567 dicunt
3633 4555 3648 4580 ,

2066 4611 2187 4680 quia
2219 4609 2286 4664 ad
2313 4607 2552 4663 inﬁrmos
2580 4623 2760 4662 sermo
2784 4617 2902 4662 erat
2925 4647 2943 4675 ,
2968 4614 3026 4661 et
3051 4605 3426 4660 l‘ormidolosos
3453 4621 3466 4654 :
3497 4604 3651 4660 ideo-

2067 4715 2172 4768 que
2200 4711 2250 4754 et
2278 4699 2380 4753 hoc
2409 4699 2676 4768 adjicitur.
2705 4697 2948 4752 Ostendit
2976 4708 3152 4752 autem
3177 4713 3282 4751 non
3313 4697 3652 4764 indulgentiae

2070 4807 2373 4847 sermonem
2403 4806 2558 4856 esse,
2590 4797 2641 4842 ut
2676 4800 2959 4859 parcerent
2997 4789 3101 4843 illis
3146 4798 3206 4843 ut
3246 4789 3508 4852 inﬁrmis;
3546 4789 3651 4841 imo

2069 4893 2277 4938 contra.
2311 4883 2530 4951 Magnus
2556 4881 2697 4934 enim
2722 4880 3003 4934 doctorum
3033 4881 3204 4948 pudor
3233 4887 3346 4933 erat
3376 4898 3389 4931 :
3438 4878 3487 4931 id
3524 4893 3652 4930 vero

2071 4974 2398 5043 superﬂuum
2429 4973 2614 5025 luisset
2637 4985 2794 5024 onus.
2821 4969 2951 5024 Vide
2979 4971 3192 5024 brevem
3215 4968 3492 5038 episwlam
3522 4966 3652 5018 nihil

2073 5063 2380 5118 redundans
2411 5062 2695 5116 habentem
2721 5101 2738 5127 ,
2792 5075 2892 5114 nec
2939 5068 3252 5128 apparatum
3290 5072 3389 5111 nec
3433 5055 3655 5127 syllogi-

2074 5170 2218 5208 smos
2241 5194 2254 5218 ,
2286 5153 2378 5206 sed
2408 5162 2732 5222 praeceptum
2765 5169 2778 5206 :
2811 5160 2926 5205 erat
2948 5151 3088 5206 enim
3121 5150 3202 5202 lex
3225 5148 3470 5218 Spiritus.
3500 5146 3653 5214 Sarpe

2077 5245 2177 5298 hoc
2208 5252 2401 5297 vocant
2437 5257 2594 5297 onus.
2635 5242 2948 5314 Cougregata
2981 5239 3301 5295 multitudine
3338 5238 3655 5292 tradiderunt

2075 5334 2361 5403 epistolam.
2396 5334 2521 5388 Post
2545 5334 2824 5402 epistolam
2853 5343 2906 5387 et
2934 5333 3032 5400 ipsi
3068 5331 3242 5385 verbis
3282 5329 3656 5402 exhortantur.

2078 5425 2185 5479 llac
2213 5425 2336 5478 item
2369 5441 2428 5478 re
2452 5439 2587 5493 Opus
2613 5432 2730 5477 erat
2754 5465 2766 5488 ,
2800 5423 2936 5477 utab
2959 5423 3102 5476 tnnni
3128 5420 3430 5489 suspicione
3456 5419 3655 5474 libera-

2079 5525 2282 5574 rentur.
2321 5514 2386 5568 Ε(
2412 5515 2509 5583 ipsi
2534 5553 2549 5578 ,
2583 5515 2787 5583 inquit,
2813 5530 2926 5566 cum
2956 5522 3112 5566 essent
3144 5511 3404 5581 propheta:
3423 5553 3437 5576 ,
3467 5527 3658 5565 sermo-

2081 5609 2224 5663 nibus
2257 5608 2427 5661 multis
2457 5606 2711 5661 cxhortati
2749 5618 2866 5660 sunt
2912 5606 3114 5675 fratres.
3161 5608 3326 5670 Quam
3367 5606 3469 5660 title
3513 5605 3658 5675 digiti

2087 5710 2264 5758 essent
2300 5701 2381 5755 hic
2403 5697 2739 5764 ostenditur;
2796 5698 3051 5769 potuisset
3077 5707 3129 5753 et
3175 5696 3368 5753 l‘aulus
3393 5740 3406 5762 ,
3436 5698 3530 5754 scd
3560 5698 3659 5753 hos
