4108 6172
358 337 473 395 2L3

366 444 559 499 adesse
587 457 721 514 opus
749 450 883 497 erat.
920 439 1083 495 Facto
1112 450 1278 494 autem
1306 439 1376 493 ibi
1402 441 1661 509 aliquanto
1697 449 1916 508 tempore
1933 480 1948 503 ,

368 535 565 588 dimissi
590 543 708 588 sunt
752 548 865 587 cum
910 548 1049 601 pace.
1098 530 1213 585 Non
1258 530 1367 600 jam
1413 530 1647 594 seditio,
1702 545 1807 583 non
1845 528 1953 599 jam

365 626 599 680 aversio.
633 623 731 678 llic
759 623 887 677 mihi
919 621 1127 676 videtur
1156 622 1279 677 illos
1322 621 1598 676 dexteram
1649 622 1951 690 accepisse,

369 730 426 769 ut
460 717 576 785 ipse
602 717 678 769 ait
704 734 717 769 :
752 715 995 769 Dextera:
1021 714 1268 769 dederunt
1297 714 1422 766 mihi
1459 725 1505 767 et
1543 715 1794 768 Barnaba:
1818 730 1955 767 com-

366 808 624 861 munionis
654 806 675 882 (
702 807 874 861 Galat.
906 808 959 861 2.
990 807 1023 861 9
1048 807 1085 875 ).
1124 807 1307 861 Postea
1340 806 1468 861 dicit
1494 824 1505 858 :
1539 804 1691 859 Nihil
1717 806 1843 858 nti/ti
1868 807 1960 857 nd-

364 896 606 951 diderunt
646 896 667 959 (
692 895 827 950 Ibid.
859 912 904 949 υ.
940 897 975 950 6
995 896 1035 969 ).
1077 896 1203 965 Ejus
1227 911 1454 966 namque
1476 896 1793 950 sententiam
1826 909 1957 948 con-

371 989 655 1042 firmarunt
677 1029 694 1053 ,
728 986 1083 1042 laudaveruut
1106 1028 1121 1051 ,
1154 1002 1270 1041 eam
1302 998 1356 1042 et
1388 987 1562 1041 mirati
1591 994 1735 1041 sunt.
1765 986 1959 1041 Osten-

369 1080 451 1135 dit
477 1082 578 1134 hoc
602 1094 758 1151 posse
778 1081 1029 1135 humanis
1055 1080 1347 1135 ratiociniis
1369 1082 1603 1150 conspici
1626 1121 1641 1146 ,
1671 1097 1767 1134 nec
1788 1082 1959 1134 solum

371 1186 403 1225 a
430 1172 631 1240 Spiritu
657 1214 672 1239 ,
704 1174 826 1243 quia
852 1173 1184 1228 admiserunt
1214 1184 1487 1243 peceatum
1534 1183 1779 1228 eorrectu
1823 1172 1962 1228 diflt-

373 1266 518 1318 cile:
554 1266 686 1319 tales
728 1264 926 1335 quippe
974 1280 1062 1319 res
1103 1280 1207 1318 non
1249 1277 1408 1335 egent
1449 1265 1672 1335 Spiritu.
1719 1263 1960 1319 Ostendit

376 1363 569 1407 ca'tera
626 1369 732 1408 non
781 1370 902 1410 esse
952 1356 1291 1421 necessaria;
1345 1357 1452 1409 imo
1499 1356 1765 1426 superﬂua
1807 1372 1960 1420 esse,

377 1445 638 1514 siquidem
672 1446 786 1500 haec
824 1448 1145 1500 necessaria.
1191 1445 1267 1499 Ab
1316 1446 1394 1500 Itis
1442 1447 1487 1500 si
1524 1447 1835 1501 servaverilis
1878 1462 1965 1500 vos

375 1537 536 1604 ipsos,
563 1536 732 1607 inquit
756 1578 769 1599 ,
795 1535 917 1589 bene
954 1537 1169 1607 facietis.
1193 1536 1439 1591 Declarat
1456 1536 1584 1591 nihil
1609 1536 1738 1606 ipsis
1754 1536 1961 1601 deesse,

376 1627 471 1683 scd
501 1628 604 1684 hoc
630 1628 901 1683 sufﬁcere.
934 1628 1149 1683 Poterat
1173 1636 1227 1682 et
1253 1629 1369 1683 sine
1395 1628 1599 1692 literis,
1631 1628 1726 1682 sed
1775 1638 1832 1682 ut
1882 1630 1962 1683 lex

378 1719 449 1773 ita
498 1720 697 1789 scripta
739 1727 921 1783 esset,
963 1718 1245 1787 epistolam
1287 1719 1515 1773 mittunt.
1553 1718 1621 1771 Et
1647 1718 1839 1772 iterum
1864 1759 1880 1783 ,
1912 1727 1968 1772 ut

378 1809 483 1879 legi
513 1811 988 1879 obtemperarent,
1021 1819 1075 1862 et
1104 1809 1211 1863 illis
1236 1809 1523 1875 dicebant,
1556 1818 1610 1863 et
1636 1811 1708 1864 illi
1753 1810 1854 1865 hoc
1893 1810 1966 1863 fa-

376 1905 622 1967 ciebant,
653 1913 855 1957 etcum
895 1917 1044 1973 pace.
1089 1902 1284 1957 Verum
1336 1918 1403 1955 ne
1452 1901 1771 1956 oﬁ‘endiculo
1814 1904 1969 1958 nobis

380 1997 488 2049 sint
521 1995 778 2051 hi-retiei.
820 1995 951 2049 Vide
980 1994 1122 2048 enim
1171 1994 1224 2047 in
1267 1993 1526 2063 principio
1575 1993 1969 2062 przcdieationis

376 2097 507 2157 quot
533 2087 855 2143 offendicula
890 2105 905 2141 :
934 2102 1039 2141 non
1068 2086 1189 2140 dico
1216 2101 1276 2139 ea
1298 2127 1313 2152 ,
1346 2100 1465 2155 qua:
1487 2085 1556 2139 ab
1584 2086 1648 2139 iis
1678 2086 1766 2155 qui
1799 2085 1926 2139 foris
1952 2102 1967 2151 ;

377 2178 466 2232 illa
495 2178 694 2248 quippe
723 2178 852 2231 nihil
883 2188 1074 2242 erant;
1106 2177 1201 2231 sed
1231 2192 1351 2245 qua:
1392 2176 1557 2231 intus.
1607 2175 1787 2232 Primo
1829 2179 1972 2232 Ana-

379 2268 499 2322 nias
527 2286 540 2321 :
570 2267 765 2322 deinde
788 2282 1066 2331 murmur;
1095 2266 1220 2321 hinc
1241 2266 1423 2320 Simon
1448 2282 1631 2335 magus
1655 2282 1670 2331 ;
1704 2276 1883 2336 postea
1914 2268 1969 2335 ii,

383 2360 475 2428 qui
504 2359 719 2414 Petrum
760 2358 1085 2413 accusabant
1110 2358 1181 2413 ob
1208 2358 1555 2425 Cornelium;
1599 2359 1698 2413 sub
1741 2358 1857 2415 hate
1889 2358 1971 2413 fa-

381 2464 533 2515 mes;
563 2449 779 2503 demum
813 2449 915 2503 hoe
945 2449 1118 2518 ipsum
1150 2460 1309 2519 caput
1341 2450 1624 2504 malorum.

457 2537 579 2592 Non
602 2548 761 2605 potest
783 2539 864 2592 hic
889 2539 1076 2593 bonum
1096 2557 1202 2594 esse
1216 2541 1325 2594 sine
1349 2541 1500 2595 moto.
1523 2570 1593 2581 —
1609 2540 1794 2612 Neque
1821 2542 1963 2596 enim

386 2640 567 2701 potest
597 2632 792 2686 bonum
821 2632 1105 2701 quodpiam
1137 2648 1277 2698 esse,
1311 2632 1436 2702 quin
1465 2634 1532 2687 sit
1569 2634 1728 2687 etiam
1760 2634 1974 2705 aliquod

389 2725 609 2777 malum.
642 2722 720 2777 Nc
750 2710 928 2793 itaque
960 2726 1263 2791 turbemur,
1284 2726 1327 2778 si
1356 2725 1573 2795 quidam
1604 2726 1975 2781 scandalizen-

387 2824 507 2880 tur;
556 2815 649 2870 sed
697 2823 752 2870 et
796 2831 892 2885 pro
934 2815 1017 2869 bis
1059 2821 1255 2885 gratias
1293 2831 1510 2887 agamus
1553 2816 1683 2883 Deo,
1713 2818 1834 2888 quia
1876 2834 1975 2874 nos

388 2907 724 2976 probatiores
750 2906 935 2961 efﬁcit.
979 2906 1162 2975 Neque
1206 2909 1352 2962 enim
1395 2907 1714 2963 aiﬁicliones
1745 2917 1972 2976 tantum,

388 3014 416 3053 ι
437 2998 483 3052 -d
511 3000 671 3054 etiam
696 2999 1019 3053 tentationes
1051 3014 1147 3053 nos
1173 3001 1564 3068 splendidiores
1593 3002 1841 3057 reddunt.
1874 3003 1975 3070 Qui

390 3090 557 3155 enim,
589 3089 801 3143 nemine
825 3089 876 3141 iu
908 3105 1147 3161 errorem
1183 3091 1500 3155 inducente,
1535 3093 1743 3146 veritati
1778 3094 1975 3162 haeret,

393 3195 500 3233 non
524 3178 817 3234 vehemens
847 3180 1087 3235 veritatis
1111 3190 1318 3236 amator
1344 3184 1529 3247 fuerit;
1561 3185 1653 3237 sed
1684 3185 1771 3255 qui
1802 3187 1980 3243 multis

392 3270 789 3327 retrahentibus
828 3271 996 3327 haaret
1016 3314 1030 3335 ,
1062 3273 1149 3327 ille
1179 3273 1375 3327 clarus.
1426 3274 1563 3342 Quid
1591 3276 1758 3346 ergo?
1784 3292 1850 3330 an
1881 3277 1981 3333 hac

395 3361 463 3415 de
482 3377 642 3417 causa
671 3362 805 3416 ﬁunt
828 3362 1118 3418 scandala?
1144 3363 1259 3417 Non
1288 3364 1430 3430 dico,
1468 3366 1607 3434 quod
1641 3367 1748 3420 Deo
1773 3366 1874 3421 hoc
1900 3369 1980 3421 fa-

393 3456 570 3509 ciente
601 3470 615 3509 :
646 3455 821 3520 absit;
867 3455 962 3510 sed
1001 3456 1143 3525 quod
1185 3456 1275 3511 ille
1310 3473 1408 3527 per
1442 3458 1652 3512 illorum
1693 3461 1980 3529 nequitiam

396 3547 552 3601 nobis
583 3546 876 3603 benefaciat
908 3566 921 3602 :
953 3564 1075 3603 nam
1119 3551 1232 3619 ipse
1272 3551 1356 3605 illa
1402 3552 1512 3605 ﬁeri
1557 3568 1847 3624 numquam
1889 3572 1983 3611 vo-

395 3638 605 3695 luisset.
634 3638 715 3693 Da
742 3641 873 3707 illis,
908 3641 1097 3711 inquit,
1128 3652 1182 3695 ut
1217 3660 1374 3696 unum
1403 3645 1504 3698 sint
1533 3644 1709 3714 (Joan.
1751 3648 1830 3701 l7.
1861 3646 1977 3718 21).

395 3730 529 3785 Cum
575 3740 754 3788 autem
802 3733 1049 3788 scandala
1101 3736 1265 3803 ﬁunt,
1299 3736 1428 3790 nihil
1474 3738 1603 3807 ipsis
1648 3750 1859 3807 nocent,
1888 3741 1980 3797 sed

397 3824 559 3878 etiam
583 3833 807 3894 prosunt
826 3824 961 3889 illis;
992 3826 1128 3880 sicut
1147 3836 1199 3881 et
1221 3829 1547 3898 martyribus
1569 3829 1715 3884 inviti
1739 3842 1980 3899 prosunt,

396 3915 488 3985 qui
516 3914 637 3969 illos
664 3914 730 3970 ad
759 3916 1068 3988 martyrium
1102 3917 1349 3983 trahunt;
1380 3934 1486 3973 non
1512 3932 1690 3975 tamen
1721 3936 1751 3975 a
1779 3921 1887 3976 Deo
1917 3922 1984 3977 ad

401 4006 503 4061 hoc
531 4006 875 4076 impelluntur
909 4024 921 4060 :
953 4007 1031 4063 sic
1060 4017 1112 4062 et
1143 4012 1245 4064 hoc
1274 4008 1414 4077 loco,
1444 4024 1511 4064 ne
1539 4010 1814 4065 videamus
1843 4013 1985 4083 quod

397 4100 548 4154 multi
587 4099 1036 4155 scandalizentur.
1079 4100 1192 4155 [loc
1230 4101 1483 4157 indicium
1525 4111 1610 4158 est
1644 4102 1835 4173 dogma
1866 4119 1987 4160 esse

396 4191 683 4257 exitnium,
717 4191 859 4262 quod
906 4192 1056 4247 multi
1097 4193 1350 4249 simulent
1377 4202 1433 4249 et
1462 4194 1735 4249 imitentur
1765 4212 1779 4249 :
1811 4212 1986 4267 neque

395 4287 540 4336 enim
566 4282 882 4340 simularent
908 4284 1012 4339 nisi
1042 4283 1244 4340 bonum
1271 4293 1435 4340 esset.
1476 4284 1545 4340 Et
1572 4284 1675 4341 hoc
1696 4286 1805 4357 jam
1832 4287 1986 4343 vobis

400 4375 573 4445 palam
605 4375 818 4433 faciam.

471 4468 525 4523 4.
545 4468 817 4539 Unguenta
836 4484 954 4539 qua!
967 4468 1253 4540 fragrantia
1272 4480 1415 4536 sunt,
1436 4486 1465 4525 a
1489 4471 1671 4527 multis
1686 4472 1987 4527 adulteran-

400 4567 509 4624 tur,
538 4569 595 4613 ut
616 4600 629 4618 .
662 4559 808 4614 verbi
838 4561 1003 4629 gratia
1023 4600 1039 4625 ,
1075 4560 1257 4614 folium
1283 4562 1502 4615 amomi.
1533 4561 1666 4628 Quia
1694 4563 1837 4617 enim
1867 4577 1986 4617 rara

400 4660 527 4705 sum
546 4659 601 4705 et
626 4654 949 4714 necessaria,
966 4650 1128 4705 multa
1146 4652 1324 4720 spuria
1350 4650 1499 4706 ﬁunt.
1532 4652 1702 4708 Nemo
1723 4654 1881 4724 igitur
1904 4670 1991 4710 vo-

402 4745 563 4801 luerit
600 4758 712 4799 rem
744 4743 903 4797 vilem
941 4742 1265 4798 adulterare.
1303 4742 1422 4798 Vita
1451 4759 1582 4814 pura
1610 4745 1805 4800 multos
1833 4746 1991 4801 habet

401 4838 493 4909 qui
517 4852 578 4891 se
602 4836 904 4891 adulterent
935 4853 950 4890 :
979 4850 1139 4891 nemo
1162 4844 1340 4891 autem
1370 4836 1625 4892 simulare
1653 4853 1712 4892 se
1734 4839 1861 4893 velit
1893 4840 1992 4894 im-

402 4930 656 5002 probum,
679 4928 772 4983 sed
802 4928 978 4998 potius
1003 4927 1346 4982 monachum.
1378 4927 1515 4995 Quid
1546 4944 1675 4999 ergo
1703 4931 1992 4999 gentilibus

403 5021 736 5077 dixerimus?
766 5020 924 5075 Venit
956 5019 1168 5090 gentilis
1198 5028 1253 5075 et
1277 5020 1391 5086 ait,
1420 5019 1556 5075 Volo
1587 5021 1700 5077 ﬁeri
1729 5021 1991 5078 Christia-

402 5129 525 5180 nus,
555 5115 648 5169 sed
673 5113 854 5170 nescio
883 5114 966 5168 cui
992 5112 1297 5167 adhaream
1329 5133 1341 5167 :
1373 5115 1553 5169 multa:
1581 5116 1719 5186 apud
1752 5132 1845 5172 vos
1869 5127 1990 5173 sunt

404 5222 618 5277 pugna,
642 5205 936 5261 seditiones
961 5216 1016 5261 et
1038 5205 1297 5260 tumultus
1325 5224 1337 5259 :
1364 5206 1505 5277 quod
1536 5207 1724 5278 dogma
1754 5208 1992 5278 eligam?

402 5300 544 5371 quod
574 5299 891 5370 praeferam?
916 5296 1122 5367 Singuli
1150 5298 1335 5352 dicunt
1365 5315 1380 5353 :
1403 5296 1517 5367 Ego
1540 5301 1816 5354 veritatem
1848 5300 1989 5355 dico.

402 5393 502 5448 Cui
546 5392 800 5457 credam,
844 5390 935 5462 qui
979 5390 1112 5446 nihil
1155 5388 1547 5461 Seripturarum
1587 5391 1793 5446 sciam?
1822 5390 1888 5444 Et
1916 5390 1993 5445 illi

405 5486 658 5555 utrinque
700 5485 840 5540 idem
892 5483 1191 5555 proferunt.
1232 5482 1374 5538 Sane
1406 5481 1509 5537 hoc
1534 5481 1823 5538 admodum
1855 5482 1913 5535 tit
1937 5482 1991 5537 in

407 5576 582 5632 nobis.
615 5576 744 5631 Nam
770 5576 814 5631 si
843 5575 1059 5646 quidem
1088 5574 1393 5630 diceremus
1421 5588 1519 5628 nos
1550 5573 1845 5629 ratiociniis
1864 5586 1989 5628 ero-

408 5669 539 5723 dere
562 5710 577 5733 ,
613 5670 805 5723 merito
836 5668 1129 5724 turbarcris
1153 5687 1168 5724 :
1196 5669 1241 5723 si
1272 5683 1400 5723 vero
1428 5666 1719 5737 Scripturis
1747 5680 1847 5721 nos
1874 5680 1993 5721 cre-

410 5760 538 5817 dere
568 5761 839 5831 dicamus,
872 5764 1040 5835 iisque
1069 5764 1401 5836 simplicibus
1428 5773 1484 5820 et
1512 5763 1681 5831 veris,
1720 5762 1871 5819 facile
1898 5761 1991 5819 tibi

1104 328 1162 386 5.
1200 324 1475 385 JOANNIS
1512 320 1975 383 CIlltYSOSTOllI
2015 315 2329 376 ARClllEP.
2370 317 2900 375 CONSTANTINOP.

3544 328 3649 384 946

2067 434 2224 489 fuerit
2246 435 2507 503 judicare.
2534 434 2586 490 Si
2607 436 2723 505 quis
2746 454 2866 492 cum
2890 439 2993 494 illis
3014 444 3301 510 consentit,
3317 444 3650 505 Christianus

2064 535 2177 591 est;
2210 526 2254 579 si
2299 534 2496 595 pugnat
2538 542 2658 581 cum
2707 529 2834 596 illis,
2874 532 2960 584 hic
3006 533 3188 602 procul
3234 545 3316 588 cst
3355 551 3383 589 a
3421 553 3649 592 canorus.

2063 616 2199 683 Quid
2222 632 2370 685 ergo,
2403 617 2446 669 si
2479 618 2566 672 ille
2592 620 2809 673 veniens
2839 621 3051 687 dixerit,
3083 626 3160 678 sic
3187 624 3384 682 habere
3412 630 3655 698 Scriptu-

2065 722 2210 771 ram;
2247 720 2299 761 tu
2330 724 2455 762 vero
2481 709 2584 762 alio
2615 711 2774 763 modo
2804 711 3023 777 dixeris,
3057 725 3109 769 et
3138 716 3354 772 diverse
3384 721 3652 789 interpre-

2066 800 2246 853 tcmini
2291 799 2613 870 Scripturas,
2644 819 2832 859 sensus
2874 807 3081 861 illarum
3129 810 3530 869 distrahentes?
3574 817 3653 871 'l'n

2066 891 2253 959 igitur,
2285 892 2371 945 dic
2415 895 2565 960 tuihi,
2594 905 2901 952 mcutcmne
2943 898 3107 954 habes
3149 918 3211 957 ac
3246 903 3545 972 judicium?
3587 909 3657 963 Et

2065 981 2332 1049 quomodo
2378 984 2609 1051 possim,
2661 984 2885 1055 inquiet,
2916 1003 3035 1043 cum
3081 993 3315 1047 nesciam
3359 995 3656 1064 dijudicare

2067 1074 2277 1125 vestra?
2315 1073 2609 1143 discipulus
2639 1092 2758 1132 esse
2787 1080 2941 1143 volo,
2977 1091 3031 1135 tu
3063 1098 3189 1137 vero
3218 1102 3302 1139 me
3327 1087 3437 1155 jam
3467 1088 3655 1144 docto-

2069 1176 2180 1215 rem
2208 1162 2355 1218 faeis.
2386 1163 2440 1220 Si
2471 1166 2584 1220 haec
2613 1167 2827 1235 dixerit,
2855 1171 2981 1238 quid
3020 1175 3497 1243 respondebimus?
3521 1196 3656 1250 quo-

2068 1255 2228 1309 modo
2264 1256 2336 1310 illi
2379 1260 2851 1327 persuadebimus?
2889 1264 3298 1335 lnterrogemus,
3339 1286 3408 1325 an
3450 1270 3551 1326 hoc
3587 1274 3658 1328 sit

2068 1348 2317 1403 obtentus
2349 1368 2361 1402 :
2393 1349 2814 1422 interrogemus,
2847 1372 2912 1411 an
2939 1359 3168 1427 gentiles
3195 1361 3434 1418 damnet.
3463 1364 3654 1421 Omni-

2070 1455 2140 1493 no
2175 1440 2446 1510 quidpiam
2475 1442 2616 1498 dicet
2649 1462 2661 1497 :
2697 1462 2871 1516 neque
2898 1449 3038 1502 enim
3066 1466 3172 1505 non
3204 1453 3469 1511 damnatis
3512 1458 3654 1525 illis,

2070 1528 2135 1583 ad
2178 1540 2358 1585 nostra
2399 1535 2637 1589 accedet.
2683 1536 3076 1610 lnterrogemus
3104 1556 3203 1610 qua
3232 1544 3298 1599 de
3328 1560 3489 1600 causa
3525 1564 3658 1602 con-

2069 1620 2286 1677 dentnet
2318 1640 2332 1676 :
2367 1640 2470 1678 non
2512 1626 2654 1680 enim
2699 1636 2898 1683 temere
2938 1631 3277 1687 condemnat.
3322 1635 3659 1692 Manifestum

2071 1725 2152 1767 est
2191 1714 2454 1770 dicturum
2483 1733 2624 1773 esse.
2659 1720 2782 1789 quia
2824 1723 3042 1778 numina
3085 1725 3172 1778 illa
3217 1736 3343 1782 sunt
3375 1739 3658 1796 creaturae,

2073 1820 2172 1858 nec
2199 1820 2319 1860 esse
2356 1807 2440 1860 illa
2482 1808 2775 1865 increatum
2820 1811 3007 1867 Deum.
3055 1814 3242 1871 Recte.
3280 1818 3336 1872 Si
3382 1818 3483 1875 hoc
3518 1821 3660 1889 apud

2073 1896 2204 1951 alias
2250 1899 2482 1954 lucreses
2528 1901 2797 1971 inveniat,
2830 1908 3156 1962 contrarium
3188 1924 3316 1965 vero
3352 1912 3491 1980 apud
3522 1927 3657 1981 nos,

2074 2003 2180 2055 quo
2209 2002 2343 2057 opus
2372 1999 2454 2044 est
2482 1995 2766 2049 sermone?
2804 1996 3002 2052 Omnes
3030 2000 3349 2056 conﬁtemur
3379 2002 3656 2060 Christum

2075 2091 2195 2133 esse
2222 2079 2407 2135 Deum.
2450 2081 2553 2137 Sed
2581 2082 2857 2141 videamus
2883 2089 2970 2157 qui
3000 2101 3268 2159 pugnent,
3298 2093 3389 2163 qui
3421 2110 3526 2149 non
3556 2110 3657 2165 pu-

2074 2180 2258 2240 gnent.
2292 2172 2398 2227 Nos
2425 2176 2514 2245 qui
2541 2176 2766 2232 dicimus
2786 2194 2906 2234 esse
2935 2181 3100 2236 Deum
3125 2224 3137 2241 .
3168 2182 3325 2253 digna
3360 2186 3468 2240 Deo
3494 2186 3666 2256 loqui-

2078 2276 2230 2325 mur,
2271 2263 2413 2332 quod
2455 2274 2770 2335 potestatem
2812 2268 3024 2335 haheat,
3053 2272 3193 2341 quod
3220 2288 3326 2328 non
3358 2274 3429 2328 sit
3453 2290 3662 2343 servus,

2078 2352 2218 2420 quod
2258 2354 2328 2408 sit
2365 2355 2522 2422 liber,
2550 2357 2689 2426 quod
2720 2374 2748 2412 a
2779 2360 2957 2429 seipso
2986 2362 3163 2416 omnia
3187 2361 3348 2417 faciat
3377 2383 3391 2418 :
3427 2367 3513 2421 ille
3540 2383 3666 2422 vero

2079 2453 2287 2499 contra.
2328 2444 2559 2501 Rursum
2588 2448 2884 2519 interrogo,
2916 2454 2957 2505 si
2991 2453 3312 2510 medicinam
3342 2455 3551 2513 discere
3578 2476 3669 2514 vc-

2080 2531 2164 2597 lis,
2196 2550 2319 2587 num
2342 2535 2516 2591 obiter
2541 2546 2594 2592 et
2617 2538 2996 2607 perfunctorie,
3022 2559 3221 2612 qtae-0,
3244 2560 3305 2598 ca
3333 2562 3451 2616 qua:
3478 2548 3667 2603 dicun—

2082 2630 2167 2676 tur
2186 2625 2462 2693 suscipies,
2491 2629 2700 2683 tametsi
2728 2631 2890 2686 multa
2913 2634 3050 2701 apud
3077 2636 3196 2690 illos
3216 2636 3321 2690 sint
3342 2638 3589 2708 dogmata
3613 2642 3667 2693 ‘?

2080 2715 2134 2771 Si
2162 2732 2291 2787 ergo
2318 2719 2633 2789 simpliciter
2672 2725 2848 2777 omnia
2890 2743 3007 2794 qua!
3043 2729 3227 2783 audies
3268 2731 3534 2800 accipias,
3568 2732 3669 2787 hoc

2082 2807 2177 2861 viri
2207 2824 2310 2862 non
2339 2822 2479 2865 esset
2502 2829 2514 2863 :
2534 2812 2579 2865 si
2606 2823 2782 2868 autem
2805 2815 3007 2884 judicio
3032 2830 3082 2872 et
3105 2830 3283 2875 mente
3304 2822 3504 2887 valeas,
3528 2824 3669 2893 quod

2083 2897 2281 2952 bonum
2310 2916 2600 2973 verumque
2629 2915 2709 2958 est
2737 2906 2957 2961 omnino
2980 2910 3137 2963 scies.
3184 2911 3377 2965 Filium
3407 2929 3503 2968 nos
3530 2913 3665 2969 diei-

2082 3007 2219 3057 mus,
2246 3002 2297 3047 et
2318 2995 2459 3064 quod
2484 3011 2668 3051 verum
2693 3008 2773 3052 est
2796 2999 3022 3055 dicimus
3053 3020 3064 3053 :
3092 3002 3166 3055 illi
3194 3019 3321 3059 vero
3347 3005 3529 3060 dicunt
3550 3007 3670 3075 qui-

2084 3082 2228 3149 dem,
2258 3084 2351 3139 sed
2381 3100 2485 3141 non
2516 3089 2861 3144 conﬁtentur.
2894 3091 2961 3148 Ut
2987 3109 3115 3147 vero
3135 3095 3330 3150 clarius
3357 3096 3566 3166 loquar,
3593 3098 3670 3152 illi

2083 3176 2342 3244 quosdam
2371 3176 2586 3244 habent,
2615 3195 2646 3234 a
2670 3182 2865 3251 quibus
2891 3185 3263 3254 appellantur,
3297 3188 3669 3244 ha'resiarcha:

2085 3277 2231 3323 certe
2262 3285 2455 3325 nomen
2488 3289 2501 3327 :
2533 3273 2612 3327 sic
2652 3274 2877 3343 singula:
2908 3278 3170 3344 bzrreses;
3200 3279 3353 3334 nobis
3381 3282 3462 3335 vir
3492 3282 3672 3336 nullus

2086 3377 2280 3417 nomen
2315 3363 2534 3428 indidit,
2566 3366 2657 3421 sed
2690 3368 2801 3436 ipsa
2836 3368 2986 3423 ﬁdes.
3022 3369 3217 3423 Verum
3252 3371 3353 3426 hoc
3384 3383 3673 3440 prmtcxtus

2087 3454 2443 3525 obtentusque
2487 3465 2588 3510 est.
2628 3454 2737 3512 Cur
2774 3459 2949 3522 enim,
2982 3476 3193 3530 quaeso,
3230 3462 3443 3532 quando
3472 3474 3673 3517 vestem

2087 3552 2362 3612 empturus
2390 3558 2468 3612 es,
2501 3547 2743 3615 quamvis
2774 3548 2826 3601 in
2848 3556 2965 3603 arte
2994 3550 3214 3604 Iextoria
3241 3552 3536 3620 imperitus,
3567 3568 3671 3605 nou

2088 3633 2177 3688 illa
2203 3633 2408 3704 profers
2428 3637 2586 3692 verba
2618 3657 2631 3693 :
2665 3636 2859 3693 Emere
2888 3640 3088 3704 nescio,
3116 3657 3200 3695 me
3226 3641 3493 3711 decipiunt
3521 3659 3536 3708 ;
3581 3642 3675 3697 sed

2090 3727 2222 3780 nihil
2249 3741 2353 3781 non
2373 3727 2485 3797 agis
2508 3737 2565 3783 ut
2584 3727 2802 3784 discas?
2827 3729 3000 3784 Etiam
3027 3731 3070 3784 si
3093 3731 3302 3799 quidvis
3322 3732 3465 3787 aliud
3490 3747 3673 3788 emere

2088 3821 2291 3891 cupias,
2311 3822 2487 3875 omnia
2508 3822 2722 3878 curiose
2744 3823 3008 3893 perquiris
3029 3840 3042 3888 ;
3073 3823 3161 3878 hic
3180 3840 3307 3879 vero
3331 3825 3399 3878 ita
3421 3825 3675 3892 loqueris.

2091 3913 2271 3983 Itaque
2295 3914 2373 3969 sic
2402 3915 2629 3984 loquens
2648 3956 2663 3981 ,
2701 3914 2831 3969 nihil
2867 3916 3087 3969 omnino
3114 3916 3393 3986 suscipies.
3424 3916 3507 3971 Sit
3533 3916 3676 3969 enim

2090 4005 2281 4075 aliquis
2308 4006 2513 4061 nullum
2535 4006 2753 4062 omnino
2774 4006 2965 4078 dogma
2990 4007 3222 4073 habens;
3250 4006 3295 4061 si
3321 4006 3464 4062 dicat
3484 4008 3571 4062 ille
3598 4008 3676 4073 id,

2090 4097 2233 4167 quod
2266 4106 2317 4151 tu
2346 4098 2413 4153 de
2438 4098 2756 4153 Christianis
2785 4099 2924 4155 dicis
2955 4117 2969 4154 :
3002 4100 3169 4157 Tanta
3198 4100 3480 4155 multitudo
3509 4101 3682 4156 homi-

2093 4205 2216 4243 num
2245 4197 2348 4257 eSt,
2374 4200 2428 4245 et
2449 4192 2593 4246 varia
2622 4192 2822 4248 habent
2848 4191 3132 4263 dogmata;
3170 4193 3306 4247 alius
3333 4193 3548 4263 gentilis
3575 4202 3677 4257 est,

2092 4279 2228 4335 alius
2253 4281 2491 4350 Judaaus,
2514 4282 2651 4337 alius
2671 4282 3007 4339 Christianus
3037 4304 3051 4341 :
3079 4284 3283 4339 nullum
3310 4283 3561 4354 amplecti
3584 4283 3684 4339 do-

2091 4392 2213 4449 gma
2256 4383 2469 4446 oportet
2497 4392 2510 4427 :
2542 4374 2619 4429 illi
2644 4374 2785 4431 enim
2815 4374 2954 4431 inter
2984 4388 3042 4429 se
3067 4382 3305 4445 pugnant
3337 4390 3352 4428 :
3385 4388 3485 4444 ego
3517 4372 3686 4429 disci-

2094 4468 2250 4539 pulus
2280 4481 2420 4534 sum,
2444 4465 2609 4537 judex
2633 4481 2755 4521 esse
2779 4465 2926 4531 nolo,
2950 4478 3124 4536 neque
3148 4465 3313 4518 ullum
3338 4461 3531 4535 dogma
3552 4478 3685 4519 con-

2094 4556 2350 4613 demnare
2380 4574 2392 4611 :
2424 4571 2528 4611 non
2559 4556 2670 4626 jam
2715 4556 2805 4611 ille
2849 4563 3143 4625 praetextas
3186 4554 3359 4609 locum
3399 4554 3583 4609 habet.
3612 4552 3688 4609 Ut

2095 4648 2239 4704 enim
2266 4645 2623 4703 adulterinum
2650 4646 2847 4716 ejicere
2874 4644 3115 4715 potuisti,
3134 4643 3211 4699 sic
3233 4645 3435 4715 poteris
3455 4642 3562 4698 huc
3589 4657 3685 4698 ac-

2095 4742 2313 4810 cedens,
2338 4741 2463 4813 quid
2494 4741 2563 4797 sit
2588 4740 2715 4795 utile
2742 4739 3044 4808 explorare.
3077 4736 3209 4792 Nam
3235 4737 3323 4806 qui
3352 4735 3558 4791 nullum
3586 4734 3686 4790 do-

2094 4850 2215 4905 gma
2256 4832 2597 4897 condemnat,
2631 4830 2732 4886 hoc
2762 4829 2919 4883 facile
2943 4828 3088 4883 dicet
3116 4845 3130 4881 :
3160 4827 3250 4898 qui
3282 4841 3411 4882 vero
3440 4825 3682 4890 damnat,

2095 4924 2197 4980 etsi
2242 4922 2371 4977 nihil
2415 4921 2607 4992 eligat,
2649 4932 2935 4989 progressu
2975 4917 3230 4987 temporis
3266 4916 3465 4986 poterit
3506 4913 3686 4969 videre

2094 5013 2224 5086 quid
2242 5020 2505 5084 oporteat.
2531 5010 2607 5066 Ne
2631 5017 2920 5079 praetextas
2937 5022 3239 5079 quaeramus
3266 5025 3279 5061 :
3297 5006 3473 5062 omnia
3492 5005 3687 5075 quippe

2098 5104 2272 5160 facilia
2305 5111 2449 5157 sunt.
2477 5100 2571 5157 Vis
2597 5098 2877 5155 ostendam
2908 5098 3000 5153 tibi
3031 5098 3145 5152 haec
3171 5106 3492 5167 praetextum
3522 5096 3688 5150 esse?

2097 5195 2217 5252 Scis
2245 5210 2363 5265 qum
2393 5190 2660 5256 facienda,
2689 5206 2809 5260 qua:
2839 5205 2945 5243 non
2976 5187 3256 5243 facienda?
3294 5202 3391 5241 cur
3420 5200 3554 5257 ergo
3583 5200 3690 5239 non

2097 5303 2218 5359 quae
2250 5285 2490 5342 facienda
2529 5295 2653 5340 sunt
2682 5283 2811 5337 facis
2836 5325 2850 5349 ,
2882 5282 2974 5337 sed
2999 5298 3117 5351 qua:
3144 5296 3249 5335 non
3278 5279 3559 5335 facienda?
3587 5277 3696 5331 Fac

2100 5382 2208 5447 illa,
2234 5390 2288 5436 ct
2313 5388 2456 5434 recta
2485 5378 2692 5431 ratione
2716 5391 2895 5446 qttmre
2926 5390 2957 5428 a
2991 5375 3120 5437 Deo,
3143 5383 3196 5428 et
3220 5372 3332 5442 ipse
3354 5371 3447 5426 tibi
3471 5368 3694 5425 omnino

2100 5472 2378 5530 revelabit.
2407 5469 2544 5525 Deus
2570 5470 2720 5533 enim,
2748 5466 2938 5535 inquit,
2970 5482 3069 5519 non
3096 5472 3168 5517 est
3196 5478 3528 5531 personarum
3552 5475 3697 5513 accc-

2101 5576 2218 5637 ptor
2242 5564 2378 5637 (Act.
2404 5562 2491 5619 10.
2520 5560 2643 5633 5-5);
2675 5560 2770 5616 sed
2798 5562 2851 5614 in
2878 5560 3023 5615 omni
3051 5563 3212 5628 gente
3231 5555 3506 5641 quiotimet
3530 5553 3697 5607 Deum

2167 5705 2183 5735 ί
2220 5708 2349 5750 [τινες
2372 5699 2606 5762 habet...,
2634 5693 2825 5762 discere
2846 5686 2992 5762 velis;
3016 5688 3209 5741 τωνδί*ῑεὶ
3254 5685 3409 5740 multa
3438 5682 3570 5751 apud
3590 5680 3704 5735 idos

2106 5768 2198 5819 siut
2223 5766 2467 5826 domitam,
2488 5757 2681 5808 omissis
2706 5756 3021 5815 interposntis.
