4108 6172
382 336 496 394 εει

385 451 567 506 πάντα
620 447 1014 504 ἀπευθύνεσθαι
1061 449 1252 521 ἐχρῆν,
1291 451 1353 503 οὐ
1405 448 1606 519 πολλῆς
1642 449 1748 504 εδει
1779 449 2042 520 σκέψεως,

381 536 523 591 ἀλλά
551 535 641 589 τδν
671 534 1124 608 παραμετροῦντα
1152 534 1373 590 εὐκολον
1405 532 1475 608 ἦν
1495 536 1682 591 λαϐεῖν
1712 553 1726 567 ’
1755 535 1929 599 οὕτως
1950 536 2047 589 καὶ

384 624 501 678 νῦν.
534 621 656 686 Πῶς
688 618 781 675 οὖν
807 622 867 676 οὐ
900 621 1194 694 συνορῶσι;
1227 623 1405 677 Πολλά
1427 625 1604 688 ποιεῖ,
1647 624 1746 677 καὶ
1779 623 2051 694 πρόληψις

384 709 481 764 καὶ
506 708 839 779 ἀνθρώπιναι
871 708 1059 762 αἰτίαι.
1088 709 1260 762 Τοῦτο
1280 710 1520 779 καὶπερὶ
1550 710 1728 780 ήμῶν,
1769 711 1925 779 φησί,
1950 710 2045 763 καὶ

387 797 581 849 ἐκεῖνοι
610 794 848 861 λέγουσι.
878 794 1036 859 Πῶς;
1081 797 1173 865 Μὴ
1214 796 1323 868 γὰρ
1361 796 1743 866 ἀπεσχίσμεθα
1786 797 1886 866 τῆς
1921 797 2047 850 Ἐκ-

381 877 646 947 κλησίαςς
682 877 757 946 μὴ
790 876 898 943 7&9
920 878 1276 949 αίρεσιάρχας
1299 877 1529 949 ἐχομεν;
1584 877 1659 950 μὴ
1692 878 1800 949 7&9
1823 879 1920 931 ἀπ’
1952 879 2049 931 ἀν-

386 954 621 1032 θρώπων
668 962 1017 1033 καλούμεθα;
1065 962 1141 1034 μὴ
1172 964 1279 1034 γάρ
1333 963 1746 1035 προηγούμενος
1776 964 1933 1035 ἡμῶν
1964 963 2049 1029 τίς

386 1049 557 1115 ἐστιν,
592 1048 782 1121 ὥσπερ
805 1050 881 1120 τῷ
912 1051 1009 1118 μὲν
1035 1051 1323 1121 Μαρκίων,
1348 1051 1425 1122 τῷ
1452 1051 1508 1104 δὲ
1531 1053 1850 1122 Μανιχαῖος,
1881 1049 1958 1122 τῷ
1991 1051 2049 1104 δέ

392 1130 633 1201 Ἀρειος,
655 1130 735 1202 τῷ
762 1132 819 1185 δέ
846 1132 1004 1195 ἄλλος
1033 1150 1115 1197 τις
1138 1133 1398 1203 αἱρέσεως
1425 1134 1701 1205 ἀρχηγός;
1761 1134 1823 1187 Εἰ
1860 1134 1916 1187 δὲ
1953 1136 2050 1188 καὶ

388 1219 551 1288 ἡμεῖς
578 1221 946 1290 προσηγορίαν
979 1220 1120 1284 τινὸς
1147 1219 1361 1290 ἔχομεν,
1391 1221 1506 1274 ἀλλ’
1539 1222 1599 1273 ού
1629 1222 1755 1284 τοὺς
1774 1220 1876 1291 τῆς
1899 1221 2050 1293 αἱρέ-

391 1319 530 1363 σεως
560 1303 851 1374 ἄρξαντας,
890 1305 1024 1359 ἀλλά
1044 1306 1168 1368 τοὺς
1191 1306 1529 1377 προστάντας
1559 1308 1592 1377 ἡ
1601 1305 1715 1373 μῶν
1737 1306 1831 1360 καὶ
1855 1306 2045 1376 κυϐερ‹

391 1390 660 1460 νήσαντας
712 1391 811 1462 τὴν
844 1392 1187 1463 Ἐκκλησίαν.
1212 1393 1325 1445 Οὐκ
1354 1391 1551 1463 ἔχομεν
1574 1392 1928 1455 διδασκάλους
1958 1394 2052 1446 ἐπὶ

389 1477 489 1545 τῆς
509 1478 611 1547 γῆς
636 1494 649 1508 ·
689 1479 763 1549 μὴ
793 1479 1005 1546 γένοιτο
1037 1496 1051 1511 ·
1080 1478 1176 1532 ἕνα
1202 1479 1396 1549 ἔχομεν
1426 1480 1517 1532 τὸν
1548 1482 1605 1534 ἐν
1631 1483 1743 1543 τοῖς
1778 1482 2047 1551 οὐρανοῖς.

392 1564 671 1631 Κάκεῖνοι,
696 1568 849 1636 φησί,
878 1569 946 1621 τά
969 1566 1109 1621 αὐτὰ
1146 1566 1558 1637 προϐάλλονται.
1607 1567 1747 1623 Ἀλλ’
1776 1568 2048 1638 ἐφέστηκε

390 1649 454 1703 τὸ
504 1650 673 1719 ὄνομα
706 1652 1049 1725 κατηγοροῦν
1091 1653 1291 1717 αὐτῶν,
1355 1655 1448 1706 καὶ
1483 1655 1794 1725 ἐμφράττον
1833 1655 1902 1708 τά
1933 1654 2052 1707 στό-

393 1753 560 1807 ματα.
592 1740 781 1793 Πολλοὶ
805 1752 831 1781 ι
859 1740 1143 1809 γεγόνασιν
1169 1740 1447 1811 Ἕλληνες,
1502 1742 1597 1794 καὶ
1650 1741 1825 1805 οὐδεὶς
1871 1742 2046 1796 ταῦτα

1130 333 1189 390 S.
1227 329 1512 389 JOANNIS
1556 332 2049 391 CHRYSOSTOMI
2100 332 2420 391 ARCHIEP.
2462 330 3013 390 CONSTANTINOP.

3701 329 3808 402 ειο

2143 446 2418 520 ἠρώτησε,
2468 448 2564 501 καὶ
2615 447 2760 519 παρά
2810 447 3117 515 φιλοσόφοις
3151 439 3221 516 ἦν
3262 443 3454 506 ταῦτα,
3493 445 3588 498 καὶ
3633 444 3810 511 οὐδεὶς

2145 536 2390 608 ἐκωλύθη
2420 535 2528 589 τῶν
2558 536 2657 606 τὴν
2693 535 2860 606 ὀρθὴν
2885 534 3096 604 αἵρεσιν
3118 534 3375 605 ἐχόντων.
3429 531 3526 586 Διά
3546 531 3598 585 τί
3626 532 3700 604 μὴ
3730 530 3812 587 εἷς·

2145 640 2245 676 πον
2264 623 2351 676 ὅτε
2380 623 2554 676 ταῦτα
2577 622 2812 684 ἐκίνουν,
2845 623 2927 675 ὃτι
2952 623 3046 675 καί⁸
3068 617 3213 675 οὗτοι
3245 621 3490 673 κάκεῖνοι
3530 618 3771 674 Ἰουδαῖοι
3795 633 3811 651 ⁵

2145 710 2251 763 τίνι
2277 710 2358 762 δεῖ
2385 711 2530 780 ἡμᾶς
2560 708 2872 774 πείθεσθαι;
2921 707 3060 761 Ἀλλ’
3086 706 3418 777 ἐπείσθησαν
3440 705 3517 770 ὡς
3546 705 3675 760 ἔδει.
3715 707 3815 760 Οὐ-

2146 796 2277 850 κοῦν
2307 797 2402 852 καὶ
2442 799 2604 869 ἡμεῖς
2651 795 2970 866 πειθώμεθα
2990 797 3100 855 τοῖς
3141 793 3235 847 τοῦ
3274 793 3411 848 Θεοῦ
3457 793 3665 866 νόμοις,
3720 795 3814 847 καὶ

2146 883 2326 937 πάντα
2353 884 2681 955 πράττωμεν
2713 882 2854 937 κατά
2881 882 2942 936 τὸ
2967 880 3115 951 αὐτῷ
3149 880 3362 947 δοκοῦν,
3396 880 3492 936 καλ⁵
3537 881 3681 934 κατά
3712 881 3814 953 τὴν

2146 969 2309 1024 αὐτοῦ
2338 969 2590 1042 βούλησιν
2618 967 3083 1038 πολιτευσώμεθα,
3099 964 3176 1031 ὧς
3198 967 3280 1020 ἔτι
3298 966 3463 1037 ἐσμὲν
3494 969 3552 1022 ἐν
3574 966 3652 1038 τῷ
3673 984 3815 1036 παρα

2144 1057 2258 1110 όντι
2290 1055 2408 1127 βίῳ,
2459 1057 2548 1111 ἵνα
2592 1055 2732 1128 μετά
2764 1053 2969 1126 ἀρετῆς
3007 1053 3100 1108 τὸν
3143 1053 3438 1107 ὑπόλοιπον
3472 1053 3667 1126 χρόνον
3710 1053 3812 1123 τῆς

2148 1142 2293 1214 ζωῆς
2326 1142 2486 1215 ἡμῶν
2514 1143 2883 1207 διανύσαντες,
2943 1141 3054 1195 τῶν
3110 1140 3541 1211 ἐπηγγελμένων
3588 1139 3812 1209 ἀγαθῶν

2145 1231 2260 1293 τοῖς
2319 1230 2608 1299 ἀγαπῶσιν
2664 1231 2825 1284 αὐτὸν
2869 1231 3145 1300 ἐπιτυχεῖν
3174 1226 3555 1297 δυνησώμεθα,
3589 1226 3684 1280 καὶ
3712 1224 3812 1278 σὺν

2145 1317 2256 1379 τοῖς
2286 1316 2714 1389 εὐαρεστήσασιν
2739 1315 2888 1387 αὐτῷ
2926 1316 3094 1387 τιμῆς
3114 1315 3457 1386 ἀξιωθῶμεν,
3502 1315 3686 1386 χάριτι
3718 1310 3816 1366 καὶ

2149 1401 2528 1474 φιλανθρωπίᾳ
2557 1403 2651 1457 τοῦ
2689 1402 3011 1473 μονογενοῦς
3037 1402 3167 1457 Υἰοῦ
3202 1401 3390 1464 αὐτοῦ,
3430 1402 3527 1455 καὶ
3574 1399 3670 1454 τοῦ
3702 1416 3809 1452 πα-

2149 1485 2337 1555 ναγίου
2367 1489 2463 1542 καί
2494 1489 2759 1553 ζωοποιοῦ
2794 1487 3131 1560 Πνεύματος,
3169 1489 3269 1560 τῆς
3295 1490 3427 1560 μιᾶς
3464 1487 3558 1541 καὶ
3580 1484 3814 1557 ἀληθοῦς

2150 1571 2422 1644 θεότητος,
2456 1575 2550 1630 νῦν
2572 1578 2667 1631 καὶ
2695 1576 2801 1644 ἀεὶ,
2823 1576 2918 1630 καὶ
2942 1576 3022 1641 είς
3044 1577 3170 1641 τοὺς
3200 1575 3403 1640 αἰῶνας
3432 1574 3541 1629 τῶν
3579 1573 3812 1628 αἰώνων.

2164 1658 2356 1728 Ἀμήν.

2212 1751 2242 1784 ⁸
2266 1752 2401 1802 Unus
2421 1753 2650 1816 στόματα.
2667 1756 2756 1803 Διά
2779 1754 2825 1803 τί
2840 1756 3024 1805 πολλοί.

1915 1951 2160 2005 ΟΜΙΛΙΔ
2199 1952 2321 2008 ΔΔ⁹.

393 2042 635 2109 Παῦλος
676 2042 743 2096 δὲ
775 2042 874 2096 καὶ
924 2044 1237 2111 Βαρνάϐας
1264 2043 1555 2111 διέτριϐον
1593 2042 1664 2096 ἐν
1710 2044 2054 2111 Ἀντιοχείᾳ,

463 2112 851 2182 διδάσκοντες
879 2114 976 2167 καὶ
1007 2111 1517 2182 εὐαγγελιζόμενοι
1536 2114 1688 2182 μετά
1710 2114 1807 2166 καί
1839 2111 2056 2179 ἐτέρων

463 2182 709 2249 πολλῶν
735 2181 842 2235 τόν
861 2183 1046 2248 λόγον
1065 2183 1171 2236 τοῦ
1182 2182 1403 2247 Κυρίου
1443 2182 1603 2235 Μετὰ
1624 2181 1691 2234 δέ
1717 2197 1885 2247 τινας
1906 2182 2049 2249 ὴμέ-

452 2267 571 2319 ρας
598 2247 727 2329 εζπε
767 2247 1007 2329 Παῦλος
1040 2250 1192 2329 πρὸς
1228 2252 1542 2329 Παρνείϐαν
1570 2267 1597 2329 Ἀ
1632 2247 2057 2329 Ἐπιστρέψαν-

400 2380 403 2385 ,
462 2318 563 2382 τε(-
591 2320 666 2386 δὴ
694 2318 1153 2388 ἐπισκεψώμεθα
1184 2319 1326 2385 τοὺς
1347 2319 1648 2387 ἀδελφοὺς
1676 2321 1825 2374 κατὰ
1852 2318 2059 2374 πᾶσαν

362 2445 375 2457 ,
463 2384 665 2461 πόλιν,
708 2389 785 2461 ἐν
807 2384 1417 2461 αἶςκάτηγγείλαμεν
1442 2384 1545 2443 τόν
1591 2391 1778 2461 λόγον
1806 2389 1914 2445 τοῦ
1946 2393 2057 2444 Κυ-

461 2459 618 2526 ρίου,
648 2458 774 2522 πῶς
799 2456 1071 2524 ἔχουσιν.

466 2546 534 2593 α’.
556 2540 700 2607 Ὅρα
723 2540 882 2594 πάλιν
907 2539 1084 2593 αὐτῶν
1106 2540 1167 2594 τὸ
1186 2539 1458 2605 ταπεινὸν,
1485 2539 1600 2604 πῶς
1620 2540 1714 2594 καὶ
1729 2541 1936 2612 ἑτέροις
1963 2558 2058 2611 με·

394 2627 665 2681 ταδιδόασι
690 2626 782 2679 τοῦ
812 2627 992 2695 λόγου.
1021 2627 1133 2680 Kal
1178 2628 1277 2698 ήδη
1315 2626 1414 2696 μὲν
1452 2625 1560 2679 τῶν
1599 2626 1909 2680 ἀποστόλων
1947 2627 2056 2681 τῶν

393 2714 595 2768 λοιπῶν
630 2713 691 2767 τὸ
714 2710 846 2785 ἦθος
877 2713 1185 2784 ἀνέγραψεν
1223 2714 1354 2783 ἡμῖν
1382 2714 1411 2766 ό
1444 2713 1681 2778 Λουκᾶς,
1725 2713 1937 2778 δεικνὺς
1974 2713 2057 2767 δτι

393 2803 423 2854 ό
463 2802 561 2872 μὲν
592 2800 941 2873 ἁπαλώτερος
972 2796 1041 2872 ἦν
1073 2801 1169 2855 καὶ
1199 2800 1399 2871 μᾶλλον
1422 2800 1880 2871 συγγνωμονικός,
1905 2795 2060 2864 οὗτος

392 2889 450 2943 δὲ
474 2889 862 2960 ἀκριϐέστερος
891 2889 987 2943 καὶ
1005 2889 1406 2961 αὐστηρότερος
1437 2904 1454 2921 ⁸
1478 2889 1712 2959 διάφορα
1734 2889 1841 2959 γάρ
1861 2887 2060 2941 ἐστιτά

394 2977 708 3047 χαρίσματα
739 2995 751 3007 ·
790 2977 870 3029 ὅτι
922 2976 980 3029 δέ
1032 2977 1127 3029 καὶ
1169 2975 1328 3028 τοῦτο
1364 2975 1632 3046 χάρισμα,
1677 2974 1855 3043 δῆλον.
1917 2972 2058 3026 ’Λλλ’

395 3065 571 3118 ἐκεῖνο
603 3065 702 3131 μὲν
736 3065 942 3133 ἑτέροις
966 3063 1154 3133 ῆθεσιν
1187 3061 1488 3132 ἀνθρώπων
1519 3059 1769 3133 ἁρμόζει,
1798 3059 1955 3113 τοῦτο
2002 3060 2061 3113 δὲ

397 3151 624 3221 ἑτέρως’
652 3149 754 3202 κᾶν
784 3149 1323 3219 μετασκευάσωνται,
1352 3148 1574 3216 γέγονεν
1606 3148 1877 3218 ἄχρηστον
1906 3146 2060 3219 [εει]

397 3236 603 3289 λοιπόν,
646 3236 756 3289 Kal
787 3236 934 3289 δοκεῖ
980 3236 1077 3306 μὲν
1107 3229 1246 3287 εἷναί
1279 3251 1363 3296 τις
1395 3232 1765 3305 παροξυσμὸς,
1786 3232 1847 3286 τὸ
1875 3234 1932 3286 δὲ
1954 3235 2060 3287 πᾶν

397 3323 677 3395 οἰκονομία
703 3323 867 3376 ἐστίν.
903 3323 1066 3376 Ὥστε
1095 3321 1204 3395 γάρ
1246 3322 1374 3385 τοὺς
1424 3321 1798 3393 προσήκοντας
1834 3321 2064 3374 ἕκαστον

397 3409 593 3473 τόπους
637 3408 950 3475 ἀπολαϐεῖν,
1001 3408 1158 3462 τοῦτο
1214 3406 1445 3476 γίνεται.
1480 3406 1693 3469 Ἀλλως
1735 3406 1794 3459 δὲ
1823 3407 1920 3460 καὶ
1951 3406 2063 3460 ἔδει

402 3497 604 3559 πάντας
628 3495 725 3565 οὐχ
757 3496 1051 3566 ὁμοτίμους
1080 3491 1239 3558 εἶναι,
1265 3492 1402 3546 ἀλλά
1441 3493 1531 3546 τὸν
1571 3492 1668 3560 μὲν
1712 3493 1925 3564 ἄρχειν,
1970 3494 2062 3547 τὸν

400 3577 456 3631 δὲ
487 3577 746 3647 ἄρχεσθαι
769 3593 784 3607 ·
814 3578 910 3630 καὶ
955 3577 1111 3630 τοῦτο
1136 3575 1498 3646 οἰκονομικόν.
1536 3573 1770 3646 Κύπριοι
1832 3576 1930 3647 μὲν
1954 3577 2064 3648 7&9

401 3663 554 3718 οὐδὲν
585 3663 824 3717 τοιοῦτον
850 3662 1211 3729 ἐπεδείξαντο,
1232 3659 1343 3717 οἷον
1363 3664 1412 3716 οἱ
1445 3664 1503 3717 ἐν
1543 3662 1842 3734 Ἀντιοχείᾳ
1889 3663 1985 3716 καὶ
2016 3665 2064 3716 οἱ

402 3750 578 3804 λοιποί
600 3766 616 3782 '
647 3750 744 3805 καὶ
766 3752 959 3804 ἐκεῖνοι
989 3751 1185 3820 μᾶλλον
1209 3751 1416 3804 ἐδέοντο
1438 3749 1532 3804 τοῦ
1552 3750 1714 3821 ἤθους
1735 3750 1829 3803 τοῦ
1850 3750 2068 3803 ἁπαλω-

403 3838 583 3910 τέρου,
630 3833 773 3891 οὗτοι
826 3837 884 3890 δὲ
929 3836 1141 3893 τούτου.
1197 3837 1509 3906 Βαρνάϐας
1555 3838 1624 3891 δὲ
1660 3839 2067 3893 ἐϐουλεύσατο

404 3910 1021 3993 συμπαραλαϐεἷνκαί
1051 3924 1335 3994 Ἰωάννην
1358 3924 1466 3978 τὸν
1499 3926 1880 3994 καλούμενον
1912 3925 2065 3991 Μάρ-

405 4027 518 4065 κον
552 4028 566 4044 ο
605 4011 846 4079 Παῦλος
866 4011 934 4065 δὲ
958 4010 1134 4078 ἠξίου
1166 4012 1274 4065 τὸν
1322 4011 1676 4066 ἀποστάντα
1715 4012 1819 4065 ἀπ’
1868 4010 2068 4065 αὐτῶν

403 4099 523 4153 ἀπὸ
562 4100 933 4167 Παμφυλίας,
963 4098 1060 4152 καί
1100 4098 1187 4168 μὴ
1220 4100 1598 4154 συνελθόντα
1644 4097 1850 4165 αὐτοῖς
1877 4100 1963 4164 εἰς
2002 4098 2069 4152 τὸ

404 4188 599 4256 ἔργον,
619 4185 704 4255 μὴ
727 4186 1218 4257 σινμπαραλαϐεῒν
1245 4187 1479 4242 τοῦτον.
1512 4188 1782 4258 Ἐγένετο
1800 4183 1916 4243 οὖν
1930 4203 2071 4256 παρ-

408 4269 698 4339 οξυσμὸς,
750 4270 907 4324 ὣστε
944 4270 1310 4340 χωρισθῆναι
1339 4271 1561 4337 αὐτοὺς
1614 4269 1717 4325 ἀπ’
1755 4268 2067 4337 ἀλλήλων,

407 4353 514 4404 τόν
539 4369 601 4407 τε
626 4354 938 4421 Βαρνάϐαν
958 4355 1378 4422 παραλαϐόντα
1410 4353 1514 4408 τόν
1534 4353 1800 4421 Μάρκον,
1823 4351 2073 4407 ἐκπλεῦ-

408 4450 509 4487 σαι
532 4437 618 4501 εὶς
646 4436 885 4503 Κύπρον
912 4453 926 4467 ο
969 4435 1210 4502 Παῦλος
1250 4436 1319 4489 δὲ
1361 4435 1795 4504 ἐπιλεξάμενος
1857 4434 2068 4499 Σίλαν,

407 4520 625 4588 ἐξῆλθε
687 4522 1040 4592 παραδοθεὶς
1091 4519 1167 4588 τῇ
1217 4522 1413 4591 χάριτι
1474 4521 1580 4575 τοῦ
1630 4520 1782 4575 Θεοῦ
1810 4521 1929 4577 ὑπὸ
1952 4520 2073 4575 τῶν

407 4609 706 4678 ἀδελφῶν.
785 4609 943 4662 Οῦτω
984 4611 1082 4662 καὶ
1136 4611 1193 4661 ἐν
1235 4612 1348 4672 τοῖς
1402 4610 1710 4680 προφήταις
1747 4608 2070 4680 εὑρίσκομεν

406 4699 696 4769 διαφόρως
734 4697 957 4768 γνώμας
991 4699 1086 4751 καὶ
1129 4698 1360 4769 διάφορα
1401 4699 1506 4769 ἤθη
1557 4709 1572 4724 ⁸
1629 4693 1739 4753 οἷον
1791 4701 1820 4752 ό
1889 4699 2072 4764 Ἠλίας

398 4773 700 4856 ἀύστηρδς,
735 4789 763 4840 ό
803 4786 1043 4856 Μωῦσῆς
1093 4787 1283 4855 πρᾶος.
1334 4787 1442 4839 Kal
1475 4785 1707 4840 ἐνταῦθα
1723 4786 1900 4840 τοίνυν
1951 4804 2074 4858 σφο-

406 4872 662 4944 δρότερός
723 4875 871 4927 ἐστιν
926 4874 955 4925 ό
1012 4872 1241 4938 Παῦλος.
1303 4870 1445 4927 Ἀλλ’
1518 4873 1620 4943 ὅρα
1678 4874 1773 4927 καλ⁵
1819 4873 1961 4928 οὕτω
2014 4875 2073 4929 τὸ

410 4961 652 5025 ἐπιεικὲς
708 4958 895 5014 αὐτοῦ.
949 4961 1168 5024 Ἡείου,
1221 4960 1373 5031 φησὶ,
1429 4959 1535 5014 τὸν
1583 4961 1935 5016 ἀποστάντα
1970 4963 2071 5017 ἀπ’

408 5045 607 5102 αὐτῶν
637 5046 753 5102 ἀπὸ
786 5048 1141 5116 Παμφυλίας
1164 5046 1247 5115 μὴ
1272 5048 1782 5117 συμπαραλαϐεῑν.
1808 5049 2073 5122 Καθάπερ

410 5135 521 5207 γάρ
551 5151 636 5198 τις
679 5134 984 5205 στρατηγὸς
1016 5135 1116 5188 οὐκ
1150 5133 1216 5187 ἂν
1258 5133 1431 5187 ἐλοιτο
1456 5134 1547 5187 τὸν
1579 5135 1906 5207 σκευοφόρον
1930 5136 2074 5208 ἔχειν

410 5222 496 5276 ἀεὶ
524 5222 793 5294 βάναυσον
821 5237 837 5250 ·
867 5219 1040 5284 οὕτως
1064 5221 1184 5275 οὐδὲ
1211 5220 1239 5272 ό
1270 5220 1585 5285 ἀπόστολος.
1629 5221 1798 5276 Τοῦτο
1826 5225 1922 5277 καὶ
1946 5226 2074 5289 τούς

408 5309 600 5374 ἄλλους
630 5308 906 5373 ἐπαίδευε,
928 5310 1023 5362 καὶ
1048 5308 1210 5362 αὐτὸν
1237 5307 1569 5380 ἐρῤύθμιζεν
1595 5311 1816 5364 ἐκεῖνον.
1842 5310 2071 5372 Οὐκοῦν,

411 5397 565 5467 φησὶ,
599 5396 768 5461 κακὸς
792 5397 821 5450 ό
852 5395 1169 5468 Βαρνάϐας;
1219 5395 1485 5467 Οὐδαμῶς
1530 5415 1544 5430 ·
1584 5397 1720 5451 ἀλλά
1745 5399 1836 5452 καί⁵
1869 5398 2074 5472 σφόδρα

410 5483 610 5539 ἄτοπον
642 5484 704 5539 τὸ
734 5481 976 5555 νομίζειν
1002 5483 1175 5537 τοῦτο.
1199 5482 1322 5548 Πῶς
1345 5483 1403 5538 δέ
1421 5484 1520 5537 οὐκ
1541 5483 1740 5539 ἄτοπον
1769 5483 1911 5555 ὑπὲρ
1933 5483 2076 5539 οὕτω

411 5568 740 5641 πράγματος
769 5569 969 5642 μικροῦ
999 5568 1185 5623 τοῦτον
1216 5568 1396 5638 λέγειν
1424 5569 1677 5638 γενέσθαι
1700 5570 1894 5638 κακόν;
1936 5570 2073 5625 Ἀλλ’

410 5654 535 5725 ὅρα,
566 5657 647 5710 ὅτι
674 5656 889 5728 πρῶτον
920 5657 1021 5727 μὲν
1044 5657 1214 5712 κακὸν
1238 5657 1389 5711 οὐδὲν
1416 5657 1654 5727 γέγονεν,
1688 5657 1737 5710 εἰ
1763 5656 2075 5729 ὁλοκλήροις

407 5741 616 5796 ἔθνεσιν
656 5743 982 5813 ἀρκοῦντες,
1020 5743 1430 5814 ἀπεσχίσθησαν
1473 5744 1571 5799 ἀπ’
1618 5744 1894 5814 ἀλλήλων,
1933 5745 2070 5801 ἀλλά

404 5830 499 5884 καὶ
538 5828 681 5900 μέγα
727 5829 928 5898 ἀγαθόν
952 5848 967 5863 ο
997 5830 1186 5886 ἔπειτα
1223 5831 1304 5884 ὅτι
1338 5831 1388 5882 εἰ
1428 5831 1502 5902 μὴ
1533 5831 1690 5885 τοῦτο
1716 5826 1813 5902 ἦν,
1855 5830 1958 5884 οὐκ
2000 5828 2067 5886 ἂν

409 5916 616 5973 εἴλοντο
645 5914 880 5979 εὐκόλως
913 5915 1125 5986 ἀφεῖναι
1154 5915 1435 5988 ἀλλήλους.
1460 5917 1531 5972 Σὺ
1561 5918 1618 5973 δέ
1658 5935 1749 5989 μοι
1785 5916 2066 5990 θαύμασον

2151 2045 2345 2100 τοῦτον
2363 2047 2495 2118 μηδὲ
2515 2046 2676 2102 τοῦτο
2699 2047 3006 2120 κρύψαντα.
3051 2045 3190 2100 Ἀλλ’
3224 2046 3272 2100 εἰ
3303 2045 3398 2100 καί
3426 2057 3453 2086 ι
3475 2043 3815 2116 χωρισθῆναι

2152 2133 2280 2202 ἔδει,
2307 2134 2462 2205 φησὶ,
2491 2135 2660 2207 χωρὶς
2681 2133 3055 2207 παροξυσμοῦ.
3088 2132 3344 2189 Μάλιστα
3371 2134 3470 2202 μὲν
3491 2127 3583 2186 οῦν
3606 2131 3700 2186 καὶ
3725 2132 3813 2186 ἐν-

2152 2220 2341 2275 τεῦθεν
2357 2222 2629 2277 δείκνυται
2655 2223 2723 2277 τά
2751 2222 3090 2295 ἀνθρώπινα.
3112 2223 3176 2275 Εἰ
3205 2218 3317 2291 γάρ
3337 2219 3430 2273 ἐπὶ
3454 2219 3549 2273 τοῦ
3575 2217 3815 2291 Χριστοῦ

2152 2308 2312 2363 τοῦτο
2355 2310 2464 2364 ἔδει
2515 2310 2816 2379 γενέσθαι,
2869 2309 3047 2381 πο).λῷ
3098 2307 3297 2378 μᾶλλον
3329 2305 3581 2362 ἐνταῦθα.
3608 2306 3816 2370 Ἄλλως

2154 2397 2213 2451 δὲ
2244 2399 2273 2451 ό
2309 2397 2658 2470 παροξυσμὸς
2688 2398 2789 2451 οὐκ
2816 2398 2881 2453 ἂν
2907 2396 2997 2467 εἴη
3035 2395 3268 2465 φαῦλος,
3306 2395 3435 2449 ὅταν
3464 2394 3606 2464 ὑπὲρ
3638 2391 3814 2448 τοιού-

2154 2503 2262 2540 των
2307 2486 2535 2551 ἕκαστος
2576 2486 2938 2558 ἀμφισϐητῇ,
2974 2486 3070 2539 καὶ
3110 2483 3250 2557 μετά
3295 2482 3505 2537 δικαίου
3535 2481 3715 2550 λόγου.
3751 2481 3819 2536 El

2160 2573 2258 2643 μὲν
2285 2569 2378 2626 οὖν
2410 2591 2494 2638 τις
2519 2572 2697 2627 αὐτῶν
2725 2574 2787 2626 τὸ
2836 2571 3031 2627 ἐαυτοῦ
3074 2570 3254 2642 ζητῶν
3298 2568 3650 2641 παρωξύνετο
3669 2607 3687 2632 ,
3723 2569 3820 2622 καὶ

2156 2660 2255 2732 τὴν
2282 2662 2363 2722 εἰς
2394 2660 2558 2716 αὐτὸν
2583 2660 2748 2731 τιμὴν
2765 2701 2783 2724 ,
2824 2659 3006 2723 καλῶς
3030 2676 3043 2689 ·
3076 2660 3127 2712 εἰ
3160 2658 3218 2712 δέ
3243 2656 3533 2712 παιδεῦσαι
3560 2657 3654 2711 καὶ
3674 2656 3821 2710 διδά-

2159 2745 2246 2810 ξαι
2287 2747 2546 2818 ἑκάτερος
2576 2745 2919 2818 βουλόμενος,
2968 2749 2996 2800 ό
3045 2747 3143 2816 μὲν
3184 2743 3413 2815 ταύτην,
3452 2745 3482 2796 ό
3524 2743 3582 2796 δὲ
3604 2742 3819 2813 ἐκείνην

2156 2832 2373 2896 ὥδευον,
2420 2831 2579 2886 τοῦτο
2631 2835 2780 2886 ποῖον
2823 2832 3114 2901 ἐγκλημα;
3157 2828 3336 2883 Πολλά
3380 2828 3474 2882 καὶ
3506 2828 3820 2901 ἀνθρωπίνῃ

2157 2918 2365 2991 διανοίᾳ
2410 2919 2625 2974 ἐποίουν
2653 2934 2669 2949 ⁶
2701 2919 2762 2972 οὐ
2809 2920 2917 2990 γὰρ
2962 2915 3101 2990 ἦσαν
3151 2917 3348 2988 λίθοιῆ
3382 2916 3536 2981 ξύλα.
3572 2915 3683 2968 Kal
3718 2915 3823 2986 ὅρα

2160 3005 2371 3059 Παῦλον
2394 3004 2822 3077 κατηγοροῦντα,
2856 3007 2951 3059 καὶ
2978 3006 3075 3074 τὴν
3104 3004 3280 3058 αἰτίαν
3312 3003 3562 3072 λέγοντα.
3614 3002 3826 3074 ᾘδεῖτο

2158 3092 2267 3162 γὰρ
2298 3092 2387 3145 τὸν
2412 3091 2697 3163 Βαρνάϐαν
2727 3092 2835 3146 ἀπὸ
2886 3091 3390 3162 ταπεινοφροσύνης
3432 3089 3639 3159 πολλῆς
3663 3130 3681 3153 ,
3726 3088 3824 3142 ἅτε

2160 3181 2591 3251 κεκοινωνηκότα
2623 3182 2682 3234 ἐν
2710 3179 2981 3244 τοσούτοις
3022 3179 3170 3247 αὐτῷ
3192 3180 3286 3232 καὶ
3314 3178 3431 3249 μετ’
3454 3176 3619 3231 αὐτοῦ
3651 3177 3782 3229 δντα
3802 3191 3820 3206 ·

2163 3266 2276 3320 ἀλλ’
2310 3267 2411 3337 οὐχ
2427 3267 2598 3330 οὔτως
2624 3267 2800 3337 ᾐδεῖτο
2824 3309 2840 3332 ,
2882 3267 3024 3321 ὥστε
3066 3267 3162 3320 καὶ
3200 3265 3446 3336 παριδεῖν
3470 3264 3531 3318 τὸ
3556 3264 3693 3317 δέον.
3727 3261 3827 3326 Τίς

2167 3352 2266 3424 μὲν
2291 3349 2384 3407 οὖν
2436 3352 2658 3424 ἄμεινον
2686 3354 3068 3415 ἐϐουλεύσατο,
3092 3354 3190 3424 οὐχ
3216 3353 3371 3424 ήμῶν
3397 3350 3774 3423 ἀποφήνασθαι
3806 3365 3822 3380 ο

2162 3442 2300 3505 τέως
2327 3442 2403 3507 δὲ,
2431 3443 2513 3496 ὅτι
2551 3443 2761 3515 μεγάλη
2791 3444 3011 3512 γέγονεν
3043 3441 3341 3511 οἰκονομία,
3375 3441 3429 3493 εἴ
3455 3456 3521 3507 γε
3556 3432 3701 3492 οὗτοι
3725 3435 3828 3507 μὲν

2165 3528 2389 3600 ἔμελλον
2410 3530 2661 3600 δεύτερον
2689 3529 3032 3598 ἐπισκέψεως
3064 3526 3376 3594 ἀξιοῦσθαι,
3407 3527 3604 3579 ἐκεῖνοι
3627 3523 3685 3576 δέ
3705 3522 3829 3577 οὐδὲ

2166 3615 2334 3683 ἅπαξ.
2386 3618 2498 3687 Οὐχ
2526 3616 2713 3680 ἀπλῶς
2745 3615 3012 3687 διέτριϐον
3040 3617 3099 3668 ἐν
3142 3612 3474 3684 Ἀντιοχείᾳ,
3504 3611 3620 3665 ἀλλ’
3659 3608 3831 3663 ἐδίδα-

2167 3723 2316 3761 σκον.
2349 3708 2414 3760 Τί
2449 3707 2759 3772 ἐδίδασκον;
2791 3707 2925 3761 τίδὲ
2951 3705 3395 3775 εὐηγγελίζοντο;
3447 3701 3584 3766 Τούς
3619 3717 3680 3754 τε
3725 3700 3829 3773 ἤδη

2168 3795 2409 3858 πιστοὺς,
2449 3794 2576 3858 τούς
2599 3811 2660 3848 τε
2689 3794 2919 3848 οὐδέπω.
2963 3791 3183 3863 Ἐπειδὴ
3213 3792 3321 3863 γὰρ
3361 3789 3528 3861 μυρία
3558 3787 3837 3842 σκάνδαλα

2166 3876 2254 3951 ἦν,
2276 3881 2379 3935 ἔδει
2408 3884 2505 3953 τῆς
2534 3882 2715 3936 αὐτῶν
2742 3881 3068 3951 παρουσίας.
3106 3880 3179 3932 Τὸ
3224 3878 3554 3949 ζητούμενον
3575 3916 3590 3938 ,
3614 3875 3713 3946 οὐχ
3746 3875 3831 3929 ὅτι

2168 3968 2523 4040 διηνέχθησαν
2539 3967 2756 4041 [2621ἐν
2771 3970 2889 4030 ταῖς
2909 3965 3174 4039 γνώμαις,
3191 3965 3301 4018 ἀλλ’
3319 3968 3400 4020 δτι
3415 3962 3833 4033 συγκατέϐησαν

2169 4050 2418 4127 ἀλλήλοις
2449 4056 2595 4110 ἰδεῖν.
2637 4055 2793 4109 υύτω
2835 4052 3019 4125 μεῖζον
3057 4053 3258 4121 ἀγαθὸν
3289 4052 3480 4121 γέγονε
3508 4053 3571 4104 τὸ
3601 4051 3628 4092 ι·
3665 4065 3836 4120 χωρι-

2170 4142 2398 4215 σθῆναι,
2438 4144 2532 4197 καὶ
2565 4143 2840 4214 πρόφασιν
2883 4143 2947 4195 ἐκ
2973 4141 3162 4195 τούτου
3196 4141 3256 4194 τὸ
3283 4141 3514 4211 πρᾶγμα
3541 4136 3724 4191 ἔλαϐε.
3764 4135 3835 4190 Τί

2169 4225 2293 4292 οὖν;
2330 4228 2516 4301 ἐχθροὶ⁴
2562 4230 2950 4299 ἀνεχώρησαν;
2980 4228 3072 4298 Μὴ
3096 4227 3322 4295 γένοιτο.
3362 4224 3527 4296 Ὁρᾷς
3551 4224 3661 4293 7&9
3692 4222 3834 4292 μιτά

2170 4316 2325 4371 τοῦτο
2371 4312 2657 4388 Βαρνάϐαν
2717 4314 2925 4369 πολλῶν
2970 4315 3258 4385 ἐγκωμίων
3308 4311 3647 4367 ἀπολαύοντα
3682 4307 3835 4379 παρά

2172 4404 2384 4478 Παύλου
2409 4407 2464 4459 ἐν
2489 4407 2609 4468 ταῖς
2651 4403 3006 4465 Ἐπιστολαῖς.
3035 4399 3452 4469 Παροξυσμὸς,
3489 4400 3677 4468 φησὶν,
3708 4394 3836 4467 ἐγέ-

2170 4509 2307 4546 νετο
2332 4535 2347 4556 ,
2393 4492 2493 4547 οὐκ
2542 4490 2710 4563 ἔχθρα
2759 4491 2880 4544 οὐδέ
2912 4487 3238 4558 φιλονεικία.
3273 4485 3538 4539 Τοσοῦτον
3563 4485 3778 4554 ἴσχυσεν
3805 4482 3835 4534 ό

2172 4578 2553 4650 παροξυσμὸς,
2600 4577 2740 4631 ὥστε
2785 4576 3046 4647 χωρίσαι·
3079 4574 3171 4627 καί
3220 4572 3470 4635 εἰκότως.
3504 4569 3682 4642 Ὅπερ
3725 4569 3838 4640 γὰρ

2171 4666 2400 4730 ἕκαστος
2426 4664 2692 4718 ὑπέλαϐεν
2718 4661 2860 4716 εἶναι
2881 4660 3175 4725 λυσιτελὲς,
3207 4658 3362 4712 τοῦτο
3399 4656 3537 4728 μετά
3565 4656 3740 4710 ταῦτα
3769 4655 3836 4708 οὐ

2172 4754 2489 4824 προσήκατο
2509 4751 2598 4805 διὰ
2623 4752 2721 4821 τὴν
2749 4748 2884 4820 πρὸς
2925 4750 3133 4801 ἐκεῖνον
3162 4745 3468 4801 κοινωνίαν.

2156 4852 2165 4878 ι
2245 4842 2310 4909 β’.
2341 4840 2495 4909 Ἐμοὶ
2510 4839 2657 4892 δοκεῖ
2682 4837 2775 4890 καὶ
2805 4836 2945 4889 κατά
2972 4835 3188 4888 σύνεσιν
3208 4832 3536 4902 γεγενῆσθαι
3553 4831 3644 4885 τὸν
3666 4845 3839 4901 χωριε-

2174 4927 2329 4998 σμδν,
2355 4927 2451 4979 καὶ
2479 4924 2613 4996 πρὸς
2642 4923 2902 4993 ἀλλήλους
2917 4925 3109 4983 εἰπεῖν,
3132 4923 3213 4976 ὅτι
3245 4917 3462 4990 Ἐπειδὴ
3495 4917 3606 4988 ἐγὼ
3628 4917 3688 4971 οὐ
3720 4915 3843 4987 βού-

2178 5026 2335 5087 λομαι
2399 5015 2463 5068 σὺ
2502 5014 2559 5067 δὲ
2594 5012 2792 5082 βούλει,
2834 5011 2920 5064 ἵνα
2963 5011 3038 5082 μὴ
3080 5007 3400 5081 μαχώμεθα,
3434 5003 3843 5074 διανειμώμεθα

2174 5105 2301 5168 τοὺς
2316 5101 2702 5165 τόπους.Ὢστε
2720 5099 2863 5154 πάνυ
2890 5101 3125 5160 εἴκοντες
3155 5095 3403 5166 ἀλλήλοις
3420 5092 3578 5147 τοῦτο
3596 5091 3838 5146 ἐποίουν.

2188 5190 2469 5246 Ἐϐούλετο
2497 5188 2607 5260 γὰρ
2640 5187 2832 5257 στῆναι
2863 5186 2925 5240 τὸ
2956 5184 3169 5239 Παύλου
3208 5181 3495 5255 Βαρνάϐας
3520 5197 3533 5212 ·
3556 5179 3643 5234 διὰ
3680 5177 3848 5234 τοῦτο

2173 5278 2268 5334 καὶ
2292 5276 2637 5349 ἀνεχώρησεν
2664 5291 2677 5304 ·
2720 5272 2971 5329 ἐϐούλετο
2998 5273 3093 5326 καὶ
3121 5270 3330 5333 Παῦλος
3363 5269 3566 5340 ὁμοίως
3599 5267 3661 5321 τὸ
3698 5268 3846 5322 ἐκεί-

2174 5385 2265 5423 νου
2283 5384 2295 5397 ’
2320 5365 2407 5419 διὰ
2429 5365 2588 5419 τοῦτο
2609 5365 2703 5419 καὶ
2726 5362 2887 5427 αὐτὸς
2909 5362 2971 5415 τὸ
2990 5362 3105 5415 ἴσον
3128 5362 3269 5413 ποιεῖ
3286 5357 3382 5413 καὶ
3397 5358 3690 5427 ἀναχωρεῖ.
3714 5355 3848 5410 Em:

2174 5457 2271 5510 καί
2301 5456 2464 5527 ἡμεῖς
2492 5453 2767 5517 τοιούτους
2790 5449 3167 5524 ἐχωριζόμεθα
3195 5447 3513 5520 χωρισμούς
3532 5486 3549 5509 ,
3579 5445 3719 5499 ὥστε
3750 5445 3849 5499 ἐπὶ

2176 5544 2438 5616 κήρυγμα
2466 5541 2719 5597 ἀπιέναιί
2766 5539 3010 5606 Παῦλος
3052 5537 3142 5602 δὲ,
3177 5538 3342 5607 φησὶν
3367 5577 3382 5600 ,
3411 5530 3850 5604 ἐπιλεξάμενος

2174 5631 2284 5685 τὸν
2313 5630 2501 5685 Σίλαν
2523 5670 2538 5692 ,
2567 5628 2789 5697 ἐξῆλθε
2818 5623 3175 5696 παραδοθεὶς
3206 5624 3283 5692 τῆ
3315 5623 3511 5692 χάριτι
3540 5620 3649 5675 τοῦ
3694 5620 3850 5675 Θεοῦ

2175 5719 2295 5774 ὑπὸ
2340 5716 2457 5772 τῶν
2502 5714 2800 5787 ἀδελφῶν.
2844 5713 3170 5784 Θαυμαστός
3225 5713 3374 5767 ἐστιν
3410 5704 3563 5773 οὗτος
3599 5709 3629 5761 ὁ
3678 5707 3849 5779 ἀνὴρ,

2232 5862 2412 5973 ξὰϋηυι
2431 5861 2693 5926 κρύψαντα,
2736 5859 2860 5914 ὅλως
2883 5858 2934 5908 δὲ
2965 5858 3008 5907 αἱ
3043 5856 3142 5906 καί,
3210 5855 3239 5894 b
3269 5854 3467 5917 Ἀγαθὸν
3506 5852 3624 5903 εῖναι
3661 5849 3738 5911 το.
3768 5848 3849 5898 δίε

2232 5941 2254 5973 ιι
2292 5938 2383 5973 ,ιιι

2168 5938 2383 5989 quamn.
