4104 6148
306 343 414 400 245

308 467 362 515 et
391 456 515 512 facit
537 453 821 525 justitiam,
851 458 1102 521 acceptus
1130 449 1206 505 illi
1228 460 1328 506 est.
1358 451 1475 507 Non
1507 459 1686 523 potest
1715 452 1781 514 is,
1800 449 1890 520 qui

308 555 511 620 absque
551 545 893 618 praeiudicata
936 543 1188 614 opinione
1225 544 1392 612 audit,
1425 559 1530 598 non
1566 542 1892 613 persuaderi.

311 642 378 700 Ct
417 643 563 696 enim
592 641 637 694 si
679 639 859 710 regula
899 637 1144 708 quaedam
1183 647 1363 704 esset,
1404 636 1469 692 ad
1507 653 1666 707 quam
1707 650 1896 690 omnes

306 734 458 803 dirigi
482 740 778 800 aperteret,
803 745 907 784 non
931 729 1097 784 multa
1119 730 1548 785 consideratione
1573 743 1708 797 opus
1730 735 1894 789 esset,

309 824 402 878 sed
433 823 572 878 male
609 823 918 876 metientem
950 820 1104 874 facile
1131 819 1658 886 deprehenderemus
1693 837 1706 872 ;
1742 818 1812 871 ita
1844 826 1898 872 et

312 931 472 970 nunc.
502 915 786 980 Quomodo
813 927 942 983 ergo
972 927 1078 966 non
1112 911 1330 966 vident?
1357 912 1515 966 Multa
1550 911 1601 964 id
1627 909 1894 975 efﬁciunt,

313 1005 650 1076 pra-judicata
675 1003 877 1075 Opinio,
911 1004 1263 1071 humanasque.
1283 1017 1480 1056 causas.
1504 1001 1619 1056 Hoc
1645 1002 1806 1056 etiam
1827 1000 1898 1056 de

313 1097 486 1162 nobis,
520 1097 750 1165 inquies,
780 1095 854 1149 illi
886 1095 1091 1148 dicunt.
1118 1094 1434 1161 Quomodo?
1459 1110 1584 1149 num
1613 1094 1680 1148 ab
1711 1094 1899 1149 Eccle-

313 1191 385 1244 sia
410 1205 508 1244 nos
529 1188 862 1243 excidimus?
891 1205 1015 1242 num
1042 1187 1426 1244 haeresiarchas
1450 1188 1742 1242 habemus?
1769 1203 1895 1241 num

311 1279 380 1334 ah
405 1279 708 1334 hominibus
746 1294 940 1333 nomen
969 1278 1302 1348 accipimus?
1345 1293 1470 1332 num
1496 1277 1605 1332 dux
1632 1277 1895 1346 quispiam

312 1371 466 1426 nobis
509 1379 625 1433 est,
673 1380 729 1423 ut
780 1370 884 1424 illis
927 1369 1183 1435 Marcion,
1237 1370 1341 1423 illis
1384 1368 1744 1432 Manichacus,
1793 1367 1898 1422 illis

313 1465 472 1519 Arius
495 1503 514 1530 ,
556 1463 658 1516 illis
689 1463 824 1517 alius
856 1462 1074 1517 haeresis
1104 1461 1386 1531 princeps?
1411 1459 1564 1528 Quod
1595 1461 1638 1514 si
1672 1474 1770 1514 nos
1798 1475 1897 1512 cn-

311 1555 539 1623 juspiam
569 1568 767 1607 nomen
801 1553 1068 1618 feramus;
1101 1561 1157 1606 at
1183 1568 1288 1607 non
1321 1551 1581 1607 habemus
1610 1560 1772 1606 sectae
1798 1566 1896 1604 au-

311 1653 510 1710 ctores,
543 1644 636 1699 sed
668 1642 949 1713 praefectos
975 1652 1029 1698 et
1054 1643 1440 1713 gubernatores
1467 1643 1744 1698 Ecclesiae.
1778 1643 1895 1697 Non

313 1735 571 1790 habemus
597 1735 883 1804 magistros
911 1751 1074 1804 super
1098 1744 1294 1790 terram
1322 1735 1513 1801 :absit,
1545 1751 1707 1789 unum
1736 1734 1902 1788 habe-

316 1845 430 1884 mus
475 1830 527 1882 in
566 1829 734 1883 caelis.
779 1829 857 1883 llli
885 1843 1129 1900 quoque,
1163 1829 1400 1900 inquies,
1432 1827 1547 1884 haec
1579 1829 1894 1884 obtendu:.t.

322 1965 531 1974 ...ηομ-...-

1196 316 1292 391 ἸΝ
1331 336 1514 393 ACTA
1551 330 2075 392 APOSTOLORUM.
2118 335 2347 392 llOlllL.
2380 337 2624 394 XXXIV.

3480 345 3585 403 236

2006 447 2200 508 Verum
2229 453 2428 510 habent
2453 471 2673 520 nomen,
2696 457 2837 527 quod
2867 457 2987 513 illos
3007 469 3242 525 accusat,
3269 459 3590 533 illorumque

2001 559 2094 598 ora
2121 545 2371 601 obstruit.
2406 547 2554 601 Multi
2583 547 2731 602 fuere
2757 548 3002 618 gentiles.
3033 558 3087 605 et
3127 551 3302 608 nullus
3345 551 3460 609 haec
3498 555 3584 609 in-

2001 638 2292 705 terrogavit
2321 653 2335 691 :
2369 647 2420 692 et
2442 639 2582 707 apud
2616 638 2965 707 phil050phos
2991 639 3106 696 haec
3131 652 3302 709 erant,
3327 654 3383 698 et
3412 645 3591 701 nullus

2003 741 2218 790 eorum,
2245 728 2336 796 qui
2365 738 2566 783 rectam
2597 739 2796 783 sectam
2829 730 3122 796 haberent,
3152 733 3454 800 prohibitus
3484 743 3588 789 est.

2001 815 2110 870 Cur
2137 833 2243 871 non
2269 818 2541 886 dixerunt,
2573 819 2790 890 quando
2820 821 2935 875 haec
2963 823 3272 888 movebant,
3299 825 3438 894 quod
3459 836 3514 881 et
3535 826 3592 881 hi

2003 917 2056 964 et
2104 909 2180 963 illi
2223 909 2395 965 Judaei
2444 921 2646 977 essent,
2690 921 2745 968 et
2783 912 2885 967 utri
2927 913 3304 983 obtemperare
3331 920 3588 987 oportet?

2002 998 2108 1054 Sed
2149 1011 2206 1054 ut
2249 1001 2530 1068 Oportebat
2557 1002 3016 1073 obtemperarunt.
3066 1003 3136 1059 Et
3179 1020 3278 1060 nos
3323 1021 3452 1076 ergo
3492 1009 3590 1064 Dei

2005 1087 2208 1159 legibus
2237 1091 2672 1160 obtemperemus
2696 1133 2712 1158 ,
2747 1103 2800 1148 et
2831 1095 3010 1148 omnia
3039 1103 3096 1148 ut
3125 1095 3223 1166 ipsi
3253 1096 3443 1165 placita
3471 1107 3596 1152 sunt

2000 1183 2299 1251 faciamus,
2347 1199 2412 1239 ac
2457 1186 2749 1240 secundum
2790 1186 2908 1256 ejus
2953 1187 3281 1242 voluntatem
3323 1188 3590 1255 vivamus,

1999 1277 2126 1331 dum
2155 1277 2209 1332 in
2238 1277 2489 1346 praesenti
2515 1281 2619 1332 vita
2648 1277 2910 1349 degimus,
2939 1289 2998 1334 ut
3029 1280 3080 1334 in
3112 1280 3308 1336 virtute
3334 1282 3590 1350 praesenti

2003 1379 2269 1425 transacta
2300 1371 2405 1425 vita
2427 1413 2440 1438 ,
2475 1372 2734 1441 promissa
2767 1371 3114 1440 diligentibus
3137 1390 3197 1430 se
3227 1374 3363 1430 bona
3390 1390 3586 1431 conse-

2001 1478 2229 1533 quamur
2248 1505 2262 1526 ,
2293 1471 2350 1530 et
2377 1478 2498 1518 cum
2531 1464 2597 1517 iis
2623 1465 2713 1533 qui
2744 1464 2844 1534 ipsi
2877 1465 3194 1534 placuerunt
3223 1467 3552 1521 honoremur
3571 1508 3588 1534 ,

2000 1555 2167 1625 gratia
2194 1563 2250 1610 et
2274 1554 2604 1623 benignitate
2629 1554 2887 1624 unigeniti
2915 1555 3033 1610 Filii
3054 1555 3170 1625 ejus
3191 1565 3246 1611 et
3267 1557 3592 1612 sanctissimi

2002 1645 2306 1716 vivitieique
2339 1645 2574 1714 Spiritus
2593 1686 2608 1711 ,
2638 1647 2794 1700 unius
2825 1655 2880 1702 et
2907 1661 3047 1701 verae
3077 1647 3297 1703 Deitatis
3320 1689 3336 1718 ,
3369 1663 3512 1704 nunc
3539 1657 3597 1705 et

2002 1755 2240 1810 semper,
2268 1749 2322 1796 et
2346 1740 2400 1795 in
2421 1740 2614 1795 saecula
2641 1740 2981 1796 saeculorum.
3010 1744 3205 1797 Amen.

1631 2033 1980 2098 HOMILIA
2024 2035 2326 2098 XXXIV.

316 2182 440 2238 CAP.
473 2183 541 2238 l5
591 2198 642 2235 v.
671 2183 762 2238 55.
793 2182 990 2238 Paulus
1009 2194 1177 2239 autem
1212 2194 1258 2238 et
1292 2183 1556 2242 Barnabas
1576 2185 1901 2238 morabantur

388 2273 686 2340 Antiochiae,
714 2275 945 2329 docentes
967 2284 1015 2329 et
1040 2277 1441 2346 euangelizantes
1462 2293 1576 2330 cum
1596 2275 1714 2330 aliis
1738 2275 1900 2344 pluri-

387 2368 478 2421 bus
521 2367 718 2420 verbum
771 2366 1000 2423 Domini.
1047 2369 1135 2424 36.
1183 2368 1309 2423 Post
1354 2370 1549 2440 aliquot
1592 2378 1759 2422 autem
1794 2367 1902 2422 dies

382 2460 514 2513 dixit
557 2461 625 2512 ad
663 2457 952 2513 Barnabam
996 2459 1193 2515 Paulus
1220 2477 1240 2514 :
1263 2460 1604 2523 Revertentes,
1647 2460 1902 2514 uisitemus

384 2551 567 2618 fratres
589 2567 678 2619 per
698 2551 954 2605 universas
973 2552 1214 2617 civitates,
1239 2552 1290 2605 in
1319 2552 1495 2621 quibus
1516 2551 1902 2622 pmdicavimus

385 2640 586 2695 verbum
610 2640 837 2704 Domini,
865 2643 1116 2713 quomodo
1143 2659 1196 2697 se
1215 2643 1451 2697 habeant.

387 2733 436 2785 1.
470 2731 547 2786 De
577 2731 730 2786 Pauli
763 2748 880 2786 cum
911 2732 1148 2786 Barnaba
1181 2733 1512 2790 dissensione.
1539 2764 1610 2775 —
1640 2733 1775 2788 Vide
1805 2734 1904 2789 ite-

318 2838 433 2876 rum
461 2833 656 2894 quanta
690 2824 989 2878 humilitate
1019 2840 1322 2880 sermonem
1351 2841 1472 2880 cum
1507 2827 1625 2879 aliis
1663 2840 1904 2880 commu-

319 2916 514 2971 nicent.
562 2917 627 2971 Et
651 2917 760 2986 jam
790 2917 1001 2986 quidem
1031 2918 1355 2989 reliquorum
1381 2919 1747 2988 apostolorum
1770 2935 1902 2974 con-

316 3007 648 3062 suetudinem
689 3007 972 3077 descripsit
1011 3009 1165 3063 nobis
1209 3008 1380 3064 Lucas
1405 3049 1418 3068 .
1452 3009 1744 3064 ostendens
1769 3009 1903 3064 alios

316 3097 597 3152 suaviores
621 3097 1148 3167 indulgentioresque
1174 3114 1294 3154 esse
1312 3139 1329 3167 ,
1363 3099 1497 3153 alios
1527 3100 1826 3154 exactiores
1851 3107 1905 3153 et

314 3189 646 3244 austeriores
679 3205 692 3241 :
725 3189 931 3243 diversa
956 3205 1184 3260 namque
1209 3199 1333 3246 sunt
1353 3191 1493 3246 dona
1518 3208 1532 3245 :
1557 3191 1698 3261 quod
1725 3201 1903 3247 autem

314 3280 422 3335 hoc
454 3295 669 3351 quoque
696 3281 763 3334 sit
790 3281 984 3337 donum
1017 3283 1202 3353 liquet.
1235 3283 1342 3339 Sed
1374 3285 1501 3339 illud
1537 3285 1754 3355 quidem
1785 3283 1906 3339 aliis

315 3373 598 3428 hominum
641 3372 877 3428 moribus
905 3375 1180 3444 competit,
1213 3374 1314 3430 hoc
1357 3386 1533 3431 autem
1569 3377 1724 3442 aliis;
1770 3385 1824 3431 et
1861 3376 1906 3431 si

315 3472 797 3530 commutarentur,
829 3465 1031 3519 inutilia
1055 3465 1246 3521 forent.
1274 3467 1496 3522 Videtur
1519 3468 1734 3538 quidem
1760 3483 1907 3536 qua:-

318 3557 441 3610 dam
469 3571 588 3611 esse
616 3556 917 3622 dissensio;
952 3565 1120 3611 totum
1149 3573 1279 3614 vero
1310 3562 1606 3615 oeconomia
1640 3568 1740 3613 est.
1773 3558 1908 3613 lllud

315 3648 462 3702 enim
481 3648 558 3712 lit,
580 3656 636 3702 ut
661 3649 1020 3718 unusquisque
1043 3649 1217 3704 locum
1235 3651 1324 3720 qui
1342 3650 1440 3705 sibi
1457 3651 1908 3706 conveniatuccu-

317 3747 428 3808 pet.
461 3739 706 3808 Alioquin
728 3755 858 3796 vero
874 3755 978 3795 non
1001 3742 1299 3811 oportebat,
1316 3750 1374 3796 ut
1388 3757 1574 3798 omnes
1593 3743 1706 3812 pari
1728 3753 1911 3798 essent

320 3828 525 3885 honore
546 3873 561 3898 ,
597 3831 693 3886 sed
722 3840 775 3886 ut
804 3831 942 3885 alius
971 3842 1256 3901 praeesset,
1283 3832 1422 3889 alius
1456 3833 1699 3888 subditus
1725 3842 1869 3888 esset
1893 3853 1905 3888 :

319 3931 376 3977 et
417 3924 515 3978 hoc
552 3925 710 3979 etiam
759 3924 1108 3993 providentiae
1146 3941 1281 3995 opus
1317 3936 1422 3981 est.
1467 3927 1651 3997 Cyprii
1682 3941 1911 3996 namque

322 4013 453 4066 nihil
486 4013 590 4068 tale
616 4014 1007 4082 exhibuerant,
1045 4015 1203 4086 quale
1240 4017 1560 4072 Antiocheni
1590 4027 1644 4074 et
1673 4020 1858 4090 reliqui
1894 4037 1907 4074 a

319 4114 374 4157 et
409 4103 479 4156 illi
507 4105 750 4173 mitiore,
786 4106 839 4161 hi
868 4107 1142 4162 severiore
1169 4109 1424 4178 magistro
1452 4125 1587 4178 opus
1620 4109 1907 4164 habebant.

321 4197 413 4251 37.
431 4195 696 4251 Barnabas
717 4207 884 4251 autem
905 4199 1096 4252 volebat
1110 4216 1277 4255 secum
1291 4217 1547 4254 assumere
1565 4210 1611 4254 et
1633 4199 1908 4266 Joannem,

321 4287 411 4355 qui
433 4289 821 4356 cognominatur
850 4289 1057 4343 Marcus
1085 4305 1104 4342 :
1131 4291 1222 4344 58.
1256 4289 1454 4344 Paulus
1481 4299 1647 4344 autem
1679 4291 1908 4361 rogabat,

320 4387 375 4429 ut
395 4377 483 4445 qui
505 4378 810 4434 discessisset
832 4381 892 4433 ab
915 4383 983 4434 eis
1004 4383 1067 4436 de
1095 4380 1431 4452 Pamphylia,
1460 4393 1505 4436 et
1528 4401 1628 4437 non
1650 4395 1776 4438 esset
1797 4400 1912 4437 cum

322 4474 393 4524 eis
422 4471 474 4523 in
505 4487 652 4539 Opus,
675 4487 775 4525 non
806 4472 984 4527 debere
1012 4474 1189 4543 recipi.
1216 4474 1306 4530 59.
1335 4473 1499 4528 Facta
1529 4484 1600 4529 est
1629 4477 1787 4545 igitur
1808 4475 1914 4528 dis-

320 4563 486 4617 sensio
510 4605 526 4631 ,
556 4564 629 4616 ita
650 4572 704 4616 ut
734 4564 1040 4618 discederent
1062 4566 1125 4618 ab
1157 4567 1402 4633 invicem,
1433 4575 1480 4620 et
1510 4566 1773 4620 Barnalas
1796 4567 1911 4637 qni-

324 4655 437 4708 dem
465 4669 726 4724 assuntpto
756 4656 930 4710 Marco
961 4659 1215 4729 navigaret
1243 4661 1294 4712 in
1319 4659 1540 4728 Cyprum
1564 4675 1582 4712 :
1601 4659 1689 4714 40.
1717 4657 1914 4714 Paulus

323 4763 440 4800 vero
475 4748 630 4802 electo
674 4748 790 4802 Sila
837 4749 1092 4818 profectus
1141 4760 1244 4814 est,
1290 4751 1508 4804 traditus
1549 4753 1729 4821 gratiae
1755 4749 1853 4805 Dei
1883 4768 1914 4804 a

325 4840 585 4909 fratribus.
617 4840 704 4896 Sic
729 4851 780 4895 ct
809 4841 860 4894 in
887 4842 1160 4911 prophetis
1183 4842 1424 4897 diversas
1445 4844 1741 4898 sententias
1767 4859 1914 4898 com-

325 4931 576 5000 perimus,
607 4941 661 4986 et
692 4932 868 4986 varios
895 4948 1070 4987 mores
1094 4951 1106 4986 :
1134 4934 1276 4988 verbi
1299 4935 1464 5001 gratia
1497 4935 1642 4989 Elius
1669 4945 1914 4990 austeras

321 5030 434 5076 erat
458 5063 474 5089 ,
506 5023 720 5093 Moyses
749 5024 910 5077 mitis.
957 5023 1054 5078 llic
1085 5025 1242 5094 igitur
1268 5023 1636 5081 vehementior
1661 5037 1741 5080 est
1771 5026 1913 5080 Pau-

323 5115 420 5167 lus.
463 5113 572 5169 Sed
614 5114 693 5168 sic
732 5123 908 5170 tamen
931 5116 1052 5169 vide
1082 5118 1543 5172 mansuetudinem
1564 5117 1700 5187 ejus.
1735 5118 1912 5188 Roga-

320 5208 420 5272 bat,
453 5207 646 5278 inquit,
669 5217 724 5261 ut
750 5208 838 5278 qui
861 5208 1167 5262 discessisset
1187 5209 1249 5260 ab
1270 5210 1340 5262 eis
1360 5209 1421 5261 de
1448 5208 1786 5280 Pamphylia,
1811 5227 1914 5265 non

318 5299 495 5354 debere
522 5302 701 5370 recipi.
752 5300 821 5356 Ut
856 5301 1000 5356 enim
1040 5301 1146 5356 dux
1186 5303 1455 5357 exercitus
1483 5304 1648 5358 nollet
1679 5305 1913 5374 bajulum

318 5409 532 5461 semper
560 5393 761 5448 habere
788 5392 1066 5447 sordidum
1091 5433 1109 5460 ,
1148 5393 1226 5447 sic
1258 5409 1430 5462 imque
1459 5395 1754 5463 apostolus.
1801 5396 1915 5451 Hoc

319 5485 480 5538 etiam
512 5485 648 5541 alios
677 5483 897 5550 docuit,
929 5494 984 5538 et
1014 5483 1162 5539 illum
1203 5483 1528 5538 emendavit.
1562 5485 1776 5554 Ergone
1806 5487 1912 5539 im-

321 5577 516 5642 probus
563 5575 882 5631 Barnabas?
912 5575 1161 5643 Minime;
1192 5577 1300 5630 imo
1330 5575 1485 5629 valde
1509 5576 1798 5630 absurdum
1824 5591 1913 5631 es-

318 5678 398 5720 set
424 5668 473 5720 nl
503 5677 716 5738 putare.
750 5666 1032 5736 Quomodo
1059 5683 1165 5722 non
1195 5667 1483 5722 absurdum
1507 5677 1666 5732 esset,
1699 5667 1768 5722 ob
1799 5683 1913 5722 rem

319 5761 451 5818 adeo
478 5762 649 5820 levem
692 5761 848 5817 illum
887 5761 1067 5817 dicere
1109 5761 1456 5832 improbum?
1486 5761 1594 5817 Sed
1620 5761 1758 5832 vide,
1786 5764 1912 5834 pri-

2011 2196 2158 2234 mum
2187 2180 2312 2235 hinc
2340 2180 2472 2236 nihil
2496 2181 2620 2235 mali
2644 2182 2980 2251 provenisse,
3003 2182 3047 2237 si
3077 2197 3198 2238 cum
3225 2183 3447 2253 integris
3472 2199 3599 2254 gen—

2011 2273 2152 2326 tibus
2181 2269 2431 2327 sufficere
2460 2282 2699 2340 possent,
2724 2273 2956 2343 separati
2985 2273 3124 2340 sint;
3157 2274 3265 2329 imo
3291 2275 3450 2328 etiam
3475 2275 3602 2329 hinc

2010 2379 2257 2432 magnum
2283 2363 2548 2434 prodiisse
2574 2363 2774 2418 bonum
2807 2381 2820 2417 :
2847 2363 3040 2420 deinde
3064 2405 3079 2426 .
3111 2366 3156 2420 si
3184 2365 3290 2420 hoc
3314 2381 3420 2419 non
3451 2366 3598 2420 acci-

2008 2456 2178 2510 disset
2202 2496 2217 2520 ,
2246 2471 2354 2508 non
2379 2454 2535 2510 facile
2561 2456 2799 2525 separari
2829 2455 3145 2512 voluissent.
3174 2456 3253 2511 Tu
3283 2471 3411 2512 vero
3441 2457 3604 2511 mire-

2010 2549 2083 2601 ris
2111 2547 2271 2600 velim
2294 2588 2310 2610 ,
2341 2545 2483 2616 quod
2517 2545 2689 2601 Lucas
2719 2546 2822 2602 hoc
2858 2563 2964 2602 non
2995 2547 3266 2603 celaverit.
3300 2547 3404 2602 Sed
3435 2547 3480 2602 si
3507 2563 3598 2602 se-

2010 2641 2185 2710 parari
2225 2640 2530 2710 oportebat,
2579 2640 2808 2710 inquies,
2852 2641 3041 2696 saltem
3083 2642 3202 2696 sine
3240 2641 3599 2698 dissensione.

2011 2733 2081 2786 At
2125 2731 2250 2785 hinc
2299 2731 2538 2785 maxime
2587 2731 2816 2785 humana
2863 2731 3239 2786 ostenduntur.
3281 2731 3412 2786 Nam
3457 2731 3502 2785 si
3546 2731 3603 2786 in

2011 2824 2226 2878 Christo
2272 2824 2555 2893 oportebat
2597 2825 2731 2889 lieri,
2776 2824 2943 2879 multo
2986 2824 3154 2894 magis
3201 2823 3306 2878 hic.
3353 2825 3602 2894 Alioquin

2010 2931 2141 2972 vero
2169 2917 2437 2972 dissensio
2464 2932 2570 2971 non
2601 2917 2740 2970 mala
2766 2925 2868 2982 est,
2896 2916 3110 2986 quando
3134 2915 3203 2970 de
3229 2915 3425 2970 talibus
3454 2915 3605 2984 quis-

2014 3009 2163 3078 piam
2193 3007 2490 3070 contendit,
2517 3017 2572 3062 et
2599 3023 2719 3062 cum
2747 3009 2886 3076 justa
2918 3008 3144 3063 ratione.
3167 3008 3224 3063 Si
3251 3017 3398 3063 certe
3417 3022 3604 3063 eorum

2011 3102 2275 3173 quispiam
2303 3117 2422 3170 quae
2469 3116 2564 3156 sua
2589 3109 2743 3156 erant
2773 3100 2859 3155 vel
2893 3101 3152 3155 honorem
3175 3115 3456 3171 quaerens,
3504 3116 3606 3154 ex.

2012 3204 2289 3264 asperatus
2309 3187 2471 3258 essel,
2504 3195 2641 3249 bene
2671 3192 3063 3263 improbaretur
3095 3210 3108 3246 :
3141 3194 3186 3249 si
3216 3207 3344 3248 vero
3376 3201 3606 3262 uterque

2013 3286 2207 3341 docere
2237 3285 2624 3355 instituereque
2653 3285 2872 3346 volens,
2905 3283 3040 3339 alter
3071 3283 3190 3349 hac,
3218 3283 3358 3339 alter
3381 3284 3486 3337 alia
3519 3282 3604 3336 via

2012 3377 2273 3446 processit
2315 3393 2328 3428 :
2369 3376 2512 3444 quod
2561 3378 2764 3430 crimen
2811 3374 3009 3429 fuerit?
3057 3374 3219 3429 Multa
3260 3391 3326 3430 ex
3373 3374 3606 3429 humana

2013 3474 2192 3521 mente
2234 3465 2498 3520 faciebant
2530 3481 2674 3520 :non
2704 3465 2846 3520 enim
2875 3473 3031 3519 erant
3069 3464 3276 3534 lapides
3311 3473 3404 3518 aut
3439 3464 3603 3532 ligna.

2013 3555 2084 3610 Et
2109 3556 2229 3611 vide
2257 3557 2477 3610 Paulum
2500 3565 2842 3611 accusantem
2867 3564 2921 3610 et
2945 3570 3160 3610 causam
3183 3556 3472 3610 dicentem.
3501 3554 3607 3610 Re-

2014 3647 2303 3700 verebatur
2325 3646 2468 3700 enim
2497 3646 2793 3701 Barnabam
2823 3661 2931 3715 prae
2956 3645 3256 3700 humilitate
3283 3647 3449 3700 multa
3471 3688 3487 3712 ,
3515 3645 3607 3714 qui

2015 3737 2070 3791 in
2102 3737 2261 3792 tantis
2292 3737 2450 3792 rebus
2477 3737 2577 3791 sibi
2604 3752 2828 3792 consors
2849 3746 2900 3792 ct
2922 3751 3104 3792 secum
3135 3736 3341 3802 fuerat;
3372 3735 3467 3791 sed
3498 3749 3604 3790 non

2016 3829 2086 3882 ita
2113 3828 2480 3892 reverebatur,
2504 3837 2563 3881 ut
2585 3827 2821 3882 officium
2844 3829 3160 3898 negligeret.
3189 3828 3318 3884 Uter
3346 3843 3472 3897 ergo
3496 3843 3609 3884 me-

2015 3922 2118 3976 lius
2133 3920 2480 3986 consuluerit,
2504 3929 2703 3975 nonest
2725 3930 2963 3974 nostrum
2996 3919 3361 3988 pronuntiare,
3387 3919 3603 3974 interim

2017 4031 2146 4070 vero
2191 4028 2382 4083 magna
2413 4012 2513 4067 fuit
2541 4013 2837 4068 meonomia
2863 4053 2879 4078 ,
2913 4012 2956 4066 si
2987 4012 3200 4080 quidem
3233 4011 3284 4065 hi
3317 4011 3608 4067 secundum

2014 4106 2377 4161 visitationem
2401 4104 2738 4174 assequuturi
2767 4113 2940 4168 erant,
2973 4104 3060 4157 alii
3095 4103 3314 4158 nullam.
3348 4103 3462 4156 Non
3492 4103 3608 4157 sine

2015 4215 2174 4254 eausa
2215 4207 2392 4252 autem
2435 4196 2735 4252 Antiochia:
2778 4195 2969 4250 morati
3009 4205 3164 4262 sunt,
3201 4196 3294 4249 Sed
3322 4195 3604 4249 docebant.

2016 4292 2156 4357 Quid
2190 4292 2496 4348 ducebant?
2541 4293 2666 4361 quid
2711 4289 3188 4361 evangelizabant?
3217 4289 3366 4343 Alios
3391 4289 3605 4358 quidem

2017 4383 2245 4450 ﬁdeles,
2293 4383 2428 4438 alios
2471 4382 2708 4438 nondum
2750 4381 2904 4438 tales.
2963 4381 3099 4449 Quia
3140 4381 3282 4435 enim
3328 4381 3602 4434 innumera

2018 4476 2268 4531 scandala
2303 4485 2491 4541 erant,
2530 4489 2666 4545 opus
2690 4484 2806 4530 erat
2837 4475 3052 4528 illorum
3088 4472 3392 4543 praesentia.
3424 4471 3480 4527 In
3507 4471 3606 4527 hac

2017 4569 2316 4639 quaestione
2335 4568 2749 4634 observandum,
2773 4582 2880 4621 non
2911 4566 2964 4621 in
2989 4581 3096 4636 quo
3116 4565 3491 4632 dissenserint,
3511 4564 3606 4620 sed

2019 4661 2073 4716 in
2101 4676 2208 4731 quo
2237 4669 2423 4715 mutuo
2447 4661 2841 4715 consenserint.
2881 4657 2972 4714 Sic
2999 4656 3172 4727 majus
3200 4656 3399 4711 bonum
3425 4671 3489 4711 ex
3520 4672 3608 4710 se-

2018 4755 2295 4822 paratione
2325 4753 2556 4823 prodiit,
2585 4764 2741 4823 atque
2770 4752 2892 4807 inde
2921 4762 3099 4806 ortum
3128 4761 3230 4807 est.
3271 4751 3409 4817 Quid
3440 4749 3607 4820 ergo?

2019 4845 2289 4901 iuimicine
2340 4845 2719 4900 recesserunt?
2777 4843 2963 4908 Absit;
3013 4843 3164 4898 vides
3219 4844 3361 4898 enim
3421 4853 3606 4910 postea

2020 4940 2315 4996 Barnabam
2354 4940 2538 4994 multis
2569 4939 2815 4994 laudibus
2847 4954 2874 4991 a
2905 4939 3071 4993 Paulo
3096 4937 3356 4993 celebrari
3387 4938 3440 4991 in
3481 4937 3608 5006 Epi-

2019 5033 2191 5087 stolis.
2216 5031 2495 5095 Dissensio,
2521 5030 2710 5100 inquit,
2730 5035 2866 5100 facta
2887 5040 2980 5095 est,
3003 5045 3109 5084 non
3132 5029 3407 5084 inimicitia
3434 5045 3606 5099 neque

2017 5127 2312 5180 contentio.
2349 5107 2578 5179 Tantum
2609 5123 2772 5178 valuit
2795 5122 3079 5188 dissensio,
3113 5132 3170 5178 ut
3194 5131 3602 5192 separarentur;

2019 5227 2074 5273 et
2095 5219 2218 5288 jure
2242 5216 2479 5287 quidem.
2502 5216 2635 5271 Nam
2658 5215 2800 5287 quod
2823 5225 3049 5286 uterque
3075 5215 3296 5284 putabat
3319 5214 3446 5269 utile
3467 5213 3603 5281 fore,

2023 5318 2209 5379 postea
2233 5325 2338 5362 non
2366 5309 2693 5374 admisisset,
2721 5322 2787 5363 eo
2812 5306 2953 5377 quod
2983 5305 3142 5360 simul
3171 5312 3371 5360 essent.

2089 5401 2144 5454 2.
2172 5401 2294 5455 Mihi
2321 5401 2529 5455 videtur
2570 5401 2712 5454 illam
2741 5400 3132 5469 separationem
3165 5396 3456 5466 prudenter
3486 5409 3606 5450 esse

2019 5490 2212 5547 factam
2236 5533 2252 5557 ,
2294 5491 2518 5560 illosque
2549 5500 2736 5544 mutuo
2763 5490 2965 5546 dixisse
2994 5507 3008 5542 a
3038 5487 3477 5557 Quandoquidem
3506 5501 3608 5555 ego

2019 5585 2162 5648 nolo,
2199 5593 2253 5636 tu
2281 5593 2457 5636 autem
2487 5583 2594 5647 vis;
2625 5591 2682 5636 ut
2714 5597 2781 5636 ne
2810 5594 3124 5650 pugnemus,
3168 5578 3283 5633 loca
3317 5576 3603 5632 distribua-

2018 5691 2155 5729 mus.
2189 5674 2368 5744 Itaque
2397 5674 2619 5726 Illullllm
2647 5673 2747 5728 sibi
2777 5681 2963 5726 mutuo
3003 5669 3257 5726 cedentes
3294 5669 3396 5723 hoc
3437 5667 3604 5723 facie-

2017 5765 2164 5822 bant.
2192 5765 2410 5820 Volebat
2435 5763 2701 5820 Barnabas
2726 5773 2869 5820 stare
2883 5760 3027 5834 quod
3054 5761 3250 5818 Paulus
3269 5760 3610 5826 decreverat;
