4104 6148
495 310 600 367 24⁸1

492 428 614 483 ideo
634 422 851 480 recessit
877 439 890 477 :
913 419 1126 474 Volebat
1148 418 1397 472 similiter
1420 418 1610 473 Paulus
1626 418 1765 486 quod
1798 416 1871 473 illi
1890 417 2070 489 placc‘

493 519 613 580 bat;
658 517 881 582 ideoque
910 522 963 566 et
994 512 1105 580 ipse
1134 511 1357 566 recedit.
1392 509 1605 565 Utinatn
1633 525 1729 565 nos
1754 526 1969 581 quoque
1995 519 2079 565 ta-

492 610 569 663 les
609 605 975 674 separationes
1017 602 1441 665 admitteremus,
1483 611 1543 656 ut
1575 602 1639 656 ad
1682 602 2077 670 praedicandum

490 699 781 751 abiremns.
816 693 1012 747 Paulus
1041 703 1235 756 autem,
1274 693 1466 761 inqttit,
1500 694 1656 745 electo
1685 691 1799 747 Sila
1824 696 2079 762 profectus

484 798 580 853 est,
613 789 828 841 traditus
855 788 1035 858 gratia:
1061 785 1151 839 Dei
1171 802 1202 837 a
1225 784 1488 857 fratribus.
1515 783 1859 837 Admirabilis
1882 792 1959 836 est
1992 782 2080 837 hic

448 863 453 868 ’
491 882 572 934 vir
615 888 671 935 et
701 880 854 934 valde
898 893 1140 949 magnus.
1176 877 1469 931 Plurimum
1503 891 1633 929 vero
1661 874 1841 929 Marco
1881 874 2080 944 profuit

486 972 600 1026 lucc
634 986 829 1041 pugna.
877 970 1025 1024 Pauli
1054 983 1284 1038 namque
1310 968 1564 1023 severitas
1593 968 1859 1021 convertit
1888 967 2032 1021 illum
2059 1007 2074 1029 ,

486 1062 792 1132 benignitas
817 1070 992 1115 autem
1024 1060 1283 1114 Barnabae
1314 1059 1439 1113 fecit
1476 1068 1532 1112 ut
1563 1073 1631 1112 ne
1664 1058 2073 1128 relinqueretur.

485 1155 675 1224 itaque
703 1163 940 1224 pugnant
967 1149 1303 1221 quidem,'ad
1330 1166 1492 1204 unum
1522 1164 1649 1204 vero
1681 1150 1840 1203 linem
1869 1149 2075 1204 lucrum

488 1248 767 1316 pertingit.
800 1245 1017 1299 Paulum
1048 1243 1191 1298 enim
1226 1242 1416 1295 videns
1443 1241 1580 1295 velle
1604 1239 1903 1305 discedere,
1936 1240 2073 1293 mul.

491 1344 604 1392 tim
633 1335 949 1398 exterritus,
994 1333 1232 1402 seipsutn
1269 1330 1542 1384 damnavit
1570 1349 1583 1384 :
1615 1330 1916 1398 iterumque
1950 1329 2077 1382 Bar-

489 1427 683 1483 aabam
711 1426 897 1481 videns
920 1426 993 1481 ita
1020 1423 1118 1479 sibi
1150 1422 1571 1493 patrocinantem
1593 1462 1608 1486 ,
1639 1421 1794 1476 valde
1823 1422 1971 1475 illum
1997 1420 2077 1473 di-

488 1521 638 1588 lexit,
661 1529 716 1575 et
734 1536 799 1575 ex
823 1520 1099 1573 doctorum
1119 1531 1295 1587 pugna
1315 1515 1631 1571 emendatus
1651 1524 1733 1568 est
1754 1513 2073 1583 discipulus:

488 1622 695 1667 tantum
736 1611 905 1667 abfuit
933 1627 1000 1666 ne
1031 1610 1085 1666 id
1124 1609 1448 1665 oll‘endicnlo
1490 1609 1589 1678 ipsi
1627 1616 1789 1663 esset.
1833 1607 1888 1662 Si
1932 1608 2074 1662 enim

492 1723 592 1777 pro
621 1723 719 1763 suo
764 1708 814 1762 id
860 1709 1112 1763 fecissent
1156 1706 1380 1773 honore,
1409 1705 1530 1774 jure
1569 1704 1807 1760 olTensus
1850 1703 2073 1767 fuissm;

490 1799 573 1853 sin
612 1812 711 1869 pro
751 1800 915 1869 ipsius
952 1799 1144 1864 salute,
1174 1798 1297 1852 etsi
1332 1806 1551 1865 propter
1581 1795 1632 1850 id
1665 1811 1825 1848 unum
1850 1805 2075 1848 conten-

489 1891 645 1958 dunt,
691 1901 748 1944 ut
785 1890 1070 1945 ostendant
1112 1905 1234 1944 eum
1273 1889 1361 1957 qui
1407 1889 1579 1956 ipsum
1617 1885 1898 1940 honoravit
1943 1886 2078 1940 bene

490 1982 839 2045 consuluisse,
874 1982 997 2051 quid
1027 1979 1350 2035 absurdum?

565 2074 619 2127 5.
670 2073 800 2131 Vide
847 2072 995 2127 Pauli
1049 2072 1383 2141 prudentiam
1430 2087 1443 2122 :
1489 2084 1593 2123 non
1644 2068 1788 2139 prius
1832 2070 1897 2121 ad
1943 2068 2075 2122 alias

491 2166 683 2220 transit
712 2166 900 2222 urbes,
941 2177 1099 2234 quam
1130 2179 1257 2227 eas,
1300 2180 1418 2233 qua:
1457 2163 1674 2216 verbum
1723 2169 2074 2229 acceperant,

490 2258 779 2311 visitasset.
811 2258 901 2311 41.
934 2255 1325 2309 Peratnbulabat
1354 2264 1521 2307 autem
1549 2255 1753 2323 Syriam
1779 2264 1824 2306 et
1848 2251 2077 2305 Ciliciam

497 2350 806 2414 conﬁrmans
831 2346 1106 2401 Eoclesias.
1127 2346 1278 2417 (Cap.
1300 2346 1468 2419 l6.)l.
1504 2346 1735 2400 Pervenit
1756 2360 1922 2400 autent
1945 2344 2074 2399 Der-

492 2438 583 2491 ben
620 2448 668 2491 et
696 2437 949 2508 Lystram.
984 2438 1190 2492 Etenim
1220 2438 1440 2492 stultum
1475 2446 1555 2491 est
1594 2446 1796 2492 temere
1835 2453 2073 2492 currere.

492 2529 604 2583 lloc
638 2538 693 2583 et
720 2542 816 2582 nos
857 2528 1111 2583 faciamus
1144 2545 1158 2582 :
1206 2530 1405 2598 primos
1435 2529 1664 2597 primum
1711 2529 2033 2582 instruamus
2056 2568 2073 2596 ,

491 2637 559 2675 ne
603 2621 676 2675 illi
723 2620 1104 2689 impedimento
1146 2621 1253 2675 sint
1298 2620 1702 2689 posterioribus.
1755 2618 2024 2674 Visitemus
2056 2660 2072 2686 ,

491 2712 680 2780 inquit,
708 2718 890 2782 fratres
917 2712 1167 2782 quomodo
1207 2729 1261 2767 se
1299 2713 1534 2766 habeant.
1574 2712 1684 2767 llnc
1718 2713 1921 2768 scilicet
1955 2713 2076 2780 jure

490 2802 800 2871 ignorabat;
846 2811 901 2856 ut
945 2805 1165 2858 veniens
1214 2804 1403 2859 fratres
1445 2805 1718 2860 inviseret.
1769 2805 1897 2859 Vide
1928 2804 2074 2859 illum

490 2909 705 2962 semper
735 2893 947 2963 vigilem
976 2903 1030 2948 et
1070 2894 1358 2948 sollicitum
1380 2934 1394 2960 ,
1438 2910 1539 2949 nec
1578 2895 1816 2950 desidem
1848 2894 2071 2957 sedere,

489 2984 588 3038 etsi
633 2984 909 3037 innumera
946 2985 1147 3039 subiret
1179 2985 1435 3054 pericula.
1467 2984 1627 3039 Vides
1666 3001 1769 3039 non
1803 3000 1865 3038 ex
1896 2984 2079 3037 fortui-

491 3076 612 3130 dine
642 3076 977 3130 Antiochiam
1004 3077 1232 3132 venisse.
1263 3076 1475 3131 Etenim
1506 3088 1560 3129 ut
1590 3078 1824 3131 medicus
1849 3086 2077 3146 :rgrotus

491 3166 674 3221 adibat
703 3185 716 3221 :
748 3178 801 3222 et
832 3167 1079 3221 visitandi
1114 3168 1485 3223 necessitatem
1515 3168 1824 3230 declaravit,
1852 3168 2072 3221 dicens:

490 3257 557 3311 In
585 3259 762 3328 quibus
799 3259 1185 3328 praedicavimus
1228 3259 1429 3313 verbum
1486 3258 1726 3313 Recessit
1769 3258 2071 3321 Barnabas,

490 3360 545 3406 et
569 3366 672 3406 non
701 3352 836 3405 ultra
867 3353 1046 3407 Socios
1073 3352 1190 3406 fuit.
1227 3352 1417 3414 Electa,
1454 3352 1639 3423 inquit.
1673 3352 1803 3418 Sila,
1838 3363 1884 3407 et
1916 3354 2076 3406 tradi-

489 3452 571 3496 tus
599 3445 776 3513 gratia'
807 3445 919 3497 Dei.
949 3444 1085 3511 Quid
1118 3445 1217 3499 hoc
1243 3446 1366 3499 est?
1397 3444 1602 3498 Precati
1632 3454 1772 3509 sunt,
1810 3446 1919 3500 Deo
1949 3461 2074 3516 sup-

490 3533 774 3602 pliearunt.
830 3535 961 3590 Vide
1018 3535 1213 3605 ubique
1267 3536 1560 3589 orationem
1613 3535 1833 3591 fratrum
1884 3553 2074 3607 magna

489 3637 667 3691 posse.
714 3626 791 3678 Ac
826 3624 1078 3693 deinceps
1118 3626 1279 3695 pedes
1325 3627 1645 3692 ambulabat,
1693 3636 1749 3681 ut
1793 3629 1844 3682 in
1886 3630 2074 3683 itinere

490 3715 790 3771 videntibus
831 3733 890 3771 sc
922 3717 1229 3787 prodesset;
1263 3728 1315 3773 et
1353 3720 1473 3787 jure
1514 3720 1743 3788 quidem.
1780 3719 1911 3774 Nam
1952 3735 2070 3775 cum

491 3806 826 3875 festinarent,
857 3811 1204 3880 navigabant;
1230 3828 1372 3867 nunc
1400 3828 1524 3866 vero
1553 3829 1657 3866 non
1688 3815 1833 3867 item.
1871 3813 1936 3866 Et
1962 3828 2075 3867 ecce

490 3898 769 3967 discipulus
814 3902 1017 3970 quidam
1052 3912 1157 3955 erat
1194 3902 1303 3956 illic
1336 3904 1537 3956 nomine
1578 3901 1891 3965 Timotheus,
1937 3905 2074 3971 ﬁlius

492 3990 715 4044 mulieris
739 3991 939 4045 Judazte
967 3993 1152 4060 ﬁdelis,
1186 4003 1330 4062 patre
1355 3993 1551 4062 gentili.
1586 3993 1639 4046 2.
1681 3993 1812 4046 Huic
1843 3996 2071 4047 testimo-

492 4082 632 4133 nium
679 4082 863 4135 bonum
907 4084 1178 4138 reddebant
1217 4088 1420 4154 fratres,
1461 4087 1549 4154 qui
1589 4084 1757 4139 lconii
1792 4097 1838 4139 et
1879 4086 2073 4157 Lystris

492 4183 657 4227 erant.
702 4175 755 4229 5.
802 4174 952 4229 llunc
980 4177 1135 4230 voluit
1163 4175 1362 4230 Paulus
1390 4193 1559 4231 secum
1584 4180 1840 4247 proﬁcisci
1864 4195 1885 4232 :
1912 4188 1957 4232 et
1985 4198 2070 4233 as-

490 4282 688 4320 sumens
702 4268 1013 4321 circumcidit
1024 4284 1138 4321 eum
1155 4279 1361 4339 prapter
1388 4268 1617 4337 Juda'os,
1633 4272 1717 4340 qui
1734 4282 1873 4325 erant
1891 4273 1941 4326 in
1971 4273 2075 4326 illis

490 4357 634 4411 locis.
668 4356 905 4413 Sciebant
933 4361 1062 4413 enim
1079 4376 1250 4413 omnes
1275 4363 1409 4429 quod
1428 4373 1573 4432 pater
1592 4364 1699 4432 ejus
1720 4374 1827 4417 erat
1847 4364 2067 4434 gentilis.

564 4448 717 4502 Pauli
759 4451 1045 4518 prudentia.
1096 4451 1282 4504 Omnia
1326 4464 1535 4521 prosunt
1576 4454 1784 4507 sanctis.
1828 4484 1900 4493 —-
1939 4454 2074 4509 Vere

491 4548 709 4606 stupore
733 4539 890 4608 digna
920 4551 1000 4594 est
1026 4540 1175 4595 Pauli
1206 4542 1504 4609 prudentia.
1535 4542 1635 4609 Qui
1672 4552 1946 4612 tantopere
1974 4561 2072 4613 pu-

490 4640 745 4697 gnaverat
785 4642 1001 4700 propter
1041 4633 1501 4687 circumcisionem
1522 4673 1535 4696 ,
1565 4635 1652 4699 qui
1684 4636 1859 4687 omnia
1887 4651 2073 4691 move-

492 4731 594 4785 rat,
623 4732 676 4775 et
703 4738 806 4776 non
840 4723 985 4791 prius
1008 4724 1231 4786 destitit,
1259 4723 1431 4777 donec
1452 4740 1562 4777 rent
1595 4724 1910 4793 perliceret,
1938 4742 2072 4781 con-

466 4816 702 4898 ιιιινιιιαιο
727 4812 974 4883 dogmate
993 4855 1007 4879 ,
1037 4814 1369 4870 cireumeidit
1398 4814 1733 4885 discipulum.
1771 4816 1886 4872 Non
1915 4819 2074 4873 modo

493 4905 628 4959 alios
665 4923 769 4959 non
806 4907 1040 4972 cohibet,
1077 4908 1170 4961 sed
1199 4906 1302 4963 hoc
1327 4919 1380 4961 et
1411 4907 1525 4978 ipse
1563 4910 1706 4964 facit.
1738 4909 1879 4965 Nihil
1908 4912 2074 4966 Paulo

493 4995 811 5063 prudentius
839 5014 852 5049 :
882 5003 1058 5051 omnia
1082 5038 1099 5063 ,
1130 5008 1188 5052 ut
1220 4998 1580 5054 conducerent
1617 5011 1863 5069 spectans
1886 5044 1901 5067 ,
1945 5004 2072 5058 nihil

493 5099 697 5142 temere
732 5097 789 5141 et
824 5104 890 5142 ex
921 5089 1259 5157 praejudicata
1286 5090 1537 5160 opinione
1572 5093 1781 5161 agebat.
1816 5093 1966 5147 Hunc
1989 5111 2077 5148 vo-

490 5181 585 5233 luit
608 5222 623 5241 ,
663 5180 833 5248 inquit
853 5221 866 5243 ,
898 5196 1068 5235 secum
1105 5183 1377 5250 proﬁcisci.
1411 5182 1522 5238 Hoc
1555 5184 1797 5239 mirabile
1820 5194 1903 5239 est
1931 5185 2071 5256 quod

490 5273 841 5340 assuntpscrit
867 5288 1011 5327 cum.
1056 5273 1269 5343 Propter
1292 5273 1504 5329 ludam
1524 5317 1538 5337 ,
1571 5276 1777 5346 inquit,
1818 5279 1905 5344 qui
1932 5290 2075 5333 erant

488 5364 540 5416 in
566 5364 672 5418 illis
702 5363 845 5418 locis.
872 5364 1022 5438 [llaec
1042 5381 1199 5420 eausa
1220 5367 1634 5421 circtnncidendi
1674 5367 1790 5440 fuit]
1819 5371 1896 5438 (ιι)
1922 5386 1934 5421 :
1966 5386 2072 5423 non

489 5457 632 5508 enim
681 5457 928 5510 tulissent
968 5456 1154 5511 audire
1195 5459 1416 5512 verbum
1462 5458 1530 5513 ab
1575 5459 1966 5515 incircumciso.
2010 5461 2074 5517 Et

490 5548 624 5599 cur?
653 5544 783 5603 Vide
815 5549 1131 5618 praclarum
1159 5564 1294 5619 opus
1322 5568 1334 5603 :
1362 5550 1731 5620 circumcidit,
1764 5560 1821 5607 ιιι
1843 5552 2073 5607 circum-

557 5723 634 5783 (a)
653 5726 843 5775 Uncinis
864 5725 1027 5777 clausa
1043 5728 1225 5779 desunt
1249 5730 1297 5779 in
1318 5742 1435 5779 uno.

1224 301 1282 358 S.
1320 301 1597 358 JOANNlS
1631 297 2106 357 CHRYSOSTOMI
2147 297 2464 356 ARCHIEP.
2504 301 3036 361 CONSTANTINOP.

3673 315 3780 372 918

2190 417 2447 472 cisionem
2474 418 2688 474 tolleret
2717 439 2730 473 :
2756 420 3002 491 dogmata
3033 422 3173 477 enim
3206 425 3529 495 prtedicabat
3565 444 3781 501 aposto-

2184 508 2381 565 lorum.
2403 508 2597 565 Viden’
2616 526 2868 581 pugnam,
2886 521 2943 568 et
2959 528 3054 584 per
3079 531 3310 587 pugnam
3334 520 3785 580 mdilicationem?

2181 601 2297 656 Non
2338 602 2407 656 ab
2432 603 2553 657 aliis
2591 604 3077 673 impngnabantur;
3124 610 3219 665 sed
3250 611 3349 681 ipsi
3388 615 3660 669 contraria
3708 618 3784 670 fa-

2182 692 2421 760 cientes,
2453 694 2523 748 ita
2555 695 2849 749 Ecclesium
2876 697 3233 754 mdilicabant.
3262 701 3460 771 Dogma
3487 704 3783 762 offerebant

2184 800 2288 837 non
2336 786 2792 851 eircumcidendi,
2825 796 2880 842 et
2906 788 3260 846 circumcidit.
3306 794 3373 847 Et
3413 796 3779 866 abundabant,

2183 874 2391 944 inquit,
2423 893 2632 930 numero
2665 878 2907 947 quotidie.
2941 878 3191 935 Vidistin'
3221 884 3503 940 utilitatem
3544 889 3777 943 circnm-

2186 966 2444 1020 cisionis?
2475 967 2679 1022 Deinde
2709 984 2815 1022 non
2860 980 3101 1025 moratur
3144 973 3251 1039 ibi,
3282 976 3478 1045 quippe
3508 978 3598 1047 qni
3650 981 3783 1034 visi-

2182 1058 2326 1111 tandi
2378 1059 2546 1128 gratia
2592 1061 2873 1126 venisset;
2931 1062 3025 1117 sed
3083 1065 3250 1134 quid?
3306 1065 3455 1121 Ultra
3519 1072 3776 1137 procedit.

2181 1149 2236 1203 4.
2267 1147 2391 1201 Cant
2417 1159 2583 1203 autent
2612 1153 2979 1220 pertransirent
3003 1153 3227 1209 civitates
3246 1196 3261 1221 ,
3290 1157 3554 1212 tradebant
3584 1162 3655 1214 eis
3680 1178 3776 1215 cu-

2178 1239 2367 1291 stodire
2380 1239 2639 1309 dogmata,
2664 1257 2776 1309 qua:
2798 1251 2942 1295 erant
2969 1244 3168 1298 decreta
3194 1246 3256 1298 ab
3277 1248 3520 1315 apostolis
3539 1259 3586 1303 et
3614 1254 3779 1306 senio-

2180 1327 2345 1391 ribus,
2386 1330 2472 1398 qui
2513 1341 2655 1382 eram
2682 1331 2734 1383 in
2758 1329 3067 1387 Jerusalem.
3097 1335 3150 1388 5.
3177 1334 3361 1405 Itaque
3387 1336 3627 1393 Ecclesite
3654 1357 3776 1394 con-

2180 1420 2513 1486 ﬁrmabantur
2565 1422 2704 1490 ﬁde,
2770 1431 2816 1475 et
2867 1424 3189 1480 abundabant
3258 1444 3467 1484 numero
3533 1435 3775 1501 quotidie.

2182 1509 2235 1563 6.
2269 1508 2607 1565 Transeuntes
2650 1522 2817 1567 autem
2848 1512 3132 1585 Phrygiam
3159 1528 3205 1571 et
3249 1517 3466 1574 Galatia:
3501 1523 3774 1593 regionem,

2182 1602 2423 1670 prohibiti
2447 1620 2477 1654 a
2515 1603 2715 1672 Spiritu
2746 1616 2919 1659 sancto
2947 1607 3085 1677 loqui
3115 1609 3314 1662 verbum
3345 1611 3397 1663 in
3427 1613 3582 1678 Asia,
3612 1614 3663 1669 6.
3692 1633 3776 1670 re-

2181 1692 2302 1744 licta
2334 1691 2564 1762 Phrygia
2591 1703 2637 1747 et
2668 1694 2872 1749 Calatia
2891 1737 2905 1761 ,
2938 1697 2991 1750 in
3021 1699 3234 1752 mediam
3274 1703 3528 1771 regionem
3560 1706 3774 1774 [estina-

2180 1780 2320 1835 bant.
2354 1784 2406 1836 7.
2433 1783 2556 1837 Cum
2588 1786 2835 1839 venissent
2863 1798 3030 1841 autem
3059 1789 3112 1841 in
3141 1789 3381 1859 Mysiam,
3416 1797 3675 1850 tentabant
3697 1800 3773 1853 ire

2184 1878 2237 1929 in
2265 1876 2581 1949 Bithyniam,
2609 1890 2655 1933 et
2680 1897 2779 1933 non
2814 1882 3035 1949 permisit
3065 1900 3148 1937 eos
3176 1883 3418 1953 Spiritus.
3444 1887 3619 1953 Quare
3650 1905 3774 1957 pro-

2182 1967 2331 2022 hibiti
2360 1969 2572 2023 fuerunt
2598 1985 2700 2024 non
2733 1971 2882 2038 dicit,
2904 1972 2995 2026 sed
3026 1980 3226 2026 tantum
3256 1975 3552 2043 prohibitos
3584 1978 3770 2045 fuisse,

2183 2074 2282 2113 nos
2309 2060 2506 2115 docens
2538 2071 2594 2114 ut
2634 2062 2807 2115 solum
2837 2063 3285 2132 obtemperetnus,
3320 2081 3419 2120 nec
3455 2082 3643 2122 causas
3690 2071 3771 2123 in-

2183 2154 2493 2223 quiramus;
2525 2154 2921 2225 ostendensque
2958 2154 3081 2208 illos
3128 2156 3291 2209 tnulta
3344 2158 3576 2211 humano
3622 2176 3774 2215 more

2182 2244 2391 2299 fecisse.
2426 2246 2478 2299 8.
2516 2243 2643 2299 Cum
2672 2255 2845 2299 autem
2870 2248 3258 2315 pertransissent
3285 2246 3527 2317 Mysiam,
3570 2250 3777 2305 descen-

2182 2336 2364 2390 derunt
2393 2336 2661 2390 Troadem.
2696 2338 2748 2393 9.
2786 2338 2850 2389 Et
2878 2338 3001 2390 visio
3032 2355 3123 2408 per
3150 2348 3343 2392 noctem
3376 2338 3543 2393 Paulo
3573 2352 3776 2395 ostensa

2181 2438 2254 2481 est
2283 2444 2302 2482 :
2338 2427 2426 2481 Vir
2453 2428 2660 2499 quidam
2690 2441 2797 2482 erat
2831 2429 3042 2483 Macedo
3071 2439 3211 2484 stans
3230 2473 3244 2495 ,
3274 2432 3549 2502 deprecans
3579 2451 3693 2489 eum
3726 2446 3773 2488 et

2179 2520 2371 2587 dicens,
2416 2520 2692 2575 Transiens
2741 2524 2794 2574 in
2848 2521 3223 2589 Macedoniam,
3272 2524 3459 2595 adjut-a
3509 2543 3617 2581 nos.
3663 2527 3775 2583 Cur

2180 2614 2335 2680 visio,
2362 2625 2415 2670 et
2443 2629 2539 2669 cur
2566 2614 2793 2683 Spiritus
2821 2624 3035 2669 sanctus
3063 2616 3175 2684 ipse
3197 2631 3299 2670 non
3323 2618 3481 2686 jussit
3505 2619 3527 2671 ?
3554 2618 3779 2675 Volebat

2180 2719 2276 2759 eos
2309 2705 2409 2760 hoc
2434 2720 2646 2776 quoque
2673 2704 2833 2760 modo
2859 2706 3149 2762 attrahere.
3184 2708 3390 2762 Etenim
3419 2709 3618 2765 sanetis
3644 2727 3781 2779 quo-

2181 2814 2289 2866 que
2333 2799 2567 2853 visiones
2617 2814 2711 2866 per
2753 2799 3019 2854 somnium
3068 2808 3431 2869 apparuerunt
3471 2820 3484 2855 2
3527 2810 3578 2855 et
3624 2802 3781 2859 initio

2180 2905 2395 2959 quoque
2426 2891 2541 2959 ipse
2578 2891 2840 2945 visionem
2872 2890 3057 2945 habuit
3085 2893 3317 2945 hominis
3352 2892 3695 2961 ingredientis
3722 2903 3781 2949 et

2180 2982 2503 3051 itnponeutis
2531 2983 2629 3038 sibi
2658 2999 2876 3038 manus.
2913 2983 3113 3039 Deinde
3133 2983 3253 3039 ideo
3280 2985 3452 3054 ipsum
3482 2985 3572 3038 illo
3592 2986 3774 3053 trahit,

2181 3087 2240 3129 ut
2287 3076 2598 3145 prcedicatio
2636 3075 3039 3131 cxtettderetur.
3083 3077 3330 3147 Alioquin
3384 3090 3512 3133 vero
3557 3093 3631 3147 pr:
3656 3090 3777 3148 pter

2183 3167 2284 3222 hoc
2324 3166 2639 3237 prohibetur
2683 3169 2881 3223 morari
2929 3169 2980 3222 in
3023 3168 3145 3223 aliis
3186 3169 3510 3235 civitatibus,
3564 3169 3779 3225 Christo

2183 3258 2354 3328 ipsum
2381 3271 2618 3328 urgente.
2645 3257 2707 3313 Hi
2733 3275 2962 3331 namque
2982 3260 3187 3315 Joanne
3210 3260 3419 3315 frnitnri
3437 3271 3589 3317 erant
3609 3262 3780 3317 multo

2182 3359 2439 3418 tempore,
2469 3358 2522 3403 et
2542 3348 2771 3405 fortasse
2802 3365 2906 3405 non
2939 3351 3161 3405 multum
3192 3351 3459 3406 habebant
3484 3368 3651 3423 opus;
3682 3354 3778 3407 illo

2180 3451 2355 3495 autem
2401 3443 2631 3512 migrare
2678 3444 2980 3510 oportebat.
3033 3444 3099 3498 Et
3145 3446 3511 3512 pertransiens
3556 3446 3774 3500 dennnn

2182 3533 2559 3602 proﬁciscitur.
2592 3533 2676 3587 ll).
2712 3532 2782 3587 Ut
2822 3543 2987 3588 autem
3017 3538 3177 3587 visum
3207 3535 3363 3603 vidit,
3393 3538 3562 3590 statim
3589 3537 3777 3606 (μιωεὶ-

2178 3626 2339 3677 vimus
2361 3625 2612 3693 proﬁcisci
2631 3624 2682 3677 in
2706 3622 3081 3690 Macedoniam,
3108 3627 3229 3679 certi
3251 3628 3372 3694 facti
3393 3627 3528 3698 quod
3555 3638 3778 3682 vocasset

2180 3731 2272 3769 nos
2325 3714 2464 3769 Deus
2512 3718 2861 3787 euangelizare
2906 3719 2995 3772 eis.
3042 3719 3129 3772 ll.
3177 3716 3489 3789 Navigantes
3538 3729 3703 3773 autem
3742 3736 3779 3773 α

2179 3806 2384 3861 Troade
2422 3818 2557 3861 recto
2603 3824 2750 3861 cursu
2791 3808 3016 3862 venimus
3052 3809 3103 3861 in
3137 3809 3564 3876 Samothraciam,
3607 3819 3654 3862 et
3690 3825 3778 3863 se-

2178 3900 2353 3967 quenti
2396 3898 2479 3952 die
2521 3897 2817 3965 Neapolim,
2866 3897 2950 3952 12.
2994 3907 3039 3953 ct
3085 3899 3200 3953 inde
3234 3898 3516 3969 Philippos,
3548 3915 3663 3969 qua:
3700 3909 3777 3953 est

2179 3976 2344 4058 prima
2370 3989 2530 4059 partis
2563 3988 2880 4043 Macedonia:
2896 3991 3089 4053 civitas,
3118 3993 3336 4044 colonia.
3363 3989 3582 4045 Eramus
3603 4001 3777 4044 autem

2177 4081 2230 4132 in
2261 4079 2355 4132 hac
2384 4081 2504 4132 urbe
2536 4078 2710 4134 diebus
2752 4080 2943 4151 aliquot
2991 4086 3319 4152 conferentes.
3362 4082 3450 4136 Sic
3490 4083 3562 4137 illi
3603 4084 3767 4137 etiam

2177 4170 2420 4226 Christus
2449 4180 2669 4241 apparet
2695 4171 2909 4239 dicens,
2953 4172 3141 4227 Ctesari
3186 4184 3232 4227 te
3269 4185 3465 4242 oportet
3490 4175 3601 4229 sisti
3627 4173 3764 4248 (Act.

2177 4260 2268 4314 27.
2319 4260 2434 4332 24).
2492 4261 2694 4317 Deinde
2760 4262 2873 4316 loca
2926 4273 3207 4328 recenset,
3262 4264 3540 4319 historiam
3579 4266 3778 4336 quippe

2181 4362 2390 4421 texens,
2418 4364 2471 4408 et
2501 4355 2791 4410 ostendens
2816 4355 3030 4410 ubinam
3064 4369 3303 4411 moratus
3333 4360 3434 4424 sit;
3470 4360 3776 4430 indicatque

2182 4443 2330 4498 illum
2360 4446 2411 4499 in
2441 4446 2733 4516 majoribus
2755 4456 3044 4513 moratum,
3073 4448 3204 4501 alias
3226 4450 3570 4519 praeteriisse.
3600 4450 3780 4519 Digni-

2182 4547 2262 4592 tas
2291 4550 2372 4593 est
2409 4541 2643 4595 civitatis
2686 4541 2950 4596 coloniam
2997 4556 3135 4595 esse.
3171 4542 3275 4596 Sed
3308 4544 3584 4614 supr-riora
3617 4561 3776 4613 repe-

2182 4641 2379 4688 tamus.
2411 4634 2794 4689 NeceSsitatem
2825 4634 3083 4690 Barnabze
3112 4635 3357 4705 impenit,
3386 4636 3610 4692 dicens:
3647 4636 3778 4690 Visi-

2180 4733 2344 4779 temus
2369 4726 2614 4791 civitates,
2643 4728 2693 4781 in
2724 4727 2904 4796 quibus
2928 4727 3344 4781 annuntiaoimus
3374 4730 3595 4783 verbum.
3626 4729 3776 4783 Licet

2184 4830 2290 4867 non
2320 4826 2592 4884 Oporteret
2618 4831 2805 4886 rogare
2842 4832 2963 4871 eum
2988 4858 3003 4882 ,
3035 4832 3193 4887 quem
3223 4826 3404 4887 postea
3429 4828 3775 4873 accusaturus

2178 4918 2269 4957 era
2276 4913 2316 4956 ι.

2251 4994 2306 5047 4.
2344 4993 2526 5046 Adhuc
2555 4995 2619 5048 de
2646 4996 2967 5063 separatione
2996 4994 3154 5051 Pauli
3179 5007 3226 5051 et
3252 4995 3521 5051 Barnabas.
3550 5024 3623 5036 -—
3658 4995 3774 5050 lloc

2179 5086 2343 5141 etiam
2383 5085 2526 5141 circa
2575 5087 2739 5142 Deum
2788 5098 2843 5142 et
2888 5088 3124 5159 Moysem
3168 5090 3410 5161 legimus.
3463 5087 3553 5142 Ille
3584 5097 3771 5155 rogat,

2183 5178 2322 5232 Deus
2352 5178 2621 5243 irascitur;
2654 5190 2709 5232 ιιι
2733 5180 2946 5248 quando
2972 5179 3101 5235 dicit
3130 5198 3145 5235 :
3176 5179 3239 5236 Si
3260 5190 3401 5251 pater
3417 5180 3528 5249 ejus
3549 5179 3777 5248 περιξε-

2180 5277 2252 5321 set
2277 5269 2328 5321 in
2360 5269 2541 5339 [aciem
2566 5272 2675 5340 ejus
2704 5269 2892 5341 (Num.
2931 5270 3015 5326 η.
3049 5272 3170 5341 M);
3198 5281 3252 5327 et
3278 5286 3489 5326 rursum
3514 5311 3529 5337 ,
3564 5270 3776 5323 Dimitte

2180 5376 2279 5426 me,
2310 5370 2359 5414 et
2384 5362 2543 5415 iratus
2573 5362 2745 5416 delebo
2776 5364 3019 5433 populum
3047 5364 3179 5417 hunc
3207 5363 3403 5434 (Exod.
3436 5362 3525 5418 52.
3563 5360 3693 5428 52);
3726 5368 3780 5414 et

2180 5451 2397 5507 Samuel
2424 5452 2636 5522 quando
2666 5455 2876 5525 lugebat
2902 5456 3114 5510 Samen:
3143 5457 3220 5524 (l.
3259 5456 3384 5527 Reg.
3418 5457 3503 5511 15.
3523 5454 3615 5527 35)
3643 5472 3659 5510 :
3686 5468 3782 5523 per

2181 5554 2466 5615 utrumque
2491 5548 2633 5601 enim
2658 5563 2846 5617 magna
2873 5550 3123 5603 eveniunt
3147 5548 3307 5602 bona.
3337 5549 3427 5603 Sic
3451 5561 3503 5603 et
3527 5563 3666 5601 nunc
3687 5546 3781 5599 ille

2182 5636 2429 5691 irascitur
2448 5679 2462 5702 ,
2496 5638 2590 5692 sed
2620 5655 2725 5692 non
2755 5640 2873 5694 iste.
2903 5639 3015 5693 Hoc
3034 5639 3174 5707 apud
3206 5656 3305 5694 nos
3332 5641 3457 5695 item
3485 5638 3683 5694 evenit.
3711 5637 3783 5693 Et

2180 5727 2446 5784 dissensio
2478 5729 2720 5800 apposite
2740 5770 2754 5797 ,
2800 5738 2855 5786 ut
2896 5732 2985 5785 ille
3011 5732 3349 5801 erudiretur,
3382 5746 3479 5786 nec
3505 5730 3783 5786 videretur
