4104 6148
383 335 487 390 247
1350 337 1418 393 IN
1457 337 1639 403 ACTA
1676 330 2454 397 APOSTULORUMJIOMIL.
2495 338 2732 397 XXXIV.
3686 343 3789 396 ΞΗ

377 454 471 509 καὶ
507 452 711 527 σφόδρα
742 454 934 522 μέγας.
970 453 1116 505 Πάνυ
1145 452 1201 505 δέ
1225 452 1421 522 ὠφέλει
1449 452 1541 506 τὸν
1574 452 1803 523 Μάρκον
1826 452 1859 511 ἡ
1889 450 2036 519 μάχη

374 541 535 611 αῦτη.
568 542 642 594 Τὸ
672 542 770 612 μὲν
815 540 924 611 γάρ
964 540 1178 594 Παύλου
1207 541 1436 613 φοϐερὸν
1464 540 1798 611 ἐπέστρεψεν
1831 536 1993 591 αὐτὸν
2015 576 2032 599 ,

371 636 436 689 τδ
462 632 519 685 δὲ
547 630 803 700 Βαρνάϐα
846 630 1085 701 χρηστὸν
1130 631 1303 683 ἐποίει
1355 631 1549 701 μηκέτι
1591 627 1982 698 ἀπολειφθῆναι
2010 640 2022 654 '

2153 448 2252 518 Ὧς
2278 453 2346 505 δὲ
2375 454 2791 525 διεπορεύοντο
2818 458 2921 524 τὰς
2945 460 3175 526 πόλεις,
3200 459 3561 527 παρεδίδουν
3587 465 3791 541 αὐτοῖς

2139 541 2484 609 φυλάσσειν
2518 547 2591 599 τὰ
2628 545 2889 616 δόγματα
2924 547 2996 600 τὰ
3020 549 3334 616 κεκριμένα
3363 550 3479 604 ὑπὸ
3503 550 3621 606 τῶν
3644 553 3792 607 ἀπο·

2140 632 2379 683 στόλων
2401 632 2499 687 καὶ
2526 632 2644 687 τῶν
2665 635 3080 704 πρεσϐυτέρων
3108 635 3226 689 τῶν
3265 638 3334 691 ἑν
3379 638 3790 712 Ἰερουσαλήμ.

375 719 513 774 ὥστε
539 719 803 790 μάχονται
827 719 946 789 μὲν,
978 718 1115 789 πρὸς
1145 718 1203 771 ἐν
1237 718 1292 771 δὲ
1319 718 1470 782 τέλος
1494 718 1711 787 ἀπαντᾷ
1739 716 1800 769 τὸ
1822 716 2033 786 κέρδος.
2068 712 2109 779 δ
2137 716 2207 769 Al
2228 715 2345 785 μὲν
2365 712 2479 772 οὖν
2517 719 2873 787 Ἐκκλησίαι
2900 721 3283 790 ἐστερεοῦντο
3310 724 3386 794 τῇ
3426 727 3657 792 πίστει,
3692 718 3792 781 καί

375 809 484 865 Kal
521 806 630 879 γὰρ
669 804 887 861 Παῦλον
922 805 1066 878 ὁρῶν
1098 805 1420 877 αἱρούμενον
1448 802 1771 871 ἀποστῆναι,
1804 805 1944 858 πάνυ
1970 805 2036 857 ἂν

376 895 611 967 ἐφοϐήθη
659 896 756 949 καὶ
808 894 1057 962 κατέγνω
1097 893 1291 948 ἐαυτοῦ
1316 912 1330 925 ο
1377 894 1472 948 καὶ
1532 892 1695 948 πάλιν
1747 892 2034 965 Βαρνάϐαν

375 982 515 1055 ὀρῶν
544 982 716 1045 οὕτως
743 980 906 1036 αὑτοῦ
926 981 1462 1053 άντεχόμενον,πάνυ
1492 981 1558 1035 ἂν
1582 981 1743 1034 αὑτὸν
1771 980 1995 1051 ἐφίλησε
2015 996 2028 1012 ο

374 1070 465 1123 ml
490 1067 826 1140 διωρθοῦτοό
847 1068 1093 1141 μαθητὴς
1121 1068 1330 1140 διαιτῆς
1352 1070 1532 1140 μάχης
1554 1069 1662 1122 τῶν
1677 1068 2027 1123 διδασκάλων’

370 1156 622 1212 τοσοῦτον
672 1158 862 1228 ἀπεῖχε
908 1157 1003 1211 τοῦ
1062 1158 1536 1229 σκανδαλισθῆναι.
1572 1157 1633 1211 Εἰ
1672 1157 1769 1228 μὲν
1810 1155 1919 1228 γὰρ
1944 1157 2033 1211 διὰ

370 1248 470 1317 τὴν
501 1249 583 1311 είς
618 1247 845 1311 ἑαυτοὺς
876 1247 1046 1318 τιμὴν
1084 1246 1239 1309 τοῦτο
1270 1246 1573 1318 ἔπραττον,
1601 1246 1823 1308 εἰκότως
1853 1262 1867 1275 θ
1896 1246 1945 1298 εί
1974 1245 2033 1299 δὲ

368 1336 458 1389 διὰ
482 1337 580 1406 τὴν
609 1335 776 1390 αὐτοῦ
805 1336 1101 1407 σωτηρίαν,
1136 1336 1232 1390 καὶ
1263 1335 1331 1388 δι’
1364 1334 1422 1389 ἐν
1458 1334 1856 1405 φιλονεικοῦσιν
1888 1333 2030 1388 ὥστε

368 1423 540 1488 δεῖξαι
586 1424 677 1479 τὸν
722 1424 1031 1494 τιμήσαντα
1076 1424 1238 1478 αὐτὸν
1273 1423 1452 1488 καλῶς
1486 1421 1907 1494 βεϐουλευμένον
1930 1465 1944 1489 ,
1980 1423 2032 1477 τί

367 1511 565 1566 ἄτοπον
581 1527 597 1576 ;

435 1606 504 1668 γ’.
524 1598 667 1671 Ὅρα
681 1598 781 1671 τὴν
798 1600 1012 1653 σύνεσιν
1025 1599 1119 1654 τοῦ
1134 1578 1368 1654 Παύλου·
1387 1600 1448 1654 οὐ
1469 1598 1733 1671 πρότερον
1761 1598 1846 1652 ἐπ’
1867 1598 2030 1663 ἄλλας

365 1686 586 1759 ἔρχεται
618 1687 824 1752 πόλεις,
855 1686 985 1757 πρὶν
1012 1689 1045 1759 ἢ
1072 1687 1169 1752 τὰς
1190 1686 1485 1759 δεξαμένας
1510 1688 1604 1741 τὸν
1631 1686 1789 1756 λόγον
1811 1686 2033 1741 ἐπισκέ-

364 1774 583 1843 ψασθαι.
608 1774 890 1844 Διήρχετο
910 1774 980 1827 δὲ
1000 1773 1116 1841 τὴν
1139 1774 1363 1843 Συρίαν
1380 1774 1477 1828 καί
1493 1774 1769 1829 Κιλικίαν
1786 1774 2030 1842 ἐπιστη-

359 1861 535 1933 ρίζων
561 1862 670 1927 τὰς
710 1863 1097 1929 Ἐκκλησίας.
1148 1860 1503 1930 Κατήντησε
1554 1861 1624 1916 δὲ
1669 1864 1758 1929 εἰς
1806 1862 2031 1932 Δέρϐην

364 1953 459 2005 καί
508 1952 813 2020 Λύστραν.
865 1951 975 2005 Kal
1021 1949 1130 2021 γὰρ
1180 1951 1368 2015 ἀνοίας
1417 1952 1565 2005 ἐστὶν
1616 1953 1737 2022 εἰκῇ
1789 1951 2024 2024 τρέχειν.

365 2036 535 2093 Τοῦτο
565 2039 660 2092 ml
694 2039 855 2109 ἡμεῖς
883 2038 1126 2109 ποιῶμεν
1154 2053 1168 2068 ⁸
1190 2039 1317 2101 τοὺς
1347 2036 1595 2111 πρώτους
1626 2038 2027 2110 πρῶτονιπαι-

363 2126 611 2197 δεύωμεν
636 2165 649 2189 ,
704 2126 792 2180 ἵνα
844 2126 922 2196 μὴ
969 2118 1113 2179 οὗτοι
1158 2127 1414 2198 ἐμπόδιον
1449 2127 1703 2195 γίνωνται
1736 2129 1849 2192 τοῖς
1888 2130 2029 2199 μετὰ

366 2213 561 2267 ταῦτα.
599 2212 1109 2282 Ἑπισκεψώμεθα,
1160 2215 1313 2284 φησὶ,
1363 2212 1507 2282 τοὺς
1551 2215 1853 2286 ἀδελφοὺς
1904 2215 2028 2283 πῶς

365 2300 602 2369 ἔχουσι.
626 2300 733 2353 Καὶ
762 2300 920 2354 τοῦτο
947 2301 1129 2369 ἠγνόει
1162 2302 1406 2368 εἰκότως,
1433 2303 1518 2355 ἵνα
1536 2301 1706 2357 ἐλθὼν
1728 2303 1853 2367 τοὺς
1876 2303 2027 2357 ἀδελ-

361 2389 498 2457 φοὺς
535 2388 917 2459 ἐπισκέψηται.
945 2390 1086 2461 Ὅρα
1115 2390 1278 2444 αὐτὸν
1308 2391 1394 2443 ἀεὶ
1419 2390 1839 2462 διεγηγερμένον
1858 2432 1873 2456 ,
1929 2409 2026 2461 με·

360 2477 657 2548 ριμνῶντα,
717 2478 819 2531 οὐκ
865 2478 1188 2549 ἀνεχόμενον
1236 2478 1523 2551 καθῆσθαι,
1571 2481 1747 2535 καίτοι
1797 2480 2025 2553 μυρίους

361 2567 597 2638 ὑπέμενε
629 2566 927 2630 κινδύνους.
947 2567 1110 2639 Ὁρᾷς
1129 2608 1143 2629 ,
1172 2568 1256 2621 ὅτι
1282 2568 1341 2621 οὐ
1372 2568 1573 2632 δειλίας
1598 2565 1665 2640 ἦν
1699 2569 1757 2622 τὸ
1787 2571 1866 2632 εἰς
1907 2570 2024 2623 Ἀν-

359 2656 596 2726 τιόχειαν
627 2655 837 2723 ἐλθεῖν;
874 2655 1142 2727 Καθάπερ
1171 2656 1280 2727 γὰρ
1309 2656 1490 2725 ἰατρὸς
1522 2658 1616 2710 ἐπὶ
1641 2658 1766 2720 τοὺς
1797 2658 2024 2728 κάμνον-

358 2759 455 2806 τας
478 2742 646 2815 ἀπῄει
670 2782 685 2806 ,
712 2744 808 2797 καὶ
847 2743 947 2814 τὴν
975 2742 1220 2814 ἀνάγκην
1246 2743 1347 2812 τῆς
1387 2744 1725 2814 ἐπισκέψεως
1755 2745 2023 2816 ἐδήλωσεν

358 2829 547 2892 εἰπὼν,
586 2831 691 2884 Ἐν
712 2825 808 2896 αἷς
830 2831 1305 2900 κατηγγείλαμεν
1335 2830 1443 2883 τὸν
1471 2832 1676 2902 λόγον.
1723 2832 1959 2903 Ἀπέστη
1992 2834 2022 2888 6

357 2916 669 2990 Βαρνάϐας,
707 2920 801 2972 ml
835 2918 1019 2972 οὐκέτι
1052 2917 1332 2989 συνῆλθεν.
1353 2919 1836 2990 Ἐπιλεξάμενος,
1864 2921 2020 2993 φησὶ,

355 3006 464 3061 τὸν
501 3007 712 3071 Σίλαν,
740 3008 836 3060 καὶ
868 3008 1217 3076 παραδοθεὶς
1269 3006 1346 3077 τῇ
1373 3008 1565 3078 χάριτι
1603 3008 1709 3063 τοῦ
1734 3009 1900 3064 Θεοῦ.
1956 3009 2022 3063 Τί

356 3093 517 3148 τοῦτό
555 3095 733 3160 ἐστιν;
763 3094 1023 3163 Ηῦξαντο,
1059 3098 1243 3167 φησὶν,
1276 3097 1572 3168 ἐδεήθησαν
1594 3097 1687 3151 τοῦ
1714 3097 2022 3170 Θεοῦ.”ορα

357 3181 639 3252 πανταχοῦ
655 3182 863 3251 μεγάλα
873 3183 1173 3254 δυναμένην
1183 3185 1282 3256 τὴν
1293 3185 1459 3256 εὐχὴν
1473 3186 1582 3239 τῶν
1592 3185 1607 3257 ἰ
1617 3184 1743 3257 265]
1756 3185 2018 3256 ἀδελφῶν.

356 3271 473 3325 Kal
492 3269 678 3323 λοιπὸν
695 3271 830 3342 πεζῇ
851 3270 1038 3339 ὥδευε,
1057 3273 1149 3326 ml
1170 3272 1259 3328 διά
1287 3273 1387 3343 τῆς
1410 3274 1715 3345 ὁδοιπορίας
1743 3273 2021 3346 ὠφελῆσαι

353 3360 482 3425 τοὺς
510 3358 754 3430 ὁρῶντας
774 3358 1095 3432 βουλόμενος
1120 3378 1135 3392 ·
1166 3362 1548 3426 εἰκότως.”οτε
1572 3364 1673 3435 μὲν
1693 3363 1802 3435 γὰρ
1828 3365 2022 3421 ἐσπευ-

352 3447 459 3512 δον,
487 3446 679 3502 ἔπλεον
697 3467 711 3481 υ
740 3448 835 3502 νῦν
865 3449 923 3502 δὲ
950 3450 1050 3504 οὐκ
1080 3449 1181 3504 ἐτι.
1214 3450 1326 3504 Καὶ
1360 3451 1490 3505 ἰδοὺ
1520 3453 1797 3521 μαθητής
1821 3473 1912 3522 τις
1944 3452 2023 3526 ἦν

354 3538 480 3593 ἐκεῖ
502 3540 747 3609 ὀνόματι
776 3543 1049 3609 Τιμόθεος
1069 3582 1084 3607 ,
1113 3542 1243 3608 υίὸς
1274 3543 1560 3611 γυναικὸς
1600 3545 1882 3613 Ἰουδαίας
1936 3564 2022 3602 πι-

352 3626 526 3696 στῆς,
550 3627 775 3697 πατρὸς
799 3628 870 3681 δὲ
894 3629 1202 3695 ’Ἕλληνος
1220 3646 1233 3660 ’
1256 3629 1324 3696 ὃς
1347 3631 1730 3700 ἐμαρτυρεῖτο
1758 3635 1880 3689 ὑπὸ
1902 3634 2022 3690 τῶν

352 3715 423 3768 ἐν
445 3716 744 3785 Λύστροις
771 3715 871 3770 καὶ
905 3717 1137 3784 Ἰκωνίῳ
1167 3715 1699 3786 ἀδελφῶν.Τοῦτον
1716 3720 2021 3789 ἠθέλησεν

354 3805 389 3856 ό
409 3804 652 3871 Παῦλος
682 3804 809 3859 σὺν
843 3803 1003 3869 αὐτῷ
1030 3804 1334 3869 ἐξελθεῖν
1361 3806 1460 3863 καί
1507 3805 1710 3860 λαϐὼν
1762 3810 2021 3877 περιέτε-

350 3906 462 3958 μεν
484 3889 673 3945 αὐτὸν
701 3890 799 3946 διὰ
840 3891 981 3956 τοὺς
1030 3891 1357 3954 Ἰουδαίους
1396 3892 1540 3960 τοὺς
1582 3893 1760 3961 ὄντας
1800 3895 1870 3949 ἐν
1896 3896 2021 3964 τοῖς

353 3981 555 4045 τόποις
583 3977 864 4044 ἐκείνοις.
905 3978 1172 4051 ’ῌδεσαν
1211 3978 1323 4050 τὰρ
1354 3980 1616 4048 ἅπαντες
1653 3982 1763 4036 τὸν
1797 3984 2020 4054 πατέρα

354 4066 557 4132 αὐτοῦ,
591 4064 682 4119 ὅτι
712 4066 954 4134 ’Ἑλλην
982 4065 1278 4137 ὑπῆρχεν.

424 4154 604 4218 ’Ἄξιον
632 4152 970 4224 ἐκπλαγῆναι
993 4152 1085 4207 τοῦ
1103 4154 1313 4208 Παύλου
1329 4155 1427 4227 τὴν
1455 4155 1688 4211 σύνεσιν.
1707 4159 1767 4212 ’0
1783 4160 2020 4215 τοσαῦτα

357 4244 735 4313 μαχεσάμενος
760 4243 888 4315 περί
916 4243 1016 4313 τῆς
1041 4246 1365 4316 περιτομῆς,
1393 4248 1421 4299 6
1448 4246 1624 4300 πάντα
1647 4249 1893 4315 κινήσας,
1923 4249 2017 4303 ml

355 4328 429 4399 μὴ
450 4329 714 4401 πρότερον
734 4329 996 4395 ἀποστάς,
1021 4331 1125 4395 ἓως
1145 4332 1232 4385 ὅτε
1260 4331 1610 4403 κατώρθωσε,
1627 4332 1720 4387 τοῦ
1751 4334 2015 4406 δόγματος

351 4416 708 4487 κυρωθέντος,
744 4419 1060 4490 περιτέμνει
1085 4419 1175 4472 τὸν
1207 4418 1474 4490 μαθητήν.
1505 4418 1582 4474 Ού
1614 4421 1775 4491 μόνον
1798 4422 2017 4493 ἐτέρους

349 4505 411 4557 οὐ
444 4504 664 4569 κωλύει,
697 4505 832 4561 ἀλλά
860 4506 954 4561 ml
973 4507 1137 4571 αὐτὸς
1157 4508 1316 4560 τοῦτο
1344 4506 1651 4579 ἐργάζεται.
1679 4508 1845 4562 Οὐδὲν
1867 4511 2018 4565 Παύ-

349 4591 441 4647 λου
468 4593 831 4668 συνετώτερον
856 4612 868 4625 ·
898 4594 1039 4649 ὥστε
1062 4594 1239 4649 πάντα
1273 4594 1409 4665 πρὸς
1434 4595 1496 4647 τὸ
1523 4595 1797 4667 συμφέρον
1826 4597 1972 4670 ἐώρα
1997 4615 2015 4633 ο

348 4681 498 4736 οὐδὲν
523 4683 713 4747 ἁπλῶς
742 4683 918 4737 ἐποίει
956 4684 1243 4756 προλήψει.
1279 4681 1501 4737 Τοῦτον
1520 4682 1806 4752 ἠθέλησε,
1830 4686 2014 4758 φησὶν,

346 4770 615 4834 ἐξελθεῖν
640 4771 763 4825 σὺν
782 4770 962 4837 αὐτῷ.
992 4772 1066 4825 Τὸ
1120 4769 1432 4840 θαυμαστὸν
1458 4771 1618 4825 τοῦτο
1637 4812 1651 4834 ,
1681 4773 1764 4825 ὅτι
1800 4775 1891 4828 ml
1921 4777 2016 4828 ἐπ-

347 4859 508 4928 ἠγετο
529 4859 717 4914 αὐτόν.
736 4858 839 4912 Διὰ
871 4858 1013 4926 τοὺς
1040 4859 1388 4931 Ἰουδαίους,
1408 4859 1562 4930 φησὶ,
1580 4858 1722 4927 τοὺς
1747 4860 1927 4929 ὄντας
1947 4864 2017 4918 ἐν

346 4947 470 5014 τοῖς
496 4948 708 5014 τόποις
736 4947 1014 5014 ἐκείνοις.
1041 4947 1190 5019 Αὕτη
1220 4951 1253 5019 ἡ
1286 4948 1435 5003 αἰτία
1464 4946 1560 5001 τοῦ
1588 4953 1910 5020 περιτεμεῖν
1934 4952 1962 4990 ι»
1995 4968 2011 4983 ο

2135 799 2536 867 ἐπερίσσευον
2556 814 2581 843 ι
2605 802 2686 868 τῷ
2722 802 2942 873 ἀριθμῷ
2983 807 3110 859 καθ’
3145 807 3393 874 ἡμέραν.
3447 811 3792 878 Διελθόντες

2135 886 2206 941 δὲ
2237 889 2354 957 τὴν
2378 890 2641 959 Φρυγίαν
2670 891 2769 945 καί
2791 892 2906 959 τὴν
2928 895 3280 961 Γαλατικὴν
3319 894 3547 965 χώραν,
3599 902 3792 954 κωλυ-

2135 976 2338 1045 θέντες
2356 979 2475 1032 ῠπὸ
2501 980 2608 1034 τοῦ
2626 980 2799 1049 ἁγίου
2825 982 3173 1049 Πνεύματος
3193 983 3462 1050 λαλῆσαι
3479 985 3583 1040 τὸν
3606 988 3791 1058 λόγον

2133 1065 2203 1119 ἐν
2218 1064 2293 1134 τῇ
2317 1067 2500 1135 Ἀσίᾳ,
2526 1069 2643 1136 τὴν
2661 1068 2924 1137 Φρυγίαν
2941 1069 3040 1123 καὶ
3065 1071 3180 1137 τὴν
3192 1073 3499 1126 Γαλατίαν
3519 1074 3789 1143 ἀφέντες,

2134 1157 2221 1219 εὶς
2243 1154 2358 1221 τὴν
2391 1158 2719 1226 μεσόγαιον
2766 1156 3086 1213 ἔσπευδον.
3132 1160 3445 1227 Ἐλθόντες
3483 1163 3633 1217 κατὰ
3676 1164 3793 1231 τὴν

2135 1244 2378 1297 Μυσίαν
2402 1243 2709 1314 ἐπείραζον
2734 1247 2821 1310 είς
2842 1247 2957 1320 τὴν
2980 1247 3267 1302 Βιθυνίαν
3296 1249 3670 1316 πορεύεσθαι,
3695 1249 3793 1304 καὶ

2134 1332 2247 1385 οὐκ
2278 1332 2487 1386 εἴασεν
2512 1333 2734 1400 αὐτοὺς
2767 1334 2833 1387 τὸ
2874 1335 3134 1405 Πνεῦμα.
3170 1334 3269 1388 Διά
3298 1336 3351 1389 τί
3388 1336 3486 1406 μὲν
3523 1333 3615 1390 οὖν
3658 1341 3793 1392 ἐκω-

2133 1419 2395 1493 λύθησαν,
2423 1423 2484 1475 οὐ
2520 1422 2669 1492 λέγει
2699 1441 2714 1453 ο
2746 1423 2828 1476 ὅτι
2851 1424 2908 1477 δὲ
2942 1423 3287 1495 ἐκωλύθησαν
3307 1467 3322 1491 ,
3353 1421 3495 1493 εἷπε,
3524 1426 3792 1481 παιδεύων

2133 1510 2281 1581 ἡμᾶς
2314 1508 2595 1565 πείθεσθαι
2634 1511 2790 1582 μόνον
2825 1513 2918 1566 ml
2965 1512 3041 1583 μὴ
3077 1512 3259 1582 ζητεῖν
3306 1513 3427 1577 τὰςι
3451 1514 3665 1579 αἰτίας,
3699 1514 3793 1567 ml

2132 1597 2366 1661 δεικνὺς,
2387 1599 2469 1652 ὃτι
2495 1598 2665 1653 πολλά
2696 1600 2789 1654 ml
2816 1600 3174 1673 ἀνθρωπίνως
3195 1601 3428 1655 ἐποίουν.
3458 1605 3795 1670 Παρελθόν-

2133 1704 2234 1753 τες
2257 1686 2325 1740 δὲ
2353 1689 2468 1755 τὴν
2492 1689 2735 1743 Μυσίαν
2758 1688 3101 1758 κατέϐησαν
3126 1692 3213 1754 εἰς
3246 1690 3499 1759 Τρωάδα.
3518 1690 3629 1745 Καὶ
3657 1690 3794 1759 δρα-

2126 1792 2214 1845 μα
2264 1775 2363 1829 διὰ
2406 1774 2515 1844 τῆς
2545 1775 2767 1843 νυκτὸς
2795 1776 2963 1846 ὤφθη
2993 1776 3075 1842 τῷ
3103 1778 3320 1844 Παύλῳ
3345 1795 3356 1807 ·
3387 1777 3554 1847 Ἀνήρ
3592 1796 3682 1845 τις
3714 1774 3793 1847 ἦν

2129 1862 2421 1917 Μακεδὼν
2466 1862 2660 1930 ἑστὼς
2681 1904 2695 1926 ,
2749 1864 3115 1934 παρακαλῶν
3161 1865 3350 1919 αὑτὸν
3409 1866 3508 1921 καί
3558 1866 3754 1935 λέγων
3776 1884 3791 1897 ’

2130 1951 2341 2018 Διαϐὰς
2363 1954 2451 2016 εἰς
2477 1951 2880 2017 Μακεδονίαν,
2913 1951 3232 2020 βοήθησον
3260 1951 3425 2020 ἡμῖν.
3454 1954 3554 2008 Διά
3580 1954 3634 2007 τί
3659 1954 3792 2025 ὅρα-

2133 2057 2211 2110 μα
2234 2081 2248 2101 ,
2279 2041 2375 2095 καὶ
2403 2040 2477 2111 μὴ
2506 2040 2567 2093 τὸ
2596 2040 2822 2111 Πνεῦμα
2865 2041 2926 2094 τὸ
2969 2041 3122 2109 ἆγιον
3157 2040 3473 2107 ἐκέλευσεν;
3511 2042 3792 2101 Ἐϐούλετο

2129 2129 2327 2190 αὐτοὺς
2355 2129 2448 2182 ml
2478 2126 2649 2193 οὕτως
2671 2128 3025 2196 ἐφέλκεσθαι·
3054 2128 3177 2184 ἐπεὶ
3199 2132 3291 2184 καὶ
3319 2133 3432 2194 τοῖς
3459 2130 3635 2200 ἁγίοις
3658 2130 3791 2203 δναρ

2129 2215 2323 2286 ἐφάνηο
2362 2216 2455 2269 ml
2472 2215 2529 2283 ἐξ
2554 2216 2727 2287 ἀρχῆς
2743 2216 2904 2280 αὐτὸς
2920 2216 3102 2288 ὅραμα
3118 2214 3276 2280 εἶδεν,
3296 2217 3466 2290 ἄνδρα
3486 2217 3793 2271 εἰσελθόντα

2129 2305 2224 2356 ml
2248 2303 2503 2358 ἐπιθέντα
2526 2304 2675 2375 αὐτῷ
2696 2306 2906 2377 χεῖρας.
2929 2300 3062 2359 Εἶτα
3088 2304 3183 2359 ml
3201 2304 3291 2359 διὰ
3317 2305 3472 2359 τοῦτο
3491 2304 3653 2373 αὐτὸν
3677 2305 3793 2358 ἐκεῖ

2127 2392 2295 2458 ἕλκει,
2330 2391 2417 2445 ἴνα
2446 2391 2749 2463 ἐκτείνηται
2800 2392 2862 2445 τὸ
2912 2393 3196 2464 κήρυγμα.
3229 2392 3439 2457 Ἄλλως
3480 2392 3538 2447 δέ
3576 2393 3672 2446 ml
3704 2391 3792 2446 διά

2125 2482 2286 2536 τοῦτο
2322 2480 2590 2536 κωλύεται
2624 2480 2961 2552 ἐνδιατρῖψαι
2998 2483 3122 2546 ταῖς
3151 2480 3338 2546 ἄλλαις
3370 2482 3609 2548 πόλεσιν,
3649 2482 3793 2536 ἐπεί·

2126 2588 2314 2638 γοντος
2341 2570 2502 2624 αὐτὸν
2530 2570 2625 2624 τοῦ
2655 2571 2912 2642 Χριστοῦ.
2968 2564 3128 2626 Οὗτοι
3154 2571 3252 2643 μὲν
3270 2573 3380 2642 γὰρ
3408 2571 3630 2641 ἔμελλον
3657 2572 3792 2626 ἀπο-

2125 2657 2418 2712 λαύσεσθαι
2447 2658 2690 2712 Ἰωάννου
2707 2660 2801 2713 καὶ
2823 2659 3012 2731 χρόνον
3027 2659 3216 2724 πολὺν,
3237 2660 3332 2713 καὶ
3348 2658 3498 2731 [264]
3524 2659 3653 2724 ἰσως
3667 2660 3790 2714 οὐδὲ

2126 2747 2264 2801 πάνυ
2283 2746 2508 2800 ἐδέοντο·
2541 2748 2659 2800 ἐκεῖ
2671 2746 2997 2800 δὲάπελθεῖν
3027 2746 3155 2801 ἔδει.
3177 2747 3288 2801 Kal
3302 2747 3666 2818 άντιπεράσας
3684 2746 3793 2799 λοι-

2126 2833 2225 2888 πὸν
2246 2832 2460 2901 ἔξεισιν.
2479 2834 2573 2898 Ὠς
2591 2833 2659 2887 δὲ
2684 2833 2751 2887 τὸ
2776 2833 2968 2904 ὅραμα
2993 2829 3175 2898 εἶδεν,
3186 2832 3402 2900 εὐθέως
3420 2831 3791 2903 ἐζητήσαμεν

2123 2922 2390 2987 ἐξελθεῖν
2425 2924 2513 2989 είς
2545 2922 2942 2987 Μακεδονίαν,
2994 2919 3448 2990 συμϐιϐάζοντες
3489 2921 3578 2976 ὅτι
3605 2937 3791 2991 προσ-

2123 3010 2408 3078 κέκληται
2460 3008 2616 3080 ημᾶς
2655 3013 2687 3065 ό
2742 3011 2959 3078 Κύριος
3003 3010 3504 3082 εὐαγγελίσασθαι
3544 3011 3784 3077 αὐτούς.

2136 3100 2516 3168 Ἄναχθέντες
2558 3099 2627 3154 δὲ
2666 3099 2785 3155 ἀπὸ
2821 3097 3088 3168 Τρωάδος
3127 3099 3656 3170 εὐθυδρομήσαμεν
3701 3101 3790 3166 εἰς

2123 3187 2537 3258 Σαμοθρᾴκην,
2570 3187 2645 3257 τῇ
2672 3205 2736 3243 τε
2762 3187 3018 3258 ἐπιούσῃ
3058 3189 3144 3252 εἰς
3183 3187 3519 3253 Νεάπολιν,
3562 3186 3789 3243 ἐκεῖθέν

2123 3293 2187 3330 τε
2208 3279 2296 3344 εἰς
2318 3278 2655 3343 Φιλίππους
2674 3316 2689 3340 ,
2736 3276 2869 3344 ἣτις
2896 3277 3026 3332 ἐστὶ
3052 3276 3251 3345 πρώτη
3276 3275 3386 3346 τῆς
3414 3276 3788 3344 Μακεδονίας

2122 3366 2323 3432 πόλις,
2354 3365 2664 3420 κολώνεια.
2680 3359 2876 3434 ἸἮμεν
2901 3362 2970 3418 δὲ
2991 3365 3061 3418 ἐν
3079 3362 3233 3433 αὐτῇ
3256 3361 3332 3431 τῇ
3362 3364 3532 3418 πόλει
3565 3363 3788 3433 διατρί-

2123 3454 2331 3517 ϐοντες
2357 3452 2580 3524 ἡμέρας
2604 3451 2793 3518 τινάς.
2823 3450 3016 3517 Οὕτως
3044 3450 3193 3523 αὐτῷ
3221 3451 3316 3505 ml
3341 3452 3369 3504 6
3392 3451 3622 3522 Χριστος
3654 3451 3781 3520 φαίη
3853 3516 3856 3518 γ

2122 3558 2270 3596 νεται
2303 3540 2476 3610 λέγων
2500 3580 2515 3605 ,
2550 3541 2631 3594 δτι
2658 3540 2915 3608 Καίσαρί
2948 3554 3022 3594 σε
3069 3539 3167 3594 δεῖ
3201 3539 3600 3609 παραστῆναι.
3653 3536 3784 3593 Εἶτα

2122 3627 2267 3696 λέγει
2301 3628 2392 3682 καὶ
2422 3630 2548 3692 τοὺς
2573 3629 2773 3691 τόπους
2792 3668 2808 3691 ,
2852 3627 2950 3682 ἅτε
2978 3627 3219 3699 ἱστορίαν
3259 3626 3641 3698 ἐξηγούμενος,
3690 3627 3786 3680 ml

2120 3714 2336 3778 δεικνὺς
2361 3715 2462 3768 ποῦ
2494 3715 2802 3787 ἐνεχρόνισε
2827 3731 2842 3745 ’
2870 3714 2966 3768 καὶ
2996 3714 3264 3770 δείκνυσιν
3283 3756 3298 3781 ,
3330 3714 3411 3768 ὅτι
3430 3715 3489 3767 ἐν
3512 3706 3630 3777 ταῖς
3663 3714 3781 3785 μεί-

2122 3800 2260 3867 ζοσι,
2289 3802 2389 3866 τάς
2414 3802 2471 3856 δέ
2494 3802 2659 3868 ἄλλας
2688 3803 2912 3875 παρῄει.
2955 3803 3198 3872 Ἀξίωμά
3228 3804 3346 3856 ἐστι
3374 3802 3579 3866 πόλεως
3615 3804 3649 3874 ἡ
3691 3819 3783 3856 xo-

2119 3890 2334 3946 λώνεια.
2366 3891 2505 3944 Ἀλλ’
2525 3890 2730 3945 ἀνωθεν
2756 3890 2952 3962 ἴδωμεν
2979 3891 3047 3945 τὰ
3076 3890 3364 3962 εἰρημένα.
3390 3890 3660 3960 ’Δνάγκην
3683 3906 3780 3943 πε·-

2124 3979 2356 4050 ριτίθησι
2386 3977 2464 4048 τῷ
2492 3977 2747 4049 Βαρνάϐᾳ
2771 3977 2871 4049 τῆς
2901 3977 3211 4048 ἀποδημίας
3242 3978 3415 4047 λέγων
3443 3995 3458 4011 ο
3510 3979 3783 4032 Ἐπισκε-

2118 4065 2362 4135 ψώμεθα
2407 4066 2514 4133 τὰς
2561 4067 2769 4132 πόλεις
2796 4108 2809 4128 ,
2866 4065 2937 4119 ἐν
2988 4061 3085 4132 αἶς
3149 4066 3618 4135 κατηγγείλαμεν
3673 4065 3781 4119 τὸν

2118 4155 2323 4224 λόγον.
2351 4153 2542 4207 Καίτοι
2571 4155 2673 4206 οὐκ
2698 4153 2802 4206 ἔδει
2827 4152 3017 4220 ἀξιοῦν
3055 4152 3215 4207 αὑτὸν
3245 4151 3505 4222 μέλλοντα
3540 4166 3775 4221 κατηγο-

2123 4245 2233 4315 ρεῖν
2266 4243 2406 4313 μετά
2428 4242 2618 4296 ταῦτα.

2189 4330 2253 4385 δ’.
2269 4330 2440 4383 Τοῦτο
2463 4331 2558 4384 ml
2579 4330 2671 4382 ἐπὶ
2692 4327 2784 4382 τοῦ
2814 4328 2951 4381 θεοῦ
2982 4329 3186 4396 γίνεται
3212 4325 3415 4381 καὶτοῦ
3433 4325 3727 4389 Μωῦσέως⁶
3748 4328 3776 4379 ό

2121 4419 2220 4491 μὲν
2249 4417 2408 4483 ἀξιοῖ,
2438 4420 2466 4472 ό
2490 4418 2546 4472 δέ
2570 4416 2868 4486 ὀργίζεται.
2896 4411 3023 4470 Οίον
3051 4415 3128 4479 ὡς
3156 4416 3284 4469 ὅταν
3315 4414 3468 4486 λέγῃ·
3510 4416 3583 4485 Εἰ
3606 4417 3640 4468 ό
3667 4428 3777 4471 πα-

2118 4506 2229 4576 τὴρ
2251 4505 2441 4573 αὐτῆς
2461 4504 2795 4559 ἐνέπτυσεν
2831 4506 2919 4570 εἰς
2955 4505 3023 4557 τὸ
3059 4503 3385 4572 πρόσωπον
3409 4501 3603 4572 αὐτῆς
3637 4519 3653 4535 σ
3685 4504 3776 4556 καὶ

2118 4595 2301 4661 πάλιν,
2335 4595 2509 4664 Ἄφες
2555 4609 2631 4662 με
2655 4631 2670 4657 ,
2700 4591 2800 4646 καί
2829 4591 3113 4661 θυμωθεὶς
3140 4590 3440 4661 ἐξαλείψω
3466 4591 3574 4646 τὸν
3622 4592 3778 4646 λαὸν

2116 4682 2333 4739 τοῦτον
2354 4700 2368 4712 ·
2392 4682 2486 4736 ml
2507 4682 2535 4734 6
2561 4678 2835 4752 Σαμουὴλ,
2854 4680 2982 4734 ὅταν
2999 4678 3168 4750 πενθῇ
3198 4679 3287 4733 τὸν
3314 4679 3486 4733 Σαούλ
3514 4696 3529 4711 ·
3557 4680 3624 4733 δι’
3648 4681 3775 4734 ἐκα-

2116 4774 2289 4847 τέρων
2315 4772 2425 4845 γάρ
2457 4771 2666 4843 μεγάλα
2691 4771 2903 4839 γίνεται
2928 4770 3124 4840 ἀγαθά.
3148 4768 3309 4825 Οὕτω
3330 4769 3395 4842 δὴ
3423 4770 3519 4825 ml
3540 4769 3773 4824 ἐνταῦθα

2116 4865 2145 4917 6
2178 4863 2277 4935 μὲν
2306 4860 2602 4931 ὀργίζεται,
2632 4862 2661 4914 6
2687 4860 2744 4913 δὲ
2769 4858 2870 4912 οὐκ
2893 4858 2995 4913 ἐτι.
3026 4858 3197 4911 Τοῦτο
3216 4858 3309 4912 ml
3336 4857 3421 4928 ἐφ’
3446 4861 3478 4929 ἡ
3489 4858 3603 4929 μῶν
3628 4856 3775 4927 γίνε-

2115 4968 2222 5005 ται.
2261 4951 2369 5003 Kal
2393 4951 2423 5002 δ
2452 4948 2800 5021 παροξυσμὸς
2845 4948 3069 5010 εἰκότως
3092 4986 3108 5012 ,
3148 4947 3233 5000 ἵνα
3258 4948 3464 5010 ἐκεῖνος
3489 4945 3772 5015 παιδευθῇ,

346 5036 406 5088 οὐ
434 5037 544 5107 γὰρ
574 5034 642 5090 ἂν
671 5036 964 5107 ἠνέσχοντο
991 5037 1142 5107 παρά
1168 5036 1505 5108 ἀκροϐύστου
1536 5037 1626 5092 τὸν
1659 5038 1817 5107 λόγον
1846 5040 2012 5094 ἀκοῦ-
2042 5028 2077 5083 ί
2117 5039 2210 5091 καὶ
2232 5039 2307 5109 μὴ
2329 5037 2455 5109 δόξῃ
2495 5036 2669 5108 σκηνὴ
2696 5036 2757 5089 τὸ
2783 5037 3016 5105 πρᾶγμα
3047 5029 3206 5089 εἶναι.
3252 5034 3328 5087 Οὐ
3360 5033 3469 5103 γὰρ
3492 5032 3558 5086 ἂν
3584 5035 3613 5087 ὁ
3638 5050 3774 5088 παν-

347 5138 458 5179 σαι.
494 5124 609 5179 Καὶ
634 5123 690 5178 τί
708 5121 878 5196 ;”Ορα
900 5124 962 5200 τδ
990 5123 1318 5194 κατόρθωμα
1336 5142 1351 5157 ο
1377 5125 1722 5197 περιέτεμεν,
1752 5128 1837 5180 ’ίνα
1861 5146 2016 5200 περι-

344 5213 515 5285 τομὴν
548 5213 757 5286 καθέλῃ
783 5194 898 5267 (τὰ
928 5194 1174 5284 δόγματα
1200 5214 1308 5287 γὰρ
1341 5194 1611 5286 ἐκήρυττε
1635 5216 1704 5270 τά
1733 5217 1843 5271 τῶν
1874 5194 2015 5272 ἀπο-

346 5303 572 5357 στόλων.
609 5300 777 5375 Ὁρᾷς
825 5305 1028 5374 μάχην,
1079 5302 1174 5356 ml
1201 5302 1289 5357 διὰ
1336 5302 1513 5374 μάχης
1554 5304 1885 5376 οἱκοδομήν;
1933 5304 2011 5361 Οὐ

344 5389 475 5462 παρ’
521 5389 729 5460 ἐτέρων
782 5389 1221 5461 πολεμούμενοι,
1264 5390 1401 5445 ἀλλά
1453 5393 1548 5445 ml
1596 5393 1751 5448 αὐτοὶ
1797 5396 2013 5449 ἐναντία

343 5476 645 5542 ποιοῦντες,
672 5475 817 5531 οὕτω
840 5476 940 5549 τὴν
977 5476 1303 5548 Ἐκκλησίαν
1327 5475 1655 5549 ᾠκοδόμουν.
1681 5480 1865 5549 Δόγμα
1909 5482 2013 5533 εἱσ-

343 5565 579 5635 ήνεγκαν
611 5565 686 5636 μὴ
716 5566 1100 5637 περιτέμνειν,
1143 5564 1240 5618 ml
1271 5564 1604 5637 περιτέμνει.
1642 5565 2009 5634 Καίέπερίσ-

343 5667 547 5717 σευον,
572 5652 733 5724 φησὶ,
762 5651 843 5718 τῷ
874 5652 1098 5723 ἀριθμῷ
1124 5653 1252 5708 καθ’
1285 5652 1531 5723 ἡμέραν.
1566 5650 1718 5716 Εἶδες
1735 5654 1798 5707 τὸ
1823 5656 2011 5726 κέρδος

343 5739 438 5809 τῆς
469 5742 817 5812 περιτομῆς;
865 5737 1000 5794 Εἶτα
1041 5741 1227 5795 λοιπὸν
1271 5742 1372 5794 οὐκ
1412 5740 1736 5813 ἐνδιατρίϐει
1773 5740 2005 5807 τούτοις,

343 5825 435 5881 ire
486 5828 895 5899 ἐπισκέψασθαι
938 5830 1107 5884 ἐλθών
1133 5846 1146 5859 ·
1186 5830 1322 5884 ἀλλά
1355 5830 1444 5895 τίς
1503 5829 1698 5902 Πόρρω
1737 5831 2002 5902 πρόεισιν.

400 5932 419 5957 ⁸
446 5933 586 6000 Unus
614 5935 727 6000 τορς
750 5936 965 6000 πρώτους
999 5937 1229 6000 πρώτους.
1297 5939 1326 5978 ι)
1360 5936 1493 5999 Haec,
1543 5936 1662 5991 αὕτη
1693 5934 1724 5989 ἠ
1753 5936 1880 5985 αἰτία
1917 5935 2002 5984 τοῦ

338 5996 622 6060 iugula-Iv.
648 5996 833 6045 desum
863 5998 913 6046 in
955 5996 1068 6046 und.

698 6087 929 6116 nlo-tun!
1011 6083 1098 6116 Π..
1176 6083 1270 6116 ιγ

2114 5126 2280 5196 ταχοῦ
2305 5125 2490 5187 εἴκων,
2516 5123 2747 5178 ἐνταῦθα
2776 5124 2878 5177 οὐκ
2906 5118 3069 5188 εἶξεν,
3095 5124 3124 5175 6
3147 5122 3290 5177 οὕτω
3313 5122 3524 5178 Παῦλον
3563 5121 3731 5192 φιλῶν
3757 5163 3772 5186 ,

2115 5213 2255 5266 ὥστε
2287 5213 2382 5267 καὶ
2410 5212 2515 5283 πρὸ
2540 5211 2728 5265 τούτου
2760 5210 2991 5282 ζητῆσαι
3022 5211 3183 5264 αὑτὸν
3204 5212 3262 5264 ἐν
3284 5209 3500 5280 Ταρσῷ,
3526 5209 3621 5264 καὶ
3640 5210 3775 5281 πρὸς

2112 5302 2238 5365 τοὺς
2261 5300 2590 5363 ἀποστόλους
2618 5298 2778 5352 αὐτὸν
2798 5300 3140 5366 ἀπενεγκεῖν,
3168 5299 3263 5350 καὶ
3288 5296 3384 5367 τὴν
3404 5296 3771 5367 ἐλεημοσύνην

2113 5391 2296 5461 κοινὴν
2327 5388 2661 5460 ἐργάσασθαι
2686 5389 2737 5454 ι’,
2763 5387 2856 5441 καὶ
2883 5387 2952 5440 τά
2979 5387 3122 5441 κατά
3151 5386 3210 5439 τὸ
3237 5384 3408 5454 δόγμα
3432 5387 3582 5456 κοινῇ
3607 5402 3773 5440 κατα-

2112 5477 2388 5542 δέξασθαι.
2433 5477 2547 5530 Οὐκ
2589 5477 2656 5529 ἂν
2697 5471 2791 5529 οὗν
2833 5474 2920 5527 διὰ
2959 5473 3194 5527 τοιοῦτον
3223 5475 3453 5546 πρᾶγμα
3484 5473 3730 5543 ὠργίσθη
3756 5490 3770 5503 ο

2111 5564 2246 5621 ἀλλά
2300 5563 2624 5635 χωρίζονται
2674 5561 2770 5616 ἀπ’
2817 5561 3101 5627 ἀλλήλων,
3155 5559 3295 5612 ὥστε
3344 5558 3629 5613 παιδεῦσαι
3678 5561 3772 5613 ml

2115 5653 2414 5725 ἀπαρτίσαι
2450 5650 2539 5703 διὰ
2565 5647 2660 5702 τοῦ
2695 5647 2976 5719 χωρισμοῦ
3011 5649 3135 5709 τοὺς
3165 5645 3452 5716 δεομένους
3492 5647 3591 5716 τῆς
3638 5648 3769 5717 παρ’

2110 5742 2288 5796 αὐτῶν
2319 5738 2668 5802 διδασκαλίας
2707 5753 2723 5770 ·
2777 5736 2966 5808 ὥσπερ
2996 5732 3088 5790 οὖν
3115 5737 3209 5789 καὶ
3236 5733 3470 5807 ἀλλαχοῦ
3502 5736 3645 5788 ποιεῖ
3682 5734 3770 5790 λέ·

2115 5996 2146 6045 b
2168 5934 2567 6043 ⁸ξ1εριέοσευον,
2603 5934 2673 5983 sic
2702 5931 2913 5994 quidam.
2979 5930 3006 5971 ιι
3043 5930 3358 5995 Ἐργάσασθαι
3393 5928 3538 5979 deest
3577 5932 3626 5977 In
3668 5925 3779 5990 qui-

2152 6009 2221 6045 ιιει
2243 6009 2335 6045 am.

2152 6009 2335 6045 usuam.

3185 6086 3253 6116 in

3924 6046 4022 6115 ν
