4104 6148
335 296 438 349 ΞΗ)

336 440 450 494 των
483 442 496 458 ⁸
533 423 727 495 Ὑμεῖς
760 425 933 494 δὲμὴ
973 424 1276 480 ἐκκακεῒτε
1318 425 1383 479 τὸ
1430 424 1623 480 καλὸν
1666 421 1996 485 ποιοῦντες.

336 524 448 577 Καὶ
487 523 715 593 ἐπιτιμᾷ
748 522 846 594 μὲν
878 520 1117 593 ἑτέροις,
1154 522 1364 576 κελεύει
1410 523 1467 576 δὲ
1518 521 1580 576 τὸ
1627 520 1790 575 καλὸν
1829 521 2001 571 ποιεῖν

335 624 472 689 πρὸς
508 619 737 683 πάντας.
775 611 945 673 Τοῦτο
975 620 1070 673 καὶ
1099 620 1157 672 ἐν
1186 623 1252 693 τῇ
1286 619 1544 691 συνηθείᾳ
1575 617 1855 689 ποιοῦμεν.
1887 617 2004 669 Ἐν-

333 714 510 769 ταῦθά
533 733 624 787 μοι
641 716 858 770 δοκοῦσι
886 717 980 770 καὶ
1001 716 1149 771 ἄλλοι
1177 716 1655 787 συναγανακτῆσαι
1682 712 1758 784 τῷ
1784 712 2002 783 Παύλῳ.

1120 307 1180 363 S.
1220 304 1508 362 JOANNIS
1545 297 2035 362 CHRYSOSTOMI
2076 300 2399 358 ARCHIEP.
2438 297 2987 358 CONSTANTINOP.

3674 295 3778 355 250

2106 420 2184 493 τῷ
2234 421 2540 493 κωλυθῆναι
2593 420 2701 475 ὑπὸ
2740 418 2836 473 τοῦ
2868 417 3186 489 Πνεύματος
3211 460 3225 484 ,
3271 418 3368 472 καὶ
3394 417 3471 490 τῷ
3498 419 3634 492 πρὸς
3672 423 3783 486 τοῖς

2106 520 2253 589 ὅροις
2314 514 2454 574 εἶναι
2480 560 2495 587 ,
2557 517 2668 573 ἀπὸ
2725 517 2931 572 τούτων
2983 515 3243 571 ἀπάντων
3288 514 3463 571 ταῦτα
3527 517 3779 588 συνῆγον.

2112 616 2319 680 Ἀλλως
2353 616 2411 670 δέ
2443 615 2537 670 καὶ
2570 616 2600 669 ό
2632 612 2801 677 πλοῦς
2834 625 2861 654 α
2896 612 3053 666 τοῦτο
3087 612 3367 683 ἐνέφαινεν
3395 629 3410 644 ⁸
3438 614 3501 668 οὐ
3522 614 3633 687 γὰρ
3658 616 3781 684 ἐγέ-

2109 732 2232 769 νετο
2263 715 2455 787 χρόνος
2486 716 2654 781 πολὺς
2676 755 2692 780 ,
2743 713 2866 768 ὅθεν
2896 713 2977 777 εἰς
3002 712 3173 784 αὐτὴν
3201 712 3302 785 τὴν
3343 714 3500 786 ῥίζαν
3535 715 3636 787 τῆς
3669 716 3782 769 Μα-

334 811 445 865 Καὶ
478 812 663 868 λοιπὸν
690 813 812 868 κατ’
843 814 978 868 ἰδίαν
1009 815 1297 877 κάκείνους
1317 814 1496 868 λαϐὼν
1519 814 1697 868 πάντα
1718 813 1878 877 ποιεῖ,
1911 809 2007 864 καὶ
2109 812 2353 887 κεδονίας
2373 810 2958 885 παραγίνονται.Ὥστε
2977 810 3007 862 ό
3028 807 3379 881 παροξυσμὸς
3396 812 3783 884 συμφερόντως

333 913 613 982 παραινεῖ,
662 912 756 966 καὶ
782 911 1042 968 νουθετεῖ.
1082 912 1262 966 Πολλά
1289 915 1321 982 η
1350 911 1572 983 ὁμόνοια
1601 910 1844 973 δύναται,
1874 909 2005 962 πολ-

332 1005 397 1060 λὰ
419 1008 454 1078 η
476 1007 665 1078 ἀγάπη
686 1023 701 1037 ⁸
725 1008 829 1062 κᾶν
861 1009 1000 1080 ὑπὲρ
1029 1009 1266 1080 μεγάλου
1297 1009 1468 1074 ἀξιοῖς
1493 1050 1506 1075 ,
1543 1008 1644 1063 κᾶν
1670 1007 1887 1072 ἀνάξιος
1911 1003 2000 1080 ᾗς,

330 1103 438 1157 ἀπὸ
474 1105 574 1175 τῆς
608 1105 977 1178 προαιρέσεως
1009 1105 1348 1181 ἀκουσθήσῃ,
1383 1107 1458 1178 μὴ
1486 1104 1673 1175 φοϐοῦ.
1697 1103 2000 1173 Διήρχετο,

330 1202 486 1271 φησὶ,
510 1201 617 1268 τὰς
646 1204 878 1269 πόλεις.
912 1203 1023 1257 Kal
1058 1202 1186 1257 ἰδοὺ
1212 1201 1291 1274 ἦν
1319 1203 1595 1273 μαθητὴς
1629 1204 2001 1284 όνόματιιΤι-

323 1300 562 1366 μίῖθεσς,
606 1298 675 1366 ὃς
714 1300 1093 1370 ἐμαρτυρεῖτο
1141 1301 1261 1355 ὑπὸ
1309 1300 1430 1354 τῶν
1454 1300 1525 1354 ἐν
1574 1300 1870 1369 Λύστροις
1902 1302 2001 1358 καὶ

341 1395 567 1461 Ἰκονίῳ
597 1395 898 1467 ἀδελφῶν.
948 1398 1173 1469 Μεγάλη
1207 1400 1238 1468 ἠ
1271 1398 1455 1462 πίστις
1485 1410 1511 1439 8
1544 1398 1639 1452 τοῦ
1688 1398 1956 1469 Τιμοθέου
1980 1439 1998 1465 ,

324 1489 408 1542 ὅτι
436 1490 542 1544 ὑπὸ
571 1491 790 1546 πάντων
828 1494 1202 1563 μαρτυρεῖται.
1242 1492 1373 1545 Ὅτε
1421 1493 1634 1564 ἀπέστη
1677 1493 1997 1566 Βαρνάϐας,

323 1585 512 1659 ἕτερον
536 1586 864 1659 ἀντίρροπον
895 1589 1164 1656 εὑρίσκει.
1186 1590 1324 1662 Περὶ
1351 1589 1543 1645 τούτου
1579 1590 1735 1661 φησὶ,
1771 1596 2000 1662 Μεμνη-

318 1683 504 1750 μένος
529 1696 650 1739 σου
684 1682 805 1739 τῶν
836 1684 1109 1754 δακρύων
1152 1689 1252 1742 καί
1288 1686 1402 1756 τῆς
1434 1688 1844 1757 ἀνυποκρίτου
1882 1705 1998 1745 σου

323 1779 604 1846 πίστεως,
662 1779 797 1851 ἥτις
834 1781 1107 1851 ἐνῴκησε
1145 1782 1381 1853 πρῶτον
1425 1785 1494 1838 ἐν
1523 1783 1598 1854 τῇ
1621 1783 1830 1855 μάμμῃ
1881 1802 1998 1841 σου

321 1874 519 1941 Λωΐδι,
559 1876 659 1932 καί
697 1876 776 1947 τῇ
801 1880 984 1949 μητρί
1012 1895 1130 1936 σου
1158 1881 1409 1951 Εὐνίκῃ.
1445 1881 1557 1936 Kal
1590 1881 1810 1950 λαϐὼν,
1841 1885 1996 1955 φησί,

320 1973 664 2045 περιέτεμεν
690 1977 899 2032 αὐτόν.
940 1977 1098 2039 Τίνος
1125 1978 1181 2031 δὲ
1211 1978 1396 2031 ἕνεκεν
1417 2018 1433 2045 ,
1469 1978 1633 2042 αὐτὸς
1678 1979 1872 2048 ἐπάγει
1911 1978 1997 2033 λέ-

321 2083 434 2137 γων
467 2088 481 2102 ⁸
514 2072 619 2126 Διά
645 2071 789 2140 τοὺς
818 2074 1147 2140 Ἰουδαίους
1177 2074 1319 2141 τοὺς
1344 2075 1525 2142 ὄντας
1544 2076 1607 2129 ἐν
1640 2075 1766 2142 ’τοῖς
1794 2079 1998 2141 τόποις

319 2164 597 2234 ἐκείνοις.
623 2169 724 2224 Διά
751 2169 910 2225 τοῦτο
930 2171 1110 2225 τοίνυν
1140 2172 1524 2243 περιτέμνεται
1554 2188 1567 2202 ⁸
1598 2173 1631 2242 ἢ
1670 2174 1764 2227 καὶ
1789 2173 1877 2227 διά
1905 2174 1996 2227 τὸν

321 2253 557 2328 παὲέρα⁸
584 2262 784 2337 Ἕλλην
810 2267 920 2337 γὰρ
949 2265 1142 2338 ἔμενεν
1171 2265 1266 2322 ὢν.
1308 2268 1450 2339 Ἀρα
1475 2270 1575 2322 οὐκ
1598 2264 1667 2340 ἦν
1699 2268 1994 2340 ἐμπερίτο-

323 2374 445 2428 μσς.
473 2357 626 2432 [265]
654 2361 795 2433 Ὅρα
835 2362 936 2434 ἥδη
974 2364 1066 2416 τὸν
1095 2364 1258 2436 νόμον
1287 2364 1568 2435 λυόμενον.
1626 2367 1751 2419 Τισὶ
1773 2366 1829 2419 δέ
1849 2366 1997 2419 δοκεῖ

322 2453 462 2524 μετά
473 2455 532 2509 τὸ
543 2458 804 2529 κήρυγμα
815 2458 976 2512 αὑτὸν
990 2458 1266 2532 τεχθῆναι⁸
1283 2459 1399 2514 ἀλλ’
1416 2462 1517 2515 οὐκ
1530 2461 1646 2516 ἔστι
1658 2462 1800 2534 τάχα
1814 2461 1990 2515 τοῦτο.

332 2550 478 2608 Ἀπὸ
515 2554 789 2624 ,βρέφους
819 2554 950 2625 τὰρ,
992 2557 1151 2629 φησὶ,
1181 2559 1256 2612 τὰ
1283 2560 1409 2628 ἱερὰ
1443 2559 1771 2630 Γράμματα
1795 2555 1984 2625 οἶδας.

333 2648 540 2704 Ἐκεῖνο
564 2649 743 2706 τοίνυν
776 2650 923 2706 ἔστιν
952 2654 1146 2714 εἰπειν,
1184 2654 1217 2726 ἢ
1249 2656 1298 2709 εἰ
1340 2655 1415 2727 μὴ
1446 2655 1624 2721 τοῦτο,
1654 2657 1735 2710 ὅτι
1770 2656 1994 2727 ἔμελλεν

319 2746 481 2800 αὐτὸν
509 2748 809 2804 ἐπίσκοπον
842 2754 1017 2806 ποιεῖν
1042 2793 1058 2817 ,
1084 2752 1178 2807 καὶ
1206 2755 1308 2809 οὐκ
1330 2754 1436 2807 ἔδει
1464 2754 1799 2826 ἀκρόϐυστον
1830 2750 2021 2810 είναι.’

319 2844 473 2909 Τέως
525 2846 583 2900 δὲ
621 2847 727 2902 ἔδει
774 2848 845 2902 τά
886 2850 1014 2920 ἔθνη
1056 2851 1223 2922 μηδὲν
1272 2852 1514 2905 τοιοῦτον
1558 2853 1871 2922 φυλάττειν.
1915 2853 1990 2908 Οὐ

321 2941 521 3014 μικρὸν
551 2945 647 2997 καὶ
676 2946 835 2998 τοῦτο
861 2941 951 3017 ἦν,
991 2947 1125 3001 ὅπου
1155 2965 1218 3016 γε
1245 2948 1383 3017 μετὰ
1408 2950 1662 3003 τοσοῦτον
1681 2950 1873 3020 χρόνον
1896 2951 1993 3005 καὶ

318 3037 478 3092 τοῦτο
505 3041 704 3106 αὐτοὺς
727 3043 1131 3108 ἐσκανδάλιζεν.
1153 3046 1319 3118 Ἀρχὴ
1350 3047 1703 3112 καταλύσεως
1730 3044 1798 3121 ἦν
1828 3048 1889 3101 τὸ
1920 3050 1990 3104 τά

320 3135 446 3210 ἔθνη
483 3140 557 3212 μὴ
597 3144 786 3213 τηρεῖν
823 3141 1034 3207 ταῦτα,
1081 3144 1175 3197 καὶ
1222 3144 1389 3215 μηδὲν
1439 3145 1801 3214 βλάπτεσθαι,
1856 3147 1991 3218 μηδὲ

320 3231 539 3288 ἔλαττον
551 3235 705 3317 ,ἔχειν
723 3237 864 3292 κατὰ
879 3238 976 3310 τὴν
992 3240 1174 3293 πίστιν
1200 3257 1213 3270 ⁸
1239 3241 1455 3305 ἑκόντες
1473 3241 1655 3295 λοιπὸν
1674 3242 1986 3312 ἀφίσταντο.

331 3328 487 3385 Ἐπεὶ
510 3328 604 3387 οὖν
635 3333 826 3405 ἔμελλε
865 3335 1158 3408 κηρύττειν
1183 3377 1198 3402 ,
1231 3338 1321 3391 ἵνα
1363 3339 1436 3411 μὴ
1467 3339 1627 3413 διπλῇ
1662 3340 1837 3413 πλήξῃ
1863 3342 1990 3406 τοὺς

331 3428 634 3498 Ἰουδαίους,
671 3432 962 3503 περιέτεμε
1001 3432 1212 3500 τοῦτον,
1254 3435 1433 3490 καίτοι
1474 3436 1534 3502 ἐξ
1581 3439 1839 3510 ἡμισείας
1875 3434 1942 3511 ἦν
1972 3458 1986 3472 ⁸

321 3526 428 3579 ἀπὸ
454 3529 660 3599 πατρὸς
680 3529 942 3602 Ἕλληνος
964 3531 1071 3602 γὰρ
1094 3526 1164 3602 ἦν
1187 3571 1202 3598 ,
1232 3533 1328 3586 καὶ
1358 3535 1555 3606 πιστῆς
1589 3535 1795 3606 μητρός
1819 3551 1832 3565 ⁸
1874 3534 1988 3590 ἀλλ’

319 3622 472 3692 ὅμως
497 3624 685 3696 ἐπειδὴ
725 3627 866 3697 μέγα
907 3623 977 3699 ἦν
1020 3629 1198 3684 ἐκεῖνο
1230 3628 1290 3682 τὸ
1328 3631 1661 3703 κατόρθωμα
1692 3633 1754 3686 τὸ
1786 3633 1844 3688 ἐν
1878 3636 1990 3697 τοῖς

321 3719 552 3786 ἔθνεσιν,
581 3720 683 3776 οὐκ
710 3722 992 3795 ἐφρόντιζε
1013 3724 1202 3779 τούτου
1228 3744 1241 3758 ⁸
1266 3726 1356 3783 τὸν
1379 3728 1488 3799 γὰρ
1508 3728 1663 3799 λόγον
1694 3730 1799 3784 ἔδει
1823 3748 1989 3786 κατα-

325 3817 599 3890 σπαρῆναι
627 3837 642 3851 ⁸
661 3819 748 3873 διὰ
777 3820 934 3874 τοῦτο
965 3823 1060 3875 καὶ
1089 3823 1248 3886 αὐτὸς
1276 3824 1438 3879 αὑτὸν
1466 3826 1811 3897 περιέτεμεν.
1848 3828 1990 3900 Ὅρα

325 3914 421 3967 καὶ
471 3913 704 3970 ἐνταῦθα
748 3916 856 3971 ἀπὸ
888 3918 1256 3984 ἐναντιώσεως
1289 3921 1433 3991 μέγα
1459 3938 1513 3975 τι
1542 3923 1833 3995 γενόμενον
1861 3924 1990 3993 ἀγα-

321 4011 434 4067 θόν.
459 4014 568 4069 Kal
591 4015 996 4085 ἐπερίσσευον
1019 4017 1047 4057 δ
1080 4015 1159 4083 τῷ
1184 4017 1428 4090 ἀριθμῷ,
1463 4020 1649 4091 φησίν.
1687 4019 1871 4093 Ὀρᾷς,
1905 4022 1988 4075 ὅτι

321 4113 385 4168 οὐ
431 4115 591 4186 μόνον
626 4117 781 4171 οὐδὲν
812 4116 1013 4188 ἔϐλαψε
1044 4119 1336 4190 περιτομὴ,
1372 4118 1509 4174 ἀλλά
1533 4121 1629 4174 καὶ
1656 4119 1724 4175 τά
1755 4121 1987 4193 μέγιστα

321 4212 636 4287 ώφέλησεν;
671 4216 769 4282 Ὠς
816 4215 885 4271 δὲ
935 4217 1001 4272 τὸ
1052 4217 1242 4289 ὅραμα
1287 4218 1470 4287 εἶδεν,
1515 4219 1754 4288 εὐθέως,
1793 4221 1983 4292 φησὶν,

318 4310 688 4382 ἐζῇτήσαμεν
717 4312 989 4379 ἐξελθεῖν
1019 4319 1109 4383 εἰς
1133 4315 1248 4386 τὴν
1271 4317 1667 4388 Μακεδονίαν,
1696 4318 1986 4390 συμϐιϐά-

322 4406 521 4476 ζοντες
544 4408 636 4464 ὅτι
662 4413 1108 4481 προσκέκληται
1132 4412 1289 4483 ἡμᾶς
1312 4417 1345 4469 ὁ
1364 4417 1598 4486 Κύριος.

397 4506 557 4578 Ὀρα,
594 4507 780 4562 οὐκέτι
807 4510 874 4563 δι’
901 4510 1132 4579 ἀγγέλου
1160 4512 1414 4584 καθάπερ
1441 4514 1708 4587 Φιλίππῳ,
1732 4515 1984 4591 καθάπερ

321 4593 606 4665 Κορνηλίῳ
629 4610 646 4626 ⁸
670 4595 806 4650 ἀλλά
828 4597 917 4662 τίς
945 4599 1024 4651 Δι’
1047 4596 1328 4670 ὁράματος
1354 4599 1604 4668 φαίνεται
1631 4604 1779 4674 αὐτῷ
1800 4605 1984 4659 λοιπὸν

319 4681 826 4755 ἀνθρωπικώτερον,
859 4685 1040 4740 οὐκέτι
1072 4685 1538 4758 θειότερον.Ἔνθα
1571 4690 1672 4760 μὲν
1693 4692 1799 4763 γὰρ
1828 4694 1986 4750 εὐκο-

317 4769 556 4842 λώτερον
578 4772 640 4826 τὸ
669 4773 981 4845 πεισθῆναι,
1010 4774 1496 4848 ἀνθρωπινώτερον
1527 4794 1541 4809 ⁸
1571 4778 1701 4833 ἔνθα
1724 4781 1782 4834 δὲ
1814 4782 1982 4856 πολλὴ

322 4860 351 4929 ἡ
386 4857 496 4928 βία,
521 4859 816 4929 θειότερον.
859 4862 1033 4917 Ὀπου
1061 4864 1160 4934 μὲν
1189 4863 1298 4935 γάρ
1331 4864 1568 4937 κηρῦξαι
1595 4869 1855 4939 ὴπείγετο
1889 4872 1985 4942 μό·-

319 4963 429 5011 νον,
454 4949 534 5010 εἰς
553 4949 714 5002 τοῦτο
734 4949 870 5021 δναρ
901 4950 1147 5020 φαίνεται
1173 4953 1321 5026 αὐτῷ
1353 4968 1367 4983 ⁸
1400 4957 1533 5009 ὅπου
1561 4956 1618 5010 δὲ
1651 4956 1726 5028 μὴ
1752 4975 1820 5030 κη
1831 4958 1984 5030 ρῦξαι

317 5035 418 5088 οὐκ
465 5037 734 5107 ἠνείχετο,
782 5040 864 5102 εἰς
908 5039 1065 5094 τοῦτο
1116 5041 1339 5112 Πνεῦμα
1387 5043 1541 5111 ἆγιον
1582 5046 1977 5107 ἀποκαλύπτει.

318 5123 472 5177 Οὕτω
505 5129 599 5178 καὶ
634 5127 750 5179 ἐκεῖ
770 5126 848 5197 τῷ
875 5126 1068 5199 Πέτρῳ
1089 5142 1104 5159 ⁸
1141 5129 1426 5197 Ἀναστὰς
1453 5131 1757 5204 κατάϐηθι.
1780 5137 1853 5190 Οὐ
1873 5137 1980 5209 γάρ

315 5210 379 5282 δὴ
401 5214 493 5265 καὶ
520 5212 590 5266 τά
617 5211 818 5269 εὔκολα
844 5214 1131 5287 εἰργάζετο
1158 5217 1220 5272 τὺ
1251 5218 1474 5291 Πνεῦμα
1493 5260 1509 5285 ,
1541 5222 1656 5277 ἀλλ’
1693 5224 1852 5296 ἤρκει
1887 5228 1982 5279 καὶ

315 5300 448 5373 ὄναρ
477 5302 649 5375 αὐτῷ.
686 5303 794 5357 Καὶ
834 5303 912 5376 τῷ
960 5305 1157 5377 Ἰωσὴφ
1187 5306 1244 5361 δὲ
1280 5308 1477 5379 ῥᾳδίως
1512 5311 1816 5383 πειθομένῳ
1848 5313 1981 5384 ὄναρ

316 5388 587 5457 φαίνεται,
620 5395 732 5457 τοῖς
761 5392 817 5446 δὲ
844 5392 1024 5458 ἄλλοις
1048 5393 1218 5466 ῦπαρ.
1241 5394 1397 5450 Οὕτω
1427 5397 1522 5450 καὶ
1550 5400 1856 5472 Κορνηλίῳ,
1884 5401 1980 5455 καὶ

316 5477 465 5548 αὖτῷ
504 5479 703 5551 τούτῳ.⁴
732 5481 843 5536 Kal
871 5482 1021 5550 ἰδοὺ,
1054 5482 1242 5554 φησὶν,
1272 5485 1428 5554 ἀνὴρ
1450 5486 1740 5543 Μακεδὼν
1766 5489 1977 5556 ἑστὼς,

315 5568 684 5635 παρακαλῶν
707 5570 804 5624 καὶ
834 5571 1046 5641 λέγων.
1076 5574 1189 5627 Ούκ
1247 5568 1422 5638 εἶπεν,
1460 5575 1812 5640 Ἐπιτάττων,
1843 5578 1980 5633 ἀλλά

316 5654 689 5723 Παρακαλιῖη·
716 5671 731 5685 ⁸
764 5657 1061 5722 τουτέστιν,
1091 5660 1231 5730 ὑπὲρ
1250 5661 1430 5716 αὐτῶν
1456 5661 1564 5718 τῶν
1593 5664 1862 5733 δεομένων
1881 5667 1981 5737 τῆς

316 5741 633 5811 θεραπείας.
677 5742 742 5796 Τί
796 5745 952 5808 ἐστι,
1012 5746 1506 5815 Συμϐιὸἀζοντεςς
1565 5751 1976 5828 Στοχαζόμενοι,

315 5830 469 5901 φησί.
508 5830 600 5901 Τῷ
626 5846 686 5883 τε
706 5830 814 5902 γὰρ
851 5831 1062 5885 Παῦλον
1107 5834 1234 5889 ἰδεῖν
1262 5835 1357 5889 καὶ
1391 5836 1592 5906 μηδένα
1629 5838 1846 5911 ἕτερον,
1887 5846 1978 5898 καὶ

381 5984 560 6037 ‘Unus
582 5984 761 6048 μεγάλη
788 5992 818 6046 ἠ
850 5988 999 6051 χάρις.
1024 5992 1051 6034 ι’
1076 5990 1275 6053 Quidam
1308 6003 1424 6040 Im.
1446 5993 1769 6053 περιέσσευον.

2107 910 2471 980 οἰκονομεῖται
2492 907 2769 977 γενέσθαι.
2804 909 2918 962 Οὐκ
2943 908 3010 962 ἂν
3035 906 3144 980 γὰρ
3172 908 3443 979 ἐνήργησε
3466 907 3527 961 τὸ
3555 907 3781 980 Πνεῦμα

2104 1003 2165 1058 τὸ
2195 1004 2348 1074 ἅγιον
2371 1044 2387 1070 ,
2417 1005 2518 1059 οὐκ
2550 1005 2619 1059 ἂν
2648 1005 2739 1059 τὸν
2786 1004 2943 1074 λόγον
2990 1004 3301 1058 Μακεδονία
3349 1003 3581 1069 ἐδέξατο.
3630 1005 3692 1059 Ἠ
3723 1006 3779 1060 δὲ

2102 1102 2347 1175 τοσαύτη
2393 1102 2650 1176 προκοπὴ
2694 1105 2919 1175 σημεῖον
2948 1100 3043 1155 τοῦ
3076 1100 3152 1173 μὴ
3189 1100 3328 1156 εἷναί
3357 1119 3410 1156 τι
3440 1100 3781 1172 ἀνθρώπινον

2104 1202 2164 1256 τὸ
2198 1204 2442 1272 γεγονός.
2469 1203 2663 1257 Καίτοι
2691 1204 2792 1257 οὐκ
2825 1201 2951 1273 ἔφη,
2982 1201 3065 1255 ὅτι
3092 1200 3380 1271 Βαρνάϐας
3415 1200 3776 1273 παρωξύνθη·

2103 1298 2241 1353 ἀλλά
2264 1339 2281 1366 ,
2329 1300 2570 1366 Μεταξὺ
2601 1298 2799 1355 αὐτῶν
2826 1297 3219 1368 παροξυσμὸς
3242 1296 3499 1369 ἐγένετο.
3527 1300 3591 1354 Εἰ
3624 1292 3779 1366 οὗτος

2110 1397 2172 1451 ού
2204 1397 2561 1470 παρωξύνθη,
2593 1397 2715 1452 οὐδὲ
2738 1398 2967 1460 ἐκεῖνος.

2174 1494 2438 1551 ε¹.Ταῦτα
2467 1494 2690 1559 εἰδότες,
2728 1494 2803 1566 μὴ
2835 1492 3024 1557 ἁπλῶς
3049 1492 3113 1564 δὴ
3135 1491 3274 1548 αὐτά
3293 1492 3625 1564 ἐκλέγωμεν,
3643 1492 3780 1549 ἀλλά

2106 1592 2469 1662 μανθάνωμεν
2492 1593 2587 1645 καὶ
2609 1589 2994 1662 παιδευώμεθα
3023 1605 3035 1618 ⁸
3062 1589 3123 1643 οὑ
3150 1589 3260 1661 γὰρ
3287 1590 3409 1661 εἰκῇ
3438 1590 3772 1661 γέγραπται.

2101 1688 2261 1758 Μέγα
2290 1688 2462 1743 κακὸν
2493 1690 2712 1757 ἀγνοεῖν
2738 1688 2959 1761 Γραφάς
2991 1702 3007 1719 ⁸
3036 1687 3130 1757 ἀφ’
3177 1679 3253 1740 ὧν
3293 1687 3621 1756 ὡφελεῖσθαι
3651 1687 3732 1741 δεῖ
3756 1727 3772 1751 ,

2099 1784 2207 1837 ἀπὸ
2245 1785 2451 1838 τούτων
2487 1784 2860 1856 βλαπτόμεθα.
2891 1783 3048 1837 Οὕτω
3085 1782 3179 1836 καὶ
3209 1783 3478 1853 φάρμακα
3513 1780 3775 1846 πολλάκις

2101 1881 2262 1951 φύσιν
2285 1882 2478 1953 έχοντα
2513 1882 2647 1955 θερα
2659 1881 2917 1953 πευτικὴν
2940 1921 2954 1944 ,
2988 1880 3088 1935 οὐκ
3117 1880 3328 1934 εἰδότων
3345 1878 3454 1932 τῶν
3476 1878 3775 1950 χρωμένων

2101 1979 2283 2044 καλῶς
2311 1979 2548 2051 χρῆσθαι
2578 1980 2761 2045 αὐτοῖς
2781 2020 2797 2044 ,
2823 1978 2975 2051 [9.66]
3020 1977 3324 2048 διαφθείρει
3353 1976 3446 2029 καὶ
3477 1974 3770 2029 ἀπόλλυσι·

2099 2077 2194 2130 καὶ
2221 2076 2361 2132 ὅπλα
2384 2077 2660 2149 δυνάμενα
2686 2078 2941 2148 φυλάξαι,
2982 2076 3048 2132 ἂν
3084 2076 3272 2147 μηδεὶς
3302 2073 3441 2128 αὐτά
3485 2073 3597 2145 εἰδῇ
3625 2089 3775 2145 περι-

2101 2172 2310 2243 θέσθαι,
2342 2174 2437 2229 ὑπ’
2460 2175 2643 2229 αὐτῶν
2665 2174 3059 2247 διαφθείρεται.
3077 2172 3152 2226 Τὸ
3172 2171 3230 2226 δὲ
3250 2170 3442 2236 αἴτιον,
3481 2170 3563 2224 ὅτι
3596 2170 3774 2225 πάντα

2100 2271 2300 2342 μᾶλλον
2318 2270 2608 2342 ζητοῦμεν,
2628 2271 2662 2342 ἦ
2687 2272 2748 2324 τὸ
2774 2272 2873 2341 τῆς
2892 2270 3072 2342 ψυχῆς
3090 2269 3304 2341 ὄφελος,
3325 2268 3419 2323 καὶ
3433 2266 3501 2323 τὰ
3518 2266 3775 2339 ἀλλότρια

2100 2368 2301 2437 μᾶλλον
2329 2368 2640 2441 σκοποῦμεν
2661 2410 2676 2434 ,
2707 2370 2740 2442 ἢ
2761 2370 2823 2424 τὸ
2843 2369 3112 2442 ἡμέτερον
3132 2386 3195 2422 συ
3203 2367 3435 2440 μφέρον.
3468 2366 3581 2421 Καὶ
3597 2367 3774 2431 οἰκίας

2098 2468 2198 2539 μὲν
2216 2467 2472 2522 σύστασιν
2494 2467 2754 2532 πολλάκις
2771 2467 3062 2539 ζητοῦμεν,
3080 2466 3176 2521 καὶ
3199 2464 3380 2519 οὐκᾶν
3401 2462 3772 2535 άνασχοίμεθα
3821 2498 3825 2505 ι

2097 2565 2503 2638 παλαιουμένην
2519 2564 2686 2637 αὐτὴν
2709 2564 2833 2619 ἰδεῖν
2864 2565 2986 2618 οὐδὲ
3019 2563 3468 2647 καταπίπτουσαν
3501 2560 3621 2617 οὐδὲ
3666 2560 3773 2613 ὑπὸ

2094 2661 2382 2734 χειμώνων
2429 2660 2899 2734 ἐπηρεαζομένηψ
2940 2660 3068 2731 περί
3102 2659 3159 2712 δὲ
3195 2659 3295 2730 τῆς
3345 2657 3527 2729 ψυχῆς
3549 2655 3771 2727 οὐδεμία

2095 2759 2337 2832 φροντὶς,
2367 2758 2504 2813 ἀλλά
2532 2760 2562 2800 ιι
2592 2758 2695 2813 κᾶν
2733 2759 2859 2821 τοὺς
2889 2756 3171 2828 θεμελίους
3215 2756 3385 2825 αὐτῆς
3440 2754 3637 2825 ἴδωμεν
3667 2770 3769 2824 ση-

2096 2856 2389 2928 πομένους,
2417 2857 2523 2912 κᾶν
2554 2854 2655 2927 τὴν
2698 2853 2985 2925 οἰκοδομὴν
3038 2853 3135 2907 καὶ
3180 2852 3273 2906 τὸν
3327 2851 3557 2923 ὄροφον,
3592 2849 3771 2913 οὐδεὶς

2092 2958 2226 3027 ἡμῖν
2248 2956 2277 3009 ό
2300 2954 2457 3024 λόγος
2493 2952 2629 3007 ἐστί.
2656 2951 2821 3005 Πάλιν
2850 2950 3020 3018 ἄλογα
3046 2948 3112 3004 ἂν
3136 2948 3374 3020 ἔχωμεν,
3406 2947 3467 3000 τὸ
3487 2946 3768 3018 συμφέρον

2095 3053 2273 3107 αὐτῶν
2308 3050 2598 3124 ζητοῦμεν,
2632 3050 2726 3104 καὶ
2756 3047 3128 3119 ίπποφορϐοὺς
3157 3046 3253 3100 καὶ
3293 3045 3640 3117 ίππιατροὺς,
3671 3043 3770 3098 καὶ

2094 3151 2274 3204 πάντα
2322 3148 2502 3202 κάλων
2562 3146 2819 3217 κινοῦμεν
2887 3161 2903 3176 ⁸
2965 3144 3061 3198 καὶ
3112 3143 3293 3206 οἰκίας
3340 3139 3765 3212 ἐπιμελούμεθα,

2095 3249 2322 3309 καὶτοῖς
2339 3247 2679 3315 ἐμπεπιστευ
2689 3244 2871 3315 μένοις
2894 3241 3292 3312 παραινοῦμεν,
3319 3240 3459 3294 ὥστε
3484 3239 3560 3311 μὴ
3581 3237 3768 3298 ἁπλῶς

2096 3342 2231 3414 μηδὲ
2265 3341 2342 3406 ὡς
2387 3340 2577 3412 ἔτυχεν
2611 3339 2877 3407 ἐλαύνειν,
2918 3338 3052 3410 μηδέ
3094 3337 3259 3409 βάρος
3281 3336 3600 3399 ἐπιτιθέναι,
3628 3334 3766 3406 μηδὲ

2091 3439 2230 3511 ἀωρὶ
2256 3438 2366 3492 τῶν
2386 3437 2598 3492 νυκτῶν
2629 3436 2865 3506 ἐξάγειν,
2898 3434 3031 3508 μηδέ
3052 3435 3150 3499 τὰς
3165 3433 3370 3506 τροφάς
3394 3433 3503 3486 ἀπε
3512 3430 3760 3502 μπολεϊν,

2090 3536 2185 3590 καὶ
2221 3535 2405 3589 πολλοὶ
2448 3535 2603 3605 νόμοι
2649 3533 2779 3606 περὶ
2822 3532 2916 3587 τοῦ
2967 3532 3342 3603 συμφέροντος
3385 3528 3496 3583 τῶν
3547 3527 3763 3597 ἀλόγων

2093 3631 2301 3682 κεῖνται
2342 3629 2470 3700 παρ’
2492 3631 2626 3698 ἡμῖν
2653 3644 2666 3658 ⁸
2688 3628 2788 3697 τῆς
2813 3627 2870 3681 δὲ
2895 3625 3076 3698 ψυχῆς
3102 3624 3260 3694 λόγος
3278 3622 3473 3687 οὐδείς.
3512 3622 3683 3677 Πάλιν
3706 3619 3765 3675 τί

2090 3723 2234 3793 λέγω
2260 3724 2389 3795 περὶ
2431 3723 2641 3793 ἀλόγων
2690 3722 2799 3777 τῶν
2840 3721 3123 3794 χρησίμων
3152 3722 3315 3792 ἡμῖνς
3353 3720 3479 3775 Εἰσὶ
3498 3716 3684 3772 πολλοὶ
3711 3716 3762 3771 οἳ

2093 3823 2385 3897 στρουθοὺς
2409 3823 2622 3896 ἔχουσιν
2643 3822 2794 3876 οὐδὲν
2824 3821 3046 3892 ἔχοντας
3061 3820 3354 3892 χρήσιμον,
3385 3817 3498 3871 ἀλλ’
3516 3818 3550 3888 ἢ
3575 3815 3763 3882 ἁπλῶς

2090 3922 2413 3994 τέρποντας,
2439 3922 2533 3974 καὶ
2565 3918 2750 3973 πολλοὶ
2789 3919 2884 3973 καὶ
2922 3918 3049 3988 περὶ
3078 3917 3302 3971 ἐκείνων
3328 3915 3504 3986 νόμοι,
3542 3915 3636 3967 καὶ
3666 3913 3760 3966 οὗ·

2088 4019 2176 4073 δέν
2206 4018 2556 4090 ἠμελημένον
2589 4016 2707 4070 οὑδέ
2738 4014 2971 4069 ἄτακτὸν
3011 4015 3146 4078 ἐστι,
3182 4013 3277 4067 καὶ
3312 4011 3526 4066 πάντων
3559 4008 3761 4081 μᾶλλον

2088 4113 2513 4187 ἐπιμελούμεθα,
2561 4113 2595 4185 ἢ
2651 4111 2809 4184 ἡμῶν
2860 4110 3059 4167 αὐτῶν.
3120 4108 3278 4164 Οὕτω
3331 4108 3548 4162 πάντων
3591 4107 3760 4177 ἐσμὲν

2088 4211 2421 4284 ἀτιμότεροι.
2472 4209 2593 4264 Κᾶν
2654 4208 2752 4281 μέν
2806 4225 2889 4273 τις
2940 4208 3088 4280 ἡμᾶς
3132 4204 3368 4278 ὑϐρίζων
3398 4206 3548 4276 εἴπῃ,
3589 4205 3757 4269 κύων,

2088 4308 2395 4379 ἀλγοῦμεν⁸
2428 4307 2593 4378 ἡμεῖς
2623 4304 2678 4360 δέ
2718 4305 2866 4376 ἡμᾶς
2895 4305 3095 4369 αὐτοὺς
3139 4302 3455 4375 ὑϐρίζοντες
3491 4302 3552 4355 οὑ
3590 4300 3756 4370 λόγῳ,

2087 4405 2202 4461 ἀλλ’
2238 4404 2404 4477 ἔργῳ,
2427 4404 2524 4458 καὶ
2566 4401 2704 4476 μηδὲ
2732 4400 3004 4473 τοσαύτης
3040 4399 3413 4472 μεταδιδόντες
3440 4396 3760 4468 ἐπιμελείας

2085 4506 2152 4577 τῇ
2180 4504 2324 4575 ψυχῇ
2345 4504 2476 4574 ὅσης
2502 4503 2613 4565 τοῖς
2638 4500 2818 4564 κυσὶν,
2840 4498 2993 4552 οὐδὲν
3017 4496 3296 4570 ἡγούμεθα
3312 4495 3542 4566 πάσχειν
3565 4493 3754 4549 δεινόν.

2097 4600 2291 4672 Ὀρᾶτε
2342 4599 2468 4653 ὅσου
2516 4596 2739 4660 σκότους
2776 4594 2843 4649 τά
2883 4594 3058 4648 πάντα
3118 4592 3535 4663 ἐμπέπλησταις
3595 4589 3759 4644 Πόσοι

2088 4698 2432 4771 φροντίζουσι
2478 4695 2589 4750 τῶν
2636 4692 2815 4750 κυνῶν
2838 4735 2854 4762 ,
2910 4692 3051 4747 ὥστε
3112 4690 3188 4763 μὴ
3220 4690 3382 4745 πλέον
3424 4688 3521 4744 τοῦ
3547 4689 3757 4750 δέοντος

2085 4795 2503 4869 ἐμπλησθῆναι,
2536 4793 2677 4847 ὥστε
2703 4790 2843 4857 ὀξεῖς
2877 4787 3015 4844 εἶναι
3039 4788 3134 4843 καὶ
3163 4787 3491 4861 θηρατικοὺς
3528 4786 3633 4840 ὑπὸ
3656 4784 3751 4839 τοῦ

2083 4892 2243 4965 λιμοῦ
2270 4893 2364 4947 καὶ
2394 4892 2492 4963 τῆς
2520 4889 2711 4961 πείνης
2753 4886 3126 4960 ὠθουμένους⁸
3163 4886 3372 4942 ἑαυτῶν
3407 4886 3465 4940 δὲ
3498 4886 3599 4939 οὐκ
3631 4885 3753 4937 ἐπι-

2086 4988 2374 5061 μελοῦνται
2402 4987 2522 5041 οὐδὲ
2555 4987 2934 5040 ἐπιτάττουσιν
2962 4985 3104 5040 ὥστε
3157 4985 3234 5057 μὴ
3260 4984 3470 5057 τρυφᾷν
3500 4998 3516 5014 ⁸
3552 4981 3647 5034 καὶ
3685 4979 3757 5033 τὰ

2087 5090 2186 5163 μὲν
2209 5090 2380 5157 ἄλογα
2415 5086 2726 5157 φιλοσοφεῖν
2753 5085 3100 5140 διδάσκουσιν
3122 5125 3139 5150 ,
3164 5083 3319 5137 αὐτοὶ
3337 5078 3397 5135 δέ
3416 5081 3497 5145 είς
3519 5079 3619 5151 τὴν
3644 5076 3755 5131 τῶν

2082 5187 2293 5256 ἀλόγων
2322 5182 2616 5258 θηριωδίαν
2648 5183 2932 5253 ἀνέχονται
2960 5180 3341 5252 καταγόμενοι.

2151 5286 2386 5355 Αίνιγμα
2409 5294 2431 5322 ο
2464 5281 2525 5336 τὺ
2556 5281 2788 5353 πρᾶγμά
2826 5282 2965 5336 ἐστι.
3009 5278 3121 5333 Καὶ
3148 5276 3251 5331 ποῦ
3283 5274 3353 5329 τά
3389 5273 3562 5344 ἄλογα
3598 5271 3753 5341 φιλό-

2085 5392 2240 5444 σοφα,
2268 5373 2465 5445 φησίν;
2490 5372 2562 5425 Ἦ
2592 5370 2652 5424 οὐ
2679 5370 2828 5424 δοκεῖ
2854 5384 2936 5422 σοι
2964 5364 3280 5438 φιλοσοφίας
3310 5359 3451 5417 εἶναι
3482 5359 3750 5432 μεγάλης,

2081 5464 2211 5517 ὅταν
2242 5461 2393 5516 κύων
2437 5459 2769 5530 δακνόμενος
2810 5457 2916 5511 ὑπὸ
2957 5454 3050 5510 τοῦ
3082 5451 3245 5523 λιμοῦ
3266 5491 3283 5517 ,
3318 5448 3456 5523 μετά
3479 5447 3541 5502 τδ
3563 5447 3755 5501 λαϐεῖν

2080 5552 2174 5605 καὶ
2202 5548 2491 5621 θηρεῦσαι,
2521 5549 2802 5619 παρούσης
2826 5544 3098 5614 ἀπέχηται
3121 5541 3221 5613 τῆς
3240 5538 3471 5612 τροφῆς,
3498 5537 3593 5591 καὶ
3612 5534 3756 5621 τρά-

2081 5637 2252 5703 πεζαν
2276 5620 2420 5708 δρῶν
2460 5632 2891 5705 παρακειμένην,
2923 5630 3017 5682 καὶ
3064 5626 3159 5681 τοῦ
3200 5623 3363 5696 λιμοῦ
3394 5620 3752 5689 κατεπείγον-

2080 5743 2170 5789 τος
2199 5723 2464 5795 ἀναμένοι
2504 5720 2598 5774 τὸν
2623 5719 2926 5788 δεσπότην;
2964 5715 3300 5786 Αἰσχύνθητε
3328 5708 3585 5773 ἑαυτούς·
3622 5725 3753 5763 παις

2078 5813 2305 5869 δεύσατε
2331 5810 2429 5874 τάς
2463 5808 2733 5883 ὑμετέρας
2754 5804 3223 5878 γαστέραςοῦτως
3242 5798 3384 5858 εἴναι
3403 5800 3749 5870 φιλοσόφους.

2146 5933 2333 5985 'Alius
2392 5938 2614 5994 συνῆγον,
2657 5931 2873 5994 τουτέστι
2920 5930 3001 5979 καὶ
3038 5925 3258 5994 ᾇ-πλοῦς.
3293 5988 3305 5994 _
3336 5924 3365 5964 δ
3414 5924 3750 5994 υηιιεᾲψδχῆς

2083 5999 2232 6054 οὐδεὶς
2252 5998 2405 6059 λόγος,
2455 5988 2611 6044 ἀλλά(
2682 5997 2703 6024 ε
2726 5991 2860 6043 Idem
2894 5991 3142 6055 Θηριωδὶαν
3185 5988 3489 6053 κατάγονται.
3529 5992 3747 6048 Δίνιγμα.
