4108 6172
402 361 506 420 249

396 513 514 553 rem
544 509 665 551 esse
687 508 921 551 scenam.
952 491 1132 564 Neque
1161 491 1302 546 enim
1340 491 1428 561 qui
1467 504 1677 560 semper
1701 498 1971 558 cesserat,

396 590 486 648 hic
513 605 619 645 non
643 588 920 654 cessisset,
946 584 1036 657 qui
1064 585 1134 640 ita
1163 583 1384 639 Paulum
1409 583 1640 650 amabat,
1670 593 1726 637 ut
1748 583 1974 639 antehae

399 691 659 756 quaereret
687 697 808 738 eum
839 680 1011 746 Tarsi,
1039 687 1094 734 et
1118 677 1187 733 ad
1213 676 1485 747 apostolos
1514 677 1685 746 ipsum
1725 677 1972 732 introdu-

396 785 538 832 ceret
557 816 574 843 ,
605 782 658 830 et
694 775 1087 845 eleemosynam
1115 783 1451 825 communem
1484 767 1722 835 faceret,
1749 778 1802 823 et
1830 768 1970 839 quod

393 872 458 926 ad
503 870 693 941 dogma
744 868 934 923 attinet
970 905 986 931 ,
1030 863 1383 920 communiter
1429 861 1742 928 susciperet.
1790 859 1972 930 Itaque

391 979 496 1020 non
522 971 741 1033 propter
762 961 898 1015 hanc
919 973 1032 1014 rem
1065 957 1229 1010 iratus
1251 953 1456 1009 fuisset.
1484 952 1590 1009 Sed
1619 961 1933 1022 separantur
1951 993 1967 1018 ,

389 1066 444 1110 ut
465 1055 712 1118 doceant,
738 1060 793 1106 et
813 1065 908 1120 per
925 1047 1317 1118 separatiouem
1347 1058 1460 1110 eos,
1491 1045 1580 1114 qui
1611 1043 1847 1098 doctrina
1874 1056 1968 1095 sua

390 1147 643 1216 egebant,
675 1143 957 1198 instituant
990 1158 1004 1195 :
1030 1152 1088 1194 ut
1115 1139 1272 1193 etiam
1303 1137 1428 1193 alibi
1462 1135 1588 1190 facit
1610 1136 1833 1191 dicens:
1869 1134 1970 1188 Vos

387 1248 556 1292 autem
573 1253 638 1290 ne
652 1232 995 1305 defatigemini
1013 1232 1194 1286 bonum
1217 1230 1454 1300 facientes
1471 1228 1548 1299 (2.
1575 1227 1750 1281 Thess.
1774 1228 1824 1282 '5.
1852 1227 1963 1295 i3).

388 1330 458 1385 Et
493 1329 626 1385 alios
654 1327 866 1398 quidem
906 1325 1181 1394 increpat,
1218 1321 1368 1392 jubet
1409 1329 1586 1375 autem
1626 1319 1762 1374 bene
1791 1318 1968 1374 facere

387 1436 512 1492 erga
564 1435 770 1475 omnes.
817 1418 929 1472 Hoc
971 1415 1132 1472 etiam
1177 1416 1230 1469 in
1269 1411 1652 1468 consuetudine
1681 1409 1960 1465 habemus.

390 1514 486 1568 ilic
512 1521 688 1567 autem
717 1509 844 1566 mihi
869 1507 1119 1564 videntur
1147 1506 1234 1560 alii
1261 1519 1472 1576 quoque
1498 1503 1750 1573 indignati
1772 1503 1963 1556 essein

386 1603 628 1658 Paulum.
655 1602 722 1656 Et
745 1608 924 1672 postea
947 1599 1057 1666 ille,
1088 1598 1215 1667 ipsis
1234 1610 1476 1652 seorsum
1501 1595 1764 1661 adductis,
1788 1595 1963 1649 omnia

386 1695 534 1757 facit,
563 1703 767 1760 monet,
796 1692 1056 1746 hortatur.
1088 1689 1246 1744 Multa
1276 1697 1450 1759 potest
1470 1688 1776 1754 concordia,
1802 1689 1963 1742 multa

382 1785 577 1840 caritas
603 1801 616 1838 :
641 1781 846 1838 etiamsi
872 1795 970 1852 pro
990 1795 1050 1836 re
1071 1794 1260 1850 magna
1285 1793 1459 1851 roges,
1484 1779 1690 1834 etiamsi
1721 1778 1963 1848 indignus

383 1875 492 1940 sis,
521 1881 740 1944 propter
767 1871 1096 1942 propositum
1123 1869 1355 1925 audieris
1373 1909 1386 1932 ,
1419 1884 1486 1925 ne
1512 1869 1719 1924 timeas.
1745 1867 1962 1922 Peram-

381 1967 605 2032 bulabat,
635 1965 825 2035 inquit,
849 1963 1088 2018 civitates.
1114 1961 1183 2017 Et
1205 1979 1316 2018 ecce
1341 1973 1446 2018 erat
1469 1963 1746 2034 discipulus
1765 1965 1964 2017 nomine

384 2056 674 2112 Timotheus
695 2097 712 2122 ,
747 2057 832 2125 qui
874 2056 1212 2110 testimonium
1241 2055 1451 2110 habebat
1479 2072 1512 2108 a
1555 2056 1795 2127 fratribus
1817 2096 1831 2119 ,
1877 2057 1962 2126 qui

380 2160 524 2206 erant
551 2151 747 2224 Lgstris
774 2166 819 2210 et
845 2155 1028 2212 Iconii.
1057 2157 1241 2227 Magna
1269 2156 1402 2211 ﬁdes
1421 2157 1438 2188 ί
1460 2156 1748 2222 Timothei,
1776 2156 1863 2225 qui
1896 2155 1962 2210 ab

380 2245 628 2301 omnibus
653 2249 1010 2304 testimonium
1040 2250 1212 2305 habet.
1243 2250 1464 2315 Quando
1491 2249 1734 2305 discessit
1758 2249 1960 2302 Barna.

378 2337 738 2403 bas,alterum
763 2340 859 2411 ipsi
883 2357 1060 2412 parem
1083 2342 1300 2398 invenit.
1332 2343 1406 2397 De
1425 2341 1524 2399 hoc
1545 2343 1740 2412 inquit:
1766 2341 1961 2396 Memor

378 2427 721 2501 lacrymarum
749 2442 947 2488 tuarum
977 2443 1023 2487 et
1051 2435 1170 2503 fidei
1197 2444 1297 2489 tute
1321 2451 1420 2490 non
1441 2436 1723 2500 simulate,
1752 2451 1864 2505 qua:
1882 2435 1962 2487 in-

376 2521 616 2576 habitavit
637 2525 799 2592 primo
819 2527 870 2578 in
889 2525 1002 2579 avia
1026 2535 1113 2579 tua
1137 2525 1316 2593 Laide,
1334 2537 1383 2580 et
1410 2527 1462 2580 in
1483 2537 1643 2580 matre
1663 2534 1749 2580 tua
1772 2525 1963 2580 Eunice

378 2614 453 2680 (2.
476 2614 606 2669 Tim.
634 2617 841 2688 1.4.5).
865 2618 930 2672 Et
946 2635 1225 2686 assumens,
1249 2620 1436 2690 inquit,
1461 2620 1605 2674 illum
1626 2621 1957 2674 circumcidit.

377 2704 490 2772 Qua
515 2707 584 2763 de
603 2722 761 2764 causa
791 2709 903 2778 ipse
929 2709 1096 2776 addit,
1125 2711 1309 2766 dicens
1335 2729 1347 2765 :
1373 2710 1592 2780 Propter
1621 2710 1852 2773 Judwos,
1873 2710 1957 2781 qui

379 2807 519 2851 eram
545 2801 598 2853 in
629 2800 750 2854 focis
777 2801 898 2855 illis.
931 2799 1055 2855 Ideo
1080 2815 1208 2871 ergo
1233 2801 1657 2865 circumciditur;
1691 2801 1772 2855 vel
1801 2801 1957 2855 etiam

378 2897 594 2959 propter
633 2900 858 2958 patrem,
901 2893 988 2960 qui
1014 2893 1230 2961 gentilis
1249 2892 1520 2946 manebat.
1550 2892 1691 2961 Ergo
1720 2906 1826 2946 non
1856 2892 1960 2947 cir-

375 2981 644 3037 cumcisus
670 2991 807 3037 erat.
844 2982 978 3037 Vide
999 2982 1109 3051 jam
1141 2983 1371 3038 solutam
1401 2983 1591 3053 legem.
1615 2983 1836 3050 Quidam
1864 2999 1961 3038 au-

375 3081 482 3127 tem
524 3081 708 3142 putant
757 3072 903 3127 illum
948 3081 1066 3143 post
1106 3073 1539 3143 praedicationem
1571 3086 1748 3129 uatum
1792 3088 1954 3141 esse;

371 3165 473 3220 sed
498 3164 679 3221 forsan
711 3164 814 3220 hoc
845 3181 949 3219 non
977 3175 1078 3220 est.
1108 3167 1186 3220 Ab
1207 3167 1423 3237 infantia
1451 3184 1609 3234 enim,
1643 3168 1839 3238 inquit,
1868 3185 1953 3221 sa-

370 3271 489 3311 cras
530 3255 700 3310 literas
729 3257 880 3310 nosti.
921 3255 1051 3312 Illud
1087 3258 1246 3329 igitur
1271 3268 1356 3313 est
1379 3259 1697 3325 dicendum;
1725 3260 1808 3315 vel
1846 3259 1956 3314 fur-

371 3355 538 3410 tasse,
567 3348 690 3419 quia
721 3349 872 3404 illum
901 3349 1245 3406 ordinaturus
1274 3359 1390 3406 erat
1410 3351 1741 3422 episcopum,
1766 3360 1817 3406 et
1847 3367 1954 3408 non

370 3437 597 3494 decebat
642 3439 1068 3496 incircumcisum
1116 3455 1255 3497 esse.
1304 3440 1420 3497 Jam
1474 3452 1652 3498 autem
1705 3443 1954 3513 gentibus

373 3529 506 3584 nihil
545 3531 650 3586 tale
682 3533 1000 3588 servandum
1027 3543 1160 3589 erat.
1193 3534 1376 3605 Neque
1401 3534 1500 3590 hoc
1533 3551 1751 3605 parvum
1795 3545 1911 3592 erat
1932 3578 1948 3604 ,

367 3622 584 3692 quando
611 3632 729 3693 post
759 3633 960 3679 tantum
989 3632 1198 3696 tempus
1224 3627 1324 3682 hoc
1345 3626 1447 3682 illis
1472 3627 1792 3683 oll‘endiculo
1811 3637 1950 3684 erat.

372 3715 582 3771 Initium
629 3717 990 3788 abrogationis
1026 3729 1160 3786 erat,
1208 3721 1347 3792 quod
1401 3723 1627 3791 gentiles
1677 3723 1791 3779 haec
1845 3737 1948 3777 non

373 3819 648 3866 servarent
673 3825 845 3882 neque
871 3813 994 3868 hinc
1019 3813 1370 3878 laederentur,
1399 3815 1633 3885 nihilque
1663 3816 1837 3872 minus
1857 3815 1951 3870 haa-

375 3900 562 3957 herent
587 3904 730 3959 circa
756 3903 916 3961 fidem
943 3921 956 3957 :
986 3914 1177 3975 sponte
1199 3905 1412 3962 demum
1435 3907 1777 3964 desistebant.
1816 3910 1949 3977 Quia

373 3993 532 4064 igitur
573 3995 958 4064 praedicaturus
995 4006 1132 4065 erat,
1164 4014 1232 4054 ne
1269 3999 1551 4070 dupliciter
1577 4013 1831 4073 pungeret
1857 4003 1951 4059 Ju-

373 4084 519 4141 daaos
538 4128 553 4153 ,
582 4086 722 4142 hunc
745 4088 1098 4158 circumcidit,
1130 4090 1373 4161 quamvis
1397 4106 1463 4147 ex
1499 4091 1718 4148 dimidio
1745 4102 1946 4150 tantum

372 4185 536 4244 esset,
569 4191 718 4248 patre
750 4181 954 4250 gentili,
991 4189 1161 4236 matre
1193 4180 1355 4238 ﬁdeli.
1396 4185 1641 4239 Attamen
1672 4185 1794 4256 quia
1830 4202 1947 4241 ma-

369 4282 534 4337 gnum
559 4279 676 4325 erat
702 4286 836 4340 Opus
864 4273 998 4340 hoc,
1038 4274 1178 4344 quod
1217 4274 1358 4330 inter
1381 4287 1567 4346 gentes
1598 4277 1698 4334 hoc
1724 4289 1946 4350 ageret,

373 4374 476 4414 non
520 4364 723 4417 curavit
760 4363 926 4429 illud;
959 4365 1240 4434 oportebat
1266 4367 1407 4421 enim
1446 4369 1664 4424 verbum
1703 4371 1948 4427 dissemi-

373 4452 484 4506 nari
511 4452 670 4508 :idco
707 4462 761 4509 et
799 4455 915 4524 ipse
951 4456 1100 4510 illum
1133 4457 1478 4514 circumcidit.
1510 4460 1607 4514 Hic
1641 4463 1800 4517 etiam
1826 4462 1948 4520 vide

373 4543 498 4598 dum
543 4561 574 4602 e
617 4549 883 4605 contrario
925 4548 1135 4604 videtur
1162 4565 1340 4621 agere,
1380 4567 1628 4622 magnum
1675 4565 1945 4624 peractum

373 4636 593 4693 bonum.
639 4635 705 4692 Et
744 4639 1071 4695 abundabant
1107 4657 1334 4709 numero,
1367 4643 1556 4714 inquit.
1596 4645 1781 4702 Viden’
1808 4664 1944 4720 quo-

373 4730 532 4785 modo
569 4744 678 4787 non
721 4732 892 4788 solum
933 4735 1064 4789 nihil
1109 4737 1352 4792 nocuerit
1379 4737 1738 4808 circumcisio,
1767 4741 1860 4796 sed
1891 4752 1946 4799 et

375 4821 658 4886 plurimum
684 4824 987 4894 profuerit?
1015 4825 1081 4882 Ut
1101 4838 1267 4882 autem
1297 4829 1534 4885 visionem
1559 4831 1710 4900 vidit,
1741 4834 1942 4902 statim,

372 4913 560 4984 inquit,
595 4919 914 4987 qmsivimus
944 4921 1196 4988 proﬁcisci
1220 4922 1275 4977 in
1302 4921 1683 4993 Macedoniam,
1714 4929 1837 4982 certi
1865 4933 1947 4999 fa-

369 5009 437 5061 cti
460 5007 598 5073 quod
619 5019 841 5065 vacasset
861 5027 952 5066 nos
974 5009 1130 5066 Deus.

448 5101 710 5159 Visionum
731 5111 777 5158 et
800 5105 1110 5160 somniorum
1130 5107 1402 5162 distinctio.
1419 5138 1491 5151 -
1515 5110 1668 5178 Vide,
1701 5127 1808 5170 non
1829 5113 1939 5183 jam

370 5207 464 5260 per
505 5193 776 5265 angelum,
799 5204 857 5250 ut
877 5195 1126 5267 Philippo
1155 5207 1208 5251 et
1239 5197 1515 5267 Cornelio;
1538 5204 1632 5258 sed
1659 5204 1820 5273 quid?
1842 5205 1944 5262 Per

367 5287 626 5344 visionem
651 5298 873 5360 apparet
897 5290 996 5360 ipsi
1036 5289 1288 5360 deinceps
1335 5293 1566 5349 humano
1613 5312 1784 5364 more,
1833 5316 1939 5356 non

367 5378 565 5434 divino.
594 5379 696 5437 Ubi
721 5382 862 5437 enim
889 5381 1097 5437 facilius
1121 5393 1234 5437 erat
1259 5385 1600 5454 persuadere,
1621 5387 1937 5458 humanius;

365 5471 456 5526 ubi
482 5487 672 5544 magna
693 5474 775 5529 vis
803 5473 1220 5540 desiderabatur,
1255 5475 1502 5532 divinius.
1526 5478 1655 5534 Nam
1686 5481 1773 5536 ubi
1804 5497 1940 5552 prte-

363 5561 547 5621 dieare
586 5564 873 5622 festinabat
914 5567 1109 5633 solum,
1142 5567 1213 5623 ibi
1241 5567 1507 5624 somnium
1550 5570 1650 5640 ipsi
1688 5585 1937 5644 apparet;

365 5656 456 5712 ubi
479 5672 608 5714 vero
637 5658 929 5730 pradicsre
959 5676 1066 5717 non
1086 5661 1461 5733 sustinebatur,
1495 5663 1564 5720 ibi
1588 5664 1819 5736 Spiritus
1848 5685 1938 5725 re-

433 5837 450 5864 ι
470 5837 596 5883 Unus
617 5832 785 5897 habet,
812 5835 1255 5911 gratia,-pro,ﬁdes

1349 374 1412 430 IN
1451 374 1629 432 ACTA
1666 375 2185 435 APOSTOLORUM.
2229 379 2457 437 IIOMIL.
2498 371 2742 441 XXXIV.

3561 391 3667 451 250

2079 491 2240 548 velat.
2270 494 2359 551 Sic
2387 508 2439 552 et
2463 497 2568 553 illic
2588 498 2779 555 Petro:
2807 500 3054 572 Surgens,
3085 503 3346 560 descende.
3373 504 3491 561 Non
3520 507 3662 562 enim

2079 582 2252 639 facilia
2269 589 2589 656 operabatur
2603 591 2856 661 Spiritus,
2875 593 2970 648 sed
2983 595 3111 650 satis
3126 605 3244 652 erat
3257 598 3356 668 ipsi
3373 598 3659 653 somnium.

2077 674 2311 747 Josepho
2330 695 2541 752 quoque
2561 683 2715 740 facile
2736 685 2978 741 credenti
2999 688 3262 744 somnium
3285 700 3525 761 apparet.
3544 689 3663 748 aliis

2076 783 2206 822 vero
2232 769 2387 825 visio.
2412 773 2488 828 Ita
2520 785 2574 829 et
2601 774 2853 831 Cornelio
2887 787 2941 832 et
2984 778 3110 834 huic
3150 780 3270 849 ipsi.
3307 779 3376 834 Et
3405 798 3536 848 ecce,
3568 783 3657 837 in-

2076 861 2208 929 quit,
2239 863 2316 916 vir
2342 863 2557 920 Macedo
2576 876 2733 932 stans,
2765 868 3028 923 obsecrans
3062 878 3109 923 et
3137 871 3328 926 dicens.
3360 871 3475 928 Non
3503 871 3658 941 dixit,

2073 952 2418 1024 ﬂraecipiens,
2448 958 2884 1026 sed.Obsecrans;
2908 962 2958 1017 id
2986 972 3088 1026 est.
3118 978 3215 1033 pro
3257 965 3321 1018 iis
3366 966 3456 1034 qui
3499 982 3657 1020 cura-

2075 1046 2221 1102 tione
2247 1063 2383 1118 Opns
2419 1048 2705 1108 habebant.
2746 1053 2883 1121 Quid
2914 1063 3018 1121 est,
3050 1055 3184 1109 Certi
3209 1056 3372 1126 facti!
3416 1057 3526 1110 Hoc
3553 1066 3656 1123 est,

2073 1139 2458 1208 conjectantes,
2488 1142 2802 1201 inferentes.
2827 1146 2959 1201 Nam
2991 1148 3128 1218 quod
3161 1147 3356 1204 Paulus
3383 1149 3578 1204 viderit
3603 1163 3657 1204 et

2073 1245 2230 1284 nemo
2253 1231 2408 1299 alius,
2437 1242 2492 1288 et
2527 1235 2670 1304 quod
2697 1236 2997 1306 prohibitus
3018 1239 3088 1294 sit
3114 1254 3144 1294 a
3170 1241 3390 1310 Spiritu,
3431 1251 3485 1295 et
3514 1241 3654 1310 quod

2072 1321 2126 1374 in
2165 1324 2407 1379 terminis
2437 1335 2636 1392 essent,
2669 1342 2735 1382 ex
2768 1328 2852 1383 bis
2893 1330 3144 1386 omnibus
3175 1330 3287 1386 haec
3331 1331 3652 1386 inferebant.

2070 1411 2319 1483 Alioquin
2351 1417 2620 1486 navigatio
2647 1418 2775 1474 illud
2807 1419 3107 1476 iudicabat:
3136 1437 3308 1493 neque
3344 1425 3487 1478 enim
3520 1423 3656 1478 mul-

2071 1512 2182 1559 tum
2215 1514 2423 1576 tempus
2449 1519 2584 1574 erat,
2617 1525 2724 1580 quo
2762 1511 2817 1566 in
2864 1512 3011 1567 illam
3056 1512 3378 1570 Macedoniae
3418 1513 3652 1571 radicem

2069 1610 2344 1656 venerant.
2370 1603 2544 1672 Atque
2570 1605 2640 1658 ita
2663 1604 2928 1661 dissensio
2948 1607 3149 1662 utiliter
3170 1609 3380 1677 provisa
3412 1608 3529 1663 fuit.
3549 1607 3655 1664 Ne-

2068 1707 2171 1762 que
2200 1694 2341 1748 enim
2370 1695 2502 1750 alias
2530 1695 2762 1766 Spiritus
2781 1707 2999 1755 sanctus
3023 1710 3276 1768 operatus
3291 1711 3455 1766 esset,
3482 1718 3655 1774 neque

2068 1783 2377 1841 Macedonia
2402 1787 2625 1844 verbum
2652 1793 2996 1860 suscepisset.
3024 1793 3226 1849 Tantus
3257 1809 3384 1850 vero
3414 1795 3503 1851 ille
3526 1811 3651 1866 pro-

2066 1876 2237 1932 fectus
2264 1878 2472 1951 signum
2503 1889 2638 1945 erat,
2664 1898 2777 1937 rem
2802 1893 3004 1953 gestam
3029 1900 3134 1940 non
3153 1884 3316 1941 fuisse
3339 1885 3647 1942 humanam.

2067 1970 2225 2040 Atqui
2247 1986 2353 2026 non
2377 1970 2530 2039 dixit,
2552 1973 2848 2029 Barnabam
2878 1977 3260 2033 cxacerbatum
3288 1978 3484 2042 fuisse;
3517 1979 3636 2044 sed,

2067 2061 2211 2116 Inter
2238 2063 2355 2118 illos
2381 2064 2626 2121 dissensio
2648 2067 2763 2138 fuit.
2793 2067 2850 2124 Si
2892 2069 2977 2125 hic
3005 2071 3356 2128 exacerbatus
3400 2087 3507 2127 non
3544 2081 3648 2137 est,

2067 2170 2240 2224 neque
2265 2155 2375 2211 ille.

2137 2249 2190 2304 5.
2234 2249 2360 2304 llaec
2389 2266 2509 2306 cum
2531 2251 2782 2321 sciamus,
2822 2269 2891 2310 ne
2915 2255 3278 2325 perfunctorie
3302 2257 3391 2312 illa
3413 2257 3649 2326 excipia-

2067 2358 2204 2407 mus,
2236 2343 2328 2399 sed
2371 2344 2640 2402 discamus
2672 2337 2727 2403 et
2770 2349 3140 2414 instituamur;
3181 2364 3354 2420 neque
3400 2352 3542 2404 enim
3573 2358 3648 2404 te-

2065 2448 2212 2488 mere
2241 2435 2498 2505 scriptum
2525 2447 2626 2493 est.
2645 2438 2887 2510 Magnum
2908 2439 3105 2495 malum
3131 2451 3216 2496 est
3240 2443 3487 2511 ignorare
3505 2441 3650 2497 Scri-

2065 2533 2280 2594 pturas:
2302 2541 2332 2580 a
2358 2527 2552 2596 quibus
2575 2530 2747 2599 juvari
2777 2541 3069 2600 oporteret,
3095 2533 3162 2587 ab
3189 2533 3253 2588 iis
3275 2534 3538 2588 laedimur.
3558 2533 3647 2590 Sic

2065 2618 2368 2687 frequenter
2387 2619 2672 2688 pltarmaca
2694 2621 2801 2675 vim
2824 2622 3075 2679 medendi
3096 2624 3367 2688 habentia,
3387 2640 3508 2680 cum
3531 2625 3648 2695 ejus

2065 2723 2220 2762 usum
2247 2710 2495 2764 nesciunt
2523 2711 2614 2780 qui
2654 2711 2743 2766 illa
2773 2712 3050 2776 adhibent,
3083 2725 3277 2768 nocent
3303 2728 3366 2766 ac
3408 2727 3649 2782 pessum-

2063 2792 2225 2847 dant:
2251 2802 2306 2847 et
2329 2809 2477 2848 arma
2508 2809 2627 2864 quae
2655 2804 2879 2864 possunt
2904 2797 3076 2862 tueri,
3094 2797 3197 2851 nisi
3222 2798 3342 2867 quis
3367 2805 3517 2852 recte
3542 2797 3650 2852 cir-

2060 2892 2369 2954 cumponat,
2389 2885 2453 2939 iis
2467 2894 2705 2940 utentem
2724 2888 3014 2956 perimunt.
3034 2888 3202 2944 Causa
3225 2904 3354 2944 vero
3379 2897 3482 2954 est,
3505 2888 3645 2960 quod

2060 2974 2236 3028 omnia
2287 2976 2457 3046 magis
2484 2992 2808 3047 quaeramus,
2838 2993 2995 3049 quam
3027 2979 3221 3035 anima:
3248 2980 3561 3047 utilitatem;
3589 2992 3646 3037 et

2059 3067 2161 3121 alia
2187 3067 2358 3137 magis
2379 3079 2708 3138 spectemus,
2737 3085 2896 3140 quam
2923 3071 3209 3129 utilitatem
3243 3081 3503 3129 nostram.
3535 3074 3643 3129 Do-

2059 3172 2179 3213 mus
2214 3170 2360 3214 certe
2385 3159 2694 3217 ﬁrmitatem
2725 3177 2867 3233 saepe
2903 3165 3219 3234 quaerimus,
3265 3179 3366 3220 nec
3408 3165 3641 3235 patimur

2059 3248 2206 3303 illam
2234 3258 2503 3306 vetustate
2528 3261 2807 3308 nutantem
2829 3255 2912 3310 vel
2941 3254 3211 3310 labentem
3235 3255 3438 3319 videre,
3471 3272 3643 3326 neque

2055 3353 2086 3392 a
2109 3348 2422 3410 tempestate
2446 3341 2830 3411 periclitantem
2852 3362 2864 3398 :
2880 3343 2947 3400 de
2963 3347 3139 3400 anima
3153 3361 3282 3402 vero
3300 3346 3443 3402 nulla
3468 3362 3592 3402 cura
3616 3365 3630 3400 :

2055 3430 2150 3486 sed
2180 3433 2392 3488 etiamsi
2423 3433 2770 3492 fundamenta
2799 3437 2920 3507 ejus
2947 3432 3160 3494 inlirma'
3196 3439 3494 3505 videamus,
3519 3441 3637 3496 licet

2055 3533 2110 3579 et
2132 3532 2460 3581 structuram
2489 3534 2544 3582 et
2573 3535 2771 3582 tectum
2798 3529 3020 3600 perinde
3049 3530 3279 3598 habere;
3313 3532 3513 3588 nullam
3536 3531 3636 3587 ho-

2053 3633 2172 3672 rum
2199 3619 2462 3674 rationem
2491 3619 2769 3676 habemus.
2807 3621 2937 3677 Item
2963 3623 3011 3679 si
3039 3633 3282 3681 armenta
3322 3625 3635 3694 habeamus,

2055 3711 2184 3781 quid
2211 3711 2316 3766 illis
2341 3712 2512 3782 prosit
2536 3713 2849 3782 quaerimus,
2882 3714 3238 3787 ductoresque
3273 3732 3337 3773 ac
3375 3719 3631 3782 medicos,

2054 3819 2375 3876 omnemque
2395 3804 2625 3876 lapidem
2651 3821 2930 3862 movemus
2947 3809 3000 3862 ίε
3027 3807 3212 3864 domos
3241 3826 3454 3882 quoque
3478 3827 3636 3868 cura-

2053 3910 2194 3958 mus,
2221 3904 2278 3950 et
2305 3910 2399 3951 eos
2429 3896 2620 3966 quibus
2651 3896 2767 3951 hmo
2792 3898 3078 3954 commissa
3104 3909 3229 3956 sunt
3250 3903 3546 3970 hortamur,
3574 3914 3634 3958 ut

2051 4003 2161 4044 non
2191 3998 2393 4046 temere
2416 3990 2502 4046 vel
2527 3989 2888 4062 perfunctorie
2924 3993 3166 4064 jumenta
3192 3995 3428 4066 abigant,
3458 4012 3633 4068 neque

2051 4094 2214 4136 onera
2244 4081 2537 4152 imponant,
2580 4082 2665 4138 vel
2711 4083 3030 4154 intempesta
3062 4094 3220 4140 nocte
3259 4086 3509 4154 educant,
3541 4087 3630 4142 vel

2051 4172 2306 4226 alimenta
2332 4171 2677 4238 venumdent,
2712 4175 2998 4244 multaque
3034 4175 3179 4245 leges
3208 4175 3346 4244 apud
3375 4190 3474 4232 nos
3503 4186 3631 4232 sunt

2051 4263 2117 4318 ad
2145 4263 2426 4340 utilitatem
2457 4263 2822 4332 jumentorum
2847 4284 2860 4319 :
2884 4266 2952 4321 de
2977 4267 3151 4321 anima
3179 4269 3317 4323 ratio
3343 4268 3508 4323 nulla.
3526 4269 3632 4326 Ve-

2050 4369 2170 4409 rum
2201 4353 2326 4422 quid
2353 4353 2474 4409 dico
2492 4354 2560 4410 de
2579 4355 2770 4423 brutis,
2795 4372 2914 4426 quae
2935 4356 3091 4412 nobis
3117 4357 3264 4413 utilia
3285 4360 3444 4414 sunt?
3475 4359 3628 4416 Multi

2053 4453 2196 4511 sunt,
2225 4445 2315 4516 qui
2345 4459 2590 4515 passeres
2616 4446 2814 4502 habent
2842 4449 2909 4504 ad
2937 4449 3070 4504 nihil
3097 4451 3273 4516 utiles,
3306 4450 3402 4508 sed
3425 4454 3514 4524 qui
3539 4469 3627 4510 so-

2050 4538 2160 4593 lum
2185 4547 2452 4607 recreant,
2475 4538 2764 4611 multaeque
2783 4552 2909 4597 sunt
2935 4544 3076 4598 circa
3117 4544 3237 4599 illos
3267 4545 3433 4617 leges,
3462 4547 3627 4604 nihil-

2048 4645 2152 4702 que
2163 4629 2447 4701 negligitur
2461 4632 2545 4688 vel
2560 4631 2850 4689 omittitur:
2873 4637 3155 4708 omniaque
3171 4640 3338 4711 magis
3353 4657 3624 4708 curamus,

2049 4736 2206 4791 quam
2231 4738 2329 4778 nos
2355 4723 2522 4794 ipsos.
2553 4723 2642 4780 Sic
2671 4727 2920 4783 omnibus
2947 4744 3132 4786 sumus
3175 4731 3540 4802 ignobiliores.
3569 4733 3626 4791 Si

2053 4815 2173 4885 quis
2193 4817 2582 4874 contumeliose
2603 4819 2756 4874 nobis
2775 4819 2989 4888 dixerit,
3009 4821 3191 4891 Canis,
3216 4826 3486 4885 dolemus'
3507 4844 3627 4884 cum

2051 4921 2180 4962 vero
2205 4921 2303 4962 nos
2329 4908 2430 4978 ipsi
2460 4908 2615 4965 nobis
2643 4913 3020 4968 contumeliam
3045 4914 3342 4984 inferimus,
3375 4933 3481 4974 non
3511 4936 3629 4977 ver-

2051 4997 2138 5063 bo,
2170 4997 2266 5053 sed
2287 5013 2368 5063 re,
2397 5014 2498 5054 nec
2519 5009 2719 5056 tantam
2746 5003 2938 5060 anima:
2961 5019 3143 5060 curam
3167 5006 3444 5076 habemus,
3462 5025 3622 5082 quam

2054 5103 2270 5153 cauum,
2294 5088 2426 5143 nihil
2449 5103 2550 5144 nos
2571 5091 2680 5160 pati
2703 5101 2968 5163 putamus.
2997 5095 3186 5153 Videte
3213 5101 3424 5170 quantis
3450 5103 3629 5158 omnia

2055 5180 2212 5250 plena
2237 5179 2346 5234 sint
2373 5181 2629 5237 tenebris.
2656 5183 2801 5250 Quot
2827 5195 2954 5242 sunt
2985 5188 3075 5258 qui
3104 5190 3341 5258 student,
3370 5209 3438 5248 ne
3463 5209 3626 5252 canes

2051 5271 2172 5341 plus
2196 5287 2350 5341 aequo
2373 5273 2731 5340 exsatientur;
2763 5285 2822 5331 ut
2849 5278 2958 5332 sint
2999 5280 3216 5337 veloces
3264 5292 3320 5338 et
3361 5288 3627 5343 venatorii

2052 5373 2323 5432 premente
2353 5363 2522 5431 fame;
2541 5365 2609 5421 de
2630 5381 2690 5422 se
2708 5384 2838 5424 vero
2859 5371 2987 5425 nihil
3009 5372 3380 5430 sollicitudinis
3401 5375 3620 5446 habent,

2049 5471 2224 5527 neque
2261 5456 2365 5511 sibi
2411 5459 2746 5528 praecipiunt,
2777 5475 2845 5516 ne
2870 5462 3075 5519 deliciis
3117 5465 3245 5520 dent
3289 5482 3542 5538 operam:
3575 5483 3626 5527 et

2046 5548 2199 5604 bruta
2232 5547 2448 5618 quidem
2479 5547 2847 5620 philosophari
2875 5553 3090 5624 docent,
3119 5571 3180 5613 se
3207 5573 3335 5615 vero
3358 5561 3410 5616 in
3440 5561 3622 5621 bruto-

2044 5656 2161 5696 rum
2192 5641 2452 5698 feritatem
2477 5642 2583 5699 labi
2611 5645 2902 5715 patiuntur.

2108 5797 2206 5877 inin
2214 5797 2740 5877 frateolegiturgam
2755 5815 2868 5858 κάλων
2883 5821 3065 5870 ιιπεμιν,
3089 5812 3214 5874 quod
3233 5818 3324 5877 est,
3349 5815 3621 5876 adllteram.

2058 5871 2242 5910 omnem
2259 5859 2520 5925 [iutirtdttin
2545 5874 2797 5918 movemus.
