4108 6172
470 366 571 421 251

552 476 821 529 Brutorum
845 466 1164 539 philosophia
1190 479 1321 536 qua.
1342 492 1413 501 —
1440 459 1684 528 jEnigma
1706 462 1789 508 est
1808 452 1922 504 hate
1944 461 2054 503 res.

481 570 547 622 lit
577 566 789 620 ubinam
814 571 938 617 sunt
963 559 1213 615 animalia
1237 552 1571 626 philoSOpha,
1604 545 1842 617 inquies?
1870 544 2061 598 Annon

483 661 577 715 tibi
606 640 815 713 videtur
844 670 1051 725 magna:
1077 665 1197 707 esse
1222 645 1593 719 philosOphize,
1619 656 1738 697 cum
1765 637 1915 693 canis
1946 649 2070 705 pre-

483 762 661 806 mente
678 749 839 814 fame,
867 755 1145 818 postquam
1166 745 1218 797 in
1236 749 1426 796 venatu
1449 736 1609 807 cepit,
1628 751 1656 788 a
1678 731 1925 804 prmsenti
1946 744 2065 783 esea

485 844 737 908 abstinet,
772 851 825 897 et
856 849 1077 910 urgente
1099 836 1237 891 fame
1261 833 1531 889 dominum
1549 826 1852 897 exspectat?
1872 823 2072 879 Pudeat

486 952 619 993 vos:
647 944 863 991 ventres
901 933 1093 988 docete
1134 938 1364 992 vestros,
1398 935 1457 981 ut
1501 927 1571 979 ita
1612 924 1720 979 sint
1745 916 2069 990 philosophi.

490 1030 643 1085 Nulla
664 1027 822 1082 vobis
851 1024 1123 1080 excusatio
1150 1029 1251 1076 est.
1298 1019 1429 1074 Cum
1461 1025 1665 1072 natura:
1703 1006 2073 1072 irrationabili,

1179 355 1235 409 S.
1274 345 1550 406 JO.\NN|S
1584 331 2059 399 CHRYSOSTOMI
2101 330 2415 387 ARCIHEP.
2442 328 2970 387 CONSTAN‘I‘INOP.

3634 328 3745 386 252

2162 443 2404 499 inﬁdeles
2432 445 2570 499 bene
2597 455 2779 514 agunt,
2808 453 2862 498 et
2891 445 3015 498 fera:
3034 457 3333 515 canesque;
3366 443 3467 500 soli
3498 443 3744 502 homines

2163 538 2401 592 minime.
2437 535 2542 593 Sed
2575 547 2630 591 et
2670 552 2767 590 nos
2811 538 2911 607 ipsi
2955 551 3054 591 nos
3079 539 3471 603 accusabimus,
3501 542 3591 610 qui
3623 557 3745 599 cum

2167 633 2437 695 volumus,
2469 638 2615 685 recte
2643 631 2878 701 agimus;
2907 644 3029 685 cum
3071 646 3201 685 vero
3242 632 3587 702 negligimus,
3621 653 3748 704 per-

2168 724 2450 777 trahimur.
2470 722 2601 777 Nam
2624 723 2772 779 exiis
2790 724 2973 790 etiam,
2995 723 3084 793 qui
3108 724 3417 795 nequissimi
3435 737 3577 793 sunt,
3600 730 3752 786 multi

2172 831 2315 884 saepe
2341 832 2464 869 cum
2491 816 2709 881 vellent,
2733 824 2861 871 sunt
2886 817 3092 871 mutati.
3119 815 3175 871 1η
3206 832 3363 872 causa
3389 828 3490 885 est,
3518 830 3575 875 ut
3617 823 3750 891 dixi,

2175 908 2299 977 quia
2322 908 2631 974 circuimus,
2647 923 2708 961 ea
2726 917 3028 978 quaerentes
3042 926 3161 980 qua:
3178 913 3298 967 aliis
3319 915 3465 969 utilia
3478 929 3621 984 sunt,
3646 934 3755 973 non

2179 1001 2352 1055 nobis.
2375 1002 2430 1056 Si
2451 1000 2666 1056 domum
2685 1004 3012 1060 exstruxeris
3028 1005 3385 1075 splendidam,
3401 1008 3591 1066 domus
3611 1027 3760 1066 com-

495 1136 614 1193 qua:
654 1134 753 1174 nec
783 1117 1018 1187 loquitur
1047 1128 1146 1169 nec
1183 1111 1549 1170 ratiocinalur,
1600 1114 1798 1160 tantam
1843 1100 2078 1171 philoso-
2184 1092 2343 1147 modo
2363 1091 2567 1193 studes.
2594 1108 2700 1148 ηοη
2728 1102 2852 1149 ῑυοε
2883 1095 2927 1149 Si
2957 1104 3161 1151 V6516“!
3188 1099 3521 1167 magniﬁcam
3540 1105 3759 1165 emeris.

501 1191 680 1280 phiam
714 1208 899 1263 indere
945 1207 1140 1278 possis,
1190 1203 1359 1259 multo
1408 1200 1577 1271 magis
1608 1196 1807 1268 poteris
1834 1194 1925 1248 tibi
1956 1191 2076 1262 ipsi.

500 1303 651 1371 Quod
680 1301 821 1356 enim
852 1316 918 1354 cx
952 1300 1179 1353 humana
1202 1294 1495 1366 diligentia,
1527 1306 1631 1345 non
1655 1306 1720 1345 ex
1751 1296 1935 1342 natura
1962 1299 2084 1354 pro-

506 1394 772 1449 ticiscatur
799 1390 998 1457 liquet;
1027 1387 1260 1456 alioquin
1289 1393 1563 1454 oporteret
1590 1393 1778 1435 omnes
1798 1391 1958 1432 canes
1985 1374 2086 1430 hoc

505 1484 724 1539 habere.
759 1479 946 1534 Estote
986 1478 1181 1533 saltem
1209 1478 1349 1532 sicut
1391 1488 1574 1530 canes.
1622 1471 1730 1526 Vos
1771 1484 1857 1525 me
1898 1469 2087 1538 cogitis

509 1577 631 1629 hinc
656 1572 897 1642 exempla
923 1570 1152 1625 ducere:
1184 1567 1508 1638 Oportuisset
1536 1565 1678 1620 enim
1708 1579 1737 1617 a
1766 1560 2087 1622 caelestibus;

508 1669 631 1738 quia
660 1680 788 1721 vero
815 1665 861 1720 si
896 1664 1000 1718 tale
1026 1661 1300 1733 quidpiam
1330 1661 1541 1726 dixero,
1582 1657 1759 1712 dicitis
1788 1656 1877 1710 illa
1904 1668 2093 1724 magna

510 1758 808 1815 esse:ideo
842 1757 973 1811 nihil
1016 1755 1309 1811 caelestium
1354 1766 1615 1808 memoro.
1647 1750 1703 1805 Si
1742 1749 1929 1802 dixero
1954 1746 2095 1801 Pan-

515 1850 846 1916 lum,dicitis
889 1849 1036 1904 illum
1084 1846 1250 1901 fuisse
1293 1842 1624 1915 apostolum;
1659 1840 1779 1894 ideo
1820 1853 1928 1892 non
1976 1836 2099 1892 dico

514 1943 757 1997 Paulum.
789 1940 846 1996 Si
876 1940 1061 1994 dixero
1084 1937 1377 2002 hominem,
1408 1933 1615 1997 dicetis,
1638 1930 1731 1985 Ille
1758 1929 1955 1999 potuit;
1981 1927 2100 1983 ideo

516 2050 690 2104 neque
722 2034 992 2088 hominem
1024 2030 1165 2096 dico,
1208 2028 1300 2084 sed
1329 2027 1579 2091 bestiam,
1624 2032 1679 2079 et
1718 2022 1942 2077 bestiam
1983 2036 2102 2092 quae

516 2127 619 2181 hoc
642 2139 747 2180 non
771 2140 835 2179 ex
869 2133 1058 2178 natura
1080 2138 1175 2176 sua
1203 2120 1382 2185 habet,
1416 2134 1483 2172 ne
1505 2116 1698 2171 dicatis
1720 2115 1887 2183 ipsam
1914 2128 1978 2168 ex
2006 2128 2103 2167 na-

521 2228 641 2271 tura
672 2217 893 2280 habere,
926 2230 1032 2269 non
1062 2211 1437 2283 exproposito
1478 2224 1607 2274 suo;
1638 2206 1885 2278 quodque
1912 2206 2103 2260 mirum

525 2316 628 2370 est,
661 2323 768 2361 non
798 2306 1072 2375 proposito
1099 2319 1215 2369 suo,
1247 2302 1340 2357 sed
1364 2315 1490 2356 cura
1529 2308 1636 2356 tua.
1675 2298 1788 2352 Non
1816 2297 1956 2366 quod
1983 2295 2105 2350 fati-

527 2408 669 2465 gata,
705 2411 809 2449 non
838 2394 979 2463 quod
1010 2409 1169 2448 cursu
1213 2393 1501 2461 discerpta,
1544 2405 1650 2445 non
1698 2388 1841 2459 quod
1890 2389 2110 2459 proprio

531 2488 713 2541 labore
737 2495 883 2555 parta
910 2485 1021 2539 ha~c
1048 2485 1274 2554 cogitet;
1304 2482 1399 2537 sed
1426 2483 1506 2536 his
1532 2480 1782 2535 omnibus
1813 2478 1954 2533 foras
1984 2479 2112 2534 mis-

534 2579 629 2644 sis,
646 2580 850 2646 jussum
870 2577 1070 2630 domini
1090 2584 1267 2631 servat
1283 2586 1329 2629 et
1354 2585 1537 2629 ventre
1554 2573 1613 2628 fit
1630 2573 1892 2643 superior.
1916 2572 2109 2637 Etiam,

536 2668 775 2737 inquies;
806 2676 1079 2736 exspectat
1125 2667 1266 2720 enim
1318 2665 1542 2727 laudari,
1592 2672 1866 2734 exspectat
1912 2663 2115 2733 majore

534 2758 635 2813 frui
667 2774 869 2813 mensa.
898 2758 987 2811 Dic
1017 2756 1179 2828 igitur
1210 2756 1301 2811 tibi
1332 2757 1451 2825 ipsi,
1484 2771 1669 2810 canem
1691 2770 1787 2826 spe
1808 2755 1999 2810 futurae
2018 2770 2116 2809 vo-

535 2851 749 2919 luptatis
781 2859 1097 2919 prmsentem
1119 2849 1426 2919 despicere;
1452 2857 1505 2903 tu
1532 2862 1660 2903 vero
1684 2863 1791 2903 non
1814 2848 1897 2904 vis
1923 2864 2018 2918 spe
2040 2847 2121 2903 fu—

540 2953 779 2994 turorum
832 2940 1096 2994 bonorum
1149 2939 1431 3009 prarsentia
1471 2947 1835 2994 contemnere.
1882 2939 1985 2994 Sed
2032 2939 2121 2993 ille

541 3032 752 3101 quidem
786 3031 952 3095 novit,
985 3032 1028 3083 si
1062 3029 1431 3097 intempeSIive
1452 3037 1501 3083 et
1532 3029 2000 3098 prseteriplacitnm
2023 3027 2122 3083 do-

547 3124 676 3176 mini
706 3122 883 3177 cibum
915 3121 1177 3191 degustel,
1212 3120 1303 3175 illo
1327 3120 1487 3175 etiam
1511 3118 1825 3189 privandum
1855 3134 1994 3186 esse,
2018 3135 2117 3175 nec

548 3223 784 3284 paratam
825 3228 1001 3269 escam
1043 3213 1344 3267 habiturum
1377 3227 1515 3277 esse,
1550 3212 1641 3267 sed
1675 3212 1855 3283 plagas
1884 3228 1979 3281 pro
1995 3214 2122 3270 cibo

546 3316 920 3377 accepturum;
958 3315 1009 3360 tu
1045 3320 1171 3359 vero
1203 3320 1270 3359 ne
1298 3304 1399 3358 hoc
1428 3304 1641 3374 quidem
1668 3312 1816 3373 potes
1842 3304 2057 3361 videre:
2077 3315 2132 3360 et

549 3400 689 3468 quod
716 3399 804 3454 ille
833 3413 862 3452 a
887 3397 1275 3454 consuetudine
1318 3396 1520 3461 didicit,
1572 3396 1674 3451 hoc
1705 3407 1759 3451 tu
1787 3398 1995 3452 ratione
2025 3414 2131 3452 non

550 3491 824 3547 emendas.
858 3490 1130 3545 Imitemur
1157 3502 1338 3543 canes.
1366 3486 1478 3542 Hoc
1498 3487 1747 3543 dicuntur
1764 3489 2134 3559 etaceipitres

554 3592 605 3636 et
633 3582 823 3648 aquilae
853 3580 1061 3645 facere;
1097 3588 1149 3633 et
1179 3579 1319 3634 sicut
1360 3578 1499 3633 inter
1538 3578 1679 3633 feras
1721 3587 1775 3633 et
1799 3594 2020 3649 capreas
2048 3595 2137 3634 ca-

559 3690 675 3739 nes,
705 3673 783 3726 sic
813 3672 865 3725 hi
898 3672 1036 3726 inter
1063 3686 1188 3726 aves
1219 3670 1452 3725 faciunt:
1476 3668 1531 3723 hi
1563 3685 1689 3725 vero
1716 3671 1876 3725 etiam
1920 3686 1987 3726 ex
2032 3670 2138 3725 hu-

563 3778 719 3817 mana
760 3762 1113 3832 philosomiia.
1153 3762 1277 3817 llaec
1323 3777 1421 3817 nos
1467 3762 1721 3819 damnare
1751 3774 1992 3832 possunt,
2024 3762 2140 3819 haec

564 3870 662 3910 nos
688 3869 899 3924 capere.
932 3855 1090 3910 Aliud
1121 3856 1324 3909 dicam:
1351 3863 1779 3925 equos-agrestes
1817 3863 1873 3909 et
1909 3855 2141 3910 indomi—

564 3957 668 4013 tos,
698 3948 1038 4001 ealcitrantes
1068 3956 1120 4002 et
1146 3946 1475 4012 mordentes,
1506 3945 1652 4001 brevi
1682 3956 1921 4015 tempore
1950 3947 2019 4000 ita
2051 3962 2143 4017 pe-

566 4038 652 4092 riti
683 4038 950 4103 erudiunt,
980 4047 1036 4091 ut
1060 4053 1224 4108 eques
1253 4037 1489 4093 insidens
1518 4052 1585 4092 ex
1613 4037 1907 4108 composito
1933 4038 2145 4093 incessu

564 4131 866 4185 obluctetur
905 4132 1180 4185 :animam
1230 4144 1358 4185 vero
1410 4129 1759 4199 incomposite
1811 4129 2146 4185 incedentem

569 4242 729 4283 nemo
758 4237 927 4293 curat,
959 4226 1051 4282 Sed
1076 4226 1249 4281 exsilit
1276 4225 1381 4293 illa,
1412 4224 1672 4291 calcitrat,
1700 4223 1951 4279 deorsum
1981 4224 2148 4279 trahi-

567 4333 655 4376 tur
685 4332 741 4376 ut
767 4337 921 4391 puer,
956 4320 1205 4376 indecore
1236 4320 1431 4374 millies
1475 4319 1602 4390 agit,
1636 4332 1899 4389 nequue
1929 4319 2028 4389 ipsi
2058 4334 2149 4372 ca-

574 4430 718 4467 mum
752 4413 920 4482 injicit
956 4422 1008 4467 et
1039 4412 1329 4468 retinacula
1376 4411 1589 4482 pedum,
1636 4413 1718 4466 vel
1768 4410 1938 4477 frena,
1981 4426 2154 4481 neque

576 4503 809 4557 admittit
840 4504 928 4556 illa
958 4503 1190 4571 peritum
1235 4503 1491 4571 equitem.
1541 4501 1812 4556 Christum
1856 4502 1996 4556 dico.
2031 4501 2155 4557 Ideo

578 4594 756 4647 omnia
784 4607 876 4647 sus
904 4592 1073 4660 deque
1100 4594 1269 4661 posita
1292 4601 1435 4645 sunt.
1468 4591 1599 4645 Cum
1623 4593 1762 4646 enim
1786 4607 1944 4649 canes
1965 4592 2157 4650 doceas

582 4684 754 4739 ventri
786 4683 1069 4753 imperare,
1112 4692 1167 4736 et
1197 4683 1429 4736 furorem
1460 4681 1629 4736 leonis
1655 4681 1894 4746 edomes,
1933 4694 1986 4738 et
2016 4684 2159 4739 fero-

585 4776 720 4827 iiam
761 4772 901 4842 equi,
952 4782 1005 4827 et
1034 4772 1227 4826 doceas
1257 4785 1383 4826 aves
1414 4770 1555 4841 loqui
1593 4786 1607 4823 :
1648 4785 1825 4825 annon
1869 4772 2157 4828 absurdum

588 4865 749 4919 fuerit
777 4865 947 4919 brutis
976 4865 1177 4919 naturis
1199 4864 1526 4919 rationabilia
1558 4879 1719 4933 opera
1761 4865 1962 4931 indere,
1995 4868 2046 4922 in
2073 4884 2160 4922 ra-

591 4956 861 5011 tionabilia
892 4971 1020 5011 vero
1059 4955 1500 5010 irrationabilium
1531 4955 1655 5009 vitia
1699 4956 1986 5013 inducere?
2009 4958 2164 5015 Nulla

592 5048 766 5111 nobis,
797 5045 940 5100 ntilla
970 5054 1115 5101 certe
1141 5046 1295 5099 venia
1338 5055 1439 5099 est.
1471 5043 1668 5099 Omnes
1703 5047 1790 5115 qui
1822 5048 1956 5102 bene
1981 5059 2163 5119 agunt,

582 5149 697 5193 tam
732 5137 914 5193 fideles
955 5152 1113 5207 quam
1163 5135 1425 5201 infideles,
1456 5151 1552 5191 nos
1577 5138 1920 5193 accusabunt.
1950 5140 2080 5196 Nam
2113 5153 2167 5198 et

2185 1186 2427 1256 corporis
2458 1184 2637 1241 decori
2675 1188 2938 1247 consulis.
2971 1204 3075 1244 non
3109 1198 3200 1245 tuo
3226 1209 3240 1245 :
3269 1192 3314 1246 si
3341 1208 3536 1263 equum
3568 1195 3763 1250 bonum

2186 1277 2476 1344 curaveris,
2512 1278 2778 1334 similiter.
2822 1280 2988 1336 Nemo
3015 1292 3167 1337 curat
3194 1292 3255 1338 ut
3279 1286 3348 1339 sit
3374 1287 3548 1340 anima
3576 1287 3715 1343 bona
3745 1307 3764 1345 :

2189 1372 2431 1441 quamvis
2447 1372 2492 1426 si
2515 1372 2605 1427 illa
2622 1371 2759 1427 bona
2788 1374 2878 1439 sit,
2904 1389 3007 1429 non
3032 1375 3102 1429 sit
3126 1376 3230 1430 illis
3250 1392 3413 1447 opus;
3438 1380 3482 1433 si
3504 1379 3643 1434 bona
3663 1396 3766 1436 non

2193 1466 2280 1529 sit,
2310 1465 2453 1519 nulla
2481 1480 2547 1520 ex
2575 1464 2679 1519 illis
2707 1466 2926 1522 utilitas.
2955 1466 3103 1522 Sicut
3128 1468 3270 1523 enim
3310 1484 3433 1525 cum
3478 1470 3545 1525 de
3575 1487 3771 1542 sponsa

2194 1557 2385 1627 agitur,
2418 1557 2536 1612 sive
2579 1558 2702 1613 lecti
2746 1559 2855 1613 sint
2901 1573 2968 1613 ex
3015 1559 3370 1617 velaminibus
3416 1562 3614 1628 aureis,
3661 1566 3777 1619 sive

2197 1647 2345 1702 chori
2378 1648 2661 1704 mulierum
2694 1648 3223 1719 formosissimarum,
3265 1654 3383 1708 sive
3426 1670 3563 1709 rosa:
3600 1656 3779 1711 adsint

2199 1748 2253 1795 et
2277 1753 2512 1805 coronae,
2541 1740 2654 1795 sive
2681 1756 2912 1810 sponsus
2941 1741 3229 1808 formosus,
3272 1744 3385 1799 sive
3411 1745 3641 1811 ancillae,
3666 1746 3779 1801 sive

2202 1830 2387 1885 amicae
2416 1840 2726 1900 cunctaeque
2752 1831 2964 1887 decoros
2993 1834 3119 1897 sint,
3166 1834 3208 1889 si
3258 1834 3347 1889 illa
3390 1836 3645 1891 deformis
3687 1837 3781 1905 sit,

2206 1921 2351 1977 nulla
2372 1921 2604 1987 utilitas;
2636 1931 2694 1977 ut
2721 1939 2897 1993 neque
2920 1923 3196 1991 damnum,
3225 1926 3269 1981 si
3293 1926 3380 1980 illa
3418 1927 3636 1996 pulchra
3669 1929 3780 1992 sit;

2208 2016 2315 2069 imo
2342 2025 2546 2071 contra.
2581 2015 2713 2070 Nam
2736 2017 2779 2071 si
2806 2017 3061 2073 deformis
3086 2021 3174 2085 sit,
3202 2036 3230 2074 a
3261 2019 3505 2076 formosis
3527 2020 3782 2088 lzedetur;

2209 2107 2252 2160 si
2277 2104 2530 2174 formosa,
2561 2122 2590 2161 a
2618 2106 2948 2165 deformibus
2984 2110 3275 2179 juvabitur.
3305 2113 3395 2167 Sic
3424 2123 3477 2167 et
3505 2114 3706 2181 anima,
3738 2116 3789 2169 si

2212 2198 2428 2267 pulchra
2456 2201 2545 2264 sit,
2591 2215 2696 2254 non
2724 2201 2884 2255 modo
2910 2202 3059 2257 nullo
3103 2207 3291 2257 horum
3320 2219 3455 2275 opus
3485 2204 3666 2273 habet,
3698 2204 3793 2259 sed

2212 2289 2373 2344 etiam
2406 2290 2494 2343 illa
2540 2291 2825 2346 obumbrat
2853 2293 3195 2362 pulchritudo
3224 2296 3360 2365 ejus.
3410 2295 3795 2366 Philosophum

2214 2381 2356 2434 enim
2388 2395 2497 2434 non
2540 2382 2619 2435 sic
2648 2383 2699 2436 in
2741 2382 2968 2450 divitiis,
3000 2394 3055 2438 ut
3086 2386 3139 2439 in
3170 2395 3481 2455 paupertate
3508 2387 3797 2457 fulgentem

2217 2470 2535 2527 videbimus.
2568 2473 2698 2529 Nam
2727 2476 2771 2529 si
2800 2475 2950 2530 dives
2977 2477 3066 2542 sit,
3098 2477 3245 2531 multi
3272 2478 3463 2546 opibus
3488 2477 3801 2534 adscribunt

2219 2564 2492 2630 virtutem,
2525 2574 2709 2635 utpote
2739 2567 2886 2622 nullo
2908 2576 3190 2639 egentem:
3220 2569 3266 2623 si
3296 2584 3427 2623 vero
3453 2570 3524 2624 sit
3552 2570 3727 2641 inops,
3745 2578 3804 2625 et

2221 2655 2442 2711 omnino
2465 2658 2765 2727 Splendeat,
2785 2676 2886 2716 nec
2905 2669 3058 2731 turpe
3073 2661 3343 2732 quidpiam
3362 2678 3520 2733 agere
3546 2672 3801 2733 cogatur;

2224 2766 2383 2806 nemo
2407 2766 2531 2806 cum
2556 2754 2649 2808 illo
2674 2753 2740 2809 de
2768 2753 3117 2825 philosophiae
3142 2769 3342 2809 corona
3367 2756 3659 2811 contendit.

2298 2846 2483 2900 Anima
2511 2846 2743 2900 ornanda
2772 2847 2887 2917 plus
2915 2862 3066 2915 quam
3093 2847 3197 2900 alia
3243 2847 3433 2901 omnia.
3468 2875 3539 2886 ——
3558 2846 3809 2901 Animam

2229 2938 2389 3008 igitur
2414 2953 2688 3003 ornemus,
2717 2938 2761 2992 si
2788 2938 2978 2993 divites
3006 2952 3126 2992 esse
3152 2937 3398 2993 velimus.
3422 2938 3550 3006 Qua:
3578 2938 3807 3003 utilitas,

2230 3032 2277 3085 si
2308 3031 2466 3086 mula:
2492 3030 2627 3086 alba:
2658 3031 2783 3097 sint,
2818 3031 3041 3101 pingues
3070 3039 3124 3085 et
3147 3030 3345 3095 obesse,
3377 3039 3434 3084 tu
3460 3045 3590 3086 vero
3616 3030 3704 3100 qui
3725 3046 3815 3085 se-

2235 3123 2350 3188 des,
2381 3124 2616 3193 gracilis,
2646 3123 2921 3178 scabiosus
2942 3132 2999 3178 et
3024 3122 3313 3177 deformis?
3336 3121 3477 3193 quod
3505 3122 3734 3185 lucrum,
3765 3122 3817 3177 si

2240 3223 2403 3269 strata
2452 3214 2630 3267 mollia
2674 3223 2728 3268 et
2771 3215 3018 3283 pulchra,
3065 3216 3326 3270 varietate
3366 3224 3589 3283 arteque
3621 3215 3815 3283 plena;

2237 3306 2411 3361 anima
2442 3322 2569 3360 vero
2596 3307 2785 3376 pannis
2816 3308 3004 3362 laceris
3033 3308 3235 3369 induta,
3268 3307 3348 3361 vel
3379 3306 3515 3360 nuda
3557 3315 3609 3359 et
3637 3305 3822 3360 foeda?

2239 3396 2381 3467 quod
2420 3397 2646 3463 lucrum,
2694 3399 2737 3452 si
2783 3413 2952 3467 equos
2978 3399 3276 3468 composito
3303 3396 3467 3468 gradu
3500 3396 3727 3461 incedat,
3762 3406 3825 3452 et

2243 3490 2618 3561 tripudiantem
2644 3492 2811 3561 magis
2836 3492 3050 3558 referat,
3074 3508 3232 3563 quam
3248 3490 3601 3556 incedentem,
3627 3499 3682 3544 et
3698 3501 3827 3559 post

2242 3581 2547 3653 hujusmodi
2587 3582 2836 3637 choream
2866 3583 3101 3653 Sponsali
3143 3585 3212 3637 sit
3254 3589 3566 3636 ornamento
3594 3579 3827 3635 decora-

2245 3684 2360 3739 tus;
2385 3689 2548 3744 eques
2569 3690 2699 3730 vero
2731 3675 2850 3745 plus
2872 3689 3031 3744 quam
3058 3672 3279 3728 claudus
3313 3671 3596 3739 claudicet,
3624 3680 3680 3726 et
3706 3672 3831 3739 plus

2246 3782 2404 3837 quam
2431 3767 2672 3821 ebriosus
2692 3769 2811 3837 quis
2842 3767 3179 3836 furiosusque
3207 3766 3464 3821 distortus
3494 3766 3563 3820 sit
3583 3764 3833 3819 manibus

2249 3858 2599 3928 pedibusque.
2636 3859 2730 3913 Dic
2760 3858 2915 3925 mihi,
2945 3859 2990 3914 si
3018 3859 3139 3929 quis
3181 3858 3275 3913 tibi
3316 3857 3473 3913 daret
3500 3872 3693 3927 equum
3720 3856 3836 3925 pul-

2251 3951 2460 4017 chrum,
2489 3959 2543 4006 et
2576 3967 2776 4021 corpus
2805 3961 2951 4006 tuum
3002 3951 3383 4021 distorqueret,
3434 3965 3554 4020 qua:
3596 3947 3836 4004 utilitas?

2251 4041 2404 4098 Nune
2429 4043 2661 4097 animam
2693 4043 2974 4098 distortam
3007 4042 3194 4108 habes,
3223 4057 3323 4096 nec
3349 4056 3523 4096 curas.
3575 4040 3651 4095 De
3677 4038 3838 4095 nobis

2256 4134 2405 4205 ipsis,
2429 4150 2630 4205 qumso,
2663 4135 2876 4191 tandem
2899 4135 3117 4191 solliciti
3139 4134 3324 4188 simus.
3351 4132 3434 4189 Ne
3460 4148 3558 4188 nos
3586 4132 3841 4187 omnibus

2256 4229 2721 4300 ignominiosiores
2750 4230 3157 4285 constituamus.
3198 4227 3255 4283 Si
3283 4228 3401 4297 quis
3442 4242 3539 4281 nos
3582 4225 3842 4281 conviciis

2258 4324 2511 4388 incessat,
2540 4324 2851 4379 mordemur
2893 4323 3273 4393 dolemusque;
3317 4337 3438 4376 cum
3469 4334 3595 4374 vero
3634 4334 3736 4374 nos
3782 4333 3844 4374 re

2260 4419 2374 4490 ipsa
2400 4419 2733 4474 contumeliis
2755 4418 3037 4483 allicimus,
3085 4432 3189 4471 non
3216 4414 3597 4471 convertimur.
3627 4412 3843 4482 Resipi-

2261 4526 2473 4566 scamus
2504 4511 2583 4564 vel
2612 4525 2735 4566 sero
2758 4510 2995 4578 tandem,
3023 4517 3081 4564 ut
3107 4509 3395 4580 possimus,
3424 4516 3705 4576 postquam
3730 4505 3847 4559 ani-

2263 4619 2405 4659 mam
2434 4606 2820 4671 curaverimus,
2870 4613 2925 4660 et
2972 4604 3224 4659 virtutem
3267 4601 3609 4664 coluerimus,
3643 4609 3845 4655 aeterna

2264 4701 2517 4771 consequi
2546 4700 2706 4766 bona,
2752 4702 2921 4771 gratia
2954 4709 3007 4775 et
3052 4699 3377 4769 benignitate
3420 4695 3627 4751 Domini
3674 4694 3847 4749 nostri

2265 4790 2391 4847 Jesu
2416 4791 2637 4857 Christi,
2670 4795 2884 4863 quicum
2929 4792 3071 4846 Patri
3112 4801 3167 4847 et
3195 4791 3415 4861 Spiritui
3444 4799 3632 4845 sancto
3652 4787 3847 4857 gloria,

2269 4884 2571 4954 imperium,
2615 4885 2807 4950 honor,
2838 4899 2979 4943 nunc
3017 4894 3072 4940 et
3098 4899 3332 4955 semper,
3354 4891 3410 4938 et
3435 4882 3491 4936 iu
3517 4880 3712 4936 saacula
3744 4892 3846 4933 sa:-

2269 4976 2529 5033 culorum.
2555 4977 2746 5030 Amen.

586 5270 3851 5302 Ἥ

1888 5349 2237 5418 HOMILIA
2281 5358 2549 5425 XXXV.

586 5489 719 5544 Car.
753 5490 837 5545 16.
886 5506 936 5542 v.
987 5490 1073 5545 i3.
1124 5487 1220 5542 Die
1245 5496 1408 5541 autem
1437 5487 1754 5542 sabbatorum
1791 5492 1976 5559 egressi
1994 5510 2169 5550 sumus

667 5582 789 5635 urbe
816 5598 984 5636 versus
1017 5582 1246 5651 ﬂuvium,
1281 5583 1363 5634 ubi
1402 5581 1590 5635 solebat
1635 5583 1797 5636 oratio
1828 5600 1933 5638 esse
1962 5601 1979 5638 :
2012 5597 2059 5641 et
2088 5604 2169 5642 se-

669 5676 836 5727 dentes
875 5676 1196 5745 loquebamur
1222 5676 1529 5737 mulieribus,
1560 5692 1672 5744 qua:
1696 5690 2046 5734 conuenerant.
2081 5682 2165 5737 M.

672 5765 736 5817 Et
762 5766 989 5832 qua’dam
1018 5770 1197 5824 mulier
1230 5770 1430 5824 nomine
1458 5768 1642 5840 Lydia,
1682 5774 2011 5843 purpuraria,
2042 5775 2167 5830 civi-

2346 5514 2465 5566 tatis
2516 5510 2938 5587 Tliyatirenorum
2958 5560 2974 5585 ,
3006 5519 3175 5572 colens
3217 5517 3399 5582 Deum,
3446 5515 3633 5571 audivit
3663 5530 3681 5569 :
3710 5516 3856 5584 cuius

2346 5605 2597 5662 Dominus
2623 5624 2711 5662 cor
2737 5612 2957 5678 aperuit,
2985 5619 3040 5665 ut
3064 5610 3339 5666 attendere:
3360 5611 3421 5665 iis
3439 5625 3553 5681 qua!
3564 5608 3858 5663 dicebantur

2348 5718 2380 5755 α
2403 5701 2587 5758 Paulo.

2353 5791 2405 5844 1.
2437 5788 2634 5845 Paulus
2654 5790 2912 5862 judaizat.
2947 5786 3125 5861 Lydia:
3150 5790 3473 5865 philowpltio
3492 5799 3540 5844 et
3562 5784 3856 5843 humilitas.
