4104 6148
489 350 597 408 255

485 471 599 528 Καί
620 488 712 537 τις
734 469 889 543 γυνὴ
911 472 1155 543 ὀνόματι
1174 473 1384 543 Λυδία,
1414 480 1898 549 πορφυρόπωλις,
1920 480 2152 549 πόλεως

488 560 843 628 Θυατείρων,
895 559 1194 631 σεϐομένη
1249 564 1357 618 τὸν
1417 566 1585 634 Θεὸν,
1640 567 1910 638 ἤκουσεν
1932 586 1947 602 ·
1993 565 2069 642 ἧς
2118 573 2153 626 0'

484 652 699 721 Κύριος
751 649 1019 720 διήνοιξε
1055 649 1173 719 τὴν
1212 652 1467 721 καρδίαν
1504 657 1827 726 προσέχειν
1862 657 1990 725 τοῖς
2042 661 2153 713 λα-

482 736 802 807 λουμένοις
846 738 966 794 ὑπὸ
1006 738 1113 794 τοῦ
1152 741 1418 796 Παύλου.
1460 740 1606 813 Ὅρα
1647 742 1710 796 τὸ
1735 743 1939 814 ἄτυφον
1968 743 2151 799 πάλιν.

486 824 623 894 Γυνὴ
652 824 747 879 καὶ
774 825 1006 897 ταπεινὴ
1041 825 1201 898 αὕτη,
1233 826 1329 880 καὶ
1346 826 1504 899 δῆλον
1531 828 1639 882 ἀπὸ
1672 830 1768 902 τῆς
1786 830 2010 902 τέχνης·
2037 830 2153 885 ἀλλ’

481 913 583 984 ὅρα
617 912 679 966 τὸ
711 912 1000 985 φιλόσοφον
1033 913 1223 987 αὐτῆς.
1259 915 1485 989 Πρῶτον
1534 918 1635 989 μὲν
1669 917 1775 991 γὰρ
1808 919 1944 991 αὐτῇ
1976 919 2151 991 ἐμαρ-

480 1004 683 1075 τύρησε
711 1001 889 1067 τοῦτο,
919 1003 980 1057 τὸ
1012 1001 1264 1058 σέϐεσθαι
1301 1005 1394 1060 τὸν
1417 1005 1573 1074 Θεὸν,
1602 1006 1794 1061 ἔπειτα
1835 1007 1898 1061 τὸ
1927 1006 2150 1061 καλέσαι

479 1093 604 1156 τοὺς
624 1091 956 1157 ἀποστόλους
985 1093 1175 1165 αὐτήν.
1210 1094 1306 1160 Ὠς
1342 1093 1411 1148 δέ
1440 1094 1769 1164 ἐϐαπτίσθη
1799 1095 1955 1163 αὐτὴ
1992 1096 2089 1150 καί
2117 1099 2152 1150 ό

479 1177 644 1247 οἶκος
677 1180 891 1250 αὐτῆς,
927 1179 1308 1250 παρεκάλεσε
1334 1182 1630 1253 λέγουσα·
1672 1182 1879 1251 Κύριοι
1921 1200 2061 1253 μου,
2098 1185 2151 1237 εἰ

481 1268 791 1337 κεκρίκατέ
823 1286 902 1339 με
930 1270 1160 1339 πιστὴν
1197 1271 1277 1337 τῷ
1315 1272 1508 1340 Κυρίῳ
1557 1267 1732 1335 εἶναι,
1770 1272 2152 1339 εἰσελθόντες

479 1360 565 1424 εἰς
586 1357 693 1412 τὸν
728 1354 899 1411 οἶκόν
925 1374 1046 1427 μου
1083 1359 1346 1429 μείνατε.
1379 1358 1489 1413 Κιιί
1521 1358 1920 1427 παρεϐιάσατο
1969 1358 2147 1429 ἡμᾶς.

491 1446 587 1512 Ὡς
623 1446 691 1500 δέ
716 1446 1071 1515 ἐϐαπτίσθη,
1118 1448 1304 1517 φησὶν,
1342 1446 1496 1516 αὐτὴ
1543 1447 1643 1501 καὶ
1672 1448 1710 1516 ἠ
1745 1446 1901 1501 οίκία
1936 1447 2146 1516 αὐτῆς.

480 1533 677 1589 Σκόπει
697 1534 815 1598 πῶς
847 1533 1092 1599 ἅπαντας
1117 1533 1303 1589 ἔπεισε
1322 1553 1335 1566 ·
1395 1532 1513 1589 εἶτα
1545 1535 1710 1607 βλέπε
1759 1536 1996 1601 σύνεσιν,
2031 1536 2149 1601 πῶς

477 1623 718 1677 δυσωπεῖ
764 1627 889 1687 τοὺς
941 1624 1295 1689 ἀποστόλους,
1346 1624 1519 1697 πόσης
1571 1626 1956 1697 ταπεινότητος
1988 1627 2147 1696 γέμει

476 1712 545 1765 τὰ
579 1713 820 1784 ῥήματα,
875 1711 1050 1783 πόσης
1100 1712 1312 1781 σοφίας.
1365 1716 1435 1767 El
1485 1714 1797 1783 κεκρίκατέ
1831 1731 1929 1784 με,
1989 1715 2143 1784 φησὶ,

475 1799 706 1867 πιστὴν
739 1797 821 1866 τῷ
859 1799 1072 1868 Κυρίῳ.
1105 1800 1271 1855 Οὐδὲν
1295 1800 1854 1872 ἐντρεπτικώτερονε.
1886 1802 2020 1856 Τίνα
2046 1803 2147 1856 οὐκ

474 1888 540 1943 ἂν
571 1888 808 1960 ἐμάλαξε
843 1889 1013 1944 ταῦτα
1058 1888 1127 1943 τά
1175 1890 1431 1961 ῥήματα;
1468 1891 1581 1944 Οὐκ
1623 1890 1874 1958 ἠξίωσεν,
1913 1891 1974 1943 οὐ
2006 1907 2138 1960 παρ-

473 1977 731 2032 εκάλεσεν
777 1977 984 2041 ἁπλῶς,
1040 1978 1141 2031 οὐκ
1184 1978 1361 2049 ἀφῆκε
1413 1977 1635 2049 κυρίους
1679 1974 1839 2041 εἶναι,
1886 1978 2021 2032 ἀλλὰ
2051 1981 2147 2034 καὶ

473 2061 750 2131 ἠνάγκασε
802 2059 1078 2132 σφοδρῶς·
1118 2060 1274 2114 τοῦτο
1318 2061 1427 2131 γάρ
1475 2063 1588 2114 ἐστι
1614 2061 1697 2125 τὸ,
1741 2062 2146 2131 Παρεϐιάσατο

472 2157 657 2226 ἡμᾶς·
695 2157 963 2220 τουτέστι,
985 2157 1196 2222 τούτοις
1215 2159 1326 2223 τοίς
1356 2159 1613 2229 ῥήμασιν.
1634 2158 1777 2229 Ὅρα
1799 2158 1916 2222 πῶς
1945 2159 2145 2224 εὐθέως

476 2250 834 2317 καρποφορεῖ,
875 2246 969 2301 καὶ
1004 2247 1193 2317 κέρδος
1225 2249 1436 2317 ἡγεῖται
1470 2246 1611 2316 μέγα
1647 2246 1744 2317 τὴν
1785 2248 1994 2319 κλῆσιν.
2023 2248 2143 2303 Ὅτι

476 2328 531 2382 δὲ
564 2330 760 2401 πιστὴν
785 2331 1055 2401 ἐκρίνατε,
1085 2329 1244 2400 δῆλον
1272 2331 1336 2382 ἐκ
1356 2328 1449 2383 τοῦ
1473 2328 1773 2400 ἐγχειρίσαι
1798 2347 1889 2401 μοι
1917 2331 2144 2388 τοιαῦτα

477 2413 770 2484 μυστήρια,
806 2414 907 2467 οὐκ
933 2412 998 2467 ἂν
1039 2413 1460 2484 ἐγχειρίσαντες,
1492 2414 1541 2466 εί
1574 2413 1648 2484 μὴ
1702 2413 1957 2486 τοιαύτην
1986 2416 2140 2488 ἐκρί-

472 2526 621 2564 νατε.
657 2510 768 2563 Καὶ
812 2509 913 2563 οὐκ
958 2509 1221 2581 ἐτόλμησε
1277 2509 1383 2580 πρὸ
1414 2509 1602 2563 τούτου
1628 2509 1875 2575 καλέσαι,
1921 2510 2035 2565 ἀλλ’
2053 2513 2143 2566 ὅτε

472 2590 777 2665 ἐϐαπτίσθη
798 2609 812 2625 ·
862 2592 1020 2663 δῆλον
1060 2593 1308 2647 ἐντεῦθεν
1341 2592 1590 2658 ποιοῦσα,
1622 2595 1704 2647 ὅτι
1737 2594 1838 2648 οὐκ
1873 2595 1940 2650 ἂν
1967 2596 2143 2662 ἄλλως

471 2676 678 2731 ἔπεισε.
710 2677 810 2731 Διὰ
859 2676 913 2731 τί
958 2678 1016 2731 δέ
1059 2678 1158 2732 οὐκ
1195 2677 1476 2731 ἐϐούλοντο
1502 2679 1552 2732 οἱ
1595 2679 1725 2750 περὶ
1769 2679 2001 2742 Παῦλον,
2026 2680 2141 2734 ἀλλ’

470 2765 723 2819 ἀνένευον
762 2764 903 2820 ὥστε
952 2765 1046 2820 καὶ
1098 2764 1383 2836 βιασθῆναι
1423 2765 1661 2831 αὐτούς;
1715 2767 1872 2819 Ἤτοι
1927 2767 2142 2839 ἐκείνην

468 2852 860 2924 ἐκκαλούμενοι
894 2855 974 2919 είς
1015 2850 1239 2922 μείζονα
1277 2852 1627 2926 προθυμίαν·
1667 2852 1701 2925 ἤ
1753 2854 1943 2927 ἐπειδὴ
1987 2852 2141 2909 εἶπεν

468 2941 497 2996 ό
541 2940 795 3013 Χριστὸς,
841 2942 944 3006 Εἰς
978 2938 1059 3008 ἣν
1090 2940 1167 2994 ἂν
1199 2941 1383 2995 πόλιν
1425 2940 1757 3008 εἰσέλθητε,
1817 2943 1912 3009 τίς
1970 2943 2144 2998 ἐστιν

469 3026 637 3094 ἄξιος
659 3026 1015 3096 ἐρωτήσατε,
1045 3028 1145 3082 καί
1195 3027 1325 3081 ἐκεῖ
1343 3029 1606 3098 μείνατε.
1647 3030 1811 3082 Ὥστε
1848 3030 2026 3085 πάντα
2072 3033 2141 3086 δι’

469 3115 782 3186 οἰκονομίαν
847 3116 1083 3170 ἐποίουν.
1129 3116 1392 3187 Ἐγένετο
1421 3116 1491 3170 δέ
1524 3117 1945 3188 πορευομένων
1973 3120 2143 3197 ἡμῶν

467 3206 557 3271 είς
596 3203 970 3275 προσευχὴν,
1009 3204 1343 3273 παιδίσκην
1401 3205 1537 3261 τινὰ
1586 3207 1858 3275 ἔχουσαν
1906 3208 2144 3279 πνεῦμα

468 3298 742 3365 πὺθωνος
768 3295 1114 3367 ἀπαντῆσαι
1151 3297 1314 3368 ἡμῖν,
1373 3296 1507 3366 ἥτις
1563 3297 1853 3370 ἐργασίαν
1900 3299 2142 3369 πολλὴν

470 3384 713 3455 παρεῖχε
734 3384 857 3451 τοῖς
873 3385 1101 3455 κυρίοις
1126 3384 1318 3455 αὐτῆς
1339 3386 1776 3456 μαντευομένη.
1811 3387 1976 3458 Αὕτη
2004 3403 2141 3442 κατ-

464 3474 945 3541 ακολουθήσασα
967 3471 1047 3540 τῷ
1062 3475 1278 3542 Παύλῳ
1296 3472 1396 3527 καί
1420 3474 1582 3544 ἡμῖν,
1605 3474 1807 3543 ἐκραζε
1830 3475 2098 3546 λέγουσα
2122 3490 2140 3511 ·

473 3559 649 3621 Οὗτοι
669 3568 721 3619 οἰ
743 3564 1040 3634 ἄνθρωποι
1067 3564 1275 3620 δοῦλοι
1295 3564 1400 3619 τοῦ
1437 3564 1584 3620 Θεοῦ
1605 3564 1712 3620 τοῦ
1742 3566 2035 3634 Ὑψίστου
2056 3570 2139 3621 εἰ-

469 3654 597 3717 σὶν,
625 3652 841 3720 οἵτινες
867 3652 1383 3723 καταγγέλλουσιν
1395 3652 1541 3723 ἡμῖν
1570 3654 1714 3708 όδὸν
1732 3655 2049 3724 σωτηρίας.
2073 3655 2139 3708 Τί

470 3740 674 3812 δήποτε
691 3742 787 3794 καὶ
803 3743 831 3795 6
845 3740 1051 3812 δαίμων
1067 3738 1243 3794 ταῦτα
1270 3740 1690 3811 ἐφθέγγετο,καὶ
1714 3743 1743 3795 6
1760 3742 1973 3807 Παῦλος
1998 3743 2139 3797 ἐκώ·-

472 3828 632 3895 λυσε;
668 3831 935 3895 Κάκεῖνος
960 3829 1283 3902 κακούργως
1326 3830 1521 3894 ἐποίει,
1565 3831 1657 3885 καὶ
1675 3825 1831 3896 οὗτος
1865 3833 2102 3897 συνετῶς
2122 3849 2135 3863 ·

469 3919 719 3974 ἐϐούλετο
773 3921 882 3992 γὰρ
931 3919 1006 3992 μὴ
1064 3919 1374 3985 ἀξιόπιστον
1416 3920 1579 3973 αὐτὸν
1619 3923 1793 3975 ποιεῖν
1826 3921 1876 3976 δ.
1921 3922 1985 3977 Εί
2029 3922 2139 3994 γὰρ

470 4009 785 4081 προσήκατο
808 4007 972 4062 αὑτοῦ
1010 4009 1110 4079 τὴν
1151 4008 1456 4080 μαρτυρίαν
1491 4011 1520 4063 6
1554 4009 1786 4077 Παῦλος,
1822 4010 2050 4075 πολλοὺς
2071 4011 2139 4066 ἂν

470 4097 564 4151 καὶ
605 4097 714 4152 τῶν
752 4096 959 4152 πιστῶν
1002 4097 1306 4169 ἠπάτησεν,
1356 4096 1452 4151 an
1505 4097 1596 4149 ὑπ’
1640 4097 1851 4152 ἐκείνου
1895 4097 2134 4170 δεχθείς·

466 4185 556 4242 διὰ
582 4185 739 4242 τοῦτο
797 4187 1047 4258 ἀνέχεται
1096 4185 1165 4238 τὰ
1193 4184 1316 4239 καθ’
1350 4185 1573 4249 ἑαυτοὺς
1619 4187 1813 4252 εἰπεῖν,
1846 4185 1933 4240 ἴνα
1966 4187 2137 4259 στήσῃ

467 4274 535 4327 τὰ
563 4274 701 4344 ὑπὲρ
734 4273 920 4338 αὑτοῦ,
950 4273 1044 4327 καὶ
1075 4272 1237 4337 αὐτὸς
1271 4271 1679 4342 συγκαταϐἀσει
1701 4273 1968 4345 κέχρηται
1999 4273 2138 4345 πρὸς

465 4360 565 4432 τὴν
579 4361 874 4416 ἀπιίιλειαν.
902 4362 975 4415 Τὸ
998 4360 1095 4433 μὲν
1117 4357 1211 4414 οῦν
1240 4359 1456 4432 πρῶτον
1484 4361 1545 4414 οὐ
1571 4361 1885 4432 προσήκατο
1904 4361 2134 4428 Παῦλος,

465 4447 601 4502 ἀλλὰ
654 4449 960 4512 διέπτυσεν,
1017 4450 1080 4502 ού
1127 4449 1452 4519 βουλόμενος
1526 4450 1718 4503 ἐαυτὸν
1791 4450 2138 4522 ἐπιρῤίπτειν

466 4532 653 4597 ἁπλῶς
690 4536 802 4595 τοῖς
837 4531 1114 4603 σημείοις·
1149 4533 1225 4595 ὼς
1253 4531 1309 4584 δὲ
1332 4531 1574 4602 ἐπέμενε
1621 4529 1779 4584 τοῦτο
1816 4533 1985 4587 ποιῶν
2044 4534 2137 4587 ἐπὶ

469 4620 666 4682 πολλὰς
696 4620 924 4691 ἡμέρας,
954 4620 1049 4672 καὶ
1073 4619 1134 4672 τὸ
1167 4618 1327 4689 ἔργον
1355 4617 1586 4680 ἐδείκνυ,
1618 4615 1793 4675 Οὗτοι
1819 4622 1874 4674 οἰ
1915 4620 2137 4691 ἅνθρω-

465 4726 589 4776 ποι,
606 4710 798 4781 λέγων,
816 4710 1025 4765 δοῦλοι
1046 4710 1150 4765 τοῦ
1176 4709 1324 4765 Θεοῦ
1351 4709 1765 4778 τοῦὛψίστου
1790 4713 1969 4785 είσίν,
2002 4716 2138 4770 οἵτι.

466 4817 569 4865 νες
592 4798 1111 4870 καταγγέλλουσιν
1136 4798 1282 4867 ἡμῖν
1308 4797 1454 4853 όδὸν
1499 4800 1795 4868 σωτηρίας
1818 4816 1832 4829 ·
1868 4801 1989 4855 τότε
2016 4803 2138 4857 ἐκέ-

465 4885 656 4938 λευσεν
678 4881 827 4954 αὐτῷ
859 4881 1114 4947 ἐξελθεῖν.
1149 4880 1533 4949 Διαπονηθείς
1560 4881 1629 4936 δέ
1664 4885 1696 4936 ό
1737 4884 1996 4952 Παῦλος.
2036 4888 2137 4941 καί

465 4971 857 5039 ἐπιστρέψας,
908 4969 989 5035 τῷ
1031 4970 1323 5039 πνεύματι
1358 4966 1490 5024 εἶπε
1513 4986 1527 5000 ·
1587 4971 1986 5042 Παραγγέλλω
2005 4990 2135 5052 ,σοι

464 5062 535 5116 ἐν
599 5060 843 5129 ὀνόματι
882 5058 1075 5126 Ἰησοῦ
1138 5058 1415 5125 Χριστοῦ,
1454 5057 1724 5123 ἐξελθεῖν
1772 5060 1873 5114 ἀπ’
1921 5063 2133 5131 αὐτῆς.

466 5149 578 5204 Καὶ
614 5145 875 5216 ἐξῆλθεν
928 5143 1083 5215 αὐτῇ
1120 5144 1194 5215 τῇ
1231 5144 1369 5214 ὥρᾳ.
1418 5145 1674 5213 Ἰδόντες
1720 5147 1790 5201 δέ
1835 5151 1890 5203 οί
1943 5152 2134 5219 κύριοι

466 5236 677 5307 αὐτῆς,
713 5236 804 5291 ὅτι
840 5234 1096 5304 ἐξῆλθεν
1131 5237 1171 5304 ἡ
1219 5235 1395 5302 ἐλπὶς
1431 5236 1712 5306 ἐργασίας
1755 5237 1973 5306 αὐτῶν,
2011 5240 2135 5293 ἐπι-

466 5327 782 5395 λαϐόμενοι
811 5324 920 5379 τὸν
956 5324 1202 5379 Παῦλον
1232 5324 1331 5376 καὶ
1367 5320 1471 5376 τὸν
1495 5325 1703 5389 Σίλαν,
1727 5325 2025 5380 εἵλκυσαν
2048 5330 2134 5395 εἱς

468 5419 582 5482 τὴν
615 5413 764 5487 [270]
790 5412 1014 5484 ἀγορὰν
1041 5412 1141 5467 ἐπὶ
1170 5411 1312 5477 τοὺς
1338 5408 1656 5481 ἄρχοντας.
1709 5411 1807 5467 καὶ
1832 5429 2136 5486 προσαγα-

466 5505 676 5571 γόντες
736 5502 958 5568 αὐτοὺς
1006 5500 1134 5569 τοῖς
1188 5499 1566 5569 στρατηγοῖς,
1604 5496 1779 5555 εἷπον
1801 5517 1814 5530 ·
1869 5499 2043 5559 Οὗτοι
2080 5509 2135 5560 ot

468 5590 765 5658 ἄνθρωποι
793 5588 1281 5659 ἐκταράσσουσιν
1298 5589 1467 5659 ἡμῶν
1495 5590 1610 5657 τὴν
1628 5592 1829 5654 πόλιν,
1861 5590 2136 5648 Ἰουδαῖοι

466 5677 861 5746 ὑπάρχοντες,
924 5677 1021 5731 καὶ
1072 5677 1587 5747 καταγγέλλουσιν
1626 5676 1754 5746 ἐθη,
1799 5677 1839 5732 d
1883 5681 1997 5734 οὐκ
2032 5681 2133 5746 ἐξ·

470 5797 641 5837 εστιν
660 5781 805 5850 ἡμῖν
866 5782 1307 5852 παραδέχεσθαι
1367 5784 1509 5839 οὐδὲ
1579 5784 1773 5839 ποιεῖν
1828 5785 2134 5856 Ῥωμαίοις

472 5865 631 5926 οὖσι.
659 5869 940 5939 Πανταχοῦ
980 5870 1047 5923 τὰ
1082 5873 1340 5943 χρήματα
1366 5874 1515 5926 αἴτια
1561 5873 1671 5926 τῶν
1705 5875 1910 5931 κακῶν.
1938 5880 2001 5932 Ὢ
2034 5879 2133 5948 τῆς

535 5974 561 6003 ⁸
589 5973 782 6043 λίθεοι,
821 5973 1129 6043 ἐντρεπτικόν,
1175 5981 1320 6024 male.
1393 5976 1529 6027 ὶιΛΙὶι
1554 5977 1773 6027 ἐϐούλετο
1803 5981 1965 6030 λοιπὸν
2008 5982 2133 6038 ἀξιό-

474 6050 639 6085 πιστον
675 6036 780 6081 ίαυτ
788 6050 837 6081 ον
862 6036 1028 6085 ποιεῖν.

1274 356 1334 415 S.
1372 358 1656 421 JOANNIS
1685 360 2178 425 CHRYSOSTOMI
2214 361 2533 424 ARCHIEP.
2581 360 3128 423 CONSTANTINOP.

3829 366 3926 422 256

2255 481 2535 554 ὠμότητος
2561 480 2662 552 τῆς
2687 478 3037 551 Ἑλληνικῆςί
3080 477 3361 534 ἐϐούλοντο
3403 478 3666 551 δαιμονᾷν
3689 479 3747 535 τὸ
3772 482 3929 553 κορά-

2257 586 2392 633 σιον,
2444 567 2585 623 ὥστε
2642 567 3096 641 χρηματίζεσθαι.
3138 567 3606 637 Ἐπιλαϐόμενοι,
3638 567 3794 641 φησὶ,
3829 571 3928 624 τὸν

2254 655 2500 712 Παῦλον
2536 657 2635 711 καί
2667 655 2775 711 τὸν
2803 656 3016 722 Σίλαν,
3048 654 3264 722 ἔλεγον
3283 670 3298 687 ·
3335 650 3513 710 οὗτοι
3559 658 3612 710 οί
3636 654 3927 725 ἄνθρωποι

2252 744 2743 813 ἐκταράσσουσιν
2765 741 2936 812 ἡμῶν
2957 741 3074 809 τὴν
3095 744 3295 798 πόλιν.
3340 743 3407 796 Τί
3443 744 3799 813 ποιήσαντες;
3843 745 3926 800 διά

2251 832 2302 883 τί
2350 829 2444 887 οὗν
2494 833 2570 904 μὴ
2622 832 2728 905 πρὸ
2782 830 2973 885 τούτου
3031 829 3355 898 είλκύσατε;
3385 831 3679 896 Ἰουδαῖοι,
3740 833 3925 906 φησιν,

2252 920 2627 991 ὑπάρχοντες
2648 939 2661 952 ·
2714 918 2859 974 οὕτω
2889 919 2950 973 τὸ
2981 918 3153 990 ὄνομα
3193 918 3523 990 διεϐέϐλητο.
3573 919 3684 974 Kal
3715 937 3928 991 καταγ-

2252 1008 2582 1077 γέλλουσιν
2632 1010 2759 1079 ἐθη,
2797 1009 2837 1062 ἁ
2886 1009 2999 1063 οὐκ
3029 1007 3273 1073 ἔξεστιν
3298 1006 3446 1079 ἡμῖν
3487 1007 3927 1077 παραδέχεσθαι

2251 1096 2393 1152 οὐδὲ
2419 1097 2612 1151 ποιεῖν
2643 1098 2939 1167 Ῥωμαίοις
2961 1093 3161 1152 οὖσιν.
3188 1097 3282 1160 Εἰς
3329 1097 3659 1151 καθοσίωσιν
3681 1096 3743 1150 τὸ
3786 1099 3926 1169 πρᾶ-

2251 1204 2368 1256 γμα
2401 1188 2625 1259 ήγαγον.
2674 1188 2787 1241 Καὶ
2839 1185 3191 1255 συνεπέστη
3226 1189 3260 1242 ό
3311 1185 3498 1256 ὄχλος
3542 1187 3667 1240 κατ’
3704 1185 3921 1243 αὐτῶν.

2256 1276 2320 1329 Ὢ
2360 1276 2460 1346 τῆς
2492 1276 2750 1345 ἀλογίαςι
2793 1275 2893 1329 οὐκ
2922 1274 3215 1346 ὲξήτασαν,
3270 1276 3332 1329 οὐ
3369 1275 3678 1346 μετέδωκαν
3734 1274 3923 1344 λόγου·

2250 1363 2426 1418 καίτοι
2454 1365 2698 1418 τοιούτου
2728 1361 3004 1432 θαύματος
3032 1362 3325 1433 γενομένου
3362 1363 3482 1417 δέον
3526 1363 3921 1435 προσκυνῆσαι,

2248 1453 2365 1507 δέον
2402 1454 2476 1517 ὡς
2524 1454 2778 1525 σωτῆρας
2803 1454 2899 1507 καὶ
2927 1453 3221 1523 εὐεργέτας
3246 1452 3412 1522 ἔχειν.
3442 1453 3506 1506 EE
3532 1453 3643 1524 γὰρ
3666 1454 3927 1524 χρήματα

2248 1541 2553 1606 ἐϐούλεσθε,
2584 1541 2673 1595 διὰ
2714 1541 2768 1595 τί
2816 1540 3058 1594 τοιοῦτον
3104 1540 3332 1594 πλοῦτον
3362 1540 3633 1611 εὑρόντες,
3673 1541 3747 1611 μὴ
3797 1543 3926 1594 ἐπε-

2247 1629 2518 1702 δράμετε;
2547 1630 2718 1684 Τοῦτο
2746 1628 3162 1702 λαμπροτέρους
3178 1630 3339 1693 ποιεῖ,
3361 1628 3422 1681 τὸ
3450 1627 3710 1683 δύνασθαι
3737 1627 3927 1696 δαίμο-

2248 1737 2345 1783 νας
2377 1719 2723 1783 ἀπελαύνειν,
2772 1720 2806 1792 ἢ
2860 1719 2923 1772 τὸ
2967 1720 3148 1783 αὐτοῖς
3177 1717 3479 1773 πείθεσθαι.
3516 1718 3647 1772 Ἰδοὺ
3683 1720 3781 1773 καὶ
3825 1736 3925 1787 ση-

2250 1810 2396 1879 μεῖα,
2420 1807 2513 1861 καὶ
2545 1810 2578 1878 ἡ
2596 1806 2998 1878 φιλοχρηματία
3025 1806 3185 1859 πλέον
3208 1805 3415 1876 ἴσχυσε.
3438 1806 3549 1859 Καὶ
3576 1809 3631 1859 οί
3665 1824 3927 1875 στρατη-

2244 1895 2359 1966 γοί,
2385 1895 2844 1964 περιρρήξαντες
2858 1896 2930 1949 τὰ
2951 1892 3147 1964 ἱμάτια
3169 1893 3386 1958 αὐτῶν,
3412 1893 3700 1947 ἐκέλευον
3718 1893 3930 1962 ῥαϐδί-

2245 1982 2393 2044 ζειν·
2445 1983 2678 2050 πολλάς
2724 1999 2790 2038 τε
2830 1981 3132 2048 ἐπιθέντες
3172 1981 3378 2048 αὐτοῖς
3404 1979 3663 2049 πληγὰς,
3696 1981 3930 2035 ἔϐαλον

2243 2069 2330 2133 εἰς
2402 2066 2689 2136 φυλακὴν
2713 2104 2728 2129 ,
2797 2065 3303 2135 παραγγείλαντες
3368 2063 3449 2130 τῷ
3501 2063 3929 2133 δεσμοφύλακι

2242 2152 2534 2223 ἀσφαλῶς
2565 2153 2767 2222 τηρεῖν
2803 2154 3044 2219 αὐτούς.
3095 2152 3156 2208 '0
3203 2153 3300 2224 μέν
3349 2151 3444 2206 οῦν
3470 2151 3681 2216 Παῦλος
3707 2152 3770 2204 τὸ
3808 2153 3928 2206 πᾶν

2244 2243 2553 2314 εἰργάσατο,
2583 2243 2676 2297 καὶ
2707 2242 2778 2297 τά
2810 2243 3064 2315 θαύματα
3112 2243 3207 2297 καὶ
3230 2242 3330 2313 τὴν
3369 2241 3717 2295 διδασκαλίαν
3736 2257 3752 2270 ·
3809 2240 3929 2294 τῶν

2241 2333 2296 2385 δὲ
2331 2331 2589 2385 κινδύνων
2608 2332 2703 2385 καὶ
2724 2333 2752 2384 6
2785 2331 2945 2396 Σίλας
2974 2333 3242 2385 κοινωνεῖ.
3268 2330 3335 2383 Τί
3364 2331 3502 2393 ἐστι,
3534 2329 3930 2398 Διαπονηθείς

2241 2415 2309 2468 δὲ
2347 2418 2380 2470 ό
2414 2414 2689 2480 Παῦλος;
2726 2415 2840 2487 Τὴν
2872 2414 3227 2485 κακουργίαν,
3260 2413 3447 2483 φησὶν,
3482 2411 3607 2466 ίδὼν
3652 2412 3747 2465 τοῦ
3798 2411 3928 2465 δαίο-

2245 2518 2424 2574 μονος,
2452 2501 2830 2567 καθὼς·αὐτὸς
2867 2502 3099 2573 ἀλλαχοῦ
3138 2514 3165 2543 α
3194 2502 3378 2569 λέγει·
3440 2502 3524 2578 Ού
3567 2501 3680 2569 γὰρ
3730 2499 3930 2553 αὑτοῦ

2241 2590 2313 2645 τὰ
2349 2590 2619 2660 νοήματα
2661 2590 3020 2661 ἀγνοοῦμεν.
3061 2590 3163 2643 Διὰ
3215 2590 3269 2644 τί
3320 2588 3395 2661 μὴ
3453 2583 3630 2653 εἷπον,
3682 2587 3767 2641 ὅτι
3815 2587 3932 2640 Τὸν

2239 2678 2470 2750 δαίμονα
2494 2677 2767 2744 ἐξέϐαλον,
2799 2678 2881 2731 ὅτι
2905 2679 2984 2741 είς
3020 2676 3152 2731 Θεὸν
3183 2676 3482 2748 ἠσέϐησαν,
3517 2673 3632 2730 ἀλλ’
3655 2674 3750 2728 ἐπὶ
3784 2673 3933 2727 καθ-

2239 2767 2457 2821 οσίωσιν
2471 2768 2784 2839 τρέπονταις
2808 2760 2988 2820 Ἦττα
3012 2766 3196 2829 αὐτοῖς
3215 2763 3372 2819 τοῦτο
3395 2759 3483 2835 ἦν.
3507 2761 3663 2816 Οὖτω
3696 2761 3795 2816 καὶ
3824 2763 3933 2814 ἐπὶ

2238 2854 2334 2908 τοῦ
2346 2854 2581 2926 Χριστοῦ
2594 2854 2796 2924 ἔλεγον·
2806 2856 2929 2908 Οὐκ
2942 2850 3452 2923 ἐχομενβασιλέα,
3464 2852 3515 2905 εί
3523 2848 3609 2919 μὴ
3620 2848 3928 2918 Καίσαρα.

2240 2944 2367 3010 Πᾶς
2403 2947 2436 2998 ό
2472 2945 2691 2999 ἑαυτὸν
2736 2942 2923 2996 ποιῶν
2953 2941 3246 3007 βασιλέα,
3296 2937 3590 3008 ἀντιλέγει
3636 2935 3717 3002 τῷ
3778 2938 3935 2990 Καί-

2240 3049 2398 3101 σαρι.
2422 3033 2530 3087 Καὶ
2559 3032 2779 3087 ἔϐαλον
2807 3029 3048 3096 αὐτοὺς,
3075 3029 3261 3100 φησὶν,
3291 3030 3378 3094 είς
3407 3023 3712 3096 φυλακήν.
3741 3024 3936 3087 Πολὺς

2239 3121 2268 3173 ὁ
2299 3120 2489 3191 θυμός.
2520 3122 2626 3184 Ὃς
2652 3120 3060 3189 παραγγελίαν
3085 3117 3369 3184 τοιαύτην
3391 3112 3676 3183 εἰληφὼς,
3701 3112 3937 3167 ἔϐαλεν

2239 3208 2460 3275 αὐτοὺς
2481 3211 2568 3274 είς
2608 3207 2721 3276 τὴν
2753 3207 3055 3276 ἐσωτέραν
3080 3204 3387 3276 φυλακὴν,
3418 3203 3520 3258 καί
3550 3201 3687 3269 τοὺς
3727 3202 3935 3269 πόδας

2239 3294 2437 3350 αὐτῶν
2469 3296 2853 3365 ἠσφαλίσατο
2879 3297 2966 3360 εἰς
3001 3294 3067 3348 τὸ
3104 3294 3317 3358 ξύλον.
3343 3292 3508 3364 Ὅρα,
3538 3292 3790 3355 κάκεῖνος
3816 3290 3937 3344 πά-

2239 3382 2323 3437 λιν
2350 3386 2429 3449 είς
2448 3383 2546 3453 τὴν
2567 3382 2839 3454 ἐσωτέραν
2868 3381 3116 3453 φυλακὴν
3146 3382 3345 3445 αὐτοὺς
3367 3378 3610 3441 ἐνέϐαλε,
3641 3378 3737 3432 καὶ
3760 3378 3940 3432 τοῦτο

2239 3470 2616 3541 οἰκονομικῶς.
2643 3470 2861 3541 Ἐπειδὴ
2886 3468 2995 3541 γὰρ
3024 3469 3212 3539 θαῦμα
3241 3468 3433 3538 ἔμελλε
3474 3465 3722 3537 γίνεσθαι
3749 3465 3937 3537 μέγα,

2239 3559 2541 3631 ἐπιτήδειος
2568 3561 2596 3613 6
2627 3558 2787 3622 τόπος
2813 3559 2952 3630 πρὸς
2971 3557 3070 3630 τὴν
3103 3558 3367 3630 ἀκρόασιν
3387 3558 3416 3610 6
3445 3555 3549 3621 ἐξω
3578 3556 3677 3625 τῆς
3709 3553 3945 3619 πόλεως

2241 3647 2504 3719 κρίνεται,
2535 3646 2857 3719 πειρασμῶν
2883 3645 3307 3716 ἀπηλλαγμένος
3340 3645 3433 3699 καὶ
3464 3643 3750 3697 κινδύνων.
3778 3644 3945 3716 ’Ὅρα

2240 3734 2356 3800 πῶς
2378 3736 2477 3789 οὐκ
2509 3734 2825 3805 αἰσχύνεται
2853 3732 2924 3787 τὰ
2972 3731 3378 3804 ἐπιτηδεύματα
3408 3730 3734 3795 καταλέγειν
3762 3732 3799 3789 ῥ
3822 3730 3946 3801 τὴν

2241 3824 2484 3896 ἱστορίαν
2513 3825 2758 3896 γράφων.
2800 3824 2927 3877 "At;
2977 3822 3042 3894 δὴ
3095 3823 3190 3876 καὶ
3244 3820 3444 3892 ἀργίας
3490 3818 3677 3890 οὔσης,
3716 3819 3948 3889 μᾶλλον

2239 3913 2528 3982 προσεῖχον
2558 3913 2670 3974 τοῖς
2697 3909 3009 3980 λεγομένοις
3034 3925 3050 3941 ·
3102 3908 3193 3962 καὶ
3221 3906 3345 3961 οὐδὲ
3384 3908 3418 3978 ἡ
3448 3905 3602 3969 πόλις
3646 3904 3795 3976 αὕτη
3836 3923 3950 3976 με·

2238 3999 2381 4069 γάλτι
2408 4001 2441 4070 ἡ
2465 3999 2574 4053 τῶν
2601 3998 2996 4068 Φιλιππησίων.
3033 3996 3217 4051 Ταῦτα
3234 3996 3299 4066 δὴ
3327 3995 3591 4065 μαθόντες
3611 3994 3702 4047 καὶ
3729 3995 3947 4065 ἡμεῖς,

2241 4088 2442 4158 μηδένα
2496 4084 2973 4157 ἐπαισχυνώμεθα.
3023 4085 3185 4156 Παρᾶ
3248 4083 3440 4155 βυρσεῖ
3476 4082 3627 4152 μένει
3679 4082 3948 4155 Πέτρος,

2238 4173 2392 4246 παρά
2443 4172 2889 4247 πορφυροπώλιδι
2946 4173 3160 4237 Παῦλος
3183 4171 3233 4228 (ι.
3294 4171 3404 4225 Ποῦ
3438 4173 3468 4225 6
3521 4175 3727 4239 τῦφος;
3781 4174 3951 4245 ’Δρα

2234 4261 2330 4316 τοῦ
2363 4260 2498 4316 Θεοῦ
2526 4261 2777 4333 δεόμεθα,
2800 4261 2941 4315 ὥστε
2987 4260 3196 4327 ἀνοίξαι
3230 4260 3488 4332 καρδίαν·
3515 4261 3545 4313 6
3570 4258 3703 4323 Θεὸς
3737 4260 3806 4314 δὲ
3839 4261 3952 4315 dv-

2235 4349 2373 4420 οίγει
2408 4350 2634 4423 καρδίας
2652 4349 2749 4415 τὰς
2782 4348 3137 4420 βουλομένας·
3167 4348 3282 4403 ἐστι
3311 4348 3420 4420 γὰρ
3445 4349 3541 4402 καὶ
3570 4350 3955 4419 πεπηρωμέο

2237 4454 2332 4504 νας
2376 4439 2520 4495 ἰδεῖν.
2558 4437 2699 4493 Ἀλλ’
2740 4438 2937 4510 ἴδωμεν
2991 4437 3196 4492 ἀνωθεν
3250 4438 3320 4491 τά
3365 4436 3651 4508 εἰρημένα.
3717 4438 3951 4505 Γυνὴ,

2237 4527 2391 4599 φησὶ,
2442 4527 2917 4597 πορφυρόπωλις,
2950 4521 3026 4596 ἧς
3056 4528 3090 4580 ό
3125 4526 3341 4593 Κύριος
3389 4523 3596 4592 ἤνοιξε
3624 4522 3746 4591 τὴν
3782 4542 3957 4593 παρ-ν

2235 4615 2394 4684 δίαν,
2410 4616 2731 4685 προσέχειν
2744 4614 2868 4681 τοῖς
2880 4614 3279 4685 λαλουμένοις
3296 4612 3411 4668 ὑπὸ
3428 4611 3534 4667 τοῦ
3551 4613 3821 4666 Παύλου
3832 4655 3847 4667 .
3872 4614 3956 4666 Τὸ

2241 4705 2338 4775 μὲν
2361 4699 2454 4758 οὖν
2480 4703 2713 4768 ἀνοῖξαι,
2745 4701 2839 4755 τοῦ
2859 4700 3015 4755 Θεοῦ·
3040 4703 3100 4754 τὸ
3120 4701 3177 4754 δὲ
3188 4681 3519 4772 ’προσέχειὴ
3544 4699 3714 4770 αὐτῆς
3733 4719 3748 4732 ·
3784 4700 3958 4756 ὥστε

2239 4792 2334 4846 καλ⁵
2359 4791 2500 4845 θεῖον
2532 4791 2628 4845 καὶ
2656 4788 2992 4861 ἀνθρώπινον
3025 4784 3114 4860 ἦν.
3148 4786 3302 4861 [271]
3331 4789 3428 4855 Ὠς
3457 4788 3527 4841 δὲ
3558 4788 3960 4856 ἐϐαπτίσθη,

2237 4879 2389 4949 φησι,
2416 4877 2795 4946 παρεκάλεσε
2818 4878 3118 4946 λέγουσα·
3151 4878 3222 4930 El
3260 4875 3573 4946 κεκρίκατέ
3613 4891 3714 4944 με.
3756 4877 3966 4948 ’Ὁραη

2236 4962 2704 5036 καὶβαπτίζεται,
2738 4965 2832 5018 καὶ
2848 4963 3060 5034 δέχεται
3088 4964 3214 5029 τοὺς
3243 4963 3574 5024 ἀποστόλους
3606 4964 3757 5031 μετὰ
3810 4983 3964 5019 τοσ-

2235 5052 2405 5124 αύτης
2438 5052 2735 5124 ἱκετηρίας,
2770 5052 2907 5123 μετὰ
2936 5052 3178 5116 πλείονος
3215 5051 3249 5123 ἢ
3290 5053 3320 5104 6
3366 5048 3637 5119 Ἀϐραάμ.
3674 5050 3813 5104 Καὶ
3844 5055 3966 5109 οῦκ

2235 5138 2387 5196 εἶπεν
2416 5141 2566 5196 οὐδὲν
2593 5140 2721 5196 ἄλλο
2755 5142 3067 5212 τεκμήριον,
3091 5140 3421 5201 ἀλλ’ἐκεῖνο,
3456 5137 3550 5206 ἀφ’
3581 5130 3641 5191 οὗ
3681 5139 3916 5215 ἐσώθη
3947 5162 3964 5178 ·

2234 5231 2335 5285 οὐκ
2361 5226 2537 5298 εἶπεν,
2578 5232 2626 5283 εἰ
2660 5229 2903 5302 μεγάλην
2949 5231 3207 5299 γυναῖκα,
3266 5228 3316 5281 εί
3358 5224 3566 5297 εὐλαϐῆ
3610 5230 3974 5297 κεκρίκατέ

2238 5335 2333 5391 με·
2376 5318 2511 5372 ἀλλὰ
2537 5318 2622 5385 τί;
2655 5317 2888 5386 Πιστὴν
2910 5317 2991 5384 τῷ
3014 5319 3239 5385 Κυρίῳ·
3283 5317 3333 5369 εί
3365 5313 3443 5387 τῷ
3470 5316 3685 5389 Κυρίῳ,
3734 5321 3978 5395 πολλῷ

2237 5408 2437 5481 μᾶλλον
2475 5409 2624 5479 ὑμῖν,
2674 5410 2723 5462 εί
2757 5407 2834 5479 μὴ
2869 5406 3284 5479 ἀμφισϐητεῖτε.
3315 5406 3427 5459 Καὶ
3459 5407 3562 5460 οὐκ
3594 5402 3748 5471 εἷπε,
3795 5409 3980 5485 ua?’

2234 5498 2377 5568 ἐμοὶ,
2409 5497 2520 5553 ἀλλ’
2558 5498 2661 5564 Είς
2698 5496 2804 5551 τὸν
2840 5491 3009 5549 οἶκόν
3037 5512 3156 5564 μου
3189 5493 3458 5564 μείνατε,
3514 5494 3655 5549 ὥστε
3718 5494 3980 5567 δεῖξαι,

2239 5586 2316 5639 ὅτι
2346 5584 2484 5656 μετά
2511 5584 2712 5655 πολλῆς
2732 5582 2893 5637 τοῦτο
2915 5580 3088 5635 ἐποίει
3124 5580 3457 5654 προθυμίας.
3484 5583 3689 5642 Ὄντως
3756 5591 3982 5661 πιστὴ

2233 5673 2265 5742 ἠ
2305 5675 2463 5744 γυνή.
2511 5671 2644 5725 Εἰπὲ
2672 5671 2734 5743 δή
2768 5689 2879 5742 μοι,
2922 5669 3004 5732 τίς
3031 5663 3185 5733 οὗτός
3235 5670 3384 5724 ἐστιν
3413 5672 3441 5725 6
3470 5669 3728 5740 δαίμων;
3774 5674 3983 5743 Θεὸς,

2234 5765 2387 5835 φησὶ,
2432 5763 2646 5818 πύθων·
2697 5762 2804 5816 ἀπὸ
2833 5760 2929 5815 τοῦ
2960 5760 3127 5814 τόπου
3156 5760 3300 5815 οὕτω
3324 5761 3561 5830 λέγεται.
3616 5759 3844 5831 Ὁρᾷς,
3878 5769 3984 5822 ὅτι

2289 5992 2324 6052 ἰ
2362 5976 2597 6090 ἰῖἷλαχοῦ
2618 5978 2762 6029 deest
2782 5979 2973 6029 inuno.
3041 5975 3069 6018 δ
3107 5976 3241 6027 Idem
3279 5975 3660 6041 πορφυροπὼλιδι
3695 5982 3815 6030 καὶ
3850 5988 3985 6050 ξένη

2289 6059 2365 6090 ινει
2442 6056 2502 6090 au
2533 6057 2602 6090 ος.

2237 6059 2365 6109 μένει
2396 6056 2604 6100 ιιαυλος.
2682 6098 2689 6103 _
