4104 6148
396 352 505 408 253

395 493 446 511 -ο
498 462 631 520 Vide
658 476 841 518 rursus
867 461 1086 518 Paulum
1103 460 1486 533 judaizantem,
1512 470 1568 516 et
1600 475 1630 515 a
1657 470 1894 530 tempore
1922 467 1977 514 et

395 573 426 612 a
453 557 594 610 loco.
629 553 728 609 Ubi
754 555 1046 624 putabatur,
1075 554 1266 624 inquit,
1288 554 1451 608 oratio
1477 569 1601 607 esse.
1625 551 1808 621 Neque
1832 550 1974 606 enim

397 656 601 701 tantum
627 643 716 700 ubi
753 660 1021 717 synagoga
1056 655 1192 710 erat,
1223 645 1315 700 sed
1341 645 1499 698 etiam
1532 643 1660 698 foris
1686 641 1978 712 precaban-

397 749 483 794 tur
512 757 526 792 :
558 739 708 808 quasi
731 738 906 793 locum
935 737 1240 808 quempiam
1279 739 1630 807 assignantes,
1661 735 1782 806 quia
1805 733 1976 789 Judaei

397 829 690 885 eraSsiores
714 838 886 883 erant.
913 827 1007 882 Die
1036 839 1202 883 autem
1228 827 1566 892 sabbatorum,
1596 825 1808 896 quando
1834 830 1977 880 veri-

397 923 569 978 simile
597 929 714 976 erat
741 921 949 976 turbam
970 922 1274 976 convenire.
1307 921 1371 975 Et
1398 921 1622 975 sedentes
1655 919 1979 989 loquebamur

398 1012 708 1075 mulieribus.
741 1028 852 1082 qua:
865 1023 1216 1067 convenerant.
1243 1012 1307 1065 Et
1337 1013 1516 1066 mulier
1531 1011 1757 1083 quaedam
1779 1011 1979 1064 nomine

402 1104 595 1176 Lydia,
655 1105 1000 1174 purpuraria,
1040 1104 1251 1158 civitatis
1307 1104 1761 1174 Thyatirenorum,
1812 1105 1979 1157 colens

399 1197 585 1261 Deum,
614 1195 803 1249 audivit
829 1212 845 1250 :
869 1197 1012 1263 cuius
1041 1194 1286 1250 Dominus
1306 1212 1394 1249 cor
1416 1204 1703 1264 aperuerat,
1735 1203 1788 1248 ut
1811 1204 1978 1247 atten—

400 1289 537 1342 deret
586 1288 650 1341 iis
688 1302 801 1357 qua:
846 1286 1139 1340 dicebantur
1183 1304 1214 1340 a
1246 1285 1430 1340 Paulo.
1463 1285 1595 1341 Vide
1639 1302 1752 1340 rem
1780 1301 1808 1339 a
1841 1285 1980 1340 fastu

398 1380 646 1433 alienam.
675 1378 862 1434 Mulier
888 1388 942 1432 et
967 1378 1183 1432 humilis
1209 1388 1342 1444 erat,
1370 1387 1426 1433 ut
1446 1379 1619 1449 palam
1640 1387 1723 1433 est
1741 1379 1808 1432 ah
1830 1388 1978 1433 arte:

400 1469 494 1524 sed
523 1469 643 1524 vide
680 1469 1070 1540 philosophiam
1118 1470 1252 1540 ejus.
1303 1470 1484 1524 Primo
1512 1469 1723 1540 quidem
1753 1470 1853 1524 hoc
1882 1470 1980 1539 ipsi

399 1561 555 1615 datur
586 1562 968 1628 testimonium,
1012 1563 1153 1630 quod
1182 1561 1386 1616 coleret
1409 1562 1597 1629 Deum,
1626 1561 1819 1616 deinde
1842 1561 1981 1632 quod

401 1654 650 1708 invitaret
675 1654 966 1722 apostolos.
996 1654 1079 1709 15.
1106 1653 1232 1709 Cum
1259 1669 1376 1724 ergo
1403 1655 1654 1724 baptizata
1674 1662 1798 1707 esset
1826 1662 1868 1706 et
1891 1653 1982 1705 do-

401 1764 513 1802 mus
539 1748 668 1816 ejus,
697 1747 966 1817 deprecata
984 1757 1058 1800 est
1088 1747 1255 1802 dicens
1285 1763 1303 1801 :
1327 1745 1535 1800 Domini
1563 1748 1679 1810 mei,
1708 1746 1751 1799 si
1770 1746 1980 1815 judica-

401 1840 490 1892 slis
519 1855 598 1892 me
621 1839 820 1907 ﬁdelem
847 1838 1064 1892 Domino
1095 1854 1223 1906 esse,
1251 1839 1451 1891 introite
1477 1839 1529 1891 in
1551 1838 1756 1890 domum
1785 1853 1979 1903 nteant,

401 1939 448 1982 et
465 1941 675 1983 manete.
703 1929 769 1983 Et
791 1932 946 2001 coegit
969 1947 1080 1986 nos.
1109 1929 1174 1985 Ut
1201 1939 1365 1984 autem
1387 1930 1642 2000 baptizata
1666 1939 1758 1993 est,
1789 1928 1979 1999 inquit,

401 2025 493 2080 illa
517 2038 562 2082 et
588 2027 767 2080 domus
791 2029 918 2096 ejus.
941 2025 1232 2081 Considera
1259 2028 1526 2096 quomodo
1553 2024 1782 2080 suaserit
1807 2024 1981 2077 omni-

404 2117 549 2172 bus:
594 2119 784 2173 deinde
830 2118 952 2171 vide
1009 2117 1375 2188 prudentiam,
1426 2117 1692 2188 quomodo
1739 2117 1984 2172 obsecret

409 2211 696 2279 apostolos,
724 2227 878 2281 quam
909 2211 1128 2266 humilia
1155 2210 1392 2280 proferat
1418 2211 1606 2277 verba,
1639 2226 1758 2264 cum
1786 2219 1982 2280 quanta

405 2304 682 2371 sapientia.
728 2303 788 2358 Si
833 2304 1080 2374 judicatis
1135 2320 1234 2370 me,
1285 2304 1471 2374 inquit,
1515 2303 1714 2372 ﬁdelem
1743 2301 1977 2356 Domino.

401 2393 541 2449 Nihil
577 2395 643 2449 ad
669 2396 1097 2466 persuadendum
1120 2397 1314 2466 aptius.
1343 2396 1511 2464 Quem
1552 2411 1657 2450 non
1688 2395 1985 2450 emotlirent

402 2487 517 2541 haec
540 2487 698 2542 verba
717 2488 738 2538 ?
756 2487 870 2542 Non
895 2489 1119 2558 rogavit,
1151 2502 1255 2542 non
1280 2496 1491 2557 precata
1517 2496 1600 2542 est
1629 2495 1850 2553 tantum,
1877 2499 1981 2539 non

401 2593 588 2633 eorum
630 2579 854 2634 arbitrio
901 2595 1014 2634 rcm
1060 2580 1298 2649 reliquit,
1345 2579 1440 2634 sed
1477 2580 1637 2634 etiam
1683 2579 1896 2648 coegit:
1932 2577 1981 2632 id

400 2669 538 2724 enim
580 2670 844 2741 signiﬁcat
897 2671 1048 2737 illud,
1106 2670 1277 2742 Coegit
1319 2688 1433 2737 nos,
1465 2671 1516 2726 id
1543 2680 1644 2738 est,
1673 2671 1754 2724 liis
1786 2669 1980 2723 verbis.

401 2761 533 2816 Vide
557 2763 826 2832 quomodo
855 2764 1034 2818 statim
1082 2764 1310 2818 fructum
1363 2764 1516 2828 lerat,
1556 2774 1611 2818 et
1639 2764 1841 2818 lucrum
1873 2779 1984 2815 ma-

396 2869 559 2924 gnum
594 2863 738 2924 putet
783 2856 1134 2910 voeationem.
1168 2855 1322 2922 Quod
1351 2871 1436 2908 me
1465 2857 1678 2909 tidelem
1703 2855 1980 2924 judicave-

399 2949 539 3014 ritis,
567 2949 734 3018 liquet
761 2963 830 3004 ex
858 2963 948 3015 eo,
982 2933 1124 3019 quod
1159 2948 1286 3026 mihi
1311 2958 1452 3001 tanta
1476 2949 1724 3020 mysteria
1757 2946 1984 3002 tradide-

402 3041 544 3104 ritis,
578 3055 682 3093 non
736 3041 997 3105 tradituri,
1042 3040 1142 3095 nisi
1172 3056 1259 3094 me
1290 3040 1448 3094 talem
1472 3040 1828 3109 judicassetis.
1879 3039 1986 3094 Nec

403 3145 536 3184 ausa
563 3139 646 3184 est
669 3139 822 3185 antea
850 3132 1091 3198 invitare,
1136 3131 1232 3187 sed
1281 3141 1558 3203 postquam
1591 3133 1852 3201 baptizata
1882 3141 1982 3199 est,

407 3221 537 3276 hinc
565 3221 852 3278 ostendens
876 3238 933 3278 se
960 3238 1066 3279 non
1097 3225 1203 3278 alio
1223 3224 1382 3279 modo
1409 3215 1780 3294 persuasiiram
1800 3223 1983 3280 fuisse.

405 3314 517 3368 Cur
540 3314 736 3369 Paulus
757 3324 811 3370 et
833 3317 961 3371 socii
983 3317 1256 3382 nolebant,
1275 3317 1370 3372 sed
1390 3318 1706 3385 renuebant,
1730 3317 1800 3371 ita
1824 3325 1881 3371 ut
1899 3332 1989 3372 eo—

398 3407 698 3478 gerentur?
742 3408 811 3466 Ut
863 3409 1008 3464 illam
1039 3410 1105 3464 ad
1136 3410 1308 3480 majus
1355 3411 1588 3464 studium
1616 3411 1983 3476 concitarent;

399 3500 485 3553 vel
510 3501 632 3568 quia
660 3501 794 3556 dixit
817 3502 1065 3558 Christus
1091 3520 1103 3556 :
1131 3500 1200 3556 In
1235 3519 1599 3576 quamcumque
1625 3505 1873 3559 civitatem
1904 3505 1987 3558 in-

399 3599 672 3662 trat-eritis,
703 3600 813 3668 quis
841 3600 904 3654 sit
947 3599 1129 3671 dignus
1170 3600 1495 3671 interrogate,
1545 3611 1592 3654 et
1643 3602 1748 3656 illic
1795 3611 1990 3655 manete

401 3690 568 3760 (Luc.
603 3692 688 3747 l0.
715 3692 805 3764 8).
837 3692 1019 3763 Itaque
1063 3693 1240 3747 omnia
1288 3708 1382 3762 per
1433 3696 1785 3748 (nconomiam
1830 3694 1986 3748 facie-

399 3782 551 3837 bant.
576 3785 660 3838 16.
693 3783 910 3838 Factum
927 3795 1000 3838 est
1018 3794 1186 3838 autem
1199 3785 1432 3839 euntibus
1451 3785 1592 3838 nobis
1607 3786 1674 3838 ad
1689 3786 1986 3851 orationem,

402 3876 629 3943 puellam
651 3876 922 3945 quamdam
950 3877 1212 3930 habentem
1238 3878 1468 3947 spiritum
1495 3877 1764 3948 pythonem
1793 3876 1992 3931 obviare

362 4026 376 4040 .
400 3968 572 4033 nobis,
626 3983 740 4037 qua:
780 3977 1034 4038 quantum
1072 3985 1315 4039 magnum
1354 3969 1620 4038 praestabat
1653 3969 1868 4023 dominis
1886 3970 1990 4024 suis

403 4061 702 4115 divinando.
736 4063 820 4116 17.
855 4061 978 4116 Haec
1005 4063 1310 4132 subsequuta
1337 4061 1560 4115 Paulum
1584 4073 1631 4117 et
1667 4079 1758 4116 nos
1791 4063 1988 4117 clama-

404 4152 512 4221 bat,
541 4153 712 4207 dicens
739 4152 874 4207 :lsti
898 4154 1122 4208 homines
1150 4155 1278 4208 servi
1298 4152 1394 4207 Dei
1418 4154 1599 4208 excelsi
1635 4164 1770 4219 sunt,
1791 4155 1878 4227 qui
1899 4171 1994 4208 an-

404 4244 643 4298 nuntiant
668 4245 809 4299 nobis
827 4247 961 4299 viam
980 4245 1176 4302 salutis.
1227 4245 1334 4301 Cur
1356 4255 1410 4301 et
1430 4247 1636 4302 dzemon
1665 4248 1786 4302 talia
1816 4248 1992 4317 loquu-

405 4346 496 4392 tus
522 4346 629 4404 est,
658 4347 714 4392 et
749 4337 944 4394 Paulus
976 4339 1250 4408 prohibuit
1274 4340 1296 4390 Υ
1324 4339 1392 4393 Et
1420 4339 1512 4393 ille
1541 4339 1791 4408 maligne,
1829 4348 1884 4392 et
1907 4340 1994 4394 hic

406 4430 710 4498 prudenter
737 4431 924 4501 agebat
949 4449 965 4485 :
986 4433 1196 4486 volebat
1217 4433 1355 4485 enim
1379 4446 1485 4485 non
1509 4431 1608 4485 lide
1630 4431 1843 4500 dignum
1871 4433 1994 4485 red-

407 4522 543 4578 dere
575 4524 615 4578 ¹.
645 4523 777 4579 Nam
806 4526 848 4579 si
880 4525 1244 4580 testimonium
1275 4525 1390 4594 ejus
1433 4525 1625 4578 Paulus
1671 4523 1992 4593 admisisset,

410 4618 616 4672 multos
644 4619 803 4674 etiam
819 4618 1003 4676 ﬁdeles
1023 4617 1340 4688 decepisset,
1360 4626 1418 4673 ut
1438 4618 1504 4673 ab
1526 4618 1615 4672 illo
1635 4619 1956 4689 approbatus
1983 4639 1994 4674 :

411 4710 537 4766 ideo
567 4710 689 4765 illos
715 4712 987 4781 praedicat,
1017 4722 1075 4767 ut
1117 4727 1210 4766 sua
1255 4710 1507 4778 stabiliat,
1538 4720 1592 4764 et
1635 4711 1922 4766 demissius
1941 4727 1998 4766 se

411 4804 554 4870 gerit
573 4801 641 4856 ad
664 4803 973 4871 perniciem.
1007 4804 1186 4858 Primo
1215 4804 1392 4872 itaque
1418 4818 1520 4856 non
1548 4802 1762 4857 admisit
1782 4803 1995 4869 Paulus,

413 4894 508 4947 sed
545 4893 768 4962 respuit,
798 4895 991 4949 nolens
1021 4904 1124 4948 tam
1151 4894 1307 4950 facile
1334 4895 1486 4966 signa
1508 4894 1704 4950 edere:
1733 4897 1856 4965 quia
1873 4911 2000 4949 vero

413 4989 801 5055 perseVerabat
822 4989 910 5041 illa
935 4988 1113 5042 multis
1139 4988 1347 5052 diebus,
1370 4997 1424 5042 ct
1449 5002 1584 5058 Opus
1620 4987 1950 5042 monstrabat
1983 5004 1996 5039 :

419 5077 492 5132 Hi
518 5081 745 5134 homines
771 5081 898 5134 servi
923 5079 1017 5133 Dei
1043 5080 1273 5134 altissimi
1301 5091 1434 5146 sunt,
1471 5082 1556 5148 qui
1585 5081 1882 5134 annuntiant
1907 5097 2000 5134 no-

415 5174 493 5229 bis
534 5174 667 5226 viam
711 5175 929 5238 salutis;
976 5184 1100 5228 tunc
1149 5175 1402 5243 prwccpit
1449 5173 1523 5227 illi
1579 5183 1635 5228 ut
1677 5175 1864 5229 exiret.
1911 5175 1998 5228 18.

421 5265 613 5320 Dolens
639 5277 807 5321 autem
837 5265 1056 5333 Paulus,
1086 5275 1131 5319 et
1155 5281 1436 5331 conversus,
1459 5267 1656 5334 spiritui
1677 5267 1803 5320 dixit
1822 5281 1839 5318 :
1860 5265 2004 5320 Prae-

421 5359 558 5427 cipio
587 5360 674 5412 tibi
705 5360 758 5412 in
781 5359 982 5412 nomine
1006 5357 1131 5411 Jesu
1168 5357 1372 5424 Christi,
1405 5358 1540 5411 exire
1582 5360 1642 5411 ab
1677 5375 1753 5411 ea.
1785 5360 1847 5411 Et
1886 5362 2007 5412 exiit

422 5451 599 5502 eadem
623 5452 772 5503 hora.
806 5451 893 5506 i9.
927 5451 1158 5506 Videntes
1184 5461 1348 5503 autem
1374 5451 1566 5503 domini
1594 5453 1720 5518 ejus,
1751 5454 1869 5519 quia
1896 5454 2005 5506 exi-

425 5544 494 5593 lit
524 5560 637 5611 spes
662 5555 880 5609 qua'stus
910 5561 1102 5610 eorum,
1134 5543 1564 5613 apprehendentes
1594 5542 1815 5596 Paulum
1846 5555 1890 5597 et
1917 5545 2006 5599 Si-

427 5639 554 5700 lam,
584 5636 908 5691 adduxerunt
935 5640 986 5690 in
1008 5642 1173 5708 forum
1192 5637 1258 5689 ad
1275 5637 1546 5707 principes,
1566 5636 1655 5690 20.
1679 5646 1724 5689 et
1750 5637 2011 5704 offerentes

430 5744 514 5780 eos
537 5730 926 5798 magistratibus,
959 5731 1194 5784 dixerunt
1223 5747 1242 5785 .'
1273 5729 1341 5782 lli
1369 5731 1592 5784 homines
1619 5733 1915 5784 conturbant
1937 5733 2012 5784 ci-

496 5823 514 5853 ¹
553 5822 645 5873 Alii
660 5823 862 5887 habent,
877 5823 1052 5876 volebat
1074 5826 1197 5878 enim
1221 5839 1270 5877 se
1284 5823 1384 5889 ﬁde
1408 5824 1606 5885 dignum
1618 5824 1797 5885 facere.

1321 345 1386 399 IN
1427 345 1608 400 ACTA
1650 338 2174 398 APOSTOLOBUM.
2217 337 2444 394 llOMlL.
2486 339 2700 396 XXXV.

3550 351 3653 406 254

2086 454 2286 509 vitalem
2333 465 2576 522 nostram,
2628 474 2740 511 cum
2786 460 2888 514 sint
2935 462 3127 533 Iudici,
3165 463 3256 519 2i.
3287 474 3333 520 et
3356 469 3658 521 annuntiunt

2082 562 2265 613 mores,
2293 563 2416 617 quos
2431 563 2532 603 non
2548 549 2662 602 licet
2687 549 2828 605 nobis
2846 553 3100 622 suscipere
3119 572 3276 627 neque
3298 573 3517 626 servare,
3538 577 3655 614 cum

2079 641 2237 695 simus
2266 639 2507 698 Romani.
2531 641 2737 713 Ubique
2757 644 3018 699 malorum
3047 662 3222 703 causae
3243 651 3484 720 pecuniae
3512 662 3656 706 sunt.

2079 731 2124 787 Ο
2146 748 2471 804 paganorum
2500 734 2938 792 inhumanitatem
2965 738 2978 792 Ξ
3010 737 3275 795 Volebant
3293 742 3522 811 puellam
3550 743 3664 799 da:-

2081 827 2378 880 moniacam
2393 842 2534 894 esse,
2561 837 2616 880 ut
2635 829 2884 898 pecunias
2908 830 3238 900 colligerent.
3260 832 3661 904 Apprehenden-

2082 924 2173 981 tes,
2210 917 2400 988 inquit,
2446 917 2672 974 Paulum
2723 931 2768 974 et
2810 920 2998 990 Silam,
3042 923 3270 978 dicebant
3299 925 3410 980 :Hi
3437 930 3662 983 homines

2080 1012 2376 1064 conturbant
2407 1013 2651 1066 civitatem
2673 1026 2916 1071 nostram.
2953 1015 3090 1083 Quid
3119 1015 3373 1074 facientes
3401 1020 3533 1075 ?cur
3558 1037 3664 1076 non

2082 1109 2205 1154 ante
2233 1102 2466 1156 traxistis
2496 1104 2634 1159 eos?
2661 1102 2831 1158 Judtei
2862 1122 2977 1159 cunt
3003 1107 3121 1171 sint,
3153 1108 3398 1179 inquiunt
3427 1127 3441 1164 :
3472 1112 3542 1165 ita
3569 1128 3665 1167 no-

2083 1206 2204 1245 men
2235 1192 2361 1246 illud
2397 1194 2535 1248 male
2556 1194 2826 1250 audiebat.
2859 1194 2929 1249 Et
2975 1198 3277 1254 annuntiant
3319 1217 3504 1269 mores,
3541 1217 3664 1272 quos

2084 1298 2184 1336 non
2209 1282 2321 1336 licet
2349 1285 2489 1338 nobis
2514 1286 2762 1355 suscipere
2809 1303 2964 1358 neque
2988 1305 3203 1357 servare,
3230 1307 3343 1345 cum
3371 1293 3528 1348 simus
3555 1294 3656 1348 Ro-

2083 1375 2241 1430 mani.
2265 1375 2396 1432 Rem
2429 1379 2482 1431 in
2512 1378 2652 1432 laesae
2681 1379 2969 1448 majestatis
2992 1381 3195 1436 crimen
3227 1394 3459 1438 vertunt.
3481 1385 3572 1440 2‘2.
3601 1386 3669 1440 Et

2083 1468 2234 1522 simul
2257 1469 2528 1523 insurrexit
2547 1470 2692 1524 turba
2717 1481 2893 1525 contra
2914 1473 3048 1527 illos.
3068 1472 3111 1529 Ο
3137 1474 3523 1546 insipientiam!
3551 1478 3664 1535 Non

2085 1561 2495 1630 examinarunt,
2532 1578 2635 1617 non
2661 1549 3076 1632 ddeliberaruut;
3123 1569 3365 1636 quamvis
3413 1585 3479 1626 eo
3523 1573 3669 1628 edito

2083 1653 2339 1707 miraculo
2370 1655 2592 1710 adorare
2625 1666 2916 1726 oporteret,
2941 1667 2995 1713 et
3031 1659 3148 1714 illos
3176 1677 3272 1730 pro
3304 1665 3667 1719 servatoribus

2085 1755 2139 1800 et
2179 1747 2430 1800 beneﬁcis
2465 1747 2686 1803 habere.
2724 1749 2854 1804 Nam
2889 1751 2930 1804 si
2951 1752 3204 1820 pecunias
3239 1754 3523 1822 volebatis,
3570 1771 3667 1810 cur

2086 1839 2244 1890 tantis
2264 1839 2492 1893 inventis
2509 1839 2706 1894 divitiis
2727 1855 2831 1894 non
2852 1844 3196 1898 accurristis?
3216 1845 3379 1900 Posse
3397 1847 3667 1903 daemoms

2085 1929 2291 1999 fugare,
2321 1931 2710 2002 splendidiores
2733 1933 2925 1999 reddit,
2945 1951 3100 2005 quam
3123 1937 3252 2006 ipsis
3273 1939 3668 2010 obtemperare.

2086 2021 2224 2076 Ecce
2253 2023 2422 2092 signa,
2459 2023 2552 2078 sed
2584 2027 2928 2093 pecuniarum
2950 2028 3215 2096 cupiditas
3239 2031 3355 2097 plus
3389 2032 3570 2085 valuit.
3605 2032 3670 2086 Et

2084 2114 2431 2182 magistratus,
2478 2117 2647 2169 scissis
2690 2117 2872 2170 tunicis
2898 2134 3091 2186 eorum,
3114 2122 3380 2191 jusserunt
3405 2137 3489 2176 eos
3518 2123 3670 2194 virgis

2086 2205 2217 2258 credi
2245 2206 2371 2260 :25.
2406 2217 2449 2259 et
2473 2223 2585 2259 cum
2613 2209 2797 2262 multas
2823 2209 2896 2262 eis
2927 2211 3104 2281 plagas
3125 2212 3497 2280 imposuissent,
3525 2216 3672 2268 mise-

2085 2307 2202 2350 runt
2239 2313 2322 2352 eos
2360 2300 2412 2351 in
2437 2312 2703 2365 carcerem,
2735 2301 3077 2371 prwcipientes
3102 2304 3299 2356 custodi
3325 2315 3379 2357 ut
3409 2306 3673 2375 diligenter

2087 2390 2361 2442 custodiret
2391 2408 2492 2445 eos.
2528 2393 2713 2462 Itaque
2743 2395 2937 2448 l’aulus
2965 2403 3131 2447 totum
3160 2395 3300 2460 fecit,
3335 2405 3389 2450 et
3418 2399 3672 2453 miracula

2087 2487 2141 2534 et
2168 2480 2502 2547 doctrinam;
2555 2484 2909 2553 periculorum
2955 2501 3083 2540 vero
3122 2502 3342 2543 consors
3371 2487 3468 2542 fuit
3513 2491 3672 2546 Silus.

2086 2571 2222 2638 Quid
2254 2583 2336 2627 est
2362 2571 2552 2628 Dolens
2572 2587 2738 2629 autem
2770 2576 3010 2631 Paulus?
3037 2577 3310 2645 Malitiam,
3340 2580 3530 2650 inquit,
3559 2581 3671 2636 da:-

2087 2665 2263 2720 mouis
2286 2665 2490 2732 videns,
2517 2677 2571 2721 ut
2600 2668 2714 2737 ipse
2739 2669 2863 2722 alibi
2891 2669 3019 2723 dicit
3057 2688 3070 2723 :
3101 2669 3224 2725 Non
3256 2673 3388 2725 enim
3413 2676 3676 2745 cogitatio-

2088 2772 2174 2810 nes
2199 2757 2307 2826 ejus
2331 2758 2621 2828 ignoramus
2648 2759 2739 2829 (2.
2763 2758 2880 2815 Cor.
2908 2761 2964 2814 2.
2991 2761 3116 2832 11).
3142 2763 3248 2818 Cur
3274 2779 3380 2817 non
3400 2765 3670 2833 dixerunt,

2089 2848 2393 2904 Danaonem
2435 2851 2728 2921 ejecerunt,
2771 2853 2822 2906 in
2865 2853 3030 2908 Deum
3061 2854 3221 2924 impie
3267 2867 3531 2926 egerunt;
3577 2859 3672 2914 sed

2087 2944 2292 2999 crimen
2320 2944 2461 2998 laesa:
2481 2945 2775 3014 majestatis
2803 2946 3104 3001 intentant?
3129 2947 3225 3003 llic
3247 2964 3306 3002 se
3331 2954 3495 3004 vietos
3517 2951 3671 3007 vide-

2087 3034 2236 3090 bant.
2259 3035 2348 3092 Sic
2377 3035 2517 3092 etde
2538 3035 2752 3092 Christo
2769 3037 3016 3093 dicebant
3041 3057 3054 3096 :
3089 3039 3209 3094 Non
3227 3041 3463 3096 habemus
3485 3059 3672 3115 regem,

2089 3131 2186 3184 nisi
2211 3128 2460 3186 Ctesarem
2492 3129 2686 3203 (Joan.
2713 3132 2802 3187 19.
2837 3133 2955 3204 15).
2989 3132 3163 3188 Omnis
3191 3134 3275 3205 qui
3297 3151 3350 3190 se
3391 3153 3555 3207 regem
3590 3142 3675 3210 fa—

2090 3224 2193 3289 cit,
2242 3225 2541 3278 contradicit
2585 3224 2776 3279 (ἔωσαν-ἰ
2823 3224 2996 3298 (Ibid.
3025 3242 3072 3281 v.
3111 3227 3235 3299 12).
3264 3227 3333 3282 Et
3359 3231 3678 3302 conjecerunt

2091 3332 2197 3382 eos,
2223 3317 2415 3386 inquit,
2462 3318 2515 3370 in
2559 3333 2827 3370 carcerem.
2868 3318 3088 3388 Magnus
3118 3318 3284 3374 furor.
3309 3321 3400 3374 24.
3432 3320 3534 3386 Qui
3560 3337 3676 3376 cum

2092 3410 2192 3464 tale
2220 3420 2526 3482 praeceptum
2576 3412 2868 3482 accepisset,
2917 3411 3130 3482 conjecit
3166 3413 3283 3466 illos
3298 3414 3360 3468 in
3389 3413 3678 3469 interiorem

2090 3518 2368 3566 carcerem,
2396 3514 2443 3556 et
2474 3504 2623 3574 pedes
2650 3521 2822 3558 eorum
2854 3503 3054 3558 strinxit
3093 3504 3252 3575 ligno.
3286 3505 3441 3572 Vide,
3469 3506 3558 3562 ille
3585 3523 3679 3563 eos

2093 3590 2144 3644 in
2177 3591 2484 3648 interiorem
2510 3594 2741 3664 c0njecit
2768 3609 3038 3650 carcerem
3064 3612 3076 3649 :
3099 3603 3152 3650 et
3179 3595 3277 3651 hoc
3294 3610 3362 3651 ex
3395 3597 3682 3667 providen-

2096 3684 2166 3738 tia
2213 3685 2432 3740 factum.
2472 3688 2606 3753 Quia
2638 3689 2778 3742 enim
2811 3687 3126 3742 miraculum
3149 3704 3399 3760 magnum
3431 3689 3672 3748 futurum

2095 3785 2230 3841 erat,
2261 3777 2485 3832 idoneus
2509 3778 2657 3833 locus
2689 3779 2755 3833 ad
2784 3795 2895 3834 rem
2927 3781 3277 3851 evulgandam
3302 3790 3454 3837 extra
3486 3784 3672 3839 urbem

2094 3871 2361 3936 statuitur,
2395 3872 2776 3926 tentationibus
2797 3882 2848 3926 et
2879 3873 3129 3942 periculis
3150 3889 3368 3929 vacuus.
3396 3875 3529 3931 Vide
3550 3892 3681 3947 quo-

2095 3961 2255 4016 modo
2284 3962 2371 4016 hic
2420 3964 2646 4034 scriptor
2669 3965 2841 4018 studia
2886 3980 3172 4020 recensere
3213 3983 3317 4022 non
3373 3968 3678 4023 erubescat.

2096 4053 2252 4109 Certe
2282 4070 2404 4109 cum
2431 4057 2583 4125 quies
2634 4065 2811 4119 esset,
2843 4057 3014 4126 magis
3046 4057 3392 4112 attendebant
3432 4059 3515 4123 iis,
3564 4076 3678 4129 quae

2097 4145 2448 4200 dicebautur:
2482 4161 2651 4217 neque
2695 4147 2820 4200 urbs
2873 4147 2960 4200 illa
3017 4147 3434 4217 Philippensium
3485 4164 3676 4219 magna

2097 4247 2232 4290 erat.
2283 4237 2408 4290 Haec
2455 4246 2510 4302 et
2562 4253 2658 4290 nos
2683 4237 2936 4302 scientes,
2978 4238 3247 4292 neminem
3276 4240 3678 4296 erubescamus.

2098 4327 2253 4397 Apud
2285 4328 2572 4382 coriarium
2603 4337 2784 4382 manet
2812 4329 3022 4396 Petrus,
3070 4329 3209 4397 apud
3259 4333 3624 4399 purpurariam
3656 4337 3673 4366 ι

2100 4422 2314 4478 Paulus.
2346 4421 2447 4478 Ubi
2473 4430 2554 4477 est
2572 4420 2773 4477 fastus?
2796 4421 2956 4493 Igitur
2990 4424 3156 4478 Deum
3190 4440 3485 4494 precemur,
3511 4439 3566 4481 ut
3592 4443 3685 4483 cor

2100 4514 2305 4582 aperiat
2335 4530 2348 4566 :
2383 4513 2522 4567 Deus
2573 4523 2750 4568 autem
2778 4515 2938 4569 corda
2963 4531 3081 4586 qua:
3107 4515 3371 4572 voluerint
3407 4520 3604 4588 aperit;
3633 4529 3688 4576 at

2101 4615 2361 4660 excaecata
2390 4604 2549 4659 corda
2581 4606 2759 4661 videre
2780 4617 2881 4661 est.
2916 4607 3019 4664 Sed
3047 4610 3329 4679 superiora
3353 4619 3679 4681 repetamus.

2106 4697 2314 4765 Mulier,
2343 4699 2530 4768 inquit,
2555 4702 2884 4770 purpuraria,
2913 4705 3054 4772 cujus
3076 4702 3324 4759 Dominus
3351 4722 3438 4759 cor
3455 4708 3675 4776 aperuit,

2104 4801 2156 4842 ut
2185 4792 2457 4846 attenderet
2481 4792 2563 4855 iis,
2589 4808 2701 4860 qua:
2721 4792 3012 4846 dicebantur
3044 4811 3075 4848 a
3113 4794 3305 4851 Paulo.
3332 4800 3558 4868 Aperire
3585 4801 3686 4854 ita-

2105 4899 2208 4952 que
2236 4884 2328 4938 Dei
2374 4893 2476 4952 est,
2505 4885 2781 4940 attendere
2813 4901 2938 4940 vero
2967 4886 3148 4942 illius:
3181 4903 3270 4944 res
3301 4890 3458 4960 igitur
3491 4901 3605 4947 erat
3630 4902 3685 4947 et

2106 4975 2282 5029 divina
2309 4984 2364 5029 et
2391 4975 2642 5030 humana.
2672 4976 2796 5030 Cum
2821 4988 2984 5031 autem
3006 4981 3258 5050 baptizata
3276 4983 3474 5053 fuisset,
3494 4984 3684 5053 inquit,

2110 5069 2372 5137 deprecata
2397 5079 2467 5121 est
2497 5069 2686 5135 dicens,
2719 5068 2778 5123 Si
2790 5071 3060 5140 jndicastis
3090 5087 3186 5125 me.
3220 5073 3431 5144 Vide,et
3458 5076 3692 5145 baptiza-

2111 5168 2226 5225 tur,
2258 5169 2311 5212 et
2339 5159 2527 5229 recipit
2557 5161 2827 5228 apostolos
2855 5172 2972 5231 post
2995 5172 3193 5218 tantam
3216 5166 3682 5234 supplicationem,

2113 5253 2365 5319 majorem
2397 5267 2554 5320 quam
2582 5251 2724 5305 illam
2752 5252 3059 5307 Abrahami.
3087 5254 3194 5309 Nec
3225 5256 3350 5309 dicit
3377 5257 3519 5310 aliud
3552 5259 3690 5311 indi-

2112 5346 2275 5406 cium,
2315 5357 2471 5412 quam
2518 5343 2664 5408 illud,
2698 5360 2802 5413 quo
2843 5354 3050 5399 servata
3080 5343 3274 5400 fuerat.
3303 5346 3418 5401 Non
3447 5347 3600 5411 dixit,
3633 5350 3687 5403 Si

2117 5451 2382 5506 magnam,
2416 5437 2459 5489 si
2489 5437 2625 5504 piam
2646 5438 2921 5492 mulierem
2950 5439 3224 5508 judicastis
3252 5455 3367 5504 me;
3392 5441 3484 5495 sed
3525 5443 3695 5510 quid?

2117 5528 2347 5582 Fidelem
2368 5527 2607 5580 Domino.
2641 5529 2694 5583 Si
2726 5530 2971 5591 Domino,
3007 5529 3171 5583 multo
3196 5531 3362 5599 magis
3388 5532 3556 5597 vobis,
3590 5533 3692 5589 nisi

2118 5619 2390 5675 dubitetis.
2423 5617 2531 5672 Nec
2554 5619 2707 5684 dixit,
2739 5620 2891 5688 Apud
2930 5637 3035 5685 me,
3059 5618 3245 5683 sed,ln
3274 5623 3423 5676 domo
3450 5640 3561 5678 mea
3584 5642 3693 5680 ma-

2120 5722 2227 5766 nete
2245 5727 2263 5774 ;
2295 5719 2350 5762 ut
2379 5708 2684 5766 ostenderet
2724 5723 2784 5763 se
2815 5710 2913 5764 hoc
2939 5727 3058 5764 cum
3091 5726 3276 5781 magna
3307 5713 3576 5771 alacritate.
3613 5717 3695 5772 [3--

2189 5828 2203 5856 ι
2242 5827 2430 5885 Quidam
2452 5823 2601 5886 addit,
2624 5831 2668 5876 et
2688 5823 3017 5892 alienigenam.
