4104 6148
534 342 639 396 255

535 472 679 510 cere.
712 452 845 507 Vere
874 446 1044 501 ﬁdelis
1068 445 1277 499 mulier.
1321 442 1413 497 Dic
1442 455 1569 495 vero
1598 438 1747 504 mihi,
1776 438 1894 507 quis
1920 445 1999 491 est
2025 436 2112 490 hic

533 542 771 607 daemon?
800 541 956 601 Deus,
993 536 1220 605 inquies,
1255 536 1455 606 python
1503 549 1516 584 :
1549 546 1578 584 a
1602 531 1720 584 loco
1760 529 1837 583 sic
1866 537 2106 582 vocatur.

536 635 715 691 Viden’
734 634 894 689 etiam
920 630 1218 698 Apollinem
1245 642 1364 683 esse
1392 627 1686 680 daemonem
1704 623 1727 676 ?
1747 632 1800 678 et
1819 622 1939 691 quia
1961 620 2106 673 vole-

532 730 622 784 bat
660 728 779 781 illos
821 726 871 779 in
904 722 1224 777 tentationes
1253 719 1489 790 injicere,
1530 726 1590 771 ut
1617 714 1783 785 magis
1830 714 2103 775 excitaret,

526 821 591 873 ad
614 819 716 874 hoc
744 814 1071 887 loquendum
1101 812 1327 867 induxit.

592 910 647 964 2.
679 909 723 963 0
747 908 997 970 sceleste,
1026 914 1080 960 et
1110 902 1518 959 Scelestissime!
1571 900 1628 956 Si
1674 913 1800 968 ergo
1828 897 1964 952 nosti
1988 895 2105 949 illos

527 1004 668 1056 viam
694 999 882 1056 salutis
908 997 1243 1062 annuntiare,
1279 1010 1373 1049 cur
1418 1009 1523 1049 non
1572 990 1843 1061 egrederis
1882 986 2105 1042 iubens?

525 1096 630 1151 Sed
664 1094 893 1163 idipsum
918 1090 1059 1161 quod
1089 1090 1272 1145 Simon
1302 1088 1532 1152 volebat,
1576 1099 1696 1139 cum
1724 1083 1947 1147 diceret,
1976 1078 2105 1132 Date

506 1166 668 1251 ’ntilti,
699 1194 754 1238 ut
779 1185 860 1237 cui
880 1184 1167 1251 imposuere
1215 1195 1414 1241 manus,
1444 1178 1658 1246 accipiat
1685 1174 1935 1242 Spiritum
1979 1189 2101 1225 san-

520 1288 653 1330 ctum
679 1276 828 1350 (Act.
857 1278 909 1329 8.
944 1272 1050 1344 l9)
1077 1290 1089 1326 :
1125 1272 1223 1326 hoc
1251 1278 1306 1325 et
1333 1269 1433 1324 iste
1459 1268 1718 1323 faciebat:
1742 1265 1864 1335 quia
1891 1263 2103 1317 videbat

521 1371 639 1424 illos
684 1368 962 1434 celebrari,
1022 1366 1095 1420 ita
1127 1363 1364 1429 simulat,
1398 1362 1498 1416 hac
1539 1361 1743 1415 ratione
1791 1372 2013 1428 aperans
2041 1372 2100 1411 se

518 1460 921 1534 relinquendum
951 1474 1071 1515 esse
1106 1458 1159 1512 in
1185 1472 1432 1527 corpore,
1481 1455 1525 1508 si
1555 1453 1737 1509 eadem
1766 1452 2094 1522 pra-dicaret.

516 1558 570 1613 Si
613 1554 742 1611 vero
780 1554 919 1625 apud
968 1553 1238 1608 hominem
1294 1551 1413 1605 Non
1441 1561 1512 1604 est
1543 1551 1767 1619 speciosa
1802 1549 1911 1601 laus
1932 1549 1984 1600 in
2012 1563 2098 1600 ore

516 1648 793 1718 peccatoris
821 1646 1015 1718 (Eccli.
1050 1646 1135 1699 15.
1170 1644 1268 1717 9),
1298 1644 1465 1697 multo
1514 1642 1682 1713 magis
1727 1643 1865 1710 apud
1891 1642 2095 1694 daemo-

516 1757 636 1796 nem
672 1759 685 1795 :
715 1742 759 1796 si
787 1741 854 1795 ab
882 1739 1183 1794 hominibus
1208 1735 1567 1794 testimonium
1596 1751 1701 1790 non
1728 1733 2096 1804 accipitChri-

513 1846 649 1902 stus,
681 1850 779 1889 nec
807 1850 839 1888 a
865 1832 1102 1897 Joanne;
1133 1832 1299 1886 multo
1321 1832 1499 1885 minus
1522 1843 1553 1883 a
1597 1827 1860 1882 dtemone.
1892 1824 2091 1881 Praedi-

512 1946 637 1985 care
658 1930 797 1984 enitn
821 1944 926 1982 non
955 1940 1036 1983 est
1063 1927 1358 1992 hominum,
1385 1925 1479 1979 sed
1501 1923 1728 1993 Spiritus
1749 1924 1937 1976 sancti.
1961 1920 2093 1987 Quia

513 2025 670 2094 igitur
693 2033 1005 2093 arroganter
1030 2021 1294 2076 faciebant
1317 2019 1631 2085 clamantes,
1650 2016 1884 2070 clamore
1904 2029 1961 2069 se
1983 2024 2094 2068 stu—

516 2108 699 2185 porem
760 2115 1019 2169 allaturos
1077 2112 1383 2182 sperabant,
1438 2110 1720 2165 dicentes:
1755 2107 1825 2161 Hi
1868 2108 2091 2160 homines

509 2209 803 2263 conturbant
824 2210 1072 2262 civitatem
1093 2218 1335 2261 nostram.
1360 2205 1499 2273 Quid
1520 2204 1691 2260 dicis?
1711 2203 1956 2258 credisne
1977 2203 2085 2257 da:-

511 2303 696 2356 tuoni?
727 2317 822 2357 cur
852 2317 954 2355 non
980 2301 1066 2356 hic
1099 2301 1258 2356 etiam
1289 2299 1503 2355 credis?
1530 2299 1623 2353 ille
1651 2296 1797 2362 dicit,
1830 2297 1973 2352 Servi
1991 2295 2090 2350 Dei

508 2395 777 2458 altissimi;
806 2403 862 2448 ιιι
892 2394 1047 2462 dicis,
1078 2393 1386 2448 Conturbant
1435 2394 1684 2446 civitatem
1712 2401 1934 2446 nostram
1957 2408 1976 2445 :
2001 2382 2089 2445 ille

507 2486 655 2551 dicit,
674 2486 989 2539 Annuntiant
1011 2486 1152 2538 nobis
1181 2485 1312 2537 viam
1335 2483 1544 2548 salutis;
1568 2492 1623 2537 tu
1645 2497 1770 2536 vero
1782 2482 1931 2545 dicis,
1952 2481 2087 2535 Tra-

508 2578 631 2630 tlunt
657 2577 799 2631 nobis
840 2592 1022 2641 mores,
1073 2591 1198 2644 quos
1241 2591 1343 2628 non
1372 2574 1483 2627 licet
1510 2574 1778 2642 suscipere.
1808 2571 1941 2627 Vide
1969 2573 2087 2628 illos

503 2683 675 2737 neque
700 2668 930 2722 dtemoni
954 2680 1112 2721 aures
1134 2665 1453 2735 praebentes,
1481 2665 1575 2718 sed
1603 2679 1759 2718 unam
1783 2672 2085 2733 spectantes

501 2761 798 2814 avaritiam.
827 2759 1134 2823 Traxerunt,
1166 2756 1354 2826 inquit,
1387 2771 1471 2809 eos
1508 2756 1560 2809 in
1607 2760 1775 2825 {orum
1798 2755 1864 2807 ad
1891 2755 2084 2825 princi-

503 2867 587 2920 pes
620 2866 638 2903 :
664 2860 709 2903 et
738 2851 957 2903 cucurrit
984 2849 1121 2919 plebs
1148 2848 1383 2901 adversus
1414 2863 1518 2900 eos.
1546 2845 1680 2901 Vide
1710 2846 1829 2900 illos
1855 2862 1959 2899 non
1992 2860 2081 2900 re-

501 2942 767 3013 spondere
794 2956 892 2996 nec
922 2956 1040 2996 sese
1066 2955 1293 3011 purgare
1318 2956 1331 3005 ;
1385 2949 1439 2993 ut
1462 2939 1666 3008 majore
1684 2939 1792 2993 sint
1818 2938 1960 3007 digni
1987 2938 2081 2991 ad-

502 3035 801 3091 miratione.
830 3034 962 3089 Nam
1003 3035 1097 3101 ait,
1150 3034 1275 3088 Cum
1308 3034 1557 3103 inﬁrmor,
1605 3042 1722 3085 tunc
1745 3041 1920 3103 potens
1943 3048 2074 3085 sum.

502 3130 696 3199 Sttﬁicit
723 3129 808 3183 tibi
834 3129 997 3200 gratia
1042 3144 1183 3194 mea;
1214 3143 1333 3181 nam
1389 3127 1545 3182 uirtus
1573 3142 1684 3179 mea
1712 3127 1765 3179 in
1791 3126 2079 3194 inﬁrmitate

498 3223 754 3291 perﬁcitur
775 3221 862 3293 (2.
888 3219 1006 3276 Cor.
1036 3221 1123 3275 12.
1154 3220 1220 3285 10
1265 3229 1311 3274 ει
1350 3219 1449 3290 9).
1474 3219 1655 3288 itaque
1682 3234 1747 3272 ex
1774 3228 2077 3272 mansuetu-

497 3314 621 3368 dine
650 3313 991 3367 admirabiles
1018 3321 1191 3367 erant.
1233 3311 1441 3379 Quanto
1484 3310 1793 3380 diligentior
1831 3310 2073 3363 cuStodia

495 3417 631 3473 erat,
660 3416 803 3461 tanto
828 3406 1140 3460 miraculum
1179 3403 1525 3475 splendidius.
1556 3403 1805 3458 Fortasse
1828 3402 1906 3457 sic
1925 3403 2071 3457 sedi-

498 3506 694 3559 tionem
741 3503 930 3557 sedare
982 3502 1251 3556 volebant.
1299 3500 1433 3566 Quia
1483 3498 1731 3554 videbant
1787 3499 2071 3552 instantem

498 3596 724 3663 turbant,
746 3596 911 3666 plagis
927 3593 1137 3665 quidem
1165 3595 1217 3648 in
1244 3592 1491 3663 prtesenti
1518 3591 1751 3646 furerent
1772 3592 1961 3646 sistere
1979 3606 2071 3645 vo-

495 3688 701 3753 labant;
732 3704 850 3742 cum
882 3698 1057 3743 autem
1100 3689 1150 3741 in
1181 3701 1450 3741 carcerem
1481 3686 1826 3755 conjecerunt
1853 3693 1908 3738 et
1933 3700 2070 3753 pra:-

492 3789 746 3851 ceperunt
768 3789 1012 3835 accurate
1056 3779 1277 3843 servari,
1308 3792 1520 3831 causam
1580 3777 1767 3831 audire
1798 3776 2064 3831 volebant.

497 3875 559 3927 Et
587 3875 787 3928 strinxit
814 3876 970 3945 ligno,
996 3874 1204 3942 inquit;
1232 3887 1295 3926 ac
1323 3871 1367 3925 si
1394 3870 1618 3937 diceret,
1651 3871 1701 3923 itt
1728 3869 2069 3937 nervo.Quot

490 3966 736 4038 lacrymis
752 3966 907 4034 digna
930 3975 1073 4030 sunt,
1099 3979 1217 4033 qua:
1239 3978 1379 4018 nunc
1407 3964 1673 4034 aguntur?
1701 3962 1777 4016 illi
1806 3963 1939 4015 maia
1971 3977 2065 4031 pa-

488 4058 771 4123 tiebantur,
795 4072 893 4112 nos
912 4058 963 4110 in
985 4056 1430 4126 deliciisagimus,
1451 4070 1547 4109 uos
1564 4056 1615 4108 in
1645 4055 1889 4109 theatris.
1913 4055 2065 4111 Unde

485 4150 745 4219 pernicies
789 4149 982 4205 accidit
1001 4156 1057 4205 et
1076 4149 1485 4219 submergimur,
1511 4148 1634 4202 dutn
1652 4148 1881 4219 quietem
1906 4150 2062 4202 undi-

483 4261 584 4314 que
612 4244 921 4315 qttmrimus,
956 4258 1054 4297 nec
1083 4258 1178 4313 pro
1204 4242 1418 4297 Christo
1447 4243 1691 4297 volumus
1711 4242 1793 4297 vel
1822 4242 2061 4297 convicia

481 4338 764 4402 sustinere,
792 4338 875 4391 vel
901 4337 1061 4391 etiam
1090 4336 1269 4390 verba.
1294 4336 1417 4391 ilice
1442 4335 1748 4407 frequenter
1776 4337 1829 4390 in
1859 4350 2061 4390 memo-

482 4432 613 4485 riam
662 4444 995 4495 revecemus,
1040 4430 1298 4492 obsecro,
1344 4438 1539 4499 quanta
1592 4431 1666 4482 illi
1719 4430 1857 4498 passi
1910 4430 2053 4492 sint,

478 4533 672 4594 quanta
701 4522 1070 4587 sustinuerint,
1096 4521 1364 4591 quomodo
1393 4535 1491 4575 nec
1512 4521 1725 4585 turbati,
1753 4536 1849 4575 nec
1868 4520 2054 4574 oﬂ‘cnsi

478 4618 604 4667 sint.
637 4613 729 4668 Dei
755 4627 888 4681 Opus
915 4614 1360 4681 exsequebantur,
1384 4622 1438 4667 et
1464 4612 1578 4665 ltzec
1605 4614 1741 4681 passi
1772 4621 1913 4667 sunt.
1936 4612 2052 4667 Non

476 4705 724 4760 dicebant
753 4721 763 4756 :
796 4703 904 4758 Cur
934 4704 1034 4757 hoc
1054 4703 1422 4773 pra-dicamus,
1449 4719 1547 4757 nec
1573 4700 1727 4757 nobis
1750 4704 2050 4772 praesidium

474 4798 626 4852 affert
684 4796 863 4850 Deus?
919 4794 1023 4850 Sed
1073 4804 1127 4849 et
1179 4795 1279 4848 hoc
1322 4794 1426 4848 iliis
1466 4794 1736 4864 proderat,
1768 4802 1824 4848 et
1850 4795 2051 4865 absque

474 4907 573 4958 ope
613 4907 676 4946 ex
725 4890 839 4960 ipsa
878 4904 938 4944 re
993 4887 1380 4942 constantiores
1424 4886 1711 4952 reddebat,
1763 4888 2045 4954 fortiores,

477 4982 873 5050 imperterritos.
921 4980 1195 5035 Tribnlatio
1216 5023 1233 5048 ,
1266 4980 1432 5050 inquit
1453 5020 1468 5046 ,
1497 4981 1785 5050 patientiam
1813 4991 2049 5036 oneratur

473 5088 486 5143 ί
516 5077 662 5130 liam.
696 5075 749 5129 5.
781 5073 871 5143 4).

543 5167 688 5221 Nihil
713 5166 937 5220 inutilius
963 5163 1336 5226 otioso.—Ne,
1357 5178 1557 5233 quaeso,
1583 5163 1777 5217 ﬂuxam
1798 5174 1852 5218 et
1875 5164 2045 5219 disso-

472 5262 633 5315 lutam
662 5273 959 5329 qtuerantus
989 5256 1170 5310 vitam.
1198 5255 1268 5311 Ut
1309 5256 1451 5310 enim
1499 5254 1585 5310 hic
1622 5255 1814 5327 duplex
1845 5257 2040 5311 bonum

471 5364 571 5418 est,
601 5353 740 5424 quod
774 5353 1020 5407 fortiores
1061 5350 1189 5403 ftant
1209 5393 1223 5416 ,
1247 5358 1301 5405 et
1327 5349 1467 5417 quod
1494 5363 1682 5419 magna
1708 5351 1778 5404 sit
1804 5366 2038 5406 merces:

468 5446 542 5499 sic
565 5446 633 5500 ibi
656 5444 850 5514 duplex
871 5444 1092 5508 malum,
1111 5442 1250 5513 quod
1275 5442 1541 5497 molliores
1556 5443 1801 5509 evadant,
1822 5454 1875 5498 et
1900 5444 2039 5514 quod

468 5538 531 5591 ad
562 5538 762 5590 nullam
786 5537 1085 5600 utilitatem,
1112 5535 1203 5589 sed
1227 5536 1276 5588 in
1303 5536 1520 5589 malum.
1547 5536 1685 5591 Nihil
1715 5538 1853 5591 enim
1876 5536 2040 5591 inttti-

469 5629 568 5681 titts
612 5628 847 5691 homine,
875 5629 964 5698 qui
1010 5630 1061 5682 itt
1099 5628 1210 5681 otio
1252 5638 1304 5681 et
1343 5627 1547 5682 deliciis
1590 5640 1755 5681 totum
1800 5629 2041 5698 transigit

471 5729 695 5784 tempus.
751 5716 860 5781 Vir,
892 5719 1081 5787 inquit,
1112 5734 1218 5770 non
1248 5720 1522 5786 probatus,
1553 5721 1712 5777 etiam
1739 5720 2034 5789 reprobus:

466 5806 746 5878 reprobus,
769 5823 875 5863 non
900 5809 954 5863 in
985 5811 1068 5866 his
1093 5819 1291 5864 tantum
1316 5811 1725 5895 certaminibus,
1759 5812 1847 5869 sed
1882 5814 2039 5868 etiam

1226 330 1263 386 S
1324 326 1601 385 JOANNIS
1622 322 2097 383 CIIRYSOSTOMI
2150 322 2462 381 ARCHIEP.
2496 326 3023 387 CONSTANTINOP.

3691 340 3797 400 250

2219 438 2270 491 i-n
2298 440 2415 495 aliis
2442 441 2710 496 omnibus.
2769 443 2875 499 Res
2915 455 2998 499 est
3042 446 3241 503 inutilis
3287 450 3487 505 desidia
3520 469 3532 503 :
3564 456 3799 523 atquein

2216 531 2345 601 ipsis
2386 531 2594 587 deliciis
2633 533 2761 587 nihil
2790 535 2859 589 ita
2889 536 3058 590 fructu
3099 554 3288 594 carens
3335 550 3392 595 ut
3431 541 3666 598 deliciari
3699 543 3792 601 :id

2215 624 2356 678 enim
2397 624 2663 679 fastidium
2689 626 2842 694 parit.
2882 626 3065 698 Neque
3097 638 3241 685 tanta
3273 643 3355 687 est
3381 634 3620 689 ciborum
3648 636 3792 693 desi-

2211 716 2419 788 diaeque
2455 718 2729 788 voluptas;
2762 720 2857 775 sed
2887 721 3066 776 omnia
3108 723 3349 780 deﬂuunt
3377 738 3431 781 et
3453 730 3684 784 avolant.
3715 730 3791 789 Ne

2214 807 2348 862 hanc
2388 824 2707 879 quaeramus.
2754 810 2812 867 Si
2855 812 3000 867 enim
3046 817 3388 873 considerare
3434 821 3788 890 voluerimus,

2211 910 2329 955 ttter
2355 904 2570 957 suavius
2596 914 2732 974 agat,
2767 904 2858 975 qui
2887 906 3096 961 laborat
3121 915 3176 961 et
3200 908 3251 962 in
3280 912 3530 965 utrumuis
3551 912 3694 980 vivit,
3719 930 3787 970 an

2208 993 2297 1062 qui
2324 993 2604 1049 deiiciatur
2636 1013 2649 1049 :
2682 995 2831 1050 illum
2860 998 3077 1052 suavius
3102 1001 3279 1056 vivere
3304 1003 3783 1072 deprehendamus.

2208 1084 2337 1139 Nam
2382 1085 2554 1154 primo
2582 1086 2723 1141 illius
2751 1102 2944 1158 corpus
2969 1104 3167 1145 enerve
3196 1102 3248 1147 et
3274 1093 3508 1163 ineptum
3540 1097 3621 1150 est
3646 1114 3659 1149 :
3687 1096 3783 1151 de-

2208 1177 2329 1231 inde
2356 1179 2597 1246 corporis
2623 1194 2810 1233 sensus
2835 1197 2938 1235 non
2965 1194 3090 1238 sunt
3114 1185 3305 1239 sinceri
3330 1203 3501 1257 neque
3523 1189 3659 1255 sani,
3692 1190 3784 1244 sed

2206 1271 2394 1325 molles
2420 1280 2474 1326 et
2500 1272 2728 1342 languidi
2756 1290 2770 1339 ;
2802 1274 2889 1329 ubi
2920 1291 3048 1330 vero
3073 1277 3150 1332 sic
3177 1294 3262 1334 res
3291 1281 3469 1346 habet,
3499 1299 3670 1353 neque
3694 1300 3783 1338 sa-

2204 1365 2385 1418 nitatis
2413 1366 2657 1435 voluptas
2684 1378 2928 1436 apparet.
2978 1369 3108 1436 Quis
3136 1386 3305 1442 equus
3337 1374 3499 1441 utilis,
3534 1377 3621 1445 qui
3647 1376 3781 1431 deii-

2202 1461 2371 1515 ciatur
2406 1477 2471 1514 an
2515 1462 2601 1531 qui
2628 1464 2950 1518 exercetur?
2978 1481 3096 1535 quae
3138 1469 3306 1534 navis,
3336 1485 3453 1539 qua:
3479 1471 3693 1541 navigat
3714 1487 3777 1524 an

2200 1569 2318 1624 qu:e
2353 1553 2584 1609 otiatur?
2622 1571 2740 1625 qua:
2766 1572 2933 1625 aqua,
2971 1574 3089 1627 qua:
3118 1558 3231 1613 ﬂuit
3260 1577 3324 1613 an
3354 1578 3472 1631 qum
3512 1563 3781 1632 quiescit?

2199 1648 2340 1718 quod
2373 1647 2590 1716 ferrum,
2622 1650 2763 1720 quod
2791 1661 3033 1705 movetur
3059 1668 3124 1706 an
3156 1655 3295 1723 quod
3327 1654 3459 1708 nihil
3486 1656 3781 1724 operatur?

2199 1757 2374 1797 annon
2402 1742 2532 1797 illud
2561 1744 2775 1813 quidem
2803 1744 3078 1815 splendet,
3132 1756 3183 1801 et
3209 1758 3430 1817 argento
3459 1750 3635 1805 simile
3662 1763 3774 1818 est;

2198 1839 2303 1895 hoc
2330 1848 2505 1893 autem
2535 1839 2777 1909 rubigine
2802 1842 3163 1908 consumitur,
3194 1850 3247 1896 et
3277 1842 3458 1897 inutile
3482 1854 3585 1910 est,
3615 1856 3775 1915 atque

2197 1946 2263 1986 ex
2289 1931 2509 1985 materia
2535 1945 2628 1985 sua
2657 1932 2925 2001 quidpiam
2956 1933 3187 1986 amittit?
3230 1933 3355 1989 Tale
3382 1934 3652 2004 quidpiam
3678 1951 3772 1991 ae-

2195 2025 2325 2080 cidit
2351 2026 2538 2079 otiosa:
2563 2027 2756 2079 anima:
2786 2043 2799 2078 :
2833 2025 3021 2095 rubigo
3047 2025 3286 2095 qumdam
3323 2026 3463 2081 illam
3491 2029 3767 2097 pervadit,

2195 2127 2247 2175 et
2275 2118 2613 2189 splendorem
2654 2120 2889 2175 corrodit
2926 2128 3224 2190 cmteraque
3265 2121 3463 2174 omnia.
3510 2122 3622 2189 Qua
3658 2134 3773 2177 arte

2193 2212 2310 2280 quis
2337 2212 2473 2267 hanc
2498 2212 2793 2283 rubiginem
2819 2213 3174 2269 absterserit?
3204 2201 3586 2269 Erumnarum
3612 2225 3770 2273 cote:

2193 2302 2299 2357 illa:
2320 2304 2501 2358 utilem
2528 2303 2759 2360 reddunt
2779 2305 3007 2359 animam
3030 2312 3084 2359 et
3105 2308 3153 2357 in
3183 2306 3428 2361 omnibus
3449 2307 3769 2376 expeditam.

2191 2393 2469 2461 Quomodo
2498 2395 2661 2461 enim,
2690 2410 2892 2465 quaeso,
2917 2396 3111 2465 poterit
3138 2396 3262 2449 vitia
3291 2396 3583 2464 succidere,
3610 2398 3771 2452 hebe-

2191 2496 2295 2543 tata
2323 2489 2455 2554 acie,
2480 2496 2534 2543 et
2560 2490 2707 2558 quasi
2732 2489 3002 2558 plumbum
3029 2488 3260 2544 reﬂexa?
3285 2490 3553 2560 quomodo
3576 2489 3764 2545 diabo-

2189 2582 2295 2636 lttm
2317 2581 2626 2638 confodiet?
2651 2584 2735 2638 cui
2761 2598 2864 2637 non
2887 2592 2968 2636 est
2992 2584 3230 2653 ingratus
3257 2582 3415 2637 homo
3434 2583 3521 2652 qui
3548 2583 3767 2653 pingue-

2186 2672 2295 2728 diui
2322 2672 2517 2740 studet,
2546 2688 2609 2728 ac
2637 2674 2780 2728 velut
2810 2672 2978 2743 phoca
3011 2673 3271 2726 trahitur?

2257 2766 2308 2821 5.
2340 2764 2504 2818 Lauta
2530 2782 2699 2820 mensa
2727 2766 3053 2837 vituperatur.
3078 2795 3145 2804 —
3168 2764 3284 2820 Non
3313 2764 3411 2820 hoc
3436 2764 3556 2819 dico
3580 2764 3646 2819 de
3673 2764 3758 2829 iis,

2184 2857 2274 2926 qui
2294 2868 2475 2911 natura
2500 2857 2635 2912 tales
2655 2867 2798 2924 sunt,
2821 2856 2913 2911 sed
2937 2856 3002 2912 de
3023 2857 3103 2922 iis,
3118 2856 3204 2926 qui
3223 2872 3284 2910 ex
3302 2855 3538 2910 ciborum
3558 2856 3762 2911 deliciis

2186 2951 2308 3004 talia
2353 2951 2454 3005 sibi
2498 2964 2722 3019 corpora
2763 2958 2974 3020 parant,
3004 2965 3124 3004 cum
3173 2958 3361 3002 natura
3402 2964 3494 3003 sua
3538 2949 3761 3018 graciles

2180 3054 2379 3101 essent.
2408 3045 2565 3101 Ortus
2586 3055 2667 3101 est
2688 3046 2790 3112 sol,
2814 3046 2988 3100 radios
3012 3046 3206 3116 ubique
3227 3044 3536 3114 splendidos
3554 3045 3761 3113 effudit,

2181 3136 2417 3207 singulos
2459 3138 2524 3194 ad
2566 3152 2726 3207 Opera
2766 3139 3014 3192 excitavit
3042 3156 3057 3192 :
3089 3138 3318 3209 agricola
3345 3149 3557 3205 sumpto
3588 3138 3763 3208 ligone

2180 3230 2320 3293 exit,
2350 3227 2571 3280 aerarius
2601 3228 2847 3281 malleum
2877 3228 3269 3297 apprehendit,
3300 3229 3492 3298 singuli
3521 3230 3757 3285 artifices

2178 3334 2297 3389 qua:
2318 3318 2416 3372 sibi
2439 3327 2763 3388 congruunt;
2786 3328 2841 3374 et
2860 3334 3124 3389 quemque
3147 3322 3389 3376 invenies
3410 3322 3755 3376 instrumenta

2176 3426 2270 3465 sua
2299 3419 2643 3475 tractantem;
2669 3411 2860 3465 mulier
2914 3412 3092 3466 colum
3123 3412 3206 3466 vel
3240 3422 3499 3468 texturam
3532 3414 3751 3482 arripit:

2176 3502 2267 3557 ille
2294 3513 2469 3557 autem
2510 3517 2720 3557 summo
2770 3518 2924 3558 mane
2948 3504 3098 3573 quasi
3130 3519 3321 3573 porcus
3345 3505 3410 3559 ad
3436 3505 3753 3575 pascendum

2174 3603 2413 3649 ventrem
2446 3595 2585 3659 exit,
2618 3610 2863 3664 quaerens
2891 3595 3161 3665 quomodo
3192 3596 3387 3651 lautam
3421 3606 3571 3666 paret
3598 3612 3751 3652 men-

2173 3701 2307 3741 sam.
2360 3687 2519 3756 Atqui
2568 3686 2850 3742 brutorunt
2891 3696 2973 3740 est
3013 3696 3217 3741 tantum
3263 3705 3293 3742 a
3342 3705 3549 3743 summo
3598 3706 3752 3745 mane

2171 3778 2344 3833 cibum
2373 3778 2542 3845 adire,
2566 3781 2686 3847 quia
2714 3778 2779 3832 ad
2812 3780 2944 3832 nihil
2976 3779 3121 3833 utilia
3153 3790 3298 3846 sunt,
3330 3781 3429 3834 nisi
3456 3781 3521 3835 ad
3553 3793 3755 3836 macta-

2174 3870 2390 3925 tionem.
2441 3869 2534 3935 illa
2567 3885 2693 3924 vero
2718 3885 2836 3939 qua:
2883 3870 3044 3924 dorso
3087 3881 3329 3941 gestant,
3360 3880 3415 3925 et
3444 3872 3590 3942 operi
3627 3880 3752 3941 apta

2171 3972 2323 4027 sunt,
2372 3962 2486 4031 ipsa
2531 3977 2741 4032 quoque
2788 3972 2947 4017 noctu
2974 3964 3037 4016 ad
3070 3978 3205 4033 Opus
3229 3965 3597 4034 egrediuntur.
3650 3965 3754 4019 llic

2168 4064 2344 4110 autem
2374 4071 2401 4109 a
2432 4055 2570 4109 lecto
2594 4070 2837 4125 surgens,
2868 4058 2981 4111 sole
3008 4056 3178 4111 forum
3209 4059 3469 4127 replente,
3493 4068 3545 4112 et
3575 4059 3745 4112 omni

2168 4148 2264 4201 bus
2296 4147 2474 4201 labore
2500 4147 2724 4212 satiatis,
2755 4149 2923 4217 surgit
2949 4164 3008 4203 se
3037 4149 3345 4204 distendens
3373 4151 3521 4219 quasi
3552 4166 3745 4220 porcus

2166 4239 2454 4308 saginatus,
2480 4248 2758 4308 postquam
2794 4240 3047 4308 optimam
3074 4240 3178 4295 diei
3205 4251 3407 4310 partem
3433 4243 3484 4295 itt
3513 4242 3745 4296 tenebris

2164 4332 2512 4401 consumpsit.
2556 4331 2756 4387 Deinde
2804 4333 2969 4387 multo
3002 4342 3239 4402 tempore
3287 4334 3338 4387 in
3378 4334 3516 4388 lecto
3554 4333 3735 4395 sedet,

2163 4440 2261 4478 nec
2325 4425 2462 4479 ferre
2510 4434 2685 4495 potest
2735 4440 2879 4494 smpe
2924 4427 3277 4495 veSpertinam
3317 4427 3626 4496 crapulam,
3688 4430 3738 4481 itt

2164 4515 2247 4570 his
2279 4527 2595 4586 consumpta
2624 4518 2851 4572 maxima
2904 4520 3159 4587 temporis
3211 4527 3381 4587 parte.
3440 4519 3573 4573 Hinc
3621 4533 3739 4574 sese

2160 4620 2411 4685 exornat,
2443 4618 2497 4665 et
2526 4610 2765 4679 procedit
2796 4610 3135 4681 turpitudinis
3173 4613 3535 4680 spectaculum
3560 4655 3573 4680 ,
3606 4610 3739 4666 nihil

2160 4699 2362 4753 habens
2415 4701 2679 4764 hominis,
2732 4701 2823 4756 sed
2870 4701 3046 4755 omnia
3090 4702 3479 4757 hominiformis
3522 4704 3722 4758 bestiam

2155 4798 2295 4853 oeuli
2345 4797 2591 4867 lippiunt,
2625 4799 2803 4851 vinum
2836 4813 2898 4851 os
2924 4798 3050 4862 olet,
3086 4796 3277 4851 misera
3307 4799 3482 4852 anima
3507 4799 3654 4868 quasi
3679 4799 3733 4850 in

2154 4890 2348 4944 lectum
2379 4889 2621 4957 conjecta
2646 4889 2714 4942 ob
2742 4889 2939 4941 illatam
2971 4888 3087 4942 sine
3114 4888 3274 4943 modo
3301 4891 3537 4943 ciborum
3571 4889 3732 4943 sarci-

2155 4997 2298 5046 nam,
2327 4981 2502 5033 carnis
2545 4978 2752 5048 pondus
2779 4980 3166 5034 circumferens
3196 4984 3331 5033 sicut
3359 4980 3596 5047 elephas.
3630 4979 3731 5031 De-

2154 5074 2276 5129 inde
2302 5074 2518 5128 veniens
2546 5073 2596 5125 in
2625 5072 2758 5127 locis
2788 5073 2968 5137 sedet,
2999 5075 3227 5142 taliaque
3252 5073 3379 5127 dicit
3403 5081 3457 5127 et
3485 5070 3645 5133 facit,
3676 5080 3733 5124 ttt

2151 5167 2341 5221 melius
2367 5172 2511 5219 esset
2538 5164 2771 5220 dormire
2802 5165 2945 5219 illum
2969 5206 2982 5228 ,
3007 5180 3163 5233 quam
3200 5165 3432 5233 vigilare.
3463 5162 3517 5216 Si
3549 5164 3727 5232 gravia

2150 5258 2478 5321 nuntientur,
2504 5256 2677 5326 puella
2695 5256 2881 5326 quavis
2908 5257 3120 5311 mollior
3144 5264 3260 5317 est;
3286 5254 3327 5307 si
3350 5255 3554 5317 suavia,
3578 5256 3727 5322 puel-

2150 5351 2182 5403 li
2227 5349 2458 5420 cujusvis
2513 5349 2788 5403 tenerior:
2822 5348 3251 5418 frequentissime
3289 5346 3498 5400 oscitat.
3543 5346 3727 5401 Omni--

2147 5444 2244 5497 bus
2268 5453 2469 5513 prostat
2490 5443 2623 5496 mala
2643 5442 2837 5497 inferre
2857 5442 3179 5506 volentibus,
3204 5441 3246 5494 si
3272 5456 3373 5495 non
3399 5439 3726 5504 hominibus,

2147 5546 2292 5589 certe
2332 5535 2606 5589 affectibus
2643 5554 2656 5590 :
2687 5534 2843 5587 talem
2882 5532 3154 5587 hominem
3186 5531 3337 5586 facile
3364 5533 3598 5587 excitant
3624 5532 3722 5598 ira,

2145 5626 2570 5696 concupiscentia
2594 5668 2606 5689 ,
2640 5624 2834 5678 invidia
2859 5665 2872 5687 ,
2906 5624 3104 5691 omnia.
3156 5620 3357 5678 Omnes
3408 5623 3724 5688 adulantur,

2148 5735 2333 5774 omnes
2376 5718 2697 5781 ministrant,
2740 5717 3036 5771 molliorem
3082 5716 3242 5771 solito
3279 5715 3566 5771 reddentes
3602 5716 3724 5769 ani-

2152 5832 2289 5870 mum
2337 5834 2349 5869 :
2397 5825 2451 5870 ct
2490 5810 2722 5883 quotidie
2776 5808 2953 5881 prodit
3004 5824 3123 5863 cunt
3176 5825 3360 5878 magna
3416 5809 3718 5865 accessione
