4104 6148
293 304 411 358 255

295 427 398 480 καὶ
449 425 480 478 6
509 422 782 477 Ἀπόλλων
821 420 1031 491 δαίμων
1061 418 1204 486 ἐστί;
1267 422 1374 474 Καὶ
1416 422 1538 474 ἐπεὶ
1587 421 1833 476 ἐϐούλετο
1881 424 1961 487 είς

290 511 642 587 πειρασμοὺς
672 508 869 571 αὐτοὺς
905 507 1181 578 ἐμϐαλεῖν,
1240 507 1378 561 ὥστε
1419 508 1614 578 μᾶλλον
1642 509 1957 578 παροξῦναι,

298 600 645 674 παρώρμησε
671 596 869 665 λέγειν.

371 771 440 842 β’.
470 764 541 822 Ὦ
565 767 730 840 μιαρέ
758 767 850 820 καὶ
881 765 1171 837 παμμίαρε
1191 782 1206 795 ο
1234 766 1283 819 εί
1316 763 1491 818 τοίνυν
1526 763 1693 828 οἶδας,
1731 764 1814 818 δτι
1844 763 1962 817 όδόν

296 855 577 929 σωτηρίας
602 852 1051 921 καταγγέλλουσι,
1081 853 1133 905 τί
1163 852 1236 924 μὴ
1272 850 1548 916 ἐξίστασαι
1588 850 1763 915 ἐκὼν;
1821 850 1960 904 Ἀλλ’

294 947 438 1016 ὅπερ
456 942 641 1013 Σίμων
671 939 921 994 ἐϐούλετο
945 940 1145 1009 λέγων·
1180 941 1322 993 Δότε
1340 957 1464 1009 μοι,
1501 940 1602 993 ἵνα
1627 933 1675 1006 ᾧ
1692 940 1801 993 ἐὰν
1832 938 1963 992 ἐπι-

294 1032 385 1089 θῶ
415 1029 525 1094 τὰς
567 1026 789 1099 χεῖρας,
830 1025 1104 1097 λαμϐάνῃ
1156 1026 1397 1096 Πνεῦμα
1437 1026 1607 1095 ἅγιον
1630 1042 1644 1056 ·
1681 1026 1840 1080 τοῦτο
1871 1025 1965 1079 καὶ

293 1111 459 1181 οὗτος
482 1117 656 1169 ἐποίει
675 1130 689 1145 ⁸
732 1114 916 1185 ἐπειδὴ
941 1109 1079 1167 εἶδεν
1096 1112 1535 1181 εὐδοκιμοῦντας,
1574 1112 1670 1168 καὶ
1696 1106 1795 1166 ὦδε
1830 1114 1957 1166 ὐπο-

294 1206 569 1277 κρίνεται,
593 1213 619 1240 ι
647 1201 820 1275 ταύτῃ
859 1201 1254 1274 προσεδόκησεν
1284 1200 1476 1254 ἐαυτὸν
1510 1201 1762 1271 ἀφίεσθαι
1794 1201 1855 1253 ἐν
1888 1200 1965 1271 τῷ

297 1293 542 1364 σώματι,
578 1293 624 1345 εί
653 1291 721 1344 τά
766 1290 905 1344 αὑτά
953 1287 1257 1360 κηρύξειεν.
1310 1289 1373 1340 Εἰ
1410 1287 1466 1341 δὲ
1499 1290 1646 1358 παρά
1680 1287 1964 1360 ἀνθρώπου

298 1385 433 1452 Οὐχ
461 1379 673 1449 ὡραῖος
699 1382 731 1433 ὁ
760 1375 929 1442 αἶνος
954 1379 1024 1431 ἐν
1046 1377 1125 1443 τῷ
1146 1377 1394 1446 στόματι
1425 1376 1789 1446 ἀμαρτωλοῦ,
1834 1376 1966 1430 πολ-

297 1469 382 1541 λῷ
437 1468 637 1541 μᾶλλον
683 1466 832 1538 παρά
889 1465 1141 1536 δαίμονος
1175 1481 1190 1496 ·
1240 1466 1285 1518 εί
1344 1463 1497 1535 παρὰ
1546 1462 1844 1536 ἀνθρώπων
1898 1463 1965 1536 ὴν

303 1555 616 1628 μαρτυρίαν
655 1557 715 1609 οὐ
736 1554 996 1627 λαμϐάνει
1033 1556 1062 1606 6
1099 1552 1350 1624 Χριστὸς,
1368 1552 1488 1605 οὐδὲ
1522 1554 1672 1624 παρά
1700 1550 1966 1615 Ἰωάννου,

301 1644 488 1715 πολλῷ
504 1643 702 1713 μᾶλλον
723 1642 873 1713 παρά
887 1641 1158 1708 δαίμονος.
1187 1639 1260 1691 T6
1280 1640 1388 1710 γάρ
1421 1637 1708 1710 κηρύττειν
1742 1638 1843 1692 οὐκ
1872 1639 1968 1693 ἀν-

303 1732 566 1806 θρώπιον,
596 1731 732 1787 ἀλλά
754 1728 1063 1800 Πνεύματος
1113 1726 1290 1794 ἁγίου.
1345 1726 1495 1778 Ἐπεὶ
1521 1719 1613 1779 οὗν
1639 1723 1970 1789 ἀλαζονικῶς

302 1827 525 1880 ἐποίουν
556 1822 809 1894 βοῶντες,
840 1822 906 1892 τῇ
932 1820 1144 1891 κραυγῇ
1176 1815 1538 1887 καταπλήξειν
1566 1815 1842 1887 ἐνόμισαν,
1877 1814 1969 1869 λέ-

303 1929 495 1982 γοντες
514 1929 529 1943 ο
573 1906 746 1967 Οὗτοι
766 1912 818 1964 οι
841 1908 1136 1977 ἅνθρωποι
1157 1905 1644 1973 ἐκταράσσουσιν
1669 1902 1838 1974 ἡμῶν
1857 1902 1971 1973 τὴν

307 2002 511 2056 πόλιν.
543 1999 609 2053 Τί
650 1998 865 2067 λέγεις;
898 1995 1058 2066 πείθῃ
1098 1993 1175 2066 τῷ
1221 1993 1469 2063 δαίμονι;
1516 1992 1603 2046 διὰ
1637 1993 1689 2046 τί
1728 1992 1849 2061 οὐχὶ
1878 1994 1972 2046 καὶ

305 2088 543 2142 ἐνταῦθα
562 2103 577 2151 ;
612 2086 845 2144 Ἐκεῖνος
866 2082 1033 2152 λέγει,
1066 2081 1148 2135 ὅτι
1174 2081 1384 2137 Δοῦλοι
1403 2081 1511 2133 τοῦ
1536 2080 1685 2134 Θεοῦ
1707 2078 1812 2133 τοῦ
1833 2080 1970 2148 ὑψί-

311 2192 497 2230 στοιν
536 2175 600 2227 σὺ
632 2173 827 2241 λέγεις,
869 2172 951 2224 ὅτι
988 2168 1507 2238 Ἐκταράσσουσιν
1526 2166 1698 2238 ήμῶν
1720 2167 1835 2236 τὴν
1864 2167 1971 2221 πό-

310 2267 449 2317 λιν·
492 2263 694 2324 ἐκεῖνος
738 2259 902 2327 λέγει,
954 2259 1034 2313 ὅτι
1087 2255 1607 2326 Καταγτέλλουσιγ
1641 2253 1784 2324 ἡμῖν
1831 2254 1975 2309 ὁδὸν

310 2350 644 2416 σωτηριάς’
679 2348 742 2400 σὺ
782 2346 981 2415 λέγεις,
1016 2343 1451 2412 Πῳαδιδόασιν
1477 2342 1620 2411 ἡμῖν
1645 2342 1770 2410 ἒϐη,
1794 2340 1833 2395 ἂ
1864 2343 1974 2396 οὐκ

308 2438 516 2504 ἔξεστι
556 2435 1013 2507 παραδέχεσθαι.
1049 2434 1189 2504 Ὅρα
1244 2433 1363 2485 οὐδὲ
1395 2432 1472 2503 τῷ
1522 2432 1736 2503 δαίμονι
1780 2433 1975 2497 αὐτοὺς

313 2526 702 2598 προσέχοντας,
753 2524 889 2578 ἀλλά
914 2523 1049 2595 πρὸς
1073 2521 1130 2575 ἐν
1165 2520 1424 2592 ὁρῶντας,
1462 2523 1562 2591 τὴν
1591 2521 1973 2591 φιλαργυρίαν.

313 2614 631 2671 Εῖλκυσάν
650 2630 715 2667 τε
738 2612 980 2678 αὐτοὺς,
1012 2611 1193 2681 φησιν,
1219 2613 1305 2676 εἱς
1326 2610 1440 2678 τὴν
1465 2611 1688 2680 ἀγορὰν
1711 2611 1808 2664 ἐπὶ
1835 2610 1978 2676 τοὺς

313 2703 637 2774 ἄρχοντας·
680 2704 776 2756 καὶ
804 2701 1149 2769 συνεπέστη
1180 2705 1213 2755 ὀ
1242 2700 1423 2769 ὄχλος
1444 2701 1570 2752 κατ’
1596 2696 1812 2754 αὐτῶν.
1834 2698 1978 2769 Ὀρα

312 2792 512 2856 αὐτοὺς
562 2791 662 2845 οὐκ
704 2790 1161 2861 ἀποκρινομένους
1194 2788 1315 2841 οὐδὲ
1358 2786 1847 2856 ἀπολογουμένους,
1892 2786 1979 2837 ἵνα

319 2879 567 2951 μείζονος
588 2878 728 2944 ἀξιοι
754 2876 1028 2947 θαύματος
1073 2875 1355 2944 γένωνται.
1404 2873 1587 2926 Ὅταν
1632 2874 1760 2943 γὰρ,
1795 2873 1976 2943 φησὶν,

315 2964 577 3026 ἀσθενῶ,
605 2965 735 3018 τότε
763 2962 1017 3028 δυνατός
1039 2965 1172 3031 ειμι.
1206 2961 1404 3029 Ἀρκεῖ
1428 2976 1527 3014 σοι
1563 2959 1601 3027 ἡ
1637 2958 1977 3039 χάριςιμουο

316 3058 358 3125 ἠ
402 3054 517 3125 γὰρ
542 3053 795 3122 δύναμις
826 3069 942 3121 μου
997 3052 1066 3104 ἐν
1095 3049 1377 3115 ἀσθενείᾳ
1423 3048 1767 3102 τελειοῦται.
1821 3047 1983 3099 Ὥστε

319 3142 423 3196 καὶ
467 3140 576 3194 ἀπὸ
620 3138 721 3208 τῆς
764 3137 1052 3200 ἐπιεικείας
1102 3136 1486 3208 θαυμασθῆναι
1545 3134 1741 3198 αὐτοὺς
1795 3133 1982 3205 ἐχρῆν.

322 3228 482 3300 Ὂσῳ
505 3225 865 3298 ἀκριϐεστέρα
891 3226 924 3296 ή
952 3224 1165 3295 φυλακὴ
1202 3224 1430 3292 γίνεται,
1462 3222 1697 3293 τοσούτῳ
1718 3221 1779 3275 τὸ
1803 3220 1988 3291 θαῦμα

307 3316 725 3388 λαμπρότερον.
757 3315 915 3377 Ἴσως
945 3313 1045 3384 τὴν
1078 3312 1338 3366 σύστασιν
1371 3310 1597 3378 ἐκκόψαι
1626 3311 1655 3350 δ
1682 3309 1989 3381 βουλόμενοι

320 3404 482 3458 τοῦτο
508 3403 724 3456 ἐποίουν
743 3403 959 3456 ἐκεῖνοι.
991 3399 1207 3470 Ἐπειδὴ
1227 3394 1364 3452 εῐδον
1385 3398 1475 3451 τὸν
1511 3394 1665 3458 ὖχλον
1688 3397 1987 3467 ἐφεστῶτα,

321 3496 441 3555 ταῖς
466 3492 565 3562 μὲν
590 3490 825 3558 πληγαῖς
853 3489 945 3542 τὸν
967 3487 1135 3559 θυμὸν
1159 3486 1298 3549 τέως
1331 3487 1525 3558 στῆσαι
1560 3484 1859 3550 ἐϐούλοντο,
1913 3485 1991 3557 τῷ

322 3581 378 3635 δέ
406 3582 488 3643 εἰς
519 3579 895 3649 δεσμωτήριον
920 3575 1175 3647 ἐμϐαλεῖν
1222 3575 1316 3629 καὶ
1352 3574 1714 3645 παραγγεῖλαι
1734 3573 1991 3642 ἀσφαλῶς

324 3671 535 3740 τηρεῖν,
578 3664 811 3721 ἀκοῦσαι
852 3665 1044 3737 ήθελον
1071 3662 1166 3721 τοῦ
1205 3661 1547 3733 πράγματος.
1597 3660 1706 3715 Καὶ
1733 3662 1992 3730 ἠσφαλί-

327 3773 498 3823 σατο,
526 3756 714 3826 φησὶν,
758 3757 845 3823 είς
874 3752 940 3808 τὸ
968 3752 1177 3818 ξύλον,
1208 3751 1280 3816 ὡς
1322 3750 1387 3804 ἀν
1425 3749 1568 3803 εῐποι
1616 3767 1720 3814 τις,
1764 3751 1856 3813 Et;
1902 3750 1993 3803 τὸν

327 3843 538 3916 νέρϐον.
572 3844 760 3897 Πόσων
786 3841 1035 3913 δακρύων
1062 3841 1131 3895 τὰ
1151 3839 1246 3894 νῦν
1271 3839 1431 3907 diu;
1464 3839 1690 3892 Ἐκεῖνοι
1735 3839 1832 3908 μὲν
1855 3839 1992 3892 ἔπα-

329 3929 419 3984 θον
462 3932 565 3984 ὅσα
587 3930 680 3983 καὶ
726 3927 947 3993 ἔπαθον,
1004 3929 1166 3998 ἡμεῖς
1197 3927 1255 3980 δὲ
1303 3928 1358 3979 ἐν
1397 3928 1613 3997 τρυφῇ,
1655 3926 1815 3997 ἡμεῖς
1847 3925 1903 3978 δὲ
1936 3928 1993 3978 ἐν

331 4016 599 4088 θεάτροις.
632 4016 797 4069 Ὅθεν
836 4016 932 4069 καὶ
957 4013 1328 4085 ἀπολλύμεθα,
1350 4013 1443 4066 καὶ
1464 4012 1990 4083 καταποντιζόμεθα,

330 4106 512 4160 ἀνεσιν
542 4103 830 4172 ζητοῦντες
872 4102 1167 4173 πανταχοῦ,
1198 4102 1292 4155 καὶ
1321 4101 1440 4155 ούδέ
1470 4100 1661 4172 μέχρις
1685 4099 1992 4170 ὁνειδισμοῦ

332 4193 417 4247 ειά
455 4193 548 4246 τὸν
572 4193 803 4264 Χριστὸν
824 4191 1134 4263 ἀνεχόμενοι
1160 4190 1489 4263 λυπηθῆναι,
1517 4190 1638 4243 οὐδὲ
1661 4191 1821 4259 μέχρι
1843 4187 1991 4261 [272]

332 4280 515 4349 λόγου.
548 4277 770 4342 Τούτοις
818 4278 1054 4348 συνεχῶς
1092 4278 1592 4348 ἀναμιμνήσκωμεν
1614 4277 1861 4340 ἑαυτοὺς,
1892 4292 1996 4330 πα-

339 4366 576 4439 ρακαλῶ,
602 4368 704 4419 ὅσα
728 4364 947 4429 ἔπαθον,
981 4366 1082 4419 ὅσα
1123 4365 1437 4435 ὑπέμειναν,
1489 4362 1607 4426 πῶς
1664 4362 1763 4415 οὐκ
1810 4360 1998 4433 ἐθορυο

336 4453 546 4517 ϐοὖντο,
598 4452 714 4516 πῶς
761 4453 861 4506 οὐκ
899 4451 1354 4516 ἐσκανδαλίζοντο.
1398 4450 1470 4502 Τὸ
1522 4448 1618 4503 τοῦ
1664 4447 1798 4501 Θεοῦ
1835 4447 1997 4520 ἔργον

339 4543 575 4606 ἐποίουν,
602 4545 696 4596 καὶ
724 4542 897 4596 ταῦτα
937 4542 1192 4611 ἔπασχον.
1227 4541 1341 4593 Οὐκ
1372 4539 1574 4607 ἔλεγον,
1615 4537 1679 4590 Τί
1702 4534 1858 4592 τοῦτο
1899 4555 1997 4609 κη-

342 4632 636 4702 ρύττομεν,
679 4630 773 4683 καὶ
834 4630 894 4682 οὐ
950 4630 1270 4698 προΐσταται
1329 4626 1484 4697 ήμῶν
1538 4627 1567 4679 6
1619 4626 1788 4690 856;;
1837 4626 1997 4680 ’Λλλά

342 4723 433 4773 καὶ
492 4720 653 4773 τοῦτο
706 4719 905 4782 αὐτοὺς
944 4716 1178 4786 ὠφέλει,
1231 4715 1325 4768 καὶ
1372 4714 1540 4785 χωρὶς
1600 4713 1699 4782 τῆς
1749 4713 1998 4783 βοηθείας

346 4806 492 4877 αὐτῷ
519 4805 599 4876 τῷ
627 4806 908 4876 πράγματι
939 4804 1327 4875 εὐτονωτέρους
1365 4802 1556 4863 ἐποίει,
1599 4801 1996 4871 ἰσχυροτέρους,

343 4893 794 4963 ἀκαταπλήκτους
822 4902 869 4944 ο.
907 4889 979 4944 Ἠ
1016 4890 1241 4960 θλῖψις,
1282 4891 1466 4961 φησὶν,
1500 4887 1818 4958 ὑπομονὴν
1854 4904 1995 4941 κατ-

343 4980 656 5048 εργάζεται.

410 5070 504 5139 Μὴ
541 5069 607 5139 δὴ
666 5067 755 5121 τὸν
811 5068 974 5139 ὑγρὸν
1016 5068 1110 5121 καὶ
1148 5068 1529 5137 διακεχυμένον
1576 5065 1826 5136 ζητῶμεν
1866 5064 2000 5134 βίον.

348 5156 555 5228 Ὥσπερ
589 5154 700 5227 γὰρ
729 5155 961 5208 ἐνταῦθα
987 5154 1203 5206 διπλοῦν
1247 5154 1305 5206 τὸ
1353 5153 1536 5217 καλὸν,
1580 5154 1661 5206 ὅτι
1686 5170 1745 5205 τε
1790 5152 2004 5222 ἰσχυροὶ

351 5246 586 5310 γίνονται
616 5244 713 5298 καὶ
741 5245 822 5297 ὅτι
852 5242 1079 5313 μεγάλοι
1111 5243 1157 5293 οί
1188 5241 1386 5308 μισθοὶ,
1432 5239 1603 5302 οὕτως
1634 5242 1751 5293 ἐκεῖ
1779 5238 2004 5293 διπλοῦν

351 5332 409 5384 τὸ
434 5332 618 5399 κακὸν,
645 5333 727 5385 ὃτι
755 5347 812 5383 τε
854 5327 1226 5400 μαλακώτεροι
1276 5326 1622 5378 καθίστανται
1654 5329 1745 5379 καλ⁴
1781 5327 1862 5379 ὃτι
1916 5327 2004 5379 ἐπ’

353 5420 519 5474 οὐδενὶ
541 5419 783 5491 χρηστῷ,
821 5414 957 5470 ἀλλά
978 5417 1069 5468 καὶ
1096 5414 1190 5467 ἐπὶ
1226 5410 1395 5481 κακῷ.
1425 5412 1588 5465 Οὐδὲν
1609 5412 1717 5483 γὰρ
1739 5413 2008 5483 ἀχρηστό-

355 5525 506 5580 τερον
551 5508 837 5578 ἀνθρώπου
884 5504 1078 5574 γένοιτ’
1111 5500 1176 5555 ἃν
1214 5502 1271 5552 ἐν
1316 5499 1496 5551 ἀνέσει
1547 5499 1640 5552 καὶ
1681 5503 1857 5570 τρυφῇ
1914 5501 2006 5553 τὸν

359 5594 566 5649 ἅπαντα
598 5592 966 5656 διατελοῦντος
1020 5591 1228 5661 χρόνον.
1272 5588 1432 5656 Ἀνὴρ
1470 5585 1600 5656 γὰρ,
1641 5588 1821 5656 φησὶν,
1855 5587 2009 5640 ἀπεί-

364 5698 571 5751 ραστις,
608 5683 703 5736 καὶ
721 5681 1003 5750 ἀδόκιμος·
1041 5678 1316 5747 ἀδόκιμος,
1341 5675 1440 5726 οὐκ
1465 5675 1522 5726 ἐν
1545 5675 1655 5735 τοῖς
1681 5672 1857 5741 ἀγῶσι
1884 5673 1971 5701 -··’
2002 5704 2010 5714 -

1938 5756 1974 5788 η’)

422 5856 438 5880 ⁸
462 5859 553 5906 Καὶ
574 5857 686 5916 οὐδὲ
705 5855 1022 5917 ὑποκρίνεται,
1047 5853 1275 5917 εἰογμηιιε
1291 5848 1489 5917 codex.
1534 5847 1560 5917 ξι
1589 5847 1719 5917 ίιὶςηι
1736 5848 1822 5917 τῂν
1844 5848 2011 5897 στάσιν

366 5917 579 5982 ἆκκὸιίιαι.
633 5912 667 5949 ὀ
697 5918 810 5977 Alii,
832 5909 972 5979 χωρὶς
1008 5909 1088 5975 τῆς
1117 5912 1328 5971 ἀληθείας
1358 5912 1405 5960 ἐν
1440 5910 1566 5976 αὑτῴ
1604 5912 1670 5971 τῷ
1695 5909 1946 5973 πράγματι.

1324 301 1389 356 IN
1436 301 1613 358 ACTA
1648 298 2423 361 APOSTOLOBUII.HOMIL.
2459 300 2650 357 XXXV

3610 295 3716 351 ⁸256

2054 438 2191 485 τοις,
2219 422 2352 476 ἀλλά
2374 421 2468 476 καὶ
2494 422 2552 475 ἐν
2573 423 2684 486 τοῖς
2717 420 2895 485 ἄλλοις
2923 422 3146 476 ἅπασιν.
3167 420 3470 491 Ἀχρηστον
3490 417 3720 489 πρᾶγμα

2058 510 2092 579 ἠ
2121 509 2323 573 ἄνεσις,
2361 511 2454 564 καὶ
2485 511 2545 563 ἐν
2575 509 2710 579 αὐτῇ
2763 507 2820 562 δέ
2870 510 2936 579 τῇ
2959 510 3136 579 τρυφῇ
3163 507 3314 561 οὐδὲν
3341 504 3511 568 οὕτως
3534 505 3719 557 ἀνεπιο

2057 596 2285 668 τήδειον,
2313 597 2388 661 ὡς
2434 595 2493 649 :6
2544 597 2752 667 τρυφᾷν
2778 611 2793 625 ⁸
2854 595 3154 665 προσκορές
3202 595 3310 666 γάρ
3358 594 3524 646 ἐστιν.
3587 588 3723 644 Οὔτε

2062 683 2246 737 σιτίων
2275 683 2434 756 ήδονὴ
2466 683 2722 753 τοσαύτη,
2757 680 2881 736 οὔτε
2930 682 3186 743 ἀνέσεως,
3235 679 3371 735 ἀλλά
3404 678 3581 733 πάντα
3613 674 3723 743 ἐξί-

2060 770 2198 842 τηλα
2224 772 2431 841 γίνεται
2464 773 2556 826 καὶ
2590 771 2821 843 διαρρεῖ.
2880 770 2971 840 Μὴ
3011 768 3079 840 δὴ
3104 768 3308 838 ταύτην
3357 764 3721 837 ἐπιζητῶμεν.

2062 857 2125 911 Et
2153 859 2260 929 γὰρ
2294 862 2513 913 σκοπεῖν
2543 858 2840 930 θελήσομεν
2872 858 2956 920 τίς
2985 857 3133 928 ἥδιον
3162 855 3358 922 διάγει,
3397 854 3426 907 6
3455 852 3723 923 πονούμε-

2060 961 2150 1009 νος
2180 946 2271 999 καὶ
2305 946 2820 1016 ταλαιπωρούμενος
2854 945 2887 1016 ἢ
2934 946 2962 996 6
3002 941 3221 1014 τρυφῶν
3243 958 3257 973 ⁶
3307 940 3493 993 τοῦτον
3525 939 3726 1011 μᾶλλον

2061 1030 2379 1102 εὑρήσομεν.
2415 1032 2633 1104 Πρῶτον
2666 1032 2887 1103 μὲνγὰρ
2912 1029 3003 1085 τοῦ
3028 1028 3271 1083 τοιούτου
3301 1026 3361 1079 τὸ
3406 1026 3564 1098 σῶμα
3596 1026 3728 1080 αὐτὸ

2062 1117 2282 1173 ἔκλυτον
2311 1119 2404 1173 καὶ
2433 1118 2774 1189 πεπλαδηκός
2795 1135 2808 1151 ·
2845 1118 3035 1171 ἔπειτα
3089 1118 3186 1170 καὶ
3235 1116 3291 1168 αἱ
3324 1114 3418 1167 τοῦ
3474 1113 3726 1183 σώματος

2062 1205 2340 1277 αἰσθήσεις
2373 1205 2472 1259 οὖκ
2508 1208 2646 1259 εἰσιν
2676 1205 2987 1275 εἰλικρινεῖς
3014 1203 3135 1256 οὑδέ
3158 1203 3350 1272 ὑγιεῖς,
3379 1199 3512 1253 ἀλλά
3535 1199 3729 1269 χαῦναι

2063 1292 2159 1345 καὶ
2202 1292 2437 1363 μαλακαί
2459 1304 2482 1333 ⁸
2507 1309 2522 1327 ι
2556 1292 2762 1345 τούτων
2787 1290 2844 1344 δέ
2871 1291 2968 1344 οὐκ
2994 1288 3189 1353 ούσῶν,
3239 1288 3360 1342 ούδέ
3386 1288 3485 1358 τῆς
3520 1286 3729 1354 ὑγιείας

2062 1378 2223 1451 ήδονὴ
2260 1381 2524 1449 φαίνεται.
2568 1380 2723 1443 Ποῖος
2772 1378 2935 1440 ἵππος
2977 1378 3267 1448 χρήσιμος,
3307 1377 3335 1428 6
3384 1375 3603 1446 τρυφῶν
3634 1374 3669 1445 ἦ
3700 1377 3730 1429 6

2063 1466 2468 1537 γυμναζόμενος
2487 1483 2501 1531 ;
2529 1466 2656 1520 ποία
2670 1465 2821 1529 ναῦς,
2842 1466 2875 1534 ή
2900 1463 3134 1517 πλέουσα
3156 1464 3239 1535 ῆή
3265 1462 3542 1536 ἀργοῦσαι
3576 1464 3729 1515 ποῖον

2065 1553 2230 1624 ὕδωρ,
2258 1555 2318 1607 τὺ
2342 1554 2583 1625 τρέχονῆ
2606 1553 2666 1607 1:6
2689 1552 2894 1618 έστώς;
2920 1555 3068 1615 ποῖος
3092 1552 3330 1623 σίδηρος,
3347 1552 3377 1604 6
3406 1550 3724 1621 κινούμενος

2066 1642 2099 1714 ἢ
2128 1645 2156 1696 6
2189 1641 2264 1714 μὴ
2289 1642 2689 1713 ἐργαζόμενοςς
2717 1643 2812 1711 οὐχ
2852 1644 2881 1695 6
2903 1641 3000 1712 μὲν
3022 1640 3355 1712 ἀπολάμπει,
3385 1640 3479 1694 καὶ
3502 1638 3727 1709 ἀργύρῳ

2067 1730 2402 1800 προσέοικεν,
2447 1731 2476 1782 6
2521 1729 2579 1782 δὲ
2619 1728 2876 1783 κατίωται
2907 1726 3181 1798 πανταχοῦ
3208 1727 3477 1799 ἄχρηστος
3507 1726 3603 1790 ῶν,
3633 1726 3734 1779 καὶ

2066 1815 2169 1884 τῆς
2201 1815 2332 1887 ὕλης
2358 1816 2595 1879 ἀπολλύς
2620 1833 2675 1868 τι
2720 1816 2820 1886 τῆς
2849 1814 3092 1880 οῖκείας;
3145 1814 3397 1868 Τοιοῦτόν
3430 1831 3483 1868 τι
3521 1813 3733 1882 γίνεται

2068 1903 2161 1956 καὶ
2199 1902 2290 1955 ἐπὶ
2312 1903 2411 1974 τῆς
2440 1903 2713 1975 ἀργούσης
2739 1903 2944 1973 ψυχῆς·
2999 1901 3075 1965 ίός
3095 1919 3175 1965 τις
3202 1903 3371 1971 αὐτῆς
3393 1904 3730 1971 καταχεῖται,

2068 1993 2161 2044 καὶ
2182 1990 2384 2062 τρώγει
2410 1991 2508 2063 τήν
2530 2007 2589 2044 τε
2614 1989 2970 2062 λαμπρότητα
2998 1989 3092 2043 καὶ
3120 1989 3189 2041 τά
3216 1987 3348 2042 ἀλλα
3373 1989 3567 2041 πάντα.
3610 1985 3730 2039 Τίνι

2067 2074 2160 2131 οὖν
2178 2077 2243 2132 ἄν
2270 2095 2353 2141 τις
2388 2076 2574 2131 τοῦτον
2607 2076 2939 2148 ἀποσμήξειε
2976 2075 3068 2129 τδν
3099 2075 3211 2140 ίόν;
3247 2075 3324 2146 Τῇ
3365 2074 3469 2127 τῶν
3504 2072 3734 2142 θλίψεων

2069 2166 2271 2238 ἀκόνῃ·
2310 2161 2468 2221 αὗται
2506 2167 2772 2238 χρήσιμον
2811 2162 3132 2238 ἐργάζονται
3185 2164 3284 2235 τὴν
3321 2163 3500 2234 ψυχὴν
3537 2162 3636 2215 καὶ
3676 2161 3736 2214 ἐν

2071 2255 2234 2307 πᾶσιν
2267 2252 2593 2322 ἐπιτηδείαν.
2656 2252 2777 2317 [Ιῶς
2825 2252 2952 2324 γὰρ,
2994 2251 3113 2305 εἰπέ
3180 2268 3290 2321 μοι,
3343 2249 3631 2319 δυνήσεται
3666 2246 3737 2300 τὰ

2073 2340 2219 2412 πάθη
2262 2340 2501 2411 τέμνειν,
2532 2340 2630 2411 τῆς
2661 2339 2843 2410 ἀκμῆς
2877 2337 3296 2409 ἀμϐλυνθείσης,
3334 2338 3429 2389 καὶ
3471 2333 3736 2406 μολύϐδου

2070 2427 2225 2497 δίκην
2254 2425 2857 2497 ἐπανακαμπτομένηςς
2915 2424 3034 2487 πῶς
3072 2423 3162 2475 τὸν
3207 2420 3454 2476 διάϐολον
3489 2419 3689 2491 τρώσει
3718 2434 3736 2484 ;

2073 2514 2190 2566 Τίνι
2214 2512 2272 2566 δέ
2313 2514 2412 2566 οὐκ
2436 2512 2581 2565 ἐστιν
2624 2511 2791 2581 ἀηδὴς
2834 2511 3116 2581 ἄνθρωπος
3140 2507 3507 2579 πολυσαρκίαν
3532 2504 3738 2568 ἀσκῶν,

2074 2600 2261 2672 φώκης
2295 2600 2451 2670 δίκην
2491 2617 2553 2652 συ
2561 2599 2784 2669 ρόμενος
2809 2614 2824 2660 ;

2145 2695 2214 2755 γ’.
2235 2689 2308 2741 υύ
2329 2686 2584 2757 περὶτῶν
2607 2685 2764 2754 φύσει
2786 2684 2952 2737 ὄντων
2974 2683 3132 2736 τοῦτο
3154 2682 3316 2750 λέγω,
3332 2680 3468 2733 ἀλλὰ
3489 2679 3739 2749 περὶτῶν

2076 2778 2140 2830 ἐκ
2168 2778 2265 2849 τῆς
2302 2777 2510 2849 τρυφῆς
2559 2773 2779 2828 τοιαῦτα
2834 2773 3354 2827 κατασκευασάντων
3393 2770 3460 2824 τὰ
3493 2768 3739 2839 σώματα,

2078 2864 2205 2935 περὶ
2234 2864 2340 2916 τῶν
2374 2861 2584 2916 λεπτῶν
2619 2860 2759 2914 κατὰ
2795 2860 2977 2929 φύσιν.
3010 2858 3304 2912 Ἀνέτειλεν
3347 2859 3376 2911 6
3407 2857 3576 2927 ἥλιος,
3599 2857 3740 2926 λαμ-

2081 2951 2224 3022 πράς
2254 2951 2432 3021 ἀφῆκε
2457 2947 2730 3019 πανταχοῦ
2756 2948 2852 3010 τὰς
2881 2949 3123 3012 ἀκτῖνας,
3150 2947 3370 3017 ἡγειρεν
3391 2944 3619 2998 ἕκαστον
3646 2943 3743 2995 ἐπὶ

2081 3039 2148 3091 τά
2174 3039 2309 3109 ἔργα
2326 3053 2339 3067 ⁸
2386 3038 2415 3090 6
2440 3035 2680 3105 γεωργὸς
2705 3035 2800 3103 τὴν
2825 3033 3073 3088 δίκελλαν
3104 3032 3283 3086 λαϐὼν
3310 3032 3527 3097 ἔξεισιν,
3556 3033 3586 3082 6
3615 3030 3743 3101 χαλ-

2083 3126 2313 3189 κοτύπος
2348 3125 2448 3195 τὴν
2488 3123 2716 3194 σφῦραν,
2743 3123 2837 3175 καὶ¹
2873 3122 2934 3175 τὸ
2971 3121 3303 3192 κατάλληλον
3347 3120 3576 3182 ἕκαστος
3635 3119 3743 3171 τῶν

2082 3212 2443 3285 δημιουργῶν,
2480 3212 2573 3264 καὶ
2637 3210 2887 3281 εὑρήσεις
2935 3208 3162 3261 ἕκαστον
3210 3207 3277 3261 τὰ
3327 3207 3502 3260 οἰκεῖα
3537 3204 3744 3276 ὄργανα

2089 3300 2619 3372 μεταχειριζόμενον·
2654 3300 2687 3370 ή
2720 3298 2855 3369 γυνὴ
2883 3296 3162 3367 ἠλακάτην
3203 3295 3235 3366 ἢ
3292 3295 3363 3347 τά
3414 3292 3740 3363 ὑφάσματα·

2086 3389 2246 3453 αὐτὸς
2272 3389 2329 3441 δέ
2349 3387 2594 3457 καθάπερ
2610 3387 2638 3438 6
2654 3388 2833 3455 χοῖρος
2856 3385 2883 3425 ιι
2906 3385 3106 3448 εὐθέως
3128 3384 3237 3438 ἀπὸ
3263 3381 3405 3454 πρωϊ
3429 3382 3522 3435 ἐπὶ
3547 3380 3745 3452 βοσκὴν

2088 3476 2255 3543 ἔξεισι
2294 3475 2392 3545 τῆς
2439 3474 2694 3544 γαστρὸς,
2748 3472 2924 3541 ζητῶν
2949 3472 3066 3534 πῶς
3096 3469 3247 3543 [2'73]
3274 3467 3551 3541 τράπεζαν
3582 3466 3747 3520 πολυ-

2087 3551 2213 3633 τελῆ
2246 3560 2659 3616 κατασκευάσει.
2700 3561 2890 3612 Καίτοι
2922 3558 3030 3613 τῶν
3062 3557 3270 3627 ἀλόγων
3301 3557 3417 3609 ἐστὶ
3446 3555 3605 3627 μόνον
3639 3552 3749 3607 ἀπὸ

2089 3649 2232 3723 πρωϊ
2257 3649 2568 3721 τρέφεσθαι,
2599 3648 2783 3718 ἐπειδὴ
2816 3646 2947 3719 πρὸς
2983 3645 3133 3700 οὐδέν
3173 3646 3288 3698 ἐστι
3313 3645 3581 3715 χρήσιμα,
3610 3640 3747 3695 ἀλλά

2090 3740 2224 3811 πρὸς
2242 3739 2302 3793 τὸ
2323 3736 2616 3808 σφάζεσθαι
2660 3736 2740 3789 Τὰ
2762 3736 2820 3789 δέ
2851 3734 3132 3805 νωτοφόρα
3163 3732 3340 3787 αὐτῶν
3370 3731 3463 3784 καὶ
3486 3727 3748 3800 ἐργασίαν

2089 3829 2451 3899 ἀναδεχόμενα
2479 3826 2573 3880 καὶ
2603 3825 2739 3878 αύτά
2761 3825 2864 3879 ἀπὸ
2895 3823 3102 3877 νυκτῶν
3134 3823 3225 3875 ἐπὶ
3254 3822 3313 3875 τὸ
3342 3820 3501 3892 ἔργον
3530 3817 3748 3882 ἔξεισιν.

2090 3914 2253 3982 Οὗτος
2282 3917 2337 3970 δέ
2368 3916 2476 3970 ἀπὺ
2505 3916 2603 3986 τῆς
2633 3915 2790 3985 εὐνῆς
2822 3912 3079 3976 ἀναστὰς,
3110 3911 3204 3965 τοῦ
3233 3910 3382 3981 ήλίου
3410 3908 3508 3978 τὴν
3544 3905 3750 3975 ἀγοράν

2090 4005 2480 4076 ἐμπλήσαντος,
2527 4003 2622 4055 καὶ
2668 4002 2885 4054 πάντων
2911 3997 3272 4071 κορεσθέντων
3301 3997 3401 4066 τῆς
3435 3992 3639 4055 οἰκείας
3662 3994 3753 4076 ἐρ-

2091 4094 2305 4160 γασίας,
2355 4090 2634 4144 ἀνίσταται
2687 4087 3095 4156 διατεινόμενος,
3154 4083 3403 4153 καθάπερ
3464 4081 3631 4142 ὅντως
3686 4073 3750 4142 ὗς

2093 4180 2451 4248 πιαινόμενος,
2484 4177 2545 4230 τὸ
2584 4175 2863 4228 κάλλιστον
2887 4174 2985 4242 τῆς
3017 4170 3227 4241 ἡμέρας
3270 4171 3327 4222 ἐν
3377 4167 3557 4220 σκότει
3582 4181 3752 4218 κατα-

2093 4266 2354 4329 ναλώσας.
2400 4260 2532 4317 Εἶτα
2567 4262 2795 4331 κάθηται
2831 4259 2995 4310 πολὺν
3045 4257 3137 4309 ἐπὶ
3185 4257 3281 4323 τῆς
3333 4254 3492 4323 εὐνῆς
3540 4251 3753 4322 καιρὸν,

2095 4354 2350 4416 πολλάκις
2375 4350 2493 4404 οὐδέ
2520 4349 2827 4415 ἀνενεγκεῖν
2852 4348 2867 4365 ⁶
2890 4344 3180 4414 δυνάμενος
3207 4343 3314 4396 ἀπὸ
3341 4340 3438 4411 τῆς
3463 4339 3755 4409 ἐσπερινῆς

2099 4441 2286 4512 μέθης,
2342 4434 2727 4497 καταναλώσας
2767 4432 2858 4485 τὸν
2905 4430 3123 4483 πλείονα
3174 4426 3363 4497 καιρὸν
3424 4426 3481 4477 ἐν
3524 4422 3752 4486 τούτοις.

2097 4509 2233 4582 Εἶτα
2260 4524 2586 4587 καλλωπίζει
2613 4521 2824 4583 ἐαυτὸν,
2854 4521 2947 4573 καὶ
2974 4517 3216 4586 πρόεισιν
3246 4509 3755 4584 ἀσχημοσύνηςθὲ-

2098 4632 2279 4686 ατρον,
2301 4613 2450 4667 οὐδὲν
2472 4611 2607 4683 ἔχων
2631 4607 2939 4677 ἀνθρώπου,
2962 4606 3097 4660 ἀλλά
3126 4605 3302 4658 πάντα
3332 4601 3518 4673 θηρίου
3551 4600 3757 4669 ἀνθρω·

2099 4703 2379 4774 πομόρφου
2404 4717 2419 4732 ο
2447 4702 2494 4754 οί
2514 4698 2779 4769 ὀφθαλμοὶ
2803 4696 3030 4768 δίυγροι,
3059 4694 3201 4747 οἴνου
3234 4691 3295 4744 τὸ
3334 4690 3508 4759 στόμα
3530 4687 3754 4774 ἀπόζονᾉ,

2099 4772 2492 4862 ήταλαίπωρος
2514 4785 2658 4857 ψυχὴ
2687 4784 2933 4855 καθάπερ
2979 4784 3069 4836 ἐπὶ
3103 4781 3288 4852 κλίνης
3322 4775 3624 4849 βεϐλημένη
3654 4772 3758 4862 ὑπὸ

2098 4859 2198 4948 τῆς
2224 4859 2476 4946 ἀμέτρὼς
2512 4871 2838 4943 ἐγχεομένης
2869 4868 3252 4940 ἐωλοκρασίας,
3282 4867 3345 4918 τὺ
3377 4863 3603 4935 μέγεθος
3650 4859 3759 4948 τῶν

2104 4947 2320 5036 σαρκῶν
2347 4961 2714 5033 περιφέρουσα
2742 4958 2989 5029 καθάπερ
3014 4956 3226 5026 ἐλέφας.
3283 4949 3415 5006 Εἶτα
3463 4948 3631 5036 ἐλθὼν
3658 4947 3758 5000 κά-

2105 5035 2262 5121 θηται
2290 5053 2347 5103 ἐν
2373 5050 2575 5113 τόποις,
2607 5046 2701 5101 καὶ
2724 5046 2868 5112 λέγει
2893 5044 3113 5098 τοιαῦτα
3144 5042 3237 5095 καὶ
3265 5042 3425 5099 ποιεῖ,
3451 5037 3526 5099 ὠς
3551 5035 3760 5106 βέλτιον

2105 5117 2241 5190 εἶναι
2286 5136 2364 5187 ἐτι
2393 5132 2665 5186 καθεύδειν
2690 5127 2902 5198 αύτδνῆ
2951 5126 3326 5198 ἐγρηγορέναι.
3363 5123 3459 5174 Ἂν
3491 5117 3640 5171 δεινά
3666 5118 3763 5169 ἐπα

2106 5222 2365 5292 αγγελθῇ,
2415 5218 2612 5280 παντὸς
2669 5215 2922 5287 κορασίου
2982 5211 3363 5282 μαλακώτερος
3397 5208 3605 5275 γίνεται
3629 5220 3667 5292 ’γ
3695 5203 3763 5257 ἀν

2108 5291 2338 5383 χρηστὰ,
2369 5306 2568 5369 παντὸς
2608 5304 2819 5357 παιδίου
2853 5302 3206 5372 χαυνότερος·
3258 5297 3473 5366 χάσμης
3531 5291 3680 5362 αὐτῷ
3729 5292 3764 5363 ἡ

2107 5400 2228 5469 ὄψις
2257 5397 2436 5467 γέμει.
2471 5396 2610 5448 Πᾶσι
2633 5392 2909 5463 πρόκειται
2931 5391 3041 5453 τοῖς
3069 5386 3404 5457 βουλομένοις
3435 5383 3616 5446 κακῶς
3637 5399 3763 5469 1:0:-

2109 5466 2208 5545 εῖν,
2239 5487 2284 5537 εἰ
2314 5484 2406 5536 καὶ
2440 5483 2514 5551 μὴ
2544 5483 2655 5541 τοῖς
2697 5476 3020 5548 ἀνθρώποις,
3060 5474 3194 5527 ἀλλά
3255 5473 3365 5534 τοῖς
3400 5471 3597 5523 πάθεσι
3618 5485 3634 5499 ο
3671 5466 3765 5522 καὶ

2112 5571 2279 5641 θυμὸς
2306 5569 2396 5621 τὸν
2437 5565 2673 5619 τοιοῦτον
2704 5562 2901 5633 ἐγείρει
2945 5560 3159 5632 ῥᾳδίως,
3191 5557 3286 5611 καὶ
3334 5556 3615 5627 ἐπιθυμία,
3673 5554 3765 5609 καὶ

2116 5657 2398 5729 βασκανία,
2440 5653 2535 5707 καὶ
2563 5653 2756 5705 πάντα.
2809 5651 3015 5711 Πάντες
3044 5645 3416 5707 κολακεύουσι,
3454 5644 3651 5706 πάντες
3684 5642 3765 5694 θε-

2121 5725 2430 5812 ραπεύουσι,
2480 5735 2870 5809 μαλακωτέραν
2937 5733 2972 5802 ή
3037 5733 3182 5783 ἐστιν
3239 5729 3591 5800 ἐργαζόμενοι
3669 5725 3766 5795 τὴν

2162 5848 2189 5876 ⁸
2235 5848 2391 5900 Alius.
2434 5845 2514 5892 καὶ
2553 5840 2918 5904 μεμαλαγμεξναι,
2983 5836 3137 5888 bAlii'
3165 5837 3207 5883 οἱ
3248 5835 3414 5897 χοῖροι.
3482 5834 3497 5853 ⁹
3522 5833 3602 5882 Sic
3626 5832 3770 5882 codd.

2125 5910 2324 5973 optime.
2361 5904 2526 5958 Μουιί.
2556 5901 2776 5966 ἐνεγκεῖν.
2812 5901 2946 5952 lion.
