  <div class='ocr_page' id='page_1' title='image "/cluster/home/n/w/nwhite01/storage/ocr_20150623/60/mdp.39015028539453/261.png"; bbox 0 0 4108 6172; ppageno 0'>
   <div class='ocr_carea' id='block_1_1' title="bbox 330 194 437 249">
    <p class='ocr_par' dir='ltr' id='par_1_1' title="bbox 330 194 437 249">
     <span class='ocr_line' id='line_1_1' title="bbox 330 194 437 249; baseline -0.009 0"><span class='ocrx_word' id='word_1_1' title='bbox 330 194 437 249; x_wconf 73' lang='lat'>257</span> 
     </span>
    </p>
   </div>
   <div class='ocr_carea' id='block_1_2' title="bbox 327 301 1999 377">
    <p class='ocr_par' dir='ltr' id='par_1_2' title="bbox 327 301 1999 377">
     <span class='ocr_line' id='line_1_2' title="bbox 327 301 1999 377; baseline 0.001 -21"><span class='ocrx_word' id='word_1_2' title='bbox 327 301 540 374; x_wconf 58' lang='grc' dir='ltr'>ψυχήν·</span> <span class='ocrx_word' id='word_1_3' title='bbox 592 301 689 357; x_wconf 78' lang='lat' dir='ltr'><strong><em>xal</em></strong></span> <span class='ocrx_word' id='word_1_4' title='bbox 714 301 836 357; x_wconf 82' lang='grc' dir='ltr'>καθ’</span> <span class='ocrx_word' id='word_1_5' title='bbox 863 301 1100 374; x_wconf 74' lang='grc' dir='ltr'>ἑκάστην</span> <span class='ocrx_word' id='word_1_6' title='bbox 1125 303 1336 375; x_wconf 79' lang='grc' dir='ltr'>ἡμέραν</span> <span class='ocrx_word' id='word_1_7' title='bbox 1364 305 1600 377; x_wconf 86' lang='grc' dir='ltr'>πρόεισι,</span> <span class='ocrx_word' id='word_1_8' title='bbox 1630 301 1764 357; x_wconf 89' lang='grc' dir='ltr'>πολύ</span> <span class='ocrx_word' id='word_1_9' title='bbox 1801 321 1853 357; x_wconf 85' lang='grc' dir='ltr'>τι</span> <span class='ocrx_word' id='word_1_10' title='bbox 1899 302 1999 374; x_wconf 81' lang='grc' dir='ltr'>τῆς</span> 
     </span>
    </p>
   </div>
   <div class='ocr_carea' id='block_1_3' title="bbox 332 390 2002 465">
    <p class='ocr_par' dir='ltr' id='par_1_3' title="bbox 332 390 2002 465">
     <span class='ocr_line' id='line_1_3' title="bbox 332 390 2002 465; baseline 0 -22"><span class='ocrx_word' id='word_1_11' title='bbox 332 390 490 445; x_wconf 80' lang='grc' dir='ltr'><strong>νόσου</strong></span> <span class='ocrx_word' id='word_1_12' title='bbox 520 390 972 465; x_wconf 83' lang='grc' dir='ltr'>προσλαμϐάνων.</span> <span class='ocrx_word' id='word_1_13' title='bbox 996 391 1094 445; x_wconf 80' lang='grc' dir='ltr'>Ἂν</span> <span class='ocrx_word' id='word_1_14' title='bbox 1125 392 1201 455; x_wconf 84' lang='grc' dir='ltr'>είς</span> <span class='ocrx_word' id='word_1_15' title='bbox 1230 393 1569 463; x_wconf 82' lang='grc' dir='ltr'>πραγμάτων</span> <span class='ocrx_word' id='word_1_16' title='bbox 1603 390 1820 463; x_wconf 76' lang='grc' dir='ltr'>ἐμπέσῃ</span> <span class='ocrx_word' id='word_1_17' title='bbox 1847 390 2002 463; x_wconf 87' lang='grc' dir='ltr'>περί-</span> 
     </span>
    </p>
   </div>
   <div class='ocr_carea' id='block_1_4' title="bbox 335 476 2004 550">
    <p class='ocr_par' dir='ltr' id='par_1_4' title="bbox 335 476 2004 550">
     <span class='ocr_line' id='line_1_4' title="bbox 335 476 2004 550; baseline 0 -19"><span class='ocrx_word' id='word_1_18' title='bbox 335 494 545 543; x_wconf 88' lang='grc' dir='ltr'>στασιν,</span> <span class='ocrx_word' id='word_1_19' title='bbox 594 478 770 550; x_wconf 81' lang='grc' dir='ltr'>τέφρα</span> <span class='ocrx_word' id='word_1_20' title='bbox 812 478 908 532; x_wconf 72' lang='grc' dir='ltr'>καὶ</span> <span class='ocrx_word' id='word_1_21' title='bbox 943 478 1091 544; x_wconf 85' lang='grc' dir='ltr'>κόνις</span> <span class='ocrx_word' id='word_1_22' title='bbox 1149 477 1376 549; x_wconf 89' lang='grc' dir='ltr'>γίνεται,</span> <span class='ocrx_word' id='word_1_23' title='bbox 1428 478 1525 532; x_wconf 73' lang='grc' dir='ltr'>καὶ</span> <span class='ocrx_word' id='word_1_24' title='bbox 1569 478 1721 533; x_wconf 80' lang='grc' dir='ltr'>οὐδὲν</span> <span class='ocrx_word' id='word_1_25' title='bbox 1755 476 1902 549; x_wconf 80' lang='grc' dir='ltr'>αὑτῷ</span> <span class='ocrx_word' id='word_1_26' title='bbox 1932 477 2004 532; x_wconf 87' lang='grc' dir='ltr'>τά</span> 
     </span>
    </p>
   </div>
   <div class='ocr_carea' id='block_1_5' title="bbox 336 565 2001 639">
    <p class='ocr_par' dir='ltr' id='par_1_5' title="bbox 336 565 2001 639">
     <span class='ocr_line' id='line_1_5' title="bbox 336 565 2001 639; baseline -0.002 -17"><span class='ocrx_word' id='word_1_27' title='bbox 336 566 539 638; x_wconf 80' lang='grc' dir='ltr'>σηρικὰ</span> <span class='ocrx_word' id='word_1_28' title='bbox 590 566 782 638; x_wconf 74' lang='grc' dir='ltr'>ἱμάτια</span> <span class='ocrx_word' id='word_1_29' title='bbox 826 565 1215 636; x_wconf 89' lang='grc' dir='ltr'>συμϐάλλεται.</span> <span class='ocrx_word' id='word_1_30' title='bbox 1256 565 1441 622; x_wconf 83' lang='grc' dir='ltr'>Ταῦτα</span> <span class='ocrx_word' id='word_1_31' title='bbox 1482 568 1615 639; x_wconf 79' lang='grc' dir='ltr'>ἡμῖν</span> <span class='ocrx_word' id='word_1_32' title='bbox 1665 567 1765 638; x_wconf 80' lang='grc' dir='ltr'>οὐχ</span> <span class='ocrx_word' id='word_1_33' title='bbox 1817 565 2001 632; x_wconf 86' lang='grc' dir='ltr'>ἁπλῶς</span> 
     </span>
    </p>
   </div>
   <div class='ocr_carea' id='block_1_6' title="bbox 334 641 2004 728">
    <p class='ocr_par' dir='ltr' id='par_1_6' title="bbox 334 641 2004 728">
     <span class='ocr_line' id='line_1_6' title="bbox 334 641 2004 728; baseline -0.002 -20"><span class='ocrx_word' id='word_1_34' title='bbox 334 653 566 727; x_wconf 75' lang='grc' dir='ltr'>εἴρηται,</span> <span class='ocrx_word' id='word_1_35' title='bbox 599 654 715 709; x_wconf 88' lang='grc' dir='ltr'>ἀλλ’</span> <span class='ocrx_word' id='word_1_36' title='bbox 745 655 831 709; x_wconf 82' lang='grc' dir='ltr'>ἴνα</span> <span class='ocrx_word' id='word_1_37' title='bbox 863 654 1240 727; x_wconf 85' lang='grc' dir='ltr'>παιδεύσωμεν</span> <span class='ocrx_word' id='word_1_38' title='bbox 1273 641 1476 727; x_wconf 71' lang='grc' dir='ltr'>μηδένα</span> <span class='ocrx_word' id='word_1_39' title='bbox 1525 654 1710 728; x_wconf 82' lang='grc' dir='ltr'>ἀργῶς</span> <span class='ocrx_word' id='word_1_40' title='bbox 1737 651 1836 726; x_wconf 77' lang='grc' dir='ltr'>ζῇν</span> <span class='ocrx_word' id='word_1_41' title='bbox 1869 652 2004 725; x_wconf 85' lang='grc' dir='ltr'>μηδὲ</span> 
     </span>
    </p>
   </div>
   <div class='ocr_carea' id='block_1_7' title="bbox 334 741 2004 815">
    <p class='ocr_par' dir='ltr' id='par_1_7' title="bbox 334 741 2004 815">
     <span class='ocr_line' id='line_1_7' title="bbox 334 741 2004 815; baseline -0.001 -20"><span class='ocrx_word' id='word_1_42' title='bbox 334 742 482 813; x_wconf 82' lang='grc' dir='ltr'>είκῇ.</span> <span class='ocrx_word' id='word_1_43' title='bbox 515 743 581 796; x_wconf 87' lang='grc' dir='ltr'><em>Ἢ</em></span> <span class='ocrx_word' id='word_1_44' title='bbox 628 742 738 815; x_wconf 85' lang='grc' dir='ltr'>γάρ</span> <span class='ocrx_word' id='word_1_45' title='bbox 772 741 939 813; x_wconf 82' lang='grc' dir='ltr'>ἀργία</span> <span class='ocrx_word' id='word_1_46' title='bbox 964 741 1060 795; x_wconf 62' lang='grc' dir='ltr'>καί⁵</span> <span class='ocrx_word' id='word_1_47' title='bbox 1088 742 1323 814; x_wconf 77' lang='grc' dir='ltr'>ήτρυφὴ</span> <span class='ocrx_word' id='word_1_48' title='bbox 1352 741 1487 813; x_wconf 73' lang='grc' dir='ltr'>πρὸς</span> <span class='ocrx_word' id='word_1_49' title='bbox 1517 741 1780 813; x_wconf 79' lang='grc' dir='ltr'>ἐργασίαν</span> <span class='ocrx_word' id='word_1_50' title='bbox 1815 742 2004 794; x_wconf 87' lang='grc' dir='ltr'>ἀνεπι-</span> 
     </span>
    </p>
   </div>
   <div class='ocr_carea' id='block_1_8' title="bbox 337 827 2004 902">
    <p class='ocr_par' dir='ltr' id='par_1_8' title="bbox 337 827 2004 902">
     <span class='ocr_line' id='line_1_8' title="bbox 337 827 2004 902; baseline -0.002 -20"><span class='ocrx_word' id='word_1_51' title='bbox 337 829 568 899; x_wconf 87' lang='grc' dir='ltr'>τήδειον,</span> <span class='ocrx_word' id='word_1_52' title='bbox 600 830 737 902; x_wconf 85' lang='grc' dir='ltr'>πρὸς</span> <span class='ocrx_word' id='word_1_53' title='bbox 764 828 923 893; x_wconf 77' lang='grc' dir='ltr'>δόξαν</span> <span class='ocrx_word' id='word_1_54' title='bbox 974 828 1154 899; x_wconf 87' lang='grc' dir='ltr'>μόνον,</span> <span class='ocrx_word' id='word_1_55' title='bbox 1185 828 1322 901; x_wconf 74' lang='grc' dir='ltr'>πρὸς</span> <span class='ocrx_word' id='word_1_56' title='bbox 1374 828 1588 901; x_wconf 81' lang='grc' dir='ltr'>ἡδονήν.</span> <span class='ocrx_word' id='word_1_57' title='bbox 1643 827 1769 893; x_wconf 89' lang='grc' dir='ltr'>Πῶς</span> <span class='ocrx_word' id='word_1_58' title='bbox 1804 828 2004 891; x_wconf 89' lang='grc' dir='ltr'>πάντες</span> 
     </span>
    </p>
   </div>
   <div class='ocr_carea' id='block_1_9' title="bbox 334 914 2005 986">
    <p class='ocr_par' dir='ltr' id='par_1_9' title="bbox 334 914 2005 986">
     <span class='ocr_line' id='line_1_9' title="bbox 334 914 2005 986; baseline -0.001 -17"><span class='ocrx_word' id='word_1_59' title='bbox 334 916 426 970; x_wconf 78' lang='grc' dir='ltr'>τὸν</span> <span class='ocrx_word' id='word_1_60' title='bbox 447 917 689 971; x_wconf 81' lang='grc' dir='ltr'>τοιοῦτον</span> <span class='ocrx_word' id='word_1_61' title='bbox 717 916 778 970; x_wconf 80' lang='lat'>06</span> <span class='ocrx_word' id='word_1_62' title='bbox 800 916 1262 985; x_wconf 82' lang='grc' dir='ltr'>καταγνώσονται,</span> <span class='ocrx_word' id='word_1_63' title='bbox 1293 917 1390 972; x_wconf 70' lang='grc' dir='ltr'>καὶ</span> <span class='ocrx_word' id='word_1_64' title='bbox 1409 919 1597 971; x_wconf 75' lang='grc' dir='ltr'>οἰκεῖοι</span> <span class='ocrx_word' id='word_1_65' title='bbox 1618 915 1714 970; x_wconf 72' lang='grc' dir='ltr'>καὶ</span> <span class='ocrx_word' id='word_1_66' title='bbox 1743 915 1885 986; x_wconf 90' lang='grc' dir='ltr'>φίλοι</span> <span class='ocrx_word' id='word_1_67' title='bbox 1908 914 2005 968; x_wconf 80' lang='grc' dir='ltr'>καὶ</span> 
     </span>
    </p>
   </div>
   <div class='ocr_carea' id='block_1_10' title="bbox 338 997 2005 1075">
    <p class='ocr_par' dir='ltr' id='par_1_10' title="bbox 338 997 2005 1075">
     <span class='ocr_line' id='line_1_10' title="bbox 338 997 2005 1075; baseline 0 -20"><span class='ocrx_word' id='word_1_68' title='bbox 338 1005 657 1072; x_wconf 84' lang='grc' dir='ltr'>συγγενεϊς;</span> <span class='ocrx_word' id='word_1_69' title='bbox 718 1002 803 1066; x_wconf 90' lang='grc' dir='ltr'>τίς</span> <span class='ocrx_word' id='word_1_70' title='bbox 840 1002 896 1057; x_wconf 84' lang='grc' dir='ltr'>δὲ</span> <span class='ocrx_word' id='word_1_71' title='bbox 925 1004 984 1057; x_wconf 88' lang='grc' dir='ltr'>ού</span> <span class='ocrx_word' id='word_1_72' title='bbox 1014 1003 1237 1069; x_wconf 82' lang='grc' dir='ltr'>δικαίως</span> <span class='ocrx_word' id='word_1_73' title='bbox 1278 1005 1413 1075; x_wconf 84' lang='grc' dir='ltr'>ἐρεῖ,</span> <span class='ocrx_word' id='word_1_74' title='bbox 1468 1003 1632 1075; x_wconf 86' lang='grc' dir='ltr'>άχθος</span> <span class='ocrx_word' id='word_1_75' title='bbox 1659 997 1812 1067; x_wconf 73' lang='grc' dir='ltr'>οὗτος</span> <span class='ocrx_word' id='word_1_76' title='bbox 1841 1001 2005 1074; x_wconf 88' lang='grc' dir='ltr'>ἀρού-</span> 
     </span>
    </p>
   </div>
   <div class='ocr_carea' id='block_1_11' title="bbox 340 1088 2005 1162">
    <p class='ocr_par' dir='ltr' id='par_1_11' title="bbox 340 1088 2005 1162">
     <span class='ocr_line' id='line_1_11' title="bbox 340 1088 2005 1162; baseline 0.001 -20"><span class='ocrx_word' id='word_1_77' title='bbox 340 1106 459 1161; x_wconf 88' lang='grc' dir='ltr'>ρας,</span> <span class='ocrx_word' id='word_1_78' title='bbox 482 1091 602 1162; x_wconf 73' lang='grc' dir='ltr'>εἰκῇ</span> <span class='ocrx_word' id='word_1_79' title='bbox 624 1090 899 1162; x_wconf 79' lang='grc' dir='ltr'>παρῆλθεν</span> <span class='ocrx_word' id='word_1_80' title='bbox 923 1092 1003 1155; x_wconf 79' lang='grc' dir='ltr'>εἰς</span> <span class='ocrx_word' id='word_1_81' title='bbox 1023 1091 1114 1145; x_wconf 82' lang='grc' dir='ltr'>τὸν</span> <span class='ocrx_word' id='word_1_82' title='bbox 1137 1091 1340 1162; x_wconf 87' lang='grc' dir='ltr'>κόσμον</span> <span class='ocrx_word' id='word_1_83' title='bbox 1366 1092 1398 1145; x_wconf 98' lang='lat'>6</span> <span class='ocrx_word' id='word_1_84' title='bbox 1423 1090 1664 1155; x_wconf 78' lang='grc' dir='ltr'>τοιοῦτος</span> <span class='ocrx_word' id='word_1_85' title='bbox 1688 1107 1701 1122; x_wconf 74' lang='grc' dir='ltr'><strong>ο</strong></span> <span class='ocrx_word' id='word_1_86' title='bbox 1732 1089 1931 1162; x_wconf 75' lang='grc' dir='ltr'>μᾶλλον</span> <span class='ocrx_word' id='word_1_87' title='bbox 1947 1088 2005 1143; x_wconf 85' lang='grc' dir='ltr'>δέ</span> 
     </span>
    </p>
   </div>
   <div class='ocr_carea' id='block_1_12' title="bbox 338 1176 2007 1250">
    <p class='ocr_par' dir='ltr' id='par_1_12' title="bbox 338 1176 2007 1250">
     <span class='ocr_line' id='line_1_12' title="bbox 338 1176 2007 1250; baseline 0.001 -22"><span class='ocrx_word' id='word_1_88' title='bbox 338 1176 439 1229; x_wconf 81' lang='grc' dir='ltr'>οὐκ</span> <span class='ocrx_word' id='word_1_89' title='bbox 468 1177 611 1247; x_wconf 83' lang='grc' dir='ltr'>εἰκῇ,</span> <span class='ocrx_word' id='word_1_90' title='bbox 646 1176 785 1231; x_wconf 87' lang='grc' dir='ltr'>ἀλλά</span> <span class='ocrx_word' id='word_1_91' title='bbox 811 1177 909 1231; x_wconf 77' lang='grc' dir='ltr'>καὶ</span> <span class='ocrx_word' id='word_1_92' title='bbox 936 1178 1029 1231; x_wconf 81' lang='grc' dir='ltr'>ἐπὶ</span> <span class='ocrx_word' id='word_1_93' title='bbox 1075 1177 1226 1250; x_wconf 85' lang='grc' dir='ltr'>κακῷ</span> <span class='ocrx_word' id='word_1_94' title='bbox 1254 1178 1355 1248; x_wconf 83' lang='grc' dir='ltr'>τῆς</span> <span class='ocrx_word' id='word_1_95' title='bbox 1403 1176 1599 1232; x_wconf 78' lang='grc' dir='ltr'>ἐαυτοῦ</span> <span class='ocrx_word' id='word_1_96' title='bbox 1619 1178 1880 1249; x_wconf 84' lang='grc' dir='ltr'>κεφαλῆς,</span> <span class='ocrx_word' id='word_1_97' title='bbox 1912 1176 2007 1231; x_wconf 76' lang='grc' dir='ltr'>ἐπὶ</span> 
     </span>
    </p>
   </div>
   <div class='ocr_carea' id='block_1_13' title="bbox 338 1261 2005 1337">
    <p class='ocr_par' dir='ltr' id='par_1_13' title="bbox 338 1261 2005 1337">
     <span class='ocr_line' id='line_1_13' title="bbox 338 1261 2005 1337; baseline 0.003 -23"><span class='ocrx_word' id='word_1_98' title='bbox 338 1261 487 1336; x_wconf 80' lang='grc' dir='ltr'>λύμῃ</span> <span class='ocrx_word' id='word_1_99' title='bbox 515 1262 638 1335; x_wconf 73' lang='grc' dir='ltr'>ἰδίᾳ,</span> <span class='ocrx_word' id='word_1_100' title='bbox 663 1264 755 1318; x_wconf 76' lang='grc' dir='ltr'>ἐπὶ</span> <span class='ocrx_word' id='word_1_101' title='bbox 795 1264 966 1337; x_wconf 84' lang='grc' dir='ltr'>βλάϐῃ</span> <span class='ocrx_word' id='word_1_102' title='bbox 1002 1265 1238 1337; x_wconf 82' lang='grc' dir='ltr'>ἐτέρων;</span> <span class='ocrx_word' id='word_1_103' title='bbox 1275 1266 1339 1319; x_wconf 88' lang='grc' dir='ltr'>Τί</span> <span class='ocrx_word' id='word_1_104' title='bbox 1368 1261 1460 1320; x_wconf 81' lang='grc' dir='ltr'>οὖν</span> <span class='ocrx_word' id='word_1_105' title='bbox 1497 1266 1644 1337; x_wconf 73' lang='grc' dir='ltr'>ἥδιον</span> <span class='ocrx_word' id='word_1_106' title='bbox 1676 1266 1837 1337; x_wconf 81' lang='grc' dir='ltr'>αὐτῇ,</span> <span class='ocrx_word' id='word_1_107' title='bbox 1880 1264 2005 1319; x_wconf 83' lang='grc' dir='ltr'>ῐδω-</span> 
     </span>
    </p>
   </div>
   <div class='ocr_carea' id='block_1_14' title="bbox 344 1351 2003 1426">
    <p class='ocr_par' dir='ltr' id='par_1_14' title="bbox 344 1351 2003 1426">
     <span class='ocr_line' id='line_1_14' title="bbox 344 1351 2003 1426; baseline 0.001 -22"><span class='ocrx_word' id='word_1_108' title='bbox 344 1366 475 1423; x_wconf 74' lang='grc' dir='ltr'>μενσ</span> <span class='ocrx_word' id='word_1_109' title='bbox 516 1351 674 1406; x_wconf 80' lang='grc' dir='ltr'>τοῦτο</span> <span class='ocrx_word' id='word_1_110' title='bbox 699 1353 805 1424; x_wconf 88' lang='grc' dir='ltr'>γάρ</span> <span class='ocrx_word' id='word_1_111' title='bbox 831 1354 946 1407; x_wconf 87' lang='grc' dir='ltr'>ἐστι</span> <span class='ocrx_word' id='word_1_112' title='bbox 972 1353 1032 1407; x_wconf 84' lang='grc' dir='ltr'>τὸ</span> <span class='ocrx_word' id='word_1_113' title='bbox 1053 1351 1405 1425; x_wconf 80' lang='grc' dir='ltr'>ζητούμενον,</span> <span class='ocrx_word' id='word_1_114' title='bbox 1432 1353 1594 1426; x_wconf 83' lang='grc' dir='ltr'>σχολὴ</span> <span class='ocrx_word' id='word_1_115' title='bbox 1620 1354 1717 1408; x_wconf 70' lang='grc' dir='ltr'>καὶ</span> <span class='ocrx_word' id='word_1_116' title='bbox 1741 1351 2003 1425; x_wconf 83' lang='grc' dir='ltr'>ἀπραξία.</span> 
     </span>
    </p>
   </div>
   <div class='ocr_carea' id='block_1_15' title="bbox 339 1436 2007 1514">
    <p class='ocr_par' dir='ltr' id='par_1_15' title="bbox 339 1436 2007 1514">
     <span class='ocr_line' id='line_1_15' title="bbox 339 1436 2007 1514; baseline 0.001 -22"><span class='ocrx_word' id='word_1_117' title='bbox 339 1439 452 1492; x_wconf 79' lang='lat' dir='ltr'><strong><em>Kal</em></strong></span> <span class='ocrx_word' id='word_1_118' title='bbox 481 1438 534 1493; x_wconf 89' lang='grc' dir='ltr'>τί</span> <span class='ocrx_word' id='word_1_119' title='bbox 567 1440 889 1512; x_wconf 82' lang='grc' dir='ltr'>ἀηδέστερον</span> <span class='ocrx_word' id='word_1_120' title='bbox 926 1440 1122 1510; x_wconf 80' lang='grc' dir='ltr'>γένοιτ’</span> <span class='ocrx_word' id='word_1_121' title='bbox 1152 1442 1217 1495; x_wconf 84' lang='grc' dir='ltr'>ἂν</span> <span class='ocrx_word' id='word_1_122' title='bbox 1258 1436 1544 1514; x_wconf 83' lang='grc' dir='ltr'>ἀνθρώπου</span> <span class='ocrx_word' id='word_1_123' title='bbox 1594 1441 1746 1495; x_wconf 78' lang='grc' dir='ltr'>οὐδὲν</span> <span class='ocrx_word' id='word_1_124' title='bbox 1791 1439 2007 1511; x_wconf 71' lang='grc' dir='ltr'>ἔχοντος</span> 
     </span>
    </p>
   </div>
   <div class='ocr_carea' id='block_1_16' title="bbox 341 1526 2008 1601">
    <p class='ocr_par' dir='ltr' id='par_1_16' title="bbox 341 1526 2008 1601">
     <span class='ocr_line' id='line_1_16' title="bbox 341 1526 2008 1601; baseline 0 -23"><span class='ocrx_word' id='word_1_125' title='bbox 341 1527 546 1593; x_wconf 82' lang='grc' dir='ltr'>ποιεῖν;</span> <span class='ocrx_word' id='word_1_126' title='bbox 585 1526 639 1581; x_wconf 93' lang='grc' dir='ltr'>τί</span> <span class='ocrx_word' id='word_1_127' title='bbox 692 1527 1111 1600; x_wconf 83' lang='grc' dir='ltr'>μοχθηρότερον,</span> <span class='ocrx_word' id='word_1_128' title='bbox 1164 1528 1218 1582; x_wconf 89' lang='grc' dir='ltr'>τί</span> <span class='ocrx_word' id='word_1_129' title='bbox 1253 1527 1755 1601; x_wconf 75' lang='grc' dir='ltr'>ταλαιπωρότερονς</span> <span class='ocrx_word' id='word_1_130' title='bbox 1799 1526 2008 1598; x_wconf 88' lang='grc' dir='ltr'>μυρίων</span> 
     </span>
    </p>
   </div>
   <div class='ocr_carea' id='block_1_17' title="bbox 340 1612 2007 1686">
    <p class='ocr_par' dir='ltr' id='par_1_17' title="bbox 340 1612 2007 1686">
     <span class='ocr_line' id='line_1_17' title="bbox 340 1612 2007 1686; baseline -0.001 -21"><span class='ocrx_word' id='word_1_131' title='bbox 340 1613 401 1666; x_wconf 85' lang='grc' dir='ltr'>ού</span> <span class='ocrx_word' id='word_1_132' title='bbox 428 1615 606 1686; x_wconf 83' lang='grc' dir='ltr'>χεῖρον</span> <span class='ocrx_word' id='word_1_133' title='bbox 635 1613 791 1668; x_wconf 81' lang='grc' dir='ltr'>τοῦτο</span> <span class='ocrx_word' id='word_1_134' title='bbox 817 1613 1053 1686; x_wconf 81' lang='grc' dir='ltr'>δεσμῶν,</span> <span class='ocrx_word' id='word_1_135' title='bbox 1089 1615 1406 1686; x_wconf 81' lang='grc' dir='ltr'>χασμᾶσθαι</span> <span class='ocrx_word' id='word_1_136' title='bbox 1429 1613 1523 1669; x_wconf 76' lang='grc' dir='ltr'>καὶ</span> <span class='ocrx_word' id='word_1_137' title='bbox 1572 1612 1859 1684; x_wconf 83' lang='grc' dir='ltr'>κεχηνέναι</span> <span class='ocrx_word' id='word_1_138' title='bbox 1889 1612 2007 1665; x_wconf 87' lang='grc' dir='ltr'>δια-</span> 
     </span>
    </p>
   </div>
   <div class='ocr_carea' id='block_1_18' title="bbox 340 1701 2011 1776">
    <p class='ocr_par' dir='ltr' id='par_1_18' title="bbox 340 1701 2011 1776">
     <span class='ocr_line' id='line_1_18' title="bbox 340 1701 2011 1776; baseline -0.001 -21"><span class='ocrx_word' id='word_1_139' title='bbox 340 1701 542 1767; x_wconf 79' lang='grc' dir='ltr'>παντὸς</span> <span class='ocrx_word' id='word_1_140' title='bbox 575 1703 668 1757; x_wconf 74' lang='grc' dir='ltr'>ἐπὶ</span> <span class='ocrx_word' id='word_1_141' title='bbox 695 1702 794 1772; x_wconf 82' lang='grc' dir='ltr'>τῆς</span> <span class='ocrx_word' id='word_1_142' title='bbox 827 1703 1033 1775; x_wconf 79' lang='grc' dir='ltr'>ἀγορᾶς</span> <span class='ocrx_word' id='word_1_143' title='bbox 1080 1704 1384 1776; x_wconf 85' lang='grc' dir='ltr'>καθήμενον</span> <span class='ocrx_word' id='word_1_144' title='bbox 1431 1701 1645 1775; x_wconf 85' lang='grc' dir='ltr'>δρῶντα</span> <span class='ocrx_word' id='word_1_145' title='bbox 1688 1702 1813 1764; x_wconf 81' lang='grc' dir='ltr'>τοὺς</span> <span class='ocrx_word' id='word_1_146' title='bbox 1870 1717 2011 1771; x_wconf 87' lang='grc' dir='ltr'>παρ-</span> 
     </span>
    </p>
   </div>
   <div class='ocr_carea' id='block_1_19' title="bbox 345 1787 2014 1863">
    <p class='ocr_par' dir='ltr' id='par_1_19' title="bbox 345 1787 2014 1863">
     <span class='ocr_line' id='line_1_19' title="bbox 345 1787 2014 1863; baseline -0.001 -20"><span class='ocrx_word' id='word_1_147' title='bbox 345 1788 550 1857; x_wconf 80' lang='grc' dir='ltr'>ιόντας;</span> <span class='ocrx_word' id='word_1_148' title='bbox 577 1789 641 1844; x_wconf 88' lang='grc' dir='ltr'><strong>Ἥ</strong></span> <span class='ocrx_word' id='word_1_149' title='bbox 660 1791 764 1863; x_wconf 90' lang='grc' dir='ltr'>γάρ</span> <span class='ocrx_word' id='word_1_150' title='bbox 787 1790 932 1862; x_wconf 79' lang='grc' dir='ltr'>ψυχὴ</span> <span class='ocrx_word' id='word_1_151' title='bbox 962 1790 1122 1861; x_wconf 85' lang='grc' dir='ltr'>φύσιν</span> <span class='ocrx_word' id='word_1_152' title='bbox 1144 1790 1341 1862; x_wconf 77' lang='grc' dir='ltr'>ἔχουσα</span> <span class='ocrx_word' id='word_1_153' title='bbox 1366 1789 1460 1844; x_wconf 83' lang='grc' dir='ltr'>τοῦ</span> <span class='ocrx_word' id='word_1_154' title='bbox 1498 1787 1762 1844; x_wconf 86' lang='grc' dir='ltr'>κινεῖσθαι</span> <span class='ocrx_word' id='word_1_155' title='bbox 1792 1787 2014 1842; x_wconf 86' lang='grc' dir='ltr'>διαπαν-</span> 
     </span>
    </p>
   </div>
   <div class='ocr_carea' id='block_1_20' title="bbox 341 1874 2012 1951">
    <p class='ocr_par' dir='ltr' id='par_1_20' title="bbox 341 1874 2012 1951">
     <span class='ocr_line' id='line_1_20' title="bbox 341 1874 2012 1951; baseline -0.002 -20"><span class='ocrx_word' id='word_1_156' title='bbox 341 1877 452 1942; x_wconf 79' lang='grc' dir='ltr'>τὸς,</span> <span class='ocrx_word' id='word_1_157' title='bbox 496 1879 605 1933; x_wconf 75' lang='grc' dir='ltr'>οὐκ</span> <span class='ocrx_word' id='word_1_158' title='bbox 625 1879 877 1951; x_wconf 77' lang='grc' dir='ltr'>ἀνέχεται</span> <span class='ocrx_word' id='word_1_159' title='bbox 926 1880 1171 1951; x_wconf 74' lang='grc' dir='ltr'>ἠρεμεῖν.</span> <span class='ocrx_word' id='word_1_160' title='bbox 1212 1879 1565 1950; x_wconf 83' lang='grc' dir='ltr'>Ἐμπρακτον</span> <span class='ocrx_word' id='word_1_161' title='bbox 1592 1876 1653 1930; x_wconf 77' lang='grc' dir='ltr'>τὸ</span> <span class='ocrx_word' id='word_1_162' title='bbox 1689 1874 1827 1942; x_wconf 76' lang='grc' dir='ltr'>ζῶον</span> <span class='ocrx_word' id='word_1_163' title='bbox 1852 1875 2012 1928; x_wconf 83' lang='grc' dir='ltr'>τοῦτο</span> 
     </span>
    </p>
   </div>
   <div class='ocr_carea' id='block_1_21' title="bbox 341 1963 2013 2037">
    <p class='ocr_par' dir='ltr' id='par_1_21' title="bbox 341 1963 2013 2037">
     <span class='ocr_line' id='line_1_21' title="bbox 341 1963 2013 2037; baseline 0 -20"><span class='ocrx_word' id='word_1_164' title='bbox 341 1965 594 2037; x_wconf 83' lang='grc' dir='ltr'>ἐποίησεν</span> <span class='ocrx_word' id='word_1_165' title='bbox 617 1967 646 2019; x_wconf 90' lang='grc' dir='ltr'>ό</span> <span class='ocrx_word' id='word_1_166' title='bbox 690 1967 840 2033; x_wconf 74' lang='grc' dir='ltr'>Θεὸς,</span> <span class='ocrx_word' id='word_1_167' title='bbox 869 1967 965 2021; x_wconf 75' lang='grc' dir='ltr'>καὶ</span> <span class='ocrx_word' id='word_1_168' title='bbox 990 1965 1130 2020; x_wconf 88' lang='grc' dir='ltr'>κατά</span> <span class='ocrx_word' id='word_1_169' title='bbox 1165 1967 1327 2036; x_wconf 88' lang='grc' dir='ltr'>φύσιν</span> <span class='ocrx_word' id='word_1_170' title='bbox 1357 1964 1504 2037; x_wconf 79' lang='grc' dir='ltr'>αὐτῷ</span> <span class='ocrx_word' id='word_1_171' title='bbox 1548 1967 1664 2019; x_wconf 88' lang='grc' dir='ltr'>ἐστι</span> <span class='ocrx_word' id='word_1_172' title='bbox 1688 1964 1749 2017; x_wconf 86' lang='grc' dir='ltr'>τὸ</span> <span class='ocrx_word' id='word_1_173' title='bbox 1780 1963 2013 2035; x_wconf 81' lang='grc' dir='ltr'>ἐργάζε-</span> 
     </span>
    </p>
   </div>
   <div class='ocr_carea' id='block_1_22' title="bbox 345 2051 2013 2126">
    <p class='ocr_par' dir='ltr' id='par_1_22' title="bbox 345 2051 2013 2126">
     <span class='ocr_line' id='line_1_22' title="bbox 345 2051 2013 2126; baseline 0 -20"><span class='ocrx_word' id='word_1_174' title='bbox 345 2052 490 2119; x_wconf 89' lang='grc' dir='ltr'>σθαι,</span> <span class='ocrx_word' id='word_1_175' title='bbox 526 2053 677 2126; x_wconf 88' lang='grc' dir='ltr'>παρά</span> <span class='ocrx_word' id='word_1_176' title='bbox 700 2054 862 2124; x_wconf 87' lang='grc' dir='ltr'>φύσιν</span> <span class='ocrx_word' id='word_1_177' title='bbox 893 2055 951 2108; x_wconf 81' lang='grc' dir='ltr'>δὲ</span> <span class='ocrx_word' id='word_1_178' title='bbox 986 2054 1048 2107; x_wconf 85' lang='grc' dir='ltr'>τὸ</span> <span class='ocrx_word' id='word_1_179' title='bbox 1085 2055 1295 2126; x_wconf 80' lang='grc' dir='ltr'>ἀργεῖν.</span> <span class='ocrx_word' id='word_1_180' title='bbox 1323 2052 1415 2125; x_wconf 81' lang='grc' dir='ltr'>Μὴ</span> <span class='ocrx_word' id='word_1_181' title='bbox 1442 2053 1551 2107; x_wconf 85' lang='grc' dir='ltr'>ἀπὸ</span> <span class='ocrx_word' id='word_1_182' title='bbox 1572 2051 1677 2106; x_wconf 88' lang='grc' dir='ltr'>τῶν</span> <span class='ocrx_word' id='word_1_183' title='bbox 1713 2052 2013 2106; x_wconf 78' lang='grc' dir='ltr'>νοσούντων</span> 
     </span>
    </p>
   </div>
   <div class='ocr_carea' id='block_1_23' title="bbox 342 2140 2016 2213">
    <p class='ocr_par' dir='ltr' id='par_1_23' title="bbox 342 2140 2016 2213">
     <span class='ocr_line' id='line_1_23' title="bbox 342 2140 2016 2213; baseline -0.001 -19"><span class='ocrx_word' id='word_1_184' title='bbox 342 2141 411 2194; x_wconf 78' lang='grc' dir='ltr'>τὰ</span> <span class='ocrx_word' id='word_1_185' title='bbox 444 2142 743 2212; x_wconf 87' lang='grc' dir='ltr'>πράγματα</span> <span class='ocrx_word' id='word_1_186' title='bbox 762 2142 1165 2213; x_wconf 78' lang='grc' dir='ltr'>δοκιμάζωμεν,</span> <span class='ocrx_word' id='word_1_187' title='bbox 1191 2141 1326 2195; x_wconf 87' lang='grc' dir='ltr'>ἀλλά</span> <span class='ocrx_word' id='word_1_188' title='bbox 1342 2140 1437 2194; x_wconf 80' lang='grc' dir='ltr'>τοῦ</span> <span class='ocrx_word' id='word_1_189' title='bbox 1466 2140 1791 2211; x_wconf 89' lang='grc' dir='ltr'>πράγματος</span> <span class='ocrx_word' id='word_1_190' title='bbox 1820 2140 2016 2210; x_wconf 83' lang='grc' dir='ltr'>πεῖραν</span> 
     </span>
    </p>
   </div>
   <div class='ocr_carea' id='block_1_24' title="bbox 343 2225 2012 2299">
    <p class='ocr_par' dir='ltr' id='par_1_24' title="bbox 343 2225 2012 2299">
     <span class='ocr_line' id='line_1_24' title="bbox 343 2225 2012 2299; baseline 0.001 -21"><span class='ocrx_word' id='word_1_191' title='bbox 343 2225 615 2297; x_wconf 87' lang='grc' dir='ltr'>λάϐωμεν.</span> <span class='ocrx_word' id='word_1_192' title='bbox 666 2229 831 2283; x_wconf 78' lang='grc' dir='ltr'>υύδὲν</span> <span class='ocrx_word' id='word_1_193' title='bbox 885 2228 1083 2299; x_wconf 79' lang='grc' dir='ltr'>σχολῆς</span> <span class='ocrx_word' id='word_1_194' title='bbox 1136 2227 1557 2299; x_wconf 79' lang='grc' dir='ltr'>μοχθηρότερον,</span> <span class='ocrx_word' id='word_1_195' title='bbox 1611 2226 1763 2281; x_wconf 72' lang='grc' dir='ltr'>ούδέν</span> <span class='ocrx_word' id='word_1_196' title='bbox 1796 2225 2012 2296; x_wconf 67' lang='grc' dir='ltr'>ἀργίαςη</span> 
     </span>
    </p>
   </div>
   <div class='ocr_carea' id='block_1_25' title="bbox 343 2314 2018 2388">
    <p class='ocr_par' dir='ltr' id='par_1_25' title="bbox 343 2314 2018 2388">
     <span class='ocr_line' id='line_1_25' title="bbox 343 2314 2018 2388; baseline 0 -21"><span class='ocrx_word' id='word_1_197' title='bbox 343 2314 443 2368; x_wconf 80' lang='grc' dir='ltr'>Διά</span> <span class='ocrx_word' id='word_1_198' title='bbox 477 2315 635 2369; x_wconf 79' lang='grc' dir='ltr'>τοῦτο</span> <span class='ocrx_word' id='word_1_199' title='bbox 669 2318 748 2378; x_wconf 77' lang='grc' dir='ltr'>εἰς</span> <span class='ocrx_word' id='word_1_200' title='bbox 807 2317 1055 2387; x_wconf 86' lang='grc' dir='ltr'>ἀνάγκην</span> <span class='ocrx_word' id='word_1_201' title='bbox 1113 2317 1259 2388; x_wconf 81' lang='grc' dir='ltr'>ἡμᾶς</span> <span class='ocrx_word' id='word_1_202' title='bbox 1315 2315 1650 2387; x_wconf 77' lang='grc' dir='ltr'>κατέστησεν</span> <span class='ocrx_word' id='word_1_203' title='bbox 1698 2315 1961 2386; x_wconf 77' lang='grc' dir='ltr'>ἐργασίας</span> <span class='ocrx_word' id='word_1_204' title='bbox 1988 2314 2018 2367; x_wconf 88' lang='lat'>6</span> 
     </span>
    </p>
   </div>
   <div class='ocr_carea' id='block_1_26' title="bbox 1086 186 2956 248">
    <p class='ocr_par' dir='ltr' id='par_1_26' title="bbox 1086 186 2956 248">
     <span class='ocr_line' id='line_1_26' title="bbox 1086 186 2956 248; baseline -0.001 -2"><span class='ocrx_word' id='word_1_205' title='bbox 1086 188 1146 246; x_wconf 89' lang='lat' dir='ltr'>S.</span> <span class='ocrx_word' id='word_1_206' title='bbox 1198 188 1485 248; x_wconf 79' lang='lat' dir='ltr'>JOANNIS</span> <span class='ocrx_word' id='word_1_207' title='bbox 1524 187 2017 247; x_wconf 76' lang='lat' dir='ltr'>CHRYSOSTOMI</span> <span class='ocrx_word' id='word_1_208' title='bbox 2050 186 2371 246; x_wconf 75' lang='lat' dir='ltr'>ARCHIEP.</span> <span class='ocrx_word' id='word_1_209' title='bbox 2413 186 2956 246; x_wconf 79' lang='lat' dir='ltr'>CONSTANTINOP.</span> 
     </span>
    </p>
   </div>
   <div class='ocr_carea' id='block_1_27' title="bbox 3666 185 3774 240">
    <p class='ocr_par' dir='ltr' id='par_1_27' title="bbox 3666 185 3774 240">
     <span class='ocr_line' id='line_1_27' title="bbox 3666 185 3774 240; baseline -0.019 0"><span class='ocrx_word' id='word_1_210' title='bbox 3666 185 3774 240; x_wconf 70' lang='lat'>258</span> 
     </span>
    </p>
   </div>
   <div class='ocr_carea' id='block_1_28' title="bbox 2101 297 3778 376">
    <p class='ocr_par' dir='ltr' id='par_1_28' title="bbox 2101 297 3778 376">
     <span class='ocr_line' id='line_1_28' title="bbox 2101 297 3778 376; baseline -0.001 -16"><span class='ocrx_word' id='word_1_211' title='bbox 2101 304 2253 370; x_wconf 84' lang='grc' dir='ltr'>Θεός.</span> <span class='ocrx_word' id='word_1_212' title='bbox 2307 306 2492 360; x_wconf 84' lang='grc' dir='ltr'>Πάντα</span> <span class='ocrx_word' id='word_1_213' title='bbox 2534 305 2642 376; x_wconf 85' lang='grc' dir='ltr'>γάρ</span> <span class='ocrx_word' id='word_1_214' title='bbox 2687 306 2721 375; x_wconf 80' lang='grc' dir='ltr'><strong>ἡ</strong></span> <span class='ocrx_word' id='word_1_215' title='bbox 2772 303 2939 375; x_wconf 74' lang='grc' dir='ltr'>ἀργία</span> <span class='ocrx_word' id='word_1_216' title='bbox 2973 297 3221 372; x_wconf 75' lang='grc' dir='ltr'>βλάπτει,</span> <span class='ocrx_word' id='word_1_217' title='bbox 3257 302 3351 355; x_wconf 74' lang='grc' dir='ltr'>καὶ</span> <span class='ocrx_word' id='word_1_218' title='bbox 3400 301 3469 357; x_wconf 83' lang='grc' dir='ltr'>τὰ</span> <span class='ocrx_word' id='word_1_219' title='bbox 3501 302 3636 376; x_wconf 81' lang='grc' dir='ltr'>μέλη</span> <span class='ocrx_word' id='word_1_220' title='bbox 3682 304 3778 359; x_wconf 82' lang='grc' dir='ltr'>τοῦ</span> 
     </span>
    </p>
   </div>
   <div class='ocr_carea' id='block_1_29' title="bbox 2104 389 3780 465">
    <p class='ocr_par' dir='ltr' id='par_1_29' title="bbox 2104 389 3780 465">
     <span class='ocr_line' id='line_1_29' title="bbox 2104 389 3780 465; baseline 0.001 -18"><span class='ocrx_word' id='word_1_221' title='bbox 2104 392 2354 465; x_wconf 88' lang='grc' dir='ltr'>σώματος</span> <span class='ocrx_word' id='word_1_222' title='bbox 2421 394 2560 448; x_wconf 73' lang='grc' dir='ltr'>αὐτὰ</span> <span class='ocrx_word' id='word_1_223' title='bbox 2630 392 2855 464; x_wconf 79' lang='grc' dir='ltr'>βλάπτει</span> <span class='ocrx_word' id='word_1_224' title='bbox 2906 408 3022 455; x_wconf 88' lang='grc' dir='ltr'>πως</span> <span class='ocrx_word' id='word_1_225' title='bbox 3074 391 3108 461; x_wconf 81' lang='grc' dir='ltr'><strong>ἡ</strong></span> <span class='ocrx_word' id='word_1_226' title='bbox 3158 389 3346 461; x_wconf 91' lang='grc' dir='ltr'>ἀργία.</span> <span class='ocrx_word' id='word_1_227' title='bbox 3397 392 3507 445; x_wconf 80' lang='lat' dir='ltr'>Kal</span> <span class='ocrx_word' id='word_1_228' title='bbox 3540 392 3648 464; x_wconf 82' lang='grc' dir='ltr'>γὰρ</span> <span class='ocrx_word' id='word_1_229' title='bbox 3683 393 3780 448; x_wconf 76' lang='grc' dir='ltr'>καὶ</span> 
     </span>
    </p>
   </div>
   <div class='ocr_carea' id='block_1_30' title="bbox 2101 476 3779 553">
    <p class='ocr_par' dir='ltr' id='par_1_30' title="bbox 2101 476 3779 553">
     <span class='ocr_line' id='line_1_30' title="bbox 2101 476 3779 553; baseline 0 -18"><span class='ocrx_word' id='word_1_230' title='bbox 2101 480 2379 553; x_wconf 82' lang='grc' dir='ltr'>ὀφθαλμὸς</span> <span class='ocrx_word' id='word_1_231' title='bbox 2394 482 2443 534; x_wconf 84' lang='grc' dir='ltr'>εί</span> <span class='ocrx_word' id='word_1_232' title='bbox 2466 479 2543 552; x_wconf 81' lang='grc' dir='ltr'>μὴ</span> <span class='ocrx_word' id='word_1_233' title='bbox 2562 479 2846 553; x_wconf 75' lang='grc' dir='ltr'>ἐργάζοιτο</span> <span class='ocrx_word' id='word_1_234' title='bbox 2861 478 2921 533; x_wconf 81' lang='grc' dir='ltr'>τὺ</span> <span class='ocrx_word' id='word_1_235' title='bbox 2943 476 3130 541; x_wconf 81' lang='grc' dir='ltr'>αὐτοῦ,</span> <span class='ocrx_word' id='word_1_236' title='bbox 3162 476 3315 550; x_wconf 68' lang='grc' dir='ltr'>[επ]</span> <span class='ocrx_word' id='word_1_237' title='bbox 3335 478 3429 532; x_wconf 82' lang='grc' dir='ltr'>καὶ</span> <span class='ocrx_word' id='word_1_238' title='bbox 3459 480 3656 550; x_wconf 89' lang='grc' dir='ltr'>στόμα,</span> <span class='ocrx_word' id='word_1_239' title='bbox 3682 480 3779 535; x_wconf 75' lang='grc' dir='ltr'>καὶ</span> 
     </span>
    </p>
   </div>
   <div class='ocr_carea' id='block_1_31' title="bbox 2101 564 3781 640">
    <p class='ocr_par' dir='ltr' id='par_1_31' title="bbox 2101 564 3781 640">
     <span class='ocr_line' id='line_1_31' title="bbox 2101 564 3781 640; baseline 0 -18"><span class='ocrx_word' id='word_1_240' title='bbox 2101 567 2314 640; x_wconf 85' lang='grc' dir='ltr'>γαστὴρ</span> <span class='ocrx_word' id='word_1_241' title='bbox 2342 569 2436 622; x_wconf 73' lang='grc' dir='ltr'>καὶ</span> <span class='ocrx_word' id='word_1_242' title='bbox 2466 568 2595 631; x_wconf 76' lang='grc' dir='ltr'>πᾶν,</span> <span class='ocrx_word' id='word_1_243' title='bbox 2632 567 2661 621; x_wconf 83' lang='grc' dir='ltr'><strong>ὃ</strong></span> <span class='ocrx_word' id='word_1_244' title='bbox 2682 583 2735 619; x_wconf 92' lang='grc' dir='ltr'>τι</span> <span class='ocrx_word' id='word_1_245' title='bbox 2762 565 2829 620; x_wconf 82' lang='grc' dir='ltr'>ἂν</span> <span class='ocrx_word' id='word_1_246' title='bbox 2863 564 3008 619; x_wconf 80' lang='grc' dir='ltr'>είποι</span> <span class='ocrx_word' id='word_1_247' title='bbox 3029 582 3112 628; x_wconf 90' lang='grc' dir='ltr'>τις</span> <span class='ocrx_word' id='word_1_248' title='bbox 3144 564 3253 618; x_wconf 89' lang='grc' dir='ltr'>τῶν</span> <span class='ocrx_word' id='word_1_249' title='bbox 3278 564 3479 637; x_wconf 90' lang='grc' dir='ltr'>μελῶν,</span> <span class='ocrx_word' id='word_1_250' title='bbox 3516 567 3597 631; x_wconf 82' lang='grc' dir='ltr'>είς</span> <span class='ocrx_word' id='word_1_251' title='bbox 3625 568 3781 622; x_wconf 88' lang='grc' dir='ltr'>νόσον</span> 
     </span>
    </p>
   </div>
   <div class='ocr_carea' id='block_1_32' title="bbox 2102 651 3776 728">
    <p class='ocr_par' dir='ltr' id='par_1_32' title="bbox 2102 651 3776 728">
     <span class='ocr_line' id='line_1_32' title="bbox 2102 651 3776 728; baseline 0.001 -19"><span class='ocrx_word' id='word_1_252' title='bbox 2102 655 2364 726; x_wconf 76' lang='grc' dir='ltr'>ἐμπίπτει</span> <span class='ocrx_word' id='word_1_253' title='bbox 2395 654 2491 727; x_wconf 81' lang='grc' dir='ltr'>τὴν</span> <span class='ocrx_word' id='word_1_254' title='bbox 2534 654 2800 727; x_wconf 75' lang='grc' dir='ltr'>ἐσχάτηνο</span> <span class='ocrx_word' id='word_1_255' title='bbox 2850 653 3001 707; x_wconf 78' lang='grc' dir='ltr'>οὐδὲν</span> <span class='ocrx_word' id='word_1_256' title='bbox 3044 652 3103 706; x_wconf 83' lang='grc' dir='ltr'>δὲ</span> <span class='ocrx_word' id='word_1_257' title='bbox 3165 651 3360 716; x_wconf 75' lang='grc' dir='ltr'>οὕτως,</span> <span class='ocrx_word' id='word_1_258' title='bbox 3395 653 3472 719; x_wconf 78' lang='grc' dir='ltr'>ὡς</span> <span class='ocrx_word' id='word_1_259' title='bbox 3532 655 3565 725; x_wconf 78' lang='grc' dir='ltr'><strong>ἡ</strong></span> <span class='ocrx_word' id='word_1_260' title='bbox 3603 654 3776 728; x_wconf 72' lang='grc' dir='ltr'>ψυχή.</span> 
     </span>
    </p>
   </div>
   <div class='ocr_carea' id='block_1_33' title="bbox 2104 741 3782 817">
    <p class='ocr_par' dir='ltr' id='par_1_33' title="bbox 2104 741 3782 817">
     <span class='ocr_line' id='line_1_33' title="bbox 2104 741 3782 817; baseline 0.001 -20"><span class='ocrx_word' id='word_1_261' title='bbox 2104 744 2317 816; x_wconf 81' lang='grc' dir='ltr'>Ὠσπερ</span> <span class='ocrx_word' id='word_1_262' title='bbox 2361 744 2420 798; x_wconf 83' lang='grc' dir='ltr'>δὲ</span> <span class='ocrx_word' id='word_1_263' title='bbox 2449 743 2618 815; x_wconf 89' lang='grc' dir='ltr'>ἀργία</span> <span class='ocrx_word' id='word_1_264' title='bbox 2657 742 2848 804; x_wconf 81' lang='grc' dir='ltr'>κακὸν,</span> <span class='ocrx_word' id='word_1_265' title='bbox 2880 741 3020 796; x_wconf 76' lang='grc' dir='ltr'>οὕτω</span> <span class='ocrx_word' id='word_1_266' title='bbox 3049 741 3144 796; x_wconf 80' lang='grc' dir='ltr'>καὶ</span> <span class='ocrx_word' id='word_1_267' title='bbox 3176 743 3406 813; x_wconf 82' lang='grc' dir='ltr'>ἐργασία</span> <span class='ocrx_word' id='word_1_268' title='bbox 3434 745 3471 814; x_wconf 77' lang='grc' dir='ltr'><strong>ἠ</strong></span> <span class='ocrx_word' id='word_1_269' title='bbox 3499 743 3576 816; x_wconf 83' lang='grc' dir='ltr'>μὴ</span> <span class='ocrx_word' id='word_1_270' title='bbox 3609 762 3782 817; x_wconf 83' lang='grc' dir='ltr'>προσ-</span> 
     </span>
    </p>
   </div>
   <div class='ocr_carea' id='block_1_34' title="bbox 2104 828 3782 903">
    <p class='ocr_par' dir='ltr' id='par_1_34' title="bbox 2104 828 3782 903">
     <span class='ocr_line' id='line_1_34' title="bbox 2104 828 3782 903; baseline 0 -18"><span class='ocrx_word' id='word_1_271' title='bbox 2104 832 2332 903; x_wconf 89' lang='grc' dir='ltr'>ήκουσα.</span> <span class='ocrx_word' id='word_1_272' title='bbox 2373 829 2640 901; x_wconf 83' lang='grc' dir='ltr'>Καθάπερ</span> <span class='ocrx_word' id='word_1_273' title='bbox 2672 830 2780 900; x_wconf 83' lang='grc' dir='ltr'>γάρ</span> <span class='ocrx_word' id='word_1_274' title='bbox 2809 829 2968 892; x_wconf 77' lang='grc' dir='ltr'>εἴτις</span> <span class='ocrx_word' id='word_1_275' title='bbox 3000 829 3073 900; x_wconf 81' lang='grc' dir='ltr'>μὴ</span> <span class='ocrx_word' id='word_1_276' title='bbox 3112 828 3301 892; x_wconf 86' lang='grc' dir='ltr'>ἐσθίει,</span> <span class='ocrx_word' id='word_1_277' title='bbox 3343 832 3422 893; x_wconf 87' lang='grc' dir='ltr'>είς</span> <span class='ocrx_word' id='word_1_278' title='bbox 3458 831 3587 896; x_wconf 75' lang='grc' dir='ltr'>τοὺς</span> <span class='ocrx_word' id='word_1_279' title='bbox 3630 832 3782 886; x_wconf 88' lang='grc' dir='ltr'>ὀδόν-</span> 
     </span>
    </p>
   </div>
   <div class='ocr_carea' id='block_1_35' title="bbox 2103 915 3780 988">
    <p class='ocr_par' dir='ltr' id='par_1_35' title="bbox 2103 915 3780 988">
     <span class='ocr_line' id='line_1_35' title="bbox 2103 915 3780 988; baseline 0.001 -17"><span class='ocrx_word' id='word_1_280' title='bbox 2103 934 2203 981; x_wconf 86' lang='grc' dir='ltr'>τας</span> <span class='ocrx_word' id='word_1_281' title='bbox 2236 915 2553 987; x_wconf 87' lang='grc' dir='ltr'>βλάπτεται,</span> <span class='ocrx_word' id='word_1_282' title='bbox 2580 915 2682 971; x_wconf 82' lang='grc' dir='ltr'>κᾶν</span> <span class='ocrx_word' id='word_1_283' title='bbox 2710 915 2866 988; x_wconf 78' lang='grc' dir='ltr'>ἐσθίῃ</span> <span class='ocrx_word' id='word_1_284' title='bbox 2900 917 2968 970; x_wconf 78' lang='grc' dir='ltr'>τὰ</span> <span class='ocrx_word' id='word_1_285' title='bbox 2998 915 3074 988; x_wconf 85' lang='grc' dir='ltr'>μὴ</span> <span class='ocrx_word' id='word_1_286' title='bbox 3098 920 3461 988; x_wconf 84' lang='grc' dir='ltr'>προσήκοντα.</span> <span class='ocrx_word' id='word_1_287' title='bbox 3502 921 3646 971; x_wconf 85' lang='grc' dir='ltr'>ποιεί</span> <span class='ocrx_word' id='word_1_288' title='bbox 3678 920 3780 972; x_wconf 85' lang='grc' dir='ltr'>αύ-</span> 
     </span>
    </p>
   </div>
   <div class='ocr_carea' id='block_1_36' title="bbox 2103 1003 3779 1080">
    <p class='ocr_par' dir='ltr' id='par_1_36' title="bbox 2103 1003 3779 1080">
     <span class='ocr_line' id='line_1_36' title="bbox 2103 1003 3779 1080; baseline 0.001 -22"><span class='ocrx_word' id='word_1_289' title='bbox 2103 1005 2230 1069; x_wconf 85' lang='grc' dir='ltr'>τοὺς</span> <span class='ocrx_word' id='word_1_290' title='bbox 2265 1004 2558 1077; x_wconf 73' lang='grc' dir='ltr'>αἱμωδιᾷνο</span> <span class='ocrx_word' id='word_1_291' title='bbox 2595 1003 2737 1059; x_wconf 73' lang='grc' dir='ltr'>οὕτω</span> <span class='ocrx_word' id='word_1_292' title='bbox 2761 1004 2825 1076; x_wconf 85' lang='grc' dir='ltr'>δὴ</span> <span class='ocrx_word' id='word_1_293' title='bbox 2850 1005 2945 1058; x_wconf 75' lang='grc' dir='ltr'>καὶ</span> <span class='ocrx_word' id='word_1_294' title='bbox 2977 1004 3230 1068; x_wconf 80' lang='grc' dir='ltr'>ἐνταῦθα,</span> <span class='ocrx_word' id='word_1_295' title='bbox 3261 1004 3326 1058; x_wconf 85' lang='grc' dir='ltr'>άν</span> <span class='ocrx_word' id='word_1_296' title='bbox 3349 1023 3410 1059; x_wconf 91' lang='grc' dir='ltr'>τε</span> <span class='ocrx_word' id='word_1_297' title='bbox 3446 1005 3521 1078; x_wconf 80' lang='grc' dir='ltr'>μὴ</span> <span class='ocrx_word' id='word_1_298' title='bbox 3538 1008 3779 1080; x_wconf 81' lang='grc' dir='ltr'>ἐργάζη-</span> 
     </span>
    </p>
   </div>
   <div class='ocr_carea' id='block_1_37' title="bbox 2104 1092 3786 1165">
    <p class='ocr_par' dir='ltr' id='par_1_37' title="bbox 2104 1092 3786 1165">
     <span class='ocr_line' id='line_1_37' title="bbox 2104 1092 3786 1165; baseline 0.002 -18"><span class='ocrx_word' id='word_1_299' title='bbox 2104 1111 2215 1159; x_wconf 90' lang='grc' dir='ltr'>ται,</span> <span class='ocrx_word' id='word_1_300' title='bbox 2248 1092 2314 1147; x_wconf 84' lang='grc' dir='ltr'>ἀν</span> <span class='ocrx_word' id='word_1_301' title='bbox 2343 1108 2403 1146; x_wconf 90' lang='grc' dir='ltr'>τε</span> <span class='ocrx_word' id='word_1_302' title='bbox 2449 1092 2747 1165; x_wconf 80' lang='grc' dir='ltr'>ἐργάζηται</span> <span class='ocrx_word' id='word_1_303' title='bbox 2794 1092 2864 1147; x_wconf 86' lang='grc' dir='ltr'>τὰ</span> <span class='ocrx_word' id='word_1_304' title='bbox 2913 1093 2987 1164; x_wconf 82' lang='grc' dir='ltr'>μὴ</span> <span class='ocrx_word' id='word_1_305' title='bbox 3028 1094 3395 1165; x_wconf 83' lang='grc' dir='ltr'>προσήκοντα,</span> <span class='ocrx_word' id='word_1_306' title='bbox 3424 1094 3525 1164; x_wconf 83' lang='grc' dir='ltr'>τὴν</span> <span class='ocrx_word' id='word_1_307' title='bbox 3570 1096 3786 1151; x_wconf 77' lang='grc' dir='ltr'>οἰκείαν</span> 
     </span>
    </p>
   </div>
   <div class='ocr_carea' id='block_1_38' title="bbox 2104 1178 3782 1252">
    <p class='ocr_par' dir='ltr' id='par_1_38' title="bbox 2104 1178 3782 1252">
     <span class='ocr_line' id='line_1_38' title="bbox 2104 1178 3782 1252; baseline 0.002 -17"><span class='ocrx_word' id='word_1_308' title='bbox 2104 1178 2398 1235; x_wconf 87' lang='grc' dir='ltr'>ἀπόλλυσιν</span> <span class='ocrx_word' id='word_1_309' title='bbox 2433 1179 2605 1250; x_wconf 74' lang='grc' dir='ltr'>ἰσχύν.</span> <span class='ocrx_word' id='word_1_310' title='bbox 2638 1180 2849 1236; x_wconf 77' lang='grc' dir='ltr'>Οὐκοῦν</span> <span class='ocrx_word' id='word_1_311' title='bbox 2894 1182 3179 1251; x_wconf 89' lang='grc' dir='ltr'>ἀμφότερα</span> <span class='ocrx_word' id='word_1_312' title='bbox 3209 1181 3432 1252; x_wconf 81' lang='grc' dir='ltr'>φεύγειν</span> <span class='ocrx_word' id='word_1_313' title='bbox 3466 1183 3782 1250; x_wconf 81' lang='grc' dir='ltr'>σπουδάζω-</span> 
     </span>
    </p>
   </div>
   <div class='ocr_carea' id='block_1_39' title="bbox 2110 1268 3776 1343">
    <p class='ocr_par' dir='ltr' id='par_1_39' title="bbox 2110 1268 3776 1343">
     <span class='ocr_line' id='line_1_39' title="bbox 2110 1268 3776 1343; baseline 0.002 -20"><span class='ocrx_word' id='word_1_314' title='bbox 2110 1284 2231 1338; x_wconf 87' lang='grc' dir='ltr'>μεν,</span> <span class='ocrx_word' id='word_1_315' title='bbox 2280 1268 2375 1321; x_wconf 74' lang='grc' dir='ltr'>καὶ</span> <span class='ocrx_word' id='word_1_316' title='bbox 2420 1268 2616 1339; x_wconf 90' lang='grc' dir='ltr'>ἀργίαν</span> <span class='ocrx_word' id='word_1_317' title='bbox 2652 1268 2747 1322; x_wconf 78' lang='grc' dir='ltr'>καὶ</span> <span class='ocrx_word' id='word_1_318' title='bbox 2796 1269 3059 1341; x_wconf 80' lang='grc' dir='ltr'>ἐργασίαν</span> <span class='ocrx_word' id='word_1_319' title='bbox 3109 1270 3307 1340; x_wconf 87' lang='grc' dir='ltr'>ἀργίας</span> <span class='ocrx_word' id='word_1_320' title='bbox 3361 1271 3776 1343; x_wconf 78' lang='grc' dir='ltr'>χαλεπωτέραν.</span> 
     </span>
    </p>
   </div>
   <div class='ocr_carea' id='block_1_40' title="bbox 2107 1353 3783 1430">
    <p class='ocr_par' dir='ltr' id='par_1_40' title="bbox 2107 1353 3783 1430">
     <span class='ocr_line' id='line_1_40' title="bbox 2107 1353 3783 1430; baseline 0.002 -20"><span class='ocrx_word' id='word_1_321' title='bbox 2107 1356 2245 1410; x_wconf 92' lang='grc' dir='ltr'>Ποία</span> <span class='ocrx_word' id='word_1_322' title='bbox 2294 1356 2353 1409; x_wconf 83' lang='grc' dir='ltr'>δὲ</span> <span class='ocrx_word' id='word_1_323' title='bbox 2397 1353 2535 1426; x_wconf 73' lang='grc' dir='ltr'>αὕτη</span> <span class='ocrx_word' id='word_1_324' title='bbox 2590 1356 2738 1421; x_wconf 87' lang='grc' dir='ltr'>ἐστί;</span> <span class='ocrx_word' id='word_1_325' title='bbox 2791 1356 3120 1425; x_wconf 80' lang='grc' dir='ltr'>Πλεονεξίαι,</span> <span class='ocrx_word' id='word_1_326' title='bbox 3152 1358 3341 1430; x_wconf 86' lang='grc' dir='ltr'>θυμὸς,</span> <span class='ocrx_word' id='word_1_327' title='bbox 3372 1358 3679 1429; x_wconf 88' lang='grc' dir='ltr'>βασκανίαι,</span> <span class='ocrx_word' id='word_1_328' title='bbox 3709 1359 3783 1413; x_wconf 78' lang='grc' dir='ltr'>τά</span> 
     </span>
    </p>
   </div>
   <div class='ocr_carea' id='block_1_41' title="bbox 2109 1442 3783 1519">
    <p class='ocr_par' dir='ltr' id='par_1_41' title="bbox 2109 1442 3783 1519">
     <span class='ocr_line' id='line_1_41' title="bbox 2109 1442 3783 1519; baseline 0.002 -21"><span class='ocrx_word' id='word_1_329' title='bbox 2109 1443 2270 1498; x_wconf 87' lang='grc' dir='ltr'>λοιπά</span> <span class='ocrx_word' id='word_1_330' title='bbox 2300 1443 2410 1497; x_wconf 90' lang='grc' dir='ltr'>τῶν</span> <span class='ocrx_word' id='word_1_331' title='bbox 2448 1442 2655 1499; x_wconf 86' lang='grc' dir='ltr'>παθῶν.</span> <span class='ocrx_word' id='word_1_332' title='bbox 2699 1444 2787 1497; x_wconf 86' lang='grc' dir='ltr'>Ἐν</span> <span class='ocrx_word' id='word_1_333' title='bbox 2814 1445 3023 1511; x_wconf 85' lang='grc' dir='ltr'>τούτοις</span> <span class='ocrx_word' id='word_1_334' title='bbox 3061 1447 3162 1519; x_wconf 82' lang='grc' dir='ltr'>τὴν</span> <span class='ocrx_word' id='word_1_335' title='bbox 3192 1447 3390 1519; x_wconf 86' lang='grc' dir='ltr'>ἀργίαν</span> <span class='ocrx_word' id='word_1_336' title='bbox 3435 1447 3783 1518; x_wconf 81' lang='grc' dir='ltr'>μεταδιώκω-</span> 
     </span>
    </p>
   </div>
   <div class='ocr_carea' id='block_1_42' title="bbox 2115 1531 3779 1606">
    <p class='ocr_par' dir='ltr' id='par_1_42' title="bbox 2115 1531 3779 1606">
     <span class='ocr_line' id='line_1_42' title="bbox 2115 1531 3779 1606; baseline 0.002 -19"><span class='ocrx_word' id='word_1_337' title='bbox 2115 1549 2238 1605; x_wconf 89' lang='grc' dir='ltr'>μεν,</span> <span class='ocrx_word' id='word_1_338' title='bbox 2269 1532 2356 1586; x_wconf 76' lang='grc' dir='ltr'>ἵνα</span> <span class='ocrx_word' id='word_1_339' title='bbox 2393 1531 2500 1586; x_wconf 89' lang='grc' dir='ltr'>τῶν</span> <span class='ocrx_word' id='word_1_340' title='bbox 2528 1531 2954 1602; x_wconf 82' lang='grc' dir='ltr'>ἐπηγγελμένων</span> <span class='ocrx_word' id='word_1_341' title='bbox 2995 1535 3127 1606; x_wconf 77' lang='grc' dir='ltr'>ἡμῖν</span> <span class='ocrx_word' id='word_1_342' title='bbox 3175 1534 3394 1603; x_wconf 81' lang='grc' dir='ltr'>ἀγαθῶν</span> <span class='ocrx_word' id='word_1_343' title='bbox 3435 1535 3690 1606; x_wconf 87' lang='grc' dir='ltr'>τύχωμεν</span> <span class='ocrx_word' id='word_1_344' title='bbox 3715 1539 3731 1556; x_wconf 87' lang='grc'><strong>⁹</strong></span> <span class='ocrx_word' id='word_1_345' title='bbox 3762 1577 3779 1600; x_wconf 94' lang='grc'>,</span> 
     </span>
    </p>
   </div>
   <div class='ocr_carea' id='block_1_43' title="bbox 2114 1619 3781 1695">
    <p class='ocr_par' dir='ltr' id='par_1_43' title="bbox 2114 1619 3781 1695">
     <span class='ocr_line' id='line_1_43' title="bbox 2114 1619 3781 1695; baseline 0 -19"><span class='ocrx_word' id='word_1_346' title='bbox 2114 1621 2293 1693; x_wconf 83' lang='grc' dir='ltr'>χάριτι</span> <span class='ocrx_word' id='word_1_347' title='bbox 2320 1621 2413 1674; x_wconf 76' lang='grc' dir='ltr'>καὶ</span> <span class='ocrx_word' id='word_1_348' title='bbox 2437 1619 2815 1692; x_wconf 81' lang='grc' dir='ltr'>φιλανθρωπίᾳ</span> <span class='ocrx_word' id='word_1_349' title='bbox 2843 1620 2937 1673; x_wconf 83' lang='grc' dir='ltr'>τοῦ</span> <span class='ocrx_word' id='word_1_350' title='bbox 2972 1620 3176 1694; x_wconf 86' lang='grc' dir='ltr'>Κυρίου</span> <span class='ocrx_word' id='word_1_351' title='bbox 3221 1622 3379 1693; x_wconf 84' lang='grc' dir='ltr'>ἡμῶν</span> <span class='ocrx_word' id='word_1_352' title='bbox 3412 1621 3586 1693; x_wconf 86' lang='grc' dir='ltr'>Ἰησοῦ</span> <span class='ocrx_word' id='word_1_353' title='bbox 3643 1624 3781 1695; x_wconf 71' lang='grc' dir='ltr'>Χρισ-</span> 
     </span>
    </p>
   </div>
   <div class='ocr_carea' id='block_1_44' title="bbox 2117 1701 3780 1781">
    <p class='ocr_par' dir='ltr' id='par_1_44' title="bbox 2117 1701 3780 1781">
     <span class='ocr_line' id='line_1_44' title="bbox 2117 1701 3780 1781; baseline 0.002 -19"><span class='ocrx_word' id='word_1_354' title='bbox 2117 1706 2266 1774; x_wconf 79' lang='grc' dir='ltr'>στοῢ,</span> <span class='ocrx_word' id='word_1_355' title='bbox 2299 1707 2420 1779; x_wconf 77' lang='grc' dir='ltr'>μεθ’</span> <span class='ocrx_word' id='word_1_356' title='bbox 2446 1701 2508 1762; x_wconf 75' lang='grc' dir='ltr'>οὗ</span> <span class='ocrx_word' id='word_1_357' title='bbox 2536 1706 2614 1778; x_wconf 83' lang='grc' dir='ltr'>τῷ</span> <span class='ocrx_word' id='word_1_358' title='bbox 2645 1708 2821 1779; x_wconf 74' lang='grc' dir='ltr'>Πατρὶ</span> <span class='ocrx_word' id='word_1_359' title='bbox 2861 1706 2976 1780; x_wconf 72' lang='grc' dir='ltr'>ἅμα</span> <span class='ocrx_word' id='word_1_360' title='bbox 3031 1708 3107 1779; x_wconf 81' lang='grc' dir='ltr'>τῷ</span> <span class='ocrx_word' id='word_1_361' title='bbox 3146 1709 3286 1781; x_wconf 81' lang='grc' dir='ltr'>ἁγίῳ</span> <span class='ocrx_word' id='word_1_362' title='bbox 3319 1709 3595 1781; x_wconf 90' lang='grc' dir='ltr'>Πνεύματι</span> <span class='ocrx_word' id='word_1_363' title='bbox 3635 1710 3780 1776; x_wconf 80' lang='grc' dir='ltr'>δόξα,</span> 
     </span>
    </p>
   </div>
   <div class='ocr_carea' id='block_1_45' title="bbox 2117 1793 3785 1868">
    <p class='ocr_par' dir='ltr' id='par_1_45' title="bbox 2117 1793 3785 1868">
     <span class='ocr_line' id='line_1_45' title="bbox 2117 1793 3785 1868; baseline 0.003 -20"><span class='ocrx_word' id='word_1_364' title='bbox 2117 1797 2335 1868; x_wconf 86' lang='grc' dir='ltr'>κράτος,</span> <span class='ocrx_word' id='word_1_365' title='bbox 2362 1794 2517 1866; x_wconf 87' lang='grc' dir='ltr'>τιμὴ.</span> <span class='ocrx_word' id='word_1_366' title='bbox 2548 1793 2643 1849; x_wconf 84' lang='grc' dir='ltr'>νῦν</span> <span class='ocrx_word' id='word_1_367' title='bbox 2690 1797 2782 1850; x_wconf 78' lang='grc' dir='ltr'>καὶ</span> <span class='ocrx_word' id='word_1_368' title='bbox 2828 1797 2935 1864; x_wconf 72' lang='grc' dir='ltr'>ἀεὶ,</span> <span class='ocrx_word' id='word_1_369' title='bbox 2978 1797 3073 1851; x_wconf 67' lang='grc' dir='ltr'>καὶ</span> <span class='ocrx_word' id='word_1_370' title='bbox 3132 1799 3211 1861; x_wconf 87' lang='grc' dir='ltr'>είς</span> <span class='ocrx_word' id='word_1_371' title='bbox 3258 1798 3383 1863; x_wconf 73' lang='grc' dir='ltr'>τοὺς</span> <span class='ocrx_word' id='word_1_372' title='bbox 3430 1797 3628 1863; x_wconf 70' lang='grc' dir='ltr'>αἰῶνα..</span> <span class='ocrx_word' id='word_1_373' title='bbox 3676 1799 3785 1855; x_wconf 87' lang='grc' dir='ltr'>τῶν</span> 
     </span>
    </p>
   </div>
   <div class='ocr_carea' id='block_1_46' title="bbox 2117 1882 2577 1954">
    <p class='ocr_par' dir='ltr' id='par_1_46' title="bbox 2117 1882 2577 1954">
     <span class='ocr_line' id='line_1_46' title="bbox 2117 1882 2577 1954; baseline 0 -16"><span class='ocrx_word' id='word_1_374' title='bbox 2117 1882 2349 1939; x_wconf 79' lang='grc' dir='ltr'>αίώνων.</span> <span class='ocrx_word' id='word_1_375' title='bbox 2386 1883 2577 1954; x_wconf 77' lang='grc' dir='ltr'>Ἀμήν.</span> 
     </span>
    </p>
   </div>
   <div class='ocr_carea' id='block_1_47' title="bbox 2181 2010 3791 2093">
    <p class='ocr_par' dir='ltr' id='par_1_47' title="bbox 2181 2010 3791 2093">
     <span class='ocr_line' id='line_1_47' title="bbox 2181 2010 3791 2093; baseline 0 -31"><span class='ocrx_word' id='word_1_376' title='bbox 2181 2010 2203 2032; x_wconf 84' lang='lat'><strong><em>‘</em></strong></span> <span class='ocrx_word' id='word_1_377' title='bbox 2242 2011 2326 2093; x_wconf 51' lang='lat' dir='ltr'>Sic</span> <span class='ocrx_word' id='word_1_378' title='bbox 2366 2012 2536 2089; x_wconf 58' lang='lat' dir='ltr'>opllmi</span> <span class='ocrx_word' id='word_1_379' title='bbox 2580 2012 2722 2093; x_wconf 52' lang='lat' dir='ltr'><strong>906d.</strong></span> <span class='ocrx_word' id='word_1_380' title='bbox 2768 2011 2938 2087; x_wconf 71' lang='lat' dir='ltr'><strong>Equi:</strong></span> <span class='ocrx_word' id='word_1_381' title='bbox 2984 2012 3191 2093; x_wconf 63' lang='grc' dir='ltr'>Ποίαν..</span> <span class='ocrx_word' id='word_1_382' title='bbox 3225 2012 3358 2093; x_wconf 54' lang='grc' dir='ltr'>ἐστίς</span> <span class='ocrx_word' id='word_1_383' title='bbox 3390 2014 3666 2093; x_wconf 65' lang='grc' dir='ltr'>Πλερνεξὶα,</span> <span class='ocrx_word' id='word_1_384' title='bbox 3710 2013 3791 2062; x_wconf 84' lang='grc' dir='ltr'>θυ-</span> 
     </span>
    </p>
   </div>
   <div class='ocr_carea' id='block_1_48' title="bbox 2154 2075 3789 2212">
    <p class='ocr_par' dir='ltr' id='par_1_48' title="bbox 2154 2075 3789 2212">
     <span class='ocr_line' id='line_1_48' title="bbox 2154 2075 3785 2137; baseline 0.001 -15"><span class='ocrx_word' id='word_1_385' title='bbox 2154 2075 2225 2131; x_wconf 78' lang='grc' dir='ltr'>ὸς,</span> <span class='ocrx_word' id='word_1_386' title='bbox 2274 2075 2530 2137; x_wconf 79' lang='grc' dir='ltr'>βασκανία,</span> <span class='ocrx_word' id='word_1_387' title='bbox 2578 2075 2742 2136; x_wconf 74' lang='grc' dir='ltr'>ἔριδες,</span> <span class='ocrx_word' id='word_1_388' title='bbox 2787 2075 2938 2137; x_wconf 81' lang='grc' dir='ltr'>φόνοι,</span> <span class='ocrx_word' id='word_1_389' title='bbox 2984 2077 3133 2134; x_wconf 78' lang='grc' dir='ltr'>ζῆλοι,</span> <span class='ocrx_word' id='word_1_390' title='bbox 3176 2077 3259 2124; x_wconf 84' lang='grc' dir='ltr'>καὶ</span> <span class='ocrx_word' id='word_1_391' title='bbox 3299 2077 3358 2125; x_wconf 83' lang='grc' dir='ltr'>τὰ</span> <span class='ocrx_word' id='word_1_392' title='bbox 3396 2077 3637 2125; x_wconf 78' lang='grc' dir='ltr'>ὑπόλοιπα</span> <span class='ocrx_word' id='word_1_393' title='bbox 3686 2091 3785 2124; x_wconf 84' lang='grc' dir='ltr'>των</span> 
     </span>
     <span class='ocr_line' id='line_1_49' title="bbox 2154 2135 3789 2212; baseline 0.001 -29"><span class='ocrx_word' id='word_1_394' title='bbox 2154 2137 2393 2212; x_wconf 62' lang='grc' dir='ltr'>καθεκτῶν</span> <span class='ocrx_word' id='word_1_395' title='bbox 2458 2137 2641 2212; x_wconf 67' lang='grc' dir='ltr'>παθῶν.</span> <span class='ocrx_word' id='word_1_396' title='bbox 2686 2135 2788 2212; x_wconf 38' lang='lat' dir='ltr'>“’Ev.</span> <span class='ocrx_word' id='word_1_397' title='bbox 2824 2137 3008 2212; x_wconf 66' lang='grc' dir='ltr'>τούτοις</span> <span class='ocrx_word' id='word_1_398' title='bbox 3052 2137 3300 2212; x_wconf 61' lang='grc' dir='ltr'>ὀφείλομεν</span> <span class='ocrx_word' id='word_1_399' title='bbox 3324 2199 3335 2212; x_wconf 42' lang='lat'><strong><em>.</em></strong></span> <span class='ocrx_word' id='word_1_400' title='bbox 3363 2138 3451 2212; x_wconf 60' lang='grc' dir='ltr'>τῆγ</span> <span class='ocrx_word' id='word_1_401' title='bbox 3497 2138 3662 2201; x_wconf 85' lang='grc' dir='ltr'>ἀργίαν</span> <span class='ocrx_word' id='word_1_402' title='bbox 3691 2153 3789 2212; x_wconf 58' lang='grc' dir='ltr'>με·</span> 
     </span>
    </p>
   </div>
   <div class='ocr_carea' id='block_1_49' title="bbox 2118 2198 3774 2272">
    <p class='ocr_par' dir='ltr' id='par_1_49' title="bbox 2118 2198 3774 2272">
     <span class='ocr_line' id='line_1_50' title="bbox 2118 2198 3774 2272; baseline 0.001 -28"><span class='ocrx_word' id='word_1_403' title='bbox 2118 2198 2386 2272; x_wconf 57' lang='grc' dir='ltr'>ταδιώκειν,</span> <span class='ocrx_word' id='word_1_404' title='bbox 2432 2198 2513 2272; x_wconf 49' lang='grc' dir='ltr'>καὶ</span> <span class='ocrx_word' id='word_1_405' title='bbox 2540 2199 2627 2256; x_wconf 84' lang='grc' dir='ltr'>τὴν</span> <span class='ocrx_word' id='word_1_406' title='bbox 2650 2199 2747 2272; x_wconf 73' lang='grc' dir='ltr'>τῶν</span> <span class='ocrx_word' id='word_1_407' title='bbox 2767 2199 2947 2272; x_wconf 63' lang='grc' dir='ltr'>ἀρετῶν</span> <span class='ocrx_word' id='word_1_408' title='bbox 2988 2198 3352 2272; x_wconf 59' lang='grc' dir='ltr'>ἐργασίανμετὸι</span> <span class='ocrx_word' id='word_1_409' title='bbox 3368 2198 3543 2272; x_wconf 35' lang='grc' dir='ltr'>,πάσης</span> <span class='ocrx_word' id='word_1_410' title='bbox 3562 2198 3774 2272; x_wconf 61' lang='grc' dir='ltr'>σςιιουδῆς</span> 
     </span>
    </p>
   </div>
   <div class='ocr_carea' id='block_1_50' title="bbox 2123 2258 3785 2369">
    <p class='ocr_par' dir='ltr' id='par_1_50' title="bbox 2123 2258 3785 2369">
     <span class='ocr_line' id='line_1_51' title="bbox 2123 2258 3785 2369; baseline -0.001 -62"><span class='ocrx_word' id='word_1_411' title='bbox 2123 2258 2397 2369; x_wconf 47' lang='lat' dir='ltr'>agitem:</span> <span class='ocrx_word' id='word_1_412' title='bbox 2415 2294 2431 2318; x_wconf 85' lang='lat'><strong>,</strong></span> <span class='ocrx_word' id='word_1_413' title='bbox 2491 2258 2569 2311; x_wconf 79' lang='grc' dir='ltr'>ἵνα</span> <span class='ocrx_word' id='word_1_414' title='bbox 2617 2261 2699 2309; x_wconf 83' lang='grc' dir='ltr'>καὶ</span> <span class='ocrx_word' id='word_1_415' title='bbox 2746 2258 2842 2308; x_wconf 85' lang='grc' dir='ltr'>τῶν</span> <span class='ocrx_word' id='word_1_416' title='bbox 2891 2258 3030 2322; x_wconf 69' lang='grc' dir='ltr'>ἐπηγ.</span> <span class='ocrx_word' id='word_1_417' title='bbox 3052 2258 3188 2322; x_wconf 70' lang='grc' dir='ltr'>ημῖν</span> <span class='ocrx_word' id='word_1_418' title='bbox 3232 2258 3426 2322; x_wconf 78' lang='grc' dir='ltr'>ἀγαθῶν</span> <span class='ocrx_word' id='word_1_419' title='bbox 3472 2261 3785 2323; x_wconf 82' lang='grc' dir='ltr'>ἐπιτύχωμεν.</span> 
     </span>
    </p>
   </div>
   <div class='ocr_carea' id='block_1_51' title="bbox 3455 2475 3687 2488">
    <p class='ocr_par' dir='ltr' id='par_1_51' title="bbox 3455 2475 3687 2488">
     <span class='ocr_line' id='line_1_52' title="bbox 3455 2475 3687 2488; baseline 0.009 -3"><span class='ocrx_word' id='word_1_420' title='bbox 3455 2475 3687 2488; x_wconf 58' lang='grc' dir='ltr'>--ο--αη</span> 
     </span>
    </p>
   </div>
   <div class='ocr_carea' id='block_1_52' title="bbox 1879 2567 2305 2637">
    <p class='ocr_par' dir='ltr' id='par_1_52' title="bbox 1879 2567 2305 2637">
     <span class='ocr_line' id='line_1_53' title="bbox 1879 2567 2305 2637; baseline 0.002 -13"><span class='ocrx_word' id='word_1_421' title='bbox 1879 2568 2128 2624; x_wconf 80' lang='lat' dir='ltr'>OMIAIA</span> <span class='ocrx_word' id='word_1_422' title='bbox 2165 2567 2305 2637; x_wconf 72' lang='grc' dir='ltr'>Ασν.</span> 
     </span>
    </p>
   </div>
   <div class='ocr_carea' id='block_1_53' title="bbox 344 2665 2019 2742">
    <p class='ocr_par' dir='ltr' id='par_1_53' title="bbox 344 2665 2019 2742">
     <span class='ocr_line' id='line_1_54' title="bbox 344 2665 2019 2742; baseline -0.004 -18"><span class='ocrx_word' id='word_1_423' title='bbox 344 2668 508 2742; x_wconf 67' lang='lat' dir='ltr'>Kaqu</span> <span class='ocrx_word' id='word_1_424' title='bbox 542 2665 611 2720; x_wconf 80' lang='grc' dir='ltr'>δὲ</span> <span class='ocrx_word' id='word_1_425' title='bbox 639 2665 1130 2742; x_wconf 49' lang='grc' dir='ltr'>τό-μεσονύκτιον</span> <span class='ocrx_word' id='word_1_426' title='bbox 1156 2666 1397 2742; x_wconf 83' lang='grc' dir='ltr'>Παῦλος</span> <span class='ocrx_word' id='word_1_427' title='bbox 1420 2665 1528 2742; x_wconf 35' lang='grc' dir='ltr'>,καί</span> <span class='ocrx_word' id='word_1_428' title='bbox 1557 2665 1740 2742; x_wconf 57' lang='grc' dir='ltr'>Σίλας</span> <span class='ocrx_word' id='word_1_429' title='bbox 1763 2677 2019 2742; x_wconf 63' lang='grc' dir='ltr'>προσευ-</span> 
     </span>
    </p>
   </div>
   <div class='ocr_carea' id='block_1_54' title="bbox 414 2733 2020 2808">
    <p class='ocr_par' dir='ltr' id='par_1_54' title="bbox 414 2733 2020 2808">
     <span class='ocr_line' id='line_1_55' title="bbox 414 2733 2020 2808; baseline -0.004 -17"><span class='ocrx_word' id='word_1_430' title='bbox 414 2739 658 2808; x_wconf 82' lang='grc' dir='ltr'>χόμενοι</span> <span class='ocrx_word' id='word_1_431' title='bbox 694 2733 928 2806; x_wconf 80' lang='grc' dir='ltr'>ὕμνουν</span> <span class='ocrx_word' id='word_1_432' title='bbox 953 2737 1060 2792; x_wconf 86' lang='grc' dir='ltr'>τὸν</span> <span class='ocrx_word' id='word_1_433' title='bbox 1088 2739 1265 2793; x_wconf 84' lang='grc' dir='ltr'>Θεόν·</span> <span class='ocrx_word' id='word_1_434' title='bbox 1294 2733 2020 2808; x_wconf 68' lang='grc' dir='ltr'>καίέπηκροῶντοαῦτῶν</span> 
     </span>
    </p>
   </div>
   <div class='ocr_carea' id='block_1_55' title="bbox 416 2804 2014 2878">
    <p class='ocr_par' dir='ltr' id='par_1_55' title="bbox 416 2804 2014 2878">
     <span class='ocr_line' id='line_1_56' title="bbox 416 2804 2014 2878; baseline 0 -17"><span class='ocrx_word' id='word_1_435' title='bbox 416 2804 499 2878; x_wconf 57' lang='grc' dir='ltr'>δί’</span> <span class='ocrx_word' id='word_1_436' title='bbox 526 2804 780 2877; x_wconf 81' lang='grc' dir='ltr'>δέσμιοι.</span> <span class='ocrx_word' id='word_1_437' title='bbox 850 2808 1044 2878; x_wconf 69' lang='grc' dir='ltr'>Ἄφνω</span> <span class='ocrx_word' id='word_1_438' title='bbox 1100 2808 1169 2863; x_wconf 77' lang='grc' dir='ltr'>δὲ</span> <span class='ocrx_word' id='word_1_439' title='bbox 1230 2804 1521 2878; x_wconf 7' lang='grc' dir='ltr'>σεισμὸςγ</span> <span class='ocrx_word' id='word_1_440' title='bbox 1542 2804 1778 2878; x_wconf 74' lang='grc' dir='ltr'>ἐγένετο</span> <span class='ocrx_word' id='word_1_441' title='bbox 1810 2804 2014 2878; x_wconf 72' lang='grc' dir='ltr'>μέγας.</span> 
     </span>
    </p>
   </div>
   <div class='ocr_carea' id='block_1_56' title="bbox 416 2873 2014 2954">
    <p class='ocr_par' dir='ltr' id='par_1_56' title="bbox 416 2873 2014 2954">
     <span class='ocr_line' id='line_1_57' title="bbox 416 2873 2014 2954; baseline -0.005 -19"><span class='ocrx_word' id='word_1_442' title='bbox 416 2876 571 2954; x_wconf 71' lang='grc' dir='ltr'>ᾤστε</span> <span class='ocrx_word' id='word_1_443' title='bbox 597 2873 974 2954; x_wconf 64' lang='grc' dir='ltr'>οξαλευθῆναι</span> <span class='ocrx_word' id='word_1_444' title='bbox 1005 2880 1079 2933; x_wconf 84' lang='grc' dir='ltr'>τὰ</span> <span class='ocrx_word' id='word_1_445' title='bbox 1115 2873 1384 2954; x_wconf 64' lang='grc' dir='ltr'>θεμέλια⁷</span> <span class='ocrx_word' id='word_1_446' title='bbox 1410 2876 1538 2954; x_wconf 44' lang='grc' dir='ltr'>τοῦ.</span> <span class='ocrx_word' id='word_1_447' title='bbox 1577 2873 2014 2954; x_wconf 58' lang='grc' dir='ltr'>δεσμωτηρίους</span> 
     </span>
    </p>
   </div>
   <div class='ocr_carea' id='block_1_57' title="bbox 414 2942 2019 3017">
    <p class='ocr_par' dir='ltr' id='par_1_57' title="bbox 414 2942 2019 3017">
     <span class='ocr_line' id='line_1_58' title="bbox 414 2942 2019 3017; baseline -0.004 -15"><span class='ocrx_word' id='word_1_448' title='bbox 414 2947 821 3017; x_wconf 17' lang='grc' dir='ltr'>ἀνεῴχθησαν,</span> <span class='ocrx_word' id='word_1_449' title='bbox 854 2942 918 3002; x_wconf 76' lang='grc' dir='ltr'>τε</span> <span class='ocrx_word' id='word_1_450' title='bbox 951 2942 1316 3017; x_wconf 81' lang='grc' dir='ltr'>παραχρῆμα</span> <span class='ocrx_word' id='word_1_451' title='bbox 1361 2950 1422 3002; x_wconf 84' lang='lat' dir='ltr'>al</span> <span class='ocrx_word' id='word_1_452' title='bbox 1468 2947 1638 3015; x_wconf 81' lang='grc' dir='ltr'>θύραι</span> <span class='ocrx_word' id='word_1_453' title='bbox 1668 2942 1883 3010; x_wconf 83' lang='grc' dir='ltr'>πᾶσαι,</span> <span class='ocrx_word' id='word_1_454' title='bbox 1919 2942 2019 2998; x_wconf 80' lang='grc' dir='ltr'>καὶ</span> 
     </span>
    </p>
   </div>
   <div class='ocr_carea' id='block_1_58' title="bbox 417 3015 1232 3087">
    <p class='ocr_par' dir='ltr' id='par_1_58' title="bbox 417 3015 1232 3087">
     <span class='ocr_line' id='line_1_59' title="bbox 417 3015 1232 3087; baseline 0.001 -15"><span class='ocrx_word' id='word_1_455' title='bbox 417 3015 662 3072; x_wconf 82' lang='grc' dir='ltr'>πάντων</span> <span class='ocrx_word' id='word_1_456' title='bbox 698 3018 772 3070; x_wconf 86' lang='grc' dir='ltr'>τὰ</span> <span class='ocrx_word' id='word_1_457' title='bbox 796 3015 990 3087; x_wconf 85' lang='grc' dir='ltr'>δεσμὰ</span> <span class='ocrx_word' id='word_1_458' title='bbox 1026 3015 1232 3085; x_wconf 77' lang='grc' dir='ltr'>ἀνέθη.</span> 
     </span>
    </p>
   </div>
   <div class='ocr_carea' id='block_1_59' title="bbox 418 3114 2020 3190">
    <p class='ocr_par' dir='ltr' id='par_1_59' title="bbox 418 3114 2020 3190">
     <span class='ocr_line' id='line_1_60' title="bbox 418 3114 2020 3190; baseline -0.005 -14"><span class='ocrx_word' id='word_1_459' title='bbox 418 3121 560 3177; x_wconf 81' lang='grc' dir='ltr'>α’.Τί</span> <span class='ocrx_word' id='word_1_460' title='bbox 577 3119 781 3174; x_wconf 88' lang='grc' dir='ltr'>τούτων</span> <span class='ocrx_word' id='word_1_461' title='bbox 803 3120 915 3173; x_wconf 84' lang='grc' dir='ltr'>ίσον</span> <span class='ocrx_word' id='word_1_462' title='bbox 937 3119 1131 3189; x_wconf 83' lang='grc' dir='ltr'>γένοιτ’</span> <span class='ocrx_word' id='word_1_463' title='bbox 1149 3120 1213 3173; x_wconf 81' lang='grc' dir='ltr'>ἂν</span> <span class='ocrx_word' id='word_1_464' title='bbox 1230 3119 1335 3173; x_wconf 89' lang='grc' dir='ltr'>τῶν</span> <span class='ocrx_word' id='word_1_465' title='bbox 1350 3118 1536 3190; x_wconf 77' lang='grc' dir='ltr'>ψυχῶν</span> <span class='ocrx_word' id='word_1_466' title='bbox 1551 3135 1565 3185; x_wconf 92' lang='grc'>;</span> <span class='ocrx_word' id='word_1_467' title='bbox 1583 3114 2020 3186; x_wconf 84' lang='grc' dir='ltr'>Ἐμαστίχθησαν</span> 
     </span>
    </p>
   </div>
   <div class='ocr_carea' id='block_1_60' title="bbox 347 3204 2020 3279">
    <p class='ocr_par' dir='ltr' id='par_1_60' title="bbox 347 3204 2020 3279">
     <span class='ocr_line' id='line_1_61' title="bbox 347 3204 2020 3279; baseline -0.004 -16"><span class='ocrx_word' id='word_1_468' title='bbox 347 3207 549 3271; x_wconf 75' lang='grc' dir='ltr'>πολλὰς</span> <span class='ocrx_word' id='word_1_469' title='bbox 578 3206 791 3278; x_wconf 77' lang='grc' dir='ltr'>πληγὰς</span> <span class='ocrx_word' id='word_1_470' title='bbox 809 3207 1086 3273; x_wconf 79' lang='grc' dir='ltr'>λαϐόντες,</span> <span class='ocrx_word' id='word_1_471' title='bbox 1112 3206 1467 3279; x_wconf 85' lang='grc' dir='ltr'>ὑϐρίσθησαν,</span> <span class='ocrx_word' id='word_1_472' title='bbox 1491 3205 1619 3277; x_wconf 77' lang='grc' dir='ltr'>περὶ</span> <span class='ocrx_word' id='word_1_473' title='bbox 1646 3204 1756 3257; x_wconf 91' lang='grc' dir='ltr'>τῶν</span> <span class='ocrx_word' id='word_1_474' title='bbox 1777 3204 2020 3273; x_wconf 82' lang='grc' dir='ltr'>ἐσχάτων</span> 
     </span>
    </p>
   </div>
   <div class='ocr_carea' id='block_1_61' title="bbox 346 3289 2020 3366">
    <p class='ocr_par' dir='ltr' id='par_1_61' title="bbox 346 3289 2020 3366">
     <span class='ocr_line' id='line_1_62' title="bbox 346 3289 2020 3366; baseline -0.004 -15"><span class='ocrx_word' id='word_1_475' title='bbox 346 3296 747 3361; x_wconf 85' lang='grc' dir='ltr'>ἐκινδύνευσαν,</span> <span class='ocrx_word' id='word_1_476' title='bbox 780 3297 861 3359; x_wconf 83' lang='grc' dir='ltr'>είς</span> <span class='ocrx_word' id='word_1_477' title='bbox 889 3294 950 3348; x_wconf 83' lang='grc' dir='ltr'>τὸ</span> <span class='ocrx_word' id='word_1_478' title='bbox 985 3293 1138 3360; x_wconf 79' lang='grc' dir='ltr'>ξύλον</span> <span class='ocrx_word' id='word_1_479' title='bbox 1155 3289 1295 3366; x_wconf 78' lang='grc' dir='ltr'>ἦσαν</span> <span class='ocrx_word' id='word_1_480' title='bbox 1332 3292 1574 3365; x_wconf 88' lang='grc' dir='ltr'>ἐμϐεϐλη</span> <span class='ocrx_word' id='word_1_481' title='bbox 1585 3290 1737 3362; x_wconf 82' lang='grc' dir='ltr'>μένοι</span> <span class='ocrx_word' id='word_1_482' title='bbox 1758 3330 1775 3358; x_wconf 93' lang='grc'>,</span> <span class='ocrx_word' id='word_1_483' title='bbox 1809 3292 1891 3355; x_wconf 82' lang='grc' dir='ltr'>είς</span> <span class='ocrx_word' id='word_1_484' title='bbox 1920 3291 2020 3361; x_wconf 84' lang='grc' dir='ltr'>τὴν</span> 
     </span>
    </p>
   </div>
   <div class='ocr_carea' id='block_1_62' title="bbox 348 3378 2015 3456">
    <p class='ocr_par' dir='ltr' id='par_1_62' title="bbox 348 3378 2015 3456">
     <span class='ocr_line' id='line_1_63' title="bbox 348 3378 2015 3456; baseline -0.003 -19"><span class='ocrx_word' id='word_1_485' title='bbox 348 3384 623 3456; x_wconf 77' lang='grc' dir='ltr'>ἐσωτέραν</span> <span class='ocrx_word' id='word_1_486' title='bbox 647 3383 928 3454; x_wconf 85' lang='grc' dir='ltr'>φυλακήν·</span> <span class='ocrx_word' id='word_1_487' title='bbox 962 3383 1058 3437; x_wconf 77' lang='grc' dir='ltr'>καὶ</span> <span class='ocrx_word' id='word_1_488' title='bbox 1079 3382 1200 3436; x_wconf 82' lang='grc' dir='ltr'>οὐδὲ</span> <span class='ocrx_word' id='word_1_489' title='bbox 1231 3380 1374 3436; x_wconf 77' lang='grc' dir='ltr'>οὕτω</span> <span class='ocrx_word' id='word_1_490' title='bbox 1400 3379 1681 3434; x_wconf 83' lang='grc' dir='ltr'>καθεύδειν</span> <span class='ocrx_word' id='word_1_491' title='bbox 1706 3378 1981 3449; x_wconf 72' lang='grc' dir='ltr'>ἠνείχοντο</span> <span class='ocrx_word' id='word_1_492' title='bbox 1999 3416 2015 3444; x_wconf 84' lang='grc'>,</span> 
     </span>
    </p>
   </div>
   <div class='ocr_carea' id='block_1_63' title="bbox 347 3464 2022 3542">
    <p class='ocr_par' dir='ltr' id='par_1_63' title="bbox 347 3464 2022 3542">
     <span class='ocr_line' id='line_1_64' title="bbox 347 3464 2022 3542; baseline -0.004 -18"><span class='ocrx_word' id='word_1_493' title='bbox 347 3469 463 3524; x_wconf 87' lang='grc' dir='ltr'>ἀλλ’</span> <span class='ocrx_word' id='word_1_494' title='bbox 497 3468 869 3541; x_wconf 84' lang='grc' dir='ltr'>ἐπαννύχιζον.</span> <span class='ocrx_word' id='word_1_495' title='bbox 911 3470 1106 3542; x_wconf 82' lang='grc' dir='ltr'>Ὁρᾶτε</span> <span class='ocrx_word' id='word_1_496' title='bbox 1140 3470 1263 3524; x_wconf 84' lang='grc' dir='ltr'>ὅσον</span> <span class='ocrx_word' id='word_1_497' title='bbox 1304 3467 1541 3541; x_wconf 51' lang='lat' dir='ltr'>ﬂama;</span> <span class='ocrx_word' id='word_1_498' title='bbox 1578 3464 2022 3535; x_wconf 74' lang='grc' dir='ltr'>ἀγαθόνςἭμεῖς</span> 
     </span>
    </p>
   </div>
   <div class='ocr_carea' id='block_1_64' title="bbox 347 3554 2018 3628">
    <p class='ocr_par' dir='ltr' id='par_1_64' title="bbox 347 3554 2018 3628">
     <span class='ocr_line' id='line_1_65' title="bbox 347 3554 2018 3628; baseline -0.003 -17"><span class='ocrx_word' id='word_1_499' title='bbox 347 3558 407 3611; x_wconf 85' lang='grc' dir='ltr'>δέ</span> <span class='ocrx_word' id='word_1_500' title='bbox 428 3557 550 3612; x_wconf 84' lang='grc' dir='ltr'>οὐδέ</span> <span class='ocrx_word' id='word_1_501' title='bbox 579 3560 638 3610; x_wconf 87' lang='grc' dir='ltr'>ἐν</span> <span class='ocrx_word' id='word_1_502' title='bbox 666 3556 893 3620; x_wconf 80' lang='grc' dir='ltr'>ἁπαλοῖς</span> <span class='ocrx_word' id='word_1_503' title='bbox 913 3556 1063 3621; x_wconf 77' lang='grc' dir='ltr'>ὅντες</span> <span class='ocrx_word' id='word_1_504' title='bbox 1097 3555 1432 3628; x_wconf 80' lang='grc' dir='ltr'>στρώμασιν,</span> <span class='ocrx_word' id='word_1_505' title='bbox 1464 3555 1653 3608; x_wconf 81' lang='grc' dir='ltr'>οὐδένα</span> <span class='ocrx_word' id='word_1_506' title='bbox 1685 3554 1984 3617; x_wconf 85' lang='grc' dir='ltr'>δεδοικότες</span> <span class='ocrx_word' id='word_1_507' title='bbox 2002 3593 2018 3616; x_wconf 95' lang='grc'>,</span> 
     </span>
    </p>
   </div>
   <div class='ocr_carea' id='block_1_65' title="bbox 348 3644 2017 3718">
    <p class='ocr_par' dir='ltr' id='par_1_65' title="bbox 348 3644 2017 3718">
     <span class='ocr_line' id='line_1_66' title="bbox 348 3644 2017 3718; baseline -0.002 -18"><span class='ocrx_word' id='word_1_508' title='bbox 348 3646 477 3716; x_wconf 85' lang='grc' dir='ltr'>ὃλην</span> <span class='ocrx_word' id='word_1_509' title='bbox 495 3646 596 3717; x_wconf 82' lang='grc' dir='ltr'>τὴν</span> <span class='ocrx_word' id='word_1_510' title='bbox 620 3645 790 3699; x_wconf 88' lang='grc' dir='ltr'>νύκτα</span> <span class='ocrx_word' id='word_1_511' title='bbox 810 3645 1162 3718; x_wconf 87' lang='grc' dir='ltr'>καθεύδομεν.</span> <span class='ocrx_word' id='word_1_512' title='bbox 1181 3646 1334 3717; x_wconf 87' lang='grc' dir='ltr'>Τάχα</span> <span class='ocrx_word' id='word_1_513' title='bbox 1351 3645 1440 3700; x_wconf 85' lang='grc' dir='ltr'>διά</span> <span class='ocrx_word' id='word_1_514' title='bbox 1461 3645 1618 3699; x_wconf 81' lang='grc' dir='ltr'>τοῦτο</span> <span class='ocrx_word' id='word_1_515' title='bbox 1638 3644 2017 3716; x_wconf 76' lang='grc' dir='ltr'>ἐπαννύχιζον,</span> 
     </span>
    </p>
   </div>
   <div class='ocr_carea' id='block_1_66' title="bbox 350 3730 2021 3807">
    <p class='ocr_par' dir='ltr' id='par_1_66' title="bbox 350 3730 2021 3807">
     <span class='ocr_line' id='line_1_67' title="bbox 350 3730 2021 3807; baseline -0.001 -19"><span class='ocrx_word' id='word_1_516' title='bbox 350 3734 539 3805; x_wconf 79' lang='grc' dir='ltr'>ἐπειδὴ</span> <span class='ocrx_word' id='word_1_517' title='bbox 595 3735 654 3786; x_wconf 90' lang='grc' dir='ltr'>ἐν</span> <span class='ocrx_word' id='word_1_518' title='bbox 698 3733 907 3799; x_wconf 88' lang='grc' dir='ltr'>τούτοις</span> <span class='ocrx_word' id='word_1_519' title='bbox 952 3730 1111 3807; x_wconf 78' lang='grc' dir='ltr'>ἦσαν.</span> <span class='ocrx_word' id='word_1_520' title='bbox 1165 3736 1277 3806; x_wconf 87' lang='grc' dir='ltr'>Ούχ</span> <span class='ocrx_word' id='word_1_521' title='bbox 1323 3737 1379 3806; x_wconf 55' lang='grc' dir='ltr'><strong>ἡκ</strong></span> <span class='ocrx_word' id='word_1_522' title='bbox 1417 3733 1512 3789; x_wconf 82' lang='grc' dir='ltr'>τοῦ</span> <span class='ocrx_word' id='word_1_523' title='bbox 1564 3733 1732 3788; x_wconf 70' lang='grc' dir='ltr'>ὕπνου</span> <span class='ocrx_word' id='word_1_524' title='bbox 1766 3735 2021 3805; x_wconf 78' lang='grc' dir='ltr'>τυραννὶς</span> 
     </span>
    </p>
   </div>
   <div class='ocr_carea' id='block_1_67' title="bbox 349 3816 2021 3895">
    <p class='ocr_par' dir='ltr' id='par_1_67' title="bbox 349 3816 2021 3895">
     <span class='ocr_line' id='line_1_68' title="bbox 349 3816 2021 3895; baseline -0.004 -16"><span class='ocrx_word' id='word_1_525' title='bbox 349 3823 547 3886; x_wconf 78' lang='grc' dir='ltr'>αὐτοὺς</span> <span class='ocrx_word' id='word_1_526' title='bbox 574 3816 740 3888; x_wconf 77' lang='grc' dir='ltr'>εἶλεν,</span> <span class='ocrx_word' id='word_1_527' title='bbox 764 3822 863 3893; x_wconf 86' lang='grc' dir='ltr'>οὐχ</span> <span class='ocrx_word' id='word_1_528' title='bbox 891 3824 925 3895; x_wconf 79' lang='grc' dir='ltr'><strong>ἡ</strong></span> <span class='ocrx_word' id='word_1_529' title='bbox 975 3822 1224 3894; x_wconf 87' lang='grc' dir='ltr'>ἀλγηδὼν</span> <span class='ocrx_word' id='word_1_530' title='bbox 1266 3821 1538 3893; x_wconf 75' lang='grc' dir='ltr'>ἔκαμψεν,</span> <span class='ocrx_word' id='word_1_531' title='bbox 1568 3822 1666 3892; x_wconf 86' lang='grc' dir='ltr'>ούχ</span> <span class='ocrx_word' id='word_1_532' title='bbox 1692 3822 1722 3874; x_wconf 92' lang='lat'>6</span> <span class='ocrx_word' id='word_1_533' title='bbox 1751 3821 1913 3890; x_wconf 84' lang='grc' dir='ltr'>φόϐος</span> <span class='ocrx_word' id='word_1_534' title='bbox 1942 3822 2021 3885; x_wconf 87' lang='grc' dir='ltr'>είς</span> 
     </span>
    </p>
   </div>
   <div class='ocr_carea' id='block_1_68' title="bbox 349 3906 2019 3985">
    <p class='ocr_par' dir='ltr' id='par_1_68' title="bbox 349 3906 2019 3985">
     <span class='ocr_line' id='line_1_69' title="bbox 349 3906 2019 3985; baseline -0.001 -18"><span class='ocrx_word' id='word_1_535' title='bbox 349 3911 584 3985; x_wconf 82' lang='grc' dir='ltr'>ἀπορίαν</span> <span class='ocrx_word' id='word_1_536' title='bbox 610 3911 887 3979; x_wconf 74' lang='grc' dir='ltr'>ἐνέϐαλεν,</span> <span class='ocrx_word' id='word_1_537' title='bbox 917 3912 1032 3967; x_wconf 81' lang='grc' dir='ltr'>ἀλλ’</span> <span class='ocrx_word' id='word_1_538' title='bbox 1062 3913 1201 3967; x_wconf 81' lang='grc' dir='ltr'>αύτά</span> <span class='ocrx_word' id='word_1_539' title='bbox 1220 3912 1286 3985; x_wconf 86' lang='grc' dir='ltr'>δὴ</span> <span class='ocrx_word' id='word_1_540' title='bbox 1310 3910 1484 3967; x_wconf 81' lang='grc' dir='ltr'>ταῦτα</span> <span class='ocrx_word' id='word_1_541' title='bbox 1509 3910 1689 3980; x_wconf 86' lang='grc' dir='ltr'>πολλῷ</span> <span class='ocrx_word' id='word_1_542' title='bbox 1721 3911 1920 3981; x_wconf 82' lang='grc' dir='ltr'>μᾶλλον</span> <span class='ocrx_word' id='word_1_543' title='bbox 1950 3906 2019 3983; x_wconf 77' lang='grc' dir='ltr'>ἦν</span> 
     </span>
    </p>
   </div>
   <div class='ocr_carea' id='block_1_69' title="bbox 349 3998 2016 4073">
    <p class='ocr_par' dir='ltr' id='par_1_69' title="bbox 349 3998 2016 4073">
     <span class='ocr_line' id='line_1_70' title="bbox 349 3998 2016 4073; baseline -0.001 -18"><span class='ocrx_word' id='word_1_544' title='bbox 349 4000 420 4055; x_wconf 81' lang='grc' dir='ltr'>τὰ</span> <span class='ocrx_word' id='word_1_545' title='bbox 447 4000 785 4073; x_wconf 88' lang='grc' dir='ltr'>διεγείροντα</span> <span class='ocrx_word' id='word_1_546' title='bbox 815 4001 1046 4066; x_wconf 82' lang='grc' dir='ltr'>αὐτοὺς,</span> <span class='ocrx_word' id='word_1_547' title='bbox 1084 4002 1179 4056; x_wconf 79' lang='grc' dir='ltr'>καὶ</span> <span class='ocrx_word' id='word_1_548' title='bbox 1214 4000 1405 4073; x_wconf 77' lang='grc' dir='ltr'>ἡδονῆς</span> <span class='ocrx_word' id='word_1_549' title='bbox 1446 3999 1757 4072; x_wconf 83' lang='grc' dir='ltr'>πληροῦντα</span> <span class='ocrx_word' id='word_1_550' title='bbox 1793 3998 2016 4070; x_wconf 83' lang='grc' dir='ltr'>πολλῆς.</span> 
     </span>
    </p>
   </div>
   <div class='ocr_carea' id='block_1_70' title="bbox 348 4086 2017 4159">
    <p class='ocr_par' dir='ltr' id='par_1_70' title="bbox 348 4086 2017 4159">
     <span class='ocr_line' id='line_1_71' title="bbox 348 4086 2017 4159; baseline -0.001 -16"><span class='ocrx_word' id='word_1_551' title='bbox 348 4088 509 4143; x_wconf 81' lang='grc' dir='ltr'>Κατὰ</span> <span class='ocrx_word' id='word_1_552' title='bbox 537 4086 605 4142; x_wconf 79' lang='grc' dir='ltr'>δὲ</span> <span class='ocrx_word' id='word_1_553' title='bbox 646 4087 711 4143; x_wconf 87' lang='grc' dir='ltr'>τὸ</span> <span class='ocrx_word' id='word_1_554' title='bbox 741 4089 1148 4158; x_wconf 80' lang='grc' dir='ltr'>μεσονύκτιον</span> <span class='ocrx_word' id='word_1_555' title='bbox 1180 4088 1414 4159; x_wconf 85' lang='grc' dir='ltr'>ὕμνουν</span> <span class='ocrx_word' id='word_1_556' title='bbox 1458 4087 1568 4143; x_wconf 87' lang='grc' dir='ltr'>τὸν</span> <span class='ocrx_word' id='word_1_557' title='bbox 1608 4087 1777 4154; x_wconf 86' lang='grc' dir='ltr'>Θεὸν,</span> <span class='ocrx_word' id='word_1_558' title='bbox 1832 4088 2017 4158; x_wconf 75' lang='grc' dir='ltr'>φησὶν,</span> 
     </span>
    </p>
   </div>
   <div class='ocr_carea' id='block_1_71' title="bbox 346 4174 2019 4249">
    <p class='ocr_par' dir='ltr' id='par_1_71' title="bbox 346 4174 2019 4249">
     <span class='ocr_line' id='line_1_72' title="bbox 346 4174 2019 4249; baseline 0.001 -20"><span class='ocrx_word' id='word_1_559' title='bbox 346 4175 729 4245; x_wconf 78' lang='grc' dir='ltr'>ἐπηκροῶντο</span> <span class='ocrx_word' id='word_1_560' title='bbox 773 4176 841 4231; x_wconf 81' lang='grc' dir='ltr'>δὲ</span> <span class='ocrx_word' id='word_1_561' title='bbox 870 4176 1074 4234; x_wconf 82' lang='grc' dir='ltr'>αὐτῶν</span> <span class='ocrx_word' id='word_1_562' title='bbox 1114 4179 1170 4233; x_wconf 87' lang='lat' dir='ltr'><strong><em>ol</em></strong></span> <span class='ocrx_word' id='word_1_563' title='bbox 1220 4177 1472 4246; x_wconf 85' lang='grc' dir='ltr'>δέσμιοι.</span> <span class='ocrx_word' id='word_1_564' title='bbox 1506 4174 1666 4231; x_wconf 82' lang='grc' dir='ltr'>Ξένον</span> <span class='ocrx_word' id='word_1_565' title='bbox 1699 4175 1808 4249; x_wconf 84' lang='grc' dir='ltr'>γὰρ</span> <span class='ocrx_word' id='word_1_566' title='bbox 1844 4175 2019 4233; x_wconf 83' lang='grc' dir='ltr'>ἐδόκει</span> 
     </span>
    </p>
   </div>
   <div class='ocr_carea' id='block_1_72' title="bbox 347 4260 2014 4338">
    <p class='ocr_par' dir='ltr' id='par_1_72' title="bbox 347 4260 2014 4338">
     <span class='ocr_line' id='line_1_73' title="bbox 347 4260 2014 4338; baseline 0.003 -20"><span class='ocrx_word' id='word_1_567' title='bbox 347 4260 486 4319; x_wconf 85' lang='grc' dir='ltr'>εἶναι</span> <span class='ocrx_word' id='word_1_568' title='bbox 508 4266 603 4320; x_wconf 77' lang='grc' dir='ltr'>καὶ</span> <span class='ocrx_word' id='word_1_569' title='bbox 631 4266 953 4336; x_wconf 77' lang='grc' dir='ltr'>παράδοξον.</span> <span class='ocrx_word' id='word_1_570' title='bbox 974 4268 1168 4338; x_wconf 70' lang='grc' dir='ltr'>Ἄφνω</span> <span class='ocrx_word' id='word_1_571' title='bbox 1189 4267 1257 4321; x_wconf 83' lang='grc' dir='ltr'>δὲ</span> <span class='ocrx_word' id='word_1_572' title='bbox 1278 4269 1532 4337; x_wconf 78' lang='grc' dir='ltr'>σεισμὸς</span> <span class='ocrx_word' id='word_1_573' title='bbox 1554 4265 1792 4337; x_wconf 77' lang='grc' dir='ltr'>ἐγένετο</span> <span class='ocrx_word' id='word_1_574' title='bbox 1807 4265 2014 4337; x_wconf 81' lang='grc' dir='ltr'>μέγας.</span> 
     </span>
    </p>
   </div>
   <div class='ocr_carea' id='block_1_73' title="bbox 345 4353 2014 4426">
    <p class='ocr_par' dir='ltr' id='par_1_73' title="bbox 345 4353 2014 4426">
     <span class='ocr_line' id='line_1_74' title="bbox 345 4353 2014 4426; baseline 0.001 -17"><span class='ocrx_word' id='word_1_575' title='bbox 345 4353 505 4409; x_wconf 82' lang='grc' dir='ltr'>ὥστε</span> <span class='ocrx_word' id='word_1_576' title='bbox 558 4358 936 4426; x_wconf 67' lang='grc' dir='ltr'>σαλευθῆναι</span> <span class='ocrx_word' id='word_1_577' title='bbox 996 4357 1067 4411; x_wconf 82' lang='grc' dir='ltr'>τὰ</span> <span class='ocrx_word' id='word_1_578' title='bbox 1111 4355 1356 4426; x_wconf 83' lang='grc' dir='ltr'>θεμέλια</span> <span class='ocrx_word' id='word_1_579' title='bbox 1411 4356 1518 4411; x_wconf 86' lang='grc' dir='ltr'>τοῦ</span> <span class='ocrx_word' id='word_1_580' title='bbox 1572 4355 1980 4426; x_wconf 82' lang='grc' dir='ltr'>δεσμωτηρίου</span> <span class='ocrx_word' id='word_1_581' title='bbox 2000 4369 2014 4384; x_wconf 81' lang='lat'><strong><em>°</em></strong></span> 
     </span>
    </p>
   </div>
   <div class='ocr_carea' id='block_1_74' title="bbox 347 4442 2019 4514">
    <p class='ocr_par' dir='ltr' id='par_1_74' title="bbox 347 4442 2019 4514">
     <span class='ocr_line' id='line_1_75' title="bbox 347 4442 2019 4514; baseline -0.002 -16"><span class='ocrx_word' id='word_1_582' title='bbox 347 4442 742 4513; x_wconf 80' lang='grc' dir='ltr'>ἀνεῴχθησάν</span> <span class='ocrx_word' id='word_1_583' title='bbox 794 4462 858 4499; x_wconf 89' lang='grc' dir='ltr'>τε</span> <span class='ocrx_word' id='word_1_584' title='bbox 915 4443 1278 4514; x_wconf 80' lang='grc' dir='ltr'>παραχρῆμα</span> <span class='ocrx_word' id='word_1_585' title='bbox 1332 4444 1525 4499; x_wconf 84' lang='grc' dir='ltr'>πᾶσαι</span> <span class='ocrx_word' id='word_1_586' title='bbox 1566 4447 1627 4498; x_wconf 77' lang='grc' dir='ltr'>αἱ</span> <span class='ocrx_word' id='word_1_587' title='bbox 1666 4445 1860 4513; x_wconf 82' lang='grc' dir='ltr'>θύραι,</span> <span class='ocrx_word' id='word_1_588' title='bbox 1920 4443 2019 4497; x_wconf 82' lang='grc' dir='ltr'>καὶ</span> 
     </span>
    </p>
   </div>
   <div class='ocr_carea' id='block_1_75' title="bbox 347 4531 2016 4602">
    <p class='ocr_par' dir='ltr' id='par_1_75' title="bbox 347 4531 2016 4602">
     <span class='ocr_line' id='line_1_76' title="bbox 347 4531 2016 4602; baseline 0.001 -17"><span class='ocrx_word' id='word_1_589' title='bbox 347 4531 592 4586; x_wconf 78' lang='grc' dir='ltr'>πάντων</span> <span class='ocrx_word' id='word_1_590' title='bbox 612 4533 686 4587; x_wconf 86' lang='grc' dir='ltr'>τὰ</span> <span class='ocrx_word' id='word_1_591' title='bbox 718 4531 910 4602; x_wconf 85' lang='grc' dir='ltr'>δεσμὰ</span> <span class='ocrx_word' id='word_1_592' title='bbox 930 4532 1135 4601; x_wconf 83' lang='grc' dir='ltr'>ἀνέθη.</span> <span class='ocrx_word' id='word_1_593' title='bbox 1174 4533 1403 4601; x_wconf 81' lang='grc' dir='ltr'>Σεισμὺς</span> <span class='ocrx_word' id='word_1_594' title='bbox 1436 4533 1653 4598; x_wconf 81' lang='grc' dir='ltr'>ἐγένετο</span> <span class='ocrx_word' id='word_1_595' title='bbox 1675 4571 1690 4593; x_wconf 91' lang='grc'>,</span> <span class='ocrx_word' id='word_1_596' title='bbox 1733 4531 1873 4584; x_wconf 86' lang='grc' dir='ltr'>ὥστε</span> <span class='ocrx_word' id='word_1_597' title='bbox 1912 4533 2016 4600; x_wconf 84' lang='grc' dir='ltr'>ἁφ-</span> 
     </span>
    </p>
   </div>
   <div class='ocr_carea' id='block_1_76' title="bbox 347 4617 2018 4689">
    <p class='ocr_par' dir='ltr' id='par_1_76' title="bbox 347 4617 2018 4689">
     <span class='ocr_line' id='line_1_77' title="bbox 347 4617 2018 4689; baseline 0.001 -18"><span class='ocrx_word' id='word_1_598' title='bbox 347 4619 674 4688; x_wconf 80' lang='grc' dir='ltr'>υπνισθῆναι</span> <span class='ocrx_word' id='word_1_599' title='bbox 707 4620 944 4683; x_wconf 77' lang='grc' dir='ltr'>ἐκεῖνον,</span> <span class='ocrx_word' id='word_1_600' title='bbox 979 4619 1076 4673; x_wconf 74' lang='grc' dir='ltr'>καὶ</span> <span class='ocrx_word' id='word_1_601' title='bbox 1120 4620 1178 4672; x_wconf 88' lang='lat' dir='ltr'>al</span> <span class='ocrx_word' id='word_1_602' title='bbox 1228 4619 1391 4686; x_wconf 89' lang='grc' dir='ltr'>θύραι</span> <span class='ocrx_word' id='word_1_603' title='bbox 1443 4618 1827 4689; x_wconf 82' lang='grc' dir='ltr'>ἀνεῴχθησαν,</span> <span class='ocrx_word' id='word_1_604' title='bbox 1878 4617 2018 4672; x_wconf 82' lang='grc' dir='ltr'>ὥστε</span> 
     </span>
    </p>
   </div>
   <div class='ocr_carea' id='block_1_77' title="bbox 348 4700 2018 4777">
    <p class='ocr_par' dir='ltr' id='par_1_77' title="bbox 348 4700 2018 4777">
     <span class='ocr_line' id='line_1_78' title="bbox 348 4700 2018 4777; baseline -0.002 -17"><span class='ocrx_word' id='word_1_605' title='bbox 348 4706 625 4777; x_wconf 89' lang='grc' dir='ltr'>θαυμάσαι</span> <span class='ocrx_word' id='word_1_606' title='bbox 653 4706 713 4758; x_wconf 85' lang='grc' dir='ltr'>τὸ</span> <span class='ocrx_word' id='word_1_607' title='bbox 732 4706 972 4775; x_wconf 60' lang='grc' dir='ltr'>γεγονός,</span> <span class='ocrx_word' id='word_1_608' title='bbox 1003 4705 1185 4759; x_wconf 82' lang='grc' dir='ltr'>Ταῦτα</span> <span class='ocrx_word' id='word_1_609' title='bbox 1210 4707 1259 4758; x_wconf 84' lang='grc' dir='ltr'>οἱ</span> <span class='ocrx_word' id='word_1_610' title='bbox 1290 4707 1563 4773; x_wconf 84' lang='grc' dir='ltr'>δεσμῶται</span> <span class='ocrx_word' id='word_1_611' title='bbox 1591 4706 1690 4775; x_wconf 76' lang='grc' dir='ltr'>οὐχ</span> <span class='ocrx_word' id='word_1_612' title='bbox 1731 4703 1949 4777; x_wconf 75' lang='grc' dir='ltr'>ἐώρωνο</span> <span class='ocrx_word' id='word_1_613' title='bbox 1981 4700 2018 4777; x_wconf 79' lang='grc' dir='ltr'>ἦ</span> 
     </span>
    </p>
   </div>
   <div class='ocr_carea' id='block_1_78' title="bbox 347 4790 2021 4863">
    <p class='ocr_par' dir='ltr' id='par_1_78' title="bbox 347 4790 2021 4863">
     <span class='ocr_line' id='line_1_79' title="bbox 347 4790 2021 4863; baseline -0.001 -16"><span class='ocrx_word' id='word_1_614' title='bbox 347 4795 457 4863; x_wconf 80' lang='grc' dir='ltr'>γὰρ</span> <span class='ocrx_word' id='word_1_615' title='bbox 477 4792 544 4848; x_wconf 82' lang='grc' dir='ltr'>ἂν</span> <span class='ocrx_word' id='word_1_616' title='bbox 573 4792 770 4862; x_wconf 75' lang='grc' dir='ltr'>ἔφυγον</span> <span class='ocrx_word' id='word_1_617' title='bbox 796 4795 1053 4857; x_wconf 68' lang='grc' dir='ltr'>ἅπαντες.</span> <span class='ocrx_word' id='word_1_618' title='bbox 1088 4793 1389 4860; x_wconf 75' lang='grc' dir='ltr'>Ἕξυπνος</span> <span class='ocrx_word' id='word_1_619' title='bbox 1417 4795 1486 4847; x_wconf 88' lang='grc' dir='ltr'>δὲ</span> <span class='ocrx_word' id='word_1_620' title='bbox 1513 4791 1833 4862; x_wconf 87' lang='grc' dir='ltr'>γενόμενος</span> <span class='ocrx_word' id='word_1_621' title='bbox 1866 4795 1899 4846; x_wconf 83' lang='grc' dir='ltr'><em>ὀ</em></span> <span class='ocrx_word' id='word_1_622' title='bbox 1928 4790 2021 4845; x_wconf 86' lang='grc' dir='ltr'>δε-</span> 
     </span>
    </p>
   </div>
   <div class='ocr_carea' id='block_1_79' title="bbox 347 4879 2020 4951">
    <p class='ocr_par' dir='ltr' id='par_1_79' title="bbox 347 4879 2020 4951">
     <span class='ocr_line' id='line_1_80' title="bbox 347 4879 2020 4951; baseline -0.002 -15"><span class='ocrx_word' id='word_1_623' title='bbox 347 4881 696 4951; x_wconf 68' lang='grc' dir='ltr'>σμοφύλαξ,</span> <span class='ocrx_word' id='word_1_624' title='bbox 728 4881 826 4934; x_wconf 79' lang='grc' dir='ltr'>καὶ</span> <span class='ocrx_word' id='word_1_625' title='bbox 854 4880 998 4935; x_wconf 74' lang='grc' dir='ltr'>ἰδὼν</span> <span class='ocrx_word' id='word_1_626' title='bbox 1027 4880 1407 4951; x_wconf 77' lang='grc' dir='ltr'>ἀνεῳγμένας</span> <span class='ocrx_word' id='word_1_627' title='bbox 1429 4881 1535 4948; x_wconf 83' lang='grc' dir='ltr'>τὰς</span> <span class='ocrx_word' id='word_1_628' title='bbox 1558 4882 1743 4949; x_wconf 79' lang='grc' dir='ltr'>θύρας</span> <span class='ocrx_word' id='word_1_629' title='bbox 1772 4879 1884 4947; x_wconf 85' lang='grc' dir='ltr'>τῆς</span> <span class='ocrx_word' id='word_1_630' title='bbox 1908 4897 2020 4950; x_wconf 65' lang='grc' dir='ltr'>φυ-</span> 
     </span>
    </p>
   </div>
   <div class='ocr_carea' id='block_1_80' title="bbox 346 4968 2019 5041">
    <p class='ocr_par' dir='ltr' id='par_1_80' title="bbox 346 4968 2019 5041">
     <span class='ocr_line' id='line_1_81' title="bbox 346 4968 2019 5041; baseline -0.002 -16"><span class='ocrx_word' id='word_1_631' title='bbox 346 4969 563 5040; x_wconf 85' lang='grc' dir='ltr'>λακῆς,</span> <span class='ocrx_word' id='word_1_632' title='bbox 585 4969 982 5040; x_wconf 78' lang='grc' dir='ltr'>σπασάμενος</span> <span class='ocrx_word' id='word_1_633' title='bbox 1000 4968 1301 5039; x_wconf 80' lang='grc' dir='ltr'>μάχαιραν</span> <span class='ocrx_word' id='word_1_634' title='bbox 1333 4970 1590 5041; x_wconf 75' lang='grc' dir='ltr'>ἔμελλεν</span> <span class='ocrx_word' id='word_1_635' title='bbox 1617 4968 1835 5023; x_wconf 81' lang='grc' dir='ltr'>ἑαυτὸν</span> <span class='ocrx_word' id='word_1_636' title='bbox 1855 4968 2019 5023; x_wconf 86' lang='grc' dir='ltr'>ἀναι-</span> 
     </span>
    </p>
   </div>
   <div class='ocr_carea' id='block_1_81' title="bbox 339 5056 2013 5131">
    <p class='ocr_par' dir='ltr' id='par_1_81' title="bbox 339 5056 2013 5131">
     <span class='ocr_line' id='line_1_82' title="bbox 339 5056 2013 5131; baseline -0.002 -18"><span class='ocrx_word' id='word_1_637' title='bbox 339 5058 496 5129; x_wconf 87' lang='grc' dir='ltr'>ρεῖν,</span> <span class='ocrx_word' id='word_1_638' title='bbox 546 5056 797 5130; x_wconf 76' lang='grc' dir='ltr'>νομίζων</span> <span class='ocrx_word' id='word_1_639' title='bbox 847 5057 998 5131; x_wconf 77' lang='grc'>[275]</span> <span class='ocrx_word' id='word_1_640' title='bbox 1041 5058 1479 5128; x_wconf 63' lang='grc' dir='ltr'>ἐκπεφευγέναι</span> <span class='ocrx_word' id='word_1_641' title='bbox 1520 5057 1663 5125; x_wconf 84' lang='grc' dir='ltr'>τοὺς</span> <span class='ocrx_word' id='word_1_642' title='bbox 1707 5056 2013 5127; x_wconf 76' lang='grc' dir='ltr'>δεσμίους.</span> 
     </span>
    </p>
   </div>
   <div class='ocr_carea' id='block_1_82' title="bbox 361 5144 2018 5218">
    <p class='ocr_par' dir='ltr' id='par_1_82' title="bbox 361 5144 2018 5218">
     <span class='ocr_line' id='line_1_83' title="bbox 361 5144 2018 5218; baseline -0.002 -15"><span class='ocrx_word' id='word_1_643' title='bbox 361 5146 670 5218; x_wconf 70' lang='grc' dir='ltr'>Ἐφώνησε</span> <span class='ocrx_word' id='word_1_644' title='bbox 693 5146 762 5202; x_wconf 77' lang='grc' dir='ltr'>δὲ</span> <span class='ocrx_word' id='word_1_645' title='bbox 785 5145 955 5218; x_wconf 77' lang='grc' dir='ltr'>φωνῇ</span> <span class='ocrx_word' id='word_1_646' title='bbox 965 5147 1199 5218; x_wconf 82' lang='grc' dir='ltr'>μεγάλῃ</span> <span class='ocrx_word' id='word_1_647' title='bbox 1222 5149 1255 5201; x_wconf 87' lang='grc' dir='ltr'>ό</span> <span class='ocrx_word' id='word_1_648' title='bbox 1276 5146 1536 5214; x_wconf 88' lang='grc' dir='ltr'>Παῦλος,</span> <span class='ocrx_word' id='word_1_649' title='bbox 1560 5145 1755 5216; x_wconf 80' lang='grc' dir='ltr'>λέγων</span> <span class='ocrx_word' id='word_1_650' title='bbox 1772 5161 1787 5175; x_wconf 75' lang='grc'><strong><em>³</em></strong></span> <span class='ocrx_word' id='word_1_651' title='bbox 1812 5144 2018 5212; x_wconf 85' lang='grc' dir='ltr'>Μηδὲν</span> 
     </span>
    </p>
   </div>
   <div class='ocr_carea' id='block_1_83' title="bbox 348 5232 2015 5306">
    <p class='ocr_par' dir='ltr' id='par_1_83' title="bbox 348 5232 2015 5306">
     <span class='ocr_line' id='line_1_84' title="bbox 348 5232 2015 5306; baseline 0 -17"><span class='ocrx_word' id='word_1_652' title='bbox 348 5235 583 5306; x_wconf 76' lang='grc' dir='ltr'>πράξῃς</span> <span class='ocrx_word' id='word_1_653' title='bbox 613 5234 851 5302; x_wconf 82' lang='grc' dir='ltr'>σεαυτῷ</span> <span class='ocrx_word' id='word_1_654' title='bbox 884 5236 1076 5291; x_wconf 86' lang='grc' dir='ltr'>κακόν</span> <span class='ocrx_word' id='word_1_655' title='bbox 1098 5250 1111 5265; x_wconf 87' lang='grc'><strong>·</strong></span> <span class='ocrx_word' id='word_1_656' title='bbox 1136 5235 1399 5302; x_wconf 81' lang='grc' dir='ltr'>ἅπαντες</span> <span class='ocrx_word' id='word_1_657' title='bbox 1426 5234 1537 5306; x_wconf 72' lang='grc' dir='ltr'>γάρ</span> <span class='ocrx_word' id='word_1_658' title='bbox 1570 5235 1756 5305; x_wconf 81' lang='grc' dir='ltr'>ἐσμεν</span> <span class='ocrx_word' id='word_1_659' title='bbox 1781 5232 2015 5290; x_wconf 83' lang='grc' dir='ltr'>ἐνθάδε.</span> 
     </span>
    </p>
   </div>
   <div class='ocr_carea' id='block_1_84' title="bbox 360 5321 2015 5397">
    <p class='ocr_par' dir='ltr' id='par_1_84' title="bbox 360 5321 2015 5397">
     <span class='ocr_line' id='line_1_85' title="bbox 360 5321 2015 5397; baseline -0.001 -19"><span class='ocrx_word' id='word_1_660' title='bbox 360 5322 668 5396; x_wconf 84' lang='grc' dir='ltr'>Ἐθαύμασε</span> <span class='ocrx_word' id='word_1_661' title='bbox 692 5324 893 5396; x_wconf 79' lang='grc' dir='ltr'>μᾶλλον</span> <span class='ocrx_word' id='word_1_662' title='bbox 909 5323 1007 5396; x_wconf 77' lang='grc' dir='ltr'>τὴν</span> <span class='ocrx_word' id='word_1_663' title='bbox 1029 5322 1438 5397; x_wconf 87' lang='grc' dir='ltr'>φιλανθρωπίαν</span> <span class='ocrx_word' id='word_1_664' title='bbox 1465 5321 1677 5377; x_wconf 89' lang='grc' dir='ltr'>Παύλου</span> <span class='ocrx_word' id='word_1_665' title='bbox 1696 5338 1712 5353; x_wconf 82' lang='lat'>&#39;</span> <span class='ocrx_word' id='word_1_666' title='bbox 1742 5321 2015 5394; x_wconf 82' lang='grc' dir='ltr'>ἐξεπλάγη</span> 
     </span>
    </p>
   </div>
   <div class='ocr_carea' id='block_1_85' title="bbox 346 5410 2020 5486">
    <p class='ocr_par' dir='ltr' id='par_1_85' title="bbox 346 5410 2020 5486">
     <span class='ocr_line' id='line_1_86' title="bbox 346 5410 2020 5486; baseline 0 -23"><span class='ocrx_word' id='word_1_667' title='bbox 346 5410 446 5482; x_wconf 77' lang='grc' dir='ltr'>τὴν</span> <span class='ocrx_word' id='word_1_668' title='bbox 476 5412 748 5486; x_wconf 83' lang='grc' dir='ltr'>ἀνδρείαν,</span> <span class='ocrx_word' id='word_1_669' title='bbox 775 5413 858 5468; x_wconf 86' lang='grc' dir='ltr'>δτι</span> <span class='ocrx_word' id='word_1_670' title='bbox 885 5413 980 5467; x_wconf 74' lang='grc' dir='ltr'>καὶ</span> <span class='ocrx_word' id='word_1_671' title='bbox 1014 5415 1207 5484; x_wconf 85' lang='grc' dir='ltr'>φυγεῖν</span> <span class='ocrx_word' id='word_1_672' title='bbox 1240 5410 1537 5485; x_wconf 86' lang='grc' dir='ltr'>δυνάμενος</span> <span class='ocrx_word' id='word_1_673' title='bbox 1567 5412 1668 5466; x_wconf 83' lang='grc' dir='ltr'>οὐκ</span> <span class='ocrx_word' id='word_1_674' title='bbox 1696 5410 1887 5480; x_wconf 80' lang='grc' dir='ltr'>ἔφυγε,</span> <span class='ocrx_word' id='word_1_675' title='bbox 1922 5412 2020 5464; x_wconf 81' lang='grc' dir='ltr'>καὶ</span> 
     </span>
    </p>
   </div>
   <div class='ocr_carea' id='block_1_86' title="bbox 345 5497 2018 5573">
    <p class='ocr_par' dir='ltr' id='par_1_86' title="bbox 345 5497 2018 5573">
     <span class='ocr_line' id='line_1_87' title="bbox 345 5497 2018 5573; baseline -0.001 -20"><span class='ocrx_word' id='word_1_676' title='bbox 345 5498 428 5553; x_wconf 78' lang='grc' dir='ltr'>ὅτι</span> <span class='ocrx_word' id='word_1_677' title='bbox 481 5500 641 5554; x_wconf 81' lang='grc' dir='ltr'>αὐτὸν</span> <span class='ocrx_word' id='word_1_678' title='bbox 672 5501 915 5556; x_wconf 83' lang='grc' dir='ltr'>ἐκώλυσε</span> <span class='ocrx_word' id='word_1_679' title='bbox 968 5502 1070 5571; x_wconf 81' lang='grc' dir='ltr'>τῆς</span> <span class='ocrx_word' id='word_1_680' title='bbox 1126 5500 1361 5573; x_wconf 83' lang='grc' dir='ltr'>σφαγῆς.</span> <span class='ocrx_word' id='word_1_681' title='bbox 1416 5499 1686 5570; x_wconf 82' lang='grc' dir='ltr'>Αιτήσας</span> <span class='ocrx_word' id='word_1_682' title='bbox 1731 5497 1801 5553; x_wconf 84' lang='grc' dir='ltr'>δὲ</span> <span class='ocrx_word' id='word_1_683' title='bbox 1851 5497 2018 5568; x_wconf 74' lang='grc' dir='ltr'>φῶτα</span> 
     </span>
    </p>
   </div>
   <div class='ocr_carea' id='block_1_87' title="bbox 346 5586 2016 5661">
    <p class='ocr_par' dir='ltr' id='par_1_87' title="bbox 346 5586 2016 5661">
     <span class='ocr_line' id='line_1_88' title="bbox 346 5586 2016 5661; baseline 0.001 -20"><span class='ocrx_word' id='word_1_684' title='bbox 346 5589 735 5657; x_wconf 70' lang='grc' dir='ltr'>εἰσεπήδησε,</span> <span class='ocrx_word' id='word_1_685' title='bbox 767 5589 869 5644; x_wconf 74' lang='grc' dir='ltr'>καί</span> <span class='ocrx_word' id='word_1_686' title='bbox 902 5589 1191 5661; x_wconf 70' lang='grc' dir='ltr'>ἔντρομος</span> <span class='ocrx_word' id='word_1_687' title='bbox 1229 5588 1537 5660; x_wconf 83' lang='grc' dir='ltr'>ὑπάρχων,</span> <span class='ocrx_word' id='word_1_688' title='bbox 1565 5588 1910 5657; x_wconf 82' lang='grc' dir='ltr'>προσέπεσε</span> <span class='ocrx_word' id='word_1_689' title='bbox 1936 5586 2016 5653; x_wconf 85' lang='grc' dir='ltr'>τῷ</span> 
     </span>
    </p>
   </div>
   <div class='ocr_carea' id='block_1_88' title="bbox 351 5673 2016 5747">
    <p class='ocr_par' dir='ltr' id='par_1_88' title="bbox 351 5673 2016 5747">
     <span class='ocr_line' id='line_1_89' title="bbox 351 5673 2016 5747; baseline -0.001 -18"><span class='ocrx_word' id='word_1_690' title='bbox 351 5676 569 5740; x_wconf 75' lang='grc' dir='ltr'>Παύλῳ</span> <span class='ocrx_word' id='word_1_691' title='bbox 608 5676 707 5730; x_wconf 77' lang='grc' dir='ltr'>καί</span> <span class='ocrx_word' id='word_1_692' title='bbox 748 5675 832 5742; x_wconf 81' lang='grc' dir='ltr'>τῷ</span> <span class='ocrx_word' id='word_1_693' title='bbox 861 5677 1048 5744; x_wconf 80' lang='grc' dir='ltr'>Σίλα,</span> <span class='ocrx_word' id='word_1_694' title='bbox 1081 5677 1180 5733; x_wconf 76' lang='grc' dir='ltr'>καί</span> <span class='ocrx_word' id='word_1_695' title='bbox 1227 5674 1582 5747; x_wconf 70' lang='grc' dir='ltr'>προαγαγὼν</span> <span class='ocrx_word' id='word_1_696' title='bbox 1608 5673 1832 5740; x_wconf 82' lang='grc' dir='ltr'>αὐτοὺς</span> <span class='ocrx_word' id='word_1_697' title='bbox 1880 5673 2016 5738; x_wconf 76' lang='grc' dir='ltr'>ἔξω,</span> 
     </span>
    </p>
   </div>
   <div class='ocr_carea' id='block_1_89' title="bbox 349 5756 2020 5833">
    <p class='ocr_par' dir='ltr' id='par_1_89' title="bbox 349 5756 2020 5833">
     <span class='ocr_line' id='line_1_90' title="bbox 349 5756 2020 5833; baseline -0.004 -13"><span class='ocrx_word' id='word_1_698' title='bbox 349 5766 499 5833; x_wconf 65' lang='grc' dir='ltr'>ἓέη·</span> <span class='ocrx_word' id='word_1_699' title='bbox 531 5762 754 5830; x_wconf 85' lang='grc' dir='ltr'>Κύριοι,</span> <span class='ocrx_word' id='word_1_700' title='bbox 781 5761 841 5817; x_wconf 88' lang='grc' dir='ltr'>τί</span> <span class='ocrx_word' id='word_1_701' title='bbox 863 5779 939 5833; x_wconf 87' lang='grc' dir='ltr'>με</span> <span class='ocrx_word' id='word_1_702' title='bbox 975 5762 1073 5818; x_wconf 88' lang='grc' dir='ltr'>δεῖ</span> <span class='ocrx_word' id='word_1_703' title='bbox 1098 5763 1315 5830; x_wconf 79' lang='grc' dir='ltr'>ποιεῖν,</span> <span class='ocrx_word' id='word_1_704' title='bbox 1353 5763 1457 5817; x_wconf 78' lang='grc' dir='ltr'>ινα</span> <span class='ocrx_word' id='word_1_705' title='bbox 1491 5760 1698 5827; x_wconf 84' lang='grc' dir='ltr'>σωθῶ;</span> <span class='ocrx_word' id='word_1_706' title='bbox 1721 5756 1874 5826; x_wconf 80' lang='grc' dir='ltr'>Εἶδες</span> <span class='ocrx_word' id='word_1_707' title='bbox 1904 5763 2020 5826; x_wconf 89' lang='grc' dir='ltr'>πῶς</span> 
     </span>
    </p>
   </div>
   <div class='ocr_carea' id='block_1_90' title="bbox 345 5843 2019 5922">
    <p class='ocr_par' dir='ltr' id='par_1_90' title="bbox 345 5843 2019 5922">
     <span class='ocr_line' id='line_1_91' title="bbox 345 5843 2019 5922; baseline -0.001 -13"><span class='ocrx_word' id='word_1_708' title='bbox 345 5850 510 5909; x_wconf 75' lang='grc' dir='ltr'>αὐτὸν</span> <span class='ocrx_word' id='word_1_709' title='bbox 544 5843 653 5906; x_wconf 74' lang='grc' dir='ltr'>εἷλε</span> <span class='ocrx_word' id='word_1_710' title='bbox 685 5850 744 5905; x_wconf 81' lang='grc' dir='ltr'>τὸ</span> <span class='ocrx_word' id='word_1_711' title='bbox 766 5849 989 5922; x_wconf 81' lang='grc' dir='ltr'>θαῦμα;</span> <span class='ocrx_word' id='word_1_712' title='bbox 1022 5852 1088 5906; x_wconf 88' lang='lat' dir='ltr'><strong><em>Ol</em></strong></span> <span class='ocrx_word' id='word_1_713' title='bbox 1109 5851 1175 5905; x_wconf 88' lang='grc' dir='ltr'>δὲ</span> <span class='ocrx_word' id='word_1_714' title='bbox 1197 5847 1391 5919; x_wconf 80' lang='grc' dir='ltr'>εἶπον,</span> <span class='ocrx_word' id='word_1_715' title='bbox 1417 5850 1759 5907; x_wconf 86' lang='grc' dir='ltr'>Πίστευσον</span> <span class='ocrx_word' id='word_1_716' title='bbox 1783 5850 1883 5907; x_wconf 81' lang='grc' dir='ltr'>ἐπὶ</span> <span class='ocrx_word' id='word_1_717' title='bbox 1914 5851 2019 5908; x_wconf 82' lang='grc' dir='ltr'>τὸν</span> 
     </span>
    </p>
   </div>
   <div class='ocr_carea' id='block_1_91' title="bbox 2120 2659 3792 2736">
    <p class='ocr_par' dir='ltr' id='par_1_91' title="bbox 2120 2659 3792 2736">
     <span class='ocr_line' id='line_1_92' title="bbox 2120 2659 3792 2736; baseline 0.003 -21"><span class='ocrx_word' id='word_1_718' title='bbox 2120 2661 2339 2731; x_wconf 78' lang='grc' dir='ltr'>Κύριον</span> <span class='ocrx_word' id='word_1_719' title='bbox 2370 2661 2605 2731; x_wconf 82' lang='grc' dir='ltr'>Ἰησοῦν</span> <span class='ocrx_word' id='word_1_720' title='bbox 2625 2661 2903 2732; x_wconf 81' lang='grc' dir='ltr'>Χριστὸν,</span> <span class='ocrx_word' id='word_1_721' title='bbox 2930 2662 3029 2717; x_wconf 82' lang='grc' dir='ltr'>καὶ</span> <span class='ocrx_word' id='word_1_722' title='bbox 3049 2663 3299 2736; x_wconf 80' lang='grc' dir='ltr'>σωθήσῃ</span> <span class='ocrx_word' id='word_1_723' title='bbox 3330 2661 3414 2718; x_wconf 89' lang='grc' dir='ltr'>σὺ</span> <span class='ocrx_word' id='word_1_724' title='bbox 3445 2664 3547 2718; x_wconf 79' lang='grc' dir='ltr'>καί</span> <span class='ocrx_word' id='word_1_725' title='bbox 3571 2666 3605 2719; x_wconf 85' lang='grc' dir='ltr'><em>ὁ</em></span> <span class='ocrx_word' id='word_1_726' title='bbox 3626 2659 3792 2732; x_wconf 78' lang='grc' dir='ltr'>οἳκός</span> 
     </span>
    </p>
   </div>
   <div class='ocr_carea' id='block_1_92' title="bbox 2120 2749 3790 2821">
    <p class='ocr_par' dir='ltr' id='par_1_92' title="bbox 2120 2749 3790 2821">
     <span class='ocr_line' id='line_1_93' title="bbox 2120 2749 3790 2821; baseline 0.003 -18"><span class='ocrx_word' id='word_1_727' title='bbox 2120 2765 2259 2805; x_wconf 92' lang='grc' dir='ltr'>σου.</span> <span class='ocrx_word' id='word_1_728' title='bbox 2309 2750 2419 2805; x_wconf 83' lang='lat' dir='ltr'><strong><em>Kal</em></strong></span> <span class='ocrx_word' id='word_1_729' title='bbox 2466 2749 2781 2819; x_wconf 80' lang='grc' dir='ltr'>ἐλάλησαν</span> <span class='ocrx_word' id='word_1_730' title='bbox 2815 2749 2976 2817; x_wconf 87' lang='grc' dir='ltr'>αὐτῷ</span> <span class='ocrx_word' id='word_1_731' title='bbox 3015 2749 3124 2805; x_wconf 83' lang='grc' dir='ltr'>τὸν</span> <span class='ocrx_word' id='word_1_732' title='bbox 3170 2752 3360 2820; x_wconf 89' lang='grc' dir='ltr'>λόγον</span> <span class='ocrx_word' id='word_1_733' title='bbox 3392 2752 3500 2808; x_wconf 87' lang='grc' dir='ltr'>τοῦ</span> <span class='ocrx_word' id='word_1_734' title='bbox 3543 2753 3790 2821; x_wconf 87' lang='grc' dir='ltr'>Κυρίου,</span> 
     </span>
    </p>
   </div>
   <div class='ocr_carea' id='block_1_93' title="bbox 2120 2836 3791 2909">
    <p class='ocr_par' dir='ltr' id='par_1_93' title="bbox 2120 2836 3791 2909">
     <span class='ocr_line' id='line_1_94' title="bbox 2120 2836 3791 2909; baseline 0.003 -19"><span class='ocrx_word' id='word_1_735' title='bbox 2120 2836 2217 2891; x_wconf 81' lang='grc' dir='ltr'>καὶ</span> <span class='ocrx_word' id='word_1_736' title='bbox 2249 2836 2400 2894; x_wconf 86' lang='grc' dir='ltr'>πᾶσι</span> <span class='ocrx_word' id='word_1_737' title='bbox 2435 2837 2561 2906; x_wconf 89' lang='grc' dir='ltr'>τοῖς</span> <span class='ocrx_word' id='word_1_738' title='bbox 2586 2838 2657 2893; x_wconf 82' lang='grc' dir='ltr'>ἐν</span> <span class='ocrx_word' id='word_1_739' title='bbox 2682 2837 2759 2909; x_wconf 72' lang='grc' dir='ltr'>τῇ</span> <span class='ocrx_word' id='word_1_740' title='bbox 2795 2839 2953 2907; x_wconf 80' lang='grc' dir='ltr'>οίκίᾳ</span> <span class='ocrx_word' id='word_1_741' title='bbox 2975 2837 3182 2894; x_wconf 87' lang='grc' dir='ltr'>αὑτοῦ.</span> <span class='ocrx_word' id='word_1_742' title='bbox 3223 2839 3318 2893; x_wconf 88' lang='grc' dir='ltr'>Ἐκ</span> <span class='ocrx_word' id='word_1_743' title='bbox 3350 2840 3446 2894; x_wconf 80' lang='grc' dir='ltr'>τοῦ</span> <span class='ocrx_word' id='word_1_744' title='bbox 3471 2840 3673 2905; x_wconf 83' lang='grc' dir='ltr'>εὐθέως</span> <span class='ocrx_word' id='word_1_745' title='bbox 3694 2841 3791 2895; x_wconf 88' lang='grc' dir='ltr'>λα-</span> 
     </span>
    </p>
   </div>
   <div class='ocr_carea' id='block_1_94' title="bbox 2120 2925 3787 3001">
    <p class='ocr_par' dir='ltr' id='par_1_94' title="bbox 2120 2925 3787 3001">
     <span class='ocr_line' id='line_1_95' title="bbox 2120 2925 3787 3001; baseline 0.004 -23"><span class='ocrx_word' id='word_1_746' title='bbox 2120 2925 2282 2997; x_wconf 78' lang='grc' dir='ltr'>λῆσαι</span> <span class='ocrx_word' id='word_1_747' title='bbox 2310 2925 2458 2997; x_wconf 81' lang='grc' dir='ltr'>αὐτῷ</span> <span class='ocrx_word' id='word_1_748' title='bbox 2495 2926 2838 2992; x_wconf 83' lang='grc' dir='ltr'>ἐπεδείξαντο</span> <span class='ocrx_word' id='word_1_749' title='bbox 2869 2927 2969 2999; x_wconf 78' lang='grc' dir='ltr'>τὴν</span> <span class='ocrx_word' id='word_1_750' title='bbox 2998 2927 3127 2998; x_wconf 73' lang='grc' dir='ltr'>περὶ</span> <span class='ocrx_word' id='word_1_751' title='bbox 3156 2926 3321 2981; x_wconf 80' lang='grc' dir='ltr'>αὐτὸν</span> <span class='ocrx_word' id='word_1_752' title='bbox 3360 2927 3787 3001; x_wconf 78' lang='grc' dir='ltr'>φιλανθρωπίαν.</span> 
     </span>
    </p>
   </div>
   <div class='ocr_carea' id='block_1_95' title="bbox 2121 3013 3787 3085">
    <p class='ocr_par' dir='ltr' id='par_1_95' title="bbox 2121 3013 3787 3085">
     <span class='ocr_line' id='line_1_96' title="bbox 2121 3013 3787 3085; baseline 0.002 -17"><span class='ocrx_word' id='word_1_753' title='bbox 2121 3015 2230 3068; x_wconf 77' lang='grc' dir='ltr'>Καὶ</span> <span class='ocrx_word' id='word_1_754' title='bbox 2269 3013 2632 3084; x_wconf 87' lang='grc' dir='ltr'>παραλαϐὼν</span> <span class='ocrx_word' id='word_1_755' title='bbox 2666 3014 2889 3083; x_wconf 83' lang='grc' dir='ltr'>αὐτοὺς</span> <span class='ocrx_word' id='word_1_756' title='bbox 2918 3015 2987 3069; x_wconf 85' lang='grc' dir='ltr'>ἐν</span> <span class='ocrx_word' id='word_1_757' title='bbox 3032 3015 3234 3084; x_wconf 81' lang='grc' dir='ltr'>ἐκείνῃ</span> <span class='ocrx_word' id='word_1_758' title='bbox 3280 3015 3356 3084; x_wconf 76' lang='grc' dir='ltr'>τῇ</span> <span class='ocrx_word' id='word_1_759' title='bbox 3393 3016 3517 3085; x_wconf 70' lang='grc' dir='ltr'>ὥρᾳ</span> <span class='ocrx_word' id='word_1_760' title='bbox 3547 3015 3659 3085; x_wconf 85' lang='grc' dir='ltr'>τῆς</span> <span class='ocrx_word' id='word_1_761' title='bbox 3686 3034 3787 3072; x_wconf 81' lang='grc' dir='ltr'>νυο</span> 
     </span>
    </p>
   </div>
   <div class='ocr_carea' id='block_1_96' title="bbox 2120 3101 3793 3175">
    <p class='ocr_par' dir='ltr' id='par_1_96' title="bbox 2120 3101 3793 3175">
     <span class='ocr_line' id='line_1_97' title="bbox 2120 3101 3793 3175; baseline 0.005 -22"><span class='ocrx_word' id='word_1_762' title='bbox 2120 3101 2283 3167; x_wconf 88' lang='grc' dir='ltr'>κτὸς,</span> <span class='ocrx_word' id='word_1_763' title='bbox 2313 3101 2574 3155; x_wconf 76' lang='grc' dir='ltr'>ἔλουσεν</span> <span class='ocrx_word' id='word_1_764' title='bbox 2593 3102 2711 3156; x_wconf 87' lang='grc' dir='ltr'>ἀπὸ</span> <span class='ocrx_word' id='word_1_765' title='bbox 2747 3101 2867 3157; x_wconf 83' lang='grc' dir='ltr'>τῶν</span> <span class='ocrx_word' id='word_1_766' title='bbox 2892 3101 3161 3174; x_wconf 85' lang='grc' dir='ltr'>πληγῶν.</span> <span class='ocrx_word' id='word_1_767' title='bbox 3178 3105 3287 3161; x_wconf 79' lang='grc' dir='ltr'>Καὶ</span> <span class='ocrx_word' id='word_1_768' title='bbox 3319 3105 3647 3175; x_wconf 84' lang='grc' dir='ltr'>ἐϐαπτίσθη</span> <span class='ocrx_word' id='word_1_769' title='bbox 3684 3107 3793 3161; x_wconf 87' lang='grc' dir='ltr'>αὑ-</span> 
     </span>
    </p>
   </div>
   <div class='ocr_carea' id='block_1_97' title="bbox 2119 3186 3794 3263">
    <p class='ocr_par' dir='ltr' id='par_1_97' title="bbox 2119 3186 3794 3263">
     <span class='ocr_line' id='line_1_98' title="bbox 2119 3186 3794 3263; baseline 0.004 -22"><span class='ocrx_word' id='word_1_770' title='bbox 2119 3187 2243 3254; x_wconf 88' lang='grc' dir='ltr'>τὸς,</span> <span class='ocrx_word' id='word_1_771' title='bbox 2275 3186 2374 3241; x_wconf 78' lang='grc' dir='ltr'>καὶ</span> <span class='ocrx_word' id='word_1_772' title='bbox 2400 3191 2456 3243; x_wconf 80' lang='grc' dir='ltr'>οἱ</span> <span class='ocrx_word' id='word_1_773' title='bbox 2482 3187 2669 3243; x_wconf 82' lang='grc' dir='ltr'>αὐτοῦ</span> <span class='ocrx_word' id='word_1_774' title='bbox 2690 3187 2914 3257; x_wconf 82' lang='grc' dir='ltr'>πάντες</span> <span class='ocrx_word' id='word_1_775' title='bbox 2941 3190 3319 3261; x_wconf 82' lang='grc' dir='ltr'>παραχρῆμα.</span> <span class='ocrx_word' id='word_1_776' title='bbox 3365 3193 3696 3263; x_wconf 74' lang='grc' dir='ltr'>Ἀναγαγὼν</span> <span class='ocrx_word' id='word_1_777' title='bbox 3726 3210 3794 3248; x_wconf 83' lang='grc' dir='ltr'>τε</span> 
     </span>
    </p>
   </div>
   <div class='ocr_carea' id='block_1_98' title="bbox 2120 3272 3793 3351">
    <p class='ocr_par' dir='ltr' id='par_1_98' title="bbox 2120 3272 3793 3351">
     <span class='ocr_line' id='line_1_99' title="bbox 2120 3272 3793 3351; baseline 0.004 -23"><span class='ocrx_word' id='word_1_778' title='bbox 2120 3275 2343 3342; x_wconf 86' lang='grc' dir='ltr'>αὐτοὺς</span> <span class='ocrx_word' id='word_1_779' title='bbox 2361 3277 2449 3342; x_wconf 81' lang='grc' dir='ltr'>εὶς</span> <span class='ocrx_word' id='word_1_780' title='bbox 2483 3276 2589 3329; x_wconf 91' lang='grc' dir='ltr'>τὸν</span> <span class='ocrx_word' id='word_1_781' title='bbox 2614 3272 2801 3341; x_wconf 79' lang='grc' dir='ltr'>οἶκον,</span> <span class='ocrx_word' id='word_1_782' title='bbox 2826 3277 3122 3348; x_wconf 87' lang='grc' dir='ltr'>παρέθηκε</span> <span class='ocrx_word' id='word_1_783' title='bbox 3142 3278 3449 3348; x_wconf 75' lang='grc' dir='ltr'>τράπεζαν,</span> <span class='ocrx_word' id='word_1_784' title='bbox 3482 3280 3582 3335; x_wconf 79' lang='grc' dir='ltr'>καί</span> <span class='ocrx_word' id='word_1_785' title='bbox 3610 3283 3793 3351; x_wconf 73' lang='grc' dir='ltr'>ἠγαλ-</span> 
     </span>
    </p>
   </div>
   <div class='ocr_carea' id='block_1_99' title="bbox 2118 3361 3788 3436">
    <p class='ocr_par' dir='ltr' id='par_1_99' title="bbox 2118 3361 3788 3436">
     <span class='ocr_line' id='line_1_100' title="bbox 2118 3361 3788 3436; baseline 0.002 -18"><span class='ocrx_word' id='word_1_786' title='bbox 2118 3361 2291 3418; x_wconf 82' lang='grc' dir='ltr'>λιᾶτο</span> <span class='ocrx_word' id='word_1_787' title='bbox 2322 3363 2564 3418; x_wconf 75' lang='grc' dir='ltr'>πανοικὶ</span> <span class='ocrx_word' id='word_1_788' title='bbox 2591 3366 3004 3432; x_wconf 79' lang='grc' dir='ltr'>πεπιστευκὼς</span> <span class='ocrx_word' id='word_1_789' title='bbox 3023 3366 3103 3433; x_wconf 81' lang='grc' dir='ltr'>τῷ</span> <span class='ocrx_word' id='word_1_790' title='bbox 3124 3366 3264 3432; x_wconf 80' lang='grc' dir='ltr'>Θεῷ.</span> <span class='ocrx_word' id='word_1_791' title='bbox 3286 3368 3542 3421; x_wconf 88' lang='grc' dir='ltr'>Ἔλουσεν</span> <span class='ocrx_word' id='word_1_792' title='bbox 3564 3368 3788 3436; x_wconf 83' lang='grc' dir='ltr'>αὐτοὺς,</span> 
     </span>
    </p>
   </div>
   <div class='ocr_carea' id='block_1_100' title="bbox 2120 3450 3798 3526">
    <p class='ocr_par' dir='ltr' id='par_1_100' title="bbox 2120 3450 3798 3526">
     <span class='ocr_line' id='line_1_101' title="bbox 2120 3450 3798 3526; baseline 0.004 -22"><span class='ocrx_word' id='word_1_793' title='bbox 2120 3450 2308 3520; x_wconf 84' lang='grc' dir='ltr'>ῶσπερ</span> <span class='ocrx_word' id='word_1_794' title='bbox 2333 3451 2689 3522; x_wconf 87' lang='grc' dir='ltr'>ἀμειϐόμενος</span> <span class='ocrx_word' id='word_1_795' title='bbox 2710 3453 2809 3525; x_wconf 81' lang='grc' dir='ltr'>τὴν</span> <span class='ocrx_word' id='word_1_796' title='bbox 2841 3453 3022 3526; x_wconf 88' lang='grc' dir='ltr'>χάριν,</span> <span class='ocrx_word' id='word_1_797' title='bbox 3056 3458 3151 3508; x_wconf 67' lang='grc' dir='ltr'>καὶ</span> <span class='ocrx_word' id='word_1_798' title='bbox 3182 3471 3354 3524; x_wconf 86' lang='grc' dir='ltr'>τιμων</span> <span class='ocrx_word' id='word_1_799' title='bbox 3383 3454 3579 3519; x_wconf 73' lang='grc' dir='ltr'>αὐτοὺς</span> <span class='ocrx_word' id='word_1_800' title='bbox 3613 3452 3684 3508; x_wconf 83' lang='grc' dir='ltr'>δι’</span> <span class='ocrx_word' id='word_1_801' title='bbox 3712 3451 3798 3511; x_wconf 79' lang='grc' dir='ltr'>ὧν</span> 
     </span>
    </p>
   </div>
   <div class='ocr_carea' id='block_1_101' title="bbox 2120 3538 3792 3613">
    <p class='ocr_par' dir='ltr' id='par_1_101' title="bbox 2120 3538 3792 3613">
     <span class='ocr_line' id='line_1_102' title="bbox 2120 3538 3792 3613; baseline 0.004 -22"><span class='ocrx_word' id='word_1_802' title='bbox 2120 3538 2310 3593; x_wconf 81' lang='grc' dir='ltr'>ἐποίει.</span> <span class='ocrx_word' id='word_1_803' title='bbox 2329 3540 2571 3609; x_wconf 81' lang='grc' dir='ltr'>Ἡμέρας</span> <span class='ocrx_word' id='word_1_804' title='bbox 2590 3540 2659 3594; x_wconf 77' lang='grc' dir='ltr'>δὲ</span> <span class='ocrx_word' id='word_1_805' title='bbox 2683 3541 3033 3613; x_wconf 81' lang='grc' dir='ltr'>γενομένης,</span> <span class='ocrx_word' id='word_1_806' title='bbox 3057 3543 3426 3599; x_wconf 74' lang='grc' dir='ltr'>ἀπέστειλαν</span> <span class='ocrx_word' id='word_1_807' title='bbox 3451 3545 3506 3597; x_wconf 72' lang='grc' dir='ltr'>οι</span> <span class='ocrx_word' id='word_1_808' title='bbox 3530 3559 3792 3612; x_wconf 81' lang='grc' dir='ltr'>στρατη-</span> 
     </span>
    </p>
   </div>
   <div class='ocr_carea' id='block_1_102' title="bbox 2120 3625 3792 3701">
    <p class='ocr_par' dir='ltr' id='par_1_102' title="bbox 2120 3625 3792 3701">
     <span class='ocr_line' id='line_1_103' title="bbox 2120 3625 3792 3701; baseline 0.004 -22"><span class='ocrx_word' id='word_1_809' title='bbox 2120 3626 2210 3696; x_wconf 80' lang='grc' dir='ltr'>γοί</span> <span class='ocrx_word' id='word_1_810' title='bbox 2251 3625 2394 3693; x_wconf 86' lang='grc' dir='ltr'>τοὺς</span> <span class='ocrx_word' id='word_1_811' title='bbox 2424 3626 2839 3699; x_wconf 77' lang='grc' dir='ltr'>⁴ῥαϐδούχους,</span> <span class='ocrx_word' id='word_1_812' title='bbox 2881 3630 3194 3701; x_wconf 70' lang='grc' dir='ltr'>λέγοντες*</span> <span class='ocrx_word' id='word_1_813' title='bbox 3248 3631 3585 3686; x_wconf 75' lang='grc' dir='ltr'>Ἀπόλυσον</span> <span class='ocrx_word' id='word_1_814' title='bbox 3648 3629 3792 3696; x_wconf 86' lang='grc' dir='ltr'>τοὺς</span> 
     </span>
    </p>
   </div>
   <div class='ocr_carea' id='block_1_103' title="bbox 2120 3715 3789 3792">
    <p class='ocr_par' dir='ltr' id='par_1_103' title="bbox 2120 3715 3789 3792">
     <span class='ocr_line' id='line_1_104' title="bbox 2120 3715 3789 3792; baseline 0.002 -22"><span class='ocrx_word' id='word_1_815' title='bbox 2120 3715 2470 3785; x_wconf 80' lang='grc' dir='ltr'>ἀνθρώπους</span> <span class='ocrx_word' id='word_1_816' title='bbox 2514 3718 2803 3785; x_wconf 79' lang='grc' dir='ltr'>ἐκείνους.</span> <span class='ocrx_word' id='word_1_817' title='bbox 2865 3722 3147 3791; x_wconf 86' lang='grc' dir='ltr'>Ἔγνωσαν</span> <span class='ocrx_word' id='word_1_818' title='bbox 3209 3721 3337 3786; x_wconf 79' lang='grc' dir='ltr'>ἴσως</span> <span class='ocrx_word' id='word_1_819' title='bbox 3392 3722 3455 3776; x_wconf 83' lang='grc' dir='ltr'>τὸ</span> <span class='ocrx_word' id='word_1_820' title='bbox 3488 3722 3709 3792; x_wconf 75' lang='grc' dir='ltr'>γεγονὸς</span> <span class='ocrx_word' id='word_1_821' title='bbox 3738 3721 3789 3774; x_wconf 90' lang='lat' dir='ltr'><strong><em>ol</em></strong></span> 
     </span>
    </p>
   </div>
   <div class='ocr_carea' id='block_1_104' title="bbox 2124 3807 3790 3881">
    <p class='ocr_par' dir='ltr' id='par_1_104' title="bbox 2124 3807 3790 3881">
     <span class='ocr_line' id='line_1_105' title="bbox 2124 3807 3790 3881; baseline 0.004 -24"><span class='ocrx_word' id='word_1_822' title='bbox 2124 3807 2436 3878; x_wconf 68' lang='grc' dir='ltr'>στρατηγοὶ,</span> <span class='ocrx_word' id='word_1_823' title='bbox 2460 3807 2555 3862; x_wconf 73' lang='grc' dir='ltr'>καὶ</span> <span class='ocrx_word' id='word_1_824' title='bbox 2581 3809 2681 3863; x_wconf 81' lang='grc' dir='ltr'>οὐκ</span> <span class='ocrx_word' id='word_1_825' title='bbox 2712 3808 2952 3881; x_wconf 82' lang='grc' dir='ltr'>ἐτόλμων</span> <span class='ocrx_word' id='word_1_826' title='bbox 2974 3811 3066 3879; x_wconf 82' lang='grc' dir='ltr'>ἀφ’</span> <span class='ocrx_word' id='word_1_827' title='bbox 3084 3811 3294 3864; x_wconf 79' lang='grc' dir='ltr'>ἑαυτῶν</span> <span class='ocrx_word' id='word_1_828' title='bbox 3317 3811 3556 3880; x_wconf 85' lang='grc' dir='ltr'>ἀφεῖναι.</span> <span class='ocrx_word' id='word_1_829' title='bbox 3585 3811 3790 3880; x_wconf 77' lang='grc' dir='ltr'>Ἁπήγ-</span> 
     </span>
    </p>
   </div>
   <div class='ocr_carea' id='block_1_105' title="bbox 2123 3894 3788 3967">
    <p class='ocr_par' dir='ltr' id='par_1_105' title="bbox 2123 3894 3788 3967">
     <span class='ocr_line' id='line_1_106' title="bbox 2123 3894 3788 3967; baseline 0.002 -20"><span class='ocrx_word' id='word_1_830' title='bbox 2123 3897 2280 3963; x_wconf 86' lang='grc' dir='ltr'>γειλε</span> <span class='ocrx_word' id='word_1_831' title='bbox 2306 3894 2376 3948; x_wconf 85' lang='grc' dir='ltr'>δὲ</span> <span class='ocrx_word' id='word_1_832' title='bbox 2404 3896 2440 3950; x_wconf 83' lang='grc' dir='ltr'><em>ὸ</em></span> <span class='ocrx_word' id='word_1_833' title='bbox 2476 3896 2868 3967; x_wconf 72' lang='grc' dir='ltr'>δεσμοφύλαξ</span> <span class='ocrx_word' id='word_1_834' title='bbox 2914 3896 3055 3964; x_wconf 86' lang='grc' dir='ltr'>τοὺς</span> <span class='ocrx_word' id='word_1_835' title='bbox 3095 3899 3317 3967; x_wconf 89' lang='grc' dir='ltr'>λόγους</span> <span class='ocrx_word' id='word_1_836' title='bbox 3350 3899 3602 3964; x_wconf 86' lang='grc' dir='ltr'>τούτους</span> <span class='ocrx_word' id='word_1_837' title='bbox 3641 3898 3788 3966; x_wconf 80' lang='grc' dir='ltr'>πρὸς</span> 
     </span>
    </p>
   </div>
   <div class='ocr_carea' id='block_1_106' title="bbox 2120 3981 3786 4054">
    <p class='ocr_par' dir='ltr' id='par_1_106' title="bbox 2120 3981 3786 4054">
     <span class='ocr_line' id='line_1_107' title="bbox 2120 3981 3786 4054; baseline 0.002 -19"><span class='ocrx_word' id='word_1_838' title='bbox 2120 3981 2228 4035; x_wconf 85' lang='grc' dir='ltr'>τὸν</span> <span class='ocrx_word' id='word_1_839' title='bbox 2246 3982 2492 4037; x_wconf 87' lang='grc' dir='ltr'>Παῦλον</span> <span class='ocrx_word' id='word_1_840' title='bbox 2520 3983 2725 4054; x_wconf 73' lang='grc' dir='ltr'>φήσας</span> <span class='ocrx_word' id='word_1_841' title='bbox 2748 4023 2764 4050; x_wconf 94' lang='grc'>,</span> <span class='ocrx_word' id='word_1_842' title='bbox 2795 3983 2885 4038; x_wconf 85' lang='grc' dir='ltr'>ὅτι</span> <span class='ocrx_word' id='word_1_843' title='bbox 2926 3984 3400 4040; x_wconf 82' lang='grc' dir='ltr'>Ἀπεστάλκασιν</span> <span class='ocrx_word' id='word_1_844' title='bbox 3432 3988 3488 4040; x_wconf 80' lang='grc' dir='ltr'>οι</span> <span class='ocrx_word' id='word_1_845' title='bbox 3528 4000 3786 4053; x_wconf 82' lang='grc' dir='ltr'>στρατη·</span> 
     </span>
    </p>
   </div>
   <div class='ocr_carea' id='block_1_107' title="bbox 2120 4069 3790 4142">
    <p class='ocr_par' dir='ltr' id='par_1_107' title="bbox 2120 4069 3790 4142">
     <span class='ocr_line' id='line_1_108' title="bbox 2120 4069 3790 4142; baseline 0.002 -18"><span class='ocrx_word' id='word_1_846' title='bbox 2120 4069 2230 4141; x_wconf 61' lang='lat' dir='ltr'><strong><em>yol,</em></strong></span> <span class='ocrx_word' id='word_1_847' title='bbox 2256 4072 2355 4125; x_wconf 85' lang='grc' dir='ltr'>ἵνα</span> <span class='ocrx_word' id='word_1_848' title='bbox 2381 4072 2744 4142; x_wconf 83' lang='grc' dir='ltr'>ἀπολυθῆτε.</span> <span class='ocrx_word' id='word_1_849' title='bbox 2773 4073 2904 4129; x_wconf 87' lang='grc' dir='ltr'>Νῦν</span> <span class='ocrx_word' id='word_1_850' title='bbox 2937 4069 3051 4129; x_wconf 88' lang='grc' dir='ltr'>οὗν</span> <span class='ocrx_word' id='word_1_851' title='bbox 3071 4075 3425 4141; x_wconf 80' lang='grc' dir='ltr'>ἐξελθόντες</span> <span class='ocrx_word' id='word_1_852' title='bbox 3465 4074 3790 4142; x_wconf 73' lang='grc' dir='ltr'>πορεύεσθε</span> 
     </span>
    </p>
   </div>
   <div class='ocr_carea' id='block_1_108' title="bbox 2119 4161 3789 4234">
    <p class='ocr_par' dir='ltr' id='par_1_108' title="bbox 2119 4161 3789 4234">
     <span class='ocr_line' id='line_1_109' title="bbox 2119 4161 3789 4234; baseline 0 -19"><span class='ocrx_word' id='word_1_853' title='bbox 2119 4161 2189 4215; x_wconf 81' lang='grc' dir='ltr'>ἐν</span> <span class='ocrx_word' id='word_1_854' title='bbox 2210 4161 2436 4231; x_wconf 80' lang='grc' dir='ltr'>είρήνῃ.</span> <span class='ocrx_word' id='word_1_855' title='bbox 2475 4163 2535 4216; x_wconf 88' lang='lat'><strong>&#39;0</strong></span> <span class='ocrx_word' id='word_1_856' title='bbox 2564 4162 2632 4218; x_wconf 87' lang='grc' dir='ltr'>δὲ</span> <span class='ocrx_word' id='word_1_857' title='bbox 2660 4164 2900 4230; x_wconf 88' lang='grc' dir='ltr'>Παῦλος</span> <span class='ocrx_word' id='word_1_858' title='bbox 2922 4166 3039 4234; x_wconf 72' lang='grc' dir='ltr'>ἔφη</span> <span class='ocrx_word' id='word_1_859' title='bbox 3073 4164 3222 4233; x_wconf 84' lang='grc' dir='ltr'>πρὸς</span> <span class='ocrx_word' id='word_1_860' title='bbox 3258 4165 3481 4230; x_wconf 83' lang='grc' dir='ltr'>αὐτούς</span> <span class='ocrx_word' id='word_1_861' title='bbox 3503 4179 3517 4195; x_wconf 77' lang='grc'><strong><em>⁸</em></strong></span> <span class='ocrx_word' id='word_1_862' title='bbox 3558 4163 3789 4231; x_wconf 82' lang='grc' dir='ltr'>Δείραν-</span> 
     </span>
    </p>
   </div>
   <div class='ocr_carea' id='block_1_109' title="bbox 2119 4247 3787 4321">
    <p class='ocr_par' dir='ltr' id='par_1_109' title="bbox 2119 4247 3787 4321">
     <span class='ocr_line' id='line_1_110' title="bbox 2119 4247 3787 4321; baseline 0.001 -18"><span class='ocrx_word' id='word_1_863' title='bbox 2119 4266 2219 4318; x_wconf 88' lang='grc' dir='ltr'>τες</span> <span class='ocrx_word' id='word_1_864' title='bbox 2245 4247 2405 4320; x_wconf 82' lang='grc' dir='ltr'>ἠμᾶς</span> <span class='ocrx_word' id='word_1_865' title='bbox 2446 4248 2726 4321; x_wconf 81' lang='grc' dir='ltr'>δημοσίᾳ.</span> <span class='ocrx_word' id='word_1_866' title='bbox 2758 4252 3213 4321; x_wconf 82' lang='grc' dir='ltr'>ἀκατακρίτους,</span> <span class='ocrx_word' id='word_1_867' title='bbox 3260 4251 3611 4319; x_wconf 78' lang='grc' dir='ltr'>ἀνθρώπους</span> <span class='ocrx_word' id='word_1_868' title='bbox 3647 4251 3787 4304; x_wconf 79' lang='grc' dir='ltr'>Ῥω-</span> 
     </span>
    </p>
   </div>
   <div class='ocr_carea' id='block_1_110' title="bbox 2113 4337 3790 4411">
    <p class='ocr_par' dir='ltr' id='par_1_110' title="bbox 2113 4337 3790 4411">
     <span class='ocr_line' id='line_1_111' title="bbox 2113 4337 3790 4411; baseline 0.001 -19"><span class='ocrx_word' id='word_1_869' title='bbox 2113 4340 2334 4409; x_wconf 85' lang='grc' dir='ltr'>μαίους</span> <span class='ocrx_word' id='word_1_870' title='bbox 2373 4337 2791 4411; x_wconf 82' lang='grc' dir='ltr'>ὑπάρχοντας,</span> <span class='ocrx_word' id='word_1_871' title='bbox 2819 4341 3042 4396; x_wconf 78' lang='grc' dir='ltr'>ἔϐαλον</span> <span class='ocrx_word' id='word_1_872' title='bbox 3071 4344 3159 4407; x_wconf 86' lang='grc' dir='ltr'>εὶς</span> <span class='ocrx_word' id='word_1_873' title='bbox 3195 4338 3500 4410; x_wconf 71' lang='grc' dir='ltr'>φυλακήν.</span> <span class='ocrx_word' id='word_1_874' title='bbox 3529 4338 3638 4393; x_wconf 71' lang='grc' dir='ltr'>Καὶ</span> <span class='ocrx_word' id='word_1_875' title='bbox 3672 4339 3790 4393; x_wconf 87' lang='grc' dir='ltr'>νῦν</span> 
     </span>
    </p>
   </div>
   <div class='ocr_carea' id='block_1_111' title="bbox 2117 4426 3791 4499">
    <p class='ocr_par' dir='ltr' id='par_1_111' title="bbox 2117 4426 3791 4499">
     <span class='ocr_line' id='line_1_112' title="bbox 2117 4426 3791 4499; baseline -0.002 -18"><span class='ocrx_word' id='word_1_876' title='bbox 2117 4427 2310 4496; x_wconf 83' lang='grc' dir='ltr'>λάθρα</span> <span class='ocrx_word' id='word_1_877' title='bbox 2351 4426 2510 4497; x_wconf 75' lang='grc' dir='ltr'>ἡμᾶς</span> <span class='ocrx_word' id='word_1_878' title='bbox 2542 4426 2947 4493; x_wconf 81' lang='grc' dir='ltr'>ὲκϐάλλουσι;</span> <span class='ocrx_word' id='word_1_879' title='bbox 3001 4430 3083 4484; x_wconf 87' lang='grc' dir='ltr'>Οὐ</span> <span class='ocrx_word' id='word_1_880' title='bbox 3127 4427 3238 4499; x_wconf 81' lang='grc' dir='ltr'>γάρ</span> <span class='ocrx_word' id='word_1_881' title='bbox 3262 4444 3276 4459; x_wconf 86' lang='grc'><strong>·</strong></span> <span class='ocrx_word' id='word_1_882' title='bbox 3310 4426 3471 4481; x_wconf 76' lang='grc' dir='ltr'>ἀλλὰ</span> <span class='ocrx_word' id='word_1_883' title='bbox 3506 4427 3791 4492; x_wconf 81' lang='grc' dir='ltr'>ἐλθόντες</span> 
     </span>
    </p>
   </div>
   <div class='ocr_carea' id='block_1_112' title="bbox 2119 4512 3791 4588">
    <p class='ocr_par' dir='ltr' id='par_1_112' title="bbox 2119 4512 3791 4588">
     <span class='ocr_line' id='line_1_113' title="bbox 2119 4512 3791 4588; baseline -0.002 -18"><span class='ocrx_word' id='word_1_884' title='bbox 2119 4515 2289 4571; x_wconf 82' lang='grc' dir='ltr'>αὐτοὶ</span> <span class='ocrx_word' id='word_1_885' title='bbox 2350 4515 2510 4586; x_wconf 76' lang='grc' dir='ltr'>ἡμᾶς</span> <span class='ocrx_word' id='word_1_886' title='bbox 2570 4516 3046 4588; x_wconf 71' lang='grc' dir='ltr'>ἐξαγαγέτωσαν.</span> <span class='ocrx_word' id='word_1_887' title='bbox 3107 4514 3489 4585; x_wconf 80' lang='grc' dir='ltr'>Ἄνήγγειλαν</span> <span class='ocrx_word' id='word_1_888' title='bbox 3537 4512 3606 4566; x_wconf 86' lang='grc' dir='ltr'>δὲ</span> <span class='ocrx_word' id='word_1_889' title='bbox 3665 4512 3791 4580; x_wconf 86' lang='grc' dir='ltr'>τοῖς</span> 
     </span>
    </p>
   </div>
   <div class='ocr_carea' id='block_1_113' title="bbox 2119 4602 3789 4675">
    <p class='ocr_par' dir='ltr' id='par_1_113' title="bbox 2119 4602 3789 4675">
     <span class='ocr_line' id='line_1_114' title="bbox 2119 4602 3789 4675; baseline -0.002 -17"><span class='ocrx_word' id='word_1_890' title='bbox 2119 4604 2475 4675; x_wconf 80' lang='grc' dir='ltr'>στρατηγοῖς</span> <span class='ocrx_word' id='word_1_891' title='bbox 2494 4609 2547 4660; x_wconf 83' lang='grc' dir='ltr'>οἱ</span> <span class='ocrx_word' id='word_1_892' title='bbox 2572 4606 2897 4675; x_wconf 78' lang='grc' dir='ltr'>ῥαϐδοῦχοι</span> <span class='ocrx_word' id='word_1_893' title='bbox 2920 4606 2989 4659; x_wconf 86' lang='grc' dir='ltr'>τὰ</span> <span class='ocrx_word' id='word_1_894' title='bbox 3008 4604 3247 4675; x_wconf 79' lang='grc' dir='ltr'>ῥήματα</span> <span class='ocrx_word' id='word_1_895' title='bbox 3277 4604 3465 4658; x_wconf 88' lang='grc' dir='ltr'>ταῦτα</span> <span class='ocrx_word' id='word_1_896' title='bbox 3490 4620 3502 4632; x_wconf 94' lang='grc'>·</span> <span class='ocrx_word' id='word_1_897' title='bbox 3530 4602 3627 4657; x_wconf 82' lang='grc' dir='ltr'>καί</span> <span class='ocrx_word' id='word_1_898' title='bbox 3652 4602 3789 4672; x_wconf 67' lang='grc' dir='ltr'>ἐφο-</span> 
     </span>
    </p>
   </div>
   <div class='ocr_carea' id='block_1_114' title="bbox 2120 4690 3790 4762">
    <p class='ocr_par' dir='ltr' id='par_1_114' title="bbox 2120 4690 3790 4762">
     <span class='ocr_line' id='line_1_115' title="bbox 2120 4690 3790 4762; baseline -0.003 -14"><span class='ocrx_word' id='word_1_899' title='bbox 2120 4694 2395 4762; x_wconf 78' lang='grc' dir='ltr'>ϐήθησαν</span> <span class='ocrx_word' id='word_1_900' title='bbox 2421 4694 2828 4762; x_wconf 86' lang='grc' dir='ltr'>ἀκούσαντες,</span> <span class='ocrx_word' id='word_1_901' title='bbox 2861 4694 2949 4747; x_wconf 87' lang='grc' dir='ltr'>ὅτι</span> <span class='ocrx_word' id='word_1_902' title='bbox 2988 4693 3259 4762; x_wconf 85' lang='grc' dir='ltr'>Ῥωμαῖοί</span> <span class='ocrx_word' id='word_1_903' title='bbox 3304 4695 3446 4747; x_wconf 78' lang='grc' dir='ltr'>εισι.</span> <span class='ocrx_word' id='word_1_904' title='bbox 3483 4691 3593 4746; x_wconf 80' lang='lat' dir='ltr'><strong><em>Kal</em></strong></span> <span class='ocrx_word' id='word_1_905' title='bbox 3619 4690 3790 4755; x_wconf 83' lang='grc' dir='ltr'>ἐξελ-</span> 
     </span>
    </p>
   </div>
   <div class='ocr_carea' id='block_1_115' title="bbox 2121 4777 3789 4850">
    <p class='ocr_par' dir='ltr' id='par_1_115' title="bbox 2121 4777 3789 4850">
     <span class='ocr_line' id='line_1_116' title="bbox 2121 4777 3789 4850; baseline -0.003 -14"><span class='ocrx_word' id='word_1_906' title='bbox 2121 4783 2329 4849; x_wconf 88' lang='grc' dir='ltr'>θόντες</span> <span class='ocrx_word' id='word_1_907' title='bbox 2356 4780 2780 4850; x_wconf 82' lang='grc' dir='ltr'>παρεκάλεσαν</span> <span class='ocrx_word' id='word_1_908' title='bbox 2803 4781 3044 4849; x_wconf 85' lang='grc' dir='ltr'>αὐτοὺς,</span> <span class='ocrx_word' id='word_1_909' title='bbox 3080 4781 3179 4835; x_wconf 78' lang='grc' dir='ltr'>καὶ</span> <span class='ocrx_word' id='word_1_910' title='bbox 3216 4780 3611 4850; x_wconf 76' lang='grc' dir='ltr'>ἐξαγαγόντες</span> <span class='ocrx_word' id='word_1_911' title='bbox 3642 4777 3789 4846; x_wconf 73' lang='grc' dir='ltr'>ἠρώ-</span> 
     </span>
    </p>
   </div>
   <div class='ocr_carea' id='block_1_116' title="bbox 2119 4863 3790 4939">
    <p class='ocr_par' dir='ltr' id='par_1_116' title="bbox 2119 4863 3790 4939">
     <span class='ocr_line' id='line_1_117' title="bbox 2119 4863 3790 4939; baseline -0.004 -12"><span class='ocrx_word' id='word_1_912' title='bbox 2119 4886 2238 4927; x_wconf 80' lang='grc' dir='ltr'>των</span> <span class='ocrx_word' id='word_1_913' title='bbox 2279 4870 2551 4936; x_wconf 76' lang='grc' dir='ltr'>ἐξελθεῖν</span> <span class='ocrx_word' id='word_1_914' title='bbox 2590 4869 2702 4939; x_wconf 81' lang='grc' dir='ltr'>τῆς</span> <span class='ocrx_word' id='word_1_915' title='bbox 2738 4871 2989 4936; x_wconf 84' lang='grc' dir='ltr'>πόλεως.</span> <span class='ocrx_word' id='word_1_916' title='bbox 3041 4868 3427 4935; x_wconf 79' lang='grc' dir='ltr'>Ἐξελθόντες</span> <span class='ocrx_word' id='word_1_917' title='bbox 3464 4866 3533 4921; x_wconf 84' lang='grc' dir='ltr'>δὲ</span> <span class='ocrx_word' id='word_1_918' title='bbox 3571 4867 3641 4921; x_wconf 81' lang='grc' dir='ltr'>ἐκ</span> <span class='ocrx_word' id='word_1_919' title='bbox 3679 4863 3790 4935; x_wconf 82' lang='grc' dir='ltr'>τῆς</span> 
     </span>
    </p>
   </div>
   <div class='ocr_carea' id='block_1_117' title="bbox 2118 4955 3788 5029">
    <p class='ocr_par' dir='ltr' id='par_1_117' title="bbox 2118 4955 3788 5029">
     <span class='ocr_line' id='line_1_118' title="bbox 2118 4955 3788 5029; baseline -0.002 -18"><span class='ocrx_word' id='word_1_920' title='bbox 2118 4956 2422 5027; x_wconf 72' lang='grc' dir='ltr'>φυλακῆς,</span> <span class='ocrx_word' id='word_1_921' title='bbox 2471 4956 2762 5029; x_wconf 75' lang='grc' dir='ltr'>εἰσῆλθον</span> <span class='ocrx_word' id='word_1_922' title='bbox 2802 4958 2949 5026; x_wconf 83' lang='grc' dir='ltr'>πρὸς</span> <span class='ocrx_word' id='word_1_923' title='bbox 2987 4958 3101 5027; x_wconf 78' lang='grc' dir='ltr'>τὴν</span> <span class='ocrx_word' id='word_1_924' title='bbox 3143 4955 3394 5021; x_wconf 83' lang='grc' dir='ltr'>Λυδίαν,</span> <span class='ocrx_word' id='word_1_925' title='bbox 3432 4955 3530 5010; x_wconf 83' lang='grc' dir='ltr'>καὶ</span> <span class='ocrx_word' id='word_1_926' title='bbox 3562 4955 3788 5019; x_wconf 77' lang='grc' dir='ltr'>ἰδόντες</span> 
     </span>
    </p>
   </div>
   <div class='ocr_carea' id='block_1_118' title="bbox 2118 5042 3786 5115">
    <p class='ocr_par' dir='ltr' id='par_1_118' title="bbox 2118 5042 3786 5115">
     <span class='ocr_line' id='line_1_119' title="bbox 2118 5042 3786 5115; baseline -0.002 -15"><span class='ocrx_word' id='word_1_927' title='bbox 2118 5045 2260 5112; x_wconf 88' lang='grc' dir='ltr'>τοὺς</span> <span class='ocrx_word' id='word_1_928' title='bbox 2291 5044 2593 5115; x_wconf 62' lang='grc' dir='ltr'>ἀδελφοὺς</span> <span class='ocrx_word' id='word_1_929' title='bbox 2627 5044 3050 5113; x_wconf 81' lang='grc' dir='ltr'>παρεκάλεσαν</span> <span class='ocrx_word' id='word_1_930' title='bbox 3083 5046 3324 5112; x_wconf 80' lang='grc' dir='ltr'>αὐτοὺς,</span> <span class='ocrx_word' id='word_1_931' title='bbox 3363 5043 3460 5097; x_wconf 69' lang='grc' dir='ltr'>καί</span> <span class='ocrx_word' id='word_1_932' title='bbox 3501 5042 3786 5109; x_wconf 81' lang='grc' dir='ltr'>ἐξῆλθον.</span> 
     </span>
    </p>
   </div>
   <div class='ocr_carea' id='block_1_119' title="bbox 2120 5130 3786 5208">
    <p class='ocr_par' dir='ltr' id='par_1_119' title="bbox 2120 5130 3786 5208">
     <span class='ocr_line' id='line_1_120' title="bbox 2120 5130 3786 5208; baseline -0.004 -20"><span class='ocrx_word' id='word_1_933' title='bbox 2120 5135 2231 5188; x_wconf 80' lang='lat' dir='ltr'><strong><em>Kal</em></strong></span> <span class='ocrx_word' id='word_1_934' title='bbox 2257 5134 2365 5189; x_wconf 89' lang='grc' dir='ltr'>τῶν</span> <span class='ocrx_word' id='word_1_935' title='bbox 2389 5136 2710 5208; x_wconf 89' lang='grc' dir='ltr'>στρατηγῶν</span> <span class='ocrx_word' id='word_1_936' title='bbox 2746 5135 3100 5206; x_wconf 84' lang='grc' dir='ltr'>δηλωσάντων</span> <span class='ocrx_word' id='word_1_937' title='bbox 3129 5137 3157 5189; x_wconf 89' lang='grc' dir='ltr'>ὁ</span> <span class='ocrx_word' id='word_1_938' title='bbox 3197 5132 3407 5196; x_wconf 82' lang='grc' dir='ltr'>Παῦλος</span> <span class='ocrx_word' id='word_1_939' title='bbox 3433 5132 3532 5184; x_wconf 91' lang='grc' dir='ltr'>ούκ</span> <span class='ocrx_word' id='word_1_940' title='bbox 3568 5130 3786 5202; x_wconf 73' lang='grc' dir='ltr'>ἐξέρχεο</span> 
     </span>
    </p>
   </div>
   <div class='ocr_carea' id='block_1_120' title="bbox 2118 5221 3785 5300">
    <p class='ocr_par' dir='ltr' id='par_1_120' title="bbox 2118 5221 3785 5300">
     <span class='ocr_line' id='line_1_121' title="bbox 2118 5221 3785 5300; baseline -0.006 -16"><span class='ocrx_word' id='word_1_941' title='bbox 2118 5247 2205 5284; x_wconf 83' lang='grc' dir='ltr'>ται</span> <span class='ocrx_word' id='word_1_942' title='bbox 2224 5247 2239 5261; x_wconf 76' lang='grc' dir='ltr'><strong><em>ο</em></strong></span> <span class='ocrx_word' id='word_1_943' title='bbox 2269 5229 2409 5299; x_wconf 89' lang='grc' dir='ltr'>τάχα</span> <span class='ocrx_word' id='word_1_944' title='bbox 2436 5228 2524 5283; x_wconf 83' lang='grc' dir='ltr'>διὰ</span> <span class='ocrx_word' id='word_1_945' title='bbox 2552 5228 2651 5300; x_wconf 79' lang='grc' dir='ltr'>τὴν</span> <span class='ocrx_word' id='word_1_946' title='bbox 2684 5228 2882 5283; x_wconf 87' lang='grc' dir='ltr'>Λυδίαν</span> <span class='ocrx_word' id='word_1_947' title='bbox 2904 5240 2953 5293; x_wconf 69' lang='grc' dir='ltr'>ε,</span> <span class='ocrx_word' id='word_1_948' title='bbox 2979 5227 3076 5282; x_wconf 67' lang='grc' dir='ltr'>κα)⁸</span> <span class='ocrx_word' id='word_1_949' title='bbox 3101 5226 3227 5290; x_wconf 77' lang='grc' dir='ltr'>τοὺς</span> <span class='ocrx_word' id='word_1_950' title='bbox 3258 5223 3452 5287; x_wconf 74' lang='grc' dir='ltr'>ἄλλους</span> <span class='ocrx_word' id='word_1_951' title='bbox 3485 5221 3750 5291; x_wconf 82' lang='grc' dir='ltr'>ἀδελφούς</span> <span class='ocrx_word' id='word_1_952' title='bbox 3770 5238 3785 5253; x_wconf 76' lang='grc' dir='ltr'><strong>ο</strong></span> 
     </span>
    </p>
   </div>
   <div class='ocr_carea' id='block_1_121' title="bbox 2119 5308 3790 5390">
    <p class='ocr_par' dir='ltr' id='par_1_121' title="bbox 2119 5308 3790 5390">
     <span class='ocr_line' id='line_1_122' title="bbox 2119 5308 3790 5390; baseline -0.005 -17"><span class='ocrx_word' id='word_1_953' title='bbox 2119 5318 2152 5390; x_wconf 82' lang='grc' dir='ltr'>ἢ</span> <span class='ocrx_word' id='word_1_954' title='bbox 2191 5318 2288 5372; x_wconf 77' lang='grc' dir='ltr'>καὶ</span> <span class='ocrx_word' id='word_1_955' title='bbox 2345 5316 2528 5387; x_wconf 88' lang='grc' dir='ltr'>φοϐῶν</span> <span class='ocrx_word' id='word_1_956' title='bbox 2574 5317 2790 5382; x_wconf 84' lang='grc' dir='ltr'>αὐτοὺς,</span> <span class='ocrx_word' id='word_1_957' title='bbox 2832 5317 2921 5371; x_wconf 80' lang='grc' dir='ltr'>ίνα</span> <span class='ocrx_word' id='word_1_958' title='bbox 2977 5315 3053 5388; x_wconf 82' lang='grc' dir='ltr'>μὴ</span> <span class='ocrx_word' id='word_1_959' title='bbox 3110 5312 3438 5385; x_wconf 88' lang='grc' dir='ltr'>νομισθῶσιν</span> <span class='ocrx_word' id='word_1_960' title='bbox 3486 5308 3790 5389; x_wconf 70' lang='grc' dir='ltr'>ἠξιωκότες</span> 
     </span>
    </p>
   </div>
   <div class='ocr_carea' id='block_1_122' title="bbox 2117 5396 3787 5475">
    <p class='ocr_par' dir='ltr' id='par_1_122' title="bbox 2117 5396 3787 5475">
     <span class='ocr_line' id='line_1_123' title="bbox 2117 5396 3787 5475; baseline -0.006 -15"><span class='ocrx_word' id='word_1_961' title='bbox 2117 5404 2515 5475; x_wconf 86' lang='grc' dir='ltr'>ἀπολελύσθαι,</span> <span class='ocrx_word' id='word_1_962' title='bbox 2568 5406 2667 5461; x_wconf 72' lang='grc' dir='ltr'>καὶ</span> <span class='ocrx_word' id='word_1_963' title='bbox 2717 5404 2805 5459; x_wconf 71' lang='grc' dir='ltr'>ἵνα</span> <span class='ocrx_word' id='word_1_964' title='bbox 2840 5405 2938 5459; x_wconf 71' lang='grc' dir='ltr'>καὶ</span> <span class='ocrx_word' id='word_1_965' title='bbox 2990 5404 3117 5466; x_wconf 82' lang='grc' dir='ltr'>τοὺς</span> <span class='ocrx_word' id='word_1_966' title='bbox 3172 5401 3365 5466; x_wconf 78' lang='grc' dir='ltr'>ἄλλους</span> <span class='ocrx_word' id='word_1_967' title='bbox 3392 5401 3451 5454; x_wconf 88' lang='grc' dir='ltr'>ἐν</span> <span class='ocrx_word' id='word_1_968' title='bbox 3504 5396 3787 5472; x_wconf 66' lang='grc' dir='ltr'>παρρησίᾳ</span> 
     </span>
    </p>
   </div>
   <div class='ocr_carea' id='block_1_123' title="bbox 2115 5483 3787 5568">
    <p class='ocr_par' dir='ltr' id='par_1_123' title="bbox 2115 5483 3787 5568">
     <span class='ocr_line' id='line_1_124' title="bbox 2115 5483 3787 5568; baseline -0.005 -19"><span class='ocrx_word' id='word_1_969' title='bbox 2115 5497 2519 5567; x_wconf 84' lang='grc' dir='ltr'>καταστήσωσι.</span> <span class='ocrx_word' id='word_1_970' title='bbox 2549 5493 2842 5568; x_wconf 83' lang='grc' dir='ltr'>Τριπλοῦν,</span> <span class='ocrx_word' id='word_1_971' title='bbox 2880 5491 3175 5563; x_wconf 77' lang='grc' dir='ltr'>ἀγαπητοὶ,</span> <span class='ocrx_word' id='word_1_972' title='bbox 3213 5490 3275 5544; x_wconf 80' lang='grc' dir='ltr'>τὸ</span> <span class='ocrx_word' id='word_1_973' title='bbox 3304 5483 3673 5562; x_wconf 72' lang='grc' dir='ltr'>ἐγκλημαῆν,</span> <span class='ocrx_word' id='word_1_974' title='bbox 3701 5487 3787 5540; x_wconf 84' lang='grc' dir='ltr'>ὅτι</span> 
     </span>
    </p>
   </div>
   <div class='ocr_carea' id='block_1_124' title="bbox 2116 5575 3786 5654">
    <p class='ocr_par' dir='ltr' id='par_1_124' title="bbox 2116 5575 3786 5654">
     <span class='ocr_line' id='line_1_125' title="bbox 2116 5575 3786 5654; baseline -0.007 -15"><span class='ocrx_word' id='word_1_975' title='bbox 2116 5585 2211 5639; x_wconf 73' lang='grc' dir='ltr'>καὶ</span> <span class='ocrx_word' id='word_1_976' title='bbox 2254 5585 2575 5654; x_wconf 88' lang='grc' dir='ltr'>Ῥωμαίους,</span> <span class='ocrx_word' id='word_1_977' title='bbox 2607 5583 2703 5638; x_wconf 83' lang='grc' dir='ltr'>καὶ</span> <span class='ocrx_word' id='word_1_978' title='bbox 2739 5581 3157 5649; x_wconf 84' lang='grc' dir='ltr'>ἀκατακρίτους.</span> <span class='ocrx_word' id='word_1_979' title='bbox 3196 5580 3290 5634; x_wconf 79' lang='grc' dir='ltr'>καὶ</span> <span class='ocrx_word' id='word_1_980' title='bbox 3326 5578 3561 5652; x_wconf 73' lang='grc' dir='ltr'>δημοσία</span> <span class='ocrx_word' id='word_1_981' title='bbox 3592 5575 3786 5631; x_wconf 76' lang='grc' dir='ltr'>ἔϐαλον</span> 
     </span>
    </p>
   </div>
   <div class='ocr_carea' id='block_1_125' title="bbox 2115 5662 3786 5742">
    <p class='ocr_par' dir='ltr' id='par_1_125' title="bbox 2115 5662 3786 5742">
     <span class='ocr_line' id='line_1_126' title="bbox 2115 5662 3786 5742; baseline -0.005 -16"><span class='ocrx_word' id='word_1_982' title='bbox 2115 5674 2194 5738; x_wconf 81' lang='grc' dir='ltr'>εἰς</span> <span class='ocrx_word' id='word_1_983' title='bbox 2234 5672 2499 5742; x_wconf 85' lang='grc' dir='ltr'>φυλακήν.</span> <span class='ocrx_word' id='word_1_984' title='bbox 2545 5671 2740 5742; x_wconf 80' lang='grc' dir='ltr'>Ὁρᾷς,</span> <span class='ocrx_word' id='word_1_985' title='bbox 2777 5671 2860 5724; x_wconf 85' lang='grc' dir='ltr'>ὅτι</span> <span class='ocrx_word' id='word_1_986' title='bbox 2902 5670 2995 5723; x_wconf 77' lang='lat' dir='ltr'><strong><em>xal</em></strong></span> <span class='ocrx_word' id='word_1_987' title='bbox 3041 5667 3357 5739; x_wconf 82' lang='grc' dir='ltr'>ἀνθρώπινα</span> <span class='ocrx_word' id='word_1_988' title='bbox 3388 5662 3786 5729; x_wconf 79' lang='grc' dir='ltr'>κατεσκεύαζον</span> 
     </span>
    </p>
   </div>
   <div class='ocr_carea' id='block_1_126' title="bbox 2116 5751 3783 5829">
    <p class='ocr_par' dir='ltr' id='par_1_126' title="bbox 2116 5751 3783 5829">
     <span class='ocr_line' id='line_1_127' title="bbox 2116 5751 3783 5829; baseline -0.007 -12"><span class='ocrx_word' id='word_1_989' title='bbox 2116 5760 2306 5817; x_wconf 87' lang='grc' dir='ltr'>πολλά.</span> <span class='ocrx_word' id='word_1_990' title='bbox 2368 5758 2742 5829; x_wconf 82' lang='grc' dir='ltr'>Ἐξετάσωμεν</span> <span class='ocrx_word' id='word_1_991' title='bbox 2788 5757 2925 5828; x_wconf 78' lang='grc' dir='ltr'>πρὸς</span> <span class='ocrx_word' id='word_1_992' title='bbox 2972 5756 3188 5828; x_wconf 86' lang='grc' dir='ltr'>ἐκείνην</span> <span class='ocrx_word' id='word_1_993' title='bbox 3223 5756 3323 5828; x_wconf 73' lang='grc' dir='ltr'>τὴν</span> <span class='ocrx_word' id='word_1_994' title='bbox 3363 5754 3534 5810; x_wconf 87' lang='grc' dir='ltr'>νύκτα</span> <span class='ocrx_word' id='word_1_995' title='bbox 3580 5751 3783 5817; x_wconf 83' lang='grc' dir='ltr'>ταύτας</span> 
     </span>
    </p>
   </div>
   <div class='ocr_carea' id='block_1_127' title="bbox 2181 5852 3295 5923">
    <p class='ocr_par' dir='ltr' id='par_1_127' title="bbox 2181 5852 3295 5923">
     <span class='ocr_line' id='line_1_128' title="bbox 2181 5852 3295 5923; baseline -0.003 -14"><span class='ocrx_word' id='word_1_996' title='bbox 2181 5861 2206 5894; x_wconf 75' lang='grc'><strong><em>⁸</em></strong></span> <span class='ocrx_word' id='word_1_997' title='bbox 2232 5858 2333 5910; x_wconf 71' lang='lat' dir='ltr'><strong><em>Alli</em></strong></span> <span class='ocrx_word' id='word_1_998' title='bbox 2356 5858 2611 5923; x_wconf 69' lang='grc' dir='ltr'>ἐξέρχεται,</span> <span class='ocrx_word' id='word_1_999' title='bbox 2634 5852 2756 5906; x_wconf 79' lang='grc' dir='ltr'>ἀλλὰ</span> <span class='ocrx_word' id='word_1_1000' title='bbox 2781 5857 2864 5905; x_wconf 86' lang='grc' dir='ltr'>καὶ</span> <span class='ocrx_word' id='word_1_1001' title='bbox 2886 5855 2964 5907; x_wconf 71' lang='grc' dir='ltr'>διὰ</span> <span class='ocrx_word' id='word_1_1002' title='bbox 2993 5853 3079 5914; x_wconf 81' lang='grc' dir='ltr'>τήν</span> <span class='ocrx_word' id='word_1_1003' title='bbox 3098 5855 3295 5906; x_wconf 78' lang='grc' dir='ltr'>Λυδίαν.</span> 
     </span>
    </p>
   </div>
  </div>
