4104 6148
473 274 576 330 257

476 411 674 467 morbi.
721 407 780 464 Si
807 408 862 462 in
888 403 1218 475 negotiorum
1245 399 1611 456 difﬁcultatem
1637 399 1854 464 incidat,
1881 396 2052 467 pulvis

474 512 528 558 et
550 501 688 556 cinis
709 497 983 561 redditur;
1028 493 1269 561 nihilque
1292 493 1342 548 ei
1368 490 1556 547 serica:
1591 499 1766 546 vestes
1804 498 2049 561 prosunt.

403 621 423 633 ο
477 590 601 646 llaec
630 605 737 644 non
768 588 886 643 sine
911 599 1072 640 causa
1099 599 1130 638 a
1161 583 1312 639 nobis
1335 583 1583 637 dicuntur
1605 623 1620 646 ,
1647 580 1743 637 sed
1770 587 1830 636 ut
1856 581 2052 636 docea-

475 699 612 751 tnus,
636 699 704 738 ne
728 683 848 754 quis
873 681 1046 735 otiose
1069 687 1124 733 et
1145 677 1400 732 inutiliter
1419 677 1579 729 vivat.
1627 671 1806 730 Otium
1831 688 2058 744 namque

477 787 531 834 et
558 776 766 832 delicia:
796 773 862 830 ad
894 787 1028 842 opus
1078 770 1314 834 inutiles,
1345 767 1410 822 ad
1439 767 1660 837 gloriam
1709 765 1882 820 solum
1910 773 1965 819 et
1991 762 2056 817 ad

476 869 805 937 voluptatem
835 873 980 920 sunt.
1038 860 1316 929 Quomodo
1344 874 1449 914 non
1480 873 1666 913 omnes
1696 858 1854 913 talem
1885 855 2059 910 homi-

475 975 601 1016 nem
630 958 929 1019 damnent,
960 953 1262 1019 domestici,
1291 950 1449 1006 amici
1473 991 1488 1017 ,
1521 949 1730 1019 cognati
1751 948 1774 999 ‘t
1795 949 1915 1018 quis
1952 960 2058 1001 non

474 1051 593 1121 jure
617 1047 792 1110 dicat,
824 1043 1039 1100 Pondus
1069 1051 1227 1098 terra:
1253 1041 1340 1095 hic
1364 1049 1469 1106 est,
1495 1039 1690 1093 frustra
1721 1037 1776 1092 in
1805 1036 2058 1091 mundum

480 1141 709 1214 prodiit;
739 1139 848 1194 imo
865 1152 972 1192 non
997 1135 1214 1199 frustra,
1243 1132 1338 1189 sed
1365 1133 1417 1187 in
1439 1131 1638 1186 malum
1667 1129 1855 1200 capitis
1880 1129 1984 1193 sui,
2006 1129 2059 1182 in

479 1232 774 1304 perniciem
817 1245 1006 1296 suam,
1045 1227 1100 1283 in
1143 1225 1393 1281 damnum
1450 1221 1719 1278 aliorum?
1770 1220 1895 1291 quid
1941 1220 2060 1275 dul-

480 1328 596 1382 cius
639 1324 750 1380 otio
815 1318 1101 1377 videmus?
1177 1317 1307 1374 illud
1351 1316 1492 1372 enim
1545 1321 1628 1370 est
1675 1313 1816 1384 quod
1870 1312 2062 1382 quatri-

482 1430 588 1485 tur,
639 1417 809 1473 otium
839 1423 894 1470 et
919 1411 1150 1468 vacatio.
1197 1409 1266 1464 Et
1293 1408 1419 1480 quid
1468 1406 1725 1477 ingratius
1762 1403 1919 1460 fuerit
1963 1403 2062 1458 ho-

481 1514 627 1566 mine
681 1506 814 1562 nihil
868 1503 1103 1559 habente
1153 1499 1295 1572 quod
1325 1497 1611 1571 operetur?
1661 1495 1788 1567 quid
1833 1494 2058 1560 foedius,

483 1598 609 1670 quid
660 1593 951 1653 miserius?
997 1606 1176 1646 annon
1207 1589 1310 1645 hoc
1334 1587 1632 1644 innumeris
1658 1586 1809 1656 pejus
1837 1594 1920 1640 est
1943 1584 2063 1638 vin-

484 1692 639 1759 culis,
689 1691 922 1744 oscitare
958 1699 1172 1755 semper
1198 1683 1251 1737 in
1282 1682 1398 1736 l'oro
1424 1680 1721 1744 sedentem,
1748 1692 1812 1733 ac
1842 1685 2062 1746 praster-

483 1793 675 1841 euntes
713 1777 992 1851 spectare?
1043 1776 1234 1832 Anima
1274 1772 1472 1844 quippe
1498 1786 1566 1826 ex
1591 1778 1778 1825 natura
1827 1767 2060 1831 habens,

485 1886 544 1929 ut
563 1886 778 1943 semper
800 1877 1094 1933 moveatur,
1110 1867 1341 1937 quietem
1363 1879 1470 1919 non
1491 1863 1610 1918 lert.
1634 1861 1714 1916 Ad
1735 1858 2061 1930 operandum

489 1969 627 2023 Deus
655 1965 758 2022 hoc
782 1962 979 2019 animal
1029 1960 1154 2016 fecit
1184 1981 1198 2016 :
1238 1957 1529 2014 secundum
1575 1963 1819 2009 naturam
1844 1952 1960 2022 ejus
1984 1959 2066 2005 est

490 2058 632 2130 quod
662 2064 912 2127 operetur
930 2096 945 2122 ,
973 2059 1158 2109 contra
1190 2059 1431 2105 naturam
1462 2047 1604 2119 quod
1630 2048 1701 2102 sit
1723 2046 1946 2100 otiosus.
1989 2041 2067 2098 Ne

493 2151 562 2203 ab
586 2149 737 2219 u-gris
765 2163 878 2203 rem
908 2145 1252 2216 exploremus
1272 2184 1286 2206 .
1312 2140 1408 2197 sed
1435 2139 1614 2210 operis
1641 2137 2061 2208 experimentum

1391 285 1459 341 IN
1498 283 1678 341 ACTA
1718 279 2239 340 APOSTOLORUM.
2279 275 2508 334 HOMIL.
2552 276 2788 335 XXXVI.
3038 294 3064 315 ν

3622 278 3726 336 258

2157 397 2448 466 capiamus.
2501 394 2643 452 Nihil
2691 397 2838 465 otio,
2867 396 3000 456 nihil
3049 396 3252 455 desidia
3299 395 3538 454 deterius
3564 413 3581 452 :
3606 395 3728 452 ideo

2160 491 2316 547 nobis
2337 489 2474 546 Deus
2494 489 2767 546 laborandi
2787 489 3155 546 necessitatem
3179 490 3452 560 imposuit.
3470 489 3732 547 Omnibus

2161 584 2359 654 quippe
2386 589 2544 638 nocet
2568 583 2758 650 otium,
2784 581 3021 651 ipsisque
3037 581 3278 652 corporis
3298 580 3572 637 membris.
3596 579 3731 635 Nam

2163 677 2350 732 oculus
2373 677 2416 730 si
2442 690 2549 732 non
2569 681 2836 745 operetur,
2858 673 3090 744 itemque
3112 688 3196 740 os,
3219 683 3404 731 venter
3425 683 3482 731 et
3505 672 3731 744 quodvis

2164 767 2465 823 membrum
2484 808 2499 834 ,
2529 766 2582 820 in
2608 775 2907 822 extremum
2951 765 3136 820 incidit
3163 767 3405 822 morbum
3435 785 3449 821 :
3477 766 3571 822 sed
3600 766 3735 820 nihil

2166 861 2237 916 ita
2265 859 2450 914 labore
2493 865 2616 929 eget
2644 869 2704 914 ut
2731 859 2928 914 anima.
2959 857 3108 915 Sicut
3135 867 3312 914 autem
3336 860 3504 914 otium
3535 859 3735 914 malum

2165 958 2268 1016 est,
2295 949 2368 1004 ita
2397 963 2608 1020 quoque
2632 951 2874 1019 operatio
2901 964 3007 1005 non
3033 964 3350 1019 congruens.
3377 950 3737 1018 Quemadmo-

2166 1044 2292 1100 dum
2320 1044 2464 1101 enitu
2509 1043 2556 1098 si
2607 1044 2725 1115 quis
2768 1059 2874 1098 non
2901 1043 3042 1110 edat,
3075 1043 3127 1098 in
3155 1042 3401 1098 dentibus
3427 1044 3662 1109 laeditur;
3690 1043 3738 1099 si

2168 1154 2286 1208 qttze
2314 1152 2418 1192 non
2446 1146 2756 1207 competunt
2782 1137 2924 1202 edat,
2954 1145 3013 1191 ut
3037 1135 3418 1207 obstupescant
3442 1135 3604 1191 efﬁcit
3626 1153 3642 1191 :
3665 1136 3738 1191 ita

2169 1240 2224 1287 et
2252 1230 2372 1296 hic,
2403 1229 2518 1284 sive
2573 1245 2679 1284 non
2726 1237 2992 1300 operetur,
3027 1230 3140 1284 sive
3186 1240 3438 1298 operetur
3481 1245 3599 1300 qua!
3630 1245 3736 1284 non

2169 1334 2400 1396 Oportet,
2429 1323 2536 1379 vim
2571 1323 2766 1379 amittit
2809 1337 2982 1378 suam.
3037 1322 3178 1392 Ergo
3222 1330 3504 1391 utrumque
3561 1321 3741 1393 lugere

2170 1417 2480 1472 Studeamus
2503 1455 2520 1484 ,
2550 1425 2606 1471 et
2635 1417 2800 1469 Otium
2829 1424 2884 1468 et
2907 1427 3042 1484 opus
3068 1414 3176 1468 otio
3201 1415 3433 1484 gravius.
3463 1414 3743 1481 Quodnam

2171 1509 2301 1565 illud
2329 1509 2448 1564 est?
2479 1507 2733 1570 Avaritia,
2766 1507 2866 1573 ira,
2897 1505 3110 1572 invidia,
3130 1506 3518 1574 contentiones,
3539 1508 3737 1576 caedes,

2171 1600 2564 1664 aemulationes,
2613 1607 2670 1654 et
2711 1597 2916 1668 reliqua
2945 1597 3090 1652 vitia.
3138 1596 3221 1651 Ab
3263 1595 3348 1651 his
3370 1612 3560 1654 vacare
3583 1598 3746 1654 debe-

2174 1708 2324 1759 mus,
2356 1701 2410 1747 et
2437 1692 2686 1746 virtutum
2715 1691 3076 1760 operationem
3121 1703 3242 1744 cum
3282 1690 3426 1745 omni
3471 1690 3743 1762 diligentia

2175 1787 2442 1858 persequi,
2487 1793 2544 1838 ut
2588 1784 2844 1855 promissa
2896 1797 3287 1852 consequamur
3340 1781 3519 1847 bona,
3572 1785 3741 1854 gratia

2173 1887 2228 1934 et
2268 1875 2590 1947 benignitate
2650 1873 2855 1928 Domini
2901 1873 3067 1928 nostri
3107 1872 3236 1928 Jesu
3279 1873 3501 1938 Christi,
3533 1875 3743 1944 quicum

2174 1973 2316 2030 Patri
2338 1981 2392 2028 et
2414 1968 2633 2042 Spiritui
2653 1976 2836 2024 sancto
2855 1967 3043 2038 gloria,
3065 1966 3366 2037 imperium,
3391 1966 3581 2034 honor,
3609 1980 3746 2021 nunc

2173 2076 2228 2123 et
2255 2078 2489 2134 semper,
2519 2067 2574 2119 et
2599 2060 2654 2117 in
2678 2060 2870 2116 saecula
2897 2059 3233 2116 saeculorum.
3279 2061 3468 2115 Amen.

518 2239 3750 2274 ______________________________————————————-——-—-——-—————-—

1793 2301 2140 2365 HOMILIA
2180 2300 2483 2361 XXXVI.

494 2420 618 2477 CAP.
649 2418 734 2473 16.
765 2431 815 2469 v.
847 2415 936 2470 25.
992 2412 1164 2468 Media
1218 2419 1386 2464 autem
1432 2418 1577 2463 nocte
1612 2406 1810 2461 Paulus
1841 2417 1887 2461 et
1931 2404 2072 2460 Silas

562 2521 762 2566 orantes
802 2505 1078 2562 laudabant
1139 2505 1334 2568 Deum;
1373 2513 1420 2557 et
1456 2499 1726 2556 audiebant
1773 2515 1856 2554 eos
1888 2497 2062 2552 uincti.

564 2606 654 2660 26.
690 2603 870 2660 Subito
897 2617 1013 2655 vero
1042 2609 1188 2653 terra:
1229 2606 1392 2652 motus
1433 2597 1598 2665 factus
1627 2603 1699 2648 est
1728 2607 1973 2663 magnus,
2002 2591 2076 2645 ita

569 2709 622 2752 ut
648 2708 958 2752 moverentur
997 2692 1326 2763 fundamenta
1357 2687 1608 2744 carceris:
1633 2695 1678 2741 et
1701 2686 1868 2740 statim
1892 2693 2072 2756 aperta

564 2799 682 2845 sunt
735 2788 904 2843 omnia
947 2786 1113 2852 ostia,
1161 2792 1208 2838 et
1250 2782 1596 2836 uniuersorum
1650 2778 1851 2832 uincula
1911 2774 2077 2831 soluta

570 2891 706 2938 sunt.

573 2994 626 3045 1.
653 2989 786 3059 Quid
809 2989 890 3044 his
911 3003 1006 3058 par
1028 2985 1187 3041 fuerit
1207 2979 1519 3039 animabus?
1547 2979 1725 3049 Virgis
1742 2979 1866 3034 ctesi
1887 2977 2079 3034 multas

506 3098 690 3154 plagas
727 3087 1059 3151 acceperant,
1090 3077 1444 3134 contumelias
1480 3084 1537 3129 et
1578 3083 1814 3128 extrema
1847 3072 2078 3142 pericula

508 3177 800 3242 subierunt,
832 3175 882 3228 in
909 3174 1052 3244 ligno
1078 3172 1239 3226 vincti
1271 3177 1440 3233 erant,
1475 3167 1526 3222 in
1554 3180 1770 3221 carcere
1801 3165 2076 3219 interiori:

507 3280 562 3325 et
601 3285 667 3324 ne
694 3268 770 3322 sic
795 3266 1006 3337 quidem
1034 3279 1280 3320 somnum
1308 3276 1502 3332 capere
1533 3258 1804 3323 volebant,
1835 3255 1932 3313 sed
1959 3271 2080 3323 per-

506 3359 744 3428 vigilium
764 3357 1009 3426 agebant.
1035 3353 1237 3410 Videtis
1258 3360 1512 3422 quantum
1534 3350 1603 3404 sit
1627 3347 1840 3402 afﬂictio
1861 3345 2082 3400 bonum?

505 3450 612 3506 Nos
650 3459 828 3503 autem
876 3449 928 3501 in
972 3445 1221 3501 mollibus
1260 3442 1410 3498 lectis
1436 3441 1554 3497 sine
1603 3441 1711 3494 ullo
1749 3448 1951 3493 terrore
1989 3451 2083 3505 per

509 3550 672 3594 totam
727 3540 1022 3594 dormimus
1071 3547 1300 3592 noctem.
1358 3535 1518 3590 Forte
1575 3532 1695 3588 ideo
1749 3528 2080 3600 pervigilium

505 3635 752 3702 agebant,
805 3630 928 3701 quia
971 3630 1072 3684 hoc
1112 3631 1166 3683 in
1205 3636 1348 3682 statu
1377 3633 1548 3680 erant.
1601 3623 1718 3677 Non
1751 3623 1870 3675 illos
1908 3622 2082 3676 somni

514 3725 758 3796 tyrannis
801 3723 960 3792 cepit,
1009 3736 1112 3775 non
1151 3720 1306 3774 dolor
1344 3717 1568 3780 inﬂexit,
1601 3729 1706 3768 non
1756 3714 1915 3768 timor
1953 3726 2085 3767 con-

511 3823 782 3872 sternatos
807 3811 1075 3878 reddidit;
1116 3811 1208 3866 sed
1241 3810 1355 3863 haec
1387 3807 1557 3862 multo
1597 3804 1764 3876 magis
1793 3804 1913 3859 illos
1944 3800 2088 3858 exci-

513 3907 717 3975 tabent,
762 3915 818 3962 et
862 3905 1025 3960 multa
1057 3901 1337 3973 replebant
1377 3899 1668 3967 voluptate.
1715 3894 1893 3950 Media
1918 3903 2088 3947 autem

513 4009 677 4065 nocte,
742 3998 934 4067 inquit,
992 4004 1194 4049 orantes
1249 3991 1527 4047 laudabant
1572 3989 1773 4043 Deum:
1821 3985 2090 4040 audiebant

512 4100 676 4143 autem
715 4090 830 4142 illos
876 4088 1046 4142 vincti.
1098 4087 1306 4141 Novum
1339 4083 1482 4138 enim
1513 4089 1567 4136 et
1603 4078 1922 4149 stupendum
1952 4076 2091 4130 vide-

514 4180 666 4234 batur
689 4193 830 4234 esse.
855 4178 1035 4233 Subito
1057 4193 1168 4230 vero
1201 4186 1346 4230 terra:
1375 4182 1537 4227 motus
1569 4175 1732 4244 factus
1757 4178 1827 4224 est
1854 4183 2086 4238 magnus,

514 4273 586 4326 ita
611 4284 664 4326 ut
694 4282 1012 4326 morerentur
1040 4270 1366 4342 fundamenta
1385 4267 1602 4320 carceris
1622 4280 1641 4318 :
1671 4274 1716 4317 et
1739 4262 1910 4317 statim
1937 4275 2088 4328 aper-

515 4374 565 4415 ta
584 4374 702 4418 sunt
744 4365 874 4418 ostia
899 4364 1090 4429 omnia,
1111 4373 1160 4416 et
1179 4361 1526 4415 universorum
1544 4355 1745 4409 vincula
1764 4353 1930 4406 soluta
1950 4361 2087 4404 sunt.

514 4454 694 4510 Terrae
734 4466 906 4510 motus
945 4455 1113 4509 factus
1149 4461 1250 4518 est,
1290 4452 1363 4505 ita
1390 4458 1448 4504 ut
1475 4458 1661 4502 custos
1699 4446 2025 4500 excitaretur
2055 4459 2086 4498 a

514 4563 739 4614 somno;
762 4558 815 4604 et
834 4549 970 4604 ostia
991 4554 1175 4617 aperta
1203 4553 1347 4610 sunt,
1373 4543 1443 4597 ita
1464 4549 1522 4595 ut
1541 4555 1628 4595 res
1648 4547 1789 4594 esset
1807 4534 2087 4590 mirabilis.

517 4640 642 4696 Haec
667 4639 830 4694 vincti
861 4655 967 4693 non
1000 4637 1286 4700 videbant;
1316 4631 1552 4703 alioquin
1584 4629 1845 4700 fugissent
1875 4641 2089 4682 omnes.

515 4731 602 4787 27.
641 4731 1039 4803 Expergefactus
1066 4739 1232 4783 autem
1255 4735 1442 4790 custos,
1471 4734 1516 4779 et
1541 4723 1712 4777 uidens
1728 4723 1918 4792 januas
1946 4737 2093 4789 aper-

517 4835 592 4878 tas
632 4824 868 4892 carceris,
917 4823 1178 4894 euaginato
1227 4819 1402 4892 gladio
1443 4815 1637 4872 volebat
1683 4830 1736 4870 se
1781 4814 2087 4882 inter/icere,

517 4917 770 4970 testimans
827 4916 1016 4987 fugisse
1069 4916 1280 4968 uinctos.
1329 4912 1419 4968 28.
1473 4909 1719 4966 Clamavit
1761 4916 1927 4960 autent
1976 4921 2093 4960 uoce

520 5025 702 5079 magna
732 5008 949 5070 Paulus,
980 5009 1184 5062 dicens:
1215 5006 1363 5060 Nihil
1387 5005 1470 5058 tibi
1491 5004 1615 5058 mali
1635 5002 1850 5072 feceris:
1873 4999 2091 5053 universi

518 5104 650 5156 enim
681 5103 761 5156 hic
787 5118 982 5155 sumus.
1033 5101 1338 5155 Admiratus
1375 5107 1457 5153 est
1504 5098 1668 5165 magis
1707 5093 2092 5165 benignitatem

520 5192 706 5249 Pauli:
735 5194 1012 5263 obstupuit
1043 5192 1426 5256 fortitudinem,
1457 5190 1597 5260 quod
1629 5204 1748 5242 cum
1772 5187 1954 5255 lugere
1983 5199 2095 5255 pos-

520 5296 622 5353 set,
656 5301 762 5340 non
813 5285 1024 5355 fugerit,
1056 5292 1110 5337 et
1135 5282 1276 5352 quod
1317 5283 1485 5350 ipsum
1528 5297 1558 5335 a
1585 5280 1731 5335 caede
1773 5277 2091 5332 cohibuerit.

522 5379 611 5436 29.
643 5378 813 5433 Petito
831 5385 996 5429 autent
1023 5375 1210 5428 lumine
1229 5375 1561 5442 introgressus
1581 5381 1674 5437 est,
1699 5380 1746 5424 et
1777 5370 2096 5439 tremefactus

527 5472 739 5540 procidit
769 5479 887 5524 ante
928 5467 1152 5522 Paulum
1191 5474 1236 5518 et
1286 5463 1470 5529 Silam,
1503 5463 1590 5518 50.
1636 5473 1680 5517 et
1707 5460 1987 5531 producens
2015 5475 2098 5513 eos

527 5563 682 5630 foras,
712 5563 871 5615 dixit:
915 5559 1142 5618 Domini,
1170 5557 1290 5626 quid
1325 5571 1403 5608 me
1441 5565 1634 5622 oportet
1663 5559 1828 5625 facere
1853 5561 1907 5605 ut
1931 5551 2097 5606 salvus

527 5651 885 5722 ﬁtIM?Viden‘
914 5661 1108 5722 quanta
1140 5650 1288 5704 illum
1318 5647 1518 5716 ceperit
1547 5643 1866 5699 admiratio?
1895 5645 1982 5698 5i.
2035 5643 2098 5694 At

526 5743 600 5800 illi
633 5746 899 5802 dixerunt:
938 5743 1097 5801 Crede
1139 5743 1192 5798 in
1231 5737 1703 5797 Dominumlesum
1744 5736 2018 5804 Christum,
2051 5743 2095 5789 et

2126 2463 2130 2465 ἓ
2179 2403 2348 2458 salvus
2377 2402 2473 2456 eris
2503 2410 2557 2454 tu
2584 2409 2628 2454 et
2657 2400 2837 2453 domus
2864 2408 2969 2453 tua.
3002 2397 3090 2454 52.
3119 2398 3187 2452 Et
3215 2400 3405 2470 loquuti
3431 2412 3546 2456 sunt
3573 2403 3616 2455 ei
3643 2417 3754 2456 uer-

2181 2496 2295 2549 bum
2323 2492 2553 2558 Domini,
2585 2504 2630 2546 et
2659 2495 2891 2546 omnibus
2918 2493 3006 2560 qui
3033 2501 3176 2546 erant
3205 2493 3258 2545 in
3285 2493 3434 2546 domo
3460 2494 3588 2563 ejus.
3617 2493 3750 2559 Quia

2179 2585 2361 2642 statim
2400 2584 2600 2655 loquuti
2643 2594 2770 2639 sunt
2815 2584 2912 2650 illi,
2952 2583 3290 2639 declararunt
3335 2585 3751 2640 misericordiam

2180 2693 2304 2750 erga
2335 2677 2503 2732 illum.
2531 2677 2619 2731 55.
2640 2673 2708 2730 Et
2737 2676 3006 2745 assumptis
3029 2675 3133 2730 illis
3161 2677 3214 2728 in
3232 2677 3405 2729 eadem
3427 2675 3553 2730 hora
3573 2678 3753 2741 noctis,

2183 2771 2304 2827 lauit
2341 2771 2521 2841 plagas
2571 2785 2776 2824 eorum:
2801 2777 2847 2822 et
2890 2769 3174 2838 baptizatus
3211 2777 3285 2821 est
3331 2768 3474 2836 ipse,
3503 2777 3551 2821 et
3590 2769 3756 2824 omnis

2184 2864 2364 2918 domus
2409 2864 2517 2932 ejus
2565 2863 2820 2917 continuo.
2853 2861 2941 2917 54.
2989 2859 3209 2930 Cumque
3239 2860 3552 2930 perduxisset
3577 2876 3661 2914 eos
3699 2865 3753 2914 in

2185 2958 2390 3013 domum
2415 2972 2579 3023 suam,
2607 2956 2843 3026 apposuit
2869 2970 3110 3018 mensam,
3139 2962 3184 3007 et
3209 2955 3471 3007 exsultavit
3499 2971 3616 3007 cum
3651 2964 3754 3008 tota

2186 3049 2335 3104 domo
2367 3049 2577 3104 credens
2615 3046 2741 3101 Deo.
2781 3046 2933 3101 Lavit
2957 3061 3068 3112 eos,
3105 3046 3255 3116 quasi
3300 3047 3525 3117 gratiam
3562 3063 3755 3118 repen~

2186 3131 2341 3210 dens,
2373 3151 2428 3198 et
2455 3142 2533 3197 sic
2564 3141 2685 3197 illos
2721 3141 3009 3196 honorans.
3056 3139 3145 3195 55.
3189 3138 3256 3192 Et
3293 3156 3409 3193 cum
3459 3141 3568 3194 dies
3595 3145 3757 3209 factus

2185 3244 2331 3301 esset,
2360 3235 2602 3289 miserunt
2625 3234 2952 3303 magistratus
2992 3233 3212 3297 lictores,
3253 3232 3509 3286 dicentes:
3549 3230 3761 3286 Dimitte

2186 3329 2412 3382 homines
2441 3327 2577 3381 illos.
2624 3324 2994 3396 Cognoverant
3018 3324 3152 3379 forte
3173 3326 3363 3379 factum
3395 3325 3757 3394 magistratus,

2188 3427 2242 3473 et
2271 3433 2375 3473 non
2403 3417 2671 3476 audebant
2697 3432 2791 3487 per
2817 3418 3020 3486 seipsos
3048 3417 3335 3471 dimittere.
3364 3417 3451 3470 56.
3491 3414 3760 3469 Nuntiavit

2187 3524 2354 3568 autem
2379 3522 2543 3567 custos
2569 3512 2784 3566 carceris
2808 3511 2955 3564 verba
2983 3510 3090 3564 hac
3116 3507 3305 3573 Paulo,
3334 3509 3542 3562 dicens:
3594 3507 3756 3562 Misc—

2189 3612 2306 3658 runt
2331 3604 2672 3673 magistratus,
2694 3611 2748 3655 ut
2776 3600 3117 3654 dimittamini.
3147 3599 3298 3652 Nunc
3323 3600 3480 3669 igitur
3505 3607 3757 3663 exeuntes,

2189 3695 2257 3750 ite
2283 3696 2335 3750 in
2357 3711 2498 3764 pace.
2531 3693 2726 3748 Paulus
2751 3704 2918 3748 autem
2941 3693 3067 3747 dixit
3091 3693 3193 3747 eis:
3221 3693 3309 3748 57.
3352 3692 3519 3745 Cwsos
3548 3707 3639 3744 nos
3669 3707 3761 3759 pu-

2193 3788 2337 3855 blice,
2368 3787 2700 3851 indemnatos,
2728 3785 2953 3840 homines
2985 3782 3258 3850 Romanos,
3291 3783 3534 3836 miserunt
3557 3782 3613 3836 in
3647 3797 3762 3834 car-

2191 3897 2389 3943 cerem;
2431 3888 2479 3932 et
2519 3895 2654 3933 nunc
2695 3879 2884 3933 occulte
2935 3893 3026 3931 nos
3068 3878 3314 3946 ejiciunt?
3366 3875 3488 3932 Non
3537 3877 3627 3942 ita,
3675 3877 3767 3930 sed

2192 3975 2412 4039 ueniant,
2453 3972 2545 4029 58.
2595 3983 2644 4026 et
2695 3973 2792 4042 ipsi
2835 3988 2926 4026 nos
2976 3972 3198 4038 ejiciant.
3252 3969 3564 4024 Nuntiarunt
3598 3979 3765 4024 autem

2196 4065 2564 4138 magistratibus
2587 4065 2786 4120 lictores
2811 4064 2917 4118 haec
2938 4063 3084 4117 verba
3101 4078 3122 4116 :
3147 4063 3515 4132 timueruntque
3550 4062 3764 4116 audien-

2195 4169 2285 4222 tes,
2316 4159 2450 4229 quod
2488 4156 2707 4211 Romani
2736 4166 2917 4210 essent.
2945 4154 3033 4208 59.
3065 4153 3129 4204 Et
3156 4153 3341 4222 egressi
3370 4153 3619 4220 deprecati
3644 4162 3763 4206 sunt

2195 4266 2298 4312 eos,
2329 4259 2374 4302 et
2403 4247 2606 4303 eductos
2629 4245 2892 4318 rogabant,
2922 4255 2974 4298 ut
2994 4243 3348 4314 egrederentur
3373 4260 3401 4296 e
3432 4244 3646 4298 civitate.
3673 4244 3763 4298 40.

2198 4338 2402 4410 Egressi
2435 4348 2604 4391 autem
2645 4338 2707 4390 de
2740 4352 2957 4400 carcere,
2999 4335 3209 4404 ingressi
3250 4344 3367 4388 sunt
3407 4336 3474 4387 ad
3513 4333 3770 4405 Lydiam:

2195 4442 2240 4484 et
2273 4431 2386 4484 visis
2439 4428 2680 4500 fratribus
2709 4427 2959 4482 exhortati
3005 4437 3122 4481 sunt
3156 4441 3260 4492 eos,
3301 4435 3350 4479 et
3387 4427 3598 4496 profecti
3627 4437 3765 4480 sunt.

2197 4523 2369 4576 Etiam
2395 4521 2792 4592 magistratibus
2811 4517 3249 4575 denuntiantibus
3278 4518 3473 4574 Paulus
3499 4535 3605 4573 non
3633 4519 3762 4582 exit,

2198 4613 2333 4669 forte
2359 4624 2576 4684 propter
2605 4612 2827 4683 Lydiam
2846 4653 2861 4677 ,
2888 4621 2943 4666 et
2969 4611 3104 4666 alios
3132 4611 3351 4666 fratres:
3379 4611 3460 4665 vel
3489 4621 3544 4666 ut
3573 4619 3770 4665 terreat

2199 4708 2342 4774 illos,
2362 4723 2429 4763 ne
2453 4717 2763 4776 putarentur
2783 4716 2970 4776 rogatu
2991 4721 3087 4760 suo
3104 4704 3308 4760 dimissi
3331 4704 3510 4767 fuisse,
3535 4705 3767 4759 utetiam

2199 4802 2318 4856 aliis
2345 4802 2593 4856 ﬁduciam
2623 4801 2887 4855 inderent.
2916 4799 3155 4870 Triplex,
3178 4799 3378 4863 dilecti,
3397 4797 3597 4854 crimen
3620 4806 3767 4851 erat:

2199 4896 2338 4967 quod
2364 4895 2650 4959 Romanos,
2682 4893 2820 4962 quod
2851 4908 2954 4946 non
2977 4892 3276 4957 damnatos,
3307 4891 3446 4958 quod
3478 4890 3691 4958 publice
3718 4889 3770 4944 in

2199 5004 2471 5044 carcerem
2507 4987 2881 5056 conjecisseut.
2927 4985 3085 5040 Vides
3113 4983 3236 5037 illos
3280 4983 3506 5052 plurima
3538 4982 3772 5036 humano

2202 5095 2350 5135 more
2371 5080 2581 5135 fecisse.
2609 5079 2960 5149 Exquiramus
2980 5085 3188 5131 noctem
3206 5075 3370 5139 illam,
3394 5089 3512 5128 cum
3532 5073 3776 5128 noctibus

2204 5173 2401 5228 nostris
2449 5172 2830 5243 comparando,
2883 5171 2972 5225 ubi
3024 5168 3464 5229 comessationes,
3519 5165 3772 5231 ebrietas,

2202 5265 2450 5328 lascivia;
2479 5261 2567 5317 ubi
2595 5276 2817 5317 somnus
2843 5277 2872 5315 a
2903 5271 3079 5314 morte
3106 5258 3236 5314 nihil
3264 5257 3540 5323 dili‘erens,
3572 5255 3663 5310 ubi
3688 5255 3770 5310 vi-

2201 5358 2340 5426 gilite
2371 5369 2562 5410 somno
2588 5354 2704 5424 ipso
2730 5353 3024 5425 graviores.
3080 5351 3185 5406 Alii
3213 5351 3353 5405 enim
3378 5348 3670 5408 dormiunt.
3701 5348 3770 5401 ita

2203 5459 2261 5504 ut
2306 5447 2436 5503 nihil
2475 5447 2746 5511 sentiant;
2791 5446 2879 5499 alii
2928 5443 3300 5498 miserabiliter
3333 5441 3569 5511 vigilant,
3616 5439 3772 5495 dolos

2204 5550 2493 5602 struentes,
2542 5540 2609 5592 de
2639 5538 2876 5607 pecuniis
2921 5544 3190 5600 curantes,
3223 5543 3278 5588 ut
3326 5534 3652 5589 ulciscantur
3679 5547 3773 5589 eos

2201 5633 2294 5703 qui
2333 5646 2393 5686 se
2432 5631 2686 5685 laeserunt
2727 5627 3039 5689 studentes,
3086 5625 3398 5681 inimicitias
3425 5626 3773 5694 meditantes,

2208 5727 2370 5784 verba
2403 5717 2788 5780 contumeliosa
2817 5727 3082 5782 transacto
3107 5719 3192 5778 die
3221 5734 3402 5809 secum
3435 5727 3774 5791 reputantes;
