4108 6172
362 251 467 309 259

357 369 439 421 sic
457 366 551 421 ira:
572 364 746 436 ignem
767 359 1118 427 succendunt,
1141 366 1196 415 et
1222 355 1572 412 intolerabilia
1595 360 1926 424 perpetrant.

364 455 640 527 Perpende
671 451 940 525 quomodo
964 452 1155 507 Petrus
1182 448 1499 504 dormiebat.
1533 447 1633 501 Per
1660 445 1934 514 diSpensa-

362 550 559 604 tionem
589 546 721 602 illud
748 545 944 601 factum
989 552 1111 598 est:
1148 541 1368 612 angelus
1394 540 1536 594 enim
1570 537 1805 602 advenit,
1836 549 1933 589 ne-

359 640 663 707 minemque
709 651 824 693 rem
871 642 1076 707 gestam
1129 634 1268 687 scire
1312 630 1618 702 oportebat;
1659 638 1713 684 et
1742 627 1936 683 merito

357 726 594 796 quidem,
623 736 680 781 ut
706 742 776 783 ne
816 735 998 781 custos
1042 723 1274 779 carceris
1310 721 1543 791 seipsum
1586 720 1932 775 interﬁceret.

360 819 428 874 Et
454 832 550 873 cur
578 832 687 872 non
716 816 860 872 aliud
892 817 1104 886 signum
1145 814 1339 869 factum
1365 814 1476 867 est?
1504 812 1637 881 Quia
1663 811 1792 865 illud
1823 826 1934 863 ma-

357 910 499 963 xime
524 908 698 978 ipsum
721 907 989 962 attrahere
1011 916 1067 961 et
1087 905 1405 960 confirmare
1421 911 1650 974 poterat,
1671 901 1932 972 siquidem

364 999 456 1053 ille
498 998 891 1068 periclitaturus
935 1008 1069 1063 erat,
1116 999 1216 1052 nisi
1262 998 1332 1051 ita
1373 998 1567 1051 factum
1601 1004 1782 1050 esset:
1826 1009 1930 1047 non

360 1090 504 1144 enim
534 1091 603 1144 ita
626 1090 776 1160 signa
803 1089 1037 1153 trahunt,
1059 1100 1115 1144 ut
1134 1105 1196 1145 ea
1214 1104 1331 1160 quae
1356 1088 1424 1143 ad
1449 1090 1671 1143 salutem
1694 1096 1930 1141 nostrain

354 1181 603 1235 attinent.
657 1179 734 1234 Ne
767 1179 1039 1236 videretur
1071 1190 1227 1235 terra:
1269 1188 1480 1236 motum
1513 1194 1607 1248 per
1653 1192 1713 1233 se
1738 1177 1933 1233 factum

355 1286 499 1339 esse,
529 1280 810 1341 sequutum
856 1279 939 1327 est
980 1270 1055 1338 id,
1104 1271 1246 1342 quod
1279 1270 1378 1340 ipsi
1421 1269 1725 1325 testimonio
1765 1277 1929 1321 esset.

357 1362 427 1416 Et
455 1372 613 1416 noctu
639 1363 869 1417 accidit:
901 1362 1032 1417 nihil
1059 1363 1200 1417 enim
1225 1360 1292 1415 ad
1321 1359 1728 1415 ostentationem
1761 1356 1931 1413 facie-

360 1455 510 1519 bant,
539 1455 633 1511 sed
654 1455 720 1511 ad
749 1455 998 1511 salutem.
1023 1454 1139 1509 Non
1159 1455 1331 1508 malus
1350 1459 1465 1507 erat
1483 1452 1716 1507 carceris
1729 1457 1930 1507 custos:

361 1546 671 1617 conjecerat
697 1547 815 1602 illos
839 1547 890 1600 in
924 1547 1227 1601 interiorem
1254 1560 1543 1612 carcerem,
1566 1543 1706 1615 quod
1732 1545 1803 1598 ita
1830 1543 1930 1599 sibi

351 1636 560 1707 jussum
589 1648 748 1703 esset,
777 1654 881 1693 non
910 1647 1054 1692 motu
1084 1652 1202 1692 suo.
1233 1636 1301 1691 Et
1327 1651 1421 1691 cur
1446 1652 1550 1691 non
1579 1646 1703 1691 ante
1732 1635 1932 1690 clama-

355 1730 430 1784 v-it
458 1729 684 1785 Paulus?
712 1729 1116 1786 Perturbatione
1142 1729 1333 1799 plenus
1359 1739 1475 1783 erat
1503 1728 1683 1793 homo,
1713 1741 1812 1782 nec
1837 1725 1931 1781 ad-

354 1820 590 1877 misisset
611 1821 791 1876 verba.
826 1820 949 1876 Ideo
973 1835 1095 1875 cum
1121 1820 1342 1876 vidisset
1379 1820 1527 1873 illum
1562 1833 1683 1874 sese
1711 1818 1930 1874 interfe-

352 1920 587 1976 cturum,
640 1921 976 1983 praeoccupat
998 1921 1053 1967 et
1101 1912 1316 1978 clamat,
1352 1910 1533 1965 dicens
1567 1927 1580 1961 :
1632 1909 1817 1964 Omnes
1850 1910 1931 1963 hic

352 2020 549 2057 sumus.
580 2004 704 2059 Ideo
730 2004 821 2059 ille
850 2003 1021 2059 Petito
1042 2004 1442 2069 lumineinsiliit,
1470 2013 1516 2056 et
1540 2012 1657 2056 ante
1685 2000 1927 2067 Paulum,

350 2095 539 2164 inquit,
567 2104 611 2149 et
631 2095 797 2151 Silam
823 2096 1058 2167 procidit.
1089 2095 1167 2149 Ad
1196 2095 1358 2165 pedes
1397 2095 1556 2149 vincti
1581 2093 1807 2165 procidit
1838 2109 1931 2148 cu-

351 2196 485 2241 stos.
518 2185 586 2240 Et
615 2188 785 2242 eduxit
820 2188 937 2241 illos
962 2188 1122 2257 foras,
1161 2187 1415 2256 dixitque:
1442 2185 1665 2253 Domini,
1693 2187 1815 2256 quid
1854 2201 1931 2239 me

347 2287 541 2347 oportet
563 2283 749 2350 facere,
771 2287 827 2333 ut
854 2279 1024 2333 salvus
1048 2278 1144 2332 sim
1159 2279 1184 2331 .9
1204 2277 1466 2345 Quidnam
1488 2276 1774 2333 dixerunt?
1799 2277 1930 2333 Vide

353 2372 500 2426 illum
531 2386 636 2425 non
666 2371 735 2426 ob
779 2370 881 2425 hoc
905 2370 1127 2441 diligere
1171 2369 1314 2440 quod
1359 2378 1602 2425 servatus
1626 2350 1789 2439 essei,
1833 2369 1927 2426 sed

352 2462 494 2530 quod
521 2462 589 2517 de
616 2462 813 2517 virtute
842 2461 1263 2530 obstupesceret.

418 2553 473 2607 2.
515 2554 677 2609 Vides
719 2553 845 2624 quid
881 2554 1009 2620 illic,
1042 2553 1168 2624 quid
1218 2553 1374 2609 isthic
1415 2554 1608 2609 factum
1654 2554 1766 2609 sit?
1809 2553 1926 2609 Illic

349 2645 521 2716 puella
568 2645 792 2700 liberata
820 2651 902 2700 est
937 2660 969 2700 a
999 2645 1228 2716 maligno
1254 2646 1441 2715 spiritu
1467 2686 1483 2713 ,
1507 2655 1558 2700 et
1583 2645 1636 2700 in
1656 2660 1927 2701 carcerem

347 2737 695 2808 conjecerunt
719 2750 813 2792 eos
833 2776 849 2805 ,
876 2736 1017 2807 quod
1054 2738 1196 2791 illam
1223 2753 1253 2790 a
1282 2737 1528 2793 daemone
1562 2737 1920 2803 liberassent;

357 2830 445 2885 hic
492 2831 666 2885 solum
705 2829 897 2899 januas
943 2843 1155 2900 apertas
1193 2830 1576 2895 ostenderunt,
1626 2840 1679 2886 et
1722 2832 1930 2901 aperuit

346 2923 538 2992 januas
562 2921 740 2977 cordis
769 2921 908 2976 illius
935 2963 950 2989 ,
977 2923 1138 2977 solvit
1159 2923 1367 2977 vincula
1395 2922 1623 2993 duplicia
1644 2963 1659 2989 ,
1688 2922 1931 2979 accendit

350 3017 532 3071 lumen
571 3016 699 3069 illud
736 3032 749 3069 :
780 3030 900 3069 nam
932 3023 986 3070 et
1013 3016 1065 3068 in
1102 3014 1265 3070 corde
1302 3015 1418 3085 ejus
1445 3014 1534 3069 lux
1582 3014 1834 3085 fulgebat.
1867 3016 1933 3071 Et

355 3108 546 3163 insiliit
568 3116 623 3162 et
646 3107 872 3176 procidit
898 3125 911 3162 :
937 3122 1037 3162 nec
1064 3108 1356 3178 interrogat
1381 3106 1650 3177 quomodo
1679 3123 1766 3162 res
1793 3108 1926 3163 facta

348 3201 459 3265 sit,
487 3198 613 3270 quid
651 3198 844 3253 factum
876 3199 977 3265 sit;
1008 3198 1101 3253 sed
1128 3199 1307 3253 statim
1337 3198 1447 3252 ait:
1477 3197 1611 3265 Quid
1636 3214 1713 3251 me
1736 3207 1931 3267 oportet

349 3298 516 3363 facere
539 3300 595 3345 ut
613 3292 782 3347 salvus
808 3290 939 3345 sim?
977 3290 1115 3358 Quid
1140 3304 1268 3361 ergo
1297 3289 1530 3345 Paulus?
1561 3289 1718 3355 Crede
1737 3290 1791 3343 in
1820 3287 1929 3344 Do-

350 3387 542 3439 minum
571 3384 749 3439 letum
792 3385 1083 3449 Christum,
1121 3396 1168 3438 et
1194 3385 1361 3439 saluus
1403 3383 1530 3449 eris,
1562 3383 1764 3453 inquit,
1795 3394 1849 3438 tu
1885 3394 1931 3439 et

348 3476 527 3530 domus
551 3485 657 3529 tua.
681 3474 793 3531 Hoc
820 3475 1051 3531 maxime
1074 3474 1319 3529 homines
1346 3473 1550 3539 allicit,
1582 3474 1724 3544 quod
1754 3485 1807 3530 et
1832 3476 1930 3530 doc

355 3584 477 3622 ntus
521 3568 668 3622 salva
704 3567 793 3622 sit.
826 3565 894 3619 Et
918 3566 1112 3636 loquuti
1142 3575 1260 3618 sunt
1298 3566 1345 3619 ei
1368 3564 1598 3632 uerbum,
1629 3575 1677 3619 et
1701 3567 1931 3621 omnibus

348 3660 435 3730 qui
460 3668 601 3713 erant
630 3658 683 3712 in
708 3658 857 3712 domo
884 3659 1017 3729 ejus.
1042 3656 1196 3711 Lavit
1221 3672 1317 3713 eos
1340 3696 1356 3722 ,
1382 3665 1437 3713 et
1461 3657 1604 3713 lotus
1630 3666 1715 3713 est
1754 3676 1767 3712 :
1809 3658 1928 3714 illos

351 3750 567 3821 quidem
608 3764 639 3804 a
685 3749 851 3820 plagis
872 3750 1075 3816 abluit,
1102 3750 1214 3819 ipse
1239 3765 1269 3805 a
1306 3751 1534 3821 peccatis
1559 3751 1773 3807 ablutus
1798 3762 1880 3808 est
1911 3770 1926 3806 :

351 3843 609 3909 nutrivit,
640 3852 694 3898 et
724 3842 957 3897 nutritus
980 3851 1081 3898 est.
1115 3842 1177 3897 Et
1208 3843 1510 3911 exsultavit,
1544 3844 1737 3915 inquit.
1764 3847 1925 3915 Atqui

352 3933 483 3987 nihil
504 3942 618 3988 erat
644 3934 745 3988 nisi
773 3932 931 3987 verba
959 3941 1162 3987 tantum
1188 3943 1380 4005 etspes
1401 3934 1560 3989 bona.
1585 3934 1697 3990 Hoc
1722 3935 1929 4006 signum

353 4038 490 4094 erat,
509 4025 802 4081 credidisse
818 4026 988 4093 illum,
1013 4025 1114 4081 sibi
1135 4027 1311 4113 omnia
1331 4026 1553 4084 remissa
1579 4026 1765 4083 fuisse.
1792 4029 1930 4097 Quid

350 4119 572 4174 custode
587 4120 821 4175 carceris
846 4119 1031 4190 pejus?
1054 4119 1179 4190 quid
1202 4120 1489 4187 crudelius,
1516 4121 1639 4191 quid
1666 4122 1931 4179 ferocius?

350 4214 599 4265 Attamen
629 4226 749 4266 cum
778 4211 944 4266 multo
977 4212 1096 4267 illos
1131 4213 1366 4283 suscepit
1396 4213 1621 4269 honore.
1650 4214 1765 4270 Non
1788 4217 1929 4287 quod

350 4312 593 4359 servatus
619 4312 765 4359 esset
793 4345 808 4371 ,
838 4305 1051 4374 gavisus
1079 4313 1199 4370 est,
1230 4306 1324 4360 sed
1356 4306 1510 4374 Quod
1546 4306 1657 4362 Deo
1686 4310 1927 4365 crederet.

351 4395 510 4449 Crede
531 4435 548 4457 ,
584 4394 792 4465 inquit,
818 4396 872 4448 in
901 4393 1199 4451 Dominum.
1239 4395 1365 4452 Ideo
1392 4398 1553 4465 dixit,
1592 4398 1692 4465 Qui
1721 4400 1932 4454 credidit

352 4486 483 4553 Deo,
506 4495 565 4540 ut
583 4502 650 4541 ne
664 4486 937 4541 videretur
957 4489 1106 4557 quasi
1125 4488 1409 4542 damnatus
1424 4498 1477 4543 et
1503 4500 1751 4558 peccator
1773 4492 1928 4545 solvi.

352 4578 555 4635 Idcirco
578 4579 760 4633 dicunt
795 4595 809 4631 :
840 4575 1005 4631 Cresae
1030 4596 1119 4632 nos
1148 4579 1343 4647 publice
1369 4580 1681 4634 indemnatos
1711 4583 1933 4636 homines

351 4672 674 4737 coniecerunt
722 4670 776 4722 in
820 4684 1107 4733 carcerem;
1142 4680 1197 4723 ut
1235 4684 1339 4725 non
1386 4671 1546 4725 modo
1582 4673 1787 4741 gratiae,
1838 4672 1934 4728 sed

352 4764 514 4818 etiam
566 4761 801 4832 ipsorum
845 4771 991 4815 esset
1024 4776 1178 4830 Opus.
1215 4760 1349 4817 Vide
1379 4772 1434 4817 ut
1461 4762 1606 4816 varia
1655 4763 1933 4834 dispenset

352 4856 545 4926 gratia,
578 4854 848 4926 quomodo
877 4853 966 4908 ille
992 4868 1238 4925 egressus
1267 4865 1369 4918 est,
1401 4856 1671 4926 quomodo
1700 4857 1806 4925 bic,
1832 4859 1934 4915 etsi

354 4957 580 5018 uterque
604 4946 879 5017 apostolus
914 4956 1077 5001 esset.
1111 4945 1440 5012 Timaei-unt,
1486 4947 1676 5019 inquit.
1718 4948 1934 5007 Timent

355 5039 483 5108 quia
512 5038 739 5093 Romani
769 5047 917 5103 sunt,
950 5052 1054 5092 non
1084 5039 1208 5108 quia
1240 5038 1433 5108 injuste
1460 5041 1828 5109 conjecerunt.
1859 5043 1927 5100 Et

355 5139 657 5202 rogaverunt
694 5127 833 5194 illos,
864 5137 919 5181 ut
947 5128 1139 5183 exirent
1178 5145 1241 5182 ea:
1282 5130 1499 5184 civitate.
1532 5130 1682 5187 Hanc
1729 5134 1934 5203 petiere

355 5221 601 5291 gratiam.
634 5221 712 5276 Illi
755 5233 886 5275 vero
918 5230 978 5275 ut
1002 5229 1264 5276 venerunt
1291 5222 1357 5276 ad
1392 5221 1613 5294 Lydiam
1644 5233 1700 5280 et
1741 5227 1935 5283 confir-

359 5321 575 5367 marunt
598 5328 715 5369 eam
740 5354 757 5380 ,
788 5312 866 5368 sic
902 5311 1126 5382 profecti
1154 5321 1295 5367 sunt.
1328 5313 1444 5369 Non
1470 5316 1751 5386 oportebat
1790 5319 1933 5373 enim

360 5402 671 5474 hospitalem
701 5404 847 5460 illam
878 5405 928 5459 in
955 5420 1127 5476 agone
1151 5414 1205 5460 et
1228 5407 1586 5464 sollicitudine
1609 5409 1934 5481 relinquere.
1973 5454 1981 5466 .

360 5497 575 5566 Egressi
605 5509 782 5555 autem
810 5507 971 5564 sunt,
1001 5513 1106 5554 non
1135 5498 1236 5553 illis
1259 5498 1713 5570 obtemperantes,
1746 5501 1843 5557 sed
1867 5502 1935 5558 ad

358 5588 792 5660 prtedieationem
822 5591 1132 5649 festinantes
1158 5634 1173 5659 ,
1204 5609 1324 5649 cum
1353 5595 1545 5650 civitas
1577 5612 1671 5664 per
1698 5597 1933 5652 miracu-

362 5678 472 5735 lum
500 5680 627 5736 illud
671 5681 801 5737 satis
836 5682 1016 5754 adjuta
1059 5684 1263 5743 fuisset.
1307 5686 1418 5743 Non
1465 5688 1745 5757 oportebat
1787 5689 1927 5744 ultra

1126 246 1184 303 S.
1222 241 1498 302 JOANNIS
1533 233 2007 297 CHRVSOSTOMI
2043 233 2355 290 ARCHIEP.
2395 216 2926 291 CONSTANTINOP.

3506 231 3613 285 ‘36"

2043 365 2277 404 manere.
2323 348 2453 405 Nam
2496 350 2807 404 miraculum
2854 349 3024 419 majus
3065 354 3287 418 apparet
3338 346 3610 415 magisque

2039 440 2233 495 clamat
2258 450 2379 511 post
2409 441 2797 511 profectionem
2833 454 3018 494 eorum
3047 438 3136 508 qui
3165 439 3336 507 ipsum
3366 445 3610 505 patrave—

2039 542 2181 587 rant.
2214 532 2421 588 Etenim
2451 533 2689 589 custodis
2716 534 2946 587 careeris
2988 531 3121 586 ﬁdes
3168 546 3264 601 pro
3312 544 3443 584 voce
3471 539 3607 583 erat.

2037 622 2173 691 Quid
2202 622 2325 679 huic
2366 625 2440 679 rei
2474 624 2605 694 par?
2632 623 2846 694 Ligatur
2887 632 2942 677 et
2969 622 3129 678 solvit
3174 622 3401 690 ligatus;
3451 620 3612 675 solvit

2036 712 2235 782 duplex
2278 714 2575 780 vinculum;
2606 714 2856 785 ligantem
2899 729 2957 769 se
2999 713 3158 767 solvit
3202 727 3299 782 per
3342 711 3443 766 hoc
3468 726 3607 781 quon

2036 802 2151 872 ipse
2182 803 2372 874 ligatus
2410 807 2497 860 sit.
2533 805 2657 860 Haec
2683 820 2808 860 vere
2836 813 2961 859 sunt
3007 804 3190 874 gratiae
3227 818 3408 873 opera.
3452 802 3610 857 Nunc

2036 911 2175 965 ergo,
2205 896 2394 965 inquit,
2421 897 2627 969 egressi,
2660 896 2728 950 ite
2750 897 2804 950 in
2832 912 2954 966 pace
2981 913 2999 949 :
3030 895 3082 952 id
3108 903 3210 962 est,
3239 911 3360 950 cum
3401 898 3607 950 securi-

2037 994 2164 1054 tate,
2191 986 2324 1042 nihil
2350 989 2617 1044 timentes.
2648 988 2817 1043 Simul
2845 989 2986 1042 hunc
3009 988 3189 1041 volunt
3215 997 3365 1042 extra
3394 988 3601 1058 pericu—

2035 1076 2143 1131 lum
2192 1079 2329 1146 fieri,
2383 1096 2449 1134 ne
2494 1089 2614 1150 post
2658 1080 2771 1134 haec
2809 1088 3111 1135 accusetur.
3145 1079 3211 1133 Et
3239 1093 3343 1133 non
3384 1079 3605 1141 dicunt,

2032 1170 2215 1227 (laesos
2258 1187 2357 1228 nos
2400 1174 2746 1243 conjecerunt
2773 1175 2827 1227 in
2855 1187 3124 1227 carcerem
3148 1210 3163 1239 ,
3195 1174 3317 1242 quia
3356 1172 3607 1226 miracula

2032 1262 2234 1331 operati
2280 1277 2493 1318 eramus
2532 1279 2549 1319 :
2581 1279 2750 1334 neque
2780 1265 2922 1319 enim
2960 1265 3045 1319 his
3088 1263 3476 1328 attendebant;
3510 1265 3605 1318 sed

2032 1352 2176 1422 quod
2206 1353 2418 1408 illorum
2444 1354 2653 1410 animos
2681 1364 2968 1411 concutere
2998 1363 3241 1424 poterat,
3274 1352 3606 1408 Indemnatos

2034 1444 2224 1515 inquit,
2251 1454 2296 1500 et
2328 1446 2601 1501 Romanos.
2635 1447 2801 1516 Hujus
2823 1447 2984 1501 vincti
3015 1461 3224 1515 semper
3244 1460 3507 1501 memores
3529 1447 3607 1500 si-

2031 1552 2170 1604 mus,
2196 1547 2249 1593 et
2269 1554 2372 1592 non
2396 1539 2653 1593 miraculi.
2686 1539 2822 1607 Quid
2848 1539 3031 1594 dicent
3048 1540 3299 1609 gentiles,
3328 1540 3605 1609 quomodo

2033 1632 2236 1687 vinctus
2278 1646 2397 1686 cum
2440 1641 2604 1697 esset,
2650 1632 2817 1686 suasit
2857 1631 3146 1686 vincienti?
3177 1631 3241 1684 Et
3290 1647 3472 1701 quem,
3525 1631 3608 1685 in.

2031 1721 2252 1791 quiunt,
2282 1722 2589 1792 persuaderi
2619 1722 2932 1791 oportebat,
2965 1722 3068 1774 nisi
3114 1721 3401 1775 scelestum
3430 1720 3606 1775 homi-

2031 1827 2175 1879 nem,
2204 1813 2458 1869 miserum
2490 1855 2504 1879 ,
2536 1814 2625 1883 qui
2657 1822 2889 1868 mentem
2920 1829 3026 1867 non
3052 1812 3293 1879 haberet,
3326 1814 3471 1868 mille
3496 1830 3602 1868 ma-

2033 1903 2099 1957 lis
2122 1915 2369 1958 onustum
2387 1913 2438 1959 et
2454 1913 2608 1974 captu
2629 1904 2877 1959 facilem?
2904 1903 3028 1959 Haec
3048 1904 3263 1975 insuper
3289 1904 3564 1974 proferunt
3590 1922 3603 1959 :

2031 1995 2162 2064 Quis
2190 1998 2431 2063 credidit,
2468 1998 2569 2052 nisi
2617 1998 2897 2063 coriarius,
2928 1999 3241 2067 purpuraria
3265 2038 3278 2063 ,
3308 1996 3603 2061 eunuchus,

2032 2100 2215 2145 custos
2243 2091 2495 2157 carceris,
2524 2090 2665 2145 servi
2694 2100 2748 2145 et
2788 2090 3081 2146 mulieres?
3107 2090 3242 2158 Quid
3272 2106 3401 2161 ergo
3429 2090 3609 2146 dicere

2033 2188 2324 2249 poterunt,
2363 2180 2575 2251 quando
2625 2195 2757 2248 eos,
2804 2182 2892 2251 qui
2938 2182 2990 2235 in
3043 2181 3388 2252 dignitatibus
3433 2192 3605 2248 erant,

2032 2272 2389 2342 producemus
2419 2292 2432 2328 :
2460 2274 2828 2328 centurionem
2858 2314 2872 2337 ,
2920 2276 3291 2343 proconsulem
3317 2316 3333 2342 ,
3382 2276 3516 2331 alios
3543 2294 3605 2331 ex

2033 2363 2127 2418 illo
2156 2364 2223 2419 ad
2255 2364 2356 2418 hoc
2380 2379 2545 2434 usque
2567 2372 2775 2435 tempus
2798 2404 2815 2431 ,
2844 2365 3213 2434 imperatores,
3248 2368 3441 2437 reges?
3494 2368 3608 2437 Ego

2031 2470 2161 2511 vero
2186 2455 2327 2510 aliud
2353 2455 2523 2525 majus
2547 2455 2669 2511 dico
2698 2473 2711 2509 :
2742 2457 2885 2526 ipsos
2914 2457 3130 2511 viliores
3163 2458 3281 2511 illos
3305 2457 3600 2513 videamus.

2030 2550 2235 2624 Ecquid
2258 2550 2330 2607 ibi
2356 2550 2570 2615 mirum.
2594 2549 2950 2621 inquies?Hoc
2977 2561 3123 2606 certe
3144 2552 3374 2607 mirum:
3403 2553 3603 2607 etenim

2030 2647 2077 2702 si
2130 2645 2198 2702 de
2243 2645 2402 2702 rebus
2455 2645 2764 2716 vulgaribus
2818 2645 3081 2712 crederet,
3130 2662 3235 2700 non
3277 2649 3472 2703 mirum
3522 2663 3607 2703 es-

2029 2746 2147 2803 set;
2178 2752 2297 2791 cum
2329 2752 2459 2791 vero
2487 2736 2556 2791 de
2583 2738 2981 2792 resurrectione
3006 2778 3021 2801 ,
3049 2738 3117 2792 de
3141 2753 3305 2808 regno
3331 2741 3602 2804 cailorum,

2030 2829 2100 2884 de
2137 2831 2243 2885 vita
2293 2828 2659 2900 philosophica
2707 2830 2826 2899 quis
2874 2830 3216 2898 [)Opularibus
3270 2830 3505 2901 loquitur
3552 2849 3606 2888 et

2034 2921 2364 2992 persuadet,
2395 2921 2496 2976 hoc
2521 2922 2818 2977 mirabilius
2857 2923 2980 2986 erit,
3023 2937 3180 2992 quam
3206 2923 3249 2977 si
3279 2925 3606 2994 sapientibus

2033 3014 2407 3083 persuasisset.
2435 3014 2568 3069 Cum
2599 3014 2742 3068 enim
2770 3028 2876 3069 non
2920 3025 3003 3069 est
3041 3014 3356 3085 periculum,
3398 3028 3452 3071 et
3492 3019 3606 3087 quis

2033 3105 2241 3172 suadet,
2264 3121 2295 3161 e
2323 3122 2379 3162 re
2405 3106 2687 3161 stultitiam
2716 3107 2768 3161 in
2797 3106 3029 3162 medium
3060 3107 3375 3178 proferunt;
3398 3111 3608 3180 quando

2032 3205 2209 3250 autem
2237 3196 2356 3266 quis
2383 3195 2584 3251 dixerit
2608 3210 2764 3250 servo
2793 3198 3087 3251 secundum
3124 3206 3174 3252 te
3206 3217 3218 3252 :
3252 3198 3307 3255 Si
3337 3200 3461 3253 mihi
3494 3216 3608 3255 ere-

2033 3288 2147 3352 das,
2179 3288 2495 3359 periclitaris
2517 3330 2531 3349 ,
2565 3303 2751 3343 omnes
2779 3290 2997 3344 habebis
3024 3291 3115 3344 tibi
3138 3291 3400 3352 inimicos.
3438 3307 3602 3361 oper-

2036 3391 2110 3436 tet
2132 3391 2181 3436 te
2211 3383 2366 3448 mori,
2399 3381 2543 3435 mille
2573 3380 2753 3437 subire
2779 3382 2952 3448 mala;
2982 3384 3165 3455 sicque
3201 3384 3340 3439 illius
3364 3386 3592 3439 animam

2033 3475 2208 3545 capiat
2234 3491 2249 3526 :
2280 3489 2385 3529 non
2400 3473 2508 3543 jam
2533 3473 2634 3528 hoc
2654 3474 2971 3544 insipientia:
2994 3464 3095 3530 est.
3128 3474 3259 3531 Nam
3287 3477 3329 3530 si
3355 3475 3603 3547 dogmata

2035 3565 2355 3636 voluptatem
2396 3565 2693 3633 haberent,
2717 3565 2839 3635 jure
2866 3567 2985 3636 quis
3012 3566 3118 3622 hoc
3142 3567 3343 3622 diceret
3365 3585 3385 3635 ;
3407 3569 3451 3623 si
3478 3582 3606 3624 vero

2035 3657 2109 3726 id,
2155 3657 2295 3728 quod
2327 3657 2533 3713 nollent
2574 3657 2874 3728 philosophi
2915 3657 3147 3726 discere,
3185 3674 3374 3715 servus
3409 3658 3601 3726 discat,

2034 3749 2206 3820 majus
2247 3758 2331 3805 est
2358 3749 2695 3804 miraculum.
2724 3750 2791 3804 Et
2819 3749 2865 3804 si
2893 3750 3050 3805 vultis
3070 3790 3086 3818 ,
3119 3750 3403 3805 coriarium
3435 3754 3609 3821 ipsum

2035 3846 2087 3898 in
2119 3843 2351 3898 medium
2379 3843 2722 3909 adducamus,
2752 3852 2807 3899 et
2835 3842 3109 3899 videamus
3137 3844 3261 3913 quid
3294 3844 3392 3915 ipsi
3421 3844 3611 3900 Petrus

2036 3933 2316 4004 loquatur;
2368 3934 2451 3990 vel
2494 3934 2540 3989 si
2586 3935 2779 4004 placet,
2822 3935 2995 4004 ipsum
3041 3934 3319 3991 custodem
3360 3935 3608 3990 carceris.

2035 4026 2171 4092 Quid
2198 4041 2324 4096 ergo
2354 4026 2452 4096 ipsi
2479 4026 2609 4081 dicit
2632 4026 2870 4081 Paulus?
2894 4026 3138 4081 Christus
3164 4027 3457 4082 resurrexit
3482 4069 3501 4095 ,
3530 4037 3613 4081 est

2037 4117 2357 4173 resurrectio
2401 4128 2735 4173 mortuorum
2768 4128 2821 4174 et
2852 4134 3113 4189 regnum;
3157 4128 3209 4173 et
3254 4120 3434 4174 statim
3485 4135 3612 4188 per-

2036 4212 2204 4266 suasit
2225 4210 2377 4266 facile
2415 4211 2675 4266 credenti.
2708 4211 2847 4279 Quid
2874 4214 3042 4282 ergo?
3066 4211 3133 4266 de
3160 4212 3265 4265 vita
3296 4213 3424 4266 nihil
3454 4212 3609 4275 dixit,

2036 4303 2178 4373 quod
2205 4317 2391 4372 sapere
2420 4312 2685 4372 oporteat,
2718 4303 2857 4373 quod
2884 4305 3120 4373 pecuniis
3151 4304 3438 4374 imperare,
3465 4305 3606 4374 quod

2037 4412 2142 4450 non
2173 4410 2291 4451 esse
2338 4393 2686 4450 inhumanum
2728 4406 3003 4466 oporteat,
3036 4398 3175 4467 quod
3205 4399 3340 4453 bona
3370 4414 3467 4453 sua
3492 4413 3615 4454 ero-

2036 4487 2205 4557 ganda
2233 4488 2336 4541 sint
2358 4486 2514 4541 aliis?
2532 4485 2713 4558 Neque
2739 4489 2882 4542 enim
2907 4489 3022 4543 hrec
3046 4489 3339 4545 credidisse
3360 4491 3615 4560 insipien-

2039 4581 2106 4633 tis
2132 4590 2266 4647 erat,
2294 4579 2387 4635 sed
2417 4581 2590 4650 magni
2618 4580 2801 4634 animi.
2834 4581 2965 4636 Esto
2992 4583 3133 4637 enim
3158 4583 3257 4652 ipsi
3283 4583 3527 4653 dogmata
3545 4598 3613 4638 ex

2039 4670 2342 4740 insipientia
2359 4671 2690 4741 acceperint;
2710 4673 2869 4726 vitam
2893 4674 3035 4726 illam
3054 4673 3470 4743 pbilosophicam
3490 4688 3613 4728 sus—

2037 4767 2235 4835 cipere,
2282 4781 2349 4820 an
2398 4765 2699 4836 insipientis
2740 4766 2926 4821 esset?
2972 4765 3154 4836 Itaque
3186 4778 3388 4836 quanto
3446 4770 3616 4837 magis

2040 4855 2296 4925 insipiens
2320 4865 2464 4911 esset
2490 4856 2580 4927 qui
2606 4856 3041 4925 obtemperaret,
3074 4866 3129 4911 et
3157 4867 3333 4912 tamen
3359 4873 3421 4912 ea
3445 4858 3617 4913 susci-

2041 4956 2209 5019 peret,
2260 4964 2379 5018 quae
2419 4946 2751 5018 philosophis
2782 4947 3107 5019 persuadere
3150 4948 3453 5019 philosophi
3508 4964 3618 5004 non

2040 5049 2282 5114 possent,
2315 5043 2485 5111 majus
2514 5052 2657 5097 esset
2692 5041 3007 5096 miraculum
3036 5060 3048 5095 :
3078 5042 3308 5097 maxime
3337 5057 3467 5097 vero
3493 5057 3617 5097 cum

2042 5134 2293 5189 mulieres
2342 5143 2395 5189 et
2444 5134 2586 5189 servi
2630 5133 3039 5204 persuadentur,
3069 5144 3123 5189 et
3165 5149 3261 5205 per
3297 5148 3462 5204 opera
3503 5132 3621 5188 haec

2042 5225 2298 5283 exhibent
2319 5266 2333 5291 ,
2366 5240 2484 5296 quas
2510 5240 2610 5280 nec
2636 5226 2889 5282 Platones
2918 5242 3017 5282 nec
3044 5228 3133 5281 alii
3163 5243 3350 5283 omnes
3381 5228 3473 5281 ulli
3502 5243 3622 5297 per-

2043 5316 2268 5372 suadere
2294 5325 2603 5386 potuerunt.
2645 5316 2714 5372 Et
2739 5333 2834 5373 cur
2864 5318 2999 5373 nulli
3037 5318 3196 5374 dico?
3238 5318 3317 5374 Ne
3344 5318 3447 5374 sibi
3490 5317 3623 5388 ipsis

2041 5406 2279 5477 quidem.
2310 5407 2443 5461 Nam
2481 5408 2633 5464 Plato
2674 5409 2889 5478 quidem
2933 5412 3194 5479 persuasit
3235 5412 3489 5479 pecunias
3513 5424 3618 5464 non

2042 5512 2164 5552 esse
2190 5498 2627 5566 contemnendas,
2652 5500 2741 5570 qui
2773 5510 2946 5554 tantas
2968 5499 3247 5555 facultates
3277 5510 3332 5554 et
3356 5514 3488 5570 opes
3514 5514 3613 5553 an-

2042 5587 2307 5659 nulosque
2335 5604 2527 5645 aureos
2570 5599 2625 5646 et
2671 5590 2875 5660 phialas
2900 5590 3138 5661 possedit
3163 5592 3263 5662 (a).
3306 5592 3459 5661 Quod
3490 5606 3618 5647 vero

2107 5700 2180 5764 (a)
2212 5701 2513 5753 Przdivitem
2553 5701 2703 5753 fuisse
2741 5702 2984 5755 Platonem
3015 5700 3580 5768 asseverabautquidam
3610 5719 3624 5765 ;
