4108 6172
377 315 485 374 9.59

367 431 466 494 τὰς
498 430 716 493 νύκτας,
744 427 869 481 ἔνθα
901 426 1076 496 κῶμοι
1116 427 1210 480 xal
1250 426 1409 496 μέθαι
1455 424 1547 479 καὶ
1572 426 1869 495 ἀσέλγειαι,
1899 424 2024 480 ἔνθα

369 517 536 581 ὕπνος
575 517 796 570 θανάτου
824 515 975 568 οὐδὲν
1008 513 1332 584 διεστηκώς,
1373 513 1498 566 ἔνθα
1533 516 1826 584 ἀγρυπνίαι
1859 515 2024 566 ῦπνου

367 607 760 680 χαλεταίγτεραι.
791 605 854 656 Οί
887 604 984 673 μὲν
1010 602 1114 673 γὰρ
1139 601 1485 655 καθεύδουσιν
1517 603 1943 674 άνεπαισθήτως,
1977 603 2025 656 οἱ

369 701 427 753 δέ
461 697 821 769 ὲγρηγόρασιν
855 695 1103 758 ἐλεεινῶς
1127 695 1219 747 καὶ
1249 694 1465 759 ἀθλίως,
1499 693 1680 758 δόλους
1712 695 2029 765 ράπτοντες,

372 787 506 856 ὑπὲρ
553 784 853 855 χρημάτων
909 783 1303 853 φροντίζοντες,
1343 782 1490 844 ὅπως
1544 781 1857 852 ἀμύνωνται
1906 781 2031 845 τοὺς

369 874 684 936 ἀδικοῦντας
719 872 1110 934 σπουδάζοντες
1134 909 1148 930 ,
1188 869 1387 940 ἔχθραν
1429 868 1777 940 μελετῶντες,
1813 871 2030 940 ῥήματα

370 960 658 1033 ὑϐριστικά
683 958 800 1029 μεθ’
826 958 1039 1028 ἡμέραν
1065 956 1445 1027 ἀναλεγόμενοι
1469 973 1482 987 ·
1515 955 1657 1010 οὕτω
1681 957 1741 1010 16
1763 957 1874 1028 πῦρ
1897 974 2030 1010 σκα-

369 1049 583 1101 λεύουσι
630 1050 730 1119 τῆς
773 1046 963 1117 ὀργῆς,
1010 1045 1078 1099 τά
1130 1045 1379 1115 ἀφόρητα
1417 1045 1793 1116 ἐργαζόμενοι.
1831 1045 2030 1099 Σκόπει

370 1135 486 1198 πῶς
519 1134 721 1204 Πέτρος
763 1132 1066 1186 ἐκάθευδεν.
1111 1131 1483 1198 Οἰκονομικῶς
1517 1133 1691 1184 ἐκεῖνο
1713 1131 1937 1199 γέγονεν
1957 1147 1970 1158 ·
2001 1133 2031 1184 6

369 1222 602 1291 ἄγγελος
627 1220 732 1290 γάρ
764 1219 1114 1290 παρεγένετο,
1135 1217 1228 1269 καὶ
1250 1218 1434 1270 οὐδένα
1457 1217 1621 1288 ἐχρῆν
1650 1218 1773 1270 ἰδεῖν
1798 1217 1857 1270 16
1881 1218 2033 1286 γενό-

373 1326 534 1380 μενον
556 1325 570 1338 ·
606 1307 698 1361 καὶ
734 1306 890 1359 τοῦτο
922 1305 1080 1359 πάλιν
1108 1304 1304 1368 καλῶς,
1341 1305 1424 1356 ῖνα
1455 1303 1666 1374 κωλυθῇ
1707 1307 1734 1357 6
1761 1303 2032 1374 δεσμοφύ-

369 1396 470 1461 λαξ
496 1395 700 1448 ἀνελεῖν
724 1394 931 1447 ἑαυτόν.
956 1393 1066 1445 Kal
1090 1392 1177 1445 διά
1205 1393 1255 1444 τί
1278 1391 1352 1462 μὴ
1382 1391 1507 1445 ἄλλο
1529 1394 1750 1462 σημεῖον
1777 1392 2030 1460 γέγονεν;

372 1485 497 1538 ’ὐτι
541 1483 694 1538 τοῦτο
727 1481 879 1554 [276]
917 1481 1148 1553 μάλιστα
1187 1481 1349 1536 αὐτὸν
1383 1480 1674 1549 ἐφελκύσαι
1712 1481 1807 1535 καὶ
1847 1483 2031 1534 πεῖσαι

373 1573 560 1636 ἱκανὸν
586 1568 654 1644 ἦν
679 1585 729 1635 α,
754 1571 886 1624 ὅπου
923 1587 987 1638 γε
1020 1569 1114 1622 καὶ
1140 1568 1302 1632 αὐτὸς
1333 1567 1704 1622 ἐκινδύνευσεν
1731 1567 1796 1623 ἂν
1815 1608 1829 1632 ,
1866 1571 1913 1621 εί
1953 1570 2029 1642 μὴ

371 1659 622 1728 γέγονεν·
654 1659 713 1711 οὐ
735 1658 843 1727 γὰρ
869 1655 1010 1710 οῦτω
1033 1654 1100 1708 τὰ
1128 1653 1379 1720 θαύματα
1407 1655 1554 1725 ἡμᾶς
1575 1655 1736 1726 αἱρεῖς
1764 1655 1838 1720 ὡς
1862 1655 1930 1710 τά
1953 1659 2032 1722 εἰς

373 1747 650 1820 σωτηρίαν
682 1747 958 1818 ἡμετέραν
993 1745 1212 1815 ἥκοντα.
1257 1745 1373 1798 Ἵνα
1411 1743 1486 1815 μὴ
1528 1743 1653 1815 δόξῃ
1701 1745 1808 1798 ἀπὸ
1835 1746 2029 1800 ταύτο-

375 1831 545 1902 μάτου
583 1828 910 1900 γεγενῆσθαι
957 1828 986 1879 6
1027 1827 1281 1899 σεισμὸς,
1316 1828 1721 1900 ἐπηκολούθησε
1756 1829 1850 1882 καὶ
1875 1830 2030 1884 τοῦτο

373 1922 564 1991 ἐκείνῳ
619 1918 949 1990 μαρτυροῦν.
985 1917 1094 1971 Kal
1136 1918 1193 1972 ἐν
1223 1917 1380 1972 νυκτὶ
1427 1917 1699 1986 φαίνεται·
1735 1919 1886 1973 οὐδὲν
1921 1919 2028 1992 γὰρ

372 2007 511 2079 πρὸς
545 2007 822 2074 ἐπίδειξιν,
876 2005 1010 2060 ἀλλά
1043 2007 1179 2077 πρὸς
1221 2008 1495 2078 σωτηρίαν
1540 2006 1786 2061 ἐποίουν.
1821 2008 1933 2060 Οὐκ
1962 2003 2032 2079 ἦν

374 2094 651 2166 πονηρδςὸ
679 2092 1018 2162 δεσμοφύλαξ
1037 2107 1051 2120 ⁶
1093 2092 1283 2148 ἔϐαλεν
1310 2095 1504 2158 αὐτοὺς
1531 2097 1609 2159 είς
1632 2095 1729 2166 τὴν
1759 2096 2031 2166 ἐσωτέραν

377 2179 645 2249 φυλακὴν,
671 2179 1044 2250 παραγγελίαν
1063 2178 1314 2250 τοιαύτην
1344 2178 1542 2244 λαϐὼν,
1571 2181 1671 2234 οὐκ
1696 2182 1786 2250 ἀφ’
1814 2181 2027 2238 ἑαυτοῦ.

375 2266 492 2322 Καὶ
522 2266 608 2320 διὰ
640 2267 692 2320 τί
731 2267 804 2338 μὴ
836 2266 940 2337 πρὸ
980 2266 1168 2320 τούτου
1197 2266 1417 2338 ἐϐόησεν
1445 2270 1472 2322 6
1513 2267 1722 2331 Παῦλος
1740 2263 1759 2334 ;⁴
1792 2268 2030 2339 Θορύϐου

379 2353 627 2420 μεστὺςό
656 2353 941 2423 ἄνθρωπος
969 2348 1036 2424 ἦν
1081 2352 1176 2406 καὶ
1205 2354 1478 2424 ταραχῆς,
1513 2354 1608 2407 καὶ
1656 2355 1755 2408 οὐκ
1790 2353 1855 2408 ἃν
1897 2372 2034 2424 παρ-

375 2440 615 2508 εδέξατο.
642 2441 737 2494 Διά
765 2441 938 2506 τοῦτο,
966 2443 1054 2495 ὅτε
1078 2440 1214 2494 εἶδεν
1248 2443 1437 2496 ἑαυτὸν
1470 2442 1726 2514 μέλλοντα
1755 2444 1996 2514 ἀναιρεῖν
2015 2483 2030 2508 ,

374 2527 889 2597 προκαταλαμϐάνει
910 2529 1002 2582 καὶ
1027 2529 1146 2601 βοᾷ,
1177 2529 1349 2598 λέγων
1369 2543 1383 2558 ⁸
1416 2531 1622 2594 Πάντες
1643 2531 1806 2601 ἐσμὲν
1826 2531 2030 2584 ἐνθάδε.

373 2614 476 2667 Διά
505 2615 660 2667 τοῦτο
705 2617 798 2668 καὶ
840 2616 1076 2687 Αίτήσας
1126 2617 1279 2685 φῶτα
1322 2617 1682 2687 είσεπήδησε,
1725 2617 1821 2670 καὶ
1864 2635 2035 2689 προσε-

375 2701 537 2754 έπεσε
561 2701 637 2772 τῷ
672 2703 888 2774 Παύλῳ,
943 2705 1110 2775 φησὶ,
1146 2705 1241 2760 καὶ
1276 2704 1353 2774 τῷ
1395 2703 1554 2775 Σίλᾳ.
1589 2705 1682 2767 El;
1716 2706 1842 2766 τοὺς
1871 2704 2036 2767 πόδας

377 2790 710 2858 προσπίπτει
742 2791 834 2844 τοῦ
864 2791 1140 2861 δεσμώτου
1165 2794 1193 2844 6
1227 2791 1420 2861 φύλαξ.
1455 2791 1567 2844 Kal
1594 2792 1822 2861 προάγει
1844 2793 2037 2854 αὐτοὺς

375 2874 484 2940 ἔξω
520 2877 613 2930 καὶ
648 2876 792 2944 λέγει
821 2893 833 2906 '
871 2877 1086 2946 Κύριοι,
1127 2877 1178 2929 τί
1213 2894 1280 2947 με
1308 2879 1386 2930 δεῖ
1406 2880 1598 2940 ποιεῖν,
1632 2878 1719 2931 ἵνα
1751 2877 1937 2941 σωθῶ,
1973 2876 2037 2930 Τί

375 2964 486 3034 γὰρ
517 2958 701 3028 εἷπονς
740 2964 880 3033 Ὅρα
909 2963 1069 3015 αὐτὸν
1096 2964 1195 3016 οὐκ
1238 2963 1424 3032 ἐπειδὴ
1469 2964 1696 3036 διεσώθη
1739 2965 1832 3019 ἐπὶ
1865 2965 2039 3038 τούτῳ

378 3051 697 3119 στέργοντα,
732 3050 867 3103 ἀλλά
891 3053 989 3120 τὴν
1011 3049 1240 3122 δύναμιν
1271 3051 1625 3120 ἐκπλαγέντα.

454 3133 519 3202 β’.
540 3129 691 3196 Εἶδες
711 3133 762 3185 τί
788 3134 903 3186 ἐκεῖ
927 3134 1136 3202 γέγονε,
1153 3137 1249 3188 καὶ
1265 3133 1317 3188 τί
1342 3135 1598 3202 ἐνταῦθα;
1618 3137 1762 3189 Ἐκεῖ
1781 3137 2038 3206 παιδίσκη

377 3220 667 3292 ἀπηλλάγη
719 3219 1044 3291 πνεύματος,
1095 3223 1190 3276 xal
1245 3224 1325 3287 είς
1377 3223 1745 3295 δεσμωτήριον
1789 3225 2038 3280 ἐνέϐαλον

377 3308 596 3372 αὐτοῦς,
631 3311 710 3363 ὅτι
751 3309 1124 3379 ἠλευθέρωσαν
1161 3311 1330 3381 αὐτὴν
1363 3310 1455 3364 τοῦ
1487 3311 1733 3381 δαίμονος
1757 3327 1770 3341 ⁸
1807 3310 2037 3365 ἐνταῦθα

381 3395 548 3468 μόνον
577 3394 782 3462 ἔδειξαν
816 3396 982 3468 θύρας
1013 3398 1332 3468 ἀνεῳγυίας,
1374 3398 1466 3451 καὶ
1506 3397 1712 3469 ηνοιξεν
1751 3399 1912 3452 αὐτοῦ
1939 3399 2038 3470 τῆς

378 3486 604 3558 καρδίας
636 3489 733 3552 τὰς
765 3487 956 3559 θύρας,
988 3487 1140 3540 ἔλυσε
1170 3485 1343 3557 δεσμά
1368 3486 1546 3551 διπλᾶ,
1594 3483 1732 3558 ἦψεν
1769 3488 1942 3540 ἐκεῖνο
1975 3488 2038 3541 τὸ

378 3579 530 3649 φῶς·
582 3577 643 3629 16
676 3575 782 3650 γὰρ
833 3577 890 3628 ἐν
934 3577 998 3646 τῇ
1054 3573 1250 3646 καρδίᾳ
1285 3573 1448 3626 αὐτοῦ
1492 3573 1606 3644 φῶς
1649 3574 1877 3644 ἔλαμπε.
1929 3575 2038 3628 Kal

377 3666 706 3738 εἰσεπήδησε
743 3662 838 3716 καὶ
886 3661 1210 3732 προσέπεσε,
1241 3661 1335 3714 καὶ
1362 3661 1460 3713 οὐκ
1486 3661 1684 3732 ἐρωτᾷ,
1721 3660 1846 3724 Πῶς
1881 3659 2040 3714 τοῦτο

378 3755 570 3823 γέγονε
593 3773 608 3821 ;
632 3754 696 3805 Τί
715 3752 966 3820 γέγονεν;
989 3749 1104 3804 ἀλλ’
1131 3747 1330 3812 εὐθέως
1356 3747 1515 3819 φησί’
1539 3748 1599 3803 Τί
1618 3764 1695 3816 με
1715 3746 1809 3801 δεῖ
1825 3749 2036 3812 ποιεῖν,

379 3843 479 3895 ἵνα
515 3838 729 3905 σωθῶ;
763 3839 827 3892 Τί
871 3834 965 3892 οῦν
1020 3837 1050 3889 ὁ
1089 3835 1337 3902 Παῦλος;
1387 3835 1727 3888 Πίστευσον
1776 3835 1874 3888 ἐπὶ
1931 3835 2041 3888 τὸν

378 3931 604 3997 Κύριον
647 3925 886 3994 Ἰησοῦν
915 3923 1188 3992 Χριστὸν,
1228 3922 1327 3975 καὶ
1359 3920 1627 3988 σωθήσῃ,
1657 3922 1808 3989 φησὶ,
1840 3920 1920 3974 σὺ
1942 3922 2040 3975 καί

379 4019 410 4069 ὁ
438 4013 611 4082 οἶκός
635 4030 769 4068 σου.
807 4011 1054 4066 Μάλιστα
1083 4009 1238 4062 τοῦτο
1266 4010 1389 4072 τοὺς
1413 4007 1728 4078 ἀνθρώπους
1756 4008 2039 4078 ἐφέλκεται

377 4104 434 4156 τὸ
458 4105 551 4158 καὶ
579 4102 679 4155 τὸν
705 4097 849 4153 οἷκον
895 4098 1058 4152 αὐτοῦ
1091 4096 1348 4168 σωθῆναι.
1393 4095 1499 4149 Καὶ
1543 4093 1857 4163 ἐλάλησαν
1879 4093 2040 4160 αὐτῷ

377 4191 718 4260 τὸνλόγον,
747 4187 845 4240 καὶ
876 4185 1024 4240 πᾶσι
1067 4184 1191 4248 τοῖς
1220 4183 1288 4237 ἐν
1317 4181 1391 4251 τῇ
1426 4183 1582 4248 οἰκίᾳ
1613 4182 1818 4236 αὐτοῦ.
1854 4181 2040 4234 Ἐλου-

379 4295 467 4332 σεν
501 4279 732 4340 αὐτοὺς,
764 4276 859 4328 καὶ
885 4273 1108 4344 ἐλούθη·
1139 4272 1374 4332 ἐκείνους
1408 4269 1506 4340 μὲν
1542 4269 1648 4322 ἀπὸ
1687 4269 1793 4322 τῶν
1819 4267 2041 4338 πληγῶν

376 4365 626 4429 ἔλουσεν,
669 4363 828 4425 αὐτὸς
860 4362 915 4414 δὲ
955 4361 1061 4414 ἀπὸ
1108 4358 1214 4411 τῶν
1256 4357 1538 4427 ἁμαρτιῶν
1587 4355 1814 4425 ἐλούθη·
1849 4354 2042 4425 ἔθρεψε

376 4455 466 4507 καὶ
512 4454 758 4528 ἐτράφη.
810 4450 922 4505 Καὶ
972 4445 1330 4517 mancam,
1380 4445 1545 4514 φησί’
1575 4443 1750 4497 καίτοι
1779 4443 1928 4496 οὐδὲν
1950 4438 2040 4514 ἦν,

377 4543 506 4597 ἀλλά
530 4547 762 4615 ῥήματα
798 4539 955 4610 μόνον
985 4536 1078 4588 καὶ
1115 4533 1328 4595 ἐλπίδες
1355 4531 1604 4602 χρησταί.
1628 4529 1796 4582 Τοῦτο
1821 4533 2044 4600 σημεῖον

381 4623 447 4700 ἦν
463 4631 556 4683 τοῦ
589 4627 1019 4683 πεπιστευκέναι
1053 4621 1233 4683 αὐτὸν,
1258 4621 1338 4672 ὅτι
1372 4619 1588 4672 πάντων
1613 4617 1808 4688 ἀφέθη.
1838 4616 1900 4670 Τί
1927 4618 2044 4670 δεσ-

390 4719 700 4788 μοφύλακος
716 4717 915 4785 χεῖρον;
933 4711 985 4766 τί
1011 4710 1066 4763 δὲ
1081 4706 1434 4780 ώμότερον;τί
1455 4705 1512 4758 δὲ
1528 4703 1763 4776 ἀγριώτε
1773 4721 1882 4777 ρον;
1902 4704 2042 4760 Ἀλλ’

387 4805 530 4875 ὅμως
569 4804 712 4876 μετά
741 4801 944 4871 πολλῆς
986 4797 1183 4860 αὐτοὺς
1227 4793 1520 4858 ὑπεδέξατο
1552 4795 1650 4863 τῆς
1690 4793 1886 4876 τιμῆς.
1931 4793 2044 4876 Οὐκ

391 4873 577 4960 ἐπειδη
598 4884 804 4956 ἐσώθη,
835 4883 1133 4953 εὐφράνθη,
1172 4879 1306 4934 ἀλλά
1338 4874 1758 4942 Πεπιστευκὼς
1782 4874 1860 4940 τῷ
1879 4873 2000 4941 Θεῷ
2025 4914 2040 4932 .

395 4976 755 5038 Πίστευσον,
787 4972 970 5042 φησὶν,
1012 4969 1111 5024 ἐπὶ
1156 4969 1264 5022 τὸν
1289 4967 1526 5034 Κύριον.
1579 4963 1680 5017 Διά
1709 4962 1867 5015 τοῦτο
1887 4960 2005 5016 εῖπε
2026 5003 2041 5030 ,

393 5057 811 5122 Πεπιστευκὼς
832 5054 913 5120 τῷ
952 5051 1091 5118 Θεῷ,
1123 5052 1209 5105 ἵνα
1241 5050 1314 5121 μὴ
1342 5049 1466 5119 δόξῃ
1487 5047 1561 5110 ὼς
1595 5047 1878 5109 κατάδικος
1909 5047 2044 5098 ἀπο-

393 5141 628 5208 λύεσθαι,
646 5142 741 5196 καὶ
764 5141 838 5202 ὡς
863 5135 1213 5209 ἡμαρτηκὼς.
1244 5135 1342 5186 Διά
1361 5133 1518 5186 τοῦτο
1536 5131 1750 5198 λέγουσι
1770 5145 1784 5159 ο
1807 5129 2046 5196 Δείραν-

396 5246 487 5296 τες
515 5230 671 5301 ἡμᾶς
698 5225 958 5296 δημοσίᾳ
980 5221 1406 5290 ἀκατακρίτους
1433 5217 1799 5287 ἀνθρώπους,
1827 5216 2048 5271 ἔϐαλον

394 5320 476 5384 είς
500 5313 808 5387 φυλακὴν,
839 5313 926 5366 ἵνα
963 5310 1036 5380 μὴ
1069 5309 1226 5379 μόνον
1259 5307 1357 5377 τῆς
1388 5306 1630 5377 χάριτος,
1665 5305 1800 5359 ἀλλὰ
1827 5305 1923 5358 καὶ
1949 5305 2042 5356 αὐ-

394 5403 498 5455 τῶν
589 5403 650 5455 τὸ
678 5400 931 5470 πρᾶγμα.
976 5394 1114 5464 Ὅρα
1154 5391 1387 5476 διάφορα
1410 5389 1507 5460 τὴν
1533 5389 1694 5460 χάριν
1736 5387 2048 5476 οἰκονομοῦ-

400 5505 514 5556 σαν,
536 5470 663 5552 ⁷’πῶς
702 5490 904 5549 ἐκεῖνος
944 5480 1158 5552 ἐξῆλθε,
1190 5478 1305 5541 πῶς
1332 5470 1506 5540 οὗτος,
1533 5476 1710 5529 καίτοι
1749 5474 2047 5545 ἀμφότεροι

398 5577 696 5630 ἀπόστολοι.
733 5572 1184 5642 Ἐφοϐήθησαν,
1226 5565 1377 5636 φησί.
1415 5562 1736 5625 Φοϐοῦνται,
1772 5562 1855 5615 ὅτι
1911 5562 2047 5614 Ῥω-

403 5664 542 5732 μαῖοί
567 5665 723 5724 εἰσιν,
762 5662 861 5731 οὐχ
897 5662 977 5714 ὅτι
1023 5657 1218 5719 ἀδίκως
1244 5650 1510 5707 ἐνέϐαλον.
1546 5650 1656 5704 Καὶ
1683 5647 1921 5717 ἠρώτων
1943 5650 2041 5702 αὺ-

399 5752 535 5816 τοὺς
559 5749 829 5814 ἐξελθεῖν
857 5748 973 5803 ἀπὸ
990 5745 1100 5815 τῆς
1119 5744 1368 5808 πόλεως.
1392 5740 1566 5810 Χάριν
1589 5737 1798 5810 ᾔτησαν
1821 5735 2044 5807 ταύτην.

402 5841 456 5889 m
517 5835 574 5890 δὲ
601 5835 849 5901 ἐλθόντες
901 5835 1036 5905 πρὸς
1077 5832 1177 5903 τὴν
1226 5829 1458 5894 Λυδίαν,
1515 5827 1609 5881 καὶ
1652 5821 2048 5896 βεϐαιώσαντες

461 5937 476 5959 ⁹
492 5938 592 5990 Alii
607 5937 753 5987 αὐτὸν
779 5938 1102 6003 ἐφειλκύσατο,
1131 5936 1286 5985 ἱκανὸν
1310 5936 1360 5984 ὃν
1383 5933 1559 5983 πεῖσαι.

1386 311 1452 367 IN
1490 284 1672 368 iam
1707 310 2492 371 APOSTOLORUMJIOMIL.
2529 314 2766 371 xxxvn.

3681 329 3788 386 260

2131 426 2320 498 αὐτὴν,
2359 428 2529 492 οὕτως
2558 429 2802 500 ἐξῆλθον.
2841 431 2912 484 Οὐ
2935 431 3041 502 γάρ
3074 430 3180 486 ἔδει
3211 434 3307 506 τὴν
3333 437 3604 509 ξενοδόχον
3635 440 3789 507 ἀφεῖ-

2129 531 2215 568 ναι
2232 517 2289 568 ἐν
2305 517 2474 584 ἀγῶνι
2491 519 2584 570 καὶ
2603 519 2862 590 μερίμνῃ.
2883 520 3132 590 Ἐξῆλθον
3144 521 3221 584 δὲ,
3240 523 3336 577 οὐκ
3355 527 3582 588 ἐκείνοις
3604 525 3790 578 πειθό-

2133 619 2314 672 μενοι,
2349 603 2598 657 mae-n1
2627 605 2687 658 16
2717 606 2979 676 κήρυγμα
3015 609 3350 675 σπεύδοντες,
3387 610 3536 684 [277]
3560 612 3660 680 τῆς
3687 612 3787 665 πό-

2127 688 2264 753 λεως
2297 689 2385 742 διὰ
2413 690 2506 743 τοῦ
2550 690 2825 762 θαύματος
2858 692 3056 755 ἱκανῶς
3090 694 3492 768 ώφεληθείσης⁶
3525 697 3631 751 ἔδει
3679 697 3790 770 γὰρ

2131 775 2206 846 μὴ
2242 778 2578 848 παραμένειν
2609 778 2812 833 λοιπόν.
2840 779 2913 832 Τὸ
2946 779 3054 850 γὰρ
3085 781 3266 852 θαῦμα
3304 784 3486 854 μεῖζον
3519 785 3787 854 φαίνεται,

2127 863 2234 916 τῶν
2269 866 2661 936 ἐργασαμένων
2709 868 3172 938 ἀποδημησάντων
3211 871 3342 924 αὐτὸ
3379 873 3579 941 μᾶλλον
3628 872 3783 943 βοῶν’

2126 953 2161 1021 ή
2193 952 2300 1024 γάρ
2323 953 2416 1006 τοῦ
2450 953 2857 1024 δεσμοφύλακος
2887 956 3068 1019 πίστις
3099 958 3220 1010 ἀντὶ
3253 961 3434 1030 φωνῆς
3459 957 3545 1031 ἦν.
3574 962 3638 1014 Τί
3661 960 3755 1015 τού
3780 985 3819 1017 ν,

2127 1056 2219 1092 του
2251 1039 2399 1108 ίσονς
2450 1044 2735 1111 Δεσμεῖται
2779 1043 2871 1096 καὶ
2916 1043 3031 1096 λύει
3059 1044 3372 1115 δεδεμένος,
3410 1047 3525 1101 λύει
3565 1049 3786 1104 διπλοῦν

2127 1125 2359 1196 δεσμόν⁹
2400 1128 2490 1181 τὸν
2535 1128 2772 1199 δήσαντα
2821 1130 2978 1183 ἔλυσε
3029 1131 3117 1184 διὰ
3161 1133 3254 1185 τοῦ
3295 1133 3532 1204 δεθῆναι.
3580 1137 3784 1201 Ὄντως

2126 1212 2300 1267 ταῦτα
2325 1215 2542 1284 χάριτος
2570 1214 2726 1284 ἔργα.
2749 1216 2880 1269 Νῦν
2906 1212 3042 1280 οὗν,
3076 1218 3259 1287 φησὶν,
3288 1218 3655 1288 ἐξελθόντες,
3683 1239 3785 1275 πο-

2120 1304 2374 1371 ρεύεσθε
2411 1306 2481 1358 ἐν
2516 1304 2722 1374 εἰρήνῃ
2744 1323 2758 1337 ο
2793 1307 3056 1370 τουτέστι,
3103 1309 3238 1378 μετά
3277 1310 3589 1378 ἀσφαλείας,
3621 1312 3788 1383 μηδὲν

2126 1390 2446 1456 δεδοικότες.
2486 1391 2696 1453 Ἀλλως
2740 1392 2796 1445 δὲ
2837 1395 2929 1446 καὶ
2971 1393 3156 1447 τοῦτον
3184 1407 3209 1435 ι
3245 1396 3349 1460 ἔξω
3385 1396 3628 1451 κινδύνου
3665 1398 3788 1468 βού-

2127 1478 2306 1531 λονται
2350 1479 2639 1548 γενέσθαι,
2673 1481 2762 1533 ἵνα
2805 1481 2881 1551 μὴ
2929 1483 3065 1550 μετά
3105 1481 3277 1537 ταῦτα
3325 1484 3643 1554 ἐγκαλῆται.
3680 1487 3788 1539 Kal

2126 1566 2188 1619 οὐ
2207 1566 2442 1635 λέγουσι,
2471 1567 2755 1638 Δείραντες
2777 1571 2924 1640 ἡμᾶς
2942 1569 3130 1624 ἔϐαλον
3147 1572 3226 1635 είς
3247 1571 3511 1642 φυλακὴν,
3539 1573 3789 1644 θαύματα

2127 1654 2558 1726 ἐργασαμένουςο
2590 1655 2709 1708 οὐδέ
2749 1657 2857 1728 γὰρ
2895 1651 3101 1721 τούτοις
3134 1661 3448 1730 προσεῖχον·
3492 1661 3607 1714 ἀλλ’
3636 1661 3664 1714 δ
3693 1662 3791 1732 μάο

2127 1740 2281 1794 λιστα
2309 1742 2486 1796 αὐτῶν
2527 1745 2700 1795 σεῖσαι
2754 1742 2853 1814 τὴν
2887 1743 3123 1797 διάνοιαν
3159 1742 3412 1812 ἐδύνατο,
3462 1746 3789 1816 Ἀκατακρί-

2127 1845 2308 1895 τους,
2363 1830 2529 1900 φησὶ,
2587 1829 2686 1883 καί
2733 1830 3058 1899 Ῥωμαίους
3122 1831 3524 1900 ὑπάρχοντος.
3584 1833 3785 1888 Τούτου

2131 1916 2562 1986 μνημονεύωμεν
2600 1915 2696 1970 τοῦ
2725 1916 3004 1988 δεσμώτου
3030 1917 3058 1956 b
3090 1917 3396 1983 διαπαντὸς,
3433 1921 3507 1992 μὴ
3535 1920 3626 1974 τοῦ
3657 1920 3788 1974 θαύ-

2131 2019 2318 2073 ματος.
2373 2003 2438 2055 Τί
2494 2004 2709 2075 ὲροῦσιν
2755 2004 3048 2074 Ἕλληνες,
3091 2005 3208 2068 πῶς
3257 2005 3538 2077 δεσμώτης
3594 2006 3670 2061 ὢν
3697 2008 3788 2062 τὸν

2127 2089 2511 2160 δεσμοφύλακα
2551 2091 2763 2157 ἔπεισε;
2792 2092 2900 2144 Kal
2922 2091 3064 2154 τίνα,
3097 2092 3250 2160 φησι,
3286 2093 3572 2164 πεισθῆναι
3599 2095 3788 2166 ἐχρῆν,

2128 2176 2162 2247 ἢ
2204 2177 2399 2247 μιαρὸν
2444 2176 2727 2250 ἄνθρωπον
2779 2179 2872 2230 καὶ
2919 2179 3259 2248 ταλαίπωρον
3305 2181 3399 2234 καὶ
3451 2180 3548 2234 οὐκ
3598 2181 3789 2252 ἔχοντα

2128 2262 2270 2325 νοῦν,
2297 2261 2506 2334 μυρίων
2527 2275 2548 2303 ο
2567 2265 2804 2334 γέμοντα
2815 2265 2998 2319 κακῶν
3014 2266 3106 2318 καὶ
3121 2266 3535 2338 εὐπαράγωγον;
3552 2268 3671 2320 Ἔτι
3695 2268 3789 2321 καὶ

2127 2349 2297 2404 ταῦτα
2325 2353 2684 2423 προφέρουσι·
2718 2352 2812 2415 Τίς
2826 2351 3007 2424 γάρ,ἢ
3041 2351 3294 2423 βυρσεύς,
3329 2354 3784 2424 πορφυρόπωλις.

2129 2437 2399 2507 εὐνοῦχος,
2426 2438 2783 2508 δεσμοφύλαξ,
2812 2438 2985 2491 δοῦλοι
3016 2439 3108 2492 καὶ
3147 2440 3398 2507 γυναῖκες
3429 2439 3786 2504 ἐπίστευσανς

2130 2523 2194 2578 Τί
2209 2521 2301 2579 οὖν
2322 2527 2494 2579 εἰπεῖν
2509 2525 2855 2597 δυνήσονται,
2877 2527 3004 2580 ὅταν
3017 2527 3108 2579 καὶ
3123 2527 3246 2589 τοὺς
3271 2528 3328 2579 ἐν
3356 2525 3627 2597 ἀξιώμασι
3647 2543 3790 2596 παρ-

2131 2613 2425 2683 αγάγωμεν
2445 2654 2460 2678 ,
2505 2613 2597 2666 τὸν
2626 2614 3017 2684 ἑκατόνταρχον
3039 2655 3052 2680 ,
3086 2613 3175 2666 τὸν
3215 2599 3552 2682 ἀνθύπατον,
3581 2617 3705 2678 τοὺς
3729 2613 3790 2680 ἐξ

2132 2701 2338 2753 ἐκείνου
2371 2700 2533 2770 μέχρι
2559 2699 2652 2752 τοῦ
2688 2700 2781 2752 νῦν
2803 2741 2818 2767 ,
2846 2701 3042 2763 αὐτοὺς
3080 2701 3216 2764 τοὺς
3252 2701 3618 2772 κρατοῦντας,
3665 2703 3790 2765 τοὺς

2135 2787 2404 2858 βασιλεῖς;
2465 2787 2605 2856 Ἐγὼ
2638 2787 2692 2840 δέ
2721 2787 2906 2858 ἔτερον
2943 2786 3085 2857 λέγω
3108 2787 3296 2840 τούτου
3342 2788 3522 2858 μεῖξον
3551 2805 3565 2818 ο
3594 2789 3790 2852 αὐτοὺς

2132 2878 2258 2939 τούς
2299 2875 2533 2940 εὐτελεῖς
2581 2877 2797 2946 ἴδωμεν.
2847 2875 2956 2929 Kal
2999 2874 3101 2928 ποῦ
3136 2875 3196 2927 16
3234 2874 3543 2944 θαυμαστὸν
3558 2905 3592 2941 ,ν
3613 2876 3788 2946 φησί;

2134 2964 2304 3018 Τοῦτο
2339 2964 2439 3034 μὲν
2465 2960 2556 3016 οὖν
2591 2963 2897 3032 θαυμαστόν
2915 2980 2928 2994 ·
2958 2961 3024 3016 ἂν
3065 2963 3164 3033 μὲν
3199 2963 3307 3032 γάρ
3336 2962 3529 3034 πεισθῇ
3556 2979 3636 3027 τις
3664 2965 3792 3034 περὶ

2133 3052 2240 3108 τῶν
2265 3051 2555 3121 τυχόντων,
2589 3051 2740 3103 οὐδὲν
2784 3049 3118 3118 θαυμαστόν·
3155 3049 3284 3102 ὅταν
3311 3048 3366 3102 δέ
3399 3049 3528 3119 περὶ
3558 3049 3792 3103 ἀναστά-

2135 3157 2290 3203 σεως,
2347 3139 2475 3210 περὶ
2530 3137 2805 3208 βασιλείας
2858 3137 3131 3210 οὐρανῶν,
3168 3137 3296 3209 περὶ
3343 3137 3459 3208 βίου
3503 3137 3792 3207 φιλοσόφου

2131 3228 2386 3299 ἀνδράσιν
2410 3226 2650 3280 εὐτελέσι
2693 3226 3004 3296 διαλέγηται
3047 3226 3140 3278 καὶ
3187 3225 3382 3297 πείθῃ,
3419 3225 3794 3296 θαυμαστότε-

2138 3332 2227 3386 ρον
2256 3314 2486 3384 ἔσται,ἢ
2515 3315 2561 3367 εί
2586 3314 2781 3382 σοφοὺς
2817 3312 3054 3366 ἔπειθεν.
3093 3313 3259 3366 Ὅταν
3291 3314 3398 3382 γάρ
3438 3312 3514 3384 μὴ
3612 3312 3793 3366 κίνδυ-

2134 3419 2243 3468 νος,
2275 3403 2368 3457 καὶ
2395 3402 2555 3475 πείθῃ
2569 3419 2671 3466 τις,
2692 3401 2871 3464 καλῶς
2897 3401 2994 3469 τὴν
3011 3401 3192 3454 ἄνοιαν
3220 3401 3298 3464 είς
3319 3399 3480 3470 μέσον
3513 3400 3790 3472 φέρουσιν·

2132 3490 2260 3545 ὅταν
2280 3490 2334 3544 δὲ
2359 3489 2489 3561 λέγῃ
2519 3488 2596 3559 τῷ
2619 3487 2789 3558 δούλῳ
2816 3487 2953 3541 κατά
2984 3486 3064 3549 σὲ,
3097 3487 3176 3540 ὃτι
3198 3527 3212 3551 ,
3260 3487 3358 3540 “Av
3389 3486 3614 3558 πεισθῇς
3644 3488 3790 3557 ἐμοὶ,

2135 3577 2482 3642 κινδυνεύεις,
2517 3577 2724 3640 πάντας
2748 3576 2892 3642 ἔξεις
2930 3574 3251 3645 πολεμίους,
3288 3573 3368 3626 δεῖ
3397 3591 3454 3626 σε
3480 3573 3792 3638 ἀποθανεῖν,

2138 3667 2304 3739 μυρία
2322 3666 2511 3718 παθεῖν
2525 3665 2689 3730 κακὰ,
2708 3661 2826 3719 εἶτα
2839 3665 3007 3726 οὕτως
3023 3663 3117 3734 ἔλῃ
3132 3663 3229 3734 τὴν
3248 3662 3426 3733 ψυχὴν
3449 3663 3675 3727 ἐκείνου,
3695 3663 3796 3716 οὐκ

2133 3754 2215 3806 ἔτι
2237 3753 2393 3806 τοῦτο
2421 3751 2624 3814 ἀνοίας.
2663 3752 2725 3803 Et
2763 3751 2856 3821 μὲν
2892 3751 2998 3822 γὰρ
3029 3750 3096 3803 τά
3131 3750 3377 3828 δόγματα
3407 3748 3600 3820 ἡδονὴν
3628 3745 3793 3820 εἶχεν,

2134 3841 2355 3904 εἰκότως
2387 3840 2452 3894 ἀν
2472 3857 2555 3904 τις
2583 3839 2741 3891 τοῦτο
2768 3833 2924 3890 εἶπεν
2945 3852 2958 3864 ·
2993 3839 3039 3889 εί
3074 3839 3128 3890 δὲ
3148 3878 3162 3903 ,
3201 3837 3337 3908 ὅπερ
3363 3837 3462 3889 οὐκ
3495 3837 3560 3890 ἂν
3593 3837 3798 3890 εἴλοντο

2135 3929 2410 3998 φιλόσοφοι
2426 3928 2634 3998 μαθεῖν,
2648 3925 2803 3980 τοῦτο
2817 3929 2844 3979 6
2857 3924 3035 3988 δοῦλος
3053 3925 3308 3994 μανθάνει
3323 3925 3502 3995 μεῖξον
3519 3925 3576 3977 16
3588 3924 3792 3995 θαῦμα.

2135 4017 2244 4069 Καὶ
2276 4017 2323 4068 εί
2348 4015 2620 4086 βούλεσθε,
2647 4015 2738 4067 τὸν
2780 4012 3112 4084 βυρσοδέψην
3144 4011 3304 4066 αὐτὸν
3333 4013 3414 4074 είς
3455 4011 3616 4081 μέσον
3639 4011 3793 4080 ἐνέγ-

2135 4119 2347 4172 κωμεν,
2379 4101 2476 4155 καὶ
2505 4102 2704 4171 ἴδωμεν
2754 4099 2806 4152 τί
2862 4098 3010 4166 αὐτῷ
3047 4098 3314 4164 διελέγετο
3347 4099 3374 4149 ό
3402 4097 3609 4167 Πέτρος
3629 4111 3644 4127 ο
3681 4097 3713 4167 ἢ
3746 4099 3794 4151 εί

2138 4191 2310 4253 θέλεις
2322 4189 2482 4243 αὐτόν
2507 4189 2693 4243 τοῦτον
2707 4188 2795 4240 τὸν
2818 4189 2871 4239 δε
2881 4186 3219 4257 σμοφύλακα.
3234 4186 3299 4236 Τί
3315 4181 3407 4238 οῦν
3422 4183 3567 4256 αὐτῷ
3594 4177 3746 4237 εἶπεν
3767 4185 3795 4237 6

2137 4277 2384 4340 Παῦλοςς
2421 4277 2542 4329 Ὅτι
2574 4278 2603 4328 6
2635 4273 2870 4344 Χριστὸς
2902 4273 3129 4342 ἀνέστη,
3176 4271 3362 4341 φησὶν,
3395 4273 3474 4324 ὅτι
3501 4271 3798 4336 ἀνάστασίς

2138 4367 2253 4418 ἐστι
2275 4362 2503 4434 νεκρῶν,
2535 4363 2617 4414 ὅτι
2651 4358 2925 4431 βασιλείαο
2957 4359 3051 4412 καὶ
3085 4358 3306 4412 ἔπεισεν
3340 4357 3576 4422 εὐκόλως
3597 4361 3798 4428 εὐπαρ-

2139 4453 2354 4522 ἀγωγον
2397 4449 2544 4502 ὄντα.
2596 4447 2660 4501 Τί
2681 4441 2806 4512 οῦν;
2857 4445 2985 4517 περὶ
3027 4445 3143 4515 βίου
3173 4443 3324 4497 οὐδὲν
3353 4439 3523 4508 εἶπεν,
3575 4445 3656 4498 ὅτι
3687 4461 3796 4498 σω-

2139 4543 2352 4613 φρονεῖν
2383 4540 2480 4602 δεῖ,
2508 4539 2590 4592 ὃτι
2618 4535 2915 4607 χρημάτων
2949 4535 3191 4605 κρατεῖν,
3241 4531 3323 4585 ὅτι
3363 4531 3437 4603 μὴ
3467 4528 3604 4585 εῖναι
3625 4531 3794 4602 ώμδν,

2140 4633 2222 4685 ὅτι
2246 4630 2314 4684 τά
2341 4627 2506 4683 αὐτοῦ
2555 4626 2752 4681 διδόναι
2793 4623 3026 4695 ἑτέροις
3066 4622 3141 4675 Οὐ
3180 4621 3286 4693 γὰρ
3311 4622 3374 4692 δὴ
3407 4620 3502 4674 καὶ
3535 4621 3594 4674 16
3627 4620 3798 4705 ταῦτα

2140 4721 2424 4792 πεισθῆναι
2456 4719 2642 4782 ἀνοίας
2664 4713 2765 4788 ἦν,
2800 4713 2936 4769 ἀλλὰ
2965 4715 3058 4768 καὶ
3102 4712 3345 4784 μεγάλης
3380 4712 3576 4784 ψυχῆς.
3617 4713 3797 4766 ’Ἔστω

2139 4810 2246 4881 γάρ
2266 4810 2332 4864 τά
2360 4803 2608 4879 δόγματα
2650 4804 2754 4857 ὑπο
2789 4803 2976 4866 ἀνοίας
3021 4800 3220 4871 μᾶλλον
3256 4801 3455 4864 αὐτοὺς
3501 4801 3800 4872 παραδέχε-

2141 4898 2292 4952 σθαι’
2345 4897 2406 4950 τὸ
2457 4896 2570 4966 βίον
2621 4892 2763 4946 οὔτω
2832 4889 3119 4959 φιλόσοφον
3173 4888 3592 4958 καταδέχεσθαι,
3640 4887 3798 4949 ποίας

2145 4988 2329 5051 ἀνοίας
2353 4982 2452 5056 ἦνῑ
2479 4984 2641 5035 Ὥστε
2667 4982 2776 5049 ὅσῳ
2798 4978 2862 5032 ἂν
2882 4971 3162 5048 ἀνόητοςῇ
3190 4977 3218 5030 6
3256 4974 3573 5045 πειθόμενος
3596 5016 3611 5040 ,
3648 4973 3798 5046 [278]

2143 5074 2400 5142 πείθηται
2451 5069 2508 5122 δὲ
2553 5067 2747 5131 ταῦτα,
2787 5064 2824 5119 ἃ
2879 5064 3013 5136 μηδὲ
3067 5063 3345 5133 φιλόσοφοι
3371 5063 3554 5114 πεῖσαι
3575 5059 3800 5131 ίσχυσαν

2139 5163 2266 5225 τοὺς
2291 5158 2612 5229 φιλοσόφους
2635 5196 2651 5222 ,
2687 5154 2871 5226 μεῖζον
2904 5152 2965 5205 16
3001 5150 3184 5222 θαῦμα
3208 5149 3447 5218 γίνεται,
3485 5147 3717 5218 μάλιστα
3742 5147 3798 5200 δὲ

2142 5249 2268 5303 ὅταν
2295 5246 2390 5300 καὶ
2432 5246 2688 5312 γυναῖκες
2738 5242 2832 5294 καλ⁵
2875 5237 3050 5293 δοῦλοι
3095 5237 3406 5300 πείθωνται,
3450 5234 3546 5288 καὶ
3585 5233 3671 5287 διά
3690 5233 3798 5288 τῶν

2141 5338 2318 5408 ἔργων
2342 5331 2515 5386 ταῦτα
2546 5328 2963 5392 ἐπιδείκνυνται,
2990 5326 3129 5398 ειπερ
3161 5323 3442 5386 Πλάτωνες
3468 5321 3562 5375 καὶ
3598 5320 3798 5386 πάντες

2145 5427 2339 5480 ἐκεῖνοι
2358 5421 2550 5474 οὐδένα
2593 5421 2777 5470 πεῖσαι
2814 5416 3058 5486 ἴσχυσαν.
3081 5412 3189 5466 Kal
3209 5411 3262 5464 τί
3282 5409 3443 5479 λέγω,
3467 5409 3549 5462 ὃτι
3573 5408 3798 5476 οὐδένας

2144 5512 2276 5566 υύδὲ
2307 5505 2547 5569 ἑαυτούς.
2581 5505 2704 5557 ’Ότι
2725 5501 2832 5572 γάρ
2873 5500 3168 5572 χρημάτων
3201 5497 3260 5550 οὐ
3302 5496 3383 5548 δεῖ
3419 5496 3797 5567 καταφρονεῖν,

2143 5598 2370 5656 Πλάτων
2443 5593 2658 5658 ἔπεισε,
2729 5588 2998 5657 τοσαύτην
3055 5583 3391 5662 περιουσίαν.
3447 5582 3542 5636 καὶ
3598 5580 3798 5651 πλῆθος

2144 5684 2441 5759 χρημάτων
2482 5679 2579 5734 καὶ
2624 5674 2942 5738 δακτυλίους
2996 5671 3230 5744 χρυσοῦς
3273 5671 3366 5724 καὶ
3421 5669 3618 5739 φιάλας
3643 5685 3800 5742 περι.

2206 5803 2235 5832 ⁸
2269 5801 2350 5852 Sic
2394 5797 2740 5858 rescriptum};
2763 5789 2918 5858 tri_bu§
2939 5803 3056 5840 mss.
3087 5796 3140 5858 gl
3169 5788 3353 5858 Savil.‘1
3381 5785 3593 5858 λίθου’.ι
3616 5781 3787 5858 τοῦτο.⁸

2145 5847 2375 5942 1-2:»ny
2399 5847 2481 5912 Sic
2510 5847 2661 5912 Sinti].
2690 5855 2864 5908 Morel.
2891 5851 3265 5916 δεσμοφύλακος.
3330 5851 3354 5881 ⁸
3380 5848 3491 5900 Mss.
3515 5847 3643 5907 νοῦν,
3672 5847 3796 5895 ἀλλά

2151 5942 2344 5989 μυριων.

3043 6026 3176 6046 ...Α.
