4104 6148
345 329 440 385 26!

347 443 710 517 ποιησάμενος
729 461 742 476 ·
772 444 852 497 ὅτι
873 441 928 495 δὲ
949 439 1108 511 δόξης
1129 441 1189 494 οὐ
1211 442 1317 513 χρὴ
1349 443 1707 512 καταφρονεῖν
1735 440 1832 510 τῆς
1861 437 2010 510 παρά

345 538 454 590 τῶν
486 533 731 598 πολλῶν,
772 529 1066 603 Σωκράτης
1106 531 1322 594 αὐτοῖς,
1371 530 1472 584 κᾶν
1535 529 1700 601 μυρία
1749 529 2010 598 φιλοσοφῇ

347 625 480 694 περὶ
535 621 746 682 τούτου,
798 619 1078 672 δείκνυσι·
1121 618 1298 671 πάντα
1356 617 1462 686 γὰρ
1507 617 1642 687 πρὸς
1685 616 1841 682 δόξαν
1869 615 2012 685 ὁρῶν

346 711 539 764 ἐποίει.
562 709 671 761 Καὶ
691 706 746 760 εί
769 723 833 774 γε
857 705 964 760 τῶν
996 704 1202 758 ἐκείνου
1223 704 1395 773 λόγων
1422 704 1672 775 ἔμπειροι
1697 700 1817 774 ἦτε,
1846 703 2012 756 πολὺν

347 799 414 852 ἂν
439 797 528 850 τὸν
557 795 698 864 ὑπὲρ
731 794 939 847 τούτων
983 792 1208 864 ἐκίνησα
1249 793 1405 860 λόγον
1429 834 1442 857 ,
1490 791 1583 844 καὶ
1612 790 1784 854 ἔδειξα
1815 789 2012 860 πολλὴν

347 885 486 956 παρ’
519 883 702 946 αὐτοῖς
742 883 842 953 τὴν
875 883 1176 952 εἰρωνείαν,
1218 880 1272 933 εί
1304 898 1365 950 γε
1391 874 1471 943 οἷς
1503 881 1531 932 ό
1563 879 1808 951 μαθητὴς
1845 877 2010 932 αὐτοῦ

346 973 492 1040 λέγει
521 971 805 1024 πείθεσθαι
860 970 988 1041 χρὴ,
1041 971 1132 1023 καὶ
1170 969 1288 1033 πῶς
1340 968 1450 1022 ἀπὸ
1491 967 1794 1032 κενοδοξίας
1835 967 2012 1022 πάντα

346 1060 492 1130 αὐτῷ
521 1059 590 1112 τὰ
609 1059 913 1129 γράμματα
943 1058 1040 1129 τὴν
1070 1057 1327 1111 ὑπόθεσιν
1357 1056 1488 1128 ἔχει.

428 1147 579 1200 Ἀλλ’
627 1147 869 1210 ἐκείνους
914 1145 1160 1214 ἀφέντες,
1210 1145 1346 1217 πρὸς
1380 1147 1529 1216 ἡμᾶς
1570 1143 1766 1206 αὐτοὺς
1803 1142 2012 1214 διαλεχ-

347 1236 548 1308 θῶμεν.
596 1234 750 1288 Μετὰ
809 1235 918 1304 γάρ
976 1233 1082 1286 τῶν
1140 1233 1463 1303 εἰρημένων,
1520 1232 1613 1284 καὶ
1665 1232 1820 1284 τοῦτο
1867 1230 2011 1284 ἔστιν

346 1328 547 1390 εἰπεῖν,
575 1325 658 1378 ὅτι
681 1323 775 1377 καὶ
805 1321 942 1394 μετὰ
965 1321 1224 1375 κινδύνων
1252 1321 1424 1374 ταῦτα
1461 1319 1756 1373 ἐπείθοντο.
1799 1319 1891 1391 Μὴ
1919 1315 2012 1373 οῦν

345 1412 729 1483 ἀναισχύντει,
764 1410 891 1464 ἀλλ’
937 1411 1277 1480 ἐννοήσωμεν
1315 1407 1528 1479 ἐκείνην
1578 1407 1677 1479 τὴν
1731 1406 1924 1471 νύκτα,
1951 1408 2012 1461 τὸ

349 1499 526 1566 ξύλον,
556 1501 684 1562 τοὺς
717 1498 940 1570 ὕμνους,
975 1497 1070 1551 καὶ
1102 1496 1260 1550 τοῦτο
1298 1498 1469 1549 ποιεῖν
1504 1495 1891 1566 σπουδάζωμεν
1919 1497 2013 1550 καὶ

346 1590 545 1659 ἡμεῖς,
603 1588 699 1641 καὶ
748 1586 1030 1657 ἀνοίξομεν
1084 1585 1213 1656 ἡμῖν
1271 1583 1389 1654 οὐχὶ
1425 1583 1827 1655 δεσμωτήριον,
1886 1584 2014 1638 ἀλλ’

346 1677 596 1747 οὐρανόν.
622 1678 720 1728 “Av
755 1674 1062 1744 εὐχώμεθα,
1105 1673 1201 1727 καὶ
1233 1673 1325 1725 τὸν
1363 1672 1592 1743 οὐρανὸν
1617 1672 1824 1736 ἀνοῖξαι
1848 1672 2008 1743 δυνη-

347 1765 573 1834 σόμεθα.
611 1763 796 1826 Ἠλίας
823 1762 918 1815 ml
963 1760 1172 1814 ἔκλεισε
1210 1760 1303 1814 καὶ
1346 1759 1524 1830 ἤνοιξε
1560 1759 1651 1813 τὸν
1685 1759 1913 1830 οὐρανὸν
1940 1763 2006 1833 τῇ

347 1851 501 1922 εὐχῇ.
529 1849 684 1902 Ἐστι
711 1851 805 1902 καὶ
825 1850 880 1901 ἐν
903 1845 1114 1920 οὐρανῷ
1135 1847 1527 1918 δεσμωτήριον.
1553 1847 1709 1900 Ὅσα
1734 1847 1828 1913 ἂν,
1851 1847 2006 1917 φησὶ,

346 1936 575 2006 δήσητε
599 1937 695 1991 ἐπὶ
724 1935 833 2004 τῆς
853 1935 987 2006 γῆς,
1019 1935 1190 1988 ἔσται
1227 1933 1513 2003 δεδεμένα
1548 1935 1618 1988 ἐν
1649 1933 1727 2000 τῷ
1751 1937 2006 2003 οὐρανῷ.

345 2023 650 2095 Εύχώμεθα
699 2025 842 2078 κατά
885 2023 1074 2089 νύκτα,
1107 2025 1201 2076 καὶ
1242 2022 1475 2094 λύσομεν
1506 2023 1679 2076 ταῦτα
1710 2023 1779 2076 τὰ
1811 2023 2006 2095 δεσμά.

349 2112 471 2165 ,οτι
498 2113 607 2183 γὰρ
662 2112 819 2183 εὐχαὶ
866 2113 1240 2182 ἁμαρτήματα
1291 2110 1496 2179 λύουσι,
1539 2111 1772 2166 πειθέτω
1803 2114 2006 2184 ἡμᾶςή

346 2200 514 2271 χήρα,
557 2198 790 2252 πειθέτω
839 2201 986 2269 ἡμᾶς
1020 2200 1226 2262 ἐκεῖνος
1256 2201 1284 2252 ό
1333 2199 1484 2268 φίλος
1517 2200 1545 2252 ό
1579 2201 1717 2271 ἀωρὶ
1739 2199 1845 2254 τῶν
1879 2218 2009 2254 νυκ-

345 2288 454 2340 τῶν
490 2287 763 2358 ἐπιμένων
809 2287 903 2341 καὶ
943 2286 1174 2358 κρούων,
1225 2285 1458 2340 πειθέτω
1497 2289 1645 2358 ἡμᾶς
1674 2287 1969 2360 Κορνήλιος
1993 2305 2007 2318 ·

345 2378 418 2430 Αἱ
437 2375 768 2444 προσευχαί
795 2389 910 2428 σου
926 2375 1054 2445 γὰρ,
1086 2374 1354 2444 φησὶ,καὶ
1381 2377 1442 2428 αἱ
1471 2375 1872 2445 ἐλεημοσύναι
1895 2392 2011 2431 σου

346 2461 653 2529 ἀνέϐησαν
674 2461 932 2516 ἐνώπιον
949 2461 1062 2516 τοῦ
1095 2462 1244 2516 Θεοῦ
1267 2477 1281 2494 ·
1329 2462 1562 2517 πειθέτω
1609 2464 1755 2534 ἡμᾶς
1777 2463 2008 2532 Παῦλος,

345 2551 520 2620 λέγων
542 2567 556 2583 ·
606 2551 670 2606 Ἠ
706 2550 775 2603 δὲ
801 2551 988 2616 ὄντως
1024 2549 1180 2620 χήρα
1208 2550 1308 2605 καὶ
1336 2551 1722 2622 μεμονωμένη
1752 2551 2013 2622 ἤλπικεν

343 2640 443 2692 ἐπὶ
473 2638 579 2693 τόν
601 2638 747 2692 Θεὸν
772 2639 870 2693 καὶ
902 2638 1222 2709 προσμένει
1244 2639 1370 2706 ταῖς
1393 2639 1641 2708 δεήσεσι
1663 2642 1885 2708 νυκτὸς
1911 2644 2010 2698 καὶ

345 2727 588 2798 ἡμέρας.
616 2728 679 2781 Εἰ
715 2727 844 2798 περὶ
885 2729 1059 2798 χήρας
1089 2729 1293 2792 ἐκεῖνος
1335 2727 1392 2781 δὲ
1425 2727 1596 2782 ταῦτα
1636 2728 1806 2799 λέγει,
1848 2729 2011 2784 ἀσθε-

345 2814 468 2878 νοῦς
497 2814 773 2883 γυναικὸς,
807 2813 987 2886 πολλῷ
1013 2814 1213 2884 μᾶλλον
1243 2815 1372 2887 περὶ
1394 2815 1621 2886 ἀνδρῶν.

416 2902 526 2956 Καὶ
557 2902 658 2973 ἤδη
683 2901 960 2974 διελέχθην
991 2902 1140 2974 ὑμῖν,
1182 2903 1277 2956 καὶ
1312 2902 1404 2956 νῦν
1448 2903 1576 2975 ἐρῶ·
1605 2903 2015 2978 Διεγειρώμεθα

345 2992 445 3062 τὴν
460 2991 648 3044 νύκτα·
676 2990 777 3044 κᾶν
800 2994 874 3062 μὴ
893 2991 1091 3055 πολλὰς
1105 2991 1269 3063 εὐχὰς
1296 2996 1473 3064 ποιῆς,
1513 2994 1643 3063 μίαν
1667 2995 1889 3065 ποίησον
1921 3012 2017 3066 με·

346 3079 414 3131 τὰ
440 3078 672 3149 νήψεως,
703 3079 795 3130 καὶ
823 3078 1000 3150 ἀρκεῖ·
1031 3079 1183 3132 οὐδὲν
1212 3079 1374 3133 πλέον
1422 3079 1658 3133 ἀπαιτῶ·
1685 3083 1786 3136 κᾶν
1811 3083 1886 3154 μὴ
1918 3100 2012 3154 μευ

350 3165 652 3231 σονύκτιον,
686 3165 822 3236 πρὸς
863 3166 1023 3219 αὑτὸν
1053 3166 1183 3234 γοῦν
1217 3165 1306 3221 τὸν
1337 3167 1552 3240 ὄρθρον.
1582 3167 1785 3236 Δεῖξον,
1832 3171 1913 3224 ὅτι
1954 3173 2015 3224 ού

347 3253 441 3307 τοῦ
474 3253 724 3325 σώματος
767 3254 928 3324 μόνον
973 3255 1121 3309 ἐστὶν
1165 3254 1342 3326 mue,
1372 3255 1510 3309 ἀλλὰ
1557 3258 1778 3328 καὶτῆς
1818 3258 2014 3329 ψυχῆς·

352 3342 428 3415 μὴ
456 3343 665 3417 ἀνάσχῃ
708 3342 997 3413 παρελθεῖν
1047 3344 1217 3416 αὐτὴν
1260 3344 1465 3416 ἀργῶς,
1518 3345 1632 3399 ἀλλ’
1653 3346 1881 3416 ἄμειψαι
1927 3348 2018 3402 τὸν

348 3434 624 3504 Δεσπότην
652 3433 886 3504 ἀμοιϐὴν
917 3432 1149 3505 ταύτην·
1184 3434 1384 3504 μᾶλλον
1415 3435 1472 3489 δὲ
1504 3436 1599 3490 καὶ
1657 3436 1794 3508 αὐτὴ
1825 3438 1905 3502 εἰς
1958 3439 2016 3493 σὲ

350 3524 695 3593 περιέρχεται
722 3535 771 3577 ι.
800 3524 934 3576 Εἰ.πέ
962 3523 1024 3594 δή
1063 3541 1178 3594 μοι,
1209 3525 1255 3577 εἰ
1291 3525 1580 3595 πράγματι
1628 3527 2018 3599 περιπέσοιμεν

347 3608 592 3680 χαλεπῷ,
626 3609 746 3662 τίνα
768 3609 867 3661 οὐκ
895 3609 1186 3680 ἁξιοῦμενς
1239 3609 1341 3664 κᾶν
1373 3611 1582 3682 ταχέως
1623 3614 1722 3684 τῆς
1752 3614 2018 3686 αἰτήσεως

348 3695 623 3765 τύχωμεν,
679 3696 1041 3766 ἀναπνέομεν.
1091 3695 1188 3759 Τίς
1224 3715 1304 3750 σοι
1354 3698 1430 3768 δῷ
1471 3699 1685 3772 ἕτοιμον
1749 3697 1887 3756 εἶναι
1931 3703 2019 3757 τὸν

349 3780 668 3850 ἀξιούμενον
703 3780 864 3852 χάριν
893 3799 974 3834 σοι
1011 3781 1154 3852 ἔχειν
1208 3783 1288 3837 ὅτι
1341 3784 1548 3853 ἀξιοῖς;
1581 3787 1665 3851 τίς
1700 3805 1780 3841 σοι
1835 3788 1910 3858 δῷ
1944 3788 2018 3862 μὴ

350 3868 620 3938 περιιέναι
647 3869 741 3921 καὶ
774 3867 957 3937 ζητεῖν
983 3869 1102 3923 τίνα
1124 3871 1394 3937 ἀξιώσεις,
1425 3873 1539 3927 ἀλλ’
1565 3875 1744 3945 εὑρεῖν
1772 3876 2016 3946 ἓτοιμον;

353 3957 430 4027 μὴ
467 3955 666 4025 ἐτέρων
687 3954 912 4017 δεῖσθαι,
951 3956 1039 4010 ἵνα
1066 3959 1134 4011 δι’
1169 3959 1396 4013 ἐκείνων
1424 3960 1688 4035 ἀξιώσῃς;
1730 3963 1796 4017 Τί
1829 3964 2017 4020 τούτου

353 4043 572 4113 μεῖζον;
607 4036 774 4107 Οὗτος
805 4045 913 4116 γὰρ
940 4045 1061 4098 τότε
1095 4046 1328 4116 μάλιστα
1349 4052 1511 4114 ποιεῖ,
1544 4051 1670 4104 ὅταν
1705 4051 1779 4123 μὴ
1815 4053 2017 4124 ἐτέρων

349 4130 654 4201 δεηθῶμεν·
684 4131 936 4203 καθάπερ
965 4132 1118 4202 φίλος
1161 4136 1384 4205 γνήσιος
1431 4137 1552 4190 τότε
1601 4138 1832 4210 μάλιστα
1888 4141 2018 4212 ἡμῖν

349 4219 570 4284 ἐγκαλεῖ
594 4219 670 4283 ὡς
703 4220 763 4272 οὺ
797 4219 1090 4292 θαρροῦσιν
1127 4221 1292 4275 αὐτοῦ
1344 4227 1409 4296 τῇ
1440 4224 1613 4298 φιλίᾳ,
1640 4227 1768 4282 ὅταν
1815 4229 2015 4302 ἐτέρων

349 4308 487 4379 πρὸς
511 4308 670 4361 αὐτὸν
698 4306 844 4379 [279]
875 4308 1156 4382 δεηθῶμεν
1210 4312 1317 4365 τῶν
1345 4313 1660 4379 ἀξιούντων.
1714 4318 1870 4372 Οὕτω
1920 4320 2015 4373 καὶ

347 4397 510 4465 ἡμεῖς
538 4394 798 4466 ποιοῦμεν
830 4399 922 4450 ἐπὶ
950 4398 1058 4452 τῶν
1106 4401 1254 4470 ἡμᾶς
1281 4402 1594 4468 ἀξιούντων·
1632 4407 1754 4460 τότε
1779 4408 2013 4479 μάλιστα

348 4484 532 4547 αὐτοῖς
588 4482 946 4556 χαριζόμεθα,
1005 4487 1134 4540 ὅταν
1163 4488 1228 4541 δι’
1261 4490 1471 4543 ἑαυτῶν
1529 4494 1680 4563 ἡμῖν,
1713 4495 1807 4548 καὶ
1827 4496 1888 4548 οὐ
1943 4496 2011 4550 δι’

348 4569 550 4640 ἑτέρων
572 4571 858 4642 προσίωσι.
889 4573 954 4625 Τί
993 4570 1108 4638 οὖν,
1150 4576 1334 4646 φησὶν,
1363 4577 1429 4630 ἂν
1449 4583 1909 4653 προσκεκρουκὼς
1933 4578 2012 4653 ὦ;

347 4656 564 4711 Παῦσαι
590 4658 946 4729 προσκρούων
978 4660 1070 4714 καὶ
1123 4661 1412 4732 δάκρυσον,
1443 4667 1537 4718 καὶ
1562 4665 1704 4721 οὕτω
1732 4670 2018 4741 πρόσελθε,

257 4803 260 4807 _
349 4745 444 4797 καὶ
486 4742 697 4813 ταχέως
749 4745 841 4796 ἐπὶ
875 4746 988 4808 τοῖς
1017 4747 1303 4818 προτέροις
1345 4749 1506 4804 αὑτὸν
1560 4751 1716 4806 ἵλεων
1749 4757 2016 4829 ποιήσεις.

349 4829 484 4884 Εἰπὲ
514 4829 693 4900 μόνον,
737 4832 820 4885 ὅτι
851 4833 1255 4905 Προσέκρουσα·
1306 4837 1426 4890 εἰπὲ
1455 4840 1518 4893 ἐκ
1545 4839 1722 4912 ψυχῆς
1764 4844 1857 4898 καὶ
1887 4863 2020 4917 γνη-

348 4917 469 4982 σίας
492 4917 750 4984 διανοίας,
785 4921 878 4975 καὶ
933 4921 1110 4976 πάντα
1139 4921 1372 4976 λέλυται.
1411 4927 1527 4980 Ούκ
1579 4930 1866 5003 ἐπιθυμεῖς
1927 4934 2020 4988 οῦ-

412 5017 432 5043 ⁶
449 5021 592 5071 Alius
624 5025 968 5087 περιτρέπεται.

1053 321 1110 377 S.
1147 320 1427 379 JOANNIS
1464 321 1946 379 CHRYSOSTOMI
1984 321 2299 379 ARCIIIEP.
2340 323 2885 383 CONSTANTINOP.

3671 332 3776 388 9.62

2111 457 2216 504 τως
2248 441 2515 512 ἀφεθῆναι
2539 441 2603 495 σὺ
2624 454 2648 483 α
2675 445 2774 507 τὰς
2792 443 3065 515 ἁμαρτίας
3094 461 3206 510 σου,
3230 445 3306 509 ὡς
3331 445 3491 510 αὐτὸς
3521 446 3775 519 ἐπιθυμει

2111 529 2326 597 ἀφεῖναί
2378 547 2468 582 σου
2500 532 2568 584 τὰ
2616 531 3010 602 ἁμαρτήματα.
3059 533 3182 586 Ὀτι
3215 532 3324 604 γὰρ
3355 533 3456 587 οῦκ
3493 535 3776 604 ἐπιθυμεῖς

2113 617 2199 679 σὺ,
2224 617 2474 687 ἐννόησον
2493 619 2574 670 ὅτι
2603 618 2723 671 οὐδὲ
2755 620 3055 691 ἀγρυπνεῖν
3082 621 3357 692 καταδέχῃ
3383 621 3504 675 ούδέ
3521 624 3779 696 χρήματα

2114 705 2383 775 προΐεσαι·
2417 707 2577 770 αὐτὸς
2597 707 2675 773 δὲ,
2730 708 2818 760 ἵνα
2857 709 2967 779 ἀφῇ
2998 709 3151 779 ἡμῶν
3177 709 3277 773 τὰς
3329 712 3629 782 ἁμαρτίας,
3683 714 3780 766 τοῦ

2112 791 2447 860 Μονογενοῦς
2474 796 2575 848 οὐκ
2604 795 2875 864 ἐφείσατο,
2911 797 3005 848 τοῦ
3033 797 3255 868 γνησίου
3285 799 3501 864 Παιδὸς,
3530 799 3625 854 τοῦ
3657 819 3781 854 συνο

2114 881 2324 952 θρόνου.
2368 883 2554 956 Ὁρᾷς,
2580 885 2662 938 δτι
2686 884 2844 949 αὐτὸς
2877 885 3075 956 μᾶλλον
3132 887 3392 958 ἐπιθυμεῖ
3433 889 3649 957 ἀφεῖναί
3697 907 3779 942 σοι

2111 970 2179 1023 τὰ
2205 972 2605 1044 ἀμαρτήματα;
2633 975 2724 1044 Μὴ
2754 973 2817 1045 δὴ
2862 973 3128 1044 ὀκνῶμεν,
3161 975 3298 1047 μηδὲ
3328 977 3778 1048 ἀναϐαλλώμεθα.

2110 1060 2491 1132 Φιλάνθρωπός
2544 1063 2787 1116 ἐστικαὶ
2832 1062 3056 1130 ἀγαθός·
3116 1064 3276 1134 μόνον
3328 1065 3584 1138 ἀφορμὴν
3630 1067 3779 1137 αὐτῷ

2110 1149 2308 1220 δῶμεν,
2342 1151 2435 1204 καὶ
2465 1150 2642 1216 τοῦτο,
2679 1151 2766 1205 ἵνα
2825 1153 2986 1224 ἡμεῖς
3023 1153 3100 1224 μὴ
3157 1153 3421 1225 ἄχρηστοι
3468 1154 3775 1226 γενώμεθα,

2111 1237 2233 1290 ἐπεὶ
2266 1237 2358 1290 καὶ
2385 1239 2553 1309 χωρὶς
2583 1239 2771 1293 τούτου
2817 1240 3085 1293 ἀπέλυσεν
3107 1239 3192 1294 ἄν·
3241 1241 3358 1294 ἀλλ’
3403 1241 3592 1313 ῶσπερ
3619 1245 3779 1320 ἡμεῖς

2111 1326 2203 1378 ἐπὶ
2244 1325 2351 1379 τῶν
2381 1327 2604 1382 οἰκετῶν
2633 1328 2740 1381 τῶν
2790 1328 3073 1399 ἡμετέρων
3127 1330 3294 1401 μυρία
3341 1330 3649 1403 πλάττομεν
3684 1334 3779 1387 καὶ

2114 1413 2452 1486 συντίθεμεν·
2481 1414 2622 1469 οὕτω
2647 1417 2740 1470 καὶ
2767 1417 2931 1480 αὐτὸς
2951 1417 3043 1470 ἐπὶ
3070 1417 3170 1488 τῆς
3200 1419 3473 1490 ἡμετέρας
3503 1421 3777 1492 σωτηρίας

2112 1507 2275 1558 ποιεῖ.
2307 1505 2750 1574 Προφθάσωμεν
2792 1505 2860 1559 τὸ
2899 1507 3225 1574 πρόσωπον
3247 1509 3435 1563 αὐτοῦ
3467 1509 3537 1562 ἐν
3572 1509 3779 1580 ἐξομο-

2111 1595 2385 1664 λογήσει,
2422 1597 2505 1650 ὅτι
2558 1596 2793 1668 χρηστός
2836 1598 2952 1650 ἐστι
3007 1597 3102 1650 καὶ
3145 1599 3414 1669 ἐπιεικής.
3459 1597 3583 1651 Ἐὰν
3610 1598 3666 1652 δὲ
3701 1599 3777 1669 μὴ

2113 1684 2344 1755 ἐπικαλῇ
2398 1685 2456 1736 ἐν
2484 1684 2730 1756 ἀληθείᾳ,
2767 1684 2900 1755 μηδέ
2932 1684 3090 1757 θέλῃς
3121 1687 3296 1739 εἰπεῖν
3333 1687 3396 1738 ἐκ
3421 1685 3648 1756 καρδίας
3694 1686 3776 1740 ὃτι

2117 1771 2307 1841 Ἀφες,
2342 1771 2457 1825 ἀλλ’
2487 1771 2598 1825 ἀπὸ
2622 1773 2910 1842 στόματος,
2944 1773 2998 1827 τί
3027 1775 3243 1845 ποιήσει
3277 1774 3476 1838 αὑτός;
3512 1773 3578 1825 Τί
3606 1775 3773 1840 ἐστιν,

2113 1861 2170 1913 ἐν
2197 1859 2428 1932 ἀληθείᾳ
2457 1861 2673 1929 καλεῖν;
2695 1861 2848 1914 Μετά
2864 1862 3255 1934 προαιρέσεως,
3286 1863 3424 1934 μετὰ
3440 1861 3773 1934 προθυμίας,

2118 1947 2254 2018 μετά
2281 1947 2516 2012 διανοίας
2542 1949 2884 2019 εἰλικρινοῦς·
2904 1945 3014 2003 οἷον
3043 1951 3134 2003 ἐπὶ
3164 1950 3270 2004 τῶν
3293 1949 3474 2022 μύρων
3501 1949 3772 2018 λέγουσιν,

2114 2035 2364 2106 ἀληθινόν
2392 2038 2556 2101 ἐστιν,
2589 2038 2740 2090 οῦδὲν
2769 2037 2882 2108 ἔχει
2903 2037 3073 2098 νόθον·
3124 2039 3264 2092 οὕτω
3297 2039 3389 2092 καὶ
3409 2040 3538 2092 ἐκεῖ.
3576 2037 3636 2092 '0
3683 2038 3774 2092 ὅν-

2114 2140 2221 2187 τως
2258 2123 2418 2178 αύτὺν
2440 2124 2640 2190 καλῶν,
2671 2127 2766 2180 καὶ
2813 2129 2841 2180 ό
2871 2127 3038 2190 ὅντως
3068 2126 3234 2182 αὐτοῦ
3292 2127 3563 2198 δεόμενος,
3609 2143 3775 2196 προσ-

2115 2212 2323 2284 εδρεύει
2364 2213 2674 2283 διαπαντὸς,
2722 2215 2822 2270 οῦκ
2847 2217 3137 2287 ἀφίσταται
3181 2217 3285 2281 ἕως
3339 2215 3406 2270 ἂν
3436 2215 3598 2288 λάϐῃ·
3650 2216 3678 2267 ὁ
3721 2215 3779 2269 δὲ

2117 2301 2300 2366 ἁπλῶς
2329 2303 2739 2374 ἀφοσιούμενος.
2779 2305 2872 2358 καὶ
2901 2305 3050 2376 αὐτῷ
3077 2304 3251 2376 τούτῳ
3287 2305 3449 2377 νόμον
3476 2304 3698 2376 πληρῶν
3725 2303 3775 2364 ι),

2115 2390 2214 2444 ούκ
2239 2393 2294 2444 ἐν
2318 2391 2545 2464 ἀληθείᾳ
2595 2392 2769 2450 καλεῖ.
2824 2395 2940 2458 Πᾶς
2997 2395 3145 2459 ὅστις
3178 2395 3245 2449 ἂν
3269 2389 3357 2467 ᾗς,
3393 2396 3468 2466 μὴ
3494 2393 3643 2463 λέγε,
3697 2396 3780 2448 ὅτι

2129 2479 2473 2552 Ἀμαρτωλός
2493 2483 2628 2552 εἰμι,
2663 2483 2842 2547 μόνον,
2872 2483 3006 2537 ἀλλὰ
3039 2484 3134 2538 καὶ
3171 2483 3442 2548 σπούδαζε
3471 2482 3780 2547 ἀπαλλάξαι

2119 2568 2310 2621 σαυτὸν
2357 2568 2561 2638 ταύτης
2590 2571 2690 2640 τῆς
2730 2571 2908 2643 δόξης·
2937 2571 3010 2644 μὴ
3040 2572 3186 2641 λέγε,
3227 2572 3362 2626 ἀλλά
3387 2571 3481 2626 καὶ
3513 2572 3690 2641 ἄλγει.
3716 2572 3780 2626 Et

2116 2655 2321 2723 ἀλγεῖς,
2355 2657 2694 2722 σπουδάζεις·
2744 2661 2793 2712 εἰ
2843 2659 2917 2731 μὴ
2973 2658 3312 2724 σπουδάζεις,
3346 2661 3446 2712 οὐκ
3479 2659 3682 2728 ἀλγεῖς·
3729 2659 3778 2712 εί

2119 2746 2194 2814 μὴ
2217 2743 2420 2812 ἀλγεῖς,
2448 2745 2747 2815 χλευάζεις.
2798 2748 2893 2810 Τίς
2951 2747 3124 2817 λέγων
3151 2749 3232 2802 ὅτι
3279 2743 3458 2815 Νοσῶ,
3488 2748 3550 2800 ού
3603 2749 3779 2802 πάντα

2117 2833 2262 2884 ποιεῖ
2283 2831 2424 2886 ὥστε
2450 2834 2871 2907 ἀπαλλαγῆναις
2911 2837 3070 2906 Μέγα
3115 2837 3277 2891 ὅπλον
3307 2838 3464 2908 εὐχή.
3511 2837 3575 2890 Εἰ
3625 2838 3780 2906 ὑμεῖς

2117 2919 2316 2985 οἴδατε,
2342 2923 2495 2994 φησὶ,
2531 2923 2740 2995 δόματα
2765 2925 2945 2994 ἀγαθά
2991 2925 3185 2980 διδόναι
3216 2928 3328 2989 τοῖς
3358 2927 3570 2990 τέκνοις
3605 2924 3775 2996 ὑμῶν,

2119 3011 2269 3080 πόσῳ
2309 3011 2508 3081 μᾶλλον
2543 3015 2571 3066 ό
2592 3014 2780 3085 Πατὴρ
2801 3013 2992 3085 ὑμῶν;
3028 3015 3126 3069 Διὰ
3149 3015 3204 3068 τί
3237 3017 3298 3068 ού
3325 3015 3500 3079 θέλεις
3550 3012 3778 3086 προσελ-

2118 3095 2267 3162 θεῖν;
2298 3097 2445 3150 Φιλεῖ
2469 3116 2549 3164 σε,
2583 3099 2804 3154 δύναται
2826 3102 3043 3156 πάντων
3073 3103 3252 3157 πλέον·
3275 3105 3370 3157 καὶ
3405 3102 3652 3173 βούλεται
3683 3106 3772 3155 καὶ

2117 3181 2356 3244 δύναται,
2393 3187 2444 3238 τί
2471 3185 2532 3238 τὸ
2555 3187 2797 3255 κωλύον;
2831 3190 3016 3243 Οὐδέν.
3050 3190 3256 3245 Οὐκοῦν
3301 3190 3616 3262 προσίωμεν
3642 3189 3779 3260 μετά

2117 3272 2370 3338 πίστεως,
2396 3274 2708 3346 προσίωμεν
2741 3276 2808 3330 τά
2827 3277 2975 3350 δῶρα
3017 3279 3418 3350 προσφέροντες
3447 3277 3482 3333 ἃ.
3507 3277 3776 3348 βούλεται,

2117 3359 2544 3431 ἀμνησικακίαν,
2565 3365 2930 3436 χρηστότητα,
2971 3366 3272 3438 πραότητα·
3308 3367 3426 3421 Κᾶν
3455 3365 3778 3437 ἁμαρτωλὸς

2115 3445 2202 3522 ᾗς,
2238 3451 2375 3523 μετὰ
2405 3455 2717 3527 παρρησίας
2741 3457 2907 3509 αὑτὸν
2937 3458 3262 3529 ἀπαιτήσεις
3287 3458 3383 3531 τὴν
3431 3458 3776 3530 συγχώρησιν

2115 3536 2225 3590 τῶν
2254 3539 2472 3610 ἀμαρτη
2483 3541 2688 3610 μάτων,
2721 3541 2860 3614 ἔχων
2885 3544 3052 3612 δεῖξαι
3087 3546 3241 3618 παρά
3273 3546 3452 3618 σαυτῷ
3477 3546 3634 3600 τοῦτο
3679 3563 3775 3616 γε-

2116 3625 2434 3696 γενημένον’
2452 3627 2517 3681 ἂν
2542 3627 2599 3692 δὲ
2615 3629 2824 3694 δίκαιος
2851 3628 2939 3704 ᾗς.
2959 3633 3055 3686 καὶ
3073 3633 3230 3688 τοῦτο
3261 3635 3334 3706 μὴ
3356 3634 3485 3706 ἔχῃς
3514 3634 3573 3687 τὸ
3601 3635 3780 3706 ἀμνη’

2120 3715 2384 3779 σικακεῖν,
2418 3715 2567 3768 οὐδὲν
2596 3715 2830 3789 ὤνησας.
2851 3720 2965 3774 Οὐκ
2991 3719 3138 3774 ἔστιν
3164 3721 3448 3793 ἄνθρωπον
3476 3722 3682 3792 ἀφέντα
3703 3724 3779 3794 τῷ

2117 3801 2363 3872 πλησίον,
2397 3805 2470 3874 μὴ
2494 3805 2753 3876 ἀκριϐοῦς
2778 3813 2958 3880 τυχεῖν
2994 3811 3091 3881 τῆς
3111 3811 3378 3881 ἀφέσεως·
3405 3812 3780 3884 φιλανθρωπό-

2115 3906 2271 3958 τερος
2297 3889 2404 3961 γὰρ
2425 3893 2583 3963 ἡμῶν
2604 3895 2952 3968 ἀσυγκρίτως
2992 3899 3139 3952 ἐστὶν
3165 3900 3192 3952 ὁ
3222 3901 3376 3964 Θεός·
3430 3901 3586 3956 τοῦτο
3618 3904 3780 3956 παντὶ

2115 3976 2270 4048 δῆλον
2303 3990 2347 4033 ε.
2381 3981 2444 4033 Τί
2475 3982 2682 4050 λέγεις;
2718 3985 2842 4037 Ἐὰν
2863 3988 3043 4058 εἴπῃς,
3082 3989 3396 4060 Ἦδικήθην,
3422 3990 3592 4063 ὀργῆς
3616 3992 3778 4063 ἐκρά-

2115 4082 2277 4134 τησα,
2329 4067 2500 4140 θυμοῦ
2537 4071 2799 4142 ἐπήρειαν
2848 4073 3047 4129 ἔπαθον
3075 4076 3162 4131 διὰ
3193 4079 3253 4132 τὸ
3303 4078 3394 4133 σὺν
3428 4081 3776 4152 πρόσταγμα,

2116 4155 2216 4207 οὐκ
2237 4155 2437 4227 ἀφήσει
2464 4157 2559 4211 καὶ
2584 4160 2746 4224 αὑτός
2770 4176 2784 4226 ;
2822 4162 3044 4227 Πάντως
3071 4166 3202 4233 γοῦν
3235 4167 3456 4237 ἀφήσει.
3492 4169 3652 4222 Ὥστε
3681 4187 3779 4223 κα-

2118 4243 2429 4314 θαρίσωμεν
2477 4245 2572 4317 τὴν
2619 4247 2795 4319 ψυχὴν
2822 4253 2921 4322 τῆς
2955 4256 3340 4323 μνησικακίας.
3407 4257 3593 4328 Ἀρκεῖ
3620 4258 3782 4312 τοῦτο

2118 4331 2247 4420 ἡμῖν
2285 4331 2417 4405 πρὸς
2452 4333 2512 4388 τὸ
2541 4336 2894 4410 ἀκουσθῆναι,
2937 4343 3198 4414 καὶμετά
3222 4345 3436 4415 νήψεως
3471 4347 3782 4420 προσευχώ-

2120 4418 2279 4487 μεθα,
2313 4421 2409 4475 καὶ
2446 4420 2595 4496 [280]
2627 4424 2827 4498 πολλῆς
2873 4429 2975 4500 τῆς
3021 4431 3366 4503 προσεδρίας,
3392 4433 3478 4488 ἵνα
3516 4418 3782 4504 δαψιλοῦς

2116 4509 2215 4579 τῆς
2244 4510 2375 4582 παρ’
2399 4511 2563 4566 αὐτοῦ
2602 4514 3008 4588 φιλανθρωπίας
3053 4519 3476 4586 ἀπολαύσαντες,
3507 4524 3782 4590 καταξιω-

2121 4594 2301 4668 θῶμεν
2332 4599 2440 4653 τῶν
2462 4602 2882 4676 ἐπηγγελμένων
2942 4607 3181 4674 ἀγαθῶν,
3234 4609 3418 4682 χάριτι
3467 4610 3562 4666 καὶ
3595 4611 3783 4681 φιλαν-

2116 4683 2330 4758 θρωπίᾳ
2354 4688 2446 4742 τοῦ
2481 4692 2683 4762 Κυρίου
2737 4694 2894 4765 ἡμῶν
2941 4695 3113 4767 Ἰησοῦ
3158 4696 3416 4768 Χριστοῦ,
3464 4700 3584 4770 μεθ’
3603 4694 3665 4754 οὗ
3703 4701 3783 4772 τῷ

2114 4772 2291 4846 Πατρὶ
2317 4776 2434 4848 ἅμα
2460 4777 2537 4848 τῷ
2567 4781 2707 4852 ἀγίῳ
2733 4783 3010 4854 Πνεύματι
3041 4785 3187 4849 δόξα,
3229 4789 3448 4858 κράτος,
3495 4790 3652 4862 τιμὴ,
3687 4791 3780 4845 νῦν

2114 4863 2209 4916 καὶ
2229 4864 2338 4926 ἀεὶ,
2366 4866 2461 4918 καὶ
2483 4867 2563 4930 εἰς
2594 4870 2719 4933 τοὺς
2747 4870 2950 4933 αἰῶνας
2981 4872 3088 4926 τῶν
3129 4874 3358 4932 αἰώνων.
3405 4879 3601 4950 Ἀμήν.

2122 5045 2144 5075 .
2173 4983 2816 5075 ᾷιέὲίίὲέξεθῖιεέηεοιιδὲ
2837 4991 3081 5075 ,Αίὶίέξιέ
3096 4997 3212 5045 αὐτὸ
3233 4998 3374 5060 μόνον
3562 5001 3773 5065 πληρῶν.

2173 5042 2321 5105 Illud,
2353 5042 2504 5095 τοῦτο
2518 5052 2656 5098 παντί
2703 5051 2862 5111 δῆλον,
2882 5055 3028 5105 deest

481 5219 3718 5282 .__________________________________________

1892 5440 2135 5496 OMIAIA
2170 5447 2287 5502 ΛΖ’.

347 5573 868 5663 Διῳερσανςεςλδὲ
887 5583 1002 5663 τὴν
1033 5586 1380 5663 Ἀμφίποέιν
1431 5591 1532 5663 καί
1570 5593 2004 5663 Ἀπολλωνίαν,

417 5640 612 5740 ᾖέἒοιῖ
624 5640 1234 5740 ξιςζθεεσσάυὲρνὲκῆίέ
1251 5640 1571 5740 ’ὶὲἓὲοιῖῖῒν
1586 5640 2004 5740 Ἐ’ἒῖἱῖὲἓὲιῖγῖῆ

416 5719 554 5807 Et”:
575 5719 914 5807 ,Ἰρυίῗέιίξυν-
957 5728 1116 5807 ἔξοιξά
1156 5719 1232 5781 δέ
1265 5730 1341 5807 εὐ,
1397 5719 1598 5807 ειωόφς
1631 5719 1747 5802 ’τῷ“
1767 5719 2004 5807 ήᾶύῗιὲιὶί

417 5784 663 5875 εἰεῆκῖόίε
717 5793 865 5875 πρὸς
901 5797 1141 5875 αὐτούς,
1170 5799 1285 5875 2ιαί
1317 5784 1417 5875 ἐξιί
1432 5784 1729 5875 ’ξᾶἐεαῗὰ

419 5854 654 5943 ελέγξζο
669 5854 997 5943 abicit..de
1023 5854 1139 5943 τῶν
1150 5854 1434 5943 Γραφῷν,
1448 5854 2004 5943 διανοίγωννῖιαῖέα-

410 5925 810 5996 ρωιθέμενος,
859 5931 945 5983 ὅτι
991 5933 1093 5986 τὸν
1143 5925 1395 6004 Χρισὶὸν
1423 5925 1566 5996 ’ἔδει
2107 5970 2192 6015 νος

2107 5863 2159 5916 δὲ

2177 5607 2518 5699 ᾴγφςῆναήι
2548 5618 2617 5699 ἐκ
2647 5617 2893 5699 νεκρῶν,
2919 5623 3015 5699 καί
3039 5624 3127 5699 ότι
3162 5622 3349 5699 Οὗτός
3368 5627 3497 5682 ἐστι
3527 5629 3781 5699 Χριστὸς

2192 5680 2442 5750 Ἰησοῦς,
2480 5685 2552 5741 ὃν
2580 5688 2695 5758 ἐγὼ
2724 5680 3108 5762 καταγγέλλω
3133 5680 3294 5766 ὑμῖν.

2179 5784 2249 5832 α’.
2281 5779 2450 5835 Πάλιν
2493 5781 2593 5847 τὰς
2629 5785 2727 5854 μὲν
2760 5788 2962 5859 μικράς
2995 5794 3398 5865 παρατρέχουσι
3440 5797 3644 5863 πόλεις,
3685 5800 3780 5854 ἐπὶ

2137 5867 2160 5917 ὲ
2217 5867 2317 5930 τὰς
2357 5868 2575 5938 μείζους
2641 5874 2968 5942 ἐπείγονται,
3017 5880 3225 5934 ἐκεῖθεν
3274 5883 3526 5957 καθάπερ
3579 5886 3643 5941 ἐκ
3702 5907 3780 5941 τι-

2219 5957 2400 6025 πηγῆς
2434 5957 2715 6026 μέλλοντος
2745 5964 3016 6033 τοῦλόγου
3045 5968 3313 6040 διαῤῥέειν
3367 5975 3446 6036 εἰς
3481 5975 3576 6038 τὰς
3635 5975 3772 6052 πλη-
