4108 6172
333 358 449 413 “.ZH

348 474 572 542 gloriam
607 471 912 542 popularem
948 466 1228 538 despicere
1265 479 1370 519 non
1401 469 1696 532 oporteret,
1725 459 1920 512 Socra-

349 575 433 622 tes
482 567 616 636 ipse,
659 564 749 636 qui
785 571 1063 633 tantopere
1123 555 1617 629 philos0phabatur,
1665 550 1919 616 ostendit,

349 662 441 731 qui
471 660 645 714 omnia
684 657 752 713 ad
792 656 1016 728 gloriam
1063 650 1311 707 faciebat.
1356 649 1421 703 Et
1451 648 1494 703 si
1525 645 1739 717 quidem
1780 644 1924 698 illius

352 750 737 808 sententiarum
785 747 943 818 periti
996 745 1206 807 essetis,
1255 740 1479 795 multum
1527 737 1610 792 his
1653 736 1722 790 de
1763 733 1924 789 rebus

353 855 658 897 sermonem
694 851 969 893 moverem
996 876 1011 899 ,
1044 831 1494 899 ostenderemque
1537 826 1756 883 multam
1786 821 1924 894 apud

351 933 471 987 illos
516 945 636 986 esse
683 928 932 992 ironiam,
976 925 1021 980 si
1073 923 1287 994 quidem
1331 919 1578 988 discipuli
1624 917 1742 986 ejus
1770 915 1927 970 dictis

350 1022 570 1078 "credere
602 1020 680 1074 fas
706 1019 778 1073 sit
799 1033 816 1084 ;
846 1026 900 1072 et
920 1013 1188 1084 quomodo
1213 1027 1245 1067 a
1270 1024 1404 1066 vana
1417 1008 1587 1080 gloria
1606 1021 1794 1062 omnes
1813 1003 1929 1074 ejus

355 1112 523 1166 litera:
543 1116 914 1179 argumentum
942 1105 1190 1159 habeant.

425 1202 478 1257 5.
506 1200 612 1256 Sed
641 1198 817 1254 missis
843 1196 968 1260 illis,
998 1195 1150 1249 nobis
1176 1192 1303 1262 ipsis
1332 1191 1631 1261 loquamur.
1663 1186 1794 1240 Nam
1824 1199 1922 1240 su-

354 1307 449 1362 pra
498 1291 658 1347 dictis
706 1290 809 1345 hoc
849 1301 1060 1357 quoque
1104 1283 1426 1349 addendum,
1471 1279 1613 1352 quod
1655 1293 1777 1332 cum
1831 1290 1930 1331 suo

357 1383 594 1454 periculo
626 1383 708 1438 his
735 1381 1188 1450 obtemperarent.
1217 1375 1296 1431 Ne
1323 1375 1483 1445 igitur
1517 1369 1802 1442 impudens
1829 1369 1925 1435 sis,

357 1474 453 1530 sed
471 1475 763 1544 cogitemus
789 1472 934 1527 illam
953 1478 1185 1533 noctem,
1214 1467 1437 1537 lignum,
1459 1465 1718 1537 hymnos;
1747 1469 1803 1517 et
1831 1461 1932 1516 hoc

360 1580 460 1620 nos
479 1564 664 1620 facere
691 1562 999 1619 Studeamus
1026 1603 1040 1628 ,
1068 1569 1121 1615 et
1151 1559 1456 1629 aperiemus
1493 1556 1646 1610 nobis
1681 1570 1786 1609 non
1817 1568 1934 1608 ear-

359 1671 561 1723 cerem,
589 1655 683 1710 sed
718 1655 930 1709 caelum.
964 1651 1020 1708 Si
1049 1665 1351 1722 precemur,
1380 1647 1571 1704 caalum
1602 1647 1776 1716 ipsum
1803 1659 1932 1714 ape-

293 1759 298 1766 ‘
360 1751 469 1804 rire
523 1747 838 1819 poterimus.
888 1746 1033 1801 Elias
1077 1753 1131 1799 et
1173 1742 1365 1798 clausit
1385 1749 1440 1797 et
1479 1739 1688 1810 aperuit
1744 1737 1933 1793 caelum

361 1840 628 1911 precibus.
675 1838 768 1894 Est
815 1851 1027 1908 quoque
1068 1835 1119 1890 in
1149 1834 1282 1890 caelo
1332 1846 1536 1888 carcer.
1569 1830 1928 1898 Quies-umque,

362 1934 552 2003 inquit,
592 1932 865 2002 ligaveritis
885 1946 1036 1998 super
1065 1939 1271 1994 terram,
1302 1935 1448 1980 erunt
1473 1925 1632 1996 ligata
1658 1933 1707 1977 et
1731 1922 1786 1976 in
1811 1920 1934 1976 etelo

365 2027 575 2100 (Matth.
606 2027 692 2080 16.
716 2025 830 2096 l9).
851 2024 1141 2080 Precemur
1156 2030 1337 2086 noctu,
1367 2028 1424 2074 et
1442 2018 1559 2074 haec
1582 2016 1792 2073 vincula
1822 2015 1933 2070 sul-

365 2131 573 2172 vemus.
601 2115 752 2183 Quod
788 2115 928 2169 enim
958 2127 1144 2183 preces
1167 2121 1378 2183 peccata
1404 2111 1652 2177 solvant,
1682 2108 1835 2163 nobis
1859 2107 1935 2162 vi-

367 2207 471 2260 dua
502 2205 842 2274 persuadeat,
874 2205 1068 2274 illeque
1097 2203 1300 2258 amicus
1319 2202 1408 2273 qui
1437 2202 1753 2271 intempesta
1783 2207 1939 2254 nocte

372 2308 678 2370 perseverat
729 2307 783 2354 et
833 2297 1010 2367 pulsat
1059 2315 1072 2350 :
1115 2295 1428 2366 persuadeat
1485 2303 1541 2351 et
1581 2293 1863 2349 Cornelius
1921 2311 1934 2346 :

372 2391 639 2444 Orationes
663 2400 761 2444 tua:
780 2431 796 2455 ,
828 2389 1025 2459 inquit,
1055 2398 1102 2442 et
1125 2389 1450 2458 eleemosynw
1476 2395 1576 2440 tute
1603 2385 1940 2440 ascenderunt

367 2484 421 2536 in
450 2491 715 2552 conspectu
753 2480 848 2534 Dei
878 2480 1012 2550 (Act.
1045 2480 1131 2534 10.
1160 2477 1216 2548 4)
1244 2495 1259 2544 ;
1291 2477 1605 2549 persuadeat
1631 2475 1781 2530 nobis
1805 2474 1942 2530 Pau-

369 2578 452 2632 lus
477 2576 660 2629 dicens
689 2592 702 2626 :
729 2573 855 2640 Qut:
881 2582 1045 2626 autent
1073 2587 1184 2626 vere
1212 2569 1362 2625 uidua
1381 2578 1452 2624 est
1475 2577 1521 2622 et
1546 2566 1795 2634 solitaria,
1823 2581 1940 2635 spe-

369 2667 496 2720 ravit
527 2645 582 2719 in
610 2665 794 2731 Deum,
839 2673 885 2718 et
915 2670 1194 2731 perseverat
1231 2663 1286 2715 in
1327 2660 1558 2731 precibus
1602 2665 1746 2711 nocte
1771 2664 1818 2709 et
1863 2655 1945 2709 die

370 2759 390 2828 (
420 2759 468 2812 l.
499 2757 631 2811 Tim.
661 2757 714 2813 5.
748 2757 842 2823 5).
889 2754 946 2811 Si
985 2755 1051 2810 de
1075 2754 1232 2808 vidua
1258 2794 1274 2818 ,
1303 2752 1512 2806 inﬁrma
1540 2749 1798 2813 muliere,
1830 2747 1946 2801 haec

371 2850 460 2904 ille
483 2849 631 2911 dicit,
659 2847 827 2901 multo
856 2846 1026 2915 magis
1053 2844 1122 2899 de
1151 2843 1301 2897 viris.

434 2928 708 2994 'Orandum
736 2935 1181 2991 noctu.——Etiam
1211 2932 1319 2987 dixi
1369 2930 1542 2994 vobis,
1583 2936 1639 2985 et
1693 2943 1834 2984 nunc
1862 2927 1944 2982 di-

369 3048 488 3087 cam
519 3049 533 3085 :
564 3029 871 3084 Excitemur
895 3035 1080 3089 nocte;
1121 3025 1325 3081 etiamsi
1369 3037 1478 3078 non
1521 3022 1715 3077 multas
1743 3020 1946 3076 oratio-

372 3138 471 3177 nes
494 3121 725 3186 emittas,
757 3133 914 3172 unam
944 3117 1128 3174 emitte
1155 3131 1276 3170 cum
1314 3113 1606 3185 vigilantia,
1632 3121 1687 3169 et
1712 3112 1942 3168 sufﬁcit:

375 3211 509 3266 nihil
531 3210 754 3280 amplius
781 3216 926 3278 peto.
953 3207 1009 3262 Si
1039 3221 1146 3262 non
1179 3205 1350 3260 media
1381 3214 1558 3272 nocte,
1587 3204 1776 3258 saltem
1809 3203 1944 3257 dilu-

374 3303 516 3358 culo.
549 3301 781 3357 Ostende
822 3309 1030 3354 noctem
1065 3313 1170 3352 non
1200 3297 1359 3352 modo
1386 3295 1627 3366 corporis
1665 3309 1804 3356 esse.
1849 3293 1946 3350 sed

373 3395 534 3449 etiam
562 3394 752 3448 animae
785 3409 798 3445 :
827 3406 895 3446 ne
922 3391 1065 3446 sinas
1093 3389 1236 3444 illam
1279 3387 1542 3443 inutiliter
1566 3388 1816 3452 transire,
1852 3386 1947 3441 sed

377 3486 601 3541 Domino
623 3486 759 3540 hanc
781 3484 948 3540 vicem
971 3482 1236 3553 repende;
1269 3482 1377 3537 imo
1404 3482 1516 3552 ipsa
1559 3481 1610 3536 in
1645 3489 1696 3536 te
1719 3481 1946 3537 reverti-

377 3585 477 3631 tur.
516 3576 608 3630 Die
637 3575 786 3639 mihi,
826 3575 871 3628 si
897 3574 950 3627 in
973 3587 1133 3644 grave
1160 3573 1426 3643 negotium
1467 3571 1767 3637 incidimus,
1789 3585 1945 3641 quem

377 3683 479 3722 non
506 3665 823 3738 precamur?
848 3674 903 3720 et
921 3665 963 3719 si
988 3665 1292 3732 petitionem
1322 3663 1426 3718 cito
1452 3664 1817 3732 impetramus,
1845 3663 1947 3718 uti-

376 3775 478 3830 que
505 3759 850 3826 respiramus.
879 3757 1008 3823 Quis
1038 3757 1130 3810 tibi
1157 3757 1266 3820 det,
1297 3764 1354 3810 ut
1392 3755 1438 3811 is
1461 3756 1551 3826 qui
1581 3764 1814 3826 rogatur,
1853 3771 1944 3825 pa-

390 3860 519 3903 alus
540 3849 610 3904 sit
634 3848 698 3903 ad
731 3847 1030 3902 habendum
1054 3847 1145 3901 tibi
1174 3845 1416 3917 gratiam,
1443 3843 1584 3916 quod
1609 3845 1804 3914 rogas?
1827 3846 1948 3916 quis

379 3941 467 3996 tihi
497 3941 605 4005 det,
641 3949 700 3994 ut
736 3955 842 3994 non
882 3939 1194 4002 Circumeas,
1236 3952 1482 4008 quaerens
1510 3951 1540 3990 a
1569 3951 1675 4007 quo
1713 3946 1945 4008 peteres,

377 4033 468 4088 sed
497 4042 735 4102 paratum
762 4031 1020 4097 invenias,
1053 4045 1154 4085 nec
1176 4028 1295 4083 aliis
1311 4043 1444 4098 opus
1464 4026 1682 4096 habeas,
1701 4043 1797 4098 per
1817 4043 1950 4098 quos

379 4124 566 4194 petas?
593 4122 732 4189 Quid
760 4122 863 4178 hoc
883 4122 1052 4192 majus
1078 4121 1194 4178 est?
1218 4120 1315 4176 Hic
1341 4120 1538 4191 quippe
1569 4129 1692 4175 tunc
1718 4120 1949 4176 maxime

377 4215 518 4281 facit,
551 4231 672 4270 cum
713 4231 818 4271 non
857 4213 990 4270 alios
1028 4228 1310 4284 rogamus;
1361 4221 1422 4268 ut
1463 4212 1703 4268 sincerus
1748 4212 1950 4266 amicus

379 4318 502 4364 tunc
539 4309 770 4363 maxime
808 4322 907 4362 nos
933 4306 1196 4376 objurgat,
1233 4305 1373 4376 quod
1402 4319 1510 4360 non
1549 4305 1667 4375 ejus
1702 4304 1951 4360 amicitite

379 4398 622 4461 ﬁdamus,
650 4411 772 4452 eum
810 4397 946 4452 alios
983 4395 1295 4451 adhibemus
1323 4396 1412 4466 qui
1440 4396 1610 4466 ipsum
1642 4405 1948 4465 precentur.

375 4491 464 4546 Sic
493 4497 546 4546 et
573 4504 671 4544 nos
700 4489 921 4544 facimus
949 4489 1012 4542 iis
1059 4487 1149 4558 qui
1183 4501 1278 4541 nos
1305 4494 1494 4557 rogant
1523 4504 1537 4540 :
1570 4494 1694 4541 tunc
1720 4487 1951 4543 maxime

377 4582 440 4636 iis
478 4583 702 4652 gratiam
748 4582 1020 4651 largimur,
1065 4578 1278 4650 quando
1308 4593 1403 4648 per
1443 4578 1666 4647 seipsos,
1709 4593 1814 4632 non
1855 4592 1951 4647 per

376 4673 526 4736 alios,
557 4672 623 4727 ad
652 4687 749 4727 nos
777 4671 1057 4728 accedunt.
1098 4669 1234 4738 Quid
1261 4685 1407 4740 ergo,
1448 4669 1676 4740 inquies,
1706 4668 1750 4724 si
1777 4667 1949 4724 oﬁ‘eu-

376 4765 589 4818 derim?
617 4763 898 4820 Oﬂ'endere
924 4762 1110 4819 desine
1138 4769 1194 4818 et
1221 4761 1485 4833 lacrymas
1514 4757 1710 4825 funde;
1740 4759 1818 4815 sic
1853 4775 1948 4814 ac-

378 4854 507 4910 cede
548 4864 603 4912 et
627 4855 734 4911 cito
777 4855 830 4909 in
857 4855 1043 4925 primis
1083 4854 1229 4909 illum
1257 4853 1522 4925 placatum
1555 4851 1814 4908 invenies.
1853 4852 1949 4908 Dic

377 5038 428 5082 at
466 5045 613 5082 secus
648 5029 860 5082 suadere
882 5028 1074 5080 videtur
1094 5029 1339 5082 Diodorus
1371 5029 1556 5082 Siculus
1582 5028 1620 5078 l.
1647 5030 1856 5088 16,eum
1878 5029 1949 5080 ait

380 5107 494 5158 eum
525 5107 554 5143 a
581 5093 816 5158 Dionysio
838 5097 1046 5158 tyranno
1070 5094 1394 5158 venundatum
1416 5107 1443 5141 a
1465 5091 1712 5156 discipulis
1747 5094 1849 5142 suis
1871 5092 1944 5141 vi-

377 5155 500 5216 ginti
523 5152 759 5206 minarum
780 5152 939 5219 pretio
959 5153 1266 5215 redemptum
1286 5152 1456 5204 fuisse.

1278 346 1344 404 IN
1380 345 1559 402 ACTA
1586 338 2099 400 APOSTOLORUM.
2139 341 2370 399 llOMIL.
2409 339 2670 399 XXXVII.

3499 358 3602 414 262

2031 468 2237 512 tantum
2271 475 2284 512 :
2313 457 2518 514 Offendi
2550 477 2563 514 :
2591 459 2680 515 dic
2703 475 2768 516 ex
2795 463 2973 517 animo
3010 473 3064 519 et
3087 465 3294 520 sincera
3325 474 3524 531 mente,
3554 478 3607 522 et

2027 552 2196 605 soluta
2237 559 2360 605 sunt
2383 552 2583 607 omnia.
2613 551 2730 608 Non
2762 553 2900 610 adeo
2938 556 3088 625 cupis
3119 559 3313 613 remitti
3354 559 3446 614 tibi
3482 575 3607 630 pec-

2026 653 2164 709 cata,
2198 653 2255 698 ut
2285 643 2376 700 ille
2403 645 2547 714 cupit
2574 648 2866 701 remittere.
2891 647 3041 716 Quod
3076 659 3253 705 autem
3283 661 3340 706 tu
3379 667 3482 707 non
3511 669 3605 707 cu-

2027 735 2163 805 pias,
2205 735 2413 804 cogita;
2465 751 2638 806 neque
2680 738 2820 792 enim
2867 739 3070 808 vigilias
3116 743 3374 813 suscipis,
3429 759 3606 815 neque

2030 825 2284 893 pecunias
2310 825 2539 880 effundis
2571 845 2584 880 :
2616 828 2703 882 ille
2736 843 2865 882 vero
2890 838 2948 883 ut
2975 839 3190 900 peccata
3220 843 3398 889 nostra
3426 835 3608 891 dimit-

2031 923 2165 970 teret
2186 915 2468 985 Unigenito
2497 933 2603 972 non
2632 920 2887 988 pepercit,
2918 924 3148 991 genuino
3172 923 3310 978 Filio
3335 925 3605 995 ejusdem-

2029 1021 2132 1072 que
2163 1005 2337 1060 throni
2359 1019 2626 1062 consorte.
2657 1007 2840 1064 Viden‘
2865 1027 2985 1066 eum
3017 1014 3184 1084 magis
3209 1030 3405 1084 cupere
3441 1027 3501 1072 ut
3524 1035 3610 1073 re-

2031 1091 2336 1152 missionem
2377 1108 2714 1166 peccatorum
2742 1103 3126 1170 consequaris?
3161 1103 3239 1159 Ne
3263 1120 3390 1176 ergo
3418 1119 3609 1177 segnes

2031 1187 2216 1252 simus,
2248 1203 2347 1242 nec
2390 1192 2857 1258 procrastinemus.
2889 1194 3136 1250 Clemens
3175 1207 3258 1252 est
3295 1207 3352 1254 et
3391 1200 3561 1255 bonus
3591 1219 3604 1255 :

2032 1277 2205 1332 solum
2235 1293 2417 1334 ansam
2445 1280 2520 1334 illi
2552 1282 2908 1351 prtebeamus;
2935 1295 2989 1340 et
3015 1285 3135 1352 hoc,
3166 1296 3224 1342 ut
3244 1303 3338 1344 nos
3361 1304 3465 1345 non
3490 1292 3608 1346 inu-

2035 1367 2153 1423 tiles
2177 1370 2362 1432 simus,
2387 1371 2592 1426 etiamsi
2619 1374 2774 1428 nobis
2805 1376 2891 1430 ille
2917 1378 3032 1431 sine
3062 1378 3159 1434 hac
3186 1380 3492 1437 conditione
3525 1398 3608 1437 τες

2034 1458 2287 1516 mitteret.
2320 1461 2425 1517 Sed
2457 1473 2515 1518 ut
2556 1479 2654 1520 nos
2683 1467 2733 1519 in
2763 1467 3017 1522 ministris
3050 1471 3246 1526 nostris
3284 1473 3446 1528 millia
3476 1488 3610 1529 con-

2036 1549 2287 1620 fingimus
2339 1561 2395 1609 et
2446 1555 2852 1624 componimus,
2904 1559 2982 1613 sic
3023 1569 3076 1614 et
3129 1561 3220 1617 ille
3267 1563 3332 1617 ad
3385 1565 3610 1621 salutem

2036 1650 2272 1697 nostram
2317 1642 2460 1699 facit.
2503 1645 2922 1719 Praeoccupemus
2965 1652 3144 1722 faciem
3173 1655 3283 1724 ejus
3309 1655 3362 1709 in
3407 1661 3611 1728 confes-

2035 1733 2176 1788 sione
2198 1732 2368 1805 (Psal.
2399 1736 2488 1792 94.
2515 1736 2592 1811 2),
2625 1741 2746 1809 quia
2771 1742 2937 1797 bonus
2959 1754 3012 1798 et
3037 1745 3272 1801 clemens
3296 1756 3396 1802 est.

2107 1822 2353 1881 Invocare
2377 1829 2432 1881 in
2458 1831 2660 1885 veritate
2682 1832 2820 1902 quid.
2839 1862 2910 1873 --
2924 1834 2978 1890 Si
3002 1850 3130 1891 vero
3152 1853 3256 1892 non
3279 1839 3610 1897 invocaveris

2039 1917 2091 1972 in
2119 1919 2359 1985 veritate,
2405 1937 2505 1977 nec
2533 1939 2599 1976 ex
2635 1925 2795 1979 corde
2837 1926 3018 1982 dicere
3055 1928 3206 1996 velis,
3247 1931 3486 1999 Dimitte,
3517 1934 3613 1989 sed

2038 2024 2105 2063 ex
2142 2024 2237 2065 ore
2269 2019 2494 2079 tantum,
2536 2014 2667 2084 quid
2693 2017 2805 2087 ipse
2845 2017 3038 2075 faciet?
3065 2018 3202 2087 Quid
3232 2033 3334 2090 est,
3368 2024 3614 2084 invocare

2039 2101 2092 2155 in
2119 2101 2380 2157 veritate?
2399 2102 2532 2158 Cum
2561 2105 2854 2176 alacritate,
2878 2125 2944 2165 ex
2974 2111 3152 2166 animo
3180 2113 3392 2169 sincero
3416 2131 3431 2180 ;
3465 2125 3522 2170 ut
3547 2117 3615 2173 de

2041 2193 2322 2261 unguentis
2358 2194 2570 2260 dicitur,
2621 2196 2897 2254 Sincerum
2937 2209 3040 2269 est,
3085 2202 3217 2258 nihil
3257 2204 3611 2263 adulterinum

2045 2282 2200 2338 habet
2232 2301 2246 2337 :
2274 2283 2352 2339 sic
2378 2295 2433 2339 et
2459 2285 2586 2341 illic.
2617 2287 2716 2356 Qui
2749 2305 2874 2346 vere
2902 2292 3074 2362 ipsum
3107 2293 3320 2350 invocat
3348 2305 3402 2351 et
3432 2313 3616 2367 preca-

2045 2381 2149 2440 tur,
2183 2386 2488 2444 perseverat
2510 2393 2744 2450 semper,
2774 2397 2873 2437 nec
2896 2383 3116 2451 desinit,
3141 2384 3314 2442 donec
3341 2388 3567 2458 accipiat
3598 2407 3613 2445 :

2042 2465 2133 2535 qui
2161 2481 2288 2522 vero
2315 2469 2674 2537 perfunctorie
2718 2475 2847 2542 agit,
2894 2475 3122 2533 licetsic
3160 2479 3332 2550 legem
3377 2480 3616 2554 impleat,

2050 2571 2155 2611 non
2182 2557 2393 2612 invocat
2434 2561 2486 2616 in
2514 2563 2756 2619 veritate.
2792 2567 3040 2637 Quisquis
3081 2570 3175 2637 sis,
3217 2586 3286 2626 ne
3326 2571 3474 2627 dicas
3504 2584 3619 2630 tan-

2045 2655 2179 2715 tum,
2213 2648 2466 2706 Peecator
2489 2665 2629 2715 sum,
2669 2654 2763 2708 sed
2799 2670 2948 2722 cura,
2996 2669 3053 2714 ut
3091 2659 3160 2714 ab
3203 2660 3305 2716 hac
3346 2663 3619 2719 existima-

2046 2741 2190 2796 tione
2220 2749 2271 2795 te
2309 2741 2504 2798 liberes
2535 2763 2548 2799 ;
2576 2759 2643 2799 ne
2684 2744 2832 2800 dicas
2861 2756 3084 2814 tantum,
3123 2750 3217 2806 sed
3243 2759 3298 2806 et
3324 2752 3529 2810 doleas.
3561 2755 3618 2811 Si

2043 2830 2216 2897 doles,
2244 2848 2459 2903 operam
2489 2835 2750 2903 adhibes;
2781 2838 2825 2892 si
2855 2854 2960 2894 non
2992 2854 3210 2909 operam
3241 2841 3482 2908 adhibes,
3510 2861 3617 2901 non

2046 2923 2233 2989 doles;
2280 2925 2325 2979 si
2369 2939 2474 2981 non
2505 2926 2676 2995 doles,
2707 2929 2918 2985 irrides.
2961 2930 3090 2998 Quis
3127 2932 3330 2997 dicens,
3373 2934 3618 3006 Egroto,

2047 3032 2153 3071 nun
2179 3017 2356 3072 omnia
2380 3021 2508 3090 agit,
2535 3030 2597 3076 ut
2637 3023 2894 3078 sanetur?
2919 3024 3163 3096 Magnum
3196 3028 3357 3084 telum
3377 3008 3468 3086 est
3494 3047 3619 3088 ora-

2048 3107 2142 3163 tio.
2173 3109 2235 3165 Si
2259 3127 2364 3178 uos,
2397 3111 2587 3182 inquit,
2620 3116 2777 3171 nostis
2806 3118 2935 3171 bona
2967 3119 3087 3173 data
3113 3121 3236 3175 dare
3262 3121 3384 3191 ﬁliis
3421 3126 3618 3192 vestris,

2044 3210 2233 3271 quanto
2263 3219 2422 3275 magis
2461 3203 2616 3260 Pater
2637 3217 2792 3264 vester
2815 3208 2964 3280 (Luc.
2990 3213 3077 3266 Η.
3115 3214 3203 3285 15)
3225 3215 3250 3269 ?
3276 3213 3382 3271 Cur
3406 3232 3511 3273 non
3541 3220 3620 3274 vis

2045 3293 2346 3350 accedere?
2390 3295 2467 3352 Te
2512 3308 2676 3364 amat,
2724 3301 2839 3369 plus
2887 3313 3062 3372 potest
3102 3321 3260 3376 quam
3305 3324 3493 3366 onmes
3526 3328 3539 3364 :
3569 3320 3624 3366 et

2047 3387 2162 3441 vult
2203 3396 2256 3442 et
2302 3396 2513 3458 potest;
2545 3391 2670 3460 quid
2703 3392 2964 3464 impedit?
2989 3395 3149 3450 Nihil.
3195 3398 3336 3470 Ergo
3364 3415 3485 3456 cum
3517 3402 3620 3459 ﬁde

2048 3478 2362 3535 accedamus
2392 3497 2406 3533 :
2434 3483 2750 3540 accedamus
2796 3487 2934 3541 dona
2991 3488 3275 3547 offerentes
3322 3507 3440 3564 quae
3467 3496 3620 3564 vult,

2049 3568 2360 3638 injuriarum
2413 3571 2755 3641 oblivionem,
2797 3576 3199 3649 benignitatem,
3255 3587 3621 3641 mansuetudi-

2050 3673 2194 3714 nem.
2222 3661 2332 3716 Etsi
2362 3673 2610 3733 peccator
2635 3668 2730 3732 sis,
2757 3681 2876 3722 cum
2902 3666 3092 3725 ﬁducia
3119 3671 3184 3726 ab
3212 3673 3329 3744 ipso
3349 3677 3622 3738 remissiu-

2051 3769 2172 3808 ncm
2198 3763 2535 3823 peccatorum
2562 3768 2732 3828 petes,
2755 3761 2800 3816 si
2831 3762 3000 3830 possis
3025 3766 3308 3822 ostendere
3327 3767 3426 3824 hoc
3448 3770 3618 3840 ipsum

2049 3861 2080 3900 a
2112 3856 2162 3901 te
2189 3845 2386 3903 factum
2410 3855 2573 3905 esse:
2603 3852 2646 3906 si
2677 3868 2804 3908 vero
2824 3854 2997 3924 justus
3041 3859 3137 3924 sis,
3181 3875 3279 3916 nec
3305 3862 3616 3933 injuriarum

2051 3939 2375 3998 oblivionem
2403 3941 2618 4011 habeas,
2648 3945 2778 4001 nihil
2800 3947 2893 4002 tibi
2917 3950 3154 4020 prodest.
3182 3951 3295 4008 Non
3331 3966 3507 4024 potest
3530 3959 3621 4028 qui

2052 4033 2294 4102 proximo
2319 4033 2538 4100 dimisit,
2569 4053 2675 4091 non
2706 4039 2914 4108 plenam
2938 4042 3147 4098 veniam
3177 4047 3433 4115 consequi
3461 4063 3476 4101 :
3506 4047 3623 4104 sine

2051 4125 2158 4179 ulla
2185 4126 2326 4180 enim
2365 4131 2762 4198 comparatione
2800 4132 3115 4188 clementior
3143 4136 3300 4191 nobis
3326 4144 3410 4190 est
3439 4137 3578 4194 Deus
3607 4158 3621 4194 :

2053 4217 2156 4273 hoc
2180 4220 2345 4274 cuivis
2379 4222 2552 4290 palam
2584 4233 2684 4276 est.
2711 4224 2850 4288 Quid
2893 4226 3063 4279 dicis?
3090 4226 3144 4282 Si
3174 4227 3394 4295 dixeris,
3441 4229 3625 4288 Ltesus

2052 4311 2146 4378 fui,
2176 4313 2310 4367 iram
2339 4312 2541 4379 domui,
2583 4312 2780 4369 furoris
2820 4316 2925 4369 vim
2958 4317 3152 4385 pertuli
3182 4327 3398 4388 propter
3426 4336 3627 4391 prtece-

2053 4412 2204 4473 ptum
2230 4410 2398 4469 tuum,
2429 4417 2604 4458 annon
2652 4411 2708 4458 et
2753 4404 2866 4474 ipse
2907 4405 3179 4463 dimittet?
3206 4407 3437 4465 Omnino
3479 4422 3627 4470 certe

2053 4493 2303 4549 dimittet.
2331 4493 2509 4565 Itaque
2527 4495 2757 4550 animam
2777 4511 3059 4568 purgemus
3079 4499 3147 4554 ab
3173 4500 3484 4572 injuriarum
3506 4520 3618 4561 me-

2052 4587 2242 4642 moria.
2270 4585 2476 4643 Sufﬁcit
2503 4587 2606 4643 hoc
2633 4587 2806 4654 nobis,
2837 4598 2895 4644 ut
2919 4591 3284 4662 exaudiamur,
3309 4610 3373 4650 ae
3397 4596 3626 4667 vigilan-

2051 4689 2135 4738 ter
2165 4690 2219 4737 et
2245 4697 2365 4738 cum
2393 4683 2786 4753 perseverantia
2811 4698 3111 4755 precemur,
3159 4698 3215 4744 ut
3253 4691 3470 4762 copiose
3501 4693 3619 4764 ejus

2053 4776 2334 4833 clementia
2363 4775 2619 4843 fruentes,
2652 4777 2910 4845 promissa
2936 4793 3284 4848 assequamur
3308 4783 3446 4839 bona
3473 4827 3488 4851 ,
3511 4801 3631 4856 gra-

2052 4868 2120 4922 tia
2151 4877 2206 4923 et
2245 4868 2574 4939 benignitate
2615 4867 2822 4924 Domini
2870 4871 3039 4926 nostri
3079 4871 3202 4927 Jesu
3241 4873 3458 4942 Christi,
3511 4879 3632 4947 qui-

2052 4974 2173 5015 cum
2204 4959 2346 5014 Patri
2376 4969 2432 5015 et
2469 4959 2688 5030 Spiritui
2733 4969 2938 5030 sancto,
2985 4961 3176 5033 gloria,
3221 4965 3630 5036 imperium,ho-

2050 5065 2191 5117 nor,
2223 5063 2364 5104 nunc
2414 5058 2470 5104 et
2523 5061 2754 5119 semper,
2817 5062 2872 5106 et
2930 5051 2982 5106 in
3039 5053 3234 5109 saecula
3288 5057 3628 5113 saeculorum.

2053 5143 2244 5197 Amen.

390 5239 3626 5267 ΝΜ

1613 5283 1957 5347 HOMILIA
1996 5279 2334 5344 XXXVII.

377 5416 505 5472 Car.
537 5416 624 5471 l7.
656 5430 709 5468 v.
740 5414 792 5469 1.
813 5409 937 5468 Cum
963 5418 1130 5466 autem
1156 5407 1581 5478 perambulassent
1607 5408 1952 5479 Amphipolim

448 5517 496 5562 et
519 5505 864 5577 Apolloniam,
893 5510 1130 5558 venerunt
1158 5499 1589 5564 Thessalonicam,
1619 5499 1705 5552 ubi
1732 5508 1840 5554 erat
1865 5516 1951 5569 sy-

446 5613 646 5668 nagoga
668 5594 986 5650 Iudaeorum.
1012 5593 1068 5648 2.
1096 5590 1390 5649 Secundum
1416 5588 1825 5643 consuetudinem
1854 5604 1952 5642 au-

445 5697 546 5744 tem
580 5689 777 5743 Paulus
804 5687 1023 5743 introivit
1046 5687 1114 5741 ad
1143 5702 1228 5740 eos
1254 5700 1274 5739 :
1298 5692 1346 5740 et
1373 5700 1463 5752 per
1485 5682 1689 5737 sabbata
1717 5683 1815 5736 tria
1837 5682 1949 5737 dis-

449 5798 517 5839 se.
533 5781 644 5839 ebat
671 5781 740 5836 eis
764 5780 829 5834 de
855 5779 1156 5852 Scripturis,
1188 5779 1242 5836 5.
1268 5776 1568 5849 adaperiam
1596 5784 1644 5832 et
1662 5775 1944 5845 insinuans,

2125 5406 2244 5477 quia
2270 5402 2524 5460 Christum
2551 5405 2770 5475 aportuit
2808 5405 2913 5476 pati
2947 5415 2994 5460 et
3034 5421 3296 5475 resurgere
3319 5423 3351 5460 a
3380 5408 3629 5475 mortuis;

2128 5509 2175 5554 et
2202 5499 2321 5568 quia
2360 5498 2440 5552 hic
2481 5505 2553 5553 est
2581 5497 2806 5554 Christus
2847 5497 3017 5564 Iesus,
3063 5514 3209 5568 quem
3250 5515 3341 5570 ego
3382 5502 3630 5556 annuntio

2123 5591 2280 5648 vobis.

2128 5683 2182 5737 1.
2213 5681 2419 5736 Rursus
2464 5693 2656 5751 parvas
2702 5687 3116 5751 praetercurrunt
3156 5680 3421 5748 civitates,
3463 5690 3520 5739 et
3557 5683 3627 5740 sd

2054 5773 2286 5845 majores
2332 5771 2605 5842 festinant,
2632 5771 2773 5844 quod
2801 5770 2925 5830 inde
2949 5771 3100 5843 quasi
3129 5786 3198 5830 ex
3231 5773 3374 5832 fonte
3401 5773 3626 5832 verbum
