4104 6148
564 329 665 384 265

561 446 778 500 deberet
827 445 877 497 in
925 443 1125 498 vicinas
1173 443 1332 497 urbes
1361 458 1597 498 manare.
1639 443 1741 497 Pro
1776 459 1924 497 more
1958 453 2134 498 autem

559 552 656 590 suo
684 535 896 588 intravit
926 535 1116 588 Paulus
1146 535 1196 588 iu
1231 549 1554 605 synagogam
1581 533 1910 589 Jud:eorum.
1935 535 2134 602 Quam-

561 629 638 682 vis
662 629 890 692 dixerat,
937 627 1281 682 Convertimur
1313 629 1381 681 ad
1409 637 1576 696 gentes
1601 628 1737 697 (Act.
1769 628 1855 682 15.
1885 626 1997 699 46).
2029 644 2132 684 non

559 719 892 790 relinquebat
923 721 1080 784 illos;
1114 720 1206 774 sed
1238 734 1429 788 magno
1467 720 1587 774 illos
1631 720 1806 774 studio
1843 735 2133 790 proseque-

556 813 732 868 batur.
765 813 898 867 Audi
930 813 1072 868 enim
1105 813 1250 866 illutn
1295 813 1557 868 dicentem
1584 829 1597 866 :
1629 811 1858 880 Fratres,
1897 812 2132 882 benepla-

557 906 711 957 citum
748 904 914 959 cordis
953 906 1070 970 mei,
1103 915 1149 959 et
1190 907 1409 975 precatio
1451 906 1516 958 ad
1549 904 1712 959 Deum
1741 921 1832 976 pro
1874 905 2038 961 Israel
2059 917 2132 961 est

556 998 624 1049 ad
648 997 861 1052 salutem
896 998 1070 1068 (Rom.
1095 997 1292 1068 10.1};
1318 1009 1390 1063 et,
1415 999 1682 1069 Cupiebam
1720 1001 1986 1054 anathema
2025 1018 2132 1056 esse

554 1106 585 1141 a
615 1088 813 1144 Christo
846 1106 937 1160 pro
965 1091 1202 1159 fratribus
1238 1090 1358 1145 meis
1389 1090 1551 1156 (Ibid.
1594 1091 1646 1145 9.
1680 1089 1758 1161 5).
1799 1091 1911 1146 lloc
1949 1099 2126 1146 autem

557 1181 781 1237 faciebat
807 1193 1022 1250 propter
1051 1181 1454 1249 promissionem
1497 1182 1587 1236 Dei
1616 1191 1669 1236 et
1710 1180 1952 1252 gloriam,
1982 1190 2128 1237 etne

556 1275 657 1328 hoc
685 1274 1057 1329 ol'l‘eudiculum
1088 1283 1229 1328 esset
1256 1275 1520 1344 gentibus.
1562 1273 1627 1328 Et
1657 1292 1747 1344 per
1786 1274 1994 1328 sabbata
2029 1275 2128 1330 tria

553 1365 823 1419 disserebat
867 1365 937 1418 eis
977 1365 1038 1418 de
1079 1363 1375 1434 Scripturis,
1422 1366 1718 1432 adaperieus
1761 1374 1806 1419 et
1844 1367 2121 1432 insinuans,

549 1459 668 1528 quia
695 1458 948 1511 Christum
977 1459 1197 1524 oportuit
1228 1457 1332 1527 pati
1368 1467 1414 1509 et
1453 1473 1710 1525 resurgere
1746 1475 1777 1510 a
1805 1460 2050 1521 mortuis;
2079 1469 2125 1512 et

548 1550 667 1618 quia
694 1549 773 1602 hic
795 1545 947 1602 Iesus
975 1548 1224 1613 Christus,
1253 1564 1400 1618 quem
1439 1565 1529 1618 ego
1557 1549 1804 1603 annuntio
1831 1550 1989 1604 vobis.
2035 1550 2124 1604 Vi-

547 1639 641 1695 des
668 1640 814 1695 ilium
844 1649 968 1693 ante
1005 1637 1186 1693 omnia
1216 1639 1515 1708 passionem
1563 1639 1892 1710 pratdicarc?
1931 1640 2022 1696 Sic
2049 1641 2122 1696 illi

549 1747 653 1787 non
681 1731 1089 1797 erubescebant,
1118 1730 1211 1786 sed
1238 1730 1479 1786 sciebant
1507 1729 1610 1785 hoc
1638 1729 1870 1786 salutare
1895 1746 2032 1786 esse.
2065 1733 2118 1786 4.

547 1822 614 1877 Et
644 1825 848 1890 quidam
874 1841 936 1878 ea:
960 1824 1030 1877 eis
1055 1822 1396 1888 crediderunt,
1419 1833 1464 1877 et
1489 1822 1713 1894 adjuncti
1741 1833 1858 1877 sunt
1887 1824 2048 1878 Paulo
2075 1835 2121 1879 et

543 1917 690 1983 Sila,
723 1924 772 1970 et
810 1916 872 1970 de
913 1916 1189 1970 colentibus
1229 1915 1496 1986 gentilibus
1537 1915 1804 1970 multitudo
1841 1933 2042 1988 magna,
2073 1927 2120 1972 et

539 2008 770 2062 mulieres
799 2006 986 2062 nobiles
1006 2023 1105 2061 non
1129 2022 1322 2077 pauere.
1353 2007 1623 2062 Summam
1644 2006 1778 2062 dixit
1804 2009 2076 2063 concionis
2100 2028 2114 2066 :

536 2099 608 2154 ita
650 2098 857 2154 alienus
881 2106 964 2154 est
988 2112 1019 2152 a
1055 2097 1437 2167 superﬂuitate,
1484 2113 1580 2152 nec
1615 2098 1806 2168 ubique
1836 2099 2118 2156 conciones

537 2199 674 2243 totas
702 2188 910 2244 recitat.
953 2190 1006 2244 5.
1051 2187 1284 2243 Zelantes
1322 2199 1490 2242 autem
1531 2186 1702 2243 Iudaei
1741 2189 2004 2255 increduli,
2035 2208 2118 2244 as-

535 2290 878 2350 sumentesque
898 2280 960 2334 de
980 2281 1128 2349 vulgo
1157 2281 1290 2335 viros
1312 2281 1559 2352 quosdam
1583 2280 1762 2346 malos,
1793 2291 1838 2336 et
1865 2282 2008 2335 turba
2028 2287 2114 2354 fa-

533 2383 612 2426 cta
641 2373 1010 2426 concitaverunt
1037 2372 1322 2437 civitatem;
1350 2381 1395 2425 et
1424 2371 1711 2426 invadentes
1735 2371 1939 2425 domum
1958 2370 2114 2427 Iaso-

532 2463 631 2526 nis,
660 2463 947 2533 qua’rebant
975 2478 1059 2517 eos
1102 2463 1377 2532 producere
1412 2462 1464 2516 in
1515 2463 1790 2533 populant;
1819 2464 1871 2519 6.
1910 2475 1957 2518 et
1999 2482 2112 2520 cum

531 2571 632 2608 non
661 2554 1091 2620 invenissenleos,
1117 2549 1378 2608 traxerunt
1400 2553 1640 2609 Iasonem
1665 2564 1712 2608 et
1740 2557 1984 2626 quosdam
2005 2560 2112 2628 fra-

530 2658 630 2702 tres
655 2648 722 2700 ad
750 2647 1001 2718 principes
1019 2648 1255 2714 civitatis,
1277 2647 1550 2702 clantantes
1571 2664 1590 2702 .'
1613 2647 1684 2702 Hi
1701 2659 1817 2703 sunt
1838 2651 1923 2719 qui
1941 2653 2110 2707 urbem

528 2740 798 2814 condiant,
827 2748 872 2793 et
897 2740 993 2794 huc
1014 2749 1269 2805 venerunt,
1299 2740 1349 2797 7.
1378 2758 1501 2811 quos
1525 2744 1741 2812 suscepit
1765 2743 1924 2799 Iason
1945 2763 1966 2812 ;
1987 2755 2031 2800 et
2056 2747 2108 2801 hi

529 2848 697 2886 ontnes
743 2841 918 2885 contra
963 2833 1162 2886 decreta
1207 2830 1421 2888 Ctesaris
1467 2833 1680 2903 faciunt.
1730 2852 1898 2906 regem
1947 2838 2108 2893 alium

528 2924 748 2976 dicentes
775 2938 878 2976 esse
900 2921 1096 2975 Iesum.
1125 2922 1170 2976 0
1204 2924 1592 2979 accusationem
1617 2927 1629 2978 !
1663 2924 1866 2980 Rursus
1897 2927 2107 2984 violata:

531 3011 818 3080 maiestatis
839 3019 1091 3065 accusant
1114 3025 1228 3075 eos,
1247 3010 1502 3080 Dicentes,
1532 3014 1796 3082 inquiunt,
1824 3031 1930 3070 esse
1948 3018 2104 3072 alium

529 3117 691 3171 regem
717 3097 918 3152 Iesum.
951 3099 1006 3152 8.
1047 3097 1429 3154 Concitaverunt
1463 3112 1630 3156 autent
1660 3103 1853 3173 plebem
1889 3114 1936 3159 et
1965 3108 2102 3174 prin-

529 3194 662 3262 cipes
685 3192 897 3245 civitatis
917 3191 1177 3246 audientes
1205 3192 1329 3246 haec.
1359 3191 1414 3246 9.
1443 3192 1507 3246 Et
1536 3204 1740 3264 accepta
1765 3197 2105 3264 satisfactione

528 3300 556 3337 a
580 3283 772 3338 Iasone
799 3291 845 3337 et
869 3299 902 3335 a
927 3283 1140 3350 caeteris,
1168 3282 1463 3337 dintiseruut
1494 3299 1594 3338 eos.
1625 3285 1985 3343 Admirandus
2012 3290 2100 3345 ille

529 3377 604 3430 vir
632 3386 766 3439 crat,
816 3376 906 3447 qui
947 3374 1182 3446 pericula
1229 3375 1426 3440 adibat,
1469 3385 1523 3431 et
1565 3378 1815 3434 emiserat
1850 3395 1963 3436 eos.
2011 3383 2098 3438 10.

463 3456 479 3470 ’
527 3467 738 3522 Fratres
761 3482 877 3521 vero
917 3468 1179 3537 confestim
1206 3482 1295 3536 per
1334 3477 1526 3520 noctem
1553 3468 1847 3524 dimiserunt
1879 3470 2101 3529 Paulum

525 3570 570 3613 et
599 3558 763 3613 Silam
788 3558 841 3611 in
865 3556 1113 3611 Beroeam.
1147 3557 1245 3624 Qui
1274 3573 1387 3610 cum
1419 3559 1684 3624 venissent,
1714 3561 1766 3615 in
1791 3579 2100 3636 synagogant

521 3649 819 3703 Iudaeorum
861 3648 1175 3702 introierant.
1209 3648 1294 3702 11.
1343 3647 1414 3702 Hi
1443 3659 1608 3705 autent
1645 3663 1788 3706 erant
1830 3655 2099 3712 nobiliores

521 3755 714 3802 eorum,
745 3738 832 3808 qui
856 3747 968 3792 sunt
994 3736 1379 3805 Thessalonicae,
1423 3743 1510 3811 qui
1551 3757 1872 3813 susceperunt
1897 3748 2099 3803 verbum

523 3847 633 3882 cum
667 3830 802 3884 onmi
829 3829 1085 3896 aviditate,
1132 3831 1354 3902 quotidie
1394 3842 1674 3889 scrutantes
1707 3836 2022 3908 Scripturas,
2055 3842 2098 3895 si

522 3922 628 3974 hazc
655 3921 725 3974 ita
764 3936 819 3974 se
851 3919 1109 3974 haberent.
1151 3919 1454 3987 Nobiliores,
1489 3923 1678 3992 inquit,
1720 3927 1769 3980 id
1813 3939 1913 3994 est,
1947 3945 2099 3984 man-

518 4011 798 4068 suetiores.
845 4011 910 4066 Et
955 4012 1096 4078 vide,
1141 4028 1244 4067 non
1291 4014 1670 4083 perfunctorie,
1714 4018 1811 4073 sed
1853 4033 2095 4078 accurate

517 4106 889 4159 scrutabantur
937 4104 1236 4175 Scripturas
1284 4108 1371 4177 (id
1418 4110 1561 4164 enim
1614 4111 1875 4182 signiﬁcat
1922 4116 2090 4184 illud,

517 4190 783 4269 Ᾱνεχρινον)
809 4215 822 4262 ;
852 4198 1096 4253 volebant
1120 4199 1316 4269 quippe
1340 4215 1404 4256 ex
1434 4202 1562 4272 ipsis
1597 4205 1853 4262 certiores
1880 4207 1990 4263 lieri
2026 4210 2093 4267 de

520 4290 765 4359 passione
790 4305 804 4354 ;
830 4288 941 4359 jam
965 4290 1105 4345 enim
1137 4292 1493 4350 crediderant.
1521 4295 1606 4349 12.
1634 4295 1702 4351 Et
1731 4301 1877 4354 multi
1893 4303 2094 4369 quidem

517 4381 833 4435 crediderunt
860 4397 922 4435 ea:
962 4382 1053 4447 eis,
1082 4391 1128 4437 et
1166 4385 1397 4440 mulieres
1424 4387 1634 4458 gentiles
1673 4391 1894 4448 honesta:
1917 4404 1964 4448 et
1999 4397 2092 4450 viri

516 4492 614 4529 non
646 4475 812 4545 pauci.
845 4474 913 4531 l3
957 4473 1085 4530 Cum
1104 4486 1267 4532 autem
1292 4484 1636 4550 cognovissent
1655 4483 1707 4537 in
1733 4483 2091 4543 Thessalonica

515 4565 706 4630 Iudici,
735 4565 854 4634 quia
883 4573 929 4619 et
957 4563 1147 4620 Beraue
1175 4569 1505 4637 prtedicatum
1530 4582 1602 4624 est
1627 4589 1658 4625 a
1687 4572 1853 4629 Paulo
1888 4578 2088 4634 verbum

518 4657 634 4722 Dei,
667 4665 904 4710 venerunt
930 4666 976 4710 et
1012 4656 1134 4710 illuc
1161 4671 1521 4716 commoventes
1561 4664 1954 4724 multitudinem.
1998 4672 2084 4727 14.

519 4751 803 4820 Statimque
831 4758 949 4800 tunc
977 4746 1196 4801 Paulum
1237 4749 1535 4806 dimiserunt
1572 4757 1775 4825 fratres,
1818 4769 1871 4813 ut
1905 4765 2088 4818 veniret

495 4858 670 4911 .usque
695 4841 762 4893 ad
789 4855 926 4892 mare
953 4855 970 4893 :
1001 4839 1140 4894 Silas
1162 4850 1324 4895 autem
1357 4853 1402 4898 et
1433 4842 1716 4902 Timotheus
1742 4867 2089 4914 remanserunt

511 4933 600 4988 ibi.
633 4932 766 4987 \‘ide
808 4931 956 4985 illum
996 4939 1050 4986 et
1089 4931 1364 4988 cedentem
1395 4945 1450 4990 et
1487 4940 1790 5008 instantem,
1819 4947 2086 5020 multaque
2115 5011 2121 5020 η

515 5025 751 5078 humano
779 5037 927 5076 more
972 5019 1272 5077 facientem.
1317 5025 1402 5080 15.
1435 5026 1531 5093 Qui
1574 5040 1738 5086 autem
1778 5019 2088 5095 deducebant
2117 5019 2125 5029 ν-

514 5115 757 5180 Paulum,
798 5114 1140 5183 perduxerunt
1165 5131 1277 5168 eum
1318 5133 1471 5182 usque
1509 5119 1768 5189 Athenas;
1808 5137 1854 5180 et
1882 5146 2085 5202 accepto

513 5210 756 5265 mandato
784 5208 844 5261 ab
875 5224 930 5262 eo
956 5207 1025 5261 ad
1060 5206 1226 5263 Silam
1255 5217 1302 5262 et
1335 5208 1670 5280 Timotheum,
1705 5228 1758 5271 ut
1784 5237 1934 5290 quam
1958 5225 2087 5278 cele-

509 5309 633 5362 riter
658 5305 898 5370 venirent,
923 5304 1135 5374 profecti
1163 5312 1296 5358 sunt.
1331 5305 1438 5360 Sed
1463 5297 1736 5376 superiora
1762 5325 2083 5385 repetamus.

514 5397 616 5453 Per
655 5397 863 5450 sabbata
906 5395 1024 5461 tria,
1065 5395 1251 5465 inquit,
1297 5394 1588 5466 loquebatur
1625 5401 1715 5465 eis,
1760 5407 1991 5474 aperiens
2025 5425 2089 5462 ea:

511 5489 809 5559 Scripturis.
836 5487 1014 5552 Recte,
1041 5487 1252 5558 quando
1275 5489 1548 5546 vacabant.
1574 5491 1662 5547 Sic
1676 5493 1922 5552 Christus
1946 5513 2088 5554 scm-

513 5598 608 5651 per
632 5581 878 5644 faciebat,
911 5595 940 5634 a
966 5581 1252 5651 Scripturis
1279 5583 1472 5653 ubique
1497 5584 1787 5649 disserens.
1823 5607 1919 5648 nec
1947 5608 2088 5648 sem-

515 5690 602 5742 per
627 5675 780 5741 signa
811 5671 1028 5726 iaciens.
1058 5673 1192 5739 Quia
1216 5675 1358 5728 enim
1395 5677 1448 5729 in
1490 5677 1591 5732 hoc
1618 5683 1872 5737 contrarii
1911 5695 2082 5750 erant,

509 5772 563 5818 οι
591 5761 740 5827 quasi
759 5759 1098 5830 deceptorem
1125 5773 1177 5818 et
1202 5765 1640 5835 praestigiatorem
1670 5771 1840 5841 ipsum
1875 5774 2080 5831 calum-

1236 325 1292 385 S.
1333 325 1608 384 JOANNIS
1643 327 2118 384 CIIRYSOSTOMI
2157 325 2471 385 ARCHIEP.
2512 331 3041 392 CONSTANTINOP.

3715 341 3819 397 εισι

2242 443 2542 513 niabantur,
2587 449 2705 504 ideo
2744 450 2858 520 ipse
2895 468 2924 507 a
2961 452 3248 523 Scripturis
3286 454 3520 508 disserit.
3559 454 3694 510 Nam
3729 461 3816 527 qui

2240 550 2334 604 per
2361 538 2473 590 sola
2522 539 2671 609 signa
2723 543 3043 610 persuadere
3085 554 3329 609 conatur,
3367 545 3491 614 jure
3534 559 3817 617 suspectus

2237 634 2321 680 est
2348 644 2361 681 :
2394 629 2481 697 qui
2513 644 2638 684 vero
2665 647 2732 686 ex
2769 631 3059 703 Scripturis
3088 637 3388 704 persuadet,
3431 653 3538 692 non
3580 640 3727 695 venit
3760 641 3814 694 in

2237 718 2381 773 illam
2412 721 2791 792 suSpicionem.
2819 725 2888 780 Et
2924 740 3067 797 saepe
3094 728 3392 784 invenimus
3417 745 3539 786 eum
3569 730 3812 790 doctrina

2238 812 2592 879 persuadere;
2618 829 2846 886 euntque
2884 826 3060 873 autem
3089 819 3383 875 Antiochia:
3415 821 3656 890 doceret,
3687 838 3815 880 con-

2233 913 2447 974 gregata
2487 915 2568 961 est
2594 907 2662 962 ad
2703 909 2848 964 illum
2887 907 3076 967 civitas
3106 929 3119 966 :
3147 912 3219 967 ita
3255 929 3505 984 magnum
3545 916 3808 985 quodlatn

2235 995 2337 1051 hoc
2363 1006 2464 1064 est,
2491 1014 2591 1054 nec
2623 1001 2830 1072 signum
2873 1004 3068 1068 minus,
3099 1004 3192 1059 sed
3235 1019 3366 1061 sane
3399 1009 3708 1062 maximum.
3745 1009 3811 1064 Et

2233 1103 2301 1144 ne
2326 1099 2572 1159 putarent
2606 1107 2665 1149 se
2703 1104 2868 1150 totum
2909 1112 3086 1168 posse,
3125 1099 3384 1168 permittit
3416 1101 3557 1157 Deus
3599 1113 3655 1158 ut
3692 1105 3806 1174 pel-

2233 1178 2427 1232 lantur.
2465 1180 2578 1236 Duo
2603 1184 2743 1238 enim
2777 1185 2898 1240 hinc
2932 1187 3314 1256 proveniebant
3342 1207 3355 1243 :
3388 1205 3494 1246 non
3521 1192 3687 1248 altum
3719 1209 3807 1248 sa-

2231 1271 2448 1340 piebant
2468 1275 2617 1343 quasi
2648 1276 2746 1344 ipsi
2776 1288 3134 1348 superassent,
3176 1295 3350 1352 neque
3386 1283 3724 1340 terrebantur
3751 1295 3808 1340 ut

2230 1365 2344 1429 rei;
2386 1365 2452 1419 ita
2489 1381 2552 1420 ex
2583 1370 2879 1423 mconomia
2920 1380 3053 1434 erat,
3082 1372 3222 1441 quod
3252 1385 3590 1430 vocarentur.
3628 1376 3807 1431 Colen-

2229 1455 2353 1509 tium
2382 1457 2661 1526 gentilium,
2696 1460 2884 1530 inquit,
2913 1463 3199 1530 multitudo,
3228 1474 3273 1517 et
3310 1482 3372 1519 ea:
3404 1468 3672 1536 gentilibus
3716 1470 3808 1522 ho-

2227 1547 2379 1601 uestis
2403 1548 2690 1603 mulieribus
2715 1561 2761 1604 et
2789 1568 2852 1606 ex
2881 1554 3000 1607 viris
3030 1571 3131 1608 non
3161 1557 3313 1625 pauci
3349 1559 3687 1612 crediderunt.
3723 1559 3802 1615 Illi

2226 1655 2353 1694 vero
2383 1650 2588 1696 contra.
2630 1642 2909 1710 Quomodo
2957 1657 3134 1701 autem
3178 1648 3266 1717 qui
3315 1648 3466 1715 dicit,
3512 1649 3580 1703 Ut
3618 1668 3709 1706 nos
3735 1653 3803 1705 ad

2225 1744 2412 1804 gentes,
2453 1735 2533 1788 illi
2561 1746 2727 1789 autem
2749 1737 2818 1790 ad
2845 1739 3273 1795 circumcisionem
3309 1741 3453 1807 (ϐαι.
3493 1743 3546 1796 2.
3577 1744 3654 1813 9),
3679 1760 3802 1800 cum

2223 1824 2422 1880 Iudaeis
2464 1826 2804 1883 disserebat?
2832 1829 2944 1885 Hoc
2979 1846 3047 1886 ex
3073 1833 3364 1888 abundanti
3401 1833 3642 1889 faciebat.
3692 1836 3801 1892 Sed

2223 1917 2267 1988 si
2296 1916 2494 1973 Iudaeis
2529 1919 2795 1975 disserere
2827 1923 3126 1991 oportebat,
3155 1924 3420 1994 quomodo
3456 1941 3666 1981 rursum
3714 1928 3799 1983 di-

2221 2007 2376 2063 cebat
2406 2027 2420 2063 :
2454 2009 2555 2077 Qui
2585 2012 2717 2064 enint
2754 2025 2988 2082 operatus
3024 2024 3098 2068 est
3136 2016 3216 2070 illi
3247 2016 3301 2070 in
3339 2017 3791 2088 circumcisionem,

2221 2111 2455 2171 operatus
2475 2113 2546 2156 est
2568 2103 2692 2157 ntihi
2716 2104 2846 2159 inter
2863 2114 3034 2177 gentes
3059 2107 3220 2176 (Ibid.
3251 2124 3301 2164 v.
3334 2110 3392 2179 8)
3413 2111 3436 2164 l
3460 2111 3612 2166 Sicut
3629 2112 3794 2168 etiam

2221 2193 2296 2247 illi
2340 2194 2587 2263 gentibus
2635 2196 3010 2266 loquebantur,
3059 2199 3181 2256 licet
3219 2201 3286 2256 ad
3331 2203 3795 2261 circumcisionem

2218 2286 2480 2356 segregati
2516 2305 2530 2342 :
2563 2286 2635 2341 ita
2671 2299 2726 2343 et.
2756 2289 2843 2346 hic
2887 2293 3082 2362 saepius
3125 2309 3244 2349 cum
3290 2296 3536 2364 gentibus
3582 2297 3791 2368 agebat,

2217 2392 2318 2433 nec
2345 2386 2519 2435 tamen
2549 2380 2764 2438 Iudaeos
2802 2383 3120 2456 negligebat,
3167 2395 3225 2441 ut
3253 2402 3320 2443 ne
3349 2388 3679 2447 -videreutur
3714 2391 3794 2446 di-

2215 2469 2312 2524 visi
2343 2485 2480 2525 esse.

2283 2563 2338 2618 2.
2379 2563 2483 2619 Cur
2538 2565 2733 2622 Paulus
2768 2570 2822 2623 in
2863 2586 3145 2642 synagogas
3195 2572 3516 2628 intraret.--
3540 2573 3609 2630 Et
3655 2592 3790 2647 quo-

2217 2657 2395 2724 modo,
2421 2657 2651 2728 inquies,
2679 2663 2827 2730 prius
2848 2663 2900 2718 in
2923 2677 3218 2736 synagogas
3240 2667 3514 2724 intrabat?
3535 2670 3638 2725 Sed
3661 2687 3790 2742 gen-

2215 2747 2392 2804 tilibus
2421 2751 2773 2819 persuadebat
2799 2769 2892 2824 per
2914 2755 3147 2824 Judteos,
3179 2766 3233 2812 et
3255 2774 3322 2814 ex
3352 2761 3416 2816 iis
3443 2779 3562 2831 qua:
3589 2763 3786 2820 Iudmis

2211 2838 2442 2896 dicebat.
2473 2841 2687 2898 Sciebat
2709 2845 2850 2899 enim
2880 2845 2983 2901 hoc
3009 2849 3298 2916 gentilibus
3333 2851 3402 2907 ad
3435 2854 3591 2909 [idem
3621 2856 3786 2911 addu-

2210 2932 2395 2986 cendis
2425 2932 2676 2989 idoneum
2706 2949 2846 2991 esse.
2878 2936 3002 2992 Ideo
3039 2939 3248 2996 dicebat
3269 2943 3290 2998 ’τ
3312 2940 3380 2997 1η
3415 2957 3658 3013 quantum
3695 2964 3783 3016 ego

2209 3039 2317 3076 sum
2344 3025 2564 3094 gentium
2608 3031 2870 3096 apostolus
2908 3029 3080 3101 (Rom.
3129 3033 3216 3086 11.
3266 3034 3376 3105 15).
3426 3037 3784 3108 Epistolteque

2207 3117 2324 3184 eius
2351 3132 2538 3174 omnes
2565 3129 2750 3176 contra
2775 3120 2988 3177 Iudaeos
3013 3133 3282 3180 certamen
3316 3128 3626 3197 praeierunt.
3654 3131 3784 3198 Quia

2207 3209 2483 3276 Christum,
2529 3211 2720 3282 inquit,
2764 3215 3022 3284 oportebat
3059 3219 3184 3287 pati.
3233 3219 3289 3274 Si
3341 3221 3444 3290 pati
3479 3224 3780 3293 oportebat,

2206 3317 2334 3372 ergo
2359 3312 2413 3358 et
2451 3318 2757 3374 resurgere;
2805 3306 2907 3362 hoc
2951 3310 3092 3364 enim
3135 3312 3292 3383 longe
3336 3315 3635 3372 mirabilius
3672 3329 3778 3387 est,

2204 3407 2360 3461 quam
2401 3393 2550 3449 illud.
2598 3394 2652 3452 Si
2695 3397 2836 3451 enim
2862 3414 3006 3464 eum,
3036 3403 3123 3472 qui
3172 3404 3301 3458 nihil
3346 3406 3539 3474 injuste
3564 3421 3771 3479 egerat,

2205 3484 2360 3538 morti
2392 3485 2626 3553 tradidit,
2671 3490 2838 3544 multo
2884 3494 3052 3562 magis
3081 3497 3352 3551 suscitavit
3391 3497 3557 3553 illum.
3602 3499 3777 3557 Iudaei

2202 3583 2367 3628 autent
2407 3576 2673 3647 increduli,
2708 3585 2978 3653 assumptis
3009 3587 3289 3656 forensibus
3326 3591 3637 3660 quibusdam,
3669 3605 3778 3649 tur-

2202 3666 2383 3721 baruut
2409 3669 2677 3737 civitatem,
2712 3672 2898 3743 inquit.
2932 3675 3114 3747 Itaque
3141 3679 3316 3748 plures
3342 3691 3492 3738 erant
3527 3687 3772 3754 gentiles.

2202 3756 2271 3811 Et
2311 3770 2714 3829 assumpseruut
2753 3767 3044 3835 quosdam;
3099 3770 3220 3839 quia
3266 3787 3370 3828 non
3414 3788 3472 3830 se
3521 3779 3775 3847 putabant

2200 3851 2330 3904 satis
2355 3865 2474 3907 esse
2503 3851 2669 3907 Judtei
2697 3855 2762 3909 ad
2789 3856 3129 3927 seditionem,
3159 3871 3213 3917 et
3240 3866 3360 3934 quia
3401 3869 3771 3928 rationabilem

2199 3956 2410 3996 causam
2435 3958 2542 3998 non
2568 3944 2850 4002 habebant.
2880 3950 2954 4004 Ex
2975 3953 3202 4009 tumultu
3221 3970 3434 4026 semper
3453 3960 3572 4016 haec
3596 3966 3771 4020 omnia

2199 4035 2498 4105 perliciunt,
2524 4047 2578 4092 et
2603 4029 2890 4110 assumptis
2919 4043 3174 4114 improbis
3201 4047 3522 4110 hominibus.
3551 4055 3672 4111 Non
3693 4059 3772 4113 in-

2197 4128 2352 4181 ventis
2379 4139 2544 4182 autem
2570 4129 2694 4198 illis,
2728 4131 2915 4203 inquit,
2949 4144 3206 4192 traxerunt
3229 4139 3490 4199 Iasonem.
3519 4145 3564 4202 Ο
3591 4156 3772 4219 tyran-

2197 4217 2410 4273 nidem!
2441 4220 2524 4274 Ab
2550 4222 2754 4278 sedibus
2779 4225 2894 4281 sine
2917 4241 3074 4284 causa
3101 4229 3222 4285 illos
3243 4234 3542 4291 trahebant.
3573 4217 3644 4293 Ili
3664 4259 3771 4295 0m-

2196 4327 2282 4365 nes
2298 4321 2470 4365 contra
2491 4313 2686 4370 decreta
2711 4316 2923 4374 Ccesaris
2949 4322 3161 4391 faciunt,
3189 4340 3355 4397 regem
3376 4329 3532 4383 aliunt
3553 4331 3774 4389 dicentes

2194 4419 2300 4457 esse
2327 4402 2522 4459 Iesum.
2555 4404 2687 4474 Quia
2718 4408 2792 4462 illi
2833 4410 2962 4467 nihil
2998 4412 3227 4470 decretis
3269 4421 3592 4476 contrarium
3625 4423 3770 4481 dice-

2193 4495 2341 4563 bant,
2369 4512 2469 4554 nec
2493 4499 2760 4556 civitatem
2783 4505 3142 4571 concitabant,
3172 4507 3224 4562 in
3250 4509 3392 4565 aliud
3419 4513 3537 4569 illos
3563 4515 3765 4572 crimen

2193 4587 2413 4655 ducunt,
2459 4601 2512 4646 et
2551 4591 2692 4647 ltesa:
2735 4595 3027 4665 majestatis
3071 4597 3207 4654 falso
3233 4612 3503 4658 accusant.
3551 4606 3616 4660 Et
3641 4609 3765 4676 quid

2197 4679 2410 4744 timetis,
2445 4681 2704 4752 siquidem
2749 4695 2989 4741 mortuus
3017 4691 3142 4743 est?
3172 4689 3322 4758 Vide,
3351 4695 3620 4762 quomodo
3649 4714 3766 4768 per-

2193 4773 2538 4841 sequutiones
2582 4775 2777 4844 ubique
2821 4778 3248 4847 prtedicationem
3292 4798 3660 4853 promoveant.
3698 4789 3768 4844 Ili

2193 4871 2358 4914 autem
2384 4873 2526 4918 erant
2553 4865 2818 4920 nobiliores
2853 4884 3044 4936 eorum,
3075 4873 3162 4939 qui
3197 4883 3311 4928 sunt
3355 4874 3759 4948 Thessalonicae;

2193 4951 2244 5007 id
2274 4963 2372 5018 est,
2405 4954 2534 5008 nihil
2565 4956 2688 5010 mali
2719 4956 3003 5014 iaciebant.
3034 4959 3138 5016 Sed
3161 4964 3248 5019 alii
3278 4967 3490 5036 quidem
3516 4972 3761 5026 credide-

2191 5053 2355 5110 runt;
2403 5044 2457 5098 hi
2503 5061 2632 5101 vero
2677 5049 3000 5105 contrarium
3049 5051 3248 5110 faciunt
3295 5058 3570 5115 turbantes
3621 5063 3765 5118 illos.

2194 5136 2349 5192 Multi
2378 5148 2544 5192 autem
2581 5157 2641 5194 ea:
2668 5141 2770 5195 illis
2795 5152 2844 5197 et
2879 5161 2942 5198 ea:
2968 5148 3235 5215 gentilibus
3273 5151 3569 5210 mulieribus
3597 5158 3765 5211 credi-

2193 5228 2396 5282 derunt.
2429 5229 2525 5284 llic
2563 5247 2746 5288 rursus
2787 5237 3013 5304 gentiles
3064 5240 3306 5295 credunt.
3359 5242 3437 5299 Tu
3476 5261 3606 5301 vero
3633 5249 3764 5304 milii

2192 5321 2498 5376 consideres
2526 5324 2707 5390 velim,
2741 5325 2887 5395 ipsos
2913 5343 3009 5398 per
3033 5333 3386 5390 oeconomiam
3413 5335 3630 5407 fugisse,
3661 5355 3764 5396 non

2194 5429 2305 5484 pra:
2329 5423 2473 5470 metu
2495 5434 2509 5471 :
2531 5419 2764 5490 alioquin
2790 5422 2930 5476 enim
2957 5423 3116 5479 tinem
3137 5424 3387 5482 fecissent
3418 5431 3760 5500 pratdicandi,

2196 5520 2294 5560 nec
2315 5508 2480 5575 magis
2500 5511 2927 5567 exacerbassent.
2952 5514 3054 5569 Sed
3077 5515 3200 5571 hinc
3215 5517 3320 5573 duo
3337 5523 3654 5578 eveniebant
3676 5541 3690 5577 :
3712 5533 3766 5578 et

2194 5596 2405 5651 illorum
2439 5598 2588 5655 furor
2622 5603 3073 5674 exstinguebatur,
3108 5617 3162 5662 et
3199 5611 3506 5679 praedicatio
3537 5628 3766 5686 augeba-

2194 5695 2299 5743 tur.
2331 5688 2602 5760 Condigne
2643 5702 2820 5749 autem
2864 5696 2929 5752 de
2969 5697 3180 5754 illorum
3213 5703 3441 5758 tumultu
3491 5705 3639 5769 dicit,
3673 5721 3765 5761 νει

2198 5781 2343 5839 uisse
2371 5798 2465 5841 eos
2507 5785 2633 5843 illuc
2659 5788 2838 5847 turbas
2867 5792 3230 5866 concitantes;
3261 5796 3522 5857 infrenem
3551 5801 3764 5858 illorum
