4104 6148
258 385 368 443 265

1376 382 1444 439 ΙΝ
1478 382 1660 439 ACTA
1700 380 2496 448 APOSTOLOIIUM.HOMIL.
2536 394 2798 451 XXXVII.

259 502 394 557 σίον.
417 498 576 555 Κατὰ
596 499 650 553 δὲ
676 499 739 553 τὸ
764 498 954 564 εἰωθὸς
973 498 1049 569 τῷ
1081 498 1296 570 Παύλῳ,
1328 500 1578 570 εἰσῆλθεν
1600 502 1676 564 είς
1701 499 1801 572 τὴν
1819 516 1945 554 συν-

3620 406 3727 462 2‘31

2053 502 2176 557 τῶν
2198 509 2473 577 Γραεεῶν.
2522 510 2741 576 Καλῶς,
2771 513 2859 565 ὅτε
2913 515 3137 585 ἤργουν.
3189 515 3364 571 Τοῦτο
3418 518 3525 589 γὰρ
3573 523 3666 573 καὶ
3696 523 3728 575 6

254 589 483 659 αγωγὴν
520 588 629 641 τῶν
677 586 966 641 Ἰουδαίων.
1004 586 1191 640 Καίτοι
1226 587 1420 651 εἰπὼν,
1450 590 1534 642 ὅτι
1565 588 1944 677 Στρεφόμεθα
2049 592 2284 664 Χριστὸς
2312 597 2503 663 ἐποίει,
2532 598 2644 652 ἄνω
2671 600 2764 653 καὶ
2788 601 2939 655 κάτω
2957 604 3065 659 ἀπὸ
3088 605 3196 659 τῶν
3222 586 3455 677 Γραφῶν
3489 586 3729 677 διαλεγό-

251 680 344 743 sic
370 678 446 730 τὰ
472 677 639 744 ἔθνη,
665 676 766 728 οὐκ
802 674 954 745 ἠφίει
1008 674 1252 738 τούτους·
1284 675 1452 746 πολὺν
1512 675 1621 746 γὰρ
1680 674 1817 746 πρὸς
1844 676 1941 728 αὒ-

2053 696 2233 748 μενος,
2269 682 2362 736 καὶ
2383 685 2443 737 ού
2468 686 2745 756 πανταχοῦ
2789 688 2897 741 ἀπὸ
2927 689 3035 743 τῶν
3063 692 3327 762 σημείων.
3371 693 3591 765 Ἐπειδὴ
3619 697 3728 766 γὰρ

250 740 383 831 τούς
404 760 523 837 εἶχε
555 740 742 818 πόθον.
782 740 981 818 ¹’Ᾰκουε
1004 764 1112 835 γὰρ
1144 763 1309 818 αὑτοῦ
1334 740 1604 833 λέγοντοςί
1634 740 1937 854 Ἀδελφοί,
1974 768 2013 819 ἰι
2049 740 2411 839 πρὸςντοῦτον
2444 740 2704 840 ἐναντίως
2727 772 2890 848 εἶχον,
3552 740 3729 854 ξιξ,τὲ

250 856 292 924 ἡ
313 854 429 924 μὲν
447 852 694 908 εὐδοκία
714 850 824 917 τῆς
840 851 991 921 ἐμῆς
1011 852 1278 919 καρδίας,
1303 852 1399 907 καὶ
1424 854 1463 922 ὴ
1489 852 1701 919 δέησις
1722 854 1762 920 η
1788 852 1939 943 πρός
2046 856 2346 926 διέϐαλλον,
2374 861 2464 916 διὰ
2492 863 2651 918 τοῦτο
2674 866 2770 919 καὶ
2801 867 2967 931 αὐτὸς
3013 870 3124 923 ἀπὸ
3155 870 3263 926 τῶν
3296 873 3525 943 Γραφῶν
3550 850 3728 928 διαλέ-

247 939 362 995 τὸν
383 942 555 1006 Θεὸν,
570 939 725 1008 ὑπὲρ
751 939 856 993 τοῦ
884 939 1121 1005 Ἰσραήλ
1141 939 1313 994 ἐστιν
1332 942 1419 1005 εις
1439 941 1743 1009 σωτηρίαν
1756 950 1796 972 ⁵⁸
1818 942 1934 1005 καὶ,

246 1030 542 1099 Εὐχόμην
563 1026 833 1096 ἀνάθεμα
861 1023 1017 1081 εἶναι
1045 1026 1165 1081 ἀπὸ
1192 1026 1300 1081 τοῦ
1347 1029 1604 1096 Χριστοῦ
1636 1028 1789 1098 ὑπὲρ
1817 1027 1937 1082 τῶν

245 1116 532 1185 ἀδελφῶν
550 1133 691 1184 μου.
734 1114 939 1169 Ἐποίει
964 1114 1020 1167 δέ
1044 1112 1203 1168 τοῦτο
1230 1114 1319 1168 διὰ
1342 1115 1441 1185 τὴν
1474 1116 1808 1185 ἐπαγγελίαν
1839 1116 1933 1169 τοῦ

245 1204 388 1258 Θεοῦ
415 1204 511 1259 καὶ⁵
533 1203 631 1274 τὴν
652 1203 833 1269 δόξαν,
855 1202 951 1255 καὶ
992 1196 1079 1255 ἵνα
1112 1201 1186 1273 μὴ
1220 1201 1515 1256 σκάνδαλον
1616 1201 1775 1256 τοῦτο
1821 1205 1934 1267 τοῖς

247 1291 503 1361 Ἕλλησι.
526 1291 634 1346 Καὶ
660 1289 758 1344 ἐπὶ
788 1288 1057 1344 σάϐϐατα
1081 1288 1213 1356 τρία
1243 1288 1542 1358 διελέγετο
1570 1290 1777 1357 αὐτοῖς
1812 1290 1931 1345 ἀπὸ

244 1377 371 1433 τῶν
390 1377 672 1448 Γραφῶν,
704 1378 1025 1446 διανοίγων
1075 1375 1175 1430 καὶ
1203 1376 1688 1447 παρατιθέμενος,
1713 1378 1803 1432 ὅτι
1824 1378 1933 1432 τόν

241 1465 509 1535 Χριστὸν
534 1465 655 1519 ἔδει
677 1464 890 1519 παθεῖν
917 1463 1017 1518 καὶ
1046 1463 1387 1533 ἀναστῆναι
1429 1463 1498 1518 ἐκ
1536 1463 1786 1533 νεκρῶν,
1830 1467 1929 1521 καὶ

242 1554 336 1609 ὅτι
368 1550 563 1620 Οὗτός
589 1555 763 1607 ἐστιν
799 1552 1030 1622 Ἰησοῦς
1055 1555 1089 1607 ό
1131 1552 1407 1621 Χριστός,
1461 1552 1535 1607 ὃν
1556 1552 1672 1623 ἐγὼ
1713 1570 1931 1623 καταγ-

242 1643 442 1714 γέλλω
487 1642 652 1712 ὑμῖν.
700 1643 887 1713 Ὁρᾷς,
923 1641 1008 1695 ὅτι
1037 1641 1145 1713 πρὸ
1182 1640 1400 1695 πάντων
1432 1641 1493 1694 τὸ
1523 1640 1697 1705 πάθος
1722 1643 1928 1713 κηρύτ-

240 1751 347 1787 τει·
378 1731 555 1794 οὕτως
581 1732 683 1785 οὐκ
720 1730 1037 1803 ᾐσχύνοντο,
1079 1731 1195 1784 ἀλλ’
1245 1731 1443 1802 ᾔδεσαν
1474 1730 1634 1785 τοῦτο
1659 1734 1927 1804 σωτήριον

242 1821 323 1873 δν.
355 1820 471 1874 Καί
496 1836 656 1884 τινες
682 1818 752 1882 ἐξ
806 1817 1007 1871 αὐτῶν
1033 1817 1428 1886 ἐπείσθησαν,
1462 1818 1559 1872 καὶ
1590 1824 1926 1888 προσεκλη-

240 1907 524 1977 ρώθησαν
550 1907 632 1974 τῷ
660 1907 880 1972 Παύλῳ
903 1905 1001 1960 καὶ
1041 1904 1121 1971 τῷ
1152 1906 1324 1974 Σίλᾳ,
1351 1903 1471 1959 τῶν
1496 1923 1560 1960 τε
1584 1907 1926 1977 σεϐομένων

255 1996 567 2063 Ἑλλήνων
595 1994 831 2064 πλῆθος
857 1993 1037 2061 πολὺ,
1075 1988 1379 2064 γυναικῶν
1418 2012 1484 2049 τε
1509 1994 1627 2050 τῶν
1677 1996 1926 2064 πρώτων

240 2086 355 2140 οὐκ
383 2085 600 2154 ὀλίγαι.
658 2084 734 2137 Τὸ
768 2083 1061 2152 κεφάλαιον
1112 2077 1233 2134 εἶπε
1258 2082 1357 2153 τῆς
1387 2082 1699 2148 διαλέξεως⁸
1750 2083 1925 2149 οὕτως

240 2171 536 2244 ἀπέριττός
593 2174 761 2239 ἐστιν,
813 2172 875 2224 ού
912 2170 1188 2241 πανταχοῦ
1215 2170 1314 2234 τὰς
1379 2170 1722 2242 δημηγορίας
1755 2173 1921 2227 αὑτοῦ

239 2258 437 2327 λέγων.
460 2258 849 2326 Ζηλώσαντες
872 2256 942 2311 δὲ
963 2261 1018 2311 οἱ
1066 2257 1453 2327 ἀπειθοῦντες
1494 2254 1786 2325 Ἰουδαῖοι,
1822 2260 1920 2315 καὶ

240 2348 719 2416 προσλαϐόμενοι
765 2345 885 2399 τῶν
937 2347 1236 2415 ἀγοραίων
1262 2346 1432 2412 τινὰς
1479 2347 1703 2415 ἄνδρας
1742 2362 1921 2417 πονη-

238 2435 383 2502 ροὺς
442 2435 539 2488 καὶ
594 2434 1137 2504 ὀχλοποιήσαντες,
1181 2434 1506 2502 ἐθορύϐουν
1546 2435 1661 2503 τὴν
1711 2437 1915 2490 πόλιν

237 2521 596 2589 ἐπιστάντες
650 2521 811 2589 τετῇ
841 2522 997 2590 οἰκίῃ
1069 2521 1361 2588 Ἰάσονος,
1397 2521 1645 2591 ἐζῖξτουν
1694 2523 1919 2590 αὐτοὺς

237 2608 483 2677 ἀγαγεῖν
498 2609 527 2649 δ
548 2611 637 2674 εἰς
651 2607 759 2662 τὸν
772 2608 988 2678 δῆμον·
1010 2608 1097 2678 μὴ
1118 2611 1401 2678 εὑρόντες
1414 2608 1483 2663 δὲ
1506 2609 1748 2677 αὐτοὺς,
1772 2610 1918 2665 ἔσυ-

235 2714 349 2765 ραν
366 2698 475 2753 τὸν
503 2697 749 2752 Ἰάσονα
770 2697 873 2752 καί
888 2714 1055 2763 τινας
1080 2697 1382 2767 ἀδελφοὺς
1412 2697 1508 2751 ἐπὶ
1537 2698 1678 2764 τοὺς
1705 2702 1912 2753 πολιτ-

238 2782 444 2853 άρχας,
473 2781 765 2849 βοῶντες,
800 2782 888 2836 ὅτι
931 2786 997 2838 Oi
1040 2783 1155 2851 τὴν
1181 2783 1546 2853 οἰκουμένην
1572 2785 1915 2839 ἀναστατώ-

236 2886 477 2937 σαντες,
534 2867 700 2927 οὗτοι
761 2870 860 2924 καὶ
909 2869 1122 2923 ἐνθάδε
1170 2871 1470 2938 πάρεισιν,
1536 2870 1646 2938 οὓς
1692 2871 1913 2927 ὐποδέ-

237 2956 437 3011 δεκται
503 2957 731 3012 Ἰάσων·
787 2957 885 3012 καί
944 2953 1112 3014 οὗτοι
1176 2957 1400 3025 πάντες
1455 2959 1746 3014 ἀπέναντι
1793 2959 1914 3014 τῶν

234 3043 548 3115 δογμάτων
567 3044 865 3114 Καίσαρος
889 3044 1261 3113 πράσσουσι,
1285 3046 1552 3111 βασιλέα
1576 3046 1782 3114 ἕτερον
1811 3047 1911 3103 λέ-

235 3149 448 3202 τοντες
472 3129 628 3186 εἶναι
687 3132 940 3200 Ἰησοῦν.
973 3134 1038 3186 ’Ὠ
1066 3133 1166 3205 τῆς
1214 3134 1550 3206 κατηγορίας
1577 3137 1590 3189 ι
1627 3135 1788 3189 πάλιν
1831 3137 1911 3201 εἰς

235 3220 571 3274 καθοσίωσιν
615 3219 888 3276 διέϐαλλον
934 3222 1156 3286 αὐτοὺς,
1181 3223 1466 3292 λέγοντες
1514 3220 1687 3289 εἶναι,
1722 3224 1905 3296 φησὶν,

234 3308 441 3379 ἕτερον
458 3308 727 3373 ,βασιλέα
761 3309 1021 3381 Ἰησοῦν.
1087 3310 1415 3379 Ἐτάραξαν
1456 3310 1526 3364 δὲ
1558 3311 1664 3364 τόν
1697 3312 1905 3381 ὄχλον,

236 3398 328 3451 καὶ
354 3395 505 3462 τούς
522 3396 886 3467 πολιτάρχας
904 3397 1234 3464 ἀκούοντας
1262 3398 1467 3453 ταῦτα’
1498 3397 1595 3452 καί
1618 3399 1907 3467 λαϐόντες

236 3482 299 3536 τὸ
329 3484 545 3538 ἱκανὸν
571 3482 731 3552 παρὰ
752 3484 860 3538 τοῦ
905 3483 1171 3551 Ἰάσονος
1199 3484 1298 3538 καὶ
1329 3484 1451 3539 τῶν
1483 3485 1734 3551 λοιπῶν,
1789 3487 1906 3542 ἀπ-

236 3569 466 3627 έλυσαν
492 3573 731 3637 αὐτούς.
754 3572 1081 3644 Θαυμαστὸς
1103 3576 1131 3627 6
1158 3573 1316 3645 ἀνὴρ,
1346 3576 1426 3638 είς
1449 3574 1693 3629 κίνδυνον
1713 3576 1906 3629 ἐαυτὸν

236 3658 416 3724 ἐκδοὺς
471 3661 566 3715 καὶ
597 3661 886 3731 ἐκπέμψας
937 3660 1153 3725 αὐτούς.
1181 3665 1247 3715 Οἱ
1276 3662 1345 3715 δὲ
1391 3662 1643 3732 ἀδελφοὶ
1688 3663 1906 3730 εὐθέως

231 3741 325 3799 διὰ
353 3746 467 3815 τῆς
495 3748 718 3813 νυκτὸς
747 3747 1099 3817 ἐξέπεμψαν
1118 3747 1269 3819 [281]
1298 3749 1404 3801 τόν
1424 3765 1488 3802 τε
1535 3750 1782 3804 Παῦλον
1802 3752 1902 3805 καὶ

235 3831 334 3886 τόν
353 3836 548 3889 Σίλαν
574 3838 661 3912 εἰς
707 3836 975 3905 Βέροιανο
1008 3837 1227 3904 οἵτινες
1268 3840 1756 3908 παραγενόμενοι,
1816 3842 1903 3905 εὶς

238 3919 345 3988 τὴν
371 3921 744 3993 συναγωγὴν
773 3924 1056 3992 ἀπῄεσαν
1101 3923 1220 3979 τῶν
1256 3926 1581 3981 Ἰουδαίων.
1629 3922 1805 3984 Οὗτοι
1834 3927 1903 3982 δὲ

237 4006 389 4082 ἦσαν
438 4013 857 4082 εὐγενέστεροι
908 4014 1026 4068 τῶν
1068 4014 1137 4068 ἐν
1183 4017 1630 4085 Θεσσαλονίκη,
1684 4017 1902 4085 οἵτινες

238 4100 508 4168 ἐδέξαντο
535 4102 646 4156 τόν
664 4103 853 4172 λόγον
867 4102 1019 4172 μετὰ
1046 4101 1250 4173 πάσης
1291 4105 1641 4174 προθυμίας,
1668 4105 1734 4160 τὸ
1769 4109 1899 4162 καθ’

237 4190 450 4258 ἡμέραν
493 4191 927 4258 ἀνακρίνοντες
970 4190 1074 4257 τὰς
1125 4192 1392 4261 Γραρὰς,
1440 4195 1494 4246 εὶ
1540 4193 1670 4262 ἔχοι
1714 4194 1901 4250 ταῦτα

238 4278 430 4344 οὕτως.
462 4279 921 4349 Εὐγενέστεροι,
959 4278 1111 4349 φησί·
1152 4280 1450 4345 τουτέστιν,
1480 4282 1895 4354 ἐπιεικέστεροι.

239 4366 338 4420 Καὶ
356 4369 474 4439 δρα,
505 4368 611 4438 οὐχ
648 4365 856 4428 ἁπλῶς,
904 4364 1039 4419 ἀλλὰ
1091 4367 1227 4436 μετὰ
1257 4367 1542 4439 ἀκριϐείας
1586 4371 1898 4441 ἀνηρεύνων

238 4452 326 4518 τὰς
342 4455 568 4527 Γραφὰς
596 4453 775 4525 (τοῦτο
799 4452 907 4524 γάρ
940 4454 1055 4506 ἐστι
1083 4452 1162 4519 τὸ,
1212 4453 1586 4529 Ἄνέκρινον),
1640 4457 1898 4530 βουλόμε-

239 4557 312 4597 νοι
334 4545 424 4598 ἀπ’
465 4543 652 4598 αὐτῶν
701 4541 1076 4614 πληροφορίαν
1113 4542 1313 4612 μᾶλλον
1373 4545 1503 4614 περὶ
1553 4546 1645 4616 τοῦ
1692 4547 1899 4613 πάθους

239 4627 424 4686 λαϐεῖν·
457 4632 566 4704 ήδη
592 4630 702 4701 γὰρ
735 4627 874 4703 ἦσαν
903 4630 1312 4696 πιστεύσαντες.
1369 4636 1594 4688 Πολλοὶ
1637 4635 1756 4704 μὲν
1785 4634 1898 4693 οὖν

239 4714 300 4780 ἐξ
322 4719 512 4774 αὐτῶν
546 4718 943 4785 ἐπίστευσαν,
989 4718 1090 4772 καὶ
1122 4717 1241 4773 τῶν
1282 4721 1423 4775 Ἑλλ
1436 4722 1655 4788 ηνίδων
1695 4741 1897 4795 γυναι-

241 4802 482 4861 κῶντῶν
511 4808 914 4875 εὐσχημόνων
942 4806 1040 4861 καὶ
1079 4806 1315 4876 ἀνδρῶν
1365 4811 1476 4863 οὐκ
1529 4811 1739 4882 ὀλίγοι.
1803 4814 1896 4881 Ὡς

239 4887 298 4943 δὲ
334 4892 607 4962 ἔγνωσαν
649 4895 704 4947 οἱ
749 4893 866 4949 ἀπὸ
915 4893 1022 4963 τῆς
1080 4897 1535 4966 Θεσσαλονίκης
1596 4897 1891 4965 Ἰουδαῖοι,

239 4975 316 5030 ότι
336 4981 427 5035 καὶ
446 4983 517 5037 ἐν
551 4979 627 5049 τῇ
660 4982 868 5049 Βεροίᾳ
893 4983 1264 5053 κατηγγέλθη
1313 4985 1431 5039 ὑπὸ
1459 4987 1566 5041 τοῦ
1594 4988 1838 5043 Παύλου
1861 4992 1894 5044 ό

238 5065 400 5134 λόγος
457 5068 570 5124 τιῦ
624 5067 774 5122 Θεοῦ
799 5109 813 5133 ,
863 5064 1054 5139 ἦλθον
1098 5071 1269 5125 κάκεῖ
1326 5076 1692 5142 σαλεύοντες
1749 5078 1892 5145 τοὺς

241 5148 460 5221 ὄχλους.
492 5154 734 5221 Εὐθέως
764 5155 833 5208 δὲ
869 5157 1001 5210 τότε
1026 5157 1134 5210 τὸν
1178 5160 1424 5214 Παῦλον
1450 5163 1893 5227 ἐξαπέστειλαν

239 5239 286 5289 οἱ
310 5241 550 5312 ἀδελφοί
576 5244 936 5313 πορεύεσθαι
983 5245 1064 5311 ὠς
1111 5246 1208 5299 ἐπὶ
1231 5247 1346 5315 τὴν
1392 5248 1734 5306 θάλασσαν·
1780 5255 1893 5307 ὐπ-

239 5322 433 5392 έμενον
456 5331 523 5385 δὲ
553 5332 587 5385 ὅ
604 5350 668 5385 τε
696 5333 883 5397 Σίλας
908 5332 1005 5384 καὶ
1029 5334 1062 5385 ό
1088 5332 1363 5402 Τιμόθεος
1383 5337 1525 5391 ἐκεῖ.
1556 5340 1698 5412 Ὅρα
1730 5342 1891 5396 αὑτὸν

240 5412 320 5466 καὶ
349 5417 733 5491 ὑποχωροῦντα
765 5421 858 5473 καὶ
890 5422 1258 5491 ἐνιστάμενον,
1300 5425 1392 5476 καὶ
1421 5425 1590 5480 πολλὰ
1622 5428 1892 5497 ἀνθρωπί-

240 5513 328 5564 νως
353 5506 623 5562 ποιοῦντα.
660 5511 725 5562 Ol
762 5508 832 5562 δὲ
860 5509 1261 5577 καθιστῶντες
1290 5512 1394 5564 τὸν
1440 5514 1717 5579 Παῦλον,
1753 5518 1891 5586 ἤγα-

241 5603 334 5654 γον
356 5596 539 5649 αὐτὸν
561 5596 673 5662 ἓως
703 5595 984 5663 Ἀθηνῶν,
1015 5597 1112 5652 καὶ
1146 5600 1436 5665 λαϐόντες
1455 5601 1716 5670 ἐντολὴν
1739 5605 1889 5672 πρὸς

241 5674 332 5728 τὸν
350 5682 533 5737 Σίλαν
557 5683 656 5738 καὶ
681 5686 979 5755 Τιμόθεον,
1005 5686 1105 5738 ἴνα
1125 5685 1205 5751 ὡς
1225 5685 1480 5754 τάχιστα
1500 5690 1718 5744 ἔλθωσι
1739 5696 1889 5761 πρὸς

242 5766 424 5834 αὑτὸν,
450 5773 734 5844 ἐξῄεσαν.
768 5775 996 5844 Ἴδωμεν
1016 5775 1070 5828 δὲ
1094 5775 1299 5829 ἄνωθεν
1324 5776 1392 5829 τὰ
1420 5779 1706 5850 εἰρημένα.
1754 5785 1884 5837 Ἐπὶ

243 5852 483 5916 σάϐϐατα
508 5865 658 5931 τρία,
683 5863 836 5936 φησὶ,
876 5864 1154 5934 διελέχθη
1178 5866 1402 5933 αὐτοῖς,
1431 5867 1751 5940 διανοίγων
1765 5874 1885 5929 ἀπὸ

290 6024 313 6056 ⁸
338 6025 432 6078 ΔΙῘὶ
466 6029 582 6097 ὗπὶρ
603 6032 758 6081 αὐτῶν
781 6032 908 6081 ἐστιν
954 6030 1020 6087 είς
1057 6031 1310 6094 σωτηρίαν.
1381 6027 1407 6068 δ
1432 6030 1529 6082 Alii
1575 6037 1876 6098 προαγαγεῖν.

2046 961 2224 1012 τεται.
2272 949 2328 1001 '0
2362 950 2464 1018 μὲν
2491 951 2602 1024 γὰρ
2632 953 2743 1007 ἀπὸ
2762 953 2870 1008 τῶν
2921 957 3164 1027 σημείων
3191 959 3483 1032 ἐπιχειρῶν
3550 962 3727 1032 μόνων

2048 1032 2274 1099 πείθειν,
2310 1037 2537 1102 εἰκότως
2581 1040 2969 1096 ὑποπτεύεταιο
3017 1045 3047 1097 6
3080 1044 3137 1097 δὲ
3165 1045 3273 1098 ἀπὸ
3326 1046 3437 1100 τῶν
3470 1048 3725 1121 Γραφῶν,
3748 1095 3759 1107 .

2044 1120 2270 1189 πείθων,
2300 1126 2401 1179 οὐκ
2422 1126 2536 1197 ἔχει
2586 1128 2792 1200 ταύτην
2811 1131 2912 1201 τὴν
2962 1132 3239 1187 ὑπόνοιαν.
3295 1133 3408 1187 Καὶ
3452 1135 3725 1207 πολλαχοῦ

2042 1208 2371 1281 εὑρίσκομεν
2396 1213 2504 1267 ἀπὸ
2549 1215 2902 1282 διδασκαλίας
2948 1218 3113 1273 αὐτὸν
3157 1221 3445 1275 πείσαντα·
3507 1222 3604 1277 καὶ
3668 1226 3725 1278 ἐν

2056 1296 2355 1382 ’ᾼντιοχείᾳ
2376 1300 2432 1354 δὲ
2466 1303 2618 1356 πᾶσα
2663 1303 2969 1359 διδάσκοντι
2996 1306 3146 1377 αὐτῷ
3169 1309 3407 1380 συνήχθη
3436 1312 3468 1382 ἡ
3495 1310 3650 1375 πόλις
3673 1324 3722 1354 ι·

2040 1381 2183 1437 οὕτω
2215 1386 2358 1456 μέγα
2374 1404 2427 1440 τι.
2456 1388 2553 1442 καὶ
2600 1389 2756 1445 τοῦτό
2805 1393 2943 1459 ἐστι,
2987 1394 3084 1446 καὶ
3111 1395 3172 1448 ού
3226 1396 3421 1468 μικρὸν
3461 1381 3721 1469 σημεῖον,

2040 1471 2180 1526 ἀλλὰ
2216 1474 2313 1528 καὶ
2342 1476 2549 1549 σφόδρα
2573 1479 2692 1531 ἐστὶ
2724 1479 2867 1550 μέγα
2912 1479 3088 1539 τοῦτο.
3125 1483 3237 1536 Καὶ
3259 1484 3346 1537 ἵνα
3379 1485 3453 1557 μὴ
3489 1488 3725 1557 νομίσω-

2042 1575 2147 1625 σιν,
2190 1560 2271 1614 ὂτι
2305 1561 2462 1617 αὐτοὶ
2491 1564 2720 1636 ἴσχυσαν
2753 1567 2813 1621 τὸ
2846 1570 2975 1632 πᾶν,
3009 1574 3286 1642 συγχωρεῖ
3304 1573 3502 1638 αὐτοὺς
3533 1577 3562 1628 6
3590 1574 3723 1639 Θεὸς

2038 1647 2379 1704 ἐλαύνεσθαι.
2406 1652 2511 1704 Δύο
2536 1652 2646 1724 γὰρ
2678 1655 2743 1707 ἐκ
2793 1656 2984 1721 τούτου
3034 1657 3367 1713 συνέϐαινεν
3403 1659 3526 1715 οὔτε
3579 1662 3721 1733 μέγα

2036 1734 2297 1805 ἐφρόνουν
2322 1737 2396 1800 ὼς
2423 1738 2579 1792 αὐτοὶ
2619 1739 2961 1809 καθελόντες,
2984 1743 3111 1797 οὔτε
3146 1746 3308 1801 πάλιν
3335 1748 3626 1817 ἐφοϐοῦντο
3645 1751 3721 1814 ὡς

2038 1822 2351 1879 ὑπεύθυνοι·
2374 1825 2549 1891 οὓτως
2579 1829 2895 1899 οἰκονομίας
2925 1826 2992 1903 ἦν
3023 1832 3120 1886 καὶ
3155 1833 3216 1887 τὸ
3242 1835 3550 1891 καλεῖσθαι.
3590 1836 3722 1893 Τῶν

2035 1927 2099 1964 τε
2126 1912 2469 1982 σεϐομένων
2514 1914 2850 1984 Ἑλλήνων,
2903 1920 3057 1991 φησὶ,
3103 1923 3262 1977 πολύ
3311 1923 3571 1994 πλῆθος,
3620 1928 3719 1981 καὶ

2033 1997 2155 2052 τῶν
2187 2000 2568 2071 Ἐλληνίδων
2619 2004 2926 2074 γυναικῶν
2980 2008 3102 2062 τῶν
3157 2011 3560 2081 εὐσχημόνων
3598 2015 3720 2069 ἐπί-

2041 2100 2318 2142 στευσαν
2349 2090 2449 2143 καὶ
2486 2092 2726 2161 ἀνδρῶν
2751 2097 2861 2148 οὐκ
2896 2097 3106 2166 ὀλίγοι.
3154 2099 3382 2153 Ἐκεῖνοι
3408 2101 3466 2154 δὲ
3496 2103 3718 2159 τούναν-

2031 2172 2163 2229 τίον.
2197 2175 2322 2241 Πῶς
2340 2177 2397 2231 δὲ
2430 2176 2623 2247 λέγων,
2655 2182 2789 2235 Ἵνα
2810 2183 2981 2253 ἡμεῖς
3027 2189 3114 2252 εὶς
3141 2185 3214 2240 τὰ
3246 2187 3413 2257 ἔθνη,
3444 2191 3615 2245 αὐτοὶ
3647 2192 3718 2245 δὲ

2029 2263 2247 2332 είςτὴν
2264 2268 2613 2338 περιτομὴν,
2660 2270 2934 2340 διελέγετο
2965 2277 3078 2336 τοῖς
3124 2275 3439 2343 Ἰουδαίοις;
3499 2280 3595 2334 Ἐκ
3626 2297 3718 2334 πε-

2033 2353 2276 2421 ριουσίας
2304 2354 2463 2410 τοῦτο
2512 2358 2704 2413 ποιῶν.
2753 2360 2909 2413 Ἐπεὶ
2948 2362 2996 2414 εί
3041 2362 3319 2428 Ἰουδαίοις
3369 2365 3715 2435 διαλέγεσθαι

2026 2440 2216 2529 ἐχρῆν,
2254 2441 2371 2506 πῶς
2391 2442 2543 2529 ἔλεγε
2577 2445 2761 2500 πάλιν·
2801 2448 2865 2500 '0
2889 2448 2999 2517 γὰρ
3025 2449 3361 2520 ἐνεργήσας
3390 2452 3601 2521 ἐκείνῳ
3625 2458 3715 2529 είς

2027 2522 2144 2608 τὴν
2190 2528 2562 2597 περιτομὴν,
2609 2531 2912 2602 ἐνήργησε
2956 2533 3053 2586 καὶ
3106 2534 3239 2603 ἐμοὶ
3276 2538 3365 2601 είς
3413 2536 3487 2591 τὰ
3525 2522 3713 2608 ἔθνη;

2028 2605 2240 2689 Ὥσπερ
2272 2609 2470 2663 ἐκεῖνοι
2517 2611 2615 2664 καὶ
2665 2612 2875 2668 ἔθνεσιν
2912 2616 3220 2686 ὡμίλησαν,
3290 2618 3466 2673 καίτοι
3515 2638 3577 2688 γε
3631 2605 3710 2689 είς

2025 2687 2124 2775 τῂν
2156 2692 2460 2775 περιτομὴν
2506 2695 2904 2767 ἀφωρισμένον
2939 2699 3084 2753 οὕτω
3117 2702 3214 2755 καὶ
3262 2698 3434 2767 οὗτος.
3482 2687 3557 2758 Τδ
3609 2687 3710 2775 μὲν

2024 2766 2118 2856 οὖν
2148 2772 2312 2856 πλέον
2343 2777 2405 2828 ἐν
2424 2779 2628 2840 αὐτοῖς·
2663 2766 2802 2851 πλὴν
2841 2781 2962 2835 ούδέ
3020 2782 3247 2837 ἐκείνων
3274 2766 3569 2856 ἠμέλησεν,
3609 2766 3705 2842 ’ἵνα

2025 2854 2102 2926 μὴ
2138 2854 2332 2921 δόξωσι
2367 2859 2690 2931 διεσχίσθαι.

2093 2942 2162 3011 β’.
2187 2941 2300 2995 Καὶ
2337 2942 2475 3008 πῶς,
2518 2945 2674 3015 φησὶ,
2697 2947 3121 3019 προηγουμένως
3149 2952 3227 3014 εἰς
3258 2949 3355 3016 τὰς
3384 2954 3704 3023 συναγωγὰς

2021 3031 2236 3104 εἰσῄει;
2279 3031 2418 3086 Ἀλλ’
2473 3034 2743 3106 ’Έλληνας
2782 3036 2968 3092 ἔπειθε
3006 3039 3097 3093 διὰ
3129 3040 3237 3095 τῶν
3297 3042 3588 3109 Ἰουδαίων,
3645 3045 3703 3112 ἐξ

2020 3115 2097 3174 ὧν
2130 3120 2403 3186 Ἰουδαίοις
2429 3122 2884 3196 διελέγετο.ᾜδει
2901 3126 2979 3189 δὲ,
3000 3128 3082 3180 ὅτι
3105 3128 3263 3182 τοῦτο
3295 3130 3533 3200 μάλιστα
3552 3131 3702 3207 [282]

2020 3206 2229 3261 ἔθνεσιν
2247 3204 2315 3280 ἦν
2345 3209 2480 3281 πρὸς
2507 3211 2691 3264 πίστιν
2735 3215 3122 3283 προσαγωγὸν.
3158 3215 3257 3271 Διά
3289 3217 3447 3272 τοῦτο
3495 3204 3698 3289 ἔλεγεν,

2032 3296 2158 3366 Ἐφ’
2181 3296 2334 3351 ὅσον
2376 3298 2495 3368 εἰμὶ
2529 3299 2642 3368 ἐγὼ
2663 3299 2859 3354 ἐθνῶν
2911 3302 3278 3371 ἀπόστολος.
3311 3305 3424 3360 Καὶ
3479 3311 3534 3361 αἱ
3568 3311 3701 3363 ἐπι-

2019 3384 2206 3439 στολαὶ
2241 3385 2298 3438 δὲ
2336 3386 2500 3440 αὐτοῦ
2527 3388 2664 3459 πρὸς
2709 3388 2997 3455 Ἰουδαίους
3044 3392 3219 3445 πᾶσαί
3247 3395 3385 3447 εἰσιν
3419 3395 3702 3468 ἀπομαχό-

2019 3489 2200 3543 μεναι.
2231 3473 2359 3527 Ὅτι
2401 3474 2508 3529 τὸν
2531 3475 2810 3545 Χριστὸν,
2848 3478 3032 3548 φησὶν,
3060 3478 3184 3533 ἔδει
3234 3481 3464 3535 παθεῖν.
3510 3484 3572 3536 Εί
3603 3502 3702 3538 πα-

2016 3559 2129 3614 θεῖν
2181 3560 2313 3625 έδει,
2344 3562 2562 3627 πάντως
2608 3566 2704 3619 καὶ
2751 3566 3086 3637 ἀναστῆναι·
3126 3568 3309 3640 πολλῷ
3332 3571 3441 3643 γὰρ
3490 3572 3697 3627 ἐκείνου

2016 3648 2466 3722 θαυμασιώτερον
2517 3653 2696 3707 τοῦτο.
2730 3654 2793 3709 El
2822 3653 2931 3727 γὰρ
2960 3658 3051 3709 τὸν
3089 3658 3241 3712 οὐδὲν
3290 3659 3590 3731 ἠδικηκότα
3617 3663 3697 3727 εἰς

2016 3736 2244 3794 θάνατον
2273 3738 2526 3805 ἐξέδωκε,
2557 3741 2736 3812 πολλῷ
2759 3742 2959 3814 μᾶλλον
2989 3745 3287 3817 ἀνέστησεν
3304 3748 3485 3802 αὐτόν.
3504 3752 3696 3819 Προσ-

2011 3825 2330 3895 λιιϐόμενοι
2379 3826 2448 3881 δέ
2502 3846 2669 3895 τινας
2715 3829 2833 3884 τῶν
2879 3833 3174 3901 ἀγοραίων
3225 3838 3279 3889 οἱ
3308 3835 3697 3905 ἀπειθοῦντες

2025 3912 2319 3977 Ἰουδαῖοι,
2343 3915 2671 3985 ἐθορύϐουν
2701 3918 2817 3987 τὴν
2831 3920 3032 3987 πόλιν,
3056 3921 3241 3993 φησίν.
3281 3925 3446 3978 Ὥστε
3474 3925 3692 3990 πλείους

2013 3995 2157 4071 ἦσαν
2186 4004 2234 4056 οί
2267 4003 2547 4075 Ἕλληνες.
2597 4006 2708 4060 Καὶ
2737 4008 3223 4079 προσλαμϐάνουσί
3271 4030 3445 4078 τινας,
3505 4016 3692 4088 ἐπειδὴ

2009 4091 2109 4143 ούκ
2130 4090 2390 4162 ἐνόμισαν
2431 4094 2658 4157 ἑαυτοὺς
2688 4096 2882 4165 ἀρκεῖν
2920 4099 3058 4168 πρὸς
3103 4098 3202 4169 τὴν
3228 4101 3417 4155 στάσιν
3465 4103 3513 4154 οί
3561 4104 3690 4156 Ἰου-

2008 4175 2167 4243 δαῖοι,
2194 4179 2291 4231 καὶ
2319 4180 2509 4249 ἐπειδὴ
2541 4181 2641 4234 οὐκ
2674 4178 2819 4252 εἶχον
2870 4185 3050 4237 αἰτίαν
3076 4185 3316 4253 εὔλογον,
3351 4188 3577 4260 Θορύϐῳ
3600 4192 3690 4248 ἀεὶ

2007 4264 2076 4318 τὰ
2105 4264 2331 4318 τοιαῦτα
2360 4266 2604 4329 ἀνύουσι,
2661 4269 2757 4321 καὶ
2804 4270 3107 4342 προσλήψει
3153 4272 3362 4344 ἀνδρῶν
3410 4276 3683 4346 πονηρῶν.

2009 4352 2105 4421 Μὴ
2134 4354 2414 4420 εὑρόντες
2437 4353 2506 4407 δὲ
2538 4355 2782 4422 αὐτοὺς,
2808 4357 2994 4428 φησὶν,
3031 4359 3261 4427 ἔσυραν
3292 4362 3399 4415 τὸν
3431 4362 3682 4421 Ἰάσονα.

2010 4442 2076 4493 Ὢ
2097 4443 2196 4511 τῆς
2211 4442 2526 4513 τυραννίδος
2545 4444 2557 4497 !
2583 4443 2690 4498 ἀπὸ
2712 4445 2822 4500 τῶν
2847 4447 3031 4501 οἰκιῶν
3053 4442 3236 4503 εἷλκον
3256 4451 3453 4516 αὐτοὺς
3476 4453 3682 4519 ἁπλῶς.

2010 4524 2185 4583 Οὗτοι
2206 4526 2433 4597 πάντες
2456 4530 2746 4586 ἀπέναντι
2773 4532 2891 4587 τῶν
2920 4535 3026 4590 τοῦ
3052 4537 3353 4608 Καίσαρος
3375 4539 3685 4612 δογμάτων

2006 4614 2375 4683 πράσσουσι,
2421 4619 2712 4685 βασιλέα,
2769 4621 2922 4694 φησὶ,
2969 4624 3249 4694 λέγοντες
3278 4628 3484 4698 ἕτερον
3529 4631 3683 4685 εἶναι

2020 4703 2286 4771 Ἰησοῦν.
2328 4705 2547 4779 Ἐπειδὴ
2602 4708 2754 4763 οὐδὲν
2783 4711 3023 4767 ἐναντίον
3054 4712 3240 4783 ελεγον
3282 4720 3393 4781 τοῖς
3423 4718 3680 4791 δεδογμέ-

2006 4808 2140 4857 νοις,
2170 4792 2291 4845 οὐδὲ
2333 4795 2665 4866 παρεκίνουν
2711 4796 2812 4868 τὴν
2849 4799 3025 4865 πόλιν,
3079 4802 3164 4871 ἐφ’
3215 4804 3401 4877 ἓτερον
3431 4806 3681 4880 ἔγκλημα
3792 4849 3803 4859 .

2004 4880 2203 4944 αὐτοὺς
2229 4881 2447 4951 ἄγουσι,
2475 4883 2572 4937 καὶ
2593 4885 2672 4948 είς
2708 4886 3036 4943 καθοσίωσιν
3085 4890 3452 4948 διαϐάλλουσι.
3482 4896 3593 4950 Καὶ
3626 4898 3679 4950 τί

2006 4969 2282 5037 φοϐεῖσθε,
2333 4970 2389 5023 εί
2415 4987 2479 5039 γε
2507 4971 2803 5043 τέθνηκεν;
2840 4974 2983 5046 ’Ὀρα
3028 4978 3154 5042 τοὺς
3178 4979 3453 5052 διωγμοὺς
3478 5002 3676 5040 παντα-

2003 5055 2101 5126 χοῦ
2130 5057 2192 5110 τὸ
2219 5059 2483 5130 κήρυγμα
2528 5060 2892 5128 ἐκτείνοντας.
2928 5060 3104 5120 οὗτοι
3148 5066 3267 5136 μὲν
3319 5065 3453 5136 οὖν,
3487 5073 3673 5143 φησὶν,

2002 5143 2413 5214 εὐγενέστεροι
2437 5144 2603 5217 ἦσαν
2649 5146 2767 5202 τῶν
2792 5151 3335 5224 ἐνλΘεσσαλονίκῃ·
3374 5159 3671 5227 τουτέστιν,

2002 5233 2152 5285 οὐδὲν
2182 5233 2415 5304 πονηρὸν
2444 5233 2798 5304 πράττοντες
2847 5238 2963 5291 ἀλλ’
2991 5241 3038 5292 οί
3081 5240 3180 5310 μὲν
3203 5242 3554 5316 ἐπείσθησαν,
3586 5245 3675 5305 οὗ-

2004 5337 2082 5373 τοι
2107 5319 2163 5372 δὲ
2187 5320 2280 5373 καὶ
2299 5320 2360 5374 τὸ
2383 5321 2624 5375 ἐναντίον
2648 5323 2861 5379 ποιοῦσι
2887 5326 3242 5399 θορυϐοῦντες
3263 5334 3480 5400 αὐτούς.
3512 5341 3668 5393 Πολι

1999 5409 2094 5462 λοὶ
2118 5407 2235 5478 μὲν
2274 5405 2390 5464 οὖν
2417 5409 2487 5474 ἐξ
2520 5412 2719 5467 αὐτῶν
2749 5413 3123 5470 ἐπίστευσαν
3169 5420 3266 5472 καὶ
3296 5421 3414 5476 τῶν
3456 5425 3669 5495 Ἐλλη-

1999 5497 2199 5562 νίδων,
2245 5496 2400 5566 φησὶ,
2461 5500 2777 5567 γυναικῶν.
2815 5502 2985 5555 Πάλιν
3025 5505 3262 5562 ἐνταῦθα
3323 5513 3668 5569 πιστεύουσιν

2001 5585 2280 5656 Ἕλληνες.
2315 5587 2385 5640 Σὺ
2413 5586 2469 5639 δέ
2496 5605 2587 5657 μοι
2615 5588 2735 5652 θέα,
2763 5590 2844 5644 ὅτι
2864 5593 3222 5664 οἰκονομικῶς
3247 5596 3445 5668 ἔφυγον
3473 5605 3534 5657 οὺ
3561 5605 3667 5659 δει-

1998 5674 2243 5741 λιῶντες·
2295 5673 2330 5748 ἦ
2391 5676 2499 5748 γὰρ
2524 5676 2589 5731 ἂν
2640 5678 2948 5734 ἐπαύσαντο
2981 5683 3362 5753 κηρύττοντες,
3403 5693 3496 5746 καὶ
3546 5696 3666 5766 οὐχὶ

2001 5764 2201 5834 μᾶλλον
2239 5764 2583 5837 παρώξυναν.
2622 5766 2760 5820 Ἀλλ’
2794 5769 2859 5820 ἐκ
2910 5769 3100 5825 τούτου
3144 5772 3239 5827 δύο
3286 5776 3521 5846 ἐγένετοο
3572 5764 3665 5838 καὶ

1998 5856 2221 5922 ἐκείνων
2242 5857 2269 5909 6
2303 5855 2472 5926 θυμὸς
2504 5856 2810 5924 ἐσϐέννυτο,
2863 5859 2956 5913 καὶ
2986 5860 3046 5913 τὸ
3103 5864 3366 5937 κήρυγμα
3397 5870 3660 5924 ἐπεδίδου,

2009 5943 2198 6008 Ἀξξως
2249 5942 2305 5997 δὲ
2338 5944 2437 6014 τῆς
2465 5944 2691 6010 ἀταξίας
2744 5945 2924 6001 αὐτῶν
2961 5944 3135 6002 εἶπεν·
3194 5953 3275 6005 ὅτι
3300 5948 3463 6024 ἦλθον
3506 5959 3666 6011 κάκεῐ

2056 6049 2082 6080 ⁸
2111 6040 2228 6107 Alli,
2253 6048 2334 6095 καὶ
2361 6048 2408 6096 ἐν
2454 6047 2718 6114 Ἀντιοχείᾳ
2760 6050 2838 6101 ὅτε
2878 6057 3012 6103 πᾶσα
3039 6055 3246 6116 συνήχθη
3272 6059 3300 6113 ἡ
3327 6057 3472 6113 πὸὶις.

3774 6078 3979 6140 Α
