4104 6148
334 358 339 361 λ
411 326 518 382 265

413 443 732 507 σαλεύοντες
760 441 884 505 τοὺς
929 439 1137 512 ὄχλους,
1185 441 1285 511 τὴν
1314 442 1613 497 ἀκάθεκτον
1672 446 1868 516 μανίαν
1898 445 2077 500 αὐτῶν

411 531 803 601 αἰνιττόμενος.
860 527 1094 596 Εὐθέως
1115 528 1184 583 δὲ
1210 529 1650 594 ἐξαπέστειλαν
1694 532 1802 586 τὸν
1833 533 2080 586 Παῦλον

410 624 466 676 οι
503 618 752 688 ἀδελφοὶ
783 619 1161 687 πορεύεσθαι,
1207 619 1390 689 φησὶν,
1433 619 1511 685 ὡς
1557 618 1656 672 ἐπὶ
1683 619 1798 687 τὴν
1852 620 2073 676 θάλασ-

411 723 555 764 σαν.
621 705 886 760 Ἐνταῦθα
918 705 1105 759 λοιπὸν
1168 706 1260 761 τὸν
1304 705 1513 760 Παῦλον
1572 706 1848 777 πέμπουσι
1901 707 2081 777 μόνον·

415 798 545 871 περὶ
581 797 691 869 γάρ
721 794 888 851 αὐτοῦ
918 794 1293 860 ἐδεδοίκεισαν,
1322 797 1395 867 μή
1425 813 1478 849 τι
1509 795 1678 868 πάθῃ,
1708 795 1768 849 τὸ
1791 794 2084 865 κεφάλαιον

414 885 593 941 αὐτῶν
616 884 751 940 αὐτὸ
797 883 876 939 δν·
904 882 1077 948 οὕτως
1117 884 1179 936 ού
1215 882 1493 955 πανταχοῦ
1551 885 1585 955 ἡ
1620 884 1782 955 χάρις
1838 884 2081 953 ἐνήργει,

356 1024 361 1029 .
412 975 530 1031 ἀλλ’
564 975 651 1030 εῖα
683 976 882 1039 αὐτοὺς
917 974 1012 1029 καὶ
1053 972 1369 1045 ἀνθρώπινα
1404 977 1597 1042 ποιεῖν,
1638 973 1966 1029 διανιστῶσα
1988 973 2086 1026 αύ-

411 1066 540 1129 τοὺς
571 1064 665 1118 καὶ
709 1062 1078 1128 διυπνίζουσα,
1136 1062 1232 1116 καὶ
1262 1063 1339 1125 είς
1392 1061 1666 1133 μέριμναν
1716 1061 2079 1132 ἐμϐάλλουσα.

416 1155 560 1226 Ὅρα
582 1151 732 1221 γοῦν,
772 1152 876 1215 ἕως
903 1149 1182 1203 Φιλίππων
1208 1148 1380 1203 ἔσωσε
1401 1150 1582 1219 μόνον,
1612 1149 1859 1203 ἐντεῦθεν
1903 1148 1958 1201 δέ
1981 1148 2081 1202 οὐκ

415 1241 518 1295 ἔτι.
549 1239 659 1295 Καὶ
707 1239 996 1304 λαϐόντες
1022 1235 1305 1304 ἐντολὴν,
1342 1238 1496 1307 φησὶ,
1556 1236 1706 1303 πρὸς
1759 1236 1867 1289 τὸν
1892 1235 2084 1289 Σίλαν

415 1330 515 1385 καί
541 1330 646 1383 τὸν
676 1328 972 1398 Τιμόθεον,
1001 1326 1101 1379 ἵνα
1147 1325 1228 1391 ὡς
1261 1324 1513 1393 τάχιστα
1544 1323 1764 1377 ἔλθωσι
1794 1322 1943 1391 πρὸς
1976 1324 2082 1377 αὐ-

416 1420 541 1483 τίν,
574 1418 860 1486 ἐξῄεσαν.
891 1414 999 1467 Kal
1032 1410 1191 1466 τοῦτο
1219 1413 1465 1476 εἰκότως.
1492 1413 1555 1466 Εἰ
1593 1410 1704 1483 γάρ
1751 1412 1845 1465 καὶ
1869 1411 2082 1474 Παῦλος

414 1504 503 1580 ἦν,
526 1508 675 1577 ὅμως
707 1506 875 1558 ἐδεῖτο
903 1502 1148 1556 ἐκείνων.
1175 1502 1317 1572 ’Ᾱρα
1347 1500 1525 1565 καλῶς
1552 1501 1843 1570 ἠπείγοντο
1857 1501 1934 1563 είς
1964 1501 2082 1553 Μα-

415 1594 659 1649 κεδονίαν
683 1593 788 1647 ὑπὸ
821 1591 913 1646 τοῦ
944 1590 1098 1645 Θεοῦ·
1151 1589 1380 1662 λαμπρά
1430 1591 1539 1660 γὰρ
1568 1586 1635 1662 ἦν
1668 1590 1818 1659 καὶὴ
1890 1587 2081 1650 Ἑλλάς

414 1684 618 1737 λοιπόν·
658 1682 783 1737 ἐπεὶ
808 1682 900 1736 καὶ
931 1679 1069 1735 ἀλλα
1117 1678 1348 1751 περιττά
1390 1679 1583 1733 ἐποίει.
1627 1678 1687 1732 '0
1740 1676 1971 1748 Χριστὸς
2000 1676 2080 1729 δι-

414 1772 601 1838 έταξεν
625 1772 689 1825 ἐκ
719 1768 814 1823 τοῦ
838 1767 1155 1836 εὐαγγελίου
1189 1765 1309 1838 ζῇν,
1332 1758 1487 1830 οὗτος
1512 1765 1569 1819 δὲ
1594 1764 1728 1818 αὐτὸ
1758 1765 1857 1818 οὐκ
1884 1764 2078 1817 ἐποίει·

412 1862 440 1913 6
477 1858 710 1929 Χριστὸς
731 1858 831 1911 οὐκ
852 1854 1172 1911 ἀπέστειλεν
1194 1854 1357 1907 αὐτὸν
1381 1853 1680 1923 βαπτίζειν,
1717 1847 1867 1916 οὗτος
1893 1851 1948 1904 δὲ
1963 1852 2082 1904 660':-

414 1947 622 2013 πτιζεν.
649 1948 792 2019 Ὅρα
823 1945 939 2008 πῶς
971 1945 1292 2017 ἀντίρῤοπος
1322 1942 1538 1996 πάντων
1565 1937 1633 2012 ἢν
1660 1941 1861 2011 Πέτρος
1879 1941 1958 2002 είς
1984 1938 2081 2008 τὴν

412 2036 735 2108 περιτομὴν,
770 2030 922 2098 οὗτος
940 2036 1020 2097 είς
1033 2034 1102 2088 τὰ
1119 2032 1267 2103 ἔθνη,
1286 2036 1363 2097 εἰς
1378 2033 1438 2085 τὸ
1454 2032 1614 2085 πλέον
1649 2031 1834 2102 μέρος.
1854 2030 1962 2085 Καὶ
1976 2034 2078 2083 λα-

413 2125 619 2189 ϐόντες
634 2125 696 2177 τὸ
721 2121 950 2187 ἱκανὸν,
971 2122 1126 2191 φησὶ,
1145 2122 1303 2189 παρὰ
1317 2120 1422 2174 τοῦ
1446 2119 1736 2185 Ἰάσονος,
1762 2118 2083 2173 ἀπέλυσαν

411 2212 653 2276 αὐτούς.
682 2212 823 2281 Ὅρα
846 2211 963 2273 πῶς
1002 2208 1161 2263 ίκανά
1185 2209 1307 2272 δοὺς
1346 2208 1533 2261 Ἰάσων
1550 2206 1821 2275 ἐξέπεμψε
1848 2205 2080 2269 Παῦλον,

413 2301 552 2353 ὥστε
590 2299 740 2370 [⁸285]
779 2299 877 2369 τὴν
901 2298 1079 2369 ψυχὴν
1105 2297 1266 2351 αὑτοῦ
1289 2296 1484 2350 ἔδωκεν
1513 2296 1650 2364 ὑπὲρ
1673 2295 1857 2349 αὑτοῦ.
1885 2292 2079 2356 Οὗτοι,

414 2390 603 2460 φησὶν,
618 2385 782 2461 ἦσαν
800 2387 1211 2459 εὐγενέστεροι
1231 2387 1351 2441 τῶν
1364 2388 1433 2441 ἐν
1457 2387 1901 2454 Θεσσαλονίκῃ·
1927 2404 2082 2438 τουτ-

414 2477 552 2541 έστι,
609 2475 749 2529 κατὰ
789 2475 885 2547 τὴν
915 2474 1114 2546 ἀρετὴν
1141 2476 1294 2538 ὄντες
1344 2475 1502 2528 τοῦτο
1539 2475 1635 2529 καὶ
1665 2476 1764 2547 τὴν
1799 2474 1935 2546 πρὸς
1988 2474 2082 2528 τὸν

413 2563 547 2617 Θεὸν
586 2563 790 2618 πίστιν.
813 2563 1037 2628 Οἷτινες
1056 2561 1339 2625 ἐδέξαντο
1366 2561 1475 2615 τὸν
1498 2562 1683 2632 λόγον
1708 2561 1858 2631 μετὰ
1878 2560 2082 2628 πάσης

413 2651 766 2721 προθυμίας,
801 2650 955 2720 φησὶ,
985 2649 1052 2702 τό
1088 2648 1216 2704 καθ’
1262 2648 1489 2717 ἡμέραν
1519 2650 1944 2717 ἀνακρίνοντες
1977 2649 2083 2715 τὰς

340 2772 345 2779 -
412 2738 680 2808 Γραφὰς,
694 2740 744 2791 εί
755 2737 882 2804 ἔχοι
894 2735 1079 2789 ταῦτα
1090 2735 1412 2806 οὗτως.Ούχ
1424 2735 1610 2798 ἁπλῶς
1626 2736 1689 2806 ρύ
1698 2753 1772 2807 μῃ
1783 2736 1901 2788 ούδέ
1917 2734 2081 2806 ζήλῳ.

488 2826 678 2880 Καίτοι
703 2822 903 2895 μείζων
935 2824 968 2892 ἠ
995 2822 1147 2885 πόλις
1179 2818 1268 2894 ἦν,
1290 2822 1535 2894 ἀγοραῖοι
1559 2824 1833 2895 ἄνθρωποι
1861 2820 1999 2895 ἦσαν
2027 2825 2082 2876 ἐν

411 2914 573 2983 αὐτῇ·
593 2910 905 2981 θαυμαστὸν
931 2910 988 2963 δὲ
1005 2909 1156 2963 οὐδὲν
1189 2910 1284 2961 καὶ
1322 2910 1371 2961 εἰ
1390 2911 1446 2963 ὲν
1482 2909 1688 2979 μείζονι
1721 2910 1936 2981 χείρους
1953 2911 2080 2964 εἰσί.

413 3002 666 3055 Μάλιστα
684 2998 784 3069 μὲν
798 2994 891 3050 οὖν
908 2997 986 3059 είς
1010 2997 1108 3066 τὴν
1130 2996 1352 3066 μείζονα
1367 2997 1583 3067 χείρους
1604 2994 1742 3051 εἶναι
1763 2999 1927 3061 εἰκὸς.
1955 2998 2083 3051 ἔνθα

413 3088 610 3141 πολλαὶ
622 3085 731 3138 τῶν
747 3083 999 3155 ταραχῶν
1010 3084 1065 3136 αἱ
1086 3083 1331 3154 ἀφορμαί
1338 3124 1351 3137 .
1366 3084 1634 3156 Καθάπερ
1650 3086 1758 3157 γὰρ
1772 3087 1829 3139 ἐν
1848 3086 2077 3156 σώματι,

412 3177 542 3231 ὅταν
567 3176 600 3246 ἡ
630 3173 782 3237 νόσος
818 3171 1174 3243 χαλεπωτέρα
1209 3166 1265 3243 ᾖ,
1294 3170 1513 3226 πλείονα
1554 3171 1669 3242 ἔχει
1690 3171 1788 3244 τὴν
1819 3172 1953 3244 ὓλην
1992 3174 2084 3227 καὶ

412 3264 511 3335 τὴν
534 3263 762 3334 τροφήν·
795 3260 935 3312 οῦτω
966 3258 1030 3330 δὴ
1075 3258 1171 3312 καὶ
1201 3257 1453 3321 ἐνταῦθα,
1487 3258 1624 3329 ὅπερ
1652 3260 1710 3312 ἐν
1750 3259 1957 3330 Ἰκονίῳ
1990 3260 2084 3328 γέ-

413 3368 560 3421 γονε,
594 3351 689 3403 καὶ
717 3347 813 3401 νῦν
841 3348 1070 3416 γίνεται.
1117 3347 1227 3400 Kal
1257 3345 1537 3415 ἐξέρχεται
1559 3348 1590 3399 6
1620 3346 1850 3410 Παῦλος,
1880 3347 1966 3401 ἵνα
1992 3349 2087 3401 καὶ

412 3441 513 3511 τῆς
546 3439 745 3508 ἑτέρων
796 3434 1073 3496 ἀπωλείας
1110 3435 1267 3505 δίκην
1299 3433 1448 3487 δῶσι.
1489 3434 1587 3488 Διὰ
1615 3434 1773 3488 τοῦτο
1806 3436 1899 3489 καὶ
1941 3436 2087 3489 Παῦ-

413 3529 507 3591 λος
530 3526 706 3595 ἔλεγε·
751 3524 1120 3578 κωλυόντων
1148 3520 1308 3591 ἡμᾶς
1338 3522 1463 3588 τοῖς
1487 3523 1689 3579 ἔθνεσι
1718 3525 1950 3581 λαλεῖν.
1977 3529 2087 3581 Καὶ

413 3614 501 3667 διὰ
552 3612 604 3666 τί
641 3611 716 3682 μὴ
755 3611 1054 3679 ἐνέμειναν,
1105 3610 1288 3681 φησὶν,
1348 3611 1613 3678 ἐνταῦθα;
1658 3612 1747 3666 διὰ
1781 3614 1935 3686 τίμὴ
1988 3634 2087 3686 ση-

419 3702 549 3772 μεῖα
604 3699 898 3769 ὲποίησαν;
945 3699 1008 3751 El
1046 3699 1155 3767 γάρ
1196 3698 1331 3760 ἐκεῖ,
1365 3698 1510 3771 ,ἔνθα
1559 3700 1856 3771 ἐλιθάζετο,
1895 3703 2087 3773 ἔμενεν

417 3787 600 3842 ῖκανδν
623 3786 835 3858 χρόνον,
872 3783 1049 3855 πολλῷ
1079 3785 1277 3855 μᾶλλον
1320 3786 1570 3841 ἐνταῦθα.
1610 3789 1710 3842 Διά
1738 3791 1826 3856 τίς
1855 3791 1968 3844 Οὐκ
2001 3791 2088 3845 ἀεὶ

414 3875 663 3930 ἐϐούλετο
700 3872 918 3935 τούτους
974 3875 1175 3944 σημεῖα
1215 3882 1235 3903 ⁸
1276 3876 1447 3926 ποιεῖν
1486 3875 1638 3939 Θεός·
1695 3876 1789 3929 τοῦ
1841 3876 1951 3949 γάρ
1995 3896 2088 3951 ση-

417 3965 547 4035 μεῖα
575 3963 748 4015 ποιεῖν
767 3962 866 4031 οὐχ
886 3954 1047 4030 ἦττον
1083 3962 1305 4030 σημεῖον
1332 3960 1393 4013 τὸ
1413 3960 1773 4033 διωκομένους
1806 3966 2088 4036 περιγενέ-

418 4052 541 4105 σθαι
572 4049 741 4121 χωρὶς
764 4048 1024 4119 σημείων.
1062 4048 1224 4100 Ὥστε
1252 4046 1502 4119 καθάπερ
1528 4049 1623 4103 νῦν
1656 4052 1825 4121 χωρὶς
1847 4054 2087 4124 σημείων

415 4143 629 4212 κρατεῖ,
666 4136 810 4191 οῦτω
840 4138 937 4190 καὶ
963 4137 1085 4190 τότε
1135 4136 1403 4206 πολλαχοῦ
1434 4137 1683 4191 ἐϐούλετο
1714 4143 1955 4210 κρατεῖν.
2010 4142 2085 4195 Οὐ

414 4228 593 4281 τοίνυν
625 4227 744 4281 οὐδὲ
781 4228 828 4280 οἱ
851 4225 1138 4280 ἀπόστολοι
1181 4227 1472 4297 ἐπέτρεχον
1498 4230 1610 4291 τοῖς
1659 4229 1926 4300 σημείοις,
1952 4231 2088 4301 ὅπερ

415 4309 508 4368 οῦν
539 4314 633 4367 καὶ
660 4312 820 4377 αὑτός
844 4327 1029 4384 φησιν·
1074 4312 1262 4381 Ἡμεῖς
1308 4312 1378 4365 δὲ
1414 4314 1803 4384 κηρύσσομεν
1827 4317 2089 4385 Χριστὸν

417 4401 897 4472 ἐσταυρωμένον.
923 4403 1049 4466 Τοῖς
1074 4406 1273 4473 σημεῖα
1298 4403 1539 4474 ζητοῦσι,
1580 4407 1691 4469 τοῖς
1725 4406 1938 4476 σοφίαν,
1959 4407 2088 4460 ταῦο

414 4507 483 4544 τα
515 4491 787 4560 διδόαμεν,
820 4488 856 4543 ἃ
914 4489 1049 4559 μηδέ
1074 4491 1212 4560 μετὰ
1237 4491 1479 4560 σημείων
1504 4491 1724 4546 δύναται
1754 4495 1960 4556 πεῖσαι,
1994 4494 2089 4547 καὶ

415 4576 697 4646 πείθομεν.
760 4575 923 4627 Ὥστε
966 4575 1110 4645 μέγα
1168 4576 1329 4629 τοῦτο
1386 4582 1609 4647 σημεῖον
1652 4576 1740 4649 ἦν.
1779 4581 1920 4649 Ὀρα
1957 4580 2085 4649 γοῦν

417 4662 759 4725 ἐπιταθέντος
809 4660 903 4714 τοῦ
936 4662 1310 4732 κηρύγματος,
1345 4660 1459 4725 πῶς
1488 4665 1695 4733 ταχέως
1742 4666 2086 4737 ἐπιτρέχουσι

415 4753 529 4814 τοῖς
559 4748 824 4819 σημείοις.
859 4748 1009 4803 Ἔδει
1031 4748 1140 4819 γὰρ
1172 4748 1358 4801 λοιπὸν
1386 4749 1473 4804 διὰ
1519 4753 1644 4815 τοὺς
1688 4753 2088 4819 πιστεύσαντας

420 4835 642 4907 μείζονα
689 4831 826 4889 εἶναι
878 4839 1080 4907 σημεῖα
1118 4835 1226 4890 τῶν
1259 4836 1494 4893 λοιπῶν·
1545 4838 1625 4892 διδ
1660 4839 1755 4893 καὶ
1809 4840 2082 4908 γίνονται·

417 4922 555 4978 ἀλλά
589 4921 668 4993 τῷ
696 4924 998 4993 ὑποχωρεῖν
1052 4924 1150 4977 καὶ
1191 4924 1401 4979 ἐπιέναι
1450 4925 1623 4981 ταῦτα
1666 4927 1901 4982 ἐποίουν.
1963 4929 2087 4994 Ἐξ-

417 5010 784 5065 απέστειλαν
816 5014 1021 5075 αὺτάν,
1046 5013 1233 5083 φησὶν,
1261 5012 1343 5078 ὡς
1371 5013 1470 5067 ἐπὶ
1490 5013 1607 5082 τὴν
1649 5014 1990 5072 θάλασσαν.
2021 5019 2086 5072 Τί

416 5096 652 5169 δήποτε;
684 5100 847 5151 Ὥστε
882 5098 957 5169 μὴ
1013 5099 1270 5166 γενέσθαι
1304 5100 1486 5164 αὐτοῖς
1524 5100 1748 5156 εὔκολον
1776 5103 1876 5176 τὴν
1915 5106 2085 5159 κατά-

419 5186 601 5260 ληψιν.
660 5187 818 5242 υῦτω
868 5187 978 5260 γάρ
1036 5189 1161 5242 καθ’
1193 5191 1421 5255 ἑαυτοὺς
1473 5190 1614 5263 μέγα
1640 5210 1693 5245 τι
1722 5193 1965 5266 ἔπραξαν
1999 5195 2085 5260 ἂν,

420 5274 515 5328 καὶ
540 5276 657 5345 μετ’
679 5275 889 5329 ἐκείνου
922 5274 1091 5330 πολλά
1120 5276 1324 5347 ἡνυσαν
1351 5279 1444 5332 καὶ
1489 5280 1879 5353 κατώρθωσαν.
1939 5284 2088 5348 Τέως
2150 5296 2162 5306 “

421 5363 627 5415 ἐκεῖνον
658 5363 963 5435 ἐξαρπάσαι
990 5364 1290 5420 ἐϐούλοντο.

490 5454 560 5516 γ’.
585 5448 727 5521 Ὅρα
754 5451 892 5525 πόσῃ
924 5452 1017 5506 καὶ
1043 5454 1092 5506 οἱ
1126 5455 1302 5507 λοιποὶ
1339 5453 1580 5525 μαθηταὶ
1611 5456 1740 5528 περὶ
1771 5458 1897 5521 τοὺς
1929 5474 2092 5529 κορυ-

420 5535 615 5604 φαίους
644 5540 883 5610 ἐχρῶντο
911 5544 975 5612 τῇ
1001 5543 1202 5614 σπουδῇ
1223 5558 1237 5574 ·
1274 5543 1389 5597 ἀλλ’
1408 5544 1507 5615 οὐχ
1534 5543 1724 5616 ῶσπερ
1777 5545 1871 5599 νῦν
1921 5563 2091 5616 κεχω-

423 5623 679 5693 ρίσμεθα,
712 5627 1068 5698 διῃρήμεθαδ
1102 5630 1324 5700 μεγάλοι
1367 5630 1462 5685 καὶ
1493 5632 1712 5703 μικροί·
1766 5634 1816 5685 οἱ
1853 5633 1951 5703 μέν
2002 5635 2092 5686 ἐπ-

421 5710 722 5782 αιρόμεθα,
752 5715 801 5765 οί
837 5714 894 5767 δὲ
926 5715 1254 5788 φθονοῦμεν·
1289 5718 1376 5772 διὰ
1404 5718 1563 5772 τοῦτο
1588 5721 1831 5773 κάκεῖνοι
1867 5720 2089 5788 φθονοῦ-

422 5815 528 5862 σιν,
560 5799 643 5850 ὂτι
665 5801 823 5869 ἡμεῖς
851 5802 1227 5874 τετυφώμεθα,
1251 5806 1351 5858 οὐκ
1391 5808 1697 5877 ἀνεχόμεθα
1717 5808 2089 5879 ίσηγορεῖσθαι

486 5892 512 5920 ³
540 5891 674 5968 U093
695 5896 866 5965 αὐτούς
902 5899 1094 5959 σημεῖα.
1162 5900 1191 5942 δ
1217 5900 1353 5952 [dem
1397 5904 1485 5967 οὐχ
1522 5906 1684 5968 dare;
1729 5898 1811 5949 νῦν
1854 5920 2087 5968 κεχωρισ-

428 5952 578 6012 υένοι,
612 5954 894 6018 διῃρημένοι.
957 5952 982 5959 τ’
1454 5952 1485 5967 ’⁸
1600 5952 1669 5973 ’δ”

1186 323 1244 382 S.
1286 325 1571 383 JOANNIS
1609 325 2103 387 CHRYSOSTOMI
2141 327 2467 385 ARCHIEP.
2509 328 3064 387 CONSTANTINOP.
3454 358 3467 367 -
3752 333 3859 388 £66

2762 447 2787 459 α
2880 448 2892 461 α
3006 447 3030 460 ω

2187 447 2303 516 μετ’
2325 446 2524 501 αὐτῶν.
2572 445 2671 500 Διά
2698 447 2852 501 τοῦτο
2876 448 2933 500 ἐν
2963 447 3040 518 τῷ
3073 449 3287 517 σώματι
3314 449 3347 519 ἡ
3379 449 3664 518 συμφωνία
3684 451 3858 514 ἐστὶν,

2185 534 2371 606 ἐπειδὴ
2400 535 2499 588 ούκ
2526 534 2641 588 ἔστι
2677 536 2940 604 φυσίωσις
2960 553 2973 568 ·
3000 535 3100 588 οὐκ
3124 536 3239 588 ἐστι
3259 536 3317 589 62-:
3349 536 3636 604 φυσίωσις,
3667 539 3856 609 ἐπειδὴ

2184 624 2264 687 είς
2297 623 2542 694 ἀνάγκην
2579 622 2674 677 τοῦ
2703 623 2889 694 χρείαν
2929 622 3174 695 ἀλλήλων
3229 622 3374 693 ἔχειν
3420 624 3491 678 τὰ
3526 624 3661 694 μέλη
3722 626 3858 678 καθ-

2183 710 2407 783 έστηκε·
2436 712 2533 765 καὶ
2562 713 2596 783 ἡ
2626 711 2834 787 κεφαλὴ
2883 711 2990 766 τῶν
3036 710 3214 765 ποδῶν
3247 711 3439 772 δεῖται,
3470 712 3567 765 καὶ
3595 714 3670 774 οἱ,
3693 713 3859 775 πόδες

2179 800 2280 869 τῆς
2307 800 2571 871 κεφαλῆς.
2600 800 2712 853 Kal
2738 801 2868 870 ἡμῖν
2900 799 3058 852 τοῦτο
3080 800 3333 870 ἐποίησεν
3357 803 3385 854 6
3418 800 3570 864 Θεὸς,
3598 800 3696 854 καὶ
3734 800 3858 854 οὐδὲ

2181 886 2354 951 οὕτως
2386 886 2721 957 ἀνεχόμεθα·
2773 886 2880 940 ἔδει
2912 886 3011 957 μὲν
3039 886 3149 957 γάρ
3176 888 3272 941 καὶ
3300 888 3470 958 χωρὶς
3495 887 3684 941 τούτου
3713 888 3856 956 ἀγά-

2182 991 2292 1045 πην
2318 969 2476 1029 εἶναι.
2513 975 2583 1026 Ἢ
2611 974 2712 1028 οὐκ
2736 972 2963 1027 ἀκούετε
2985 973 3165 1028 αὐτῶν
3194 973 3303 1027 τῶν
3332 974 3438 1039 ἔξω
3458 974 3856 1028 διαϐαλλόντων

2181 1062 2348 1132 ἡμᾶς,
2382 1062 2509 1115 ὅταν
2548 1060 2781 1130 λέγωσιν
2802 1076 2817 1092 ·
2850 1062 2905 1114 αί
2934 1064 3109 1133 χρεῖαι
3135 1061 3340 1130 φιλίαις
3379 1063 3444 1114 υἱ
3477 1062 3658 1116 λαῖκοὶ
3699 1063 3855 1116 δέον-

2179 1167 2269 1203 ται
2302 1151 2459 1220 ήμῶν
2481 1166 2495 1180 ·
2527 1151 2689 1221 ἡμεῖς
2714 1149 2771 1203 δὲ
2803 1149 2964 1203 πάλιν
3009 1148 3077 1202 δι’
3104 1149 3301 1213 αὐτούς
3334 1151 3520 1219 ἐσμεν.
3573 1150 3730 1204 Οὕτω
3758 1151 3858 1205 xal

2179 1236 2488 1301 διδάσκαλο;
2511 1239 2605 1291 καὶ
2628 1237 2810 1309 ἄρχων
2834 1238 2932 1290 ούκ
2963 1235 3028 1290 ἂν
3058 1236 3165 1307 εἴη,
3200 1237 3273 1308 μὴ
3306 1237 3415 1290 τῶν
3450 1237 3856 1308 διδασκομένων

2178 1325 2344 1378 ὄντων
2372 1324 2597 1378 καὶτῶν
2624 1324 2960 1397 ἀρχομένων,
2983 1324 3091 1377 066‘
3111 1324 3177 1378 ἂν
3211 1323 3532 1389 ἐπιδείξαιτο
3558 1324 3629 1379 τὰ
3655 1324 3853 1378 αὐτοῦ·

2179 1413 2239 1465 06
2273 1411 2381 1482 γάρ
2408 1413 2474 1465 ἂν
2510 1411 2742 1465 δύναιτο.
2780 1410 3105 1481 Καθάπερή
3156 1414 3226 1479 γῆ
3253 1411 3347 1465 τοῦ
3386 1410 3656 1483 γεωργοῦ,
3693 1412 3789 1465 καί
3827 1413 3856 1464 6

2179 1498 2423 1567 γεωργὸς
2447 1498 2618 1551 δεῖται
2648 1497 2794 1570 [284]
2819 1497 2920 1567 τῆς
2947 1498 3048 1567 γῆς
3068 1513 3082 1527 ·
3114 1497 3257 1551 οὕτω
3297 1499 3391 1551 καὶ
3414 1497 3668 1552 ἐνταῦθα.
3693 1499 3855 1552 Ποῖον

2181 1584 2289 1654 γὰρ
2321 1584 2434 1653 ἔχει
2474 1584 2663 1655 μισθὸν
2706 1584 3048 1648 διδάσκαλος,
3097 1586 3196 1638 οὐκ
3233 1585 3373 1655 ἔχων
3422 1584 3685 1649 ἐπιδεῖξαι
3724 1587 3855 1650 τοῦς

2179 1671 2556 1743 διδαχθένταςς
2586 1676 2735 1728 ποῖον
2756 1673 2813 1726 δὲ
2834 1674 2883 1726 οί
2921 1673 3315 1743 διδασκόμενοι,
3346 1673 3419 1745 μὴ
3443 1673 3856 1739 ἀπολαύσαντες

2179 1759 2526 1824 διδασκαλίας
2557 1760 2821 1832 άρίστης;
2874 1761 3038 1813 ’Ὥστε
3073 1759 3273 1830 ὁμοίως
3311 1761 3557 1829 ἀλλήλων
3577 1759 3856 1831 χρῄζομεν

2180 1847 2362 1909 πάλιν,
2418 1848 2514 1902 καὶ
2581 1848 2839 1918 ἄρχοντες
2877 1846 3215 1918 ἀρχομένων,
3246 1847 3342 1900 καὶ
3407 1848 3707 1918 ἡγούμενος
3745 1848 3858 1900 ὑπ-

2178 1937 2358 2007 ηκόων
2381 1952 2395 1966 ·
2450 1937 2706 2006 ἄρχοντες
2739 1936 2837 2006 μὲν
2865 1935 2972 2006 γὰρ
3029 1934 3237 1989 πολλῶν
3269 1935 3472 1989 ἕνεκεν.
3524 1935 3716 1998 0662).;
3740 1935 3856 2005 γὰρ

2181 2025 2341 2096 ἀρκεῖ
2368 2024 2488 2077 καθ’
2523 2026 2710 2077 ἑαυτόν
2740 2042 2789 2078 τι
2813 2024 3035 2096 πρᾶξαι,
3064 2025 3128 2079 ἄν
3155 2041 3214 2078 τε
3239 2025 3607 2095 χειροτονῆσαι
3634 2023 3750 2095 δέῃ,
3789 2026 3855 2076 ἄν

2180 2129 2239 2164 τε
2274 2111 2466 2181 βουλὰς
2510 2110 2808 2181 σκέψασθαι
2852 2111 2945 2165 καὶ
2985 2111 3228 2181 γνώμας,
3265 2110 3399 2165 ἀλλὰ
3422 2110 3737 2181 τιμιώτεροι
3761 2112 3853 2179 γί-

2179 2214 2359 2253 νονται
2379 2197 2483 2252 ἀπὸ
2509 2199 2605 2268 τῆς
2629 2198 2846 2252 συνόδου
2872 2197 3080 2251 καὶτοῦ
3101 2197 3353 2268 πλήθους.
3384 2191 3528 2260 υἷον,
3548 2198 3598 2249 οἱ
3619 2197 3856 2265 πένητες

2181 2285 2289 2338 τῶν
2326 2286 2573 2339 διδόντων
2616 2286 2928 2357 χρῄζουσιν,
2970 2286 3019 2338 οἱ
3050 2284 3279 2349 διδόντες
3307 2284 3416 2337 τῶν
3466 2284 3855 2354 λαμϐανόντων

2182 2371 2359 2426 πάλιν.
2397 2372 2744 2437 Ἀλλήλους,
2781 2372 2937 2443 φησὶ,
2989 2370 3425 2437 κατανοοῦντες
3455 2374 3543 2436 είς
3590 2371 3855 2438 παροξυ-

2178 2456 2338 2525 σμὸν
2360 2457 2614 2526 ἀγάπης,
2653 2457 2750 2510 καὶ
2779 2457 2979 2511 καλῶν
3010 2457 3220 2526 ἔργων.
3260 2457 3361 2510 Διά
3412 2456 3571 2509 τοῦτο
3632 2456 3856 2527 μείζονα

2180 2546 2402 2600 δύναται
2432 2545 2494 2598 τὺ
2520 2546 2697 2599 κοινὸν
2728 2546 2829 2615 τῆς
2855 2544 3202 2613 Ἐκκλησίας,
3235 2545 3329 2597 καὶ
3371 2544 3516 2615 άπερ
3574 2544 3697 2597 καθ’
3726 2545 3856 2597 ἐαυ-

2180 2638 2270 2689 τὸν
2283 2636 2344 2689 06
2368 2635 2589 2689 δύναταί
2614 2650 2715 2713 τις,
2737 2634 2873 2704 μετά
2898 2633 3005 2687 τῶν
3026 2633 3199 2686 ἄλλων
3219 2634 3497 2703 γινόμενος
3528 2632 3721 2702 ἰσχύει.
3752 2634 3855 2685 Διά

2181 2722 2335 2776 τοῦτο
2388 2722 2620 2793 μάλιστα
2661 2723 2953 2790 ἀναγκαῖαι
3002 2721 3059 2773 αἱ
3107 2720 3263 2789 εὐχαὶ
3321 2719 3561 2773 ἐνταῦθα
3612 2721 3851 2789 γίνονται

2181 2811 2318 2882 ὑπὲρ
2351 2811 2449 2880 τῆς
2468 2810 2811 2880 οἰκουμένης,
2842 2808 2981 2880 ὑπὲρ
3006 2808 3102 2877 τῆς
3144 2807 3468 2879 Ἐκκλησίας
3499 2808 3599 2876 τῆς
3632 2807 3725 2860 ἐπὶ
3751 2824 3845 2860 πε-

2182 2899 2376 2968 ράτων,
2406 2899 2546 2969 ὑπὲρ
2570 2898 2665 2968 τῆς
2683 2897 2924 2967 εἰρήνης,
2954 2895 3092 2965 ὑπὲρ
3117 2892 3225 2947 τῶν
3261 2896 3319 2948 ἐν
3365 2895 3689 2965 συμφοραῖς.
3741 2893 3862 2947 Καὶ

2180 2985 2338 3039 τοῦτο
2363 2988 2392 3039 6
2412 2986 2622 3048 Παῦλος
2642 2985 2790 3056 δηλοί
2820 2984 2992 3051 λέγων
3013 2998 3024 3009 ⁸
3067 2984 3193 3037 Ἵνα
3217 2982 3281 3037 τὸ
3303 2984 3391 3048 εἰς
3413 2980 3566 3051 ἡμᾶς
3588 2980 3859 3050 χάρισμα

2179 3074 2249 3127 ἐν
2279 3073 2488 3139 πολλῷ
2515 3072 2814 3141 προσώπῳ
2838 3070 2936 3125 διὰ
2963 3070 3212 3125 πολλῶν
3243 3068 3654 3140 εὐχαριστηθῇ
3701 3072 3857 3136 ὑπὲρ

2182 3159 2350 3229 ἡμῶν
2373 3176 2387 3193 ·
2425 3160 2725 3223 τουτέστιν,
2764 3159 2851 3213 ἵνα
2886 3158 3100 3221 πολλοῖς
3127 3157 3439 3229 χαρίσηται.
3463 3157 3575 3210 Kal
3593 3156 3856 3221 πολλάκις

2183 3243 2361 3296 αὐτῶν
2391 3242 2491 3304 τάς
2510 3240 2675 3310 εύχάς
2696 3240 2965 3310 ἐπιζητεῖ.
3003 3241 3144 3310 Ὅρα
3168 3239 3263 3294 καὶ
3287 3238 3382 3291 ἐπὶ
3408 3237 3519 3292 τῶν
3555 3239 3604 3292 Ν
3610 3239 3855 3293 ινευῖτῶν

2181 3328 2235 3381 τί
2266 3345 2426 3398 φησιν
2454 3330 2481 3380 6
2499 3328 2649 3390 Θεός·
2684 3328 2823 3397 Ἐγὼ
2839 3328 2907 3380 δὲ
2928 3328 2998 3381 οὐ
3023 3328 3303 3397 φείσομαι
3325 3326 3436 3395 τῆς
3452 3327 3704 3392 πόλεως,
3726 3326 3794 3380 ἐν
3817 3322 3856 3398 ᾖ

2183 3417 2528 3472 κατοικοῦσι
2558 3416 2807 3480 πλείους
2834 3416 2872 3485 ἣ
2907 3414 3135 3470 δώδεκα
3158 3414 3486 3486 μυριάδες;
3525 3415 3720 3469 Ὅπου
3745 3414 3857 3469 δύο

2184 3505 2221 3574 ἢ
2261 3505 2414 3573 τρεῖς
2442 3507 2562 3558 είσι
2590 3506 2980 3574 συνηγμένοι,
3012 3504 3315 3574 φησ“ιν,ἐὶς
3364 3503 3430 3556 τὸ
3473 3502 3614 3572 ἐμὸν
3646 3502 3854 3571 ὄνομα,

2182 3592 2309 3645 ἐκεῖ
2335 3595 2450 3661 είμι
2484 3592 2552 3645 ἐν
2589 3590 2755 3661 μέσῳ
2785 3591 3002 3645 αὐτῶν.
3062 3592 3125 3644 El
3175 3590 3232 3643 δὲ
3271 3589 3363 3643 δύο
3394 3589 3533 3661 μέγα
3587 3589 3857 3658 ἰσχύουσι,

2186 3679 2335 3748 πόσῳ
2369 3678 2570 3749 μᾶλλον
2608 3678 2854 3744 πλείους;
2888 3677 2949 3729 Εἰ
2982 3676 3037 3729 δὲ
3070 3676 3164 3730 καὶ
3192 3669 3272 3737 εἷς
3305 3675 3380 3729 ὢν
3426 3675 3689 3746 ἰσχύσεις,
3741 3674 3857 3727 ἀλλ’

2183 3767 2282 3835 οὐχ
2310 3765 2528 3836 ὁμοίως.
2580 3764 2677 3817 Διὰ
2715 3763 2848 3817 τίδὲ
2882 3762 2976 3817 καὶ
3003 3758 3083 3826 εἷς
3134 3758 3213 3829 εἷς
3272 3761 3359 3815 διὰ
3403 3761 3457 3814 τί
3499 3763 3598 3815 οὐκ
3645 3760 3858 3834 ἐργάζῃ

2185 3852 2438 3918 πολλούς;
2478 3852 2565 3905 διά
2595 3852 2647 3905 τί
2677 3852 2751 3922 μὴ
2776 3851 2902 3923 γίνῃ
2932 3851 3263 3920 δημιουργὸς
3288 3851 3542 3921 ἀγάπης;
3581 3848 3669 3902 διά
3692 3848 3742 3902 τί
3779 3851 3858 3921 μὴ

2184 3942 2612 4005 κατασκευάζεις
2657 3940 2864 4009 φιλίαν;
2920 3939 2992 3992 Τὸ
3034 3941 3286 4010 μέγιστον
3316 3939 3416 4010 τῆς
3447 3937 3649 4009 ἀρετῆς
3676 3935 3855 4005 ἐγκὼο

2188 4046 2308 4098 μιον
2341 4029 2441 4081 οὐκ
2470 4027 2630 4098 ἔχεις.
2676 4027 2884 4097 Ὠσπερ
2936 4026 3043 4095 γὰρ
3073 4027 3132 4079 τὸ
3165 4027 3228 4080 ἐκ
3286 4026 3557 4096 συνθήκης
3592 4021 3730 4078 εἶναι
3765 4042 3862 4077 κα-

2183 4112 2332 4175 κοῦς,
2375 4110 2574 4181 μᾶλλον
2601 4109 2889 4180 παροξύνει
2919 4109 3007 4162 τὸν
3038 4109 3169 4163 Θεόν
3188 4125 3202 4140 ·
3238 4109 3379 4163 οὓτω
3409 4109 3502 4160 καὶ
3538 4108 3599 4161 τδ
3640 4109 3699 4160 ἐν
3723 4110 3857 4178 δμο-

2184 4197 2303 4270 νοίᾳ
2333 4193 2470 4250 εῐναι
2507 4195 2764 4265 ἀγαθοὺς,
2811 4195 3009 4267 μᾶλλον
3049 4196 3346 4266 εὐφραίνει.
3386 4197 3509 4249 Οὐκ
3534 4194 3674 4263 ἔσῃ,
3699 4196 3856 4265 φησὶ,

2178 4285 2327 4354 μετὰ
2372 4282 2619 4339 πολλῶν
2661 4283 2759 4338 ἐπὶ
2806 4282 3004 4350 κακίᾳ.
3071 4282 3299 4348 Πάντες
3344 4281 3686 4347 ἐξέκλιναν,
3737 4283 3858 4353 ἅμα

2184 4372 2618 4442 ἠχρειὼθησαν,
2649 4373 2743 4427 καὶ
2773 4374 3019 4441 ἐγένοντο
3047 4372 3121 4435 ὡς
3156 4372 3372 4443 ᾅδοντες
3400 4374 3456 4424 ὲν
3484 4376 3603 4436 ταῖς
3635 4374 3857 4437 κακίαις

2186 4462 2384 4515 αὐτῶν.
2418 4459 2842 4515 Κατασκεύασόν
2881 4476 2961 4513 σοι
2993 4459 3178 4528 φίλους
3202 4460 3307 4530 πρὸ
3340 4460 3447 4513 τῶν
3483 4461 3719 4528 οἰκείων,
3753 4462 3858 4530 πρὸ

2184 4546 2291 4600 τῶν
2349 4548 2523 4601 ἄλλων
2562 4548 2837 4604 ἁπάντων.
2886 4548 2949 4600 Εἰ
3002 4547 3031 4599 6
3060 4546 3416 4618 είρηνοποιὸς,
3463 4545 3575 4609 υἱὸς
3613 4547 3785 4600 Θεοῦ·
3829 4549 3857 4601 6

2186 4636 2278 4688 καὶ
2310 4636 2497 4704 φίλους
2534 4635 2978 4701 κατασκευάζων,
3014 4634 3164 4705 πόσῳ
3205 4634 3439 4705 μᾶλλον;
3500 4635 3549 4688 εί
3586 4634 3616 4686 6
3656 4635 3857 4690 καταλ-

2186 4717 2395 4773 λάττων
2438 4718 2617 4788 μόνον,
2651 4717 2767 4781 υίὸς
2812 4716 2945 4770 Θεοῦ
2993 4715 3269 4769 καλεῖται·
3326 4719 3355 4770 6
3386 4717 3513 4781 τοὺς
3552 4718 3869 4771 καταλλατ-”

2183 4806 2445 4875 τομένους
2476 4804 2659 4874 φίλους,
2691 4804 2879 4869 ποιῶν,
2908 4803 3053 4866 τίνος
3102 4804 3203 4857 οὐκ
3235 4802 3387 4858 ἔσται
3416 4802 3594 4871 ἀξιοςς
3640 4805 3856 4875 Ταύτην

2186 4890 2468 4961 ποιώμεθα
2498 4892 2596 4960 τὴν
2628 4889 2917 4961 ἐμπορίαν,
2940 4890 3125 4958 φίλους
3154 4890 3397 4962 ποιῶμεν
3438 4890 3692 4962 ἀλλήλοις
3730 4894 3856 4955 τοὺς

2184 4979 2430 5049 ἐχθροὺς,
2470 4979 2719 5041 καὶτοὺς
2763 4979 2864 5031 οὐκ
2897 4977 3124 5049 ἐχθροὺς
3163 4978 3283 5048 μὲν,
3316 4978 3377 5032 οὐ
3413 4977 3599 5047 φίλους
3643 4979 3722 5046 δὲ,
3762 4981 3856 5033 καὶ

2184 5066 2408 5128 τούτους
2438 5066 2859 5136 συναγάγωμεν,
2906 5065 3002 5118 xal
3058 5065 3165 5136 πρὸ
3202 5066 3421 5119 πάντων
3451 5066 3600 5136 ἡμᾶς
3636 5065 3852 5131 αὐτούς.

2186 5156 2452 5227 Καθάπερ
2475 5155 2582 5227 γὰρ
2617 5156 2646 5207 6
2674 5155 2732 5208 ἐν
2776 5156 2843 5226 τῇ
2882 5154 3029 5226 οἰκίᾳ
3059 5153 3258 5226 ἔχθραν
3290 5155 3448 5226 ἔχων,
3473 5155 3567 5207 καὶ
3594 5154 3730 5225 πρὸς
3759 5151 3855 5224 τὴν

2186 5246 2420 5313 γυναῖκα
2465 5243 2564 5313 τὴν
2616 5241 2808 5296 ἐαυτοῦ
2856 5240 3176 5312 διεστηκὼς,
3223 5243 3323 5295 οὐκ
3361 5242 3507 5295 ἐστιν
3543 5240 3856 5306 ἀξιόπιστος

2186 5333 2403 5405 ἐτέρους
2459 5330 2863 5399 καταλλάττων,
2910 5330 3027 5384 ἀλλ’
3066 5329 3393 5384 ἀκούσεται·
3436 5329 3635 5398 Ἰατρέ,
3683 5327 3855 5396 θερά-

2187 5435 2421 5475 πευσον
2450 5420 2736 5474 σεαυτόν·
2765 5418 2909 5473 οὕτω
2946 5419 3010 5490 δὴ
3039 5419 3131 5472 καὶ
3167 5417 3400 5472 ἐνταῦθα
3421 5417 3731 5471 ἀκούσεται.
3761 5415 3857 5479 Τίς

2188 5504 2280 5562 οῦν
2319 5511 2464 5561 ἐστιν
2489 5510 2619 5577 ἡμῖν
2647 5508 2680 5576 ὴ
2725 5505 2925 5577 ἔχθρα;
2972 5506 3035 5559 Ἡ
3072 5508 3169 5572 τῆς
3206 5504 3387 5576 ψυχῆς
3420 5505 3557 5576 πρὸς
3589 5505 3650 5558 τὸ
3678 5503 3856 5573 σῶμα,

2188 5597 2221 5665 ἡ
2249 5595 2347 5664 τῆς
2386 5593 2581 5656 κακίας
2615 5592 2751 5662 πρὸς
2789 5592 2886 5663 τὴν
2925 5592 3146 5663 ἀρετήν.
3179 5591 3396 5663 Ταύτην
3440 5590 3856 5660 καταλύσωμεν,

2188 5681 2374 5734 τοῦτον
2415 5680 2688 5749 ἀνέλωμεν
2730 5679 2821 5731 τὸν
2871 5677 3127 5748 πόλεμον,
3163 5678 3256 5731 καὶ
3303 5679 3426 5732 τότε
3471 5679 3590 5749 μετ’
3638 5678 3860 5748 εἰρήνης

2190 5769 2421 5828 καὶτοῖς
2458 5766 2637 5829 ἄλλοις
2685 5764 3037 5834 διαλεξόμεθα
3086 5765 3223 5835 μετά
3260 5765 3461 5835 πολλῆς
3501 5765 3601 5833 τῆς
3641 5766 3858 5835 παρρη-

2192 5857 2333 5921 σίας,
2365 5855 2424 5908 ού
2462 5850 2893 5923 κατηγοροῦντος
2929 5849 3085 5921 ἡμῶν
3121 5852 3218 5906 τοῦ
3259 5853 3578 5918 συνειδότος.
3614 5852 3862 5921 Μάχεται

2195 5942 2365 6009 θυμὸς
2412 5938 2711 6009 ἐπιεικείᾳ,
2762 5937 2997 6009 μάχεται
3057 5939 3355 6012 χρημάτων
3402 5939 3543 6013 ερως
3589 5936 3858 6010 ὑπεροψίᾳ
3946 5926 3957 5939 ⁸
