4108 6172
470 382 584 442 265

476 497 707 551 furorem
735 486 1101 547 subindicans.
1137 484 1325 542 Statim
1366 498 1482 537 vero
1523 479 1750 534 Paulum
1795 476 2063 531 emiserunt

476 587 677 655 fratres,
704 590 760 637 ut
787 582 900 645 iret,
930 577 1121 649 inquit,
1151 575 1299 646 quasi
1325 573 1394 627 ad
1423 587 1581 625 mare.
1611 570 1673 625 Ili
1701 569 1808 637 jam
1839 565 2066 621 Paulum

476 654 648 732 έωΙιιηι
689 673 908 727 mittunt
940 686 954 723 :
982 666 1297 725 metuebam
1341 665 1482 719 enim
1524 676 1591 716 ne
1635 659 1759 730 quid
1809 657 1907 726 ipsi
1939 654 2065 708 mali

478 765 762 828 accideret,
796 761 939 833 quod
969 760 1073 814 illis
1102 771 1311 812 summa
1352 769 1478 809 cura
1519 761 1633 807 erat
1663 769 1677 805 :
1707 751 1784 805 sic
1810 762 1914 803 non
1943 744 2064 800 ubi-

480 871 578 926 que
606 856 775 928 gratia
796 852 1134 924 operabatur,
1156 848 1249 903 sed
1271 846 1477 902 sinebat
1494 845 1612 900 illos
1634 843 1863 898 humana
1884 853 2063 910 agere,

481 948 597 1003 illos
628 947 865 1001 excitans
903 951 958 998 ct
993 939 1442 1011 expergefzeiens,
1485 945 1645 1006 atque
1673 935 1727 989 in
1757 930 2069 989 βἰιιίοἱιειιίἰ-

480 1054 601 1092 nem
647 1036 907 1107 injiciens.
949 1032 1082 1087 Vide
1128 1045 1273 1100 ergo,
1319 1043 1487 1098 usque
1528 1026 1802 1095 Philippos
1840 1021 2071 1077 servavit

479 1145 595 1197 eos,
626 1128 750 1183 inde
777 1140 905 1180 vero
933 1140 1036 1178 non
1066 1122 1214 1178 item.
1253 1121 1316 1174 Et
1346 1129 1548 1189 accepto
1578 1117 1834 1181 mandato,
1875 1112 2067 1183 inquit,

479 1222 547 1274 ad
576 1220 743 1276 Silam
764 1229 809 1272 et
839 1217 1176 1281 Timotheum,
1208 1223 1260 1266 ut
1292 1229 1442 1283 quant
1471 1210 1730 1264 celerrime
1755 1208 1978 1261 venirent
2003 1205 2072 1258 ad

481 1328 617 1377 eunt,
653 1310 868 1382 profecti
890 1317 1024 1362 siml.
1056 1306 1216 1375 quue
1248 1303 1436 1357 merito
1470 1318 1482 1354 :
1510 1299 1715 1356 etiamsi
1757 1300 1898 1353 enim
1930 1297 2070 1351 Pau-

482 1401 564 1455 lus
593 1408 755 1465 esset,
792 1414 925 1470 Opus
969 1397 1197 1451 habebat
1241 1394 1366 1447 illis.
1413 1391 1575 1462 Igitur
1614 1390 1667 1443 in
1708 1387 2069 1443 Macedoniam

481 1494 618 1549 bene
648 1509 676 1547 a
709 1493 816 1547 Deo
862 1488 1307 1560 impellebantur;
1350 1484 1492 1538 clara
1534 1482 1765 1551 namque
1807 1479 1919 1550 jam
1956 1487 2070 1532 erat

483 1583 685 1640 Graecia
717 1603 730 1637 :
761 1583 994 1651 alioquin
1036 1591 1091 1635 et
1118 1580 1218 1633 alia
1262 1587 1457 1648 praeter
1500 1575 1873 1630 necessitatem
1907 1571 2070 1625 faeie-

486 1676 593 1730 bat.
627 1674 873 1730 Christus
898 1672 1133 1742 jnsserat
1153 1670 1220 1724 de
1250 1666 1529 1737 evangelio
1556 1665 1734 1719 vivere
1761 1664 1835 1736 (I.
1869 1661 1985 1716 Cur.
2015 1661 2069 1714 9.

482 1765 607 1839 M):
638 1767 724 1822 hic
741 1776 917 1821 autem
946 1780 1051 1819 non
1080 1761 1338 1817 faciebat:
1361 1759 1602 1814 Christus
1631 1774 1734 1811 non
1760 1756 1901 1809 misit
1924 1755 2070 1807 illmn

484 1858 751 1929 haptimre
783 1856 856 1928 (I.
891 1855 1008 1909 Cor.
1053 1855 1105 1911 1.
1150 1852 1278 1923 17);
1314 1850 1398 1905 hic
1426 1863 1557 1905 vero
1585 1847 1904 1918 baptizabat.
1942 1845 2072 1929 Vide

482 1950 749 2022 quomodo
779 1946 1136 2004 conferendas
1178 1944 1428 1999 omnibus
1468 1949 1602 1997 erat.
1645 1940 1833 1995 Petrus
1872 1936 1939 1992 ad
1969 1920 2075 1991 cir;

482 2041 883 2105 rumeisionem,
915 2041 1000 2094 hic
1021 2037 1086 2092 ad
1113 2046 1323 2107 gentes,
1351 2035 1416 2088 ad
1456 2033 1710 2103 majorem
1747 2039 1974 2101 partem.
2004 2027 2073 2083 Et

485 2138 711 2199 accepta,
742 2129 932 2198 inquit,
960 2127 1307 2197 satisfactione
1339 2140 1371 2178 a
1402 2123 1615 2189 Jasone,
1640 2121 1942 2175 dimiserunt
1967 2135 2071 2175 eos.

488 2222 622 2279 Vide
659 2221 928 2293 quomodo
954 2219 1316 2274 satisfactione
1345 2217 1465 2272 data
1495 2216 1656 2272 Jason
1696 2213 1916 2270 Paulum
1940 2211 2074 2267 emi-

488 2316 595 2381 sit;
624 2326 680 2370 et
708 2316 778 2368 ita
804 2314 1035 2368 animam
1071 2326 1221 2366 suam
1266 2324 1362 2380 pro
1400 2308 1495 2364 illo
1529 2307 1722 2380 posuit.
1756 2304 1850 2371 Hi,
1881 2303 2071 2374 inquit,

486 2419 630 2463 crant
651 2407 951 2463 nobilissimi
982 2402 1508 2461 Thessalonicensium
1526 2416 1545 2466 ;
1577 2400 1628 2455 id
1658 2406 1762 2466 est,
1798 2398 1993 2452 virtute
2021 2403 2076 2450 et

489 2499 592 2554 [ide
628 2514 755 2570 erga
799 2498 985 2554 Deum.
1030 2496 1130 2565 Qui
1166 2502 1494 2565 susceperunt
1539 2491 1743 2545 verbum
1783 2505 1900 2544 cum
1938 2486 2075 2543 omni

486 2591 766 2655 alacritate,
799 2589 989 2659 inquit,
1015 2586 1240 2658 quotidie
1259 2592 1539 2639 scrutantes
1559 2582 1877 2652 Scripturas,
1898 2578 1944 2633 si
1967 2578 2076 2633 lucc

488 2684 558 2736 ita
585 2697 638 2737 se
665 2680 920 2735 haberent.
953 2679 1069 2733 Non
1095 2687 1298 2733 temere
1325 2691 1390 2730 ex
1418 2675 1622 2743 impetu
1651 2682 1706 2728 et
1731 2672 1869 2726 zelo.

563 2772 626 2826 In
647 2771 925 2842 majoribus
945 2768 1224 2823 ciuitatibus
1243 2768 1437 2837 pejores
1459 2761 1939 2831 homines—Atqui
1964 2775 2072 2815 ma-

484 2864 572 2935 jor
598 2864 724 2920 urbs
747 2873 863 2918 erat
883 2904 898 2927 ,
930 2870 988 2917 et
1015 2861 1256 2916 forenses
1286 2859 1529 2913 homines
1554 2865 1707 2911 erant
1736 2856 1807 2909 ibi
1839 2871 1852 2907 :
1883 2856 2076 2909 mirum

489 2964 669 3010 autem
698 2962 948 3020 nonest,
988 2955 1033 3006 si
1076 2953 1129 3005 in
1170 2952 1373 3018 majore
1417 2949 1632 3003 civitate
1676 2947 1890 3018 pejores
1932 2956 2076 3001 sunt.

490 3047 650 3100 Certe
676 3046 729 3098 in
755 3043 959 3114 majore
986 3041 1197 3112 pejores
1217 3054 1337 3096 esse
1353 3037 1644 3094 verisimile
1662 3048 1766 3103 est,
1790 3037 1880 3092 ubi
1897 3039 2077 3093 multae

491 3143 618 3190 sunt
643 3135 919 3189 turbarum
951 3132 1283 3188 occasiones.
1315 3129 1385 3186 Ut
1414 3129 1558 3184 enim
1589 3129 1642 3183 in
1672 3143 1928 3198 corpore,
1953 3144 2075 3183 cum

495 3226 713 3280 morbus
743 3234 825 3279 est
852 3224 1086 3293 gravior,
1118 3222 1238 3292 plus
1266 3220 1425 3275 habet
1450 3218 1691 3274 materia:
1718 3231 1772 3274 et
1798 3218 2072 3274 alimenti:

494 3317 566 3369 ita
611 3314 793 3370 ethoc
839 3314 995 3380 loco,
1029 3313 1169 3383 quod
1193 3320 1249 3367 et
1277 3310 1437 3367 Iconii
1468 3309 1664 3364 factum
1699 3319 1817 3375 est,
1852 3320 1906 3365 et
1936 3323 2075 3365 nunc

489 3422 720 3478 quoque.
757 3406 824 3462 Et
853 3407 1123 3477 egreditur
1153 3405 1369 3469 Paulus,
1399 3412 1456 3459 ut
1485 3412 1539 3459 et
1562 3404 1787 3458 aliorum
1820 3404 2073 3473 perniciei

489 3513 677 3569 pinnas
702 3498 848 3554 dent.
877 3497 1001 3553 ldeo
1027 3497 1240 3552 dicebat
1270 3495 1466 3552 Paulus
1498 3512 1511 3550 :
1544 3494 1942 3550 Pro/libentibus
1983 3510 2076 3550 nos

489 3590 627 3660 loqui
652 3588 879 3660 gentibus
909 3589 993 3660 (I.
1028 3587 1204 3644 Thess.
1227 3588 1282 3642 2.
1312 3588 1438 3658 16).
1469 3587 1535 3643 Et
1558 3600 1653 3642 eur
1680 3587 1857 3653 isthic,
1882 3587 2069 3658 inquit,

488 3695 595 3735 non
641 3678 991 3735 manserunt?
1038 3694 1136 3733 cur
1182 3694 1291 3733 non
1340 3678 1489 3748 signa
1531 3676 1809 3733 fecerunt?
1851 3677 1982 3733 Nam
2027 3678 2073 3734 si

488 3771 634 3837 illic,
691 3770 781 3826 ubi
835 3769 1102 3840 lapidatus
1156 3777 1280 3836 est,
1331 3770 1528 3823 mansit
1560 3770 1745 3825 multo
1797 3778 2072 3839 tempore;

487 3863 655 3919 multo
680 3863 849 3934 magis
876 3862 962 3917 hic
992 3861 1315 3917 manendum
1346 3869 1481 3916 erat.
1519 3861 1733 3930 Quare?
1772 3860 1889 3917 Non
1928 3878 2075 3917 sem-

487 3972 583 4027 per
612 3956 821 4037 volebat
845 3954 987 4009 Deus
1013 3955 1133 4010 illos
1157 3954 1274 4009 htcc
1301 3954 1450 4025 signa
1482 3954 1654 4010 facere
1682 3969 1694 4004 :
1726 3970 1899 4026 neque
1929 3958 2073 4013 enim

487 4046 662 4100 minus
689 4045 898 4115 signum
923 4051 1007 4099 est
1048 4044 1163 4099 sine
1209 4045 1376 4115 signis
1415 4043 1666 4112 vincere,
1717 4060 1875 4115 quam
1923 4046 2073 4116 signa

487 4135 683 4192 facere.
720 4135 933 4206 Itaque,
967 4136 1105 4191 sicut
1132 4149 1273 4190 nunc
1298 4175 1313 4201 ,
1341 4135 1540 4205 absque
1569 4135 1735 4206 signis
1778 4137 2031 4206 prmvalet
2056 4154 2070 4191 :

486 4228 564 4284 sic
589 4236 644 4284 et
672 4237 797 4283 tunc
825 4241 968 4297 saepe
993 4226 1204 4281 volebat
1226 4227 1461 4280 vincere.
1491 4225 1674 4296 Itaque
1702 4241 1802 4282 nec
1846 4226 2072 4298 apostoli

485 4319 552 4375 ad
581 4319 731 4391 signa
762 4319 1050 4375 currebant
1073 4360 1089 4384 ,
1122 4328 1180 4372 ut
1206 4327 1260 4372 et
1290 4318 1403 4388 ipse
1432 4317 1506 4372 ait
1539 4336 1552 4370 :
1588 4316 1701 4372 Nos
1723 4326 1889 4372 autem
1937 4333 2073 4389 pra:-

487 4411 719 4467 dicantus
748 4408 1006 4465 Christum
1030 4408 1329 4477 crucifixum
1359 4410 1379 4478 (
1407 4409 1455 4462 1.
1485 4407 1605 4463 Cor.
1638 4409 1690 4463 1.
1737 4407 1864 4481 25).
1911 4408 2073 4481 Signa

484 4501 850 4575 querentibus
877 4508 932 4556 et
971 4499 1325 4571 sapientiam,
1375 4498 1491 4555 haec
1538 4498 1728 4554 damus
1752 4540 1766 4564 ,
1813 4515 1932 4566 qua:
1974 4516 2074 4558 nec

485 4607 607 4648 cum
656 4592 822 4662 signis
866 4589 1181 4662 persuaderi
1231 4596 1494 4661 possunt,
1558 4597 1614 4645 et
1661 4591 2067 4660 persuademus.

488 4684 667 4755 Itaque
693 4697 945 4754 magnum
973 4681 1101 4737 illud
1131 4680 1341 4752 signum
1372 4687 1507 4736 erat.
1541 4680 1674 4737 Vide
1697 4697 1824 4752 ergo
1839 4683 1949 4753 jam
1979 4699 2073 4740 ex-

485 4785 639 4832 tensa
690 4775 1111 4846 prtedicatione,
1165 4789 1323 4846 quam
1370 4773 1479 4828 cito
1526 4783 1743 4829 currant
1778 4775 1846 4829 ad
1897 4776 2066 4848 signa.

484 4864 779 4938 Oportebat
799 4865 942 4920 enim
959 4865 1070 4936 j'am
1098 4872 1318 4936 prepter
1338 4862 1624 4920 credentes
1652 4864 1802 4934 plura
1829 4879 1950 4921 esse
1997 4867 2070 4921 si-

483 4976 609 5034 gna,
637 4969 797 5031 quam
829 4959 955 5014 alibi
988 4975 1001 5012 :
1034 4959 1214 5030 itaque
1244 4957 1405 5026 fiunt;
1434 4957 1529 5014 sed
1561 4956 1864 5014 recedendo
1891 4967 1946 5014 et
1980 4974 2071 5014 ac-

482 5051 727 5109 ccdendo
748 5050 838 5105 illa
865 5048 1151 5121 faciebant.
1176 5048 1466 5105 Emiserunt
1485 5049 1654 5118 illum,
1679 5050 1888 5120 inquit,
1925 5051 2071 5121 quasi

481 5146 553 5199 ad
580 5160 741 5199 mare.
764 5142 989 5212 Quare?
1017 5139 1088 5197 Ut
1114 5157 1220 5196 non
1260 5152 1482 5212 possent
1510 5142 1657 5197 illum
1686 5139 1842 5198 facile
1868 5158 2065 5214 appre-

485 5235 744 5292 hendere.
777 5232 928 5290 Adeo
964 5247 1061 5304 per
1089 5247 1148 5287 se
1173 5232 1273 5301 ipsi
1316 5248 1566 5303 magnum
1615 5233 1740 5303 quid
1785 5234 2066 5304 praestitis-

482 5336 625 5394 sent,
655 5335 705 5382 et
733 5340 853 5381 cum
877 5324 970 5379 illo
986 5321 1150 5378 multa
1168 5320 1305 5378 bene
1325 5331 1612 5393 gesserunt
1623 5338 1686 5378 ac
1707 5323 2062 5394 perfecerunt.

404 5415 407 5418 ⁴
484 5419 705 5476 Interim
734 5418 883 5475 illum
913 5430 1104 5472 eruere
1130 5415 1400 5471 volebant.

552 5512 608 5566 ὅ.
642 5508 772 5565 Vide
798 5516 998 5581 quanta
1027 5505 1273 5577 discipuli
1301 5520 1426 5576 erga
1457 5506 1756 5575 praecipuos
1783 5507 2067 5563 utebantur

478 5610 733 5657 cura:at
786 5616 889 5656 non
938 5599 1075 5654 sicut
1124 5611 1265 5653 nunc
1306 5597 1462 5653 divisi
1509 5612 1732 5664 sumus;
1777 5597 2066 5656 dividimur

479 5707 712 5761 namque
738 5691 885 5761 parvi
911 5698 966 5745 et
991 5689 1168 5761 magni
1199 5705 1213 5743 :
1244 5689 1388 5743 inter
1425 5702 1522 5743 nos
1573 5687 1662 5743 alii
1708 5690 2060 5758 extolluntur,

480 5779 575 5839 alii
603 5779 872 5849 invideat;
920 5779 1147 5852 ideoque
1172 5779 1439 5844 invident,
1472 5778 1595 5849 quia
1643 5794 1742 5836 nos
1790 5778 2058 5849 inﬂamur,

1424 363 1492 421 IN
1526 364 1708 422 ACTA
1751 353 2271 417 AI’OSTOLORUM.
2316 351 2545 410 IIOMIL.
2588 348 2852 408 XXXVII.

3651 349 3753 407 361i

2176 482 2276 523 nec
2327 466 2557 538 patimur
2607 466 2890 537 mqualiter
2930 478 3091 536 agere
3137 479 3260 521 cum
3309 464 3431 521 illis.
3478 465 3757 522 Iden-eoin

2170 573 2401 629 corpore
2446 565 2740 613 concentus
2778 567 2891 622 est,
2928 557 3051 627 quia
3101 572 3206 613 non
3248 567 3332 613 est
3369 557 3571 613 inﬂatio
3602 575 3617 613 :
3651 573 3756 615 non

2172 663 2257 710 est
2281 665 2457 709 autem
2486 654 2695 708 inﬂatio
2715 695 2731 721 ,
2763 651 2887 722 quia
2915 652 2994 708 sic
3021 654 3261 707 membra
3288 653 3545 725 disposita
3586 664 3711 708 sunt
3739 693 3756 717 ,

2174 752 2231 798 ut
2257 743 2398 797 aliud
2427 744 2534 798 alio
2560 757 2695 812 opus
2726 742 2919 798 habeat
2946 760 2960 796 :
2992 750 3149 812 caput
3169 742 3393 813 pedibus
3420 758 3554 814 opus
3576 744 3756 811 habet,

2173 842 2227 889 et
2253 833 2418 903 pedes
2442 833 2638 903 capite.
2666 833 2732 888 Et
2756 833 2861 888 hoc
2888 833 3042 889 nobis
3079 833 3203 888 fecit
3247 836 3419 904 Deus,
3463 851 3639 907 neque
3682 838 3760 893 sic

2174 928 2498 981 sustinemus
2531 943 2544 978 :
2579 934 2853 997 oporteret
2878 927 3019 981 enim
3046 966 3061 991 ,
3091 928 3298 982 etiamsi
3333 928 3434 983 hoc
3460 945 3567 985 non
3593 940 3757 998 esset,

2175 1021 2448 1075 caritatem
2478 1035 2619 1076 esse.
2651 1022 2843 1076 Annon
2874 1020 3070 1076 auditis
3093 1031 3345 1075 externos
3366 1063 3382 1087 ,
3412 1022 3502 1091 qui
3533 1037 3632 1077 nos
3666 1037 3759 1078 ca-

2175 1110 2528 1177 lumniantur,
2562 1112 2777 1181 quando
2803 1111 2990 1166 dicunt
3021 1126 3035 1163 :
3081 1110 3252 1167 Utiles
3292 1113 3577 1167 amicitiae?
3613 1113 3757 1169 Laici

2177 1204 2333 1258 nobis
2364 1218 2499 1272 Opus
2528 1204 2759 1270 habent;
2809 1217 2908 1258 nos
2959 1218 3090 1259 vero
3130 1217 3340 1258 rursum
3384 1215 3602 1274 propter
3642 1207 3761 1261 illos

2177 1308 2379 1348 sumus.
2407 1293 2497 1349 Sic
2521 1310 2620 1350 nec
2664 1295 2855 1350 doctor
2898 1309 2998 1349 nec
3044 1295 3293 1365 princeps
3339 1305 3522 1362 esset,
3564 1297 3608 1351 si
3652 1313 3758 1353 non

2177 1386 2426 1440 adessent
2452 1386 2698 1456 discipuli
2723 1395 2777 1441 et
2804 1385 3026 1453 subditi,
3059 1400 3233 1456 neque
3262 1386 3501 1442 facerent
3524 1402 3643 1459 qum
3665 1402 3761 1444 sua

2177 1486 2301 1531 sunt
2332 1496 2345 1530 :
2378 1492 2485 1531 non
2530 1477 2673 1532 enim
2724 1484 2963 1547 possent.
3011 1476 3471 1544 Quemadmodum
3519 1489 3573 1534 et
3621 1487 3761 1536 terra

2178 1568 2410 1640 agricola
2437 1610 2451 1635 ,
2484 1578 2540 1623 et
2565 1568 2798 1640 agricola
2843 1576 2985 1623 terra
3033 1583 3167 1639 opus
3207 1570 3367 1626 habet
3386 1572 3407 1625 ἐ
3435 1572 3505 1626 ita
3557 1583 3608 1628 et
3652 1573 3758 1629 hic.

2178 1659 2348 1728 Quam
2380 1660 2525 1716 enim
2555 1660 2860 1717 mercedem
2885 1660 3045 1716 habet
3071 1661 3260 1717 doctor
3282 1704 3296 1728 ,
3324 1664 3414 1734 qui
3439 1680 3543 1720 non
3590 1676 3765 1735 potest

2183 1752 2469 1808 ostendere
2494 1753 2561 1808 ab
2587 1767 2646 1809 se
2672 1753 2944 1809 edoctus?
2972 1769 3129 1830 quam
3158 1754 3190 1808 ii
3223 1757 3311 1825 qui
3343 1757 3605 1814 ducentur
3629 1801 3642 1823 ,
3675 1767 3762 1831 qui

2180 1859 2283 1898 non
2313 1845 2515 1914 Optima
2562 1846 2811 1900 fruuntur
2857 1846 3144 1902 doctrina?
3191 1848 3375 1919 Itaque
3409 1851 3545 1907 alter
3594 1854 3765 1910 altero

2177 1951 2312 2006 opus
2338 1935 2622 2003 habemus,
2653 1945 2708 1992 et
2735 1937 3005 2008 principes
3050 1938 3312 2009 subditis,
3362 1951 3417 1998 et
3458 1943 3564 1999 dux
3607 1949 3767 2003 obse-

2178 2026 2468 2098 quentibus
2501 2046 2515 2082 :
2547 2029 2820 2100 principes
2847 2044 3080 2100 namque
3109 2032 3402 2089 multorum
3427 2037 3594 2106 gratia
3618 2051 3762 2094 sunt.

2177 2118 2347 2175 Nemo
2375 2119 2520 2174 enim
2546 2118 2744 2174 sufﬁcit
2770 2135 2866 2189 per
2889 2120 3122 2190 seipsum
3152 2123 3349 2192 aliquid
3373 2128 3584 2194 operari
3609 2170 3623 2194 ,
3655 2130 3767 2184 sire

2177 2215 2429 2273 ordinare
2453 2227 2736 2287 oporteat,
2769 2218 2883 2274 sive
2911 2219 3133 2274 consilia
3165 2230 3220 2275 et
3242 2222 3540 2277 sententias
3575 2222 3765 2292 asplo-

2180 2323 2338 2373 rare,
2380 2309 2475 2364 sed
2521 2309 2895 2366 honoratiores
2942 2311 3013 2365 illi
3055 2321 3179 2366 sunt
3205 2327 3235 2368 a
3266 2324 3407 2368 coetu
3443 2323 3498 2369 et
3526 2315 3769 2369 multitu-

2178 2400 2326 2455 dine.
2351 2399 2593 2470 Exempli
2619 2402 2811 2472 gratia,
2840 2416 3105 2473 pauperes
3132 2402 3381 2458 dantibus
3409 2415 3602 2475 egent,
3630 2405 3765 2460 dan-

2181 2500 2259 2547 tes
2305 2492 2707 2562 accipieutibus.
2766 2491 2862 2547 Vos
2898 2504 3069 2548 mutuo
3113 2496 3519 2563 considerantes,
3570 2498 3761 2570 inquit,

2177 2582 2247 2634 ad
2274 2582 2620 2639 incitationem
2640 2584 2868 2637 caritatis
2896 2595 2944 2638 et
2970 2586 3215 2641 bonorum
3236 2604 3442 2657 operum
3467 2588 3650 2657 (Hebr.
3678 2590 3764 2646 10.

2177 2669 2308 2742 24).
2345 2670 2470 2727 Ideo
2500 2673 2649 2741 plura
2679 2681 2860 2742 potest
2887 2674 3143 2730 Ecclesiae
3169 2689 3378 2743 caelus;
3408 2686 3463 2733 et
3487 2681 3627 2750 quod
3658 2682 3768 2737 sin-

2178 2765 2284 2833 guli
2314 2779 2408 2834 per
2440 2780 2499 2819 se
2528 2780 2633 2819 non
2670 2773 2933 2834 possunt,
2984 2781 3104 2820 cum
3150 2768 3275 2823 aliis
3315 2769 3485 2840 juncti
3523 2784 3766 2843 possunt.

2182 2856 2305 2910 Ideo
2331 2854 2421 2910 hic
2440 2857 2671 2911 maxime
2694 2859 3014 2911 necessaria:
3045 2868 3169 2913 sunt
3213 2875 3401 2930 preces
3450 2877 3548 2932 pro
3587 2848 3725 2922 orbe
3749 2909 3764 2935 ,

2183 2962 2277 3015 pro
2302 2946 2541 3002 Ecclesia
2570 2963 2690 3018 quae
2716 2948 2770 3003 in
2797 2947 2994 3004 finibus
3023 2959 3109 3005 est
3132 2992 3146 3018 ,
3198 2968 3294 3022 pro
3343 2970 3474 3024 pace
3498 2997 3514 3023 ,
3564 2973 3662 3028 pro
3704 2960 3768 3014 iis

2179 3038 2268 3106 qui
2307 3038 2511 3093 suntin
2535 3037 2860 3093 calamitate.
2893 3038 2956 3094 Et
3006 3039 3108 3095 hoc
3156 3042 3350 3098 Paulus
3397 3046 3633 3115 indicat,
3680 3051 3766 3105 di-

2178 3144 2307 3184 cens
2339 3148 2352 3183 :
2392 3129 2458 3184 Ut
2489 3131 2635 3202 ejus,
2665 3146 2780 3202 qua:
2806 3131 2861 3185 in
2887 3133 3030 3186 nobis
3059 3143 3164 3200 est,
3217 3135 3505 3194 donationis
3555 3142 3607 3195 in
3652 3160 3768 3213 per-

2177 3223 2313 3274 sonis
2339 3221 2511 3274 multis
2541 3237 2630 3290 per
2657 3222 2846 3276 multos
2874 3224 3054 3293 gratias
3080 3233 3300 3295 agantur
3342 3245 3439 3307 pro
3487 3231 3630 3287 nobis
3673 3234 3762 3304 (2.

2177 3311 2297 3369 Cor.
2332 3314 2384 3369 1.
2415 3314 2478 3369 11
2505 3314 2547 3384 ).
2583 3313 2693 3368 Iloc
2722 3323 2822 3381 est,
2857 3324 2912 3369 ut
2943 3316 3125 3370 multis
3152 3318 3319 3386 gratia
3346 3320 3670 3378 conferatur.
3691 3328 3766 3383 Ac

2178 3420 2320 3476 smpe
2351 3406 2560 3461 illorum
2593 3422 2779 3477 preces
2810 3407 3053 3478 requirit.
3086 3407 3219 3464 Vide
3259 3411 3385 3480 quid
3428 3413 3571 3469 dicat
3622 3416 3763 3474 Deus

2178 3508 2232 3553 et
2262 3498 2507 3553 Ninivitis
2537 3517 2550 3553 :
2592 3497 2702 3569 Ego
2724 3514 2840 3552 vero
2868 3516 2969 3553 non
2997 3517 3202 3570 parcam
3233 3502 3360 3569 urbi,
3395 3505 3481 3558 ubi
3507 3517 3624 3561 sunt
3651 3511 3765 3580 plus

2177 3606 2328 3660 quant
2354 3599 2554 3644 centum
2578 3590 2754 3661 viginti
2780 3589 2942 3644 millia
2974 3589 3133 3663 (Jon.
3168 3593 3220 3647 4.
3256 3595 3315 3649 11
3342 3595 3403 3667 )‘t’
3438 3595 3537 3652 Ubi
3565 3599 3665 3654 duo
3688 3604 3772 3658 uel

2179 3690 2305 3747 tres,
2338 3682 2543 3752 inquit,
2573 3683 2862 3752 congregati
2891 3683 3078 3751 fuerint
3099 3685 3151 3738 in
3179 3687 3378 3741 nomine
3404 3705 3532 3755 meo,
3564 3691 3634 3745 ibi
3655 3710 3764 3747 sum

2177 3776 2230 3828 in
2264 3775 2428 3829 medio
2453 3790 2623 3827 eorum
2653 3773 2672 3846 (
2697 3773 2887 3827 Matth.
2917 3774 3005 3830 18.
3036 3774 3165 3847 20).
3200 3775 3257 3832 Si
3283 3787 3458 3835 autem
3490 3781 3596 3837 duo
3626 3785 3764 3839 mul-

2181 3875 2289 3921 tum
2320 3875 2541 3937 possunt
2568 3908 2583 3933 ,
2613 3876 2812 3937 quanto
2848 3868 3017 3938 magis
3061 3870 3273 3938 plures?
3317 3869 3371 3927 Si
3425 3888 3555 3931 vero
3603 3877 3761 3931 etiam

2179 3972 2315 4012 unus
2347 3956 2548 4028 possit;
2594 3964 2648 4010 at
2691 3972 2796 4012 non
2844 3956 3142 4027 aequaliter.
3184 3958 3291 4014 Cur
3340 3977 3476 4016 unus
3517 3965 3618 4018 es?
3669 3982 3763 4020 cur

2178 4048 2375 4103 multos
2404 4064 2511 4102 non
2538 4046 2712 4103 facis?
2740 4064 2836 4103 cur
2862 4065 2966 4103 non
3018 4065 3077 4104 es
3118 4063 3306 4107 auctor
3344 4055 3628 4110 caritatis?
3669 4073 3766 4112 cur

2178 4158 2283 4197 non
2315 4141 2604 4196 amicitiam
2636 4142 2837 4211 paras?
2864 4141 3145 4196 Maximam
3170 4143 3382 4197 virtutis
3409 4144 3617 4201 laudem
3657 4163 3763 4205 non

2179 4231 2368 4286 habes.
2402 4229 2553 4285 Sicut
2581 4229 2725 4285 enim
2753 4244 2875 4285 cum
2901 4245 2965 4285 ex
2995 4224 3149 4300 pacto
3176 4232 3303 4287 mali
3345 4244 3470 4289 sunt
3505 4236 3719 4307 quidam
3745 4282 3760 4308 ,

2181 4318 2352 4389 magis
2381 4318 2597 4373 irritant
2642 4318 2850 4372 Deum:
2885 4318 2964 4372 sic
3005 4319 3057 4372 in
3099 4321 3385 4377 concordia
3427 4323 3598 4382 bonos
3642 4344 3763 4387 esse

2179 4411 2348 4482 magis
2378 4409 2635 4465 oblectat.
2668 4408 2792 4465 Non
2817 4410 2935 4476 eris,
2967 4410 3167 4482 inquit,
3201 4428 3315 4467 cum
3349 4417 3519 4472 multis
3556 4420 3612 4483 in
3655 4439 3761 4477 ma-

2180 4503 2286 4558 lunt
2319 4503 2338 4575 (
2361 4501 2532 4557 Exod.
2563 4500 2655 4557 2'5.
2683 4501 2776 4575 2).
2815 4502 3000 4559 Omnes
3025 4504 3431 4577 declinaverunt,
3463 4511 3614 4568 simul
3642 4515 3760 4570 inu-

2178 4595 2290 4650 tiles
2315 4594 2439 4667 [αειὶ
2457 4603 2572 4649 sunt
2600 4594 2619 4663 (
2636 4592 2783 4650 Psal.
2818 4594 2905 4650 15.
2939 4594 3008 4669 5)
3035 4638 3049 4661 ,
3080 4605 3133 4652 et
3160 4596 3285 4654 facti
3313 4610 3439 4658 sunt
3462 4608 3611 4675 quasi
3633 4620 3759 4663 ean-

2178 4695 2352 4743 tantcs
2382 4685 2434 4741 in
2464 4684 2699 4756 nequitia
2732 4701 2849 4741 sua.
2879 4685 3016 4742 Para
3044 4687 3137 4743 tibi
3185 4689 3386 4746 amicos
3426 4708 3536 4763 prae
3575 4695 3758 4753 deme.

2176 4776 2348 4842 sticis,
2378 4791 2489 4846 pra:
2514 4776 2635 4832 aliis
2661 4775 2930 4833 omnibus.
2962 4776 3017 4833 Si
3050 4778 3321 4849 pacificus,
3353 4791 3436 4839 est
3458 4784 3597 4848 ﬁlios
3622 4788 3714 4845 Dei
3741 4808 3754 4844 :

2176 4877 2376 4940 quanto
2404 4866 2570 4939 magis
2600 4867 2644 4922 is
2666 4867 2754 4938 qui
2781 4868 3046 4923 amicitias
3066 4873 3261 4939 parat?
3287 4872 3331 4927 si
3359 4873 3403 4930 is
3430 4875 3521 4945 qui
3565 4892 3756 4935 recou-

2176 4957 2524 5025 ciliat,.tilius
2567 4957 2661 5012 Dei
2706 4967 2927 5013 vocatur
2959 4975 2973 5012 :
3005 4959 3094 5029 qui
3138 4962 3511 5028 reconciliatos
3553 4968 3756 5025 amicos

2178 5049 2330 5116 facit,
2363 5062 2471 5118 quo
2500 5063 2609 5103 non
2634 5050 2736 5103 erit
2764 5048 2956 5119 dignus
3000 5050 3267 5106 munere?
3311 5040 3457 5109 lianc
3497 5054 3755 5116 faciamus

2179 5140 2632 5212 negotiationem:
2664 5141 2912 5197 inimicos
2957 5153 3141 5198 mutuo
3185 5144 3385 5202 amicos
3429 5148 3752 5221 reddamus;

2175 5243 2229 5289 et
2249 5248 2343 5288 eos
2363 5230 2457 5302 qui
2479 5246 2578 5287 nec
2606 5231 2805 5288 inimici
2833 5247 2933 5288 nec
2959 5235 3116 5290 amici
3155 5244 3281 5291 sunt
3321 5252 3709 5311 congregemus
3735 5287 3748 5309 ,

2175 5332 2229 5378 et
2272 5332 2396 5377 ante
2421 5336 2608 5377 omnes
2635 5366 2650 5388 ,
2681 5324 3058 5394 nosmetipsos.
3103 5324 3563 5393 Quemadmodum
3610 5336 3752 5390 enim

2173 5416 2261 5486 qui
2287 5412 2432 5470 domi
2458 5414 2784 5470 inimicitiam
2818 5416 3012 5484 habet,
3045 5426 3243 5473 etcum
3300 5436 3466 5477 uxore
3505 5440 3601 5479 sua
3641 5427 3755 5484 dis-
3806 5404 3811 5409 ἦ

2174 5505 2340 5571 sidct,
2371 5519 2476 5559 non
2503 5512 2584 5560 est
2611 5503 2711 5561 fide
2756 5505 2948 5576 dignus
2986 5515 3044 5560 ut
3089 5507 3222 5562 alios
3268 5512 3614 5581 reconciliet,
3656 5518 3750 5573 sed

2172 5595 2352 5652 audiet
2379 5613 2392 5652 :
2428 5593 2625 5649 Medice
2647 5637 2661 5664 ,
2698 5612 2820 5650 cura
2847 5597 3059 5665 teipsum
3111 5597 3277 5667 (Luc.
3308 5602 3362 5655 4.
3390 5602 3492 5675 25)
3525 5620 3538 5659 :
3571 5606 3649 5661 sic
3697 5620 3751 5663 ct

2173 5690 2273 5745 iste.
2302 5686 2504 5743 audiet.
2530 5686 2657 5754 Qua:
2687 5687 2845 5758 igitur
2871 5686 3026 5744 nobis
3064 5698 3146 5745 est
3188 5691 3502 5752 inimicitia?
3539 5698 3749 5756 Anima:

2171 5795 2290 5834 cum
2326 5793 2573 5857 corpore,
2600 5778 2813 5837 malitiae
2834 5795 2953 5837 cum
2985 5782 3201 5840 virtute.
3243 5785 3390 5844 lianc
3428 5789 3701 5847 solvamus
3731 5831 3746 5857 ,
