4108 6172
439 286 536 344 ἱω

444 403 546 456 hoc
577 399 824 455 tollamus
847 394 1073 458 bellum;
1103 400 1158 448 et
1184 401 1309 446 tunc
1341 405 1462 446 cum
1511 403 1640 459 pace
1693 387 1828 442 alios
1874 386 2009 441 allo-

435 506 660 562 qnemnr
689 499 740 543 ct
781 500 900 542 cum
948 484 1113 538 multa
1161 482 1381 547 fiducia,
1433 494 1540 535 non
1589 487 1874 534 accusante
1914 492 2013 534 nos

443 580 766 640 conscientia
795 586 996 632 nostra.
1028 575 1234 644 Pugnat
1272 573 1350 627 ira
1394 585 1514 626 cum
1563 569 1971 626 mansuetudine
1992 610 2008 637 ,

435 681 628 743 pugnat
647 670 990 740 pecuniarum
1008 680 1159 718 amor
1181 679 1301 718 cum
1323 662 1553 732 ipsarum
1570 669 1893 728 contemptu,
1915 674 2011 728 puv

431 777 556 837 gnat
587 763 930 819 invidia-cum
961 757 1304 827 benignitate.
1343 755 1452 809 lloc
1479 753 1743 808 solvamus
1769 750 1992 813 bellum,

433 855 529 910 hos
553 854 865 923 dejiciamus
889 849 1134 904 inimicos
1158 887 1174 914 ,
1207 847 1322 901 haec
1350 845 1620 914 erigamus
1668 850 1867 911 troptra
1891 881 1907 909 ,
1954 840 2006 894 in

440 945 660 1000 civitate
713 952 894 997 nostra
937 953 1121 1010 pacem
1167 937 1531 993 conciliemus.
1575 933 1774 988 Civitas
1815 933 2008 1002 quippe

434 1038 589 1094 nobis
617 1045 700 1092 est
727 1044 776 1090 et
811 1030 1223 1095 administratio,
1257 1039 1312 1084 et
1332 1028 1476 1082 cives
1492 1033 1546 1081 et
1570 1023 1808 1081 extranei
1826 1023 2004 1080 multi:

442 1130 536 1185 sed
569 1128 967 1199 peregrinorum
1000 1122 1315 1192 eiectionem
1356 1117 1650 1183 faciamus,
1701 1125 1758 1170 ut
1804 1129 1872 1169 ne
1913 1115 2008 1169 do-

435 1221 640 1275 mestici
669 1224 1092 1285 corrumpantur.
1121 1212 1229 1268 Nec
1255 1211 1486 1266 alienum
1517 1224 1615 1263 nec
1642 1208 1864 1263 nothum
1909 1205 2007 1261 do-

431 1328 552 1384 gma
581 1309 937 1378 ingrediatur,
966 1305 1214 1374 nullaque
1241 1301 1470 1357 carnalis
1500 1300 1781 1354 sententia.
1812 1298 2003 1352 Annon

432 1406 671 1461 videmus
693 1399 986 1472 quomodo,
1021 1399 1063 1454 si
1087 1399 1203 1468 quis
1223 1395 1472 1450 inimicus
1501 1394 1552 1447 in
1578 1393 1793 1447 urbibus
1823 1392 2002 1461 capia-

433 1509 550 1563 tur,
606 1495 757 1567 quasi
803 1494 1106 1563 explorator
1164 1487 1466 1560 judicatur?
1514 1488 1652 1556 Ergo
1694 1485 2003 1556 peregrinos

431 1591 732 1660 ejiciamus;
767 1587 872 1641 imo
901 1598 1004 1639 non
1034 1582 1340 1652 peregrinos
1372 1577 1530 1634 modo
1553 1617 1566 1642 ,
1597 1576 1689 1632 sed
1715 1577 1874 1632 etiam
1899 1574 2003 1629 ini-

432 1683 618 1736 mices.
647 1679 700 1734 Si
729 1692 883 1748 quem
911 1675 1184 1729 videamus
1209 1713 1223 1737 ,
1258 1670 1529 1726 tradamus
1560 1667 1783 1739 principi
1811 1666 1997 1732 menti,

429 1771 826 1840 cogitationem,
856 1765 1136 1821 barbaram
1165 1763 1402 1834 quidem,
1433 1760 1526 1816 sed
1555 1758 1695 1815 civili
1722 1767 1870 1812 veste
1914 1758 2000 1810 in-

428 1863 630 1916 dutam.
663 1857 839 1913 Multa:
865 1870 1093 1925 namque
1113 1854 1272 1908 nobis
1303 1853 1486 1907 insunt
1513 1848 1862 1918 cogitationes
1906 1846 2001 1900 hu-

421 1949 654 2022 jusmodi
681 1991 695 2014 ,
726 1957 912 2002 natura
939 1945 1151 2012 quidem
1176 1942 1404 1996 inimica:
1429 1983 1444 2006 ,
1493 1939 1586 1994 sed
1633 1938 1755 1992 ovili
1801 1937 2000 1991 vellere

427 2042 643 2097 indulm.
693 2035 1150 2107 Quemadmodum
1195 2042 1248 2087 et
1298 2032 1510 2095 Persio.
1562 2029 1768 2084 sublata
1826 2028 1997 2094 tiara,

427 2132 630 2186 braccis
667 2129 967 2196 calceisque
1007 2124 1339 2186 barbaricis,
1395 2130 1544 2176 veste
1593 2120 1747 2175 nobis
1805 2119 1996 2172 usitata

425 2222 869 2288 induti,corpore
901 2217 1004 2271 rasi
1032 2257 1047 2280 ,
1094 2224 1148 2269 et
1197 2214 1351 2268 nobis
1397 2220 1647 2268 consueta
1694 2211 1869 2280 lingua
1919 2209 1998 2264 lo-

424 2320 646 2382 quentes
667 2350 683 2374 ,
715 2308 896 2362 habitu
923 2306 1118 2360 bellum
1150 2303 1456 2368 occultant;
1490 2302 1582 2358 sed
1634 2302 1678 2356 si
1727 2309 1994 2355 tormenta

423 2401 601 2456 statim
628 2398 933 2453 adhibueris
957 2438 972 2462 ,
1003 2410 1122 2451 eum
1153 2395 1241 2464 qui
1272 2393 1740 2449 latet-manifestas
1775 2409 1788 2446 :
1821 2393 1888 2446 ita
1909 2391 1994 2448 hic

423 2490 602 2552 facito.
633 2490 768 2543 hanc
794 2487 1165 2558 cogitationem
1192 2484 1382 2540 millies
1414 2486 1630 2554 explora
1657 2525 1674 2548 ,
1708 2494 1758 2538 et
1781 2484 1886 2540 cito
1915 2484 1994 2539 vi-

420 2583 569 2638 debis
597 2580 932 2637 barbaricum
963 2576 1302 2634 scnsum.'Ut
1330 2587 1504 2632 autem
1549 2577 1702 2631 vobis
1744 2577 1991 2649 exemplo

419 2680 709 2729 monstrem
757 2668 1059 2739 huiusmodi
1098 2668 1499 2739 exploratores,
1544 2683 1679 2740 quos
1727 2669 1991 2724 submittit

417 2763 692 2831 diabolus,
727 2771 783 2817 ut
818 2771 997 2818 noswa
1025 2759 1343 2830 dispiciam;
1377 2775 1680 2832 age,unum
1725 2775 1986 2818 exuamus

1169 279 1226 337 S.
1261 276 1536 334 JOANNIS
1569 269 2036 332 CIIRYSOSTOMI
2076 270 2391 330 ARCIIIEP.
2431 274 2960 333 CONS'I'ANTINOP.

3588 279 3692 334 268

2117 394 2172 442 et
2195 386 2260 442 ad
2289 387 2516 443 tribunal
2561 388 2842 458 diligenter
2884 390 3252 447 examinemus
3285 409 3297 446 :
3330 401 3386 447 et
3424 392 3469 448 si
3517 393 3692 464 placet

2113 478 2372 550 quosdam
2397 493 2461 534 ex
2493 478 2558 535 iis
2579 520 2592 543 ,
2625 496 2760 551 quos
2783 480 2978 537 Paulus
3005 481 3434 552 deprehenderat
3458 525 3473 551 ,
3525 486 3693 542 addu-

2117 584 2299 625 camus
2329 587 2342 624 :
2377 570 2503 636 Quae
2526 581 2676 638 sunt,
2709 572 2905 642 inquit,
2931 573 3175 628 rationem
3217 575 3416 642 quidem
3459 576 3691 632 habentia

2112 660 2372 728 sapientiae
2396 661 2448 713 in
2476 662 2825 731 superstitione
2849 671 2896 716 et
2925 662 3206 717 humilitate
3232 673 3278 718 et
3320 681 3420 719 non
3461 666 3531 720 ad
3573 686 3693 736 par.-

2112 750 2325 803 cendum
2349 751 2582 821 corpori,
2614 768 2713 805 non
2739 751 2791 805 in
2822 751 3012 807 honore
3054 755 3226 824 aliqua
3265 755 3334 808 ad
3374 758 3689 813 saturitatem

2113 839 2280 892 carnis
2310 837 2329 908 (
2347 838 2459 894 Col.
2491 839 2545 893 2.
2576 840 2646 894 23
2665 840 2708 909 ).
2740 841 2982 910 Exempli
3012 857 3171 898 causa
3201 861 3214 897 :
3239 844 3564 913 judaismum
3592 864 3690 904 vo-

2113 929 2254 984 lebat
2277 931 2520 987 diabolus
2547 932 2838 999 inducerc;
2871 935 3048 1003 itaque
3078 935 3122 988 si
3155 937 3324 1006 ipsum
3357 953 3452 1008 per
3497 955 3557 995 se
3610 942 3691 996 in-

2111 1020 2348 1088 duceret,
2384 1037 2490 1077 non
2523 1022 2884 1092 persuaderet.
2915 1024 3048 1080 Vide
3075 1025 3233 1096 igitur
3253 1028 3521 1097 quomodo
3543 1031 3687 1086 illum

2110 1111 2406 1180 apparavit.
2457 1112 2715 1181 Oportet,
2767 1113 2974 1183 inquit,
3023 1115 3294 1172 abstinere
3323 1131 3536 1187 corpus.
3577 1120 3690 1177 Hoc

2112 1203 2446 1273 philosophia
2475 1215 2556 1259 est
2579 1245 2592 1270 ,
2623 1221 2730 1259 non
2759 1205 3040 1261 admittere
3064 1207 3243 1262 cibum
3270 1251 3285 1276 ,
3317 1209 3409 1264 sed
3456 1225 3644 1268 cavere
3668 1229 3685 1279 ;

2115 1292 2218 1348 hoc
2245 1293 2516 1348 humilitas
2545 1303 2645 1350 est.
2678 1295 2743 1349 Et
2770 1311 2911 1351 nunc
2937 1295 3062 1351 item
3092 1312 3212 1351 cum
3246 1298 3512 1355 haereticis
3538 1303 3686 1357 vole-

2109 1385 2200 1441 bat
2226 1401 2324 1442 nos
2345 1386 2410 1440 ad
2435 1395 2730 1441 creaturam
2760 1387 3048 1442 deducere.
3068 1387 3203 1443 Vide
3232 1388 3393 1458 igitur
3418 1392 3685 1460 quomodo

2107 1477 2288 1532 dolum
2316 1478 2542 1548 paravit.
2575 1478 2630 1534 Si
2655 1479 2897 1546 dixisset,
2929 1479 3239 1534 Creaturam
3263 1475 3426 1537 adora
3451 1523 3466 1548 ,
3496 1493 3687 1555 captus

2109 1567 2331 1636 fuisset;
2365 1570 2457 1625 sed
2488 1569 2615 1640 quid
2643 1570 2762 1624 ait?
2793 1571 2931 1626 Deus
2959 1579 3172 1626 creatus
3200 1584 3301 1627 est.
3346 1573 3452 1629 Sed
3490 1576 3685 1632 nudam

2108 1662 2695 1731 exponamusjudicum
2730 1661 2939 1716 calculo
2985 1661 3380 1732 Scripturarum
3423 1667 3685 1734 apostoli-

2107 1769 2290 1810 carnm
2338 1754 2694 1821 sententiam;
2747 1754 2839 1808 illo
2886 1754 3143 1809 ducamus
3182 1771 3303 1809 eum
3336 1773 3350 1810 :
3378 1757 3483 1827 ipsi
3523 1773 3686 1829 agno-

2106 1861 2256 1909 scent
2307 1862 2360 1909 et
2411 1853 2843 1924 praedicationem
2916 1863 2968 1908 et
3010 1853 3296 1922 loquelam.
3352 1852 3496 1907 Multi
3538 1852 3684 1908 lucra

2108 1944 2398 2008 lucramur,
2428 1951 2485 1998 ut
2512 1942 2742 1998 habeant
2780 1942 2920 2012 quod
2962 1942 3090 1996 dent
3125 1942 3445 2010 pauperibus
3468 1983 3485 2010 ,
3536 1942 3682 1997 lucra

2106 2035 2298 2104 injuste
2331 2052 2344 2088 :
2371 2043 2425 2089 et
2455 2035 2569 2090 hcce
2594 2034 2842 2104 cogitatio
2863 2048 3026 2103 prava
3051 2042 3154 2087 est.
3188 2033 3292 2087 Sed
3324 2048 3682 2087 exoneremus

2105 2125 2271 2191 illam,
2300 2125 2658 2193 confutcmus,
2693 2133 2751 2179 ut
2781 2141 2846 2180 ne
2877 2125 3152 2194 capiamur
3178 2141 3192 2190 ;
3227 2125 3322 2178 sed
3351 2140 3541 2180 omnes
3565 2125 3680 2179 dia-

2105 2220 2210 2274 boli
2240 2219 2515 2274 machinas
2549 2219 2864 2288 ell‘ugientes
2887 2258 2900 2282 ,
2944 2217 3210 2287 possimus
3247 2232 3377 2270 sana
3427 2217 3674 2287 dogmata

2105 2321 2320 2364 strenue
2346 2310 2657 2375 retinentes,
2688 2323 2873 2362 secure
2902 2315 3224 2376 pra‘sentem
3271 2308 3564 2376 transigere
3604 2309 3684 2360 vi-

2104 2411 2240 2467 tam,
2274 2412 2327 2456 et
2360 2402 2619 2471 promissa
2653 2401 2906 2468 consequi
2933 2400 3071 2453 bona
3095 2440 3109 2466 ,
3141 2400 3306 2469 gratia
3350 2407 3405 2453 ct
3438 2399 3680 2468 benigni-

2102 2503 2210 2550 tate
2241 2493 2445 2548 Domini
2473 2493 2639 2547 nostri
2666 2492 2794 2547 Jesu
2821 2490 3044 2558 Christi,
3076 2490 3288 2560 quicum
3313 2490 3455 2544 Patri
3485 2501 3536 2544 ct
3560 2490 3680 2559 Spi-

2100 2586 2223 2642 ritui
2261 2593 2446 2640 sancto
2484 2584 2675 2654 gloria,
2709 2583 2991 2652 imperium
3023 2623 3036 2647 ,
3068 2582 3274 2648 honor,
3300 2596 3440 2638 nunc
3464 2591 3517 2638 et
3541 2597 3681 2637 sem-

2096 2694 2215 2750 per,
2248 2678 2382 2734 etin
2407 2676 2605 2734 saecula
2636 2675 2973 2732 saeculorum.
3016 2675 3206 2730 Amen.

414 2902 3652 2928 M

1757 2991 2103 3052 HOMILIA
2148 2991 2508 3052 XXXVIII.

411 3131 538 3186 CAP.
593 3131 681 3186 17.
745 3145 798 3184 v.
858 3130 946 3186 16.
998 3128 1208 3184 Paulus
1268 3140 1432 3184 autem
1477 3146 1590 3182 cum
1652 3129 1858 3183 Athenis
1903 3148 1988 3186 eos

480 3232 782 3295 exspectaret
804 3261 821 3289 ,
867 3222 1170 3276 incitabatur
1199 3223 1406 3291 spiritus
1436 3223 1543 3291 ejus
1581 3222 1638 3274 in
1683 3237 1780 3286 eo,
1815 3223 1986 3278 videns

480 3313 782 3367 idololatriae
809 3313 1032 3366 deditam
1055 3312 1328 3366 civitatem.
1362 3313 1448 3366 17.
1497 3310 1796 3380 Disputabat
1833 3314 1987 3382 igitur

480 3407 533 3458 in
564 3419 821 3474 synagoga
837 3419 958 3457 cum
983 3401 1183 3457 Iudaeis
1207 3413 1254 3456 et
1280 3401 1578 3470 colentibus,
1609 3411 1656 3456 et
1683 3403 1736 3456 in
1761 3405 1874 3474 {oro
1895 3421 1987 3474 per

481 3493 783 3547 onmes'dies
810 3508 924 3546 cum
951 3492 1012 3546 iis
1041 3492 1129 3562 qui
1152 3492 1384 3544 aderant.

483 3585 534 3637 1.
579 3580 774 3636 Paulus
799 3591 1012 3652 quantas
1039 3597 1070 3634 a
1093 3580 1292 3635 Judwis
1322 3581 1616 3637 tentationes
1644 3581 1870 3637 habuerit
1896 3623 1910 3650 ,
1939 3592 1984 3638 et

407 3683 646 3746 quantum
668 3675 818 3744 fuerit
834 3672 1020 3742 aqfastu
1039 3673 1483 3729 alienus.—Vide
1509 3674 1730 3730 Paulum
1756 3677 1985 3746 majores

409 3783 439 3821 a
469 3765 667 3822 Judaeis
691 3806 705 3830 ,
749 3779 906 3834 quam
946 3778 976 3818 a
1005 3765 1294 3834 gentilibus
1329 3767 1651 3839 tentationes
1677 3767 1982 3824 habentem.

411 3855 630 3910 Athenis
657 3855 799 3909 enim
831 3853 961 3908 nihil
993 3853 1100 3909 ta'lc
1129 3854 1348 3924 patitur,
1373 3856 1466 3910 sed
1497 3871 1585 3912 res
1611 3865 1718 3912 tota
1742 3858 1792 3911 in
1819 3858 1982 3913 risum

409 3947 599 4010 cessit,
633 3946 838 4000 etiamsi
861 3945 1068 4015 aliquos
1095 3946 1453 4015 persuaserit;
1481 3949 1619 4018 apud
1644 3947 1858 4004 Judacos
1886 3966 1983 4004 au-

408 4047 514 4092 tem
538 4036 698 4090 multa
718 4037 936 4105 gravia:
964 4035 1097 4091 adeo
1114 4044 1267 4091 erant
1286 4036 1493 4092 irritati.
1513 4035 1636 4094 Ideo
1658 4040 1763 4094 ait:
1788 4038 1985 4096 Paulus

407 4137 571 4181 autem
600 4143 711 4180 cum
741 4126 949 4180 Athenis
978 4142 1061 4180 eos
1089 4135 1418 4196 exspectaret,
1451 4127 1752 4184 incitabatur
1776 4131 1984 4200 spiritus

408 4221 514 4291 ejus
539 4221 592 4273 in
619 4234 710 4284 eo,
751 4217 922 4271 videns
947 4217 1252 4272 idololatria:
1277 4217 1500 4273 deditam
1533 4220 1807 4275 civitatem.
1853 4220 1983 4277 Jure

409 4308 660 4364 incitatur
685 4327 698 4362 :
743 4323 1000 4379 nusquam
1031 4309 1172 4363 enim
1203 4317 1280 4364 tot
1309 4307 1450 4365 idola
1479 4309 1663 4367 videre
1687 4320 1823 4368 erat.
1859 4310 1981 4366 Dis-

412 4401 619 4472 putabat
643 4400 800 4472 igitur
828 4402 881 4455 in
906 4416 1164 4472 synagoga
1189 4417 1303 4456 cum
1325 4399 1522 4458 Judaris
1547 4411 1594 4457 et
1619 4404 1911 4469 colentibus,
1935 4413 1982 4458 et

407 4493 461 4546 in
479 4495 592 4563 foro
613 4506 700 4560 per
720 4507 890 4544 omnes
915 4490 1021 4544 dies
1044 4489 1112 4542 ad
1128 4507 1210 4544 eos
1231 4491 1313 4560 qui
1335 4492 1566 4545 aderant.
1616 4491 1766 4558 Vide,
1791 4492 1980 4547 iterum

407 4600 526 4640 cum
573 4581 773 4638 Judmis
824 4581 1071 4645 disserit,
1100 4580 1335 4649 undique
1369 4595 1461 4634 ora
1491 4583 1846 4650 comprimens
1884 4596 1980 4637 eo-

408 4691 524 4731 rum
548 4714 566 4740 ,
598 4673 688 4743 qui
717 4671 959 4727 dicerent
995 4670 1168 4740 ipsum
1207 4669 1407 4725 relictis
1439 4669 1634 4726 Judmis
1661 4671 1726 4726 ad
1757 4672 1982 4742 gentiles

405 4783 464 4825 se
480 4763 828 4822 cenvertisse.
850 4762 1036 4817 Mirum
1053 4761 1194 4833 quod
1217 4760 1512 4833 philosoiihi
1530 4763 1608 4817 sic
1625 4763 1716 4818 illo
1732 4764 1980 4834 loquente

406 4875 513 4914 non
552 4856 730 4912 statim
757 4853 1043 4909 deriserint
1067 4869 1186 4909 eum
1212 4868 1332 4908 cum
1360 4855 1709 4922 contumelia,
1746 4871 1916 4926 neque
1947 4870 1978 4910 a

406 4946 780 5021 prmdicatione
793 4945 1104 5010 resilierint,
1119 4944 1378 4999 dicentes:
1396 4945 1584 5000 Proeul
1602 4945 1703 5001 hoc
1720 4955 1801 5002 est
1817 4963 1842 5000 a
1863 4946 1980 5016 phi-

404 5038 664 5109 losophia.
700 5035 832 5102 Quia
860 5035 993 5089 nihil
1023 5033 1189 5088 fastus
1229 5033 1494 5090 habebat:
1527 5035 1758 5106 alioquin
1798 5048 1976 5093 autem

402 5130 539 5184 dicta
571 5141 667 5182 nec
696 5125 995 5196 capiebant,
1017 5139 1115 5180 nec
1134 5123 1517 5194 intelligebant.
1537 5126 1812 5193 Quomodo
1833 5129 1973 5183 enim

401 5219 828 5282 intellexissent,
877 5229 996 5270 cum
1024 5215 1114 5270 alii
1145 5214 1311 5269 Deum
1343 5230 1460 5270 esse
1486 5231 1678 5285 corpus
1703 5259 1718 5284 ,
1759 5219 1846 5273 alii
1878 5233 1974 5273 vo-

399 5311 651 5378 luptatem
679 5323 799 5363 esse
826 5306 1132 5362 felicitatem
1154 5305 1430 5362 dicerent?
1450 5308 1536 5363 18.
1569 5307 1785 5375 Quidam
1805 5319 1975 5364 autent

403 5401 634 5472 Epicurei
659 5411 705 5454 et
733 5399 897 5456 Stoici
925 5400 1234 5454 disserebant
1260 5415 1375 5454 cum
1402 5416 1460 5454 eo
1480 5441 1495 5467 ,
1528 5409 1575 5456 et
1600 5402 1804 5471 quidam
1829 5402 1968 5457 dice-

402 5491 517 5545 bant
541 5507 562 5547 :
606 5490 742 5557 Quid
770 5491 872 5545 vult
901 5490 1274 5547 seminirerbius
1306 5490 1397 5546 iste
1437 5492 1642 5547 dicere?
1681 5492 1784 5547 Alii
1819 5509 1932 5548 vero
1956 5534 1972 5560 ,

403 5579 663 5635 Novarum
701 5581 1065 5635 daemoniorum
1094 5582 1288 5638 videtur
1320 5585 1646 5638 annuntialor
1678 5601 1818 5646 esse;
1856 5585 1975 5654 quia

392 5668 564 5724 losum
601 5679 645 5724 et
686 5672 1098 5727 resurrectionem
1141 5675 1470 5730 annuntiabat
1494 5676 1584 5730 eis.
1624 5675 1756 5732 Nam
1795 5690 1974 5732 resur-

2098 3135 2388 3189 rectionem
2419 3135 2576 3191 deum
2603 3136 2884 3207 quemdam
2909 3151 3034 3192 esse
3061 3138 3350 3208 putabant,
3381 3147 3561 3210 utpote
3580 3154 3669 3194 so-

2093 3221 2170 3276 liti
2199 3223 2421 3277 leminas
2452 3225 2649 3279 colere.
2679 3226 2765 3280 I9.
2793 3226 2862 3280 Et
2889 3227 3255 3297 apprehensum
3285 3245 3398 3283 eum
3425 3230 3493 3284 ad
3521 3231 3670 3283 Areo-

2093 3331 2278 3386 pagum
2303 3316 2590 3381 duxerunt,
2623 3317 2877 3372 dicentes:
2897 3318 3172 3374 Possumus
3190 3322 3320 3374 scire
3339 3337 3453 3390 qua:
3477 3331 3550 3376 est
3575 3323 3670 3376 ista

2091 3420 2239 3470 nova,
2269 3421 2384 3475 qua:
2408 3424 2440 3458 a
2467 3416 2513 3461 te
2539 3407 2744 3472 dicitur,
2778 3408 3008 3464 doctrina
3027 3412 3054 3466 .9
3076 3410 3169 3466 20.
3209 3426 3340 3467 noua
3373 3413 3506 3467 enim
3535 3429 3673 3484 qua:-

2091 3493 2211 3548 dam
2236 3495 2393 3564 infers
2417 3497 2622 3551 auribus
2648 3499 2830 3554 nostris
2848 3515 2871 3564 ;
2889 3499 3120 3554 volumus
3140 3517 3264 3572 ergo
3279 3503 3407 3556 scire
3427 3503 3671 3573 quidnam

2089 3585 2242 3640 velint
2269 3585 2375 3640 lucc
2415 3603 2539 3641 esse.
2576 3588 2852 3644 Duxerunt
2879 3589 3027 3645 illum
3061 3591 3125 3646 ad
3157 3592 3523 3662 Areopagum,
3564 3610 3668 3650 non

2089 3685 2146 3731 ut
2170 3677 2473 3747 discerent,
2503 3680 2597 3735 sed
2625 3689 2681 3735 ut
2709 3681 2987 3751 punirent,
3021 3683 3108 3738 ubi
3136 3694 3288 3739 erant
3311 3683 3508 3755 judicia
3549 3701 3672 3741 san-

2087 3768 2285 3837 guinis.
2317 3769 2450 3825 V’ide
2478 3785 2627 3840 ergo,
2654 3772 2923 3841 quomodo
2951 3773 3050 3828 sub
3078 3788 3173 3843 spe
3201 3775 3440 3830 discendi
3471 3787 3528 3831 et
3556 3778 3671 3832 ubi-

2088 3874 2192 3928 que
2237 3875 2426 3914 novam
2466 3860 2764 3916 doctrinam
2806 3862 3068 3918 incusant.
3118 3863 3438 3934 Loquacinm
3485 3868 3670 3924 civitas

2092 3949 2180 4002 illa
2210 3959 2345 4004 erat.
2379 3950 2470 4005 21.
2511 3952 2835 4008 Athenienses
2863 3964 3031 4008 autem
3077 3971 3243 4011 omnes
3270 3965 3314 4011 et
3339 3959 3669 4014 advena-ho-

2089 4041 2260 4110 spites,
2287 4042 2355 4094 ad
2373 4042 2502 4096 nihil
2524 4044 2667 4096 aliud
2688 4046 2947 4113 vacabant,
2976 4047 3074 4101 nisi
3093 4059 3178 4101 aut
3199 4049 3362 4104 dicere
3386 4060 3471 4104 aut
3494 4053 3671 4107 audire

2087 4132 2280 4198 aliquid
2319 4133 2451 4187 novi.
2500 4133 2588 4187 2?...
2637 4134 2793 4190 Stans
2819 4146 2984 4192 autem
3013 4136 3212 4192 Paulus
3240 4141 3290 4194 in
3321 4142 3484 4195 medio
3511 4141 3670 4197 Areo-

2090 4223 2226 4291 pagi,
2258 4222 2369 4277 ait:
2416 4221 2525 4277 Viri
2554 4224 2878 4280 Athenienses
2897 4266 2912 4292 ,
2946 4243 3032 4296 per
3061 4230 3231 4282 omnia
3257 4232 3402 4300 quasi
3429 4233 3671 4301 supersti-

2089 4312 2314 4367 tiosiores
2343 4329 2427 4368 ros
2451 4315 2615 4368 uideo.
2640 4313 2729 4370 25.
2765 4315 3065 4372 Prteteriens
3094 4318 3226 4372 enim
3249 4331 3295 4373 et
3322 4321 3493 4374 videns
3511 4321 3669 4375 simu-

2089 4401 2227 4456 lacra
2251 4413 2434 4468 vestra,
2462 4403 2627 4458 inveni
2659 4421 2821 4472 arant,
2853 4406 2904 4459 in
2930 4423 3029 4477 qua
3048 4408 3290 4478 scriptum
3316 4420 3457 4465 erat:
3483 4409 3668 4482 Ignoto

2089 4490 2220 4547 Deo.
2258 4495 2418 4560 Quem
2448 4512 2567 4566 ergo
2592 4497 2881 4567 ignorantes
2906 4497 3071 4553 colitis
3090 4537 3106 4562 ,
3139 4499 3272 4552 hunc
3305 4515 3394 4569 ego
3421 4504 3666 4557 annuntio

2086 4585 2244 4638 vobis.
2289 4586 2367 4640 Ac
2412 4586 2458 4641 si
2490 4586 2610 4641 illos
2652 4587 2920 4652 laudaret,
2963 4587 3171 4643 videtur
3211 4588 3340 4643 nihil
3379 4591 3664 4647 molestum

2085 4674 2286 4731 dicere.
2321 4675 2480 4743 Quasi
2507 4680 2952 4748 superstitiosiores
2974 4721 2991 4744 ,
3024 4681 3228 4751 inquit,
3259 4697 3346 4736 vos
3386 4685 3568 4749 video;
3611 4685 3662 4741 id

2085 4776 2198 4834 est,
2247 4770 2396 4838 quasi
2440 4771 2580 4840 pios.
2630 4769 2696 4824 In
2737 4788 2836 4841 qua
2877 4775 3122 4844 scriptum
3147 4784 3297 4830 erat:
3325 4774 3511 4847 Ignoto
3536 4778 3662 4833 Deo.

2084 4857 2220 4926 Quid
2251 4868 2332 4915 est
2361 4859 2502 4915 hoc?
2530 4861 2920 4930 Athenienses,
2952 4865 3072 4933 quia
3104 4880 3201 4936 per
3228 4867 3392 4921 multa
3423 4879 3661 4939 tempora

2083 4960 2400 5020 acceperant
2441 4950 2572 5006 deos
2620 4953 2780 5007 etiam
2822 4962 3135 5022 extraneos;
3187 4971 3377 5026 nempe
3409 4959 3660 5029 templum

2082 5041 2350 5108 Minervae,
2379 5041 2545 5109 Pana,
2573 5043 2814 5113 aliosque
2841 5043 3093 5113 aliunde;
3121 5046 3367 5102 timentes
3385 5089 3401 5114 ,
3431 5064 3498 5103 ne
3527 5051 3664 5105 forte

2083 5133 2202 5202 quis
2231 5133 2366 5187 alius
2391 5133 2629 5189 nondum
2658 5145 2816 5189 notus
2847 5135 2948 5190 sibi
2977 5146 3154 5204 esset,
3183 5138 3271 5208 qui
3309 5147 3486 5194 tamen
3516 5141 3660 5195 cole-

2084 5234 2232 5279 retur
2275 5225 2442 5292 alibi,
2486 5226 2552 5280 ad
2598 5228 2856 5296 majorem
2901 5230 3242 5286 securitatem
3289 5231 3413 5286 huic
3451 5248 3663 5304 quoque

2081 5331 2226 5371 aram
2254 5328 2556 5372 erexerunt.
2575 5319 2706 5387 Quia
2736 5335 2867 5376 vero
2893 5336 2999 5377 non
3025 5332 3140 5377 erat
3168 5324 3477 5380 manifestus
3498 5325 3656 5391 Deus,

2081 5408 2392 5476 inscriptum
2422 5418 2566 5476 erat,
2599 5408 2784 5481 Ignoto
2807 5411 2933 5467 Deo.
2969 5411 3120 5468 I-lunc
3145 5428 3272 5484 ergo
3298 5413 3475 5471 Iesum
3506 5415 3652 5470 Chri-

2078 5506 2218 5553 stum
2260 5511 2412 5561 esse,
2460 5498 2655 5555 Paulus
2702 5501 2871 5570 dicit,
2927 5503 3034 5559 imo
3069 5503 3247 5573 potius
3291 5507 3659 5562 universorum

2079 5586 2270 5644 Deum.
2328 5587 2489 5656 Quem
2541 5606 2659 5662 ergo
2706 5591 3027 5663 ignorantes,
3059 5593 3265 5664 inquit,
3296 5598 3460 5651 colitis
3483 5638 3497 5660 ,
3525 5601 3661 5652 hunc

2077 5693 2172 5751 ego
2198 5681 2443 5734 annuntio
2468 5680 2765 5738 vobis.Vide
2789 5681 3055 5754 quomodo
3081 5685 3349 5754 ostendat,
3382 5686 3532 5758 ipsos
3547 5687 3656 5757 jam
