4108 6172
346 365 447 422 ἳθῖ

344 479 667 552 χρημάτων,
696 480 926 552 μάχεται
945 478 1214 552 βασκανία
1234 480 1585 551 χρηστότητι.
1609 479 1808 534 Τοῦτον
1836 478 2011 533 λύσω-

343 583 447 638 μεν
473 566 565 621 τὸν
601 567 853 637 πόλεμον,
898 567 1123 630 τούτους
1156 564 1309 639 [185]
1331 567 1750 637 κατενέγκωμεν
1774 566 1900 629 τοὺς
1921 567 2010 637 ἐχο

341 652 523 722 θροῦς,
546 652 718 707 ταῦτα
745 653 1031 724 στήσωμεν
1056 654 1123 707 τὰ
1144 653 1472 723 τρόπαια,ἐν
1493 656 1558 723 τῇ
1590 652 1738 705 πόλει
1775 655 1839 723 τῇ
1873 654 2011 724 ἠμε-

337 740 472 811 τέρᾳ
489 741 985 811 κατασκευάσωμεν
1001 740 1243 812 εἰρήνην.
1264 739 1425 803 Πόλις
1445 740 1556 810 γὰρ
1575 742 1707 811 ἡμῖν
1728 753 1753 780 α
1783 741 1898 793 ἐστι
1915 741 2011 793 καὶ

338 826 600 891 πολιτεία,
626 829 719 882 καὶ
747 828 960 882 πολῖται
994 828 1087 882 καὶ
1119 829 1260 895 ξένοι
1283 828 1494 881 πολλοί·
1523 827 1659 882 ἀλλά
1691 827 2008 898 ξενηλασίαν

336 916 674 986 ποιήσωμεν,
707 915 847 970 ὥστε
903 915 978 987 μὴ
1011 917 1137 978 τοὺς
1184 914 1418 979 οἰκείους
1457 914 1794 986 φθείρεσθαι.
1826 914 2008 984 Μηδὲν

333 1001 610 1074 ἀλλότριον
641 1003 774 1073 μηδὲ
798 1002 949 1057 νόθον
980 1003 1235 1056 ἐπεισίτω
1270 1003 1465 1074 δόγμα,
1530 1002 1695 1075 μηδὲν
1751 1002 2009 1074 φρόνημα

335 1090 614 1160 σαρκικόν.
665 1089 779 1159 Οὐχ
834 1088 1071 1161 ὁρῶμεν,
1116 1090 1198 1143 ὅτι
1243 1089 1353 1144 τῶν
1392 1090 1663 1162 πολεμίων
1680 1107 1765 1153 τις
1794 1091 1851 1142 ἐν
1887 1091 2010 1152 ταῖς

332 1176 550 1230 πόλεσιν
585 1175 652 1231 ἂν
680 1176 813 1249 ἁλῷ,
856 1178 933 1242 ὡς
965 1177 1308 1243 κατάσκοπος
1342 1179 1619 1251 κρίνεται;
1654 1178 1863 1232 Οὐκοῦν
1885 1177 2006 1242 ξεν-

328 1261 560 1332 ηλασίαν
589 1264 891 1335 ποιώμεθα·
913 1265 1114 1335 μᾶλλον
1133 1265 1189 1320 δὲ
1220 1266 1295 1336 μὴ
1326 1265 1642 1336 ξενηλασίαν
1665 1265 1847 1337 μόνον,
1871 1263 2008 1318 ἀλλά

330 1350 428 1403 καί
452 1351 577 1414 τούς
594 1351 885 1422 πολεμίους
905 1352 1318 1424 ἀπελαύνωμεν.
1338 1353 1435 1405 Ἂν
1460 1351 1657 1423 ἰδωμέν
1673 1368 1814 1417 τινα,
1832 1368 2007 1424 παρα-

326 1434 510 1507 δῶμεν
537 1437 616 1509 τῷ
653 1438 874 1510 ἄρχοντι
897 1437 977 1509 τῷ
1024 1438 1122 1510 νῷ,
1166 1439 1258 1493 τὸν
1313 1438 1572 1509 λογισμὸν
1633 1439 1860 1504 ἐκεῖνον,
1912 1438 2005 1492 τὸν

329 1522 820 1595 βεϐαρϐαρωμένον
860 1525 983 1596 μέν,
1036 1526 1545 1595 κατεσκευασμένον
1577 1525 1635 1579 δέ
1665 1525 1854 1595 ἐσθῆτι
1910 1542 2005 1579 πο-

326 1609 530 1682 λιτικῇ.
568 1612 761 1666 Πολλοὶ
791 1612 919 1683 παρ’
953 1614 1084 1684 ἡμῖν
1126 1612 1376 1684 λογισμοὶ
1425 1612 1678 1679 τοιοῦτοι,
1714 1612 1874 1682 φύσει
1903 1613 2002 1684 μὲν

326 1696 531 1769 ἐχθροὶ,
567 1698 1019 1771 περιϐεϐλημένοι
1074 1700 1130 1753 δὲ
1166 1700 1330 1771 δορὰν
1372 1700 1683 1773 προϐάτων.
1735 1701 2000 1773 Καθάπερ

324 1786 377 1837 οἰ
414 1785 621 1856 Πέρσαι
653 1787 752 1858 τὴν
776 1787 970 1859 τιάραν
1014 1787 1359 1859 περιελόντες
1408 1787 1505 1842 καὶ
1546 1788 1642 1852 τὰς
1672 1788 1999 1863 ἀναξυρίδας

327 1871 421 1925 καὶ
448 1872 517 1926 τά
544 1873 863 1944 ὑποδήματα
889 1874 960 1928 τά
1001 1874 1333 1947 βαρϐαρικά,
1353 1874 1452 1947 τὴν
1485 1874 1651 1946 ἀλλην
1677 1875 1869 1947 στολὴν
1895 1876 1995 1947 τὴν

326 1960 457 2031 ἡμῖν
479 1961 771 2033 ἐπιχώριον
788 1962 1136 2028 ὑπελθόντες,
1168 1964 1264 2018 καῖ
1306 1963 1620 2034 κειράμενοι
1651 1965 1707 2018 ἐν
1737 1963 1874 2035 χρῷ,
1899 1964 1998 2017 καϊ

323 2050 390 2120 τῇ
439 2050 657 2120 συνήθει
712 2049 928 2122 γλώττῃ
960 2050 1354 2122 διαλεγόμενοι,
1386 2052 1688 2123 κρύπτουσι
1726 2050 1806 2122 τῷ
1863 2052 1994 2122 σχή-

326 2153 458 2204 ματι
485 2134 579 2191 τὸν
612 2136 874 2206 πόλεμονο
909 2137 974 2191 ἂν
998 2137 1054 2190 δὲ
1080 2137 1344 2207 βασάνους
1381 2136 1583 2202 εὐθέως
1612 2138 1991 2212 προσαγάγῃς,

321 2224 397 2279 τὸ.
423 2224 797 2295 κρυπτόμενον
837 2224 1070 2291 ἔδειξας·
1113 2225 1255 2280 οὐτω
1293 2226 1388 2279 καὶ
1412 2224 1668 2290 ἐνταῦθα,
1703 2227 1993 2297 βασάνισον

328 2311 592 2382 μυριάκις
641 2311 733 2365 τὸν
771 2310 1025 2365 τοιοῦτον·
1065 2311 1351 2384 λογισμὸν,
1387 2313 1493 2367 καὶ.
1528 2314 1738 2384 ταχέως
1779 2314 1902 2386 ὄψει
1930 2315 1993 2369 τὸ

324 2395 664 2469 βαρϐαρικὸν
713 2398 988 2470 φρόνημα.
1035 2398 1153 2453 Ἵνα
1192 2398 1249 2453 δέ
1299 2399 1394 2453 καὶ
1447 2400 1544 2455 ἐπὶ
1594 2400 1994 2473 ὐποδείγματος

323 2480 453 2552 ύμῖν
482 2482 641 2548 δείξω
691 2486 818 2549 τοὺς
851 2484 1124 2549 τοιούτους
1159 2486 1561 2553 κατασκόπους,
1608 2486 1704 2552 οὒς
1759 2488 1997 2560 προκαθο

325 2567 468 2640 ίησιν
494 2571 525 2625 ό
548 2571 791 2638 διάϐολος
825 2573 951 2627 ἰδεῖν
978 2573 1053 2628 τά.
1076 2574 1136 2629 ἐν
1165 2575 1318 2646 ἡμῖν,
1347 2573 1479 2647 φέρε
1499 2575 1596 2629 ἕνα
1615 2574 1994 2647 ἀποδύσωμεν,

442 2738 653 2802 Quidam.
665 2741 801 2800 πόλις
819 2743 932 2807 παρ’
958 2744 1093 2806 ἡμῖν.

1404 364 1478 420 IN
1511 363 1693 420 ACTA
1731 359 2253 420 APOSTOLORUM
2285 358 2518 417 HOMIL.
2562 358 2846 417 XXXVIII.

3685 367 3790 426 268

2113 476 2209 532 καὶ
2239 475 2332 529 ἐπὶ
2386 475 2479 530 τοῦ
2512 475 2860 548 δικαστηρίου
2900 475 3244 551 ἐξετάσωμεν
3280 478 3420 550 μετά
3468 480 3785 552 ἀκριϐείαςο

2110 564 2205 617 καὶ
2238 566 2285 618 εἰ
2330 563 2606 634 βούλεσθε,
2656 563 2766 617 τῶν
2808 563 2914 619 ὐπὸ
2967 564 3181 619 Παύλου
3243 567 3604 639 φωραθέντων
3636 571 3792 634 τινάς

2109 652 2545 723 παραγάγωμεν.
2578 650 2776 706 "Aur-(ﬁ
2813 651 2966 717 ἐστι,
3008 654 3161 723 φησὶ,
3198 657 3388 725 λόγον
3415 655 3534 724 μὲν
3570 657 3789 725 ἔχοντα

2107 739 2328 807 σοφίας
2379 739 2449 791 ἐν
2482 740 2939 807 ἐθελοθρησκείᾳ
2974 741 3072 794 καὶ
3121 745 3638 814 ταπεινοφροσύνῃ
3690 746 3787 799 καὶ

2107 825 2375 893 ἀφειδείᾳ
2413 827 2709 896 σώματος,
2743 826 2854 881 οὐκ
2901 827 2972 881 ἐν
3000 827 3140 898 τιμῇ
3169 846 3287 883 τινι
3329 831 3482 898 πρὸς
3514 834 3792 902 πλησμο·

2106 912 2229 978 νὴν
2250 912 2360 981 τῆς
2377 915 2624 983 σαρκός.
2650 908 2797 977 υἷον,
2830 913 3084 969 ἐϐούλετο
3115 917 3447 985 Ἰουδαῖσμὸν
3473 920 3789 987 εἰσαγαγεῖν

2107 1000 2136 1052 ό
2164 999 2406 1064 διάϐολος
2426 1017 2438 1029 ·
2468 1003 2517 1054 εἰ
2560 1001 2657 1072 μὲν
2685 998 2779 1055 οῦν
2806 1002 3031 1056 αὐτόθεν
3063 1002 3225 1056 αὐτὸν
3255 1005 3569 1075 εἰσήγαγεν,
3601 1008 3703 1059 οὐκ
3721 1008 3791 1061 ἂν

2107 1084 2349 1143 ἔπεισεν.
2376 1088 2520 1158 Ὅρα
2554 1089 2734 1141 τοίνυν
2778 1089 2896 1153 πῶς
2920 1088 3082 1143 αὐτὸν
3108 1089 3497 1146 κατεσκεύασε.
3551 1094 3643 1145 Δεῖ
3694 1094 3788 1147 τοῦ

2108 1171 2359 1242 σώματος
2405 1174 2666 1242 ἀφειδεῖν,
2712 1174 2866 1244 φησί.
2917 1175 3209 1245 Φιλοσοφία
3259 1176 3418 1231 τοῦτό
3447 1179 3583 1241 ἐστι,
3614 1178 3676 1233 τὸ
3714 1180 3787 1250 μὴ

2107 1260 2428 1329 προσίεσθαι
2464 1260 2680 1331 βρῶμα,
2718 1261 2855 1316 ἀλλὰ
2896 1266 3269 1335 παρατηρεῖν·
3321 1267 3787 1338 ταπεινοφροσύνη

2103 1345 2264 1400 τοῦτό
2316 1349 2452 1402 ἐστι.
2510 1349 2622 1402 Καὶ
2648 1349 2743 1404 νῦν
2777 1349 2834 1402 δὲ
2864 1350 3026 1405 πάλιν
3054 1352 3148 1404 ἐπὶ
3175 1351 3284 1406 τῶν
3315 1352 3606 1423 αῖρετικῶν
3636 1353 3791 1406 ἐϐού-

2105 1433 2227 1487 λετο
2261 1436 2409 1506 ἡμᾶς
2435 1437 2516 1499 εἰς
2569 1436 2670 1508 τὴν
2717 1436 2890 1491 κτίσιν
2948 1442 3302 1507 καταγαγεῖν.
3342 1441 3482 1511 Ὅρα
3510 1440 3641 1509 γοῦν
3670 1441 3787 1505 πῶς

2106 1519 2475 1575 κατεσκεύασε
2507 1521 2599 1575 τὸν
2629 1522 2797 1576 δόλον’
2842 1522 2906 1576 Εἰ
2931 1521 3104 1591 εἶπεν,
3134 1525 3216 1578 ὅτι
3246 1525 3437 1580 Κτίσιν
3468 1527 3783 1597 προσκύνει,

2104 1605 2258 1660 ὲάλωι
2284 1607 2348 1662 ὧν
2370 1624 2383 1638 ·
2420 1607 2555 1662 ἀλλά
2586 1609 2675 1675 τί;
2706 1611 2763 1664 '0
2802 1611 2954 1677 θεὸς,
2984 1613 3138 1681 φησί,
3170 1613 3385 1677 κτιστός
3419 1616 3589 1670 ἐστιν.
3625 1614 3791 1669 Ἀλλά

2104 1693 2462 1764 ἀποδύσωμεν
2515 1696 2665 1767 παρά
2718 1701 2785 1769 τῇ
2830 1697 2998 1770 ψήφῳ
3042 1698 3632 1765 τῶνηδικαζόντωνντὸν
3660 1702 3786 1756 νοῦν

2102 1778 2211 1831 τῶν
2239 1780 2473 1852 Γραφῶν
2505 1783 2616 1837 τῶν
2665 1784 3039 1839 ἀποστολικῶν
3057 1803 3089 1817 ·-
3113 1786 3230 1840 ἐκεῖ
3256 1787 3419 1841 αὐτὸν
3451 1789 3749 1860 ἀγάγωμεν
3768 1805 3781 1818 ’

2099 1866 2256 1920 αὐτοὶ
2293 1868 2687 1937 ἐπιγνώσονται
2742 1873 2838 1926 καὶ
2887 1872 2949 1926 τὸ
2999 1873 3263 1944 κήρυγμα
3291 1875 3384 1928 καὶ
3432 1874 3531 1947 τὴν
3569 1876 3781 1932 λαλιάν.

2097 1952 2289 2007 Πολλοί
2339 1953 2511 2028 κέρδη
2561 1957 2951 2028 κερδαίνουσιν,
2988 1960 3073 2013 ἵνα
3120 1959 3285 2032 ἔχωσι
3314 1961 3512 2015 διδόναι
3565 1962 3783 2041 πένησι.

2093 2042 2258 2115 κέρδη
2293 2044 2453 2098 ἄδικα
2474 2062 2489 2075 ·
2527 2047 2619 2100 καὶ
2651 2041 2805 2112 οὗτος
2825 2049 3061 2119 χαλεπὸς
3094 2049 3123 2103 ό
3155 2049 3436 2121 λογισμός.
3478 2050 3614 2103 Ἀλλ’
3641 2052 3784 2106 ἀπο-

2094 2131 2490 2204 σκευασώμεθα
2532 2134 2717 2201 αὐτὸν,
2754 2136 3082 2209 ἐλέγξωεμεν,
3142 2139 3232 2192 ῖνα
3273 2137 3349 2209 μὴ
3380 2136 3621 2208 ἁλῶμεν,
3647 2138 3784 2191 ἀλλά

2097 2219 2277 2284 πάσας
2329 2221 2685 2292 διαφυγόντες
2722 2226 2822 2289 τὰς
2880 2225 3129 2295 μηχανὰς
3179 2225 3274 2279 τοῦ
3332 2226 3578 2280 διαϐόλου
3631 2226 3785 2297 δυνη-

2098 2305 2282 2378 θῶμεν
2334 2308 2472 2377 μετά
2517 2310 2805 2381 ἀκριϐείας
2854 2311 2923 2366 τά
2974 2313 3100 2383 ὑγιῆ
3146 2312 3395 2384 δόγματα
3436 2311 3783 2382 κατέχοντες,

2100 2392 2241 2464 μετά
2271 2394 2567 2464 ἀσφαλείας
2595 2396 2803 2452 καὶτὸν
2836 2398 3077 2471 παρόντα
3107 2399 3222 2470 βίον
3243 2397 3513 2462 διανύσαι,
3545 2398 3640 2453 καὶ
3669 2396 3780 2451 τῶν

2098 2480 2538 2552 ἐπηγγελμένων
2555 2484 2776 2552 ἀγαθῶν
2799 2489 3002 2556 τυχεῖν,
3031 2487 3227 2559 χάριτι
3272 2486 3368 2541 καὶ
3399 2485 3779 2557 φιλανθρωπίᾳ

2100 2568 2438 2638 τοῦκυρίοιι
2452 2570 2609 2639 ἡμῶν
2638 2572 2812 2642 Ἰησοῦ
2840 2574 3100 2645 Χριστοῦ,
3133 2574 3253 2646 μεθ’
3270 2569 3331 2629 οὐ
3358 2573 3438 2644 τῷ
3465 2574 3639 2645 Πατρὶ
3662 2573 3783 2644 ἅμα

2102 2654 2179 2726 τῷ
2210 2656 2349 2726 ἁγίῳ
2373 2657 2650 2728 Πνεύματι
2674 2659 2823 2725 δόξα,
2850 2662 3074 2731 κράτος,
3109 2663 3270 2733 τιμὴ,
3299 2663 3397 2717 νῦν
3421 2663 3515 2717 καὶ
3546 2663 3654 2730 ἀεὶ,
3685 2664 3781 2719 καὶ

2099 2745 2181 2806 εἰς
2208 2744 2336 2808 τοὺς
2370 2744 2573 2809 αἰῶνας
2602 2746 2710 2800 τῶν
2740 2745 2974 2802 αἰώνων.
3018 2749 3210 2820 Ἀμήν.

452 2862 3669 2895 mmm—

1704 2944 1853 3017 [286]
1890 2945 2130 3000 OMIAIA
2189 2949 2320 3002 ΑΠ’.

331 3035 439 3091 Ἐν
459 3035 529 3091 δὲ
546 3035 675 3100 ταῖς
713 3033 980 3102 Ἀθήναις
1002 3032 1403 3103 ἐκδεχομένου
1435 3036 1658 3103 αὐτοὺς
1699 3036 1808 3091 τοῦ
1837 3040 1996 3093 Παύ-

387 3110 531 3169 λου,
565 3104 949 3173 παρωξύνετο
983 3103 1049 3156 τὸ
1083 3104 1320 3173 πνεῦμα
1354 3107 1542 3160 αὐτοῦ
1562 3107 1634 3160 ἐν
1655 3107 1834 3172 αὐτῷ,
1861 3112 1999 3163 θεω-

379 3174 600 3247 ροῦντι
641 3169 1007 3247 κατείδωλον
1041 3169 1249 3247 οὖσαν
1290 3174 1657 3247 τῂνμπόλιν.
1693 3169 1997 3247 Διελέγετο

380 3238 504 3313 μὲν
529 3238 642 3314 οὖν
671 3243 741 3297 ἐν
765 3241 840 3310 τῇ
883 3241 1205 3314 συναγωγῇ
1247 3238 1371 3314 τοῖς
1409 3245 1708 3314 Ἰουδαίοις
1737 3248 1835 3300 καὶ
1868 3238 1996 3314 τοῖς

386 3310 766 3386 σεϐομένοις,
805 3311 904 3364 καὶ
933 3311 1001 3365 ἐν
1026 3310 1100 3386 τῇ
1135 3310 1318 3380 ἀγορᾷ
1345 3314 1496 3368 κατά
1530 3310 1740 3371 πᾶσαν
1769 3310 1998 3386 ἡμέραν

382 3383 541 3451 πρὸς
564 3381 705 3448 τοὺς
743 3381 1334 3450 παρατυγχάνοντας.

384 3494 458 3543 α’.
492 3487 635 3558 Ὅρα
657 3484 819 3539 αὐτὸν
847 3485 1066 3557 μείζους
1091 3486 1282 3560 ἔχοντα
1315 3491 1656 3562 πειρασμούς
1679 3492 1831 3564 παρὰ
1863 3493 1995 3547 Ἰου-

319 3573 522 3643 δαίοις,
587 3575 620 3647 ἢ
691 3575 822 3647 παρ’
882 3576 1159 3649 Ἕλλησιν.
1221 3578 1311 3633 Ἐν
1358 3580 1488 3649 γοῦν
1533 3581 1787 3654 Ἀθήναις
1841 3584 1993 3639 οὐδὲν

320 3663 517 3735 πάσχει
561 3662 822 3728 τοιοῦτον,
863 3664 999 3719 ἀλλὰ
1035 3666 1195 3738 μέχρι
1232 3667 1468 3737 γέλωτος
1506 3670 1566 3723 τὸ
1596 3673 1704 3725 πᾶν
1743 3673 1993 3744 προύχώ-

321 3765 475 3821 ρησε,
530 3750 713 3804 καίτοι
770 3767 833 3819 γε
880 3750 1127 3806 ἔπεισεν·
1171 3755 1229 3808 ἐν
1280 3754 1337 3808 δέ
1379 3754 1654 3822 Ἰουδαίοις
1713 3756 1883 3813 πολλά
1925 3760 1995 3815 τὰ

320 3833 494 3893 δεινά·
539 3837 716 3902 οὕτως
755 3834 896 3910 ἦσαν
935 3839 1454 3912 ἐκπεπολεμωμένοι
1503 3844 1723 3915 μᾶλλον.
1765 3845 1856 3900 Διὸ
1899 3848 1994 3902 καί

318 3938 478 3994 φησιν
500 3941 516 3957 ο
574 3925 672 3979 Ἐν
714 3924 782 3979 δὲ
827 3926 956 3993 ταῖς
999 3927 1278 3996 Ἀθήναις
1328 3929 1730 4001 ἐκδεχομένου
1772 3934 1991 4001 αὐτοὺς

321 4010 424 4065 τοῦ
455 4013 729 4079 Παύλου,
756 4015 1138 4082 παρωξύνετο
1164 4014 1232 4069 τὸ
1258 4017 1493 4086 πνεῦμα
1512 4019 1699 4074 αὑτοῦ
1718 4021 1788 4074 ἐν
1808 4022 1989 4090 αὐτῷ,

318 4100 640 4169 θεωροῦντι
684 4102 1050 4158 κατείδωλον
1100 4103 1298 4159 οὖσαν
1356 4104 1471 4174 τὴν
1508 4108 1707 4162 πόλιν.
1752 4109 1992 4173 Εἰκότως

316 4190 705 4259 παροξύνεται·
737 4191 799 4245 οὐ
836 4191 943 4262 γάρ
976 4187 1047 4263 ἦν
1072 4190 1304 4263 ἀλλαχοῦ
1346 4194 1587 4249 τοσαῦτα
1618 4194 1745 4249 ίδεῖν
1773 4195 1985 4249 εἴδωλα.

316 4276 624 4347 Διελέγετο
657 4277 774 4347 μὲν
812 4273 926 4334 οὖν
948 4279 1019 4333 ἐν
1048 4278 1124 4347 τῇ
1159 4280 1482 4352 συναγωγῇ
1520 4282 1644 4349 τοῖς
1684 4283 1989 4350 Ἰουδαίοις

315 4363 411 4417 καὶ
445 4367 573 4435 τοῖς
615 4365 965 4437 σεϐομένοις
986 4406 1002 4433 ,
1035 4368 1134 4421 καί
1173 4367 1245 4422 ἐν
1277 4368 1348 4435 τῇ
1382 4369 1571 4438 ἀγορᾷ
1595 4372 1748 4426 κατὰ
1781 4371 1990 4427 πᾶσαν

315 4450 539 4521 ἡμέραν
586 4455 739 4522 πρὸς
770 4454 940 4522 τοὺς
999 4454 1589 4523 παρατυγχάνοντας.
1616 4457 1778 4528 Ὅρα,
1824 4458 1987 4515 πάλιν

326 4537 599 4606 Ἰουδαίοις
649 4540 971 4612 διαλέγεται,
1029 4541 1368 4613 πανταχόθεν
1430 4541 1794 4615 ἐπιστομίξωῒι
1858 4548 1985 4613 τούς

316 4629 632 4685 καταλιπεῖν
656 4629 850 4694 αὐτοὺς
889 4630 1149 4699 λέγοντας
1186 4630 1274 4683 διὰ
1308 4630 1371 4685 τὸ
1407 4630 1544 4703 πρὸς
1570 4631 1641 4685 τά
1680 4631 1808 4705 ἔθνη
1862 4635 1983 4690 ἐπι·

315 4718 637 4789 στραφῆναι.
652 4718 970 4787 Θαυμαστὸν
994 4718 1109 4780 πῶς
1134 4718 1196 4770 οὐ
1214 4716 1581 4787 κατεγέλασαν
1604 4720 1653 4772 οἱ
1678 4719 1975 4791 φιλόσοφοι,

313 4798 476 4866 οὕτως
504 4804 675 4858 αὐτοῦ
696 4803 1091 4874 φθεγγομένου,
1117 4802 1446 4875 ὑϐριστικῶς
1467 4804 1670 4867 εὐθέως
1686 4847 1701 4872 ,
1719 4806 1841 4860 οὐδὲ
1880 4809 1979 4862 ἀπ-

315 4888 582 4960 ιπήδησαν
614 4890 725 4944 ἀπὸ
744 4888 838 4943 τοῦ
862 4891 1238 4962 κηρύγματος,
1260 4891 1508 4956 εἰπόντες
1527 4910 1541 4925 ·
1568 4894 1794 4965 Μακρὸν
1818 4894 1977 4950 τοῦτο

315 4974 645 5046 φιλοσοφίας.
669 4977 794 5031 Ὅτι
826 4977 1017 5032 οὐδένα
1041 4978 1209 5049 τῦφον
1235 4976 1381 5051 εῖχεν
1402 4997 1415 5012 ·
1447 4980 1622 5046 ἄλλως
1650 4981 1729 5048 δὲ,
1761 4983 1842 5037 ὅτι
1873 4985 1974 5040 οὐκ

313 5057 482 5118 ἐνόουν
500 5068 627 5120 οὐδὲ
649 5064 899 5119 συνίεσάν
929 5082 981 5118 τι
1017 5066 1126 5120 τῶν
1147 5067 1471 5139 λεγομένων.
1497 5068 1623 5134 Πῶς
1654 5071 1761 5145 γάρ
1797 5075 1845 5125 οἰ
1873 5072 1973 5143 μὲν

315 5146 465 5219 σῶμα
483 5152 572 5207 τὸν
601 5152 740 5207 Θεὸν
758 5152 1029 5221 λέγοντες,
1051 5153 1102 5206 οἰ
1129 5153 1187 5207 δέ
1216 5154 1405 5227 ἡδονὴν
1434 5155 1531 5227 τὴν
1553 5159 1932 5231 μακαριότητα
1952 5177 1967 5226 ;

320 5235 471 5304 Τινὲς
498 5238 567 5294 δὲ
600 5238 704 5295 καί
723 5239 841 5294 τῶν
873 5240 1294 5308 Ἐπικουρείων
1321 5240 1419 5295 καί
1443 5242 1561 5296 τῶν
1591 5246 1862 5300 Στωικῶν
1881 5265 1971 5316 φι-

314 5320 586 5394 λοσόφων
624 5324 967 5382 συνέϐαλον
996 5326 1175 5391 αὐτῷ,
1217 5327 1318 5381 καί
1346 5344 1507 5396 τινες
1536 5330 1768 5400 ἔλεγον⁹
1804 5335 1864 5388 Τί
1891 5333 1969 5388 ἂν

316 5405 468 5463 θέλοι
505 5415 538 5466 ό
573 5415 991 5485 σπερμολόγος
1030 5409 1210 5479 οὗτος
1247 5415 1487 5485 λέγειν;
1531 5419 1595 5470 Οἱ
1626 5417 1694 5471 δέ
1715 5434 1730 5450 ο
1768 5417 1969 5476 Ξένων

317 5489 624 5565 δαιμονίων
648 5500 817 5556 δοκεῖ
835 5501 1234 5573 καταγγελεὺς
1252 5498 1405 5556 εἶναι
1427 5518 1438 5529 ·
1462 5501 1553 5556 ὅτι
1581 5502 1688 5558 τὸν
1723 5505 1968 5574 Ἰησοῦν

318 5579 538 5652 καὶτὴν
555 5585 896 5642 ἀνάστασιν
939 5587 1373 5658 εὐηγγελίζετο.
1421 5589 1532 5642 Καὶ
1557 5589 1666 5659 γάρ
1704 5591 1801 5664 τὴν
1838 5595 1973 5649 ἀνά-

320 5678 492 5754 στασιν
517 5672 648 5725 Θεόν
679 5691 800 5729 τινα
830 5670 968 5729 εἰναι
990 5675 1242 5746 ἐνόμιζον
1264 5718 1280 5743 ,
1329 5674 1427 5729 ἅτε
1471 5676 1722 5742 εἰωθότες
1744 5680 1839 5732 καὶ
1877 5682 1975 5754 θηο

318 5747 453 5837 λείας
471 5756 668 5812 σέϐειν.
706 5760 1162 5832 Ἐπιλαϐόμενοί
1185 5780 1247 5819 τε
1266 5763 1474 5829 αὑτοῦ,
1493 5764 1591 5818 ἐπὶ
1613 5764 1723 5819 τὸν
1742 5747 1975 5837 Ἀρειον

320 5835 499 5905 πάγον
527 5843 772 5914 ἤγαγον,
826 5849 1141 5919 λέγοντας-ς’
1177 5851 1489 5920 Δυνάμεθα
1539 5850 1758 5921 γνῶναι
1800 5835 1890 5921 dc
1935 5859 1972 5926 ἡ

322 5927 657 6000 tau-humu
692 5935 729 6003 ἠ
782 5937 897 5990 ὑπὸ
938 5938 1053 5992 σοῦ
1107 5940 1458 6010 λαλουμένη
1500 5940 1754 6011 διδιτχή;
1814 5943 1971 6007 ξενί-

2101 3038 2277 3099 ζοντα
2296 3041 2407 3111 γάρ
2434 3060 2570 3098 τινα
2597 3046 2897 3115 εἰσφέρεις
2933 3049 3020 3115 εἷς
3047 3048 3155 3115 τὰς
3185 3050 3374 3117 ἀκοὰς
3398 3052 3569 3122 ἡμῶν
3585 3070 3601 3087 ο
3622 3057 3778 3121 ,βου-

2097 3128 2322 3196 λόμεθα
2349 3125 2464 3185 οὖν
2490 3129 2713 3201 γνῶναι
2741 3133 2799 3186 τί
2849 3133 2926 3188 ἂν
2969 3135 3134 3191 θέλοι
3173 3137 3361 3193 ταῦτα
3401 3137 3570 3198 εἶναι.
3598 3138 3776 3213 *Ηγον

2097 3214 2262 3298 αὐτὸν
2309 3216 2402 3270 ἐπὶ
2454 3217 2546 3272 τὸν
2578 3220 2800 3291 Ἀρειον
2848 3221 3044 3291 πάγον,
3084 3224 3182 3295 οὐχ
3216 3224 3357 3280 ὥστε
3410 3228 3623 3298 μαθεῖν,
3659 3231 3774 3285 ἀλλ’

2097 3296 2238 3352 ὥστε
2265 3299 2521 3365 κολάσαι,
2557 3302 2686 3356 ἔνθα
2739 3305 2797 3357 αἰ
2837 3306 3058 3373 φονικαὶ
3097 3306 3262 3362 δίκαι.
3314 3296 3456 3381 Ὅρα
3498 3310 3630 3380 γοῦν
3656 3312 3775 3378 πῶς

2098 3381 2194 3434 καὶ
2219 3383 2278 3435 ἐν
2299 3383 2475 3437 ἐλπίδι
2513 3385 2609 3439 τοῦ
2645 3387 2837 3458 μαθεῖν
2866 3389 2959 3441 καὶ
2990 3391 3266 3461 πανταχοῦ
3302 3392 3400 3464 τὴν
3423 3396 3774 3467 καινοτομίαν

2096 3467 2408 3536 ἐγκαλοῦσι.
2442 3472 2636 3528 Λάλων
2660 3474 2815 3539 πόλις
2843 3477 2876 3546 ὴ
2908 3476 3063 3541 πόλις
3091 3478 3323 3533 ἐκείνων
3343 3475 3430 3553 ἦν.
3476 3482 3773 3550 Ἀθηναῖοι

2097 3554 2166 3610 δὲ
2196 3558 2424 3627 πάντες
2476 3561 2576 3616 καί
2615 3565 2670 3617 οἰ
2724 3563 3158 3634 ἐπιδημοῦντες
3216 3566 3401 3631 ξένοι,
3440 3570 3528 3636 εἰς
3569 3569 3773 3639 ἕτερον

2097 3644 2278 3699 οὐδὲν
2301 3648 2686 3720 εὐκαίρουνώ
2706 3650 2910 3721 λέγειν
2937 3670 2992 3707 τι
3015 3652 3115 3707 καί
3129 3654 3376 3709 ἀκούειν
3400 3659 3765 3726 καινότερον.

2095 3732 2341 3799 Σταθεὶς
2368 3734 2437 3788 δὲ
2469 3739 2503 3790 ό
2552 3737 2793 3805 Παῦλος
2837 3739 2907 3793 ἐν
2942 3739 3111 3809 μέσῳ
3144 3741 3251 3797 τοῦ
3287 3743 3515 3811 Ἀρείου
3549 3746 3766 3815 πάγου,

2092 3816 2240 3887 ἔφη·
2278 3819 2528 3890 Ἄνδρες
2579 3822 2875 3891 Ἀθηναῖοι
2895 3864 2910 3890 ,
2945 3826 3095 3880 κατὰ
3124 3827 3323 3882 πάντα
3366 3830 3448 3896 ὡς
3488 3826 3770 3887 δεισιδαι-

2087 3904 2495 3974 μονεστέρους
2523 3907 2678 3977 ὑμᾶς
2702 3911 2917 3980 θεωρῶ.
2948 3914 3338 3983 Διερχόμενος
3360 3916 3471 3986 γὰρ
3493 3918 3591 3971 καὶ
3619 3918 3766 3975 ἀνακ

2093 3992 2323 4072 θεωρῶν
2349 3993 2421 4048 τὰ
2441 3996 2787 4067 σεϐάσματα
2826 3998 2996 4068 ὑμῶν
3020 4012 3070 4068 ε,
3102 3994 3284 4069 εὗρον
3305 4002 3403 4056 καί
3433 4004 3662 4072 βωμὸν,
3698 4006 3769 4061 ἐν

2091 4071 2140 4145 ᾧ
2174 4079 2603 4151 ἐπεγέγραπτο·
2622 4084 2925 4154 Ἀγνώστῳ
2951 4087 3092 4152 Θεῷ.
3123 4090 3235 4141 ’ον
3265 4083 3379 4142 οὖν
3404 4071 3767 4159 ἀγνοοῦντες

2090 4166 2390 4221 εὐσεϐεῖτε
2411 4206 2426 4232 ,
2485 4169 2703 4225 τοῦτον
2745 4171 2860 4240 ἐγὼ
2911 4172 3300 4243 καταγγέλλω
3343 4174 3504 4242 ὑμῖν.
3559 4175 3766 4247 Ὥσπερ

2092 4252 2455 4324 ἐγκωμιάζων
2475 4255 2694 4324 αὐτοὺς,
2716 4257 2864 4310 δοκεῖ
2889 4259 3040 4315 οὐδέν
3060 4258 3240 4326 λέγειν
3263 4259 3422 4330 βαρύ.
3453 4260 3550 4327 Ὠς
3577 4262 3762 4320 δεισι-

2091 4341 2595 4412 δαιμονεστέρους
2624 4344 2815 4414 ὑμᾶς,
2840 4346 3001 4416 φησὶ,
3036 4346 3256 4415 θεωρῶο
3281 4348 3572 4414 τουτέστιν,
3608 4351 3766 4406 εὐλα-

2090 4428 2396 4501 ϐεστέρους.
2414 4429 2681 4502 [2871Ἑν
2698 4424 2746 4498 ᾧ
2766 4432 3186 4505 ἐπεγέγραπτο·
3205 4435 3513 4505 Ἀγνώστῳ
3536 4438 3675 4504 Θεῷ.
3698 4441 3764 4495 Τί

2086 4517 2203 4571 ἐστι
2232 4514 2425 4594 τοῦτο;
2451 4518 2513 4572 Οἰ
2561 4519 2853 4591 Ἀθηναῖοι,
2882 4520 3070 4592 ἐπειδὴ
3103 4521 3244 4577 κατά
3274 4524 3502 4594 καιροὺς
3535 4526 3764 4594 πολλοὺς

2085 4588 2533 4671 ἐδέξαντο-θεοὺς
2579 4588 2687 4661 καί-
2721 4608 2830 4662 ἀπὸ
2879 4608 2980 4679 τῆς
3032 4588 3385 4683 ὑπερορίας(
3418 4607 3528 4667 οἷον
3565 4615 3625 4668 τὸ
3664 4588 3763 4687 τῆς

2094 4690 2325 4763 Ἀθηνᾶς
2353 4694 2518 4766 ἰερὸν,
2534 4694 2626 4748 τὸν
2649 4695 2825 4761 Πᾶνα,
2857 4695 2952 4750 καὶ
2973 4696 3164 4762 ἄλλους
3186 4699 3500 4771 ἀλλαχόθεν,
3525 4703 3760 4758 δεδοικό-

2080 4795 2193 4844 τες,
2223 4781 2298 4852 μή
2333 4798 2465 4835 ποτε
2490 4781 2586 4835 καὶ
2619 4782 2778 4847 ἀλλος
2803 4800 2888 4847 τις
2987 4786 3168 4849 αὐτοῖς
3205 4787 3304 4856 μὲν
3328 4789 3540 4845 οὐδέπω
3563 4790 3761 4861 γνώρι-

2083 4884 2202 4938 μος,
2233 4868 2672 4941 θεραπευόμενος
2714 4869 2771 4923 δὲ
2817 4871 3076 4942 ἀλλαχοῦ,
3116 4873 3255 4945 ὑπὲρ
3308 4875 3552 4941 πλείονος
3601 4876 3761 4947 δῆθεν

2077 4955 2379 5024 ἀσφαλείας
2405 4957 2500 5011 καὶ
2542 4957 2718 5029 τούτῳ
2763 4959 2947 5029 βωμὸν
2987 4961 3221 5033 ἔστησαν
3251 4979 3266 4993 ·
3304 4964 3400 5016 καὶ
3435 4966 3621 5034 ἐπειδὴ
3661 4967 3761 5021 οὐκ

2073 5035 2143 5111 ἦν
2172 5040 2331 5112 δῆλος
2365 5043 2395 5094 ό
2416 5043 2571 5108 Θεὸς,
2594 5045 3000 5117 ἐπεγέγραπτο·
3041 5047 3354 5118 Ἀγνώστῳ
3395 5049 3535 5117 Θεῷ.
3562 5053 3759 5107 Τοῦτον

2073 5123 2167 5181 οὖν
2198 5127 2434 5197 Χριστὸν
2470 5130 2681 5197 Ἰησοῦν
2707 5128 2849 5186 εἶναι
2885 5134 3099 5198 Παῦλος
3123 5135 3293 5203 λέγει,
3327 5136 3527 5207 μᾶλλον
3557 5138 3612 5192 δὲ
3651 5140 3759 5193 τῶν

2073 5214 2293 5268 πάντων
2339 5215 2494 5272 Θεόν.
2527 5219 2639 5271 Ὃν
2668 5215 2783 5274 οὖν
2804 5220 3186 5290 ἀγνοοῦντες,
3215 5224 3400 5296 φησὶν,
3433 5227 3751 5296 εὐσεϐεῖτε,

2072 5301 2291 5357 τοῦτον
2341 5302 2457 5373 ἐγὼ
2512 5306 2900 5375 καταγγέλλω
2948 5308 3109 5377 ὑμῖν.
3163 5310 3305 5380 Ὅρα
3353 5311 3473 5376 πῶς
3510 5313 3754 5371 δείκνυσι

2071 5389 2473 5461 προειληφότας
2519 5392 2701 5446 αὐτόν.
2745 5393 2912 5447 Οὐδέν
2955 5394 3124 5460 ξένον,
3157 5397 3341 5466 φησὶν,
3382 5398 3531 5453 οὐδὲν
3567 5403 3755 5455 καινὸν

2071 5475 2331 5548 εἰσφέρω.
2369 5474 2518 5530 Ἀνω
2559 5477 2655 5530 καὶ
2704 5478 2856 5532 κάτω
2887 5479 3047 5534 τοῦτο
3097 5480 3282 5551 ἔλεγον
3312 5485 3546 5538 ἐκεῖνοι·
3590 5488 3686 5554 Τίς
3713 5490 3749 5556 ἠ

2075 5562 2253 5633 καινὴ
2287 5564 2439 5631 αὕτη
2485 5564 2525 5633 ἠ
2562 5565 2914 5634 λαλουμένη
2975 5567 3101 5623 ὑπὸ
3132 5568 3251 5624 σοῦ
3297 5568 3513 5641 διδαχή
3531 5589 3549 5637 ;
3596 5573 3751 5639 ξενί-

2071 5649 2248 5711 ζοντα
2272 5650 2384 5720 γάρ
2404 5667 2539 5705 τινα
2551 5651 2855 5720 εἰσφέρεις
2876 5655 2964 5719 εἰς
2981 5653 3089 5719 τὰς
3104 5654 3291 5721 ἀκοὰς
3310 5654 3498 5724 ἡμῶν.
3530 5659 3744 5726 Εὐθέως

2075 5731 2167 5790 οὖν
2201 5737 2418 5809 ἀναιρεῖ
2448 5736 2628 5791 αὐτῶν
2670 5738 2770 5808 τὴν
2808 5739 3076 5810 ὑπόληψιν
3097 5781 3113 5806 ,
3154 5741 3248 5795 καί
3276 5758 3471 5814 φησιν·
3515 5745 3578 5798 ’0
3604 5750 3753 5816 633;

2077 5827 2393 5891 όποιήσας
2451 5825 2559 5879 τὸν
2601 5828 2861 5897 κόσμον,
2922 5828 3017 5882 καί
3070 5827 3265 5884 πάντα
3319 5829 3387 5884 τὰ
3431 5831 3500 5886 ἐν
3555 5835 3746 5902 αὐτῷ,

2138 5956 2157 5982 ⁸
2182 5957 2354 6009 Morel.
2370 5960 2429 6009 τα
2461 5961 2700 6025 σεϐάσμιοι
2723 5963 2783 6013 τὰ
2805 5964 2954 6027 ὐμῶν.
