4108 6172
418 302 522 354 260

418 416 621 488 pridem
652 415 824 487 ipsum
855 414 1236 487 acceptavisse.
1266 413 1409 469 Nihil
1440 422 1777 482 extraneum,
1810 414 1998 485 inquit,

415 510 657 580 nihilque
687 523 882 564 novum
928 506 1114 562 all‘ero.
1157 506 1271 562 Hoc
1306 506 1381 560 illi
1423 514 1680 575 perpetuo
1707 504 1993 561 dicebant:

419 604 546 669 Qua
582 612 652 657 est
680 603 779 657 ista
818 616 949 655 nova
977 599 1069 654 abs
1110 608 1156 654 te
1180 598 1381 669 prolata
1408 597 1682 652 doctrina?
1709 612 1839 651 nova
1871 597 2001 650 enim

412 695 647 767 quaedam
685 695 872 766 ingeris
913 693 1121 749 auribus
1159 692 1364 746 nostris.
1410 690 1602 748 Statim
1649 705 1776 761 ergo
1817 705 2000 743 eorum

412 787 772 858 suspicionem
804 787 978 855 tollit,
1010 793 1065 840 et
1093 785 1224 840 dicit
1249 802 1262 839 :
1298 782 1387 839 24.
1417 781 1559 838 Deus
1587 783 1675 854 qui
1702 783 1820 853 fecit
1850 799 2000 835 mun-

411 879 532 932 dum
558 886 606 933 et
635 877 807 932 omnia
845 892 961 947 quae
985 877 1039 931 in
1064 876 1155 930 illo
1181 881 1298 930 sunt
1318 915 1334 942 ,
1367 873 1448 928 hic
1476 874 1586 929 εωιὶ
1626 884 1672 928 et
1716 883 1862 929 teme
1887 890 1999 929 cvm

409 968 474 1021 sit
502 966 775 1022 Dominus.
810 964 1015 1021 Deinde
1036 1005 1049 1030 ,
1078 979 1146 1020 ne
1169 972 1354 1033 putent
1380 979 1540 1019 unum
1562 979 1633 1019 ex
1658 963 1837 1019 multis
1855 977 1995 1031 esse,

410 1057 512 1114 hoc
541 1057 764 1128 corrigit
788 1056 868 1111 sic
888 1056 1112 1127 loquens
1138 1073 1151 1110 :
1183 1054 1273 1109 25.
1307 1052 1427 1109 Non
1457 1055 1509 1109 in
1538 1055 1843 1124 manufactis
1870 1063 1995 1108 teut-

407 1148 509 1213 ptis
555 1146 786 1211 habitat,
834 1163 926 1201 nec
974 1144 1204 1200 manibus
1245 1145 1431 1199 colitur
1459 1145 1734 1210 humanis,
1768 1144 1997 1216 indigens

407 1236 598 1306 aliqua.
630 1235 820 1291 Viden’
845 1235 1114 1307 quomodo
1141 1236 1392 1306 paulatim
1425 1234 1816 1306 philosorihiam
1845 1235 1998 1289 indu-

409 1329 505 1391 cit,
541 1326 809 1396 quomodo
838 1327 1024 1382 irridet
1050 1326 1329 1397 gentilium
1361 1324 1644 1381 errorem?
1674 1323 1814 1379 Dans
1843 1326 1994 1378 vitam

406 1430 453 1474 et
480 1420 712 1488 spiritum
740 1429 785 1473 et
814 1419 983 1472 omnia
1003 1434 1017 1471 :
1037 1417 1126 1473 26.
1151 1417 1365 1487 fecitque
1387 1433 1448 1470 ea:
1467 1433 1568 1470 uno
1588 1419 1831 1495 sanguine
1850 1432 1995 1470 omne

406 1526 564 1580 genus
590 1509 846 1563 hominum
877 1508 1105 1562 habitare
1130 1525 1281 1578 super
1308 1509 1589 1562 universam
1614 1508 1795 1579 [aciem
1822 1519 1988 1563 terrae.

408 1602 518 1655 lloc
546 1600 639 1656 Dei
668 1601 941 1670 proprium
972 1609 1073 1655 est.
1094 1600 1228 1654 Vide
1253 1616 1383 1670 ergo
1411 1616 1587 1656 annon
1620 1600 1735 1656 haec
1762 1601 1828 1656 de
1858 1600 1991 1655 Filio

403 1693 562 1747 etiam
593 1691 697 1746 dici
726 1691 956 1762 possint.
1005 1689 1131 1747 Cteli
1152 1732 1167 1759 ,
1200 1691 1401 1761 inquit,
1446 1700 1494 1746 et
1524 1702 1668 1746 terrae
1696 1690 1947 1761 Dominus
1968 1710 1986 1746 :

403 1799 519 1854 qua:
546 1784 622 1837 illi
651 1784 908 1853 putabant
940 1782 1068 1837 deos
1093 1797 1234 1837 esse.
1282 1784 1346 1838 Et
1384 1783 1712 1839 creationem
1754 1784 1990 1839 declarat

403 1884 455 1930 et
483 1875 747 1930 homines.
790 1874 1051 1945 Deﬁniens
1086 1883 1274 1929 statuta
1302 1883 1527 1946 tempora
1557 1885 1603 1928 et
1633 1877 1870 1930 terminos
1896 1877 1987 1929 ha-

402 1966 657 2020 bitationis
677 1982 851 2020 eorum
867 2008 880 2032 ,
902 1965 993 2020 27.
1013 1983 1236 2036 qua’rere
1251 1965 1436 2034 Deum,
1461 1968 1502 2020 si
1529 1968 1658 2035 forte
1684 1978 1985 2023 contrectent

399 2074 513 2111 eum
536 2067 624 2111 aut
650 2058 937 2124 inveniant,
961 2059 1188 2128 quatnvis
1213 2076 1316 2112 non
1345 2060 1492 2130 longe
1515 2061 1577 2114 sit
1605 2060 1667 2114 ab
1692 2078 1986 2132 unoquoque

401 2160 646 2203 nostrum.
664 2149 756 2203 28.
783 2148 844 2202 In
864 2150 975 2219 ipso
1001 2151 1132 2204 enim
1159 2151 1368 2205 vivimus
1386 2161 1431 2205 et
1454 2169 1710 2206 movemur
1725 2163 1771 2207 et
1786 2170 1980 2207 sumus.

401 2240 548 2294 Sicut
591 2240 798 2307 quidam
845 2250 1106 2312 poetarum
1149 2252 1425 2297 vestrorum
1468 2244 1706 2299 dixerunt
1745 2262 1763 2300 :
1807 2243 1981 2315 Ipsius

398 2333 532 2386 enim
560 2340 605 2386 et
632 2348 789 2404 genus
816 2349 1010 2387 sumus.
1043 2332 1155 2389 lloc
1181 2335 1375 2389 Aratus
1403 2347 1556 2406 poeta
1586 2335 1739 2391 dixit.
1771 2336 1902 2392 Vide
1927 2344 1982 2391 ut

396 2424 882 2479 demonstrationes
920 2423 1107 2481 afferat
1141 2435 1196 2482 et
1232 2428 1299 2483 ab
1334 2428 1431 2493 iis,
1470 2445 1590 2500 quae
1620 2430 1718 2500 ipsi
1745 2430 1982 2492 fecerant

390 2517 760 2587 dixerantque.
789 2517 882 2576 29.
913 2518 1081 2574 Genus
1109 2537 1226 2591 ergo
1251 2536 1364 2575 cum
1384 2523 1542 2576 simus
1564 2522 1678 2589 Dei,
1706 2540 1807 2578 non
1834 2525 1981 2579 debe-

393 2624 507 2663 mus
530 2612 782 2664 testimare
809 2628 934 2666 auro
960 2621 1009 2666 et
1027 2624 1234 2682 argento
1254 2625 1343 2668 aut
1361 2616 1544 2686 lapidi,
1568 2618 1839 2687 sculptura:
1856 2620 1978 2674 ortis

388 2708 439 2753 et
464 2700 778 2770 cogitationis
803 2702 1046 2768 hominis,
1074 2704 1239 2759 Deum
1258 2722 1365 2761 esse
1388 2707 1623 2762 similent.
1650 2711 1805 2779 Atqui
1835 2711 1973 2778 ideo,

392 2790 636 2860 inquies,
681 2792 960 2850 debemus.
991 2795 1244 2851 Minime:
1283 2813 1458 2868 neque
1487 2800 1631 2853 eiiim
1670 2814 1767 2855 nos
1805 2817 1976 2870 neque

388 2883 582 2937 animre
617 2892 815 2939 nostrae
842 2885 1066 2941 similes.
1097 2886 1205 2941 Cur
1236 2903 1364 2958 ergo
1396 2905 1501 2943 non
1533 2891 1711 2945 statim
1741 2892 1975 2962 philoso-

390 2974 549 3044 phice
575 2976 827 3045 loquutus
853 2987 966 3044 est,
997 2994 1097 3034 nec
1122 2978 1294 3034 dixit:
1333 2981 1471 3036 Deus
1502 2983 1852 3053 incorporeus
1877 3002 1973 3040 na-

388 3075 509 3120 tura
530 3105 546 3129 ,
597 3066 877 3121 invisibilis
903 3077 986 3123 est
1014 3076 1071 3123 et
1097 3069 1213 3124 sine
1240 3071 1444 3140 ﬁgura?
1487 3072 1617 3141 Quia
1645 3075 1968 3145 superﬂuum

387 3155 675 3211 videbatur
715 3156 818 3212 hoc
848 3158 1028 3214 dicere
1058 3160 1397 3229 hominibus,
1429 3165 1519 3235 qui
1553 3166 1788 3222 nondum
1828 3167 1966 3223 didi-

386 3255 596 3314 cerant,
623 3263 786 3303 unum
802 3263 920 3305 esse
948 3249 1137 3306 Deum.
1168 3252 1288 3308 Ideo
1309 3254 1488 3309 missis
1513 3255 1637 3322 illis,
1668 3257 1807 3313 ineo
1826 3259 1966 3329 quod

380 3337 493 3408 jam
525 3340 783 3408 qumritur
812 3341 1047 3408 insistit,
1078 3351 1133 3398 et
1157 3345 1270 3398 ait:
1302 3345 1392 3401 50.
1418 3345 1484 3400 Et
1514 3357 1741 3419 tempora
1768 3351 1965 3422 quidem

384 3432 540 3495 huius
569 3433 871 3502 ignorantia:
905 3433 1184 3503 despiciens
1208 3436 1345 3492 Deus
1363 3479 1377 3502 ,
1424 3454 1557 3493 nunc
1581 3443 1846 3496 annuntiat
1872 3442 1963 3497 ho-

381 3522 601 3578 minibus
621 3565 637 3589 ,
676 3534 730 3578 ut
781 3542 953 3581 omnes
978 3527 1156 3597 ubique
1183 3529 1526 3598 paenitentiam
1581 3544 1752 3602 agant,
1795 3535 1882 3590 51.
1907 3552 1964 3590 eo

381 3614 521 3682 quod
538 3614 712 3668 statuit
733 3616 886 3683 diem,
914 3617 967 3671 in
992 3634 1089 3687 quo
1110 3619 1431 3689 iudicaturus
1454 3631 1525 3676 est
1551 3622 1717 3696 orbem
1740 3626 1791 3678 in
1806 3626 1964 3696 justi-

381 3706 471 3773 tia,
490 3706 546 3760 in
561 3707 667 3761 viro
683 3707 734 3760 in
757 3724 855 3777 quo
879 3710 1068 3770 statuit.
1089 3711 1241 3778 ﬁdem
1259 3714 1486 3782 praebens
1512 3694 1739 3771 omnibus
1757 3758 1772 3784 ,
1801 3720 1965 3774 susci-

380 3804 492 3849 tans
517 3811 632 3850 eum
671 3797 957 3852 amortuis.
986 3796 1121 3854 Vide
1146 3817 1159 3852 :
1192 3809 1471 3870 postquam
1502 3818 1690 3860 eorum
1728 3817 1961 3865 mentem

378 3896 750 3955 concusserat,
782 3903 903 3942 cum
930 3887 1150 3957 diceret,
1184 3889 1378 3945 Statuit
1403 3892 1555 3959 diem,
1586 3896 1810 3968 illosque
1848 3909 1958 3955 ter-

378 3984 599 4042 ruerat;
630 3987 754 4032 tunc
781 3988 1084 4048 opportune
1112 3980 1214 4036 hoc
1243 3981 1465 4051 inducit,
1496 3984 1757 4042 Suscitans
1777 4006 1888 4042 eum
1929 4007 1961 4045 a

378 4067 615 4120 mortuis.
645 4066 750 4122 Sed
780 4070 1056 4138 superiora
1087 4080 1413 4140 repetamus.
1447 4074 1571 4129 Cant
1597 4077 1807 4135 Athenis
1844 4080 1960 4136 illos

378 4166 691 4231 exspectaret
718 4157 939 4224 Paulus,
966 4162 1287 4234 incitabatur,
1319 4166 1506 4238 inquit,
1528 4171 1736 4236 spiritus
1761 4174 1870 4243 ejus
1905 4174 1960 4228 in

376 4263 450 4302 eo.
473 4248 596 4303 Non
627 4248 756 4303 iram
785 4251 866 4305 vel
892 4251 1307 4322 indignationem
1332 4256 1417 4311 hic
1442 4257 1702 4328 signiﬁcat
1723 4261 1959 4318 incitatio

375 4338 481 4407 illa,
513 4340 614 4396 sed
648 4342 977 4412 vigilantiam
1005 4354 1059 4400 et
1088 4346 1284 4414 zelum,
1314 4358 1374 4403 ut
1398 4358 1452 4404 et
1480 4351 1606 4406 alibi
1631 4369 1645 4405 :
1678 4352 1838 4408 Facta
1863 4366 1956 4425 est,

377 4426 579 4500 inquit,
609 4431 849 4487 dissentio
878 4434 1008 4488 inter
1032 4435 1151 4490 illos
1178 4437 1316 4506 (Act.
1350 4439 1435 4493 15.
1459 4439 1573 4512 59).

441 4519 494 4574 2.
541 4519 680 4576 Vide
719 4532 896 4578 autem
927 4526 1198 4595 quomodo
1236 4529 1615 4600 provideatur,
1657 4543 1714 4589 ut
1760 4535 1957 4595 invitus

382 4609 488 4667 illic
513 4621 735 4668 maneat
762 4625 1080 4687 exspectans
1109 4617 1248 4673 illos.
1296 4619 1432 4687 Quid
1470 4636 1598 4692 ergo
1625 4632 1726 4690 est,
1758 4625 1955 4681 Incita-

375 4701 515 4759 batur
528 4705 561 4758 7
583 4704 637 4759 ld
653 4713 756 4775 est,
772 4707 1102 4764 excitabatur
1118 4726 1131 4766 :
1148 4709 1218 4766 ab
1232 4711 1311 4766 ira
1327 4720 1381 4767 et
1396 4711 1755 4785 indignatione
1769 4720 1953 4787 procul

376 4803 485 4850 erat
510 4796 620 4852 hoc
648 4797 865 4855 donum.
897 4800 1015 4857 Non
1045 4801 1267 4872 ferebat,
1290 4805 1384 4861 sed
1413 4806 1735 4864 tabescebat.
1765 4810 1954 4884 Dispu-

374 4886 504 4943 tabat
530 4905 654 4959 ergo
683 4890 737 4944 in
762 4907 1020 4965 synagoga
1042 4912 1157 4950 cum
1180 4896 1382 4952 ludatis
1399 4940 1414 4965 ,
1444 4899 1647 4971 inquit,
1675 4911 1722 4957 et
1742 4903 1956 4958 colenti-

376 4977 479 5034 bus.
496 4979 635 5038 Vide
656 4998 840 5038 rursus
868 4994 1052 5040 contra
1068 4986 1281 5043 Judteos
1299 4988 1681 5060 disputantem.
1700 4992 1953 5051 Calentes

375 5080 545 5127 autem
570 5083 726 5128 vocat
750 5074 1071 5146 proselytos.
1101 5077 1335 5149 DiSpersi
1360 5097 1589 5153 namque
1610 5096 1761 5140 erant
1779 5085 1949 5142 Judaei

375 5161 569 5238 ubique
596 5164 667 5221 ab
707 5165 939 5222 adventu
969 5166 1206 5226 Christi:
1238 5186 1360 5227 nam
1402 5174 1560 5229 simul
1604 5175 1728 5232 inde
1767 5187 1822 5233 et
1863 5177 1949 5233 lex

378 5253 698 5321 solvebatur,
731 5264 785 5311 et
812 5256 1060 5315 homines
1090 5259 1343 5330 pietatem
1373 5263 1655 5320 docebant.
1686 5265 1791 5321 Sed
1817 5266 1947 5321 nihil

380 5338 449 5396 illi
496 5342 887 5416 lucrabantur,
934 5348 1038 5404 nisi
1085 5357 1288 5405 tantum
1328 5352 1688 5409 calamitatum
1733 5369 1946 5411 suarum

382 5436 676 5494 testimonia
704 5438 985 5497 habentes.
1022 5440 1243 5508 Quidam
1266 5452 1432 5496 autem
1451 5441 1692 5514 Epicurei
1713 5455 1761 5497 et
1784 5444 1950 5500 Stoici

383 5524 662 5599 philosOphi
690 5530 997 5585 disserebant
1026 5547 1141 5585 cum
1179 5547 1256 5585 eo.
1306 5529 1423 5587 Non
1458 5533 1569 5602 jam
1603 5532 1809 5603 legibus
1837 5535 1949 5591 suis

383 5617 660 5674 utebantur
688 5620 1069 5690 Athenienses,
1093 5629 1279 5693 utpote
1310 5622 1565 5678 Romanis
1594 5623 1837 5694 subjecti.
1885 5624 1949 5680 Et

385 5705 516 5763 unde
556 5710 804 5768 volebant
853 5714 928 5770 illi
982 5714 1299 5786 disputare?
1345 5714 1478 5783 Quia
1524 5715 1773 5772 ridebant
1813 5718 1948 5773 alios

1305 301 1373 356 1N
1411 300 1594 357 ACTA
1634 298 2157 356 APOSTOLORUM.
2200 301 2435 357 llOMlL.
2479 302 2764 362 XXXVIII.

3589 317 3694 375 270

2112 415 2435 473 disserentes
2458 460 2471 480 .
2509 428 2564 474 et
2593 422 2760 476 virum
2791 423 2841 479 in
2870 426 3262 486 existimatione
3289 428 3495 486 haberi.
3526 431 3595 486 Et
3619 435 3690 487 vi-

2109 504 2194 569 de,
2223 507 2402 561 statim
2431 512 2816 568 contumeliose
2834 508 3121 581 ('Animalis
3139 519 3268 572 enim
3295 520 3557 575 Itoutouon
3579 538 3693 577 sus-

2107 597 2227 665 cipit
2256 614 2316 651 ea
2343 614 2456 669 qua:
2479 609 2597 655 sunt
2626 600 2853 669 Spiritus
2894 600 2987 674 [1.
3018 605 3138 661 Cor.
3167 610 3223 662 2.
3250 604 3404 678 14]),
3424 608 3689 666 Noverunt

2108 684 2470 742 daemoniorum
2500 689 2577 761 (a)
2603 731 2622 756 ,
2652 691 2935 763 inquiunt,
2967 695 3162 751 videtur
3200 700 3528 754 annuntiator
3560 718 3689 756 esse.
3754 730 3755 733 η

2110 775 2381 832 Dmmonia
2422 779 2557 835 deos
2601 796 2726 836 suos
2756 784 3053 840 vocabant:
3085 797 3241 842 erant
3268 790 3409 844 enim
3447 791 3690 848 civitates

2105 864 2261 921 idolis
2288 868 2482 939 plente.
2518 871 2896 941 Apprehcnsum
2924 872 3072 930 illum
3097 877 3149 931 in
3173 877 3493 952 Areopagum
3529 882 3687 937 duxe-

2102 970 2250 1024 runt,
2284 961 2524 1020 dicentes.
2557 964 2666 1020 Cur
2704 966 2756 1021 in
2787 969 3126 1040 Areopagum
3158 971 3329 1041 ipsum
3364 976 3686 1030 traxerunt?

2101 1045 2170 1104 Ut
2209 1055 2689 1120 perterrefacerent
2719 1074 2732 1111 :
2768 1057 2837 1114 ibi
2867 1060 3009 1115 enim
3047 1062 3301 1131 capitales
3326 1080 3513 1121 causas
3536 1067 3679 1136 judi-

2101 1139 2310 1195 cabant.
2336 1141 2616 1201 Possumus
2633 1148 2762 1202 scire
2784 1166 2897 1220 qua:
2920 1151 2984 1206 sit
3011 1168 3138 1206 nova
3163 1153 3274 1221 illa,
3292 1171 3404 1225 qua:
3429 1172 3460 1209 a
3485 1166 3531 1210 te
3556 1158 3684 1211 dici-

2100 1240 2200 1295 tur,
2228 1232 2496 1289 doctrina?
2520 1253 2648 1291 nova
2666 1240 2797 1293 enim
2815 1242 3047 1311 quaedam
3068 1243 3225 1316 infers
3245 1244 3451 1300 auribus
3471 1248 3673 1302 nostris.

2101 1321 2423 1378 Athenienses
2458 1337 2623 1380 autem
2654 1346 2823 1384 oumes
2865 1341 2912 1383 et
2948 1332 3018 1386 ibi
3050 1344 3302 1389 versantes
3341 1336 3593 1406 peregrini
3626 1336 3681 1391 in

2099 1412 2239 1465 nullo
2266 1413 2367 1467 alio
2398 1424 2596 1487 tempus
2623 1419 2865 1487 terebant,
2894 1437 3044 1489 quant
3073 1432 3128 1475 ut
3156 1423 3417 1494 quidpiam
3443 1426 3555 1479 novi
3593 1425 3676 1479 di-

2096 1516 2260 1556 cerent
2286 1505 2364 1558 vel
2386 1507 2638 1562 audirent.
2672 1508 2768 1564 llic
2798 1526 2927 1566 vero
2956 1512 3217 1568 indicatur
3241 1529 3355 1582 eos,
3384 1516 3591 1571 etiamsi
3618 1516 3674 1570 iu

2095 1591 2201 1648 hoc
2221 1610 2435 1665 semper
2458 1611 2818 1666 versarentur,
2842 1610 2899 1657 ut
2927 1604 3271 1674 loquerentur
3296 1606 3376 1663 vel
3403 1607 3669 1674 audirent,

2097 1691 2272 1739 tamen
2320 1686 2406 1740 illa
2453 1697 2666 1757 putasse
2698 1706 2831 1745 nova
2854 1733 2867 1755 ,
2907 1708 3027 1762 quae
3054 1709 3340 1765 numquam
3370 1698 3667 1753 audierant.

2096 1772 2251 1828 Stans
2280 1785 2446 1829 autem
2472 1775 2669 1834 Paulus
2691 1779 2742 1834 in
2764 1783 2926 1835 medio
2945 1783 3226 1855 ArcOpagi',
3250 1786 3321 1839 ait
3344 1802 3364 1841 :
3401 1785 3503 1842 Viri
3524 1789 3672 1843 Athe~

2092 1867 2286 1921 nienses
2310 1908 2323 1931 ,
2371 1886 2462 1939 per
2500 1873 2670 1926 omnia
2713 1876 2856 1944 quasi
2896 1878 3341 1945 superstitiosiores
3385 1897 3467 1935 vos
3504 1883 3660 1937 video.

2096 1956 2395 2016 Prattericus
2420 1963 2551 2016 enim
2577 1974 2624 2018 et
2650 1966 2821 2021 videns
2847 1968 3121 2024 simulacra
3147 1978 3327 2026 vestra.
3356 1971 3472 2028 Non
3501 1973 3669 2043 dixit,

2093 2049 2389 2116 lhemonas,
2424 2053 2518 2108 sed
2559 2054 2697 2109 viam
2727 2067 2880 2126 parat
2909 2060 3178 2126 sermoni;
3214 2061 3334 2116 ideo
3361 2063 3526 2130 dicit,
3558 2065 3664 2120 Su-

2088 2143 2472 2210 perstitiosiores
2498 2163 2584 2201 ros
2607 2148 2748 2202 video
2767 2191 2781 2215 ,
2808 2160 3027 2220 pmpter
3054 2168 3223 2208 aram.
3252 2154 3388 2209 Deus
3406 2197 3421 2221 ,
3459 2156 3661 2226 inquit,

2086 2233 2172 2301 qui
2201 2234 2318 2302 fecit
2345 2237 2591 2290 mundum
2612 2279 2625 2302 ,
2657 2248 2702 2292 et
2730 2242 2899 2294 omnia
2928 2259 3040 2306 qua:
3065 2244 3116 2297 in
3140 2260 3199 2298 eo
3224 2253 3358 2299 sunt.
3390 2244 3503 2302 Una
3532 2261 3680 2303 voce-

2085 2325 2262 2381 omnia
2306 2327 2743 2399 philosophorum
2796 2332 3042 2403 dogmata
3090 2336 3368 2392 subvertit.
3417 2338 3671 2409 Epicurei.

2087 2431 2314 2486 namque
2343 2421 2521 2475 omnia
2553 2438 2648 2491 per
2672 2440 2730 2478 se
2760 2426 3022 2482 exsistere
3047 2427 3325 2496 dicebant,
3355 2439 3410 2485 et
3437 2445 3501 2485 ex
3541 2439 3659 2485 ato-

2084 2508 2185 2562 mis
2212 2520 2458 2566 constare
2484 2530 2497 2566 :
2525 2512 2688 2570 Stoici
2717 2532 2843 2571 vero
2867 2533 3062 2589 corpus
3084 2530 3137 2575 et
3165 2520 3658 2593 conﬂagrationem.

2085 2596 2180 2651 llic
2213 2613 2346 2653 vero
2376 2599 2506 2655 dicit
2536 2620 2548 2655 :
2583 2604 2844 2659 mundum
2873 2616 2927 2661 et
2964 2612 3142 2665 omnia
3179 2626 3297 2680 quae
3323 2611 3375 2666 in
3405 2627 3470 2668 eo
3495 2624 3654 2680 sunt,

2081 2704 2215 2757 opus
2258 2704 2378 2746 esse
2419 2693 2533 2747 Dei.
2579 2695 2764 2749 Viden‘
2809 2698 3122 2755 brevitatem
3149 2742 3162 2765 ,
3212 2712 3265 2756 et
3310 2703 3362 2757 in
3395 2703 3656 2762 brevitate

2079 2781 2426 2838 claritatem?
2459 2784 2527 2839 Et
2557 2786 2676 2842 vide
2704 2802 2948 2856 quaenam
2981 2792 3109 2859 ipsis
3140 2807 3273 2847 nova
3305 2794 3650 2853 viderentur:

2077 2873 2222 2942 quod
2251 2873 2391 2929 Deus
2418 2875 2675 2931 mundum
2703 2876 2939 2936 fecisset.
2970 2881 3098 2949 Qua:
3128 2898 3268 2937 nunc
3297 2884 3473 2940 intima
3506 2886 3668 2956 plebs.

2076 2966 2176 3019 scit
2200 3006 2215 3030 ,
2265 2965 2580 3037 ignorabant
2612 2969 3001 3040 Athenienses,
3042 2982 3097 3028 et
3133 2975 3534 3033 Atheniensium
3562 2995 3653 3038 sa-

2077 3055 2303 3124 pientes.
2337 3056 2392 3113 Si
2421 3074 2649 3129 namque
2676 3058 2805 3116 fecit
2824 3103 2839 3127 ,
2870 3062 3052 3133 utique
3080 3065 3335 3122 Dominus
3360 3078 3460 3122 est.
3493 3069 3665 3141 Vide,~

2072 3146 2196 3216 quid
2224 3146 2366 3202 dicat
2396 3163 2515 3205 esse
2545 3161 2915 3220 argumentum
2942 3153 3171 3221 deitatis,
3204 3171 3396 3227 nempe
3425 3164 3651 3217 creatio-

2071 3251 2235 3303 nem;
2283 3238 2334 3293 id
2377 3239 2516 3310 quod
2553 3242 2712 3296 etiam
2752 3240 2916 3299 Filius
2957 3245 3135 3300 habet.
3184 3245 3315 3301 Nam
3355 3249 3405 3304 id
3453 3253 3665 3323 ubique-

2054 3329 2248 3385 ‘dicunt
2281 3334 2579 3402 prophetae,
2612 3334 2705 3389 Dei
2737 3350 2858 3392 esse
2879 3351 3062 3394 creare
3087 3356 3103 3404 ;
3132 3355 3236 3393 non
3259 3356 3388 3396 vero
3412 3345 3660 3403 sicutilli.

2068 3422 2333 3491 dicebant,
2364 3426 2527 3481 alium
2558 3429 2910 3496 cenditoreni,
2943 3445 3042 3486 nec
3065 3431 3335 3488 dominum
3362 3448 3500 3500 esse,
3528 3452 3647 3492 ina-

2070 3516 2254 3571 teriam
2302 3532 2407 3572 non
2459 3518 2647 3573 laetam
2698 3535 2818 3576 esse
2863 3533 3242 3593 supponentcs.
3292 3525 3390 3582 Hic
3429 3526 3658 3586 demum.

2067 3607 2398 3677 tenigmalice
2423 3610 2564 3679 quod
2585 3624 2740 3666 suum
2767 3620 2869 3676 est,
2890 3613 3017 3668 dicit
3044 3622 3096 3669 et
3117 3615 3291 3670 ﬁrmat
3316 3632 3331 3683 ;
3353 3618 3491 3688 quod
3517 3634 3645 3676 vero

2068 3698 2279 3752 illorum
2308 3708 2410 3767 est,
2445 3710 2654 3771 purgat.
2688 3700 2809 3757 Non
2839 3704 2892 3759 in
2926 3708 3248 3778 manufestis,
3280 3709 3473 3780 inquit,
3497 3712 3643 3767 habi-

2068 3798 2159 3842 tat.
2187 3787 2399 3844 llabitat
2426 3791 2641 3861 quidem
2673 3794 2725 3847 in
2757 3795 2988 3864 templis,
3015 3807 3069 3851 at
3098 3813 3204 3852 non
3231 3799 3282 3854 in
3314 3801 3522 3868 talibus,
3548 3802 3643 3858 sed

2066 3879 2117 3934 in
2148 3880 2323 3935 anima
2354 3880 2609 3936 humana.
2643 3882 2777 3939 Vide
2804 3888 3137 3956 corporalem
3165 3891 3376 3946 sustulit
3416 3894 3634 3949 cultum.

2065 3970 2199 4037 Quid
2230 3972 2399 4042 ergo?
2438 3987 2616 4028 annon
2649 3974 2922 4031 habitabat
2956 3978 3007 4032 in
3040 3981 3239 4049 templo
3280 3981 3643 4055 .lerosolymo.

2064 4062 2227 4116 rum?
2273 4060 2384 4117 Non
2427 4062 2640 4135 utique,
2685 4066 2780 4122 sed
2825 4069 3162 4137 operabatur.
3206 4072 3483 4136 Quomodo
3512 4088 3647 4143 ergo

2063 4153 2339 4207 colebatur
2366 4155 2614 4210 manibus
2639 4156 2886 4211 humanis
2912 4157 3050 4228 apud
3079 4158 3336 4215 Iudaeos?
3379 4160 3494 4215 Non
3523 4177 3638 4217 ma-

2063 4243 2240 4308 nibus,
2263 4243 2356 4298 sed
2383 4246 2648 4300 mentibus
2673 4261 2688 4300 :
2718 4262 2840 4301 nam
2864 4248 2953 4302 illa
2972 4265 3076 4303 non
3095 4251 3171 4304 sic
3196 4252 3470 4320 quaerebat
3487 4255 3639 4324 quasi

2064 4331 2128 4384 iis
2157 4345 2290 4401 opus
2316 4331 2538 4389 haberet
2562 4352 2575 4387 :
2601 4334 2867 4404 Numquid
2886 4338 3220 4407 manducaba,
3244 4341 3435 4411 inquit,
3462 4361 3639 4402 carnes

2062 4429 2324 4475 taurorum
2342 4464 2357 4490 ,
2399 4433 2490 4477 aut
2527 4424 2824 4494 sanguinem
2848 4425 3106 4481 hircorum
3129 4429 3312 4499 potabo
3339 4430 3517 4503 (Psal.
3544 4436 3634 4492 49.

2064 4514 2206 4585 ιδῃ
2247 4514 2446 4570 Deinde
2486 4531 2605 4570 cum
2643 4515 2907 4574 dixisset:
2940 4518 3114 4590 Neque
3147 4522 3375 4578 manibus
3404 4524 3635 4582 humanis

2057 4605 2262 4669 colitur,
2288 4606 2518 4677 indigens
2545 4607 2756 4678 aliquo;
2778 4609 2900 4678 quia
2932 4609 3033 4665 hoc
3051 4600 3157 4666 non
3180 4613 3308 4668 satis
3334 4623 3472 4685 erat,
3491 4617 3637 4672 nullo

2058 4709 2237 4765 egere,
2267 4703 2325 4750 ut
2350 4695 2594 4763 dixerat;
2624 4713 2744 4759 mm
2765 4698 3001 4756 divinum
3021 4701 3234 4771 quidem
3263 4703 3389 4760 illud
3412 4715 3517 4774 est,
3539 4707 3634 4763 sed

2056 4784 2200 4841 aliud
2230 4788 2557 4858 requiritur:
2590 4788 2808 4858 adjicit:
2838 4789 2865 4844 1
2873 4808 2961 4861 pse
2986 4793 3114 4848 dans
3143 4795 3371 4851 omnibus
3399 4799 3550 4852 vitam
3585 4807 3633 4854 et

2055 4879 2288 4949 spiritum
2329 4891 2375 4933 et
2416 4881 2607 4934 omnia.
2656 4880 2770 4938 Duo
2811 4881 3104 4938 divinitatis
3136 4884 3332 4942 indicia
3374 4887 3630 4955 exhibet,

2117 5054 2193 5119 (a)
2215 5057 2299 5105 Hic
2320 5061 2451 5119 notat
2481 5054 2731 5119 Dounaeus
2743 5058 2795 5107 in
2810 5057 3064 5119 isavilianis
3084 5070 3214 5112 nous
3235 5073 3249 5110 :
3272 5060 3506 5115 Platonici
3527 5063 3628 5116 dis-

2054 5114 2273 5180 tinguunt
2316 5114 2591 5180 diligenter,
2624 5116 2758 5180 deos,
2782 5118 3023 5172 dtenwnes
3054 5128 3102 5172 et
3138 5120 3328 5174 heroas.
3362 5132 3486 5175 Deos
3504 5114 3631 5177 enim

2124 5176 2491 5249 ’summogradu
2513 5176 2708 5241 ponunt,
2723 5176 2837 5243 quos
2851 5181 3018 5249 cicero
3247 5184 3479 5249 majorum
3501 5176 3628 5249 gen,-

2054 5239 2175 5288 tium
2189 5238 2417 5308 appellat.
2445 5238 2827 5308 Daemonesth
2850 5241 2968 5308 illis,
2986 5244 3069 5308 qui
3090 5245 3226 5296 nobis
3241 5238 3418 5308 ang'eti.
3444 5238 3629 5298 Promi-

2053 5312 2167 5370 sque
2189 5304 2347 5370 tamen
2359 5306 2668 5370 usurpentur
2690 5301 2795 5353 haec
2818 5301 3060 5367 vocabula,
3086 5312 3140 5357 ut
3157 5306 3287 5370 apud
3304 5301 3508 5370 'poetam
3541 5316 3630 5358 Ju-

2052 5358 2175 5419 ρίιεν
2198 5358 2541 5432 ρίοβείξεέεαξε
2576 5375 2669 5432 ee
2690 5371 2863 5432 δαειιρνας
2885 5372 3033 5432 eum.
3047 5358 3199 5430 ἰιιιοίί
3212 5358 3498 5432 Alcimus
3518 5383 3629 5432 quo-

2054 5388 2163 5419 μησί
2198 5388 2246 5422 μ’
2259 5388 2505 5424 υιιιιοιιιιυ
2521 5395 2536 5419 ν
2620 5388 2669 5413 τα.
2690 5388 2863 5422 causam
2885 5388 3033 5428 αλιως,
3060 5388 3187 5430 quoa
3212 5388 3280 5416 au
3317 5388 3498 5420 ιιδιπιιιδ
3518 5388 3624 5432 ιμιο·

2054 5432 2148 5500 que
2168 5419 2381 5500 gﬂirmat
2407 5420 2468 5500 de
2486 5388 2684 5500 girirate
2707 5423 2816 5500 Dei,
2838 5425 2870 5475 ι.
2896 5426 2956 5500 εξ..
2979 5444 3002 5473 α
3023 5435 3257 5500 Nopgrum
3276 5388 3624 5500 ἔιεῃνπιίονψῃ

2056 5481 2243 5551 uidetur
2264 5481 2567 5551 «immittatur
2588 5497 2722 5551 esse;
2745 5501 2771 5551 ig
2797 5481 2886 5536 hoc
2905 5486 3035 5537 idem
3056 5488 3291 5551 obiectum
3317 5495 3389 5551 est
3418 5491 3621 5542 Socrati.

2052 5543 2297 5605 Homerus
2318 5544 2439 5592 item
2459 5544 2582 5594 deos
2613 5545 2854 5595 interdum
2878 5556 3018 5597 vocat
3052 5543 3311 5600 daemonas.
3336 5550 3473 5602 Idem
3494 5551 3625 5605 Dou-

2055 5617 2190 5654 naeus
2211 5604 2273 5653 de
2296 5604 2463 5672 stoicis
2485 5617 2497 5652 :
2517 5604 2778 5672 stoicorum
2799 5606 2960 5672 opinio
2979 5608 3070 5672 fuit
3089 5645 3103 5670 ,
3137 5618 3187 5661 ut
3208 5613 3274 5661 ad
3316 5621 3585 5664 extremum
3607 5649 3621 5672 ,

2056 5678 2168 5736 cum
2182 5664 2395 5736 mundus
2437 5664 2756 5736 conﬂagraret
2773 5704 2787 5727 ,
2812 5664 3075 5732 absumptis
3092 5664 3278 5735 quibus
3302 5672 3380 5725 sat
3413 5680 3462 5726 et
3482 5664 3617 5728 astri}

2056 5726 2250 5778 aluntur
2274 5725 2567 5787 humoribus,
2590 5725 2747 5778 omnia
2768 5725 3082 5794 ignescerent.
