4108 6172
478 324 577 379 ‘37!

477 437 623 512 quod
652 439 796 494 nullo
819 437 1151 509 intligeat,et
1169 435 1310 508 quod
1334 434 1582 490 omnibus
1603 431 1779 486 omnia
1807 431 2061 502 praebeat.

481 534 596 588 lluc
617 532 805 589 cenl‘er
827 534 1140 602 omniaquae
1161 530 1226 585 de
1246 529 1354 584 Deo
1369 528 1516 582 Plato
1540 525 1940 597 philosophatus
1959 534 2060 591 est,

478 639 598 693 qum
625 624 884 694 Epicurus
910 665 923 687 ,
957 631 1012 676 et
1058 622 1172 676 haec
1214 619 1392 674 omnia
1436 617 1536 672 illis
1581 625 1883 686 comparata
1913 631 2066 686 nuga:

478 721 625 767 sunt.
676 712 821 766 Dans
847 754 860 778 ,
909 713 1108 783 inquit,
1141 711 1296 764 vitam
1321 719 1366 762 et
1395 708 1646 779 spiritum.
1699 708 1833 761 Ecce
1873 708 2066 760 auiune

477 820 690 874 quoque
718 805 890 875 ipsum
920 812 1220 859 creatorem
1251 801 1380 855 facit
1401 841 1415 864 ,
1448 815 1551 852 non
1580 798 1898 871 genitorem.
1934 796 2066 855 Vide

479 911 690 950 rursum
737 894 1009 966 quomodo
1055 893 1296 948 destruat
1339 905 1644 946 sermonem
1689 889 1758 944 de
1798 888 2062 943 materia:

482 985 720 1057 Fecitque
741 1027 755 1051 ,
787 986 997 1054 inquit,
1040 1001 1103 1038 ea:
1133 1000 1233 1037 uno
1273 983 1520 1053 sanguine
1549 997 1696 1035 omne
1722 997 1877 1051 genus
1906 979 2068 1033 homi-

481 1094 623 1142 num,
657 1077 883 1130 habitare
907 1093 1058 1140 super
1083 1091 1277 1129 onmem
1298 1076 1479 1146 facient
1510 1083 1672 1127 ιε’-ναξ.
1700 1073 1822 1128 ΙΙωο
1848 1073 2065 1126 meliora

483 1171 584 1224 illis
604 1210 618 1235 ,
650 1176 706 1223 et
733 1167 1013 1223 confutant
1043 1175 1252 1221 atomos
1277 1165 1683 1235 materiamque.
1717 1164 1810 1218 llic
1837 1162 2068 1218 ostendit

483 1277 588 1314 non
617 1276 736 1316 esse
763 1260 1009 1330 partitam
1037 1275 1209 1329 neque
1237 1257 1466 1311 hominis
1488 1256 1740 1310 animam.
1763 1255 1916 1323 Quod
1942 1268 2068 1308 vero

483 1352 555 1408 iiii
583 1352 805 1415 dicunt,
844 1350 947 1406 hoc
975 1366 1081 1403 non
1113 1357 1194 1404 est
1233 1363 1354 1404 esse
1383 1347 1734 1414 conditorem.
1781 1343 1911 1400 Cum
1940 1344 2070 1399 dicit

483 1455 660 1500 autem
693 1459 799 1498 non
833 1443 1080 1498 manibus
1108 1440 1357 1497 humanis
1384 1440 1486 1495 coli
1515 1440 1679 1494 Deum
1705 1481 1721 1508 ,
1767 1439 2068 1494 subindicat

483 1539 630 1593 illum
661 1539 840 1592 animo
866 1547 916 1591 et
946 1547 1126 1591 mente
1152 1535 1276 1590 coli.
1310 1533 1409 1587 llic
1432 1575 1446 1601 ,
1477 1533 1679 1604 inquit,
1707 1532 1820 1587 ια’ίὶ
1849 1543 1894 1587 et
1925 1541 2069 1586 terrae

483 1648 596 1685 cum
631 1630 694 1685 sit
736 1628 1003 1682 Dominus.
1047 1626 1162 1682 Non
1193 1639 1322 1697 ergo
1351 1624 1623 1680 dzcmones
1659 1623 1870 1693 quidem
1905 1637 2064 1693 pecu-

482 1727 662 1782 liares.
703 1724 841 1780 Deus
879 1726 964 1794 qui
993 1725 1108 1795 fecit
1151 1723 1428 1788 mundum,
1474 1731 1521 1776 et
1553 1720 1720 1774 omnia
1750 1734 1861 1788 qua:
1899 1718 1950 1771 in
1979 1717 2068 1770 illo

441 1827 617 1872 .sunt.
666 1817 800 1872 Cum
850 1818 996 1886 prius
1044 1814 1368 1870 ostendisset
1413 1810 1683 1883 quomodo
1730 1808 1957 1863 mundus
2001 1808 2070 1861 sit

484 1909 650 1965 iactus
671 1951 685 1975 ,
721 1918 845 1963 tunc
873 1907 1198 1973 declaravit,
1231 1905 1374 1976 quod
1404 1920 1511 1959 non
1543 1905 1599 1958 in
1631 1901 1945 1957 Inanul'aetis
1973 1900 2068 1953 ha-

483 2001 612 2056 bitet
638 2017 654 2065 ;
696 2016 758 2056 ac
785 2002 828 2055 si
857 2001 1100 2055 diceret:
1132 1999 1186 2056 Si
1220 1999 1385 2065 Deus,
1415 1997 1593 2052 omnia
1624 1997 1805 2066 utique
1834 1993 1957 2049 fecit
1981 2008 1996 2058 ;
2024 1993 2067 2046 si

484 2109 588 2148 non
621 2091 748 2148 fecit
767 2135 783 2158 ,
812 2109 919 2147 non
950 2093 1112 2147 Deus.
1138 2090 1248 2156 Dii,
1274 2091 1468 2159 inquit,
1497 2090 1582 2160 qui
1607 2087 1785 2142 ca'lunt
1811 2096 1857 2141 et
1887 2095 2069 2139 terram

484 2202 587 2239 non
616 2189 843 2257 fecerunt
870 2227 886 2252 ,
918 2192 1143 2252 pereant.
1189 2182 1352 2238 Multo
1379 2180 1578 2249 majora
1605 2221 1619 2246 ,
1647 2195 1806 2250 quam
1836 2177 1908 2232 illi
1935 2219 1948 2241 ,
1976 2177 2071 2228 do—

483 2286 658 2347 gmata
690 2277 892 2331 inducit
920 2274 1153 2346 (tametsi
1177 2274 1408 2329 nondum
1433 2289 1618 2342 magna
1647 2272 1808 2337 dixit;
1838 2269 2068 2324 nondum

489 2369 632 2423 enim
680 2377 891 2438 tempus
936 2378 1088 2433 erat;
1136 2366 1229 2422 sed
1276 2366 1428 2437 quasi
1472 2365 1649 2434 pueris
1699 2362 2067 2434 loquebatur),

487 2461 816 2516 creationem
836 2501 850 2525 ,
880 2459 1298 2514 dominationem
1323 2500 1337 2524 ,
1372 2455 1872 2526 non—indigentiam.

556 2551 610 2606 ὅ.
634 2550 768 2606 Cum
789 2551 1013 2607 dixisset
1031 2558 1207 2606 autem
1233 2549 1380 2604 illum
1407 2564 1472 2603 cx
1498 2563 1602 2603 uno
1625 2548 1882 2616 sanguine
1913 2560 2071 2599 omne

486 2659 655 2714 genus
683 2643 960 2700 hominum
1005 2641 1231 2706 fecisse,
1285 2642 1523 2697 omnium
1554 2656 1769 2696 causam
1808 2640 2069 2695 bonorum

491 2734 872 2790 ntanil'cstavit.
904 2732 1037 2803 Quid
1067 2732 1189 2787 huic
1219 2731 1532 2799 sublimitati
1581 2731 1712 2801 par?
1738 2729 1869 2784 Nam
1913 2729 2071 2782 mira-

489 2827 596 2884 bile
622 2825 836 2896 quidem
870 2833 952 2880 est
981 2841 1044 2880 ex
1074 2839 1181 2880 uno
1207 2833 1283 2880 tot
1310 2823 1540 2890 fecisse;
1569 2821 1713 2894 quod
1741 2829 1920 2876 autem
1951 2835 2063 2874 om-

488 2933 587 2974 nes
633 2907 722 2973 ille
771 2916 932 2972 simul
977 2915 1276 2979 contineat,
1331 2911 1508 2971 adlmc
1559 2913 1716 2983 longe
1755 2909 2070 2965 mirabilius.

487 3007 636 3061 Dans
661 3049 674 3072 ,
715 3006 916 3076 inquit,
941 3005 1169 3058 omnibus
1205 3003 1438 3074 spiritum
1467 3011 1516 3056 et
1558 3003 1732 3054 vitam.
1765 2999 1904 3066 Quid
1948 3009 2032 3055 est
2055 3040 2071 3064 ,

492 3099 755 3168 Deﬁniens
783 3098 1062 3168 prazstitnla
1094 3106 1322 3166 tempora
1370 3104 1416 3148 et
1462 3095 1700 3148 terminos
1753 3093 2076 3146 habitationis

491 3207 686 3257 eorum,
717 3205 942 3261 quwrere
970 3187 1156 3254 Deum,
1181 3187 1224 3240 si
1248 3191 1378 3258 forte
1398 3194 1657 3240 altrectent
1685 3202 1798 3239 eum
1827 3195 1911 3237 aut
1934 3185 2075 3238 inve-

490 3287 631 3339 niant
649 3283 673 3335 2’
693 3281 808 3336 Non
828 3281 1117 3350 cogebatur
1135 3280 1274 3351 quis,
1300 3277 1491 3349 inquit,
1513 3276 1738 3332 circuire
1759 3285 1812 3331 et
1836 3289 2077 3346 qurerere

495 3378 663 3431 Deum
699 3394 712 3430 :
746 3376 830 3430 vel
859 3375 903 3429 si
936 3388 1042 3428 non
1073 3372 1194 3438 hoc,
1228 3373 1351 3444 quia
1394 3371 1632 3427 decrevit
1654 3379 1714 3426 ut
1763 3371 1902 3426 Deus
1928 3385 2076 3438 qua-.-

493 3477 658 3524 ratur.
693 3469 760 3521 At
805 3481 912 3520 non
944 3480 1158 3534 semper
1196 3464 1298 3518 hoc
1341 3462 1645 3518 faciendum
1672 3462 1912 3518 deﬁnivit
1934 3504 1950 3528 ,
1981 3460 2076 3517 sed

493 3559 806 3629 praestitutis
851 3556 1202 3625 temporibus.
1252 3554 1363 3610 lloc
1401 3570 1527 3610 vero
1577 3555 1707 3610 dicit
1749 3553 2074 3617 ostendens,

495 3667 669 3722 neque
694 3665 836 3705 nunc
864 3657 1166 3721 quaerentes
1206 3648 1510 3714 invenisse,
1551 3647 1762 3703 etiamsi
1807 3648 1876 3702 ita
1908 3647 2077 3702 mani-

496 3743 663 3798 festus
693 3750 854 3805 esset,
887 3749 945 3794 ut
975 3741 1325 3807 inveniretur,
1364 3755 1426 3793 ac
1454 3741 1498 3794 si
1535 3739 1660 3810 quid
1701 3740 1751 3793 in
1781 3739 1957 3795 medio
1986 3754 2078 3810 po-

493 3837 656 3890 situm
703 3835 1002 3905 palpemus.
1031 3833 1215 3904 Neque
1245 3833 1388 3889 enim
1421 3833 1511 3888 hic
1533 3841 1648 3888 erat
1687 3833 1878 3888 caelum
1899 3874 1914 3898 ,
1951 3832 2078 3886 alibi

496 3943 602 3984 non
630 3944 643 3992 ;
673 3942 846 3998 neque
869 3928 919 3981 in
953 3927 1054 3982 hoc
1076 3935 1314 3997 tempore
1343 3935 1458 3981 erat
1485 3968 1498 3993 ,
1529 3927 1580 3981 in
1609 3927 1714 3980 alio
1743 3942 1868 3981 non.
1899 3925 2078 3996 Itaque

496 4029 551 4077 et
578 4020 723 4074 omni
752 4029 994 4090 tempore
1014 4061 1028 4083 ,
1061 4026 1114 4074 et
1144 4017 1193 4072 in
1228 4018 1476 4074 omnibus
1506 4019 1748 4073 terminis
1792 4026 1967 4088 potest
1999 4019 2080 4072 in-

496 4113 684 4169 veniri.
707 4112 796 4168 Sic
821 4111 1150 4181 dispensavit
1174 4120 1232 4165 ut
1252 4119 1602 4182 quaereretur,
1626 4120 1685 4164 ut
1711 4125 1811 4166 nec
1833 4110 1952 4165 loco
1980 4125 2080 4166 nec

494 4215 735 4275 tempore
761 4202 1160 4274 prohibeamur.
1193 4202 1356 4258 Certe
1386 4201 1489 4257 hoc
1516 4204 1690 4273 ipsum
1720 4203 1824 4257 illis
1847 4203 2078 4257 maxime

493 4296 812 4367 profuisset,
845 4295 889 4349 si
917 4295 1131 4366 quidem
1163 4294 1459 4350 voluissent
1487 4295 1536 4361 ις
1584 4294 1727 4364 quod
1770 4294 1968 4364 ubique
2009 4293 2079 4348 sit

492 4390 682 4444 caelum
709 4399 763 4444 ct
802 4397 905 4445 stet
933 4388 1077 4443 omni
1109 4397 1368 4459 tempore.
1400 4388 1524 4444 Ideo
1551 4389 1628 4443 sic
1663 4388 1790 4444 dicit
1821 4407 1834 4443 :
1883 4387 2074 4453 Quanto

492 4482 565 4536 vis
607 4497 707 4535 non
753 4481 900 4553 longe
943 4482 1006 4536 sit
1035 4481 1096 4534 ab
1127 4497 1424 4553 unoquoque
1462 4491 1729 4545 nostrum;
1772 4480 1865 4536 sed
1915 4494 2079 4549 prope

491 4573 561 4626 sit
588 4573 872 4635 omnibus;
903 4571 1005 4626 hoc
1042 4581 1127 4626 est
1156 4588 1170 4627 :
1220 4571 1336 4625 Non
1367 4571 1528 4625 modo
1557 4571 1718 4625 vitam
1747 4581 1801 4626 et
1828 4570 2075 4639 spiritum

491 4664 638 4719 dedit
660 4673 713 4718 et
734 4663 936 4726 omnia,
957 4679 1144 4718 verum
1161 4663 1341 4725 etiam,
1364 4663 1503 4732 quod
1526 4672 1685 4732 caput
1709 4672 1792 4718 est
1813 4661 2073 4729 omnium,

491 4756 557 4808 ad
589 4755 669 4810 sui
700 4754 1058 4822 cognitionem
1088 4755 1278 4820 traxit,
1313 4753 1428 4808 hmc
1452 4753 1652 4821 dando,
1678 4770 1777 4826 per
1813 4770 1932 4824 qum
1958 4771 2079 4826 pos-

493 4849 663 4904 simus
693 4845 843 4902 illum
873 4846 1114 4901 invenire
1144 4856 1196 4900 et
1218 4845 1646 4916 apprehendere.
1677 4845 1782 4901 Sed
1812 4846 2078 4901 noluimus

495 4953 743 5010 quatrere
763 4975 780 5004 ,
807 4937 908 4991 etsi
939 4936 1005 4990 ad
1035 4935 1197 5006 pedes
1228 4945 1391 4991 esset.
1421 4935 1542 4990 Non
1573 4935 1738 5008 longe,
1771 4936 1972 5007 inquit,
2015 4937 2078 4990 ab

491 5043 792 5100 unoquoque
819 5036 1068 5081 nostrum.
1101 5026 1287 5096 Paptel
1311 5027 1557 5082 omnibus
1581 5042 1746 5097 prope
1776 5042 1898 5084 esse
1927 5028 2076 5094 dicit,

490 5120 580 5189 qui
629 5117 836 5172 suntin
880 5115 1012 5170 orbe
1060 5125 1344 5170 terrarum.
1373 5115 1508 5184 Quid
1551 5117 1652 5173 hoc
1701 5118 1915 5188 majus?
1947 5117 2079 5174 Vide

492 5209 764 5280 quomodo
811 5209 1026 5279 partitos
1077 5207 1334 5262 confutet.
1389 5208 1524 5275 Quid
1565 5209 1686 5264 dico
1730 5210 1956 5278 procul?
2004 5209 2076 5264 lta

494 5319 660 5374 prope
695 5312 807 5368 est,
837 5311 898 5356 ut
934 5302 1052 5356 sine
1097 5301 1215 5370 ipso
1263 5317 1369 5355 non
1397 5301 1621 5356 vivatur.
1669 5301 1735 5356 In
1783 5305 1892 5374 ipso
1946 5305 2078 5357 enim

491 5398 699 5450 vivimus
725 5405 770 5450 et
793 5411 1049 5448 movemur
1075 5404 1120 5448 ct
1148 5411 1342 5448 sumus.
1360 5393 1518 5461 Quasi
1541 5409 1801 5462 corporeo
1832 5395 2079 5463 exemplo

494 5487 797 5557 huiusmodi
845 5486 1119 5556 quidpiam
1179 5485 1317 5539 dicit
1354 5503 1367 5539 :
1413 5485 1580 5539 Sicut-
1614 5485 1943 5553 impossibile
1998 5493 2081 5540 est

495 5579 742 5646 ignorare
762 5593 941 5635 aerem
971 5578 1170 5647 ubique
1195 5574 1446 5632 dill'usum
1469 5618 1483 5641 ,
1516 5593 1618 5631 non
1646 5575 1830 5646 procul
1855 5576 1923 5631 ab
1945 5589 2077 5628 uno.

558 5754 574 5784 ¹
595 5752 732 5806 Ilzec.
754 5753 794 5802 si
813 5754 1002 5816 quidem
1018 5751 1287 5814 voluissent,
1313 5753 1493 5804 desunt
1512 5755 1562 5802 in
1584 5751 1890 5816 quibusdam.

1185 319 1241 377 S.
1280 317 1554 375 IOANNIS
1591 315 2060 373 CIlRYSOSTOMl
2104 315 2417 373 AllClllEP.
2457 316 2990 375 CONSTANTINUP.

3660 319 3765 374 37-2

2179 446 2392 502 quoque
2432 441 2670 488 nostrum
2717 449 2871 501 esse,
2924 435 3032 489 imo
3074 442 3128 490 et
3177 433 3228 488 in
3275 435 3430 490 nobis
3473 450 3640 490 esse:
3691 437 3760 489 ita

2173 525 2335 580 etiam
2396 527 2632 580 omnium
2689 527 3022 582 Creatorem.
3079 527 3213 582 Vide
3260 527 3530 595 quomodo
3584 528 3762 582 omnia

2175 617 2339 687 ipsius
2376 632 2496 674 esse
2539 618 2680 673 dicat
2728 636 2742 673 :
2791 619 3182 690 providentiam
3233 619 3374 673 illius
3421 633 3542 674 esse
3587 618 3716 673 dicit
3752 638 3766 675 :

2172 709 2653 774 conservationem,
2674 709 2815 780 quod
2837 710 3016 765 abillo
3035 711 3357 772 sintomnia,
3384 711 3636 778 Operandi
3655 711 3762 765 vim

2173 799 2426 868 habeant,
2472 809 2525 854 et
2555 816 2661 856 non
2689 809 2936 872 pereant.
2972 800 3083 856 Nec
3121 801 3276 865 dixit,
3304 801 3406 856 Per
3452 801 3634 867 illum;
3665 803 3760 857 sed

2173 891 2315 962 quod
2346 893 2564 962 propius
2609 902 2688 948 est
2715 934 2728 958 ,
2761 888 2825 946 In
2854 893 2964 946 illo.
2997 892 3136 946 Nihil
3172 893 3276 947 tale
3301 892 3437 947 dixit
3469 902 3622 960 poeta
3651 893 3762 959 ille,

2174 983 2349 1054 Ipsius
2375 987 2536 1050 enim,
2567 985 2836 1056 inquiens,
2867 1001 3024 1056 genus
3044 1001 3220 1040 sumus
3237 1001 3256 1049 ,'
3285 984 3380 1040 sed
3418 985 3508 1040 ille
3536 985 3604 1040 de
3629 985 3764 1042 Jove

2173 1077 2326 1146 dixit,
2360 1077 2446 1133 hic
2473 1093 2600 1133 vero
2621 1077 2688 1133 de
2719 1078 2975 1134 Creatore
2998 1078 3100 1133 hoc
3125 1078 3318 1148 accipit
3349 1095 3361 1131 :
3393 1093 3491 1132 nec
3517 1079 3762 1134 eumdem

2175 1169 2348 1238 ipsum
2379 1169 2578 1223 indicat
2609 1169 2718 1234 ille,
2741 1168 2881 1223 absit
2905 1184 2919 1234 ;
2951 1167 3046 1224 sed
3073 1184 3192 1239 qua:
3212 1167 3281 1224 de
3305 1167 3397 1222 illo
3418 1167 3559 1223 dicta
3585 1180 3760 1234 erant,

2176 1263 2285 1318 Deo
2313 1263 2397 1318 cui
2424 1263 2802 1333 competebant
2847 1261 3163 1316 adscribens
3207 1279 3220 1314 :
3257 1277 3380 1315 nam
3409 1277 3557 1316 aram
3607 1261 3764 1330 hujus

2173 1369 2294 1409 esse
2318 1353 2484 1419 dicit,
2513 1370 2619 1408 non
2652 1354 2828 1420 illius,
2861 1369 3022 1425 quem
3052 1353 3151 1424 ipsi
3190 1353 3462 1411 colebant.
3507 1353 3761 1420 Quaedam

2175 1446 2318 1502 enim
2346 1444 2487 1501 dicta
2517 1453 2572 1501 et
2593 1443 2730 1500 facta
2758 1455 2882 1500 sunt
2907 1445 2971 1498 ad
3001 1459 3186 1499 verum
3217 1445 3380 1499 Deum
3406 1444 3760 1514 pertinentia;

2174 1553 2357 1594 verum
2386 1536 2694 1593 nesciebant
2719 1536 2890 1592 Graeci
2922 1537 2988 1591 ad
3032 1551 3154 1592 eum
3199 1541 3508 1607 pertinere,
3559 1535 3655 1592 sed
3694 1535 3764 1590 de

2175 1629 2279 1683 alio
2311 1628 2643 1683 intellexere.

2247 1721 2410 1786 Illud,
2436 1720 2620 1793 Ignoto
2654 1719 2780 1786 Deo,
2808 1721 3059 1792 quomodo
3090 1721 3154 1776 sit
3175 1719 3654 1790 intelligendum.—
3672 1719 3765 1774 Dic

2174 1815 2317 1869 enim
2348 1814 2498 1882 mihi,
2527 1814 2594 1870 de
2614 1829 2721 1884 quo
2773 1814 2988 1884 proprie
3015 1814 3246 1881 dicatur,
3281 1813 3465 1885 Ignoto
3508 1812 3661 1879 Deo;
3695 1813 3764 1869 de

2175 1903 2449 1972 Creatore,
2479 1921 2547 1960 an
2578 1905 2862 1960 diemone?
2897 1905 3091 1975 Utique
3120 1904 3186 1960 de
3214 1905 3475 1959 Creatore
3507 1923 3520 1958 :
3551 1905 3762 1959 etiamsi

2177 1997 2323 2051 illum
2347 1995 2560 2066 quidem
2603 1996 2918 2067 ignorarint,
2945 1995 3087 2050 hunc
3109 2010 3235 2050 vero
3264 1996 3532 2051 noverint.
3557 1995 3764 2050 Simili-

2178 2097 2258 2141 ter
2285 2087 2443 2142 etiam
2468 2128 2484 2154 ,
2525 2086 2665 2158 quod
2696 2087 2872 2140 omnia
2906 2086 3110 2149 iecerit,
3142 2085 3209 2140 de
3249 2085 3363 2140 Deo
3393 2087 3608 2155 proprie
3632 2086 3766 2140 dici-

2176 2189 2282 2246 tur,
2322 2196 2427 2236 non
2453 2181 2521 2236 de
2547 2180 2678 2236 Jove
2699 2223 2711 2246 ,
2745 2181 2977 2235 scelesto
3003 2189 3056 2235 et
3081 2180 3414 2235 exsecrando
3454 2180 3666 2234 homine
3702 2196 3765 2233 ac

2178 2273 2583 2343 prmstigiatore.
2633 2272 2831 2326 Paulus
2883 2284 3030 2327 certe
3092 2287 3198 2326 non
3253 2272 3413 2326 simili
3460 2281 3622 2341 atque
3674 2272 3766 2325 ille

2178 2365 2337 2419 modo
2367 2365 2518 2432 dixit,
2550 2364 2721 2434 Ipsius
2751 2365 2882 2418 enim
2913 2373 2961 2417 et
3001 2380 3160 2435 genus
3201 2381 3408 2430 sumus;
3449 2364 3623 2429 absit,
3671 2364 3762 2419 sed

2177 2457 2278 2512 alia
2307 2467 2519 2523 mente;
2550 2473 2716 2527 genus
2744 2456 2887 2512 enim
2917 2457 3034 2527 ejus
3060 2473 3164 2512 non
3204 2472 3323 2512 esse
3346 2458 3504 2522 dixit,
3536 2456 3637 2511 hoc
3659 2467 3762 2522 est,

2179 2549 2522 2614 domesticos,
2559 2549 2857 2620 proximos,
2889 2558 2941 2603 et
2961 2549 3112 2619 quasi
3140 2549 3260 2619 quis
3289 2547 3506 2614 dixerit,
3538 2549 3762 2617 propin-

2178 2656 2312 2711 quos
2333 2651 2388 2696 et
2413 2643 2632 2697 vicinos.
2675 2641 2750 2697 Ne
2778 2643 2921 2698 enim
2958 2657 3144 2699 rursus
3181 2643 3462 2710 dicerent,
3513 2642 3660 2696 Nora
3685 2643 3766 2695 in-

2178 2733 2310 2804 gcris
2333 2733 2540 2787 auribus
2565 2733 2748 2787 nostris
2787 2733 2945 2803 (nihil
2974 2733 3116 2788 enim
3167 2734 3244 2788 sic
3289 2733 3595 2787 hominibus
3633 2748 3764 2788 cou-

2180 2823 2460 2894 trarium).
2491 2831 2704 2894 poetam
2733 2823 2786 2878 in
2819 2823 3051 2878 medium
3095 2823 3329 2877 adducit.
3366 2822 3550 2892 Neque
3588 2823 3761 2888 dixit,

2181 2913 2295 2968 Non
2323 2914 2531 2969 debetis
2562 2922 2750 2985 putare
2779 2929 2912 2968 auro
2943 2923 3034 2968 aut
3064 2925 3288 2983 argento
3323 2914 3489 2968 Deum
3525 2929 3643 2968 esse
3687 2913 3762 2967 si-

2182 3008 2360 3062 milein
2387 3049 2401 3073 ,
2452 3022 2485 3062 o
2514 3007 2728 3063 sceleSti
2769 3015 2823 3062 et
2851 3005 3201 3062 exsecrandi!
3247 3006 3341 3061 sed
3392 3008 3604 3078 mitius,
3655 3005 3766 3060 Hoc

2181 3119 2280 3155 non
2307 3100 2538 3154 debemus
2563 3100 2847 3164 arstimare,
2884 3099 3077 3170 inquit,
3109 3099 3202 3155 sed
3241 3115 3403 3169 super
3444 3101 3567 3155 hoc.
3597 3100 3763 3166 Quid-

2182 3209 2304 3248 nam
2347 3201 2431 3247 est
2455 3208 2612 3261 super
2635 3190 2773 3245 hoc?
2812 3191 2987 3257 Deus;
3017 3191 3109 3246 sed
3139 3207 3313 3260 neque
3349 3190 3450 3245 hoc
3479 3193 3598 3261 (est
3623 3191 3764 3245 enim

2182 3285 2436 3341 el'lieacim
2467 3281 2706 3355 nomen),
2739 3281 2832 3337 sed
2861 3283 3072 3338 interim
3103 3283 3204 3337 hoc
3234 3300 3246 3334 :
3282 3291 3485 3338 tantum
3512 3297 3765 3353 negamus

2184 3377 2351 3431 Deum
2388 3374 2508 3429 huic
2547 3389 2666 3429 esse
2695 3374 2922 3428 similem
2955 3393 2968 3428 :
3005 3374 3124 3443 quis
3175 3374 3317 3427 enim
3366 3373 3607 3429 dixerit?
3641 3373 3766 3427 Vide

2185 3466 2454 3539 quomodo
2481 3467 2856 3535 incorporeum
2884 3466 3189 3520 introducit.
3218 3466 3365 3520 Mens
3385 3466 3527 3520 enim
3556 3467 3766 3536 quando

2183 3560 2485 3631 Suspicatur
2503 3573 2730 3628 corpus,
2766 3559 2926 3612 etiam
2958 3556 3264 3612 distantiam
3292 3557 3629 3628 imaginatur.
3664 3556 3761 3610 Ge-

2185 3669 2279 3706 nus
2307 3667 2424 3721 ergo
2467 3667 2581 3704 cunt
2617 3651 2774 3704 simus
2803 3648 2919 3715 Dei,
2951 3665 3051 3702 non
3079 3649 3340 3712 debemus,
3365 3649 3568 3719 inquit,
3594 3650 3764 3701 existi-

2184 3759 2324 3797 mare
2346 3758 2470 3795 auro
2505 3750 2592 3795 aut
2627 3750 2835 3811 argento
2879 3749 2965 3793 aut
3012 3740 3206 3809 lapidi,
3238 3740 3510 3809 sculptura:
3551 3740 3674 3792 artis
3722 3749 3765 3791 et

2184 3833 2497 3905 cogitationis
2537 3832 2752 3885 hominis
2779 3872 2792 3896 ,
2841 3830 3003 3884 Deum
3043 3846 3150 3885 esse
3185 3829 3422 3885 similem.
3465 3830 3534 3883 At
3575 3829 3766 3884 dixerit

2183 3923 2444 3994 quispiam
2471 3963 2485 3988 ,
2528 3921 2643 3976 Non
2676 3921 2777 3975 hoc
2806 3929 3094 3990 putamus:
3141 3935 3240 3975 cur
3278 3936 3406 3990 ergo
3453 3920 3555 3975 hoc
3597 3921 3767 3975 dicit?

2185 4015 2290 4072 Sed
2319 4014 2385 4069 ad
2417 4012 2813 4069 multitudinem
2866 4012 3186 4082 loquebatur
3230 4011 3343 4081 ipse
3365 4054 3380 4078 ,
3413 4027 3478 4067 ac
3528 4013 3607 4067 sic
3637 4012 3767 4066 bene

2186 4107 2338 4162 dixit.
2367 4105 2499 4160 Nam
2524 4104 2566 4159 si
2597 4119 2694 4159 nos
2720 4103 3011 4159 secundum
3039 4104 3271 4158 animam
3311 4118 3416 4158 non
3445 4118 3629 4159 sumus
3670 4103 3769 4156 illis

2185 4196 2387 4252 similes
2408 4237 2421 4259 ,
2452 4195 2620 4250 multo
2648 4195 2825 4250 minus
2857 4195 3017 4249 Deus.
3071 4194 3288 4249 Interim
3336 4193 3554 4250 abducit
3582 4195 3700 4248 illos
3741 4214 3766 4244 a

2189 4287 2514 4358 suspicione.
2546 4285 2662 4340 Non
2691 4285 2852 4341 modo
2883 4287 3167 4356 scalpturae
3186 4287 3319 4340 artis
3348 4296 3558 4341 nonest
3584 4285 3770 4341 similis

2188 4381 2348 4444 Deus,
2389 4377 2482 4434 sed
2509 4393 2682 4448 neque
2711 4379 2801 4433 ulli
2829 4379 2918 4433 alii
2947 4377 3194 4434 humana:
3219 4379 3528 4449 cogitationi
3556 4379 3768 4449 subjici-

2188 4485 2274 4526 tur
2307 4490 2320 4524 :
2355 4486 2478 4525 nam
2519 4470 2603 4526 vel
2633 4485 2722 4525 ars
2748 4471 2834 4526 vel
2864 4485 3014 4526 mens
3061 4471 3283 4525 invenit.
3315 4469 3440 4526 Ideo
3482 4471 3560 4526 sic
3595 4471 3724 4525 dicit
3756 4488 3767 4522 :

2186 4563 2244 4618 Si
2274 4562 2346 4628 id,
2371 4561 2511 4631 quod
2535 4577 2623 4616 ars
2647 4562 2731 4617 vel
2759 4577 2910 4617 meus
2937 4563 3169 4617 hominis
3214 4562 3450 4630 invenit,
3478 4563 3618 4618 Deus
3656 4571 3768 4625 est.

2185 4653 2309 4706 etsi
2356 4654 2406 4706 in
2457 4652 2635 4721 lapide
2662 4651 2960 4707 substantia
2993 4653 3086 4708 Dei
3123 4673 3135 4708 :
3165 4652 3437 4723 quomodo
3477 4668 3606 4724 ergo
3636 4655 3680 4708 si
3720 4653 3768 4707 in

2187 4744 2302 4814 ipso
2330 4742 2578 4806 vivimus,
2607 4743 2779 4812 ipsum
2810 4758 2914 4798 non
2941 4743 3278 4798 invenimus?
3307 4742 3516 4813 Duplex
3545 4757 3674 4814 ergo
3693 4753 3772 4798 est

2185 4834 2490 4898 accusatio,
2521 4834 2741 4902 etquod
2789 4833 2938 4890 illum
2985 4849 3094 4889 non
3146 4835 3488 4904 invenerint,
3533 4846 3589 4892 et
3633 4834 3770 4908 quod

2186 4927 2319 4982 tales
2356 4924 2678 4980 invenerint.
2724 4923 2871 4978 Mens
2915 4941 3009 4994 per
3071 4927 3305 4998 scipsam
3357 4945 3620 4998 nusquam
3672 4928 3771 4983 (ide

2186 5016 2346 5084 digna
2372 5023 2477 5070 est.
2509 5012 2615 5068 Sed
2643 5023 2923 5084 postquam
2953 5017 3168 5073 illorum
3199 5022 3410 5075 animos
3435 5023 3513 5075 sic
3537 5020 3770 5090 exagita-

2183 5109 2294 5175 vit,
2341 5106 2683 5176 ostenditque
2726 5106 3119 5164 inexcusabiles
3155 5111 3276 5165 illos
3301 5127 3423 5167 esse
3447 5153 3462 5177 ,
3492 5113 3616 5168 vide
3652 5111 3772 5184 quid

2186 5199 2378 5254 subdat
2407 5217 2419 5252 :
2449 5197 2700 5270 Tempora
2743 5199 2945 5269 quidem
2973 5203 3278 5271 ignorantia:
3303 5204 3618 5274 despiciens,
3648 5218 3771 5259 nunc

2185 5292 2452 5343 annuntiat
2486 5289 2713 5343 omnibus
2762 5289 3078 5359 hominibus,
3113 5295 3293 5364 ubique
3335 5305 3388 5348 ut
3434 5297 3773 5365 paenitentiam

2186 5389 2358 5449 agant.
2378 5380 2514 5447 Quid
2542 5382 2703 5451 ergo?
2735 5397 2964 5439 nemone
2996 5385 3208 5438 illorum
3241 5401 3425 5454 ptenas
3448 5387 3582 5441 dat?
3605 5387 3773 5442 Nemo

2186 5480 2334 5526 certe
2363 5488 2580 5539 eorum,
2615 5475 2704 5544 qui
2749 5476 3118 5544 pmuitentiam
3157 5493 3316 5548 agere
3341 5480 3531 5534 velint.
3577 5480 3651 5534 De
3698 5478 3776 5531 his

2188 5565 2452 5635 loquitur;
2487 5582 2591 5618 non
2619 5566 2687 5622 de
2716 5567 2780 5621 iis
2802 5569 2891 5638 qui
2920 5569 3156 5624 defuncti
3184 5579 3330 5638 sunt,
3358 5572 3451 5628 sed
3474 5572 3542 5627 de
3571 5574 3634 5627 iis
3659 5587 3772 5641 qm-

2187 5655 2285 5710 hus
2311 5658 2612 5710 annuntiat.
2642 5657 2755 5711 Non
2779 5660 2977 5728 exigit,
3013 5661 3216 5730 inquit,
3241 5678 3270 5716 a
3303 5663 3454 5718 vobis
3489 5665 3770 5718 rationem.

2192 5747 2306 5802 Non
2324 5748 2478 5816 dixit,
2512 5749 2605 5804 llle
2627 5749 2900 5819 despexit;
2933 5768 3037 5808 non
3061 5753 3216 5823 dixit,
3241 5755 3335 5812 ille
3356 5757 3599 5829 permisit
3622 5773 3636 5825 ;
3659 5753 3772 5820 sed,
