4104 6148
366 262 471 317 275

431 379 495 431 δ’.
529 376 671 448 Ὅρα
688 374 803 437 πῶς
819 371 1014 434 αὐτοὺς
1031 368 1228 437 ἀπάγει
1255 367 1363 419 τῶν
1386 365 1644 437 μερικῶν.
1676 365 1828 418 Διότι
1857 362 2033 429 ἐστη-

363 480 478 518 σεν
510 461 759 532 ἡμέραν,
791 459 973 528 φησὶν,
1004 456 1074 509 ἐν
1096 449 1136 527 ᾖ
1159 453 1373 524 μέλλει
1416 454 1645 519 κρίνειν
1689 453 1806 518 τὴν
1837 451 2032 503 οἰκου-

360 549 556 621 μένην
607 549 677 601 ἐν
725 544 1099 612 δικαιοσύνῃ.
1137 541 1304 612 Ὅρα·
1368 539 1528 592 πάλιν
1576 537 1677 609 τὴν
1710 536 2031 621 οἰκουμένην

366 616 540 704 εἶπεν,
576 634 715 688 οὑτω
744 632 873 695 τοὺς
900 629 1221 701 ἀνθρώπους
1252 624 1455 680 καλῶν.
1494 624 1600 679 Ἐν
1626 623 1799 693 ἀνδρὶ
1823 616 1872 689 ᾧ
1899 621 2025 690 ὤρι-

366 737 501 787 σεν,
552 717 908 787 ἀναστήσας
946 715 1133 770 αὐτὸν
1163 715 1232 767 ἐκ
1252 711 1502 781 νεκρῶν.
1535 711 1678 783 Ὅρα
1730 710 1847 773 πῶς
1876 709 2035 764 πάλιν

364 810 427 865 τδ
453 807 621 870 πάθος
650 806 939 875 ἐδήλωσεν,
970 802 1321 865 ἀναστάσεως
1370 797 1769 871 μνημονεύσας.
1800 797 1925 850 Ὅτι
1978 795 2036 849 δέ

364 895 571 967 ἀληθὴς
597 896 630 964 ἡ
662 892 865 963 κρίσις,
902 888 1058 960 δῆλον
1087 891 1152 942 ἐκ
1186 888 1287 959 τῆς
1326 887 1703 949 ἀναστάσεως·
1766 899 2038 953 συγκατα-

366 983 692 1048 σκευάςεται
729 980 838 1051 γάρ
862 996 876 1010 ’
914 979 1007 1031 καὶ
1035 978 1116 1030 ὅτι
1151 976 1326 1030 πάντα
1351 974 1578 1045 ἀληθείᾳ
1615 969 1758 1036 εἷπε,
1791 972 1950 1042 δῆλον
1977 968 2038 1035 ἐξ

363 1067 440 1125 ὧν
492 1070 715 1138 ἀνέστη.
752 1068 876 1120 Ὀτι
904 1065 960 1119 δέ
1008 1064 1104 1119 καὶ
1133 1066 1265 1118 πᾶσι
1291 1062 1498 1134 ταύτην
1545 1063 1800 1133 παρεῖχον
1831 1059 2033 1121 πίστιν,

364 1157 427 1211 τὸ
461 1157 750 1227 ἀναστῆναι
774 1152 936 1206 αὑτὸν
963 1153 1028 1206 ἐκ
1050 1150 1280 1221 νεκρῶν,
1333 1151 1427 1203 καὶ
1456 1149 1614 1202 τοῦτο
1644 1148 1830 1202 λοιπὸν
1855 1146 2032 1216 δῆλον.

366 1246 554 1301 Ταῦτα
585 1244 797 1315 εἴρηται
825 1241 923 1313 μέν
966 1242 1102 1312 πρὸς
1138 1239 1450 1308 ’Λθηναίους
1474 1252 1488 1268 ’
1529 1238 1716 1308 καιρὸν
1746 1236 1789 1289 δ’
1818 1235 1884 1289 ἂν
1925 1234 2036 1304 ἔχοι

366 1337 462 1391 καὶ
494 1334 626 1406 πρὸς
652 1334 801 1404 ἡμᾶς
856 1330 1131 1399 λέγεσθαι,
1166 1331 1247 1384 ὅτι
1309 1329 1516 1391 πάντας
1561 1326 1837 1397 πανταχοῦ
1871 1342 2036 1396 μετα-

366 1426 510 1478 νοεῖν
536 1422 635 1484 δεῖ,
669 1422 751 1474 ὅτι
770 1418 970 1488 ὥρισεν
987 1416 1224 1488 ἡμέραν,
1245 1418 1303 1469 ἐν
1391 1416 1572 1487 μέλλει
1600 1416 1808 1487 κρίνειν
1837 1417 1936 1484 τήν
1957 1416 2036 1466 οἰ-

367 1529 464 1566 κου
473 1510 658 1581 μένην.
679 1507 822 1578 Ὅρα
836 1505 953 1569 πῶς
975 1506 1067 1558 καὶ
1089 1504 1346 1574 δικαστὴν
1373 1503 1532 1556 αὑτὸν
1549 1502 1777 1571 εἰσάγει,
1792 1501 1886 1555 καὶ
1902 1519 2039 1572 προ-

366 1598 591 1652 νοοῦντα
613 1594 707 1649 τοῦ
720 1594 924 1664 κόσμου
947 1592 1039 1646 καὶ
1052 1590 1201 1664 [299]
1221 1590 1596 1662 φιλάνθρωπον
1614 1590 1706 1643 καὶ
1722 1605 2038 1660 συγγνωμοο

366 1685 516 1739 νικὸν
539 1683 636 1737 καὶ
662 1681 884 1735 δυνατὸν
912 1681 1006 1734 καὶ
1028 1678 1212 1748 σοφὸν,
1242 1678 1335 1732 καὶ
1361 1677 1541 1731 πάντα
1562 1676 1749 1741 ἁπλῶς
1766 1678 2039 1747 Δημιουρο

366 1772 465 1842 γοῦ
495 1771 703 1841 ἔχοντα.
740 1766 1035 1831 Ἀπόδειξιν
1092 1766 1259 1820 ἔδωκε
1296 1765 1390 1820 τοῦ
1441 1765 1742 1836 ἀναστῆναι
1776 1764 1936 1817 αὐτὸν
1974 1765 2040 1819 ἐκ

367 1859 576 1931 νεκρῶν
600 1857 668 1911 τὰ
688 1855 971 1927 εἰρημένα.
1004 1855 1447 1925 Μετανοήσωμεν
1474 1865 1501 1894 α
1533 1848 1625 1905 οὖν
1642 1865 1655 1879 ·
1688 1850 1903 1914 πάντως
1930 1851 2040 1922 γάρ

367 1946 623 2018 κριθῆναι
652 1945 750 1997 δεῖ.
782 1942 845 1996 Εἰ
879 1942 953 2013 μὴ
975 1942 1173 2011 ἀνέστη
1214 1942 1242 1993 ὁ
1291 1940 1549 2010 Χριστὸς,
1599 1939 1659 1991 οὑ
1705 1938 2035 2008 κρινόμεθα·

367 2037 415 2086 εί
453 2033 507 2087 δέ
536 2032 755 2101 ἀνέστη,
791 2029 1007 2089 πάντως
1051 2026 1366 2098 κρινόμεθα.
1428 2028 1532 2091 Είς
1561 2025 1735 2079 τοῦτο
1787 2024 1898 2095 γὰρ
1942 2024 2041 2078 καί

367 2119 689 2184 ἀπέθανεν,
739 2118 841 2172 ἵνα
889 2117 988 2170 καὶ
1049 2113 1281 2183 νεκρῶν
1332 2113 1428 2167 καὶ
1467 2113 1694 2174 ζώντων
1725 2114 2037 2180 κιιριεύσῃ,

370 2204 533 2274 φησί·
593 2203 687 2256 καλ⁸
719 2202 880 2257 πάλιν
905 2218 920 2232 ·
979 2201 1209 2267 Πάντες
1251 2198 1362 2269 γὰρ
1406 2200 1911 2267 παραστησόμεθα
1962 2196 2043 2263 τῷ

363 2291 589 2360 ,ϐήματι
612 2288 719 2343 τοῦ
746 2289 1026 2357 Χριστοῦ,
1062 2289 1163 2341 ἵνα
1186 2287 1442 2352 ἕκαστος
1491 2286 1808 2355 κομίσηται
1836 2284 1982 2354 πρὸς
2004 2284 2043 2341 ἃ

369 2378 613 2446 ἔπραξε.
647 2377 739 2449 Μὴ
769 2377 833 2447 δὴ
882 2375 1139 2448 νομίσητε
1194 2377 1416 2446 ῥήματα
1471 2374 1628 2445 μόνον
1655 2369 1793 2427 εἶναι
1835 2373 2036 2427 ταῦτα·

373 2464 482 2517 ἰδοὺ
516 2464 612 2518 καὶ
660 2463 746 2516 τὸν
778 2463 905 2534 περὶ
958 2463 1057 2532 τῆς
1114 2461 1469 2524 ἀναστάσεως
1514 2460 1622 2513 τῶν
1660 2460 1878 2514 πάντων
1926 2461 2042 2512 εἰσ-

369 2554 544 2623 ήγαγε
571 2550 759 2619 λόγον·
801 2550 862 2603 οὺ
896 2550 1003 2621 γὰρ
1032 2548 1205 2612 ἄλλως
1243 2548 1485 2619 κρίνεται
1521 2548 1554 2617 ἡ
1586 2546 1901 2618 οἰκουμένη.
1932 2545 2043 2599 Καὶ

366 2639 448 2703 τὸ,
500 2636 880 2705 Ἀναστήσας
916 2636 985 2689 δὲ
1022 2636 1208 2690 αὐτὸν
1235 2635 1303 2689 ἐκ
1334 2633 1585 2703 νεκρῶν,
1620 2636 1747 2706 περὶ
1791 2634 2042 2705 σώματός

368 2729 516 2779 ἐστιν
538 2725 824 2796 εἰρημένον
844 2738 858 2751 ·
891 2723 1051 2777 τοῦτο
1086 2722 1194 2795 γάρ
1246 2723 1339 2776 καὶ
1372 2722 1586 2793 νεκρὸν,
1617 2722 1776 2775 τοῦτο
1807 2723 1901 2776 καὶ
1937 2721 2039 2774 πέ-

368 2830 572 2867 πτωκε.
602 2812 761 2882 Παρὰ
785 2810 1041 2882 Ἕλλησιν
1063 2808 1251 2882 ὥσπερ
1278 2809 1348 2862 τὰ
1373 2808 1472 2880 τῆς
1496 2804 1883 2881 δημιουργίας,
1901 2806 2043 2861 οὕτω

368 2902 463 2954 καὶ
511 2901 580 2955 τά
615 2903 715 2972 τῆς
761 2899 994 2968 κρίσεως
1025 2898 1318 2952 ἀθετεῖται.
1348 2896 1532 2949 Ταῦτα
1558 2896 1614 2949 δέ
1643 2895 1847 2950 παίδων
1875 2895 2041 2966 εὑρή-

372 3005 538 3058 ματα,
588 2988 683 3041 καὶ
717 2985 1024 3058 μεθυόντων
1061 2983 1366 3055 ἀνθρώπων
1395 2984 1564 3038 ἐστίν.
1606 2982 1745 3035 Ἀλλ’
1769 2984 1932 3053 ἡμεῖς
1986 2985 2038 3039 οι

368 3076 497 3145 περὶ
525 3073 727 3127 τούτων
749 3071 992 3143 ἀκριϐῶς
1022 3070 1240 3135 εἰδότες,
1270 3068 1597 3140 πράττωμέν
1624 3086 1676 3123 τι
1712 3069 1821 3122 τῶν
1843 3070 2039 3141 χρησί-

373 3180 508 3232 μων,
536 3161 632 3213 καὶ¹
662 3156 1051 3229 σπουδάζωμεν
1078 3157 1423 3228 οἰκειωθῆναι
1443 3156 1521 3227 τῷ
1551 3156 1792 3227 Χριστῷ.
1814 3157 1992 3229 Μέχρι
2010 3157 2039 3198 ιι

368 3250 500 3303 πότε
528 3246 883 3320 ἐχθραίνομεν
911 3245 1046 3316 πρὸς
1085 3244 1276 3310 αύτόν;
1314 3246 1476 3315 μέχρι
1505 3246 1635 3298 πότε
1686 3245 1824 3315 πρὸς
1876 3246 2040 3300 αὑτὸν

369 3334 548 3407 ἀηδῶς
579 3333 807 3405 ἐχομεν;
834 3331 925 3402 Μὴ
950 3333 1176 3402 γένοιτο,
1203 3330 1371 3402 φησί·
1408 3330 1460 3384 τί
1488 3330 1660 3386 ταῦτα
1679 3331 1889 3400 λέγεις;
1926 3333 2038 3386 Οὑκ

369 3422 668 3492 ἐϐουλόμην
696 3420 867 3474 ταῦτα
912 3418 1111 3487 λέγειν,
1138 3419 1187 3472 εί
1216 3417 1291 3488 μή
1312 3416 1492 3472 ταῦτα
1517 3418 1818 3489 ἐπράττετε
1842 3420 1997 3490 ὑμεῖς
2020 3436 2035 3450 ’

369 3514 486 3564 νυνὶ
509 3511 566 3562 δὲ
586 3509 637 3562 τί
660 3510 722 3563 τὸ
756 3507 947 3579 κέρδος
966 3507 1066 3575 τῆς
1087 3506 1195 3560 τῶν
1224 3506 1399 3574 λόγων
1425 3505 1607 3577 σιγῆς,
1638 3506 1747 3560 τῶν
1784 3508 2040 3578 πραγμά-

369 3615 477 3650 των
503 3595 644 3648 οῦτω
680 3594 923 3665 βοώντων
957 3592 1093 3664 μετά
1123 3592 1304 3663 πάσης
1344 3593 1739 3664 περιφανείαςς
1790 3594 1915 3658 Πῶς
1944 3589 2037 3648 οὖν

370 3685 531 3739 αὐτὸν
577 3683 914 3753 φιλήσομεν;
948 3679 1116 3736 Εἶπον
1150 3680 1247 3752 μὲν
1280 3683 1538 3753 μυριάκις
1575 3683 1763 3755 μυρία,
1804 3684 2038 3755 ἐροῦμεν

370 3774 427 3829 δὲ
449 3772 543 3825 καὶ
572 3768 687 3824 νῦν.
721 3769 934 3841 Τρόπον
961 3768 1057 3823 ἕνα
1081 3768 1371 3841 εὑρηκέναι
1403 3786 1492 3841 μοι
1516 3770 1679 3836 δοκῶ,
1706 3770 1840 3825 πολὺ
1867 3772 2038 3842 μέγαν

373 3860 467 3914 καὶ
489 3858 799 3929 θαυμαστόν
818 3873 830 3887 ο
865 3856 1002 3929 μετά
1034 3856 1129 3910 τοῦ
1155 3857 1223 3911 τά
1243 3860 1397 3929 κοινῇ
1423 3859 1684 3928 γινόμενα
1727 3859 2037 3928 λογίζεσθαι

372 3948 476 4002 ὑπὸ
495 3945 588 4000 τοῦ
622 3945 757 3999 Θεοῦ
790 3944 1025 3999 τοσαῦτα
1054 3944 1202 4009 ὄντα,
1229 3945 1329 3999 ὅσα
1361 3945 1480 3998 ούδέ
1501 3946 1755 4016 ἀριθμεῖν
1772 3965 1853 4011 τις
1881 3946 2038 4001 δύνα-

371 4052 483 4095 ται,
515 4034 605 4088 καὶ
632 4034 770 4106 ὑπὲρ
812 4032 1017 4086 τούτων
1068 4031 1318 4086 ἁπάντων
1347 4032 1576 4104 χάριτας
1624 4033 1821 4088 εἰδέναι
1867 4033 2033 4105 αὐτῷ,

371 4125 462 4176 καὶ
497 4123 564 4175 τά
597 4122 811 4193 ἑκάστῳ
836 4120 992 4191 ἡμῶν
1019 4121 1357 4192 γεγενημένα
1384 4120 1653 4192 ἐννοῶμεν
1700 4123 1919 4187 πάντες,
1944 4123 2039 4175 καί⁹

372 4210 491 4264 καθ’
548 4209 785 4280 ἑκάστην
853 4206 1304 4279 ἀναλογιζώμεθα
1362 4208 1459 4280 τὴν
1514 4208 1745 4280 ἡμέραν.
1815 4208 2035 4282 Ἐπειδὴ

369 4297 549 4351 τοίνυν
602 4296 845 4367 μεγάλην
898 4294 1011 4366 ἔχει
1071 4294 1169 4367 τὴν
1236 4297 1390 4366 ἰσχὺν
1437 4294 1632 4362 ταῦτα,
1687 4297 1915 4360 ἕκαστος
1967 4299 2036 4368 ή-

373 4386 489 4453 μῶν
549 4382 949 4453 ἀναλογιζέσθω
1007 4385 1135 4455 παρ’
1199 4383 1412 4455 ἐαυτῷ,
1482 4386 1575 4439 καὶ
1647 4385 1782 4456 μετά
1860 4386 2035 4456 ἀκρι-

367 4476 518 4534 ϐείας
542 4472 906 4545 ἁνερευνάτω,
942 4472 996 4524 εί
1030 4489 1161 4525 ποτε
1199 4474 1277 4536 εἰς
1306 4472 1582 4537 κινδύνους
1634 4473 1923 4544 προπεσὼν
1952 4475 2034 4526 δι-

368 4564 537 4631 έφυγε
563 4562 662 4624 τὰς
691 4560 799 4613 τῶν
830 4559 1086 4611 ἐναντίων
1114 4559 1320 4629 χεῖρας,
1352 4559 1446 4610 καὶ
1500 4558 1748 4629 καθάπερ
1779 4562 1836 4612 ἐν
1869 4559 2034 4631 βίϐλῳ

368 4650 462 4711 τὰς
490 4646 806 4717 εὐεργεσίας
844 4644 1225 4713 ἀναγράπτους
1258 4642 1427 4712 ἐχέτω
1460 4642 1552 4695 τοῦ
1611 4642 1745 4696 Θεοῦ
1766 4660 1779 4675 ·
1819 4639 1949 4709 οἷον,
1985 4643 2036 4698 εί

366 4753 498 4789 ποτε
526 4730 758 4800 ἐξελθὼν
789 4731 867 4793 είς
896 4729 1015 4782 ὁδὸν
1050 4728 1247 4799 ἀωρία,
1274 4728 1496 4797 διέφυγε
1524 4728 1797 4783 κίνδυνονο
1829 4731 2033 4785 εἴποτε

366 4822 623 4892 πονηροῖς
660 4816 970 4889 ἀνθρώποις
1020 4814 1330 4886 συμϐαλὼν,
1363 4814 1633 4886 ἀνώτερος
1666 4816 1843 4871 αὐτῶν
1875 4819 2033 4887 γέγο-

365 4923 483 4962 νεν’
521 4906 723 4959 εἴποτε
754 4903 892 4974 νόσῳ
921 4899 1252 4972 περιπεσὼν,
1280 4901 1498 4955 πάντων
1522 4902 1915 4970 ἀπεγνωκότων
1941 4905 2032 4958 ἀν-

365 4996 563 5063 ήνεγκε
587 5008 602 5023 ο
646 4991 789 5063 μέγα
820 4990 928 5058 γάρ
950 4987 1107 5040 τοῦτο
1132 4986 1351 5041 δύναται
1382 4988 1517 5059 πρὸς
1545 4988 1606 5041 τὸ
1631 4989 1863 5044 οἰκειοῦν
1887 4992 2032 5062 ἡμᾶς

363 5080 442 5152 τῷ
474 5079 612 5150 Θεῷ.
648 5078 711 5131 Εἰ
739 5076 846 5146 γὰρ
877 5074 941 5145 δὴ
974 5074 1312 5146 Μαρδοχαῖος
1356 5076 1561 5139 ἐκεῖνος
1616 5075 1687 5130 τά
1746 5077 1838 5130 ὑπ’
1864 5080 2029 5133 αὑτοῦ

363 5166 704 5240 γεγενημένα
746 5163 926 5233 ἀγαθὰ
960 5164 1098 5235 ἐργα
1133 5164 1214 5227 είς
1247 5163 1465 5234 μνήμην
1492 5162 1713 5217 ἐλθόντα
1740 5164 1834 5217 τοῦ
1877 5164 2031 5235 βασι·

363 5259 521 5323 λέως,
539 5258 710 5323 οὑτως
730 5257 855 5327 ἔσχε
873 5255 1264 5326 προῖστάμενα,
1291 5255 1365 5319 ὠς
1382 5256 1544 5309 πάλιν
1568 5257 1659 5309 ἐπὶ
1677 5254 2030 5331 τὴνλαμπρό-

362 5363 500 5415 τητα
530 5345 744 5414 ἐκείνην
777 5343 950 5396 ἐλθεῖν
969 5357 983 5372 ⁸
1016 5341 1196 5413 πολλῷ
1228 5342 1426 5411 μᾶλλον
1463 5343 1646 5413 ἡμεῖς,
1698 5342 1764 5396 ἀν
1790 5344 2016 5415 ἀναμνη-

1178 256 1236 310 S.
1274 252 1557 310 JOANNIS
1595 247 2085 306 CIIRYSOSTOMI
2124 247 2447 306 ARCIIIEP.
2487 248 3032 307 CONSTARTINOP.

3705 251 3802 304 εῖι

2142 379 2312 432 ριστοι
2346 364 2600 436 ἐσόμεθα,
2637 364 2729 418 καὶ
2780 365 2956 420 πάντα
3018 364 3388 435 προησόμεθα.
3443 364 3583 417 Ἀλλ’
3634 366 3806 428 οὐδεὶς

2137 449 2342 504 τούτων
2393 451 2600 515 οὑδενδς
2667 453 2898 505 ποιεῖται
2941 452 3162 523 μνήμην
3188 467 3202 482 ·
3251 452 3364 505 ἀλλ’
3420 452 3614 524 ὥσπερ
3680 455 3805 523 περὶ

2137 538 2551 609 ἁμαρτημάτων
2597 538 2848 608 λέγομεν,
2880 537 2963 590 ὅτι
3012 538 3321 609 ἁμαρτωλοί
3372 539 3560 608 ἐσμεν,
3591 540 3653 592 οὑ
3690 540 3804 592 κατ’

2136 620 2275 688 εἶδος
2303 625 2440 679 αὑτά
2473 624 2836 690 ἐξετάζοντες,
2862 623 3005 678 οὑτω
3047 626 3144 679 καὶ
3175 627 3303 698 περὶ
3336 627 3447 679 τῶν
3480 627 3804 698 εὐεργεσιῶν

2133 712 2228 767 τοῦ
2247 713 2401 776 Θεοῦ,
2419 713 2499 766 ὅτι
2519 712 2886 784 εὐηργέτησεν
2909 715 3075 784 ἡμᾶς.
3095 712 3366 782 λέγοντες,
3386 715 3580 781 όΘεδς,
3597 717 3660 769 οὑ
3683 718 3803 769 κατ’

2137 798 2276 865 εἶδος
2294 801 2434 855 αύτά
2454 800 2802 869 ἐξετάζομεν,
2828 801 2890 853 οὑ
2916 800 3166 872 λέγομεν,
3194 801 3299 854 ποῦ
3342 804 3436 856 καὶ
3464 803 3605 857 πόσα
3633 803 3729 855 καὶ
3749 805 3806 856 ἐν

2137 889 2273 959 ποίῳ
2313 889 2506 961 καιρῷ.
2540 888 2678 941 Ἀλλ’
2711 888 2819 941 ἀπὸ
2846 888 2940 941 τοῦ
2968 888 3062 942 νῦν
3094 889 3294 960 πολλὴν
3326 889 3683 961 ποιησώμεθα
3707 891 3806 960 τὴν

2136 975 2442 1047 ἀκρίϐειαν.
2461 979 2524 1034 Et
2543 978 2641 1050 μέν
2657 979 2765 1049 γάρ
2782 994 2865 1040 τις
2876 978 2971 1031 καὶ
2982 977 3052 1031 τά
3067 977 3234 1031 πάλαι
3250 977 3537 1032 ἀναλαϐεῖν
3556 977 3803 1041 δύναται,

2142 1062 2325 1118 πάντα
2347 1065 2753 1135 ἀναλογιζέσθω
2771 1067 2920 1140 [295]
2953 1066 3216 1137 ἀκριϐῶς,
3239 1065 3314 1128 ὡς
3349 1064 3523 1135 μέγαν
3556 1065 3804 1136 εὑρήσων

2138 1151 2429 1224 θησαυρόν.
2457 1155 2628 1209 Τοῦτο
2648 1158 2739 1209 καὶ
2768 1156 2902 1227 πρὸς
2935 1155 2994 1209 τὸ
3021 1154 3096 1226 μὴ
3116 1153 3511 1223 ἀπογινώσκειν
3538 1154 3805 1224 χρήσιμον

2135 1236 2290 1304 ἡμῖν.
2321 1237 2487 1290 Ὅταν
2518 1238 2627 1309 γὰρ
2669 1239 2889 1309 ἴδωμεν,
2918 1238 2999 1292 δτι
3036 1236 3278 1309 προέστη
3335 1236 3594 1300 πολλάκις
3627 1239 3804 1309 ’δμῶ’

2137 1321 2238 1375 οὑκ
2275 1323 2705 1394 ἀπογνωσόμεθα
2762 1324 2882 1378 οὑδὲ
2915 1324 3232 1396 ἡγησόμεθα
3267 1325 3604 1396 ἀπερῥῖφθαι
3630 1343 3644 1359 ο
3692 1327 3806 1380 ἀλλ’

2139 1408 2391 1481 ἐνέχυρον
2431 1411 2596 1464 αὑτοῦ
2632 1412 2773 1480 μέγα
2800 1411 3081 1482 ληψόμεθα
3105 1413 3204 1482 τῆς
3234 1413 3361 1483 περὶ
3389 1412 3546 1483 ἡμῶν
3576 1413 3809 1484 κηδεμο-

2139 1495 2279 1562 νίας,
2303 1498 2430 1551 ὅταν
2463 1499 2826 1570 ἐννοήσωμεν,
2857 1501 2938 1554 ὅτι
2973 1500 3308 1570 ἁμαρτόντες
3333 1500 3394 1554 οὐ
3446 1500 3806 1573 κολαζόμέθα,

2141 1583 2275 1638 άλλά
2307 1583 2402 1638 καὶ¹
2430 1586 2766 1655 προστασίας
2791 1586 3156 1657 ἀπολαύομεν.

2210 1677 2272 1723 ε’.
2297 1672 2448 1725 Εἴπω
2466 1672 2528 1743 δή
2560 1690 2612 1726 τι
2642 1672 2816 1743 κάγὼ,
2841 1673 2978 1744 ὅπερ
3007 1675 3220 1747 ἀκήκοα
3242 1675 3392 1746 παρά
3415 1692 3576 1740 τινος·
3613 1676 3808 1745 Γέγονέ

2141 1757 2243 1811 πού
2274 1776 2357 1823 τις
2389 1762 2540 1825 παῖς,
2583 1761 2676 1814 καί
2729 1778 2860 1814 ποτε
2896 1761 3093 1831 συνέϐη
3145 1762 3307 1815 αὑτὸν
3361 1759 3499 1816 εἶναι
3546 1768 3604 1816 ἐν
3653 1763 3810 1835 ἀγρῷ

2143 1846 2283 1916 μετά
2314 1847 2413 1917 τῆς
2442 1849 2668 1918 μητρὸς,
2693 1849 2846 1903 οῦπω
2869 1848 3361 1921 πεντεκαιδεκαέτη
3375 1852 3807 1919 γεγονότα.Τότε

2140 1932 2204 2004 δὴ
2238 1934 2474 2004 χαλεποῦ
2509 1952 2653 1999 τινος
2685 1937 2847 2006 ἀέρος
2887 1936 3212 2007 συμϐάντος,
3260 1939 3489 2008 πυρετὸς
3540 1940 3808 1994 ἐπέπεσεν

2141 2020 2474 2092 ἀμφοτέροις
2496 2039 2509 2053 ο
2536 2024 2628 2076 καὶ
2666 2023 2774 2094 γὰρ
2830 2024 2891 2077 τὸ
2931 2025 3247 2097 μετόπωρον
3274 2021 3365 2097 ἦν.
3394 2027 3527 2080 Τότε
3549 2027 3613 2098 δὴ
3647 2029 3678 2098 ἡ
3710 2029 3806 2098 μέν

2145 2109 2328 2180 μήτηρ
2384 2109 2618 2177 ἔφθασεν
2664 2110 2927 2164 εἰσελθεῖν
2974 2112 3067 2165 ἐπὶ
3108 2112 3209 2182 τῆς
3235 2113 3444 2177 πόλεως
3467 2131 3479 2144 ·
3516 2116 3544 2167 ὀ
3570 2114 3626 2168 δέ
3657 2118 3806 2181 παῖς,

2140 2197 2249 2249 τῶν
2286 2199 2483 2268 ἰατρῶν
2518 2200 2634 2252 ἐκεῖ
2686 2200 3015 2254 κελευόντων
3061 2202 3264 2272 μένειν,
3300 2204 3394 2257 καὶ
3443 2202 3537 2258 τοῦ
3570 2205 3808 2276 πυρετοῦ

2143 2285 2412 2348 καίοντος,
2465 2284 2911 2357 ἀνακογχυλίζειν
2971 2288 3174 2359 ἡρξατο
3232 2289 3393 2362 δῆθεν
3465 2293 3807 2361 φιλοσοφῶν,

2146 2371 2347 2443 μᾶλλον
2383 2372 2443 2425 τὸ
2478 2373 2590 2444 πῦρ
2621 2374 2902 2428 σϐεννύναι
2928 2376 3194 2444 οἰόμενος,
3219 2381 3265 2430 εί
3291 2365 3603 2449 μηδ’ὁτίοῦν
3633 2379 3808 2438 λάϐοι.

2144 2459 2274 2511 "At:
2302 2458 2365 2530 δὴ
2390 2455 2482 2513 οὖν
2500 2464 2645 2524 παῖς,
2668 2461 2772 2514 ὑπὸ
2795 2461 3125 2531 φιλονεικίας
3149 2465 3379 2536 ἀκαίρου
3393 2465 3453 2519 οὑ
3471 2469 3806 2540 προσήκατο.

2156 2546 2241 2610 Ὠς
2270 2548 2328 2601 δὲ
2358 2549 2530 2619 ἐπέϐη
2551 2551 2650 2618 τῆς
2674 2550 2905 2619 πόλεως,
2934 2550 3148 2624 παρέθη
3188 2552 3258 2607 τά
3282 2556 3382 2624 τῆς
3409 2554 3679 2627 γλώττης,
3714 2557 3811 2610 καὶ

2142 2635 2337 2700 ἄλαλος
2358 2632 2425 2707 ἦν
2461 2639 2551 2690 ἐπὶ
2582 2638 2739 2703 πολὺ,
2771 2639 2921 2692 ούδέν
2952 2638 3215 2711 ἔναρθρον
3244 2641 3636 2713 φθεγγόμενοςο
3672 2644 3812 2698 ἀλλά

2142 2723 2474 2791 ἀνεγίνωσκε
2512 2724 2631 2794 μὲν,
2657 2726 2749 2778 καὶ
2773 2726 2851 2789 είς
2895 2726 3247 2792 διδασκάλους
3292 2729 3483 2798 ἐφοίτα
3522 2731 3616 2784 ἐπὶ
3644 2732 3810 2787 πολὺν

2142 2813 2356 2881 χρόνον,
2391 2813 2579 2877 ἁπλῶς
2599 2812 2655 2866 δὲ
2686 2814 2779 2866 καὶ
2824 2814 3034 2884 ἀσημα.
3077 2816 3261 2869 Πάντα
3303 2812 3397 2870 οὖν
3432 2818 3581 2889 αὐτῷ
3615 2820 3685 2873 -ιά
3712 2821 3813 2890 τῆς

2143 2897 2357 2963 ἐλπίδος
2392 2901 2714 2965 ἐκκέκοπτο,
2747 2902 2839 2954 καὶ
2873 2901 3064 2972 ὀδύνης
3087 2898 3156 2972 ἦν
3189 2905 3221 2974 ἡ
3251 2905 3435 2975 μήτηρ
3473 2907 3680 2979 μεστή·
3717 2908 3812 2962 καὶ

2145 2986 2318 3039 πολλά
2370 2987 2468 3057 μὲν
2511 2989 2824 3059 ἐπενόησαν
2882 2989 3078 3060 ἰατροὶ,
3114 2990 3284 3043 πολλά
3326 2991 3385 3045 δὲ
3431 2993 3567 3046 ἄλλα
3598 2994 3808 3058 πολλοὶ,

2144 3068 2294 3139 ίσχυε
2327 3069 2384 3122 δὲ
2406 3070 2601 3135 οὐδεὶς,
2629 3071 2734 3134 ἕως
2764 3072 2853 3124 ὅτε
2882 3074 2910 3124 ό
2933 3071 3313 3145 φιλάνθρωπος
3337 3074 3472 3141 Θεὸς
3504 3077 3697 3131 ἰάσατο
3715 3076 3808 3130 τὸν

2138 3152 2238 3222 τῆς
2288 3153 2537 3225 γλώττης
2583 3154 2803 3226 δεσμὸν,
2858 3157 2952 3210 καί
2982 3156 3104 3210 τότε
3138 3159 3430 3229 ἀνήνεγκε,
3459 3161 3555 3215 καὶ⁵
3605 3163 3686 3225 είς
3710 3162 3808 3232 τὴν

2140 3241 2412 3312 προτέραν
2443 3242 2794 3312 ἐπανήγαγεν
2820 3243 3149 3312 εὐγλωττίαν
3167 3245 3329 3299 αὑτὸν
3361 3247 3454 3300 καὶ
3479 3248 3805 3319 τρανότητα.

2138 3329 2447 3399 Διηγήσατο
2465 3327 2523 3382 δὲ
2553 3328 2718 3382 αὑτοῦ
2760 3331 2794 3403 ἡ
2827 3331 3031 3403 μήτηρ,
3063 3332 3156 3384 καὶ
3174 3333 3259 3385 ὃτι
3283 3332 3347 3403 δὴ
3381 3335 3477 3388 καὶ
3505 3335 3713 3388 παιδίον
3749 3335 3809 3389 ὃν

2140 3416 2343 3488 σφόδρα
2365 3417 2581 3488 μικρὸν,
2615 3417 2745 3488 περὶ
2766 3418 2862 3489 τὴν
2899 3422 3021 3489 ῥῖνα
3073 3420 3243 3485 πάθος
3282 3422 3461 3492 ἔσχεν,
3507 3423 3536 3477 ὃ
3584 3423 3811 3479 καλοῦσι

2138 3504 2445 3557 πολύπουν*
2470 3504 2565 3557 καὶ
2592 3504 2751 3558 πάλιν
2813 3506 2989 3576 ἰατροὶ
3037 3507 3472 3577 ἀπεγνώκεισαν,
3504 3512 3599 3564 καὶ
3623 3512 3809 3566 τελευ-

2137 3591 2304 3660 τῆσαι
2327 3590 2528 3662 ηὔχετο
2556 3593 2587 3662 ἡ
2618 3593 2819 3664 μήτηρ,
2848 3594 2942 3646 καὶ
2972 3594 2999 3646 ό
3021 3595 3202 3667 πατὴρ
3228 3596 3379 3666 αὐτῷ
3411 3601 3692 3670 κατηρᾶτο
3707 3601 3815 3672 (ἔτι

2137 3678 2246 3751 γὰρ
2277 3679 2435 3750 ἔτυχε
2460 3680 2613 3751 ζῶν),
2644 3682 2738 3734 καὶ
2758 3681 2919 3734 πάλιν
2944 3681 3119 3735 πάντα
3172 3685 3230 3736 ἐν
3278 3685 3484 3756 ἀπορία
3524 3683 3612 3759 ἦν.
3667 3690 3724 3742 Ὀ
3748 3690 3809 3743 δὲ.

2140 3766 2341 3831 εὐθέως
2368 3766 2558 3839 βήξας,
2593 3768 2700 3821 ἀπὸ
2728 3769 3012 3839 μύγματος
3043 3770 3104 3824 τὸ
3130 3770 3317 3843 θηρίον
3350 3774 3534 3828 ἐκεῖνο
3558 3777 3623 3846 τῇ
3656 3776 3808 3850 ῥύμῃ

2136 3855 2232 3909 τοῦ
2266 3856 2572 3927 πνεύματος
2594 3856 2822 3922 ἐξέωσεν
2853 3857 2960 3911 ἀπὸ
2982 3857 3090 3911 τῶν
3128 3859 3314 3930 ῥινῶν,
3345 3863 3439 3916 καὶ
3480 3863 3660 3919 πάντα
3719 3867 3809 3920 λέ-

2135 3945 2265 3999 λυτο
2289 3945 2358 3999 τὰ
2382 3946 2553 3998 δεινά.
2576 3945 2779 3999 Τούτου
2811 3946 2867 3998 δέ
2899 3945 3238 4013 σϐεσθέντος,
3275 3949 3454 4021 ῥεῦμα
3498 3951 3642 4005 κατά
3697 3954 3810 4008 τῶν

2138 4030 2435 4100 ὀφθαλμῶν
2465 4031 2628 4103 δριμὺ
2660 4032 2754 4085 καὶ
2789 4032 3045 4102 γλίσχρον
3094 4035 3350 4106 ἐπιρῥέον
3397 4036 3507 4099 ἀεὶ,
3538 4039 3806 4104 τοσαύτας

2139 4118 2315 4172 ἐποίει
2342 4118 2441 4183 τὰς
2475 4120 2655 4190 λήμας
2682 4119 2775 4173 καὶ
2796 4118 2939 4173 οὕτω
2978 4121 3230 4191 παχείας,
3262 4123 3337 4186 ώς
3381 4123 3500 4177 ἀντὶ
3535 4125 3807 4197 διαφράγ-

2139 4223 2310 4277 ματος
2333 4205 2585 4274 γενέσθαι
2608 4209 2674 4277 τῇ
2702 4207 2860 4278 κόρῃ,
2887 4207 3051 4260 καὶτὸ
3065 4208 3258 4275 δεινὸν,
3280 4210 3527 4282 πήρωσιν
3549 4214 3804 4283 ἐμελέτα,

2136 4296 2234 4351 καὶ
2263 4294 2464 4356 πάντες
2490 4292 2674 4363 ἔλεγον
2702 4293 2859 4347 τοῦτο
2877 4294 3276 4367 συμϐήσεσθαι.
3308 4298 3470 4352 Ἀλλά
3493 4301 3588 4354 καὶ
3610 4304 3803 4359 τούτου

2137 4384 2319 4455 χάριτι
2347 4394 2369 4421 ο
2405 4381 2500 4436 τοῦ
2531 4380 2665 4434 Θεοῦ
2693 4381 2909 4453 ταχέως
2940 4382 3232 4454 ἀπηλλάγη
3271 4386 3365 4438 τοῦ
3397 4385 3623 4452 πάθους.

2206 4472 2317 4524 Καὶ
2345 4470 2516 4523 ταῦτα
2548 4469 2647 4540 μὲν
2685 4468 2829 4539 άπερ
2862 4469 3092 4539 ἥκουσα⁸
3129 4469 3165 4524 ἃ
3202 4470 3259 4524 δέ
3286 4471 3448 4536 αὐτὸς
3475 4473 3798 4548 ἐπίσταμαι,

2137 4558 2248 4629 ἐρῶ
2279 4559 2416 4631 πρὸς
2438 4559 2604 4628 ὑμᾶς’
2650 4557 2908 4628 Ἐκινήθη
2939 4556 3070 4610 ποτέ
3096 4557 3377 4630 τυράννων
3415 4560 3618 4631 ὑποψία
3649 4564 3709 4619 ἐν
3735 4568 3800 4637 τῇ

2133 4647 2373 4718 πόλειτῇ
2421 4646 2665 4718 ἡμετέρᾳ
2726 4645 2869 4715 (τότε
2913 4644 2971 4697 δέ
3026 4644 3107 4698 ἔτι
3164 4647 3448 4718 μειράκιον
3484 4649 3679 4721 ήμην)·
3707 4653 3802 4706 καὶ

2136 4737 2350 4790 πάντων
2369 4736 2567 4801 ἔξωθεν
2589 4734 2687 4805 τὴν
2716 4734 2869 4787 πόλιν
2886 4733 3365 4806 παρακαθημένων
3383 4735 3494 4791 τῶν
3538 4755 3801 4809 στρατιω-

2133 4826 2262 4890 τῶν,
2290 4823 2451 4892 τυχὸν
2474 4822 2763 4885 ἀπλάστως
2802 4821 2984 4891 βιϐλία
3006 4821 3231 4893 ἐζήτουν
3287 4825 3524 4895 γοητικά
3568 4830 3664 4880 καὶ
3702 4844 3801 4897 μα·

2132 4914 2283 4980 γικά.
2323 4909 2434 4963 Καί⁵
2461 4909 2489 4960 ό
2520 4906 2737 4978 γράψας
2762 4907 2823 4960 τὺ
2857 4906 3085 4977 βιϐλίον,
3119 4909 3281 4980 ῥίψας
3310 4911 3800 4968 ἀκατασκεύαστον

2132 5000 2212 5060 είς
2233 4994 2496 5063 ποταμὸν,
2528 4992 2688 5055 ἐάλω,
2719 4992 2814 5046 καὶ
2836 4993 3239 5065 ἀπαιτούμενος
3287 4996 3388 5051 οὑκ
3436 4992 3553 5068 εἶχε
3585 4998 3794 5066 δοῦναι,

2132 5083 2269 5139 ἀλλὰ
2291 5082 2586 5155 περιήγετο
2610 5079 2708 5151 τὴν
2757 5080 2914 5134 πόλιν
2962 5080 3181 5137 ἀπασαν
3217 5082 3457 5155 δέσμιος·
3482 5084 3559 5150 ὡς
3602 5086 3660 5140 δέ
3688 5088 3799 5143 τῶν

2130 5173 2366 5242 ἐλέγχων
2393 5166 2811 5238 ἐπιτεινομένων
2831 5169 3031 5223 δέδωκε
3052 5170 3232 5242 δίκην,
3265 5172 3387 5225 τότε
3412 5171 3526 5242 ἐγὼ
3553 5175 3635 5238 είς
3653 5192 3799 5246 μαρ-

2129 5260 2314 5331 τύριον
2346 5255 2565 5311 ἀπιέναι
2597 5254 2938 5326 βουλόμενος,
2985 5258 3244 5329 ἐπανῄειν
3299 5258 3391 5312 διὰ
3441 5260 3552 5313 τῶν
3605 5264 3798 5332 κήπων

2131 5346 2282 5420 παρά
2308 5345 2554 5417 ποταμὸν
2585 5343 2725 5415 μετά
2754 5346 2846 5398 καὶ
2885 5346 3073 5417 ἐτέρου
3112 5348 3278 5412 τινός.
3324 5348 3471 5404 Ἰδὼν
3499 5349 3557 5404 δέ
3588 5352 3796 5416 ἐκεῖνος

364 5434 601 5504 σθῶμεν,
636 5434 730 5487 καὶ
755 5431 849 5486 δύο
875 5430 1079 5486 τούτων
1111 5431 1314 5503 ἀκριϐῆ
1357 5431 1716 5504 ποιησώμεθα
1772 5433 2020 5497 ἐξέτασιν
2126 5437 2189 5489 τὸ
2213 5434 2416 5505 βιϐλίον
2441 5432 2552 5487 ἀνω
2572 5432 2850 5498 ἐπιπλέον,
2872 5432 2933 5486 τὸ
2953 5435 3053 5503 μὲν
3079 5434 3296 5505 πρῶτον
3327 5436 3578 5507 ἐνόμιζεν
3603 5438 3796 5509 ὀθόνην

359 5522 469 5577 τῶν
496 5523 855 5593 πραγμάτων,
891 5521 945 5574 τί
981 5521 1079 5591 μὲν
1109 5521 1427 5593 ἡμάρτομεν
1462 5522 1620 5592 ἡμεῖς
1666 5524 1746 5585 εἰς
1793 5522 1946 5588 Θεὸν,
1975 5522 2027 5575 τί

358 5616 416 5671 δέ
448 5614 607 5678 αύτδς
635 5615 714 5678 είς
745 5615 892 5685 ἡμᾶς
938 5614 1141 5683 ἀγαθὸν
1170 5615 1489 5687 εἴργασται·
1545 5613 1689 5668 οὑτω
1732 5613 1827 5667 καὶ
1862 5614 2025 5684 εὑχά-

417 5816 434 5839 ⁸
456 5817 564 5885 ῡιιαο
585 5814 744 5885 codng
772 5814 1068 5885 Anuthzoﬁ
1091 5816 1233 5885 ἔχειν.
1265 5818 1520 5867 Τουτίστιν
1544 5817 1776 5872 ἀπόδειξιν
1800 5817 1948 5865 ἔδωκε
1969 5816 2022 5864 τὸ

359 5879 615 5933 ἀναστῆναι
638 5876 775 5921 αὐτὸν
796 5876 849 5922 ἐκ
871 5878 1062 5937 νεκρῶν.
1091 5876 1267 5927 Mem».

2127 5519 2284 5583 εἶναι,
2310 5520 2600 5590 γενόμενος
2630 5519 2686 5573 δέ
2702 5520 2890 5588 ἐγγὺς,
2915 5519 3055 5588 ἐγνω
3075 5522 3157 5574 ὅτι
3187 5521 3391 5590 βιϐλίον
3409 5521 3560 5595 [294]
3590 5519 3678 5593 ἦν,
3704 5525 3799 5578 καὶ

2128 5610 2371 5671 καταϐὰς
2405 5607 2666 5661 ἀνείλετο.
2699 5606 2841 5675 Ἐγὼ
2891 5607 2946 5659 δέ
2983 5607 3374 5676 ἐφιλονείκουν,
3418 5608 3561 5664 ὥστε
3611 5612 3800 5683 κοινὴν

2194 5800 2220 5839 h
2244 5807 2374 5873 Idem
2392 5803 2655 5867 χρησίμων*
2683 5805 2997 5868 οἶκειωθῶμεν
3019 5804 3087 5869 τῷ
3115 5807 3241 5873 Θυξ).
3260 5809 3427 5873 Μέχρι.
3501 5812 3521 5840 τ
3541 5808 3684 5859 Αίὶυε
3704 5807 3796 5858 καὶ

2133 5868 2239 5920 τότε
2263 5869 2437 5929 χάριπο
