4108 6172
371 346 480 404 9.ῗῖ

374 461 481 519 Vos
507 457 812 532 ignorastis.
842 456 1132 525 Despexit;
1182 452 1234 508 id
1281 461 1398 518 est,
1429 466 1536 506 non
1578 451 1742 522 exigit
1777 466 1961 521 panos

371 553 525 627 quasi
547 567 577 608 a
603 550 866 621 supplicio
889 548 1087 618 dignis.
1112 545 1426 617 lgnorastis.
1450 543 1559 600 Nec
1584 545 1735 611 dicit,
1759 544 1962 616 Sponte

372 644 516 700 male
542 642 757 713 egistis;
788 638 884 695 sed
916 639 1020 693 hoc
1046 652 1144 708 per
1172 635 1455 706 superiora
1493 635 1843 703 monstravit,
1895 634 1963 690 Ut

369 743 552 812 ubique
575 739 920 811 penitentiam
947 743 1135 807 agant,
1180 731 1388 788 dicens.
1431 728 1530 785 llic
1564 736 1733 784 totum
1773 727 1959 784 orbem

372 834 679 891 insinuavit.
1549 848 1555 855 ε

445 927 494 982 1.
537 924 671 980 Vide
695 920 968 995 quomodo
1003 918 1126 974 illos
1151 915 1382 972 abducat
1420 928 1451 968 a
1491 913 1798 984 pluralitate
1831 911 1965 968 deo-

369 1032 510 1071 rum.
545 1016 679 1083 Quia
707 1014 882 1069 statuit
911 1013 1045 1066 diem
1064 1051 1079 1076 ,
1104 1008 1298 1081 inquit,
1327 1009 1382 1061 in
1405 1022 1510 1077 qua
1529 1005 1861 1077 judicatum
1885 1012 1958 1058 est

369 1109 540 1164 orbem
584 1107 639 1161 in
675 1106 928 1177 (equitate.
968 1102 1101 1158 Vide
1130 1115 1321 1156 rursus
1345 1098 1532 1155 orbem
1559 1096 1725 1163 dicit,
1755 1096 1833 1151 sic
1857 1095 1958 1149 bo-

369 1202 545 1257 mines
567 1212 785 1255 vocans.
815 1196 881 1252 In
910 1197 1018 1251 uiro
1053 1195 1108 1249 in
1135 1209 1234 1263 quo
1258 1191 1468 1256 statuit,
1498 1190 1751 1245 suscitans
1787 1204 1900 1243 sunt
1928 1204 1960 1242 a

368 1294 601 1350 mortuis.
622 1291 758 1347 Vide
785 1288 1056 1359 quomodo
1081 1289 1274 1343 iterum
1302 1283 1607 1354 passionem
1645 1280 1959 1337 manifesta-

368 1386 476 1450 vit,
506 1378 954 1439 resurrectionem
1003 1389 1329 1434 memorans.
1359 1374 1512 1443 Quod
1550 1383 1728 1427 autem
1769 1366 1956 1428 verum

368 1480 437 1533 sit
465 1477 744 1550 judicium,
776 1476 948 1546 palam
979 1480 1064 1529 est
1101 1487 1165 1528 ex
1200 1467 1637 1534 resurrectione;
1667 1465 1792 1521 inde
1811 1465 1955 1520 enim

368 1570 421 1624 id
445 1570 688 1641 arguitur
710 1587 722 1623 ε
743 1566 957 1637 etquod
980 1564 1158 1620 omnia
1177 1577 1299 1618 vera
1325 1557 1652 1629 sint,inquit,
1679 1557 1855 1627 palam
1875 1565 1961 1613 cst

367 1677 431 1717 ex
479 1676 545 1716 eo
592 1659 733 1731 quod
772 1655 1129 1714 resurrexcrit
1174 1671 1188 1709 :
1232 1651 1484 1723 quodque
1525 1650 1780 1706 omnibus
1817 1648 1958 1703 banc

366 1753 690 1823 praebuerint
720 1751 878 1806 fidem
905 1790 920 1815 ,
946 1747 1088 1819 quod
1114 1744 1472 1803 resurrexerit
1515 1758 1582 1798 ex
1627 1741 1874 1808 mortuis,
1901 1751 1958 1796 et

367 1849 467 1900 hoc
493 1845 726 1914 denique
768 1842 1110 1897 manifestum
1150 1847 1253 1894 est.
1289 1838 1414 1892 llaec
1452 1836 1594 1891 dicta
1641 1843 1767 1890 sunt
1791 1835 1956 1889 Athe-

364 1937 677 2001 niensibus;
727 1943 782 1991 et
809 1942 1112 2004 opportune
1144 1930 1300 1986 nobis
1328 1928 1491 1983 etiam
1522 1925 1788 1992 dicantur,
1833 1941 1955 1980 om-

366 2027 522 2082 nibus
548 2025 744 2094 ubique
767 2023 1027 2093 agendam
1057 2018 1430 2091 paenitentiam
1469 2030 1623 2083 esse,
1656 2016 1779 2086 quia
1817 2015 1952 2071 deﬁ-

368 2120 501 2172 nivit
525 2119 669 2173 diem
700 2117 752 2171 in
784 2131 890 2187 quo
914 2114 1252 2186 iudicaturus
1280 2120 1363 2168 est
1387 2112 1594 2167 orbem.
1625 2109 1761 2166 Vide
1790 2110 1953 2166 etiam

367 2209 640 2277 quomodo
663 2208 808 2261 illum
833 2207 1070 2276 judicem
1104 2205 1339 2268 inducat,
1368 2213 1422 2259 et
1448 2202 1634 2259 mundi
1662 2201 1953 2273 providen-

370 2308 496 2353 t;am
526 2299 830 2362 habentem,
862 2296 1168 2367 benignum,
1200 2294 1625 2358 misericordem,
1655 2301 1952 2364 potentem,

364 2391 691 2456 sapientem,
746 2388 1032 2458 omniaque
1078 2401 1299 2456 prorsus
1343 2399 1464 2455 qua:
1506 2392 1633 2440 sunt
1679 2382 1956 2441 Creatoris

365 2481 673 2538 habentem.
701 2477 1172 2537 Couiirmationem
1212 2477 1555 2550 praebuerunt
1578 2477 1740 2542 dicta,
1770 2493 1893 2533 cum
1923 2492 1952 2531 a

366 2575 595 2630 mortuis
644 2573 1038 2630 resurrexisse.
1071 2573 1447 2629 Paenitentiam
1501 2586 1634 2643 ergo
1674 2587 1895 2640 agamus
1939 2588 1953 2627 :

364 2668 587 2722 omnino
607 2668 749 2722 enim
768 2666 1000 2737 judicari
1019 2673 1253 2737 oportet.
1270 2665 1329 2721 Si
1353 2679 1460 2720 non
1481 2664 1777 2720 resurrexit
1802 2663 1956 2718 Chri-

364 2768 501 2826 stus,
529 2774 638 2813 non
661 2757 1004 2828 judicamnr;
1054 2758 1100 2812 si
1130 2756 1452 2822 restirrexit,
1496 2755 1714 2810 omnino
1749 2754 1951 2823 judica-

360 2864 509 2906 qur.
537 2850 604 2905 In
631 2851 726 2905 hoc
755 2851 887 2905 enim
913 2858 958 2905 et
986 2858 1214 2903 mortuus
1241 2857 1343 2914 est,
1372 2858 1428 2902 ut
1448 2856 1497 2901 et
1516 2848 1639 2901 vivis
1665 2857 1712 2901 et
1749 2849 1957 2902 mortuis

364 2945 576 3014 imperet
597 2942 776 3011 (Rom.
803 2942 891 2996 14.
919 2940 1001 3011 9),
1031 2939 1231 3009 inquit;
1261 2949 1316 2994 et
1336 2952 1549 2993 rursum
1576 2956 1589 2991 :
1616 2937 1801 2993 Omnes
1825 2943 1957 2993 enim

364 3034 678 3087 adstubimus
706 3040 824 3086 ante
845 3030 1068 3084 tribunal
1089 3029 1299 3094 Christi,
1322 3039 1378 3083 ut
1403 3031 1747 3101 unusquisque
1772 3031 1960 3100 referat

365 3122 648 3177 secundum
672 3137 731 3176 ea
756 3136 869 3192 qua:
892 3121 1010 3192 fecit
1043 3119 1203 3191 (Ibid.
1225 3135 1274 3173 υ.
1307 3120 1395 3175 10.
1433 3132 1488 3174 et
1511 3120 1568 3174 2.
1589 3119 1705 3174 Cor.
1755 3120 1810 3176 5.
1841 3119 1955 3191 10).

367 3212 446 3267 Ne
473 3211 667 3282 putetis
697 3210 812 3266 lucc
852 3210 1016 3266 verba
1062 3210 1233 3265 solum
1265 3223 1385 3266 esse
1417 3224 1582 3266 :ecce
1623 3218 1677 3264 et
1721 3225 1960 3267 resurre-

365 3304 605 3358 ctionem
633 3302 870 3357 omnium
900 3300 1253 3379 memoravit;
1283 3315 1457 3371 neque
1482 3301 1622 3355 enim
1640 3302 1957 3373 aliterjudi-

364 3405 522 3450 eatur
557 3392 722 3450 orbis.
757 3393 931 3448 Etiam
962 3392 1121 3459 illttd,
1179 3391 1447 3448 Suscitans
1488 3408 1600 3446 eum
1638 3409 1670 3446 a
1711 3394 1956 3462 mortuis,

365 3488 433 3543 de
462 3501 692 3557 corpore
724 3485 924 3542 dictum
951 3494 1034 3540 est
1064 3503 1079 3540 :
1113 3485 1287 3555 ipsum
1318 3484 1462 3541 enim
1495 3495 1763 3540 mortuum
1804 3496 1921 3541 erat
1941 3529 1955 3553 ,

367 3579 473 3634 hoc
514 3578 802 3634 ceciderat.
840 3577 996 3648 Apud
1023 3576 1250 3648 gentiles
1273 3619 1290 3645 ,
1332 3578 1472 3633 sicut
1509 3579 1747 3645 creatio,
1793 3579 1863 3634 ita
1906 3587 1961 3634 et

364 3670 624 3740 judicium
669 3671 1050 3726 contemnitur.
1096 3670 1223 3725 llaec
1263 3679 1438 3725 autem
1482 3686 1770 3741 puerorum
1807 3686 1959 3727 com-

368 3771 549 3818 menta
576 3771 734 3827 sunt,
767 3769 821 3818 et
852 3761 1124 3816 ebriorum
1145 3759 1446 3816 hominum.
1472 3761 1576 3817 Sed
1600 3777 1697 3816 nos
1724 3762 1813 3833 qui
1846 3762 1962 3819 haec

367 3862 617 3909 accurate
656 3852 974 3920 didicimus,
1019 3852 1220 3924 aliquid
1252 3853 1380 3908 utile
1407 3852 1660 3909 faciamus
1684 3894 1701 3921 ,
1741 3854 1958 3910 studea-

368 3958 599 4014 musque
643 3943 934 3999 familiares
987 3959 1108 4000 esse
1152 3943 1368 4002 Christo
1418 3945 1461 4001 ί.
1511 3944 1796 4017 Usquequo
1845 3947 1961 4018 ejus

370 4035 572 4092 inimici
603 4036 850 4092 erimus?
874 4052 1148 4108 usquequo
1180 4038 1357 4092 minus
1383 4039 1617 4094 suaviter
1646 4054 1772 4110 erga
1810 4039 1959 4094 illum

369 4126 545 4182 allecti
576 4126 814 4181 erimus?
838 4126 1024 4194 Absit,
1068 4127 1315 4197 inquies;
1346 4124 1444 4184 cur
1471 4127 1586 4183 lucc
1615 4129 1794 4184 dicis?
1832 4128 1961 4183 Nol-

370 4215 469 4272 lem
486 4219 606 4272 haec
629 4217 829 4282 dicere,
849 4218 951 4272 nisi
972 4233 1065 4273 vos
1087 4217 1331 4273 faceretis
1354 4235 1368 4285 ;
1402 4234 1546 4274 nunc
1572 4233 1699 4275 vero
1718 4237 1837 4291 quae
1855 4220 1958 4275 uti-

370 4306 487 4364 litas
536 4323 602 4362 ex
646 4308 895 4374 silentio,
953 4323 1074 4363 cum
1122 4323 1210 4364 res
1253 4310 1325 4364 ita
1372 4310 1647 4380 perspicue
1695 4311 1961 4367 clament?

372 4398 653 4467 Quomodo
688 4400 853 4472 igitur
883 4401 1032 4455 illum
1081 4401 1403 4471 diligemus?
1445 4403 1767 4459 Sexcentics
1813 4403 1955 4471 dixi,

373 4492 462 4547 sed
512 4507 897 4563 nunc.quoque
921 4492 1118 4548 dicam.
1161 4491 1373 4548 Modum
1418 4493 1688 4549 invenisse
1722 4494 1850 4548 mihi
1881 4494 1958 4548 vi-

374 4579 502 4638 deor
537 4596 784 4654 magnum
814 4592 868 4639 ct
900 4582 1222 4639 mirabilem.
1252 4584 1444 4641 Postea
1471 4601 1630 4656 quam
1676 4587 1766 4642 Dei
1796 4587 1960 4643 bene-

377 4670 490 4730 ﬁcia
515 4677 878 4731 communiter
901 4675 1056 4731 nobis
1081 4685 1135 4731 et
1153 4676 1272 4733 aliis
1292 4677 1412 4732 data
1434 4679 1819 4748 reputavimus,
1840 4695 1962 4752 qua:

378 4770 451 4821 tot
478 4774 734 4837 tantaque
760 4776 883 4822 sunt
910 4776 969 4823 ut
1007 4770 1311 4824 enumerari
1353 4786 1460 4825 non
1499 4772 1740 4841 possint,
1783 4781 1836 4828 et
1865 4787 1962 4842 pro

378 4857 439 4915 iis
459 4860 710 4917 omnibus
734 4862 933 4931 gratias
953 4861 1050 4932 ipsi
1072 4862 1276 4933 egimus
1304 4877 1457 4932 :qu:e
1481 4863 1703 4933 singulis
1720 4873 1960 4919 nostrum

379 4953 602 5008 contulit
625 4952 919 5022 cogitemus
940 4969 1145 5020 omnes,
1176 4964 1230 5009 et
1263 4954 1500 5025 quotidie
1535 4956 1588 5010 in
1619 4965 1852 5012 mentem
1881 4972 1965 5013 re-

380 5054 647 5100 vocemus.
677 5044 936 5111 Quoniam
968 5047 1126 5116 igitur
1170 5047 1285 5103 btec
1311 5060 1558 5119 magnam
1592 5049 1697 5104 vim
1728 5050 1958 5118 habent,

382 5135 744 5207 unusquisque
772 5144 1011 5190 nostrum
1035 5150 1216 5191 secum
1247 5146 1479 5208 reputet,
1511 5147 1565 5195 et
1588 5146 1836 5196 accurate
1864 5158 1962 5197 ex-

383 5221 574 5291 ploret,
609 5242 735 5282 num
765 5225 1052 5296 aliquando
1081 5227 1134 5281 in
1164 5229 1459 5296 periculum
1487 5229 1688 5301 lapsus,
1718 5231 1963 5288 inimico-

386 5329 496 5372 rum
525 5335 716 5375 manns
741 5318 986 5390 elfugerit
1009 5358 1025 5385 ,
1055 5325 1110 5373 et
1136 5319 1285 5389 quasi
1316 5319 1369 5373 in
1395 5319 1534 5376 libro
1567 5321 1661 5376 Dei
1704 5321 1961 5378 beneficia

387 5404 645 5481 descripta
669 5410 864 5466 habeat
887 5427 900 5462 :
929 5408 1162 5478 exempli
1181 5423 1362 5471 causa,
1387 5425 1513 5464 num
1535 5411 1819 5482 aliquando
1839 5421 1964 5469 ante

388 5493 553 5555 lucem
600 5501 740 5556 viam
805 5513 1128 5571 capessens,
1174 5498 1465 5569 periculum
1508 5499 1790 5571 effugerit;
1837 5517 1963 5557 num

392 5599 505 5644 cum
530 5591 725 5662 iniquis
743 5605 1064 5663 congressus
1081 5589 1407 5659 hominibus,
1425 5590 1670 5662 superior
1693 5592 1925 5649 evaserit
1945 5610 1960 5660 ;

451 5763 468 5795 ⁸
499 5772 625 5820 Unus
645 5768 812 5831 habet,
838 5777 954 5833 Deo,
982 5781 1091 5833 pro,
1114 5765 1321 5819 Christo.

1285 340 1350 397 IN
1391 338 1570 396 ACTA
1614 338 2138 399 APOSTOLURUll.
2174 337 2405 395 "03m...
2447 338 2738 394 XXXVIII.

3559 348 3666 406 2³ῖὸ

2077 469 2203 507 num
2237 452 2287 506 in
2318 450 2565 506 morbum
2589 452 2789 521 lapsus,
2813 452 3222 525 desperantibus
3240 457 3511 526 omnibus,
3531 474 3667 515 cou-

2070 543 2342 609 valuerit;
2383 542 2609 597 multum
2655 543 2801 599 enim
2846 543 2948 601 hoc
2986 532 3129 601 valet
3175 547 3241 602 ad
3294 547 3458 604 Deum
3508 550 3666 606 nobis

2082 634 2374 706 propitium
2400 634 2760 690 reddendum.
2788 634 2919 690 Nam
2950 636 2995 692 si
3022 635 3388 693 Mardochmus
3417 639 3507 695 ille
3528 680 3544 704 ,
3574 640 3665 696 ubi

2070 742 2163 783 rex
2193 727 2245 782 in
2278 733 2516 783 mentem
2555 728 2827 782 revocavit
2864 728 3121 783 beneﬁcia
3171 730 3260 785 illa
3289 733 3358 786 ab
3396 732 3512 802 ipso
3558 733 3662 788 sibi

2069 817 2340 887 praestita,
2373 816 2444 871 ita
2489 827 2743 887 acceptus
2780 818 2856 874 illi
2896 817 3030 886 fuit,
3078 828 3137 873 ut
3160 820 3228 875 ad
3277 822 3423 878 illum
3474 824 3662 894 gloria:

2067 906 2410 977 splendorem
2443 908 2689 976 veniret;
2736 909 2904 965 multo
2928 909 3099 981 magis
3150 927 3283 978 nos,
3319 914 3364 968 si
3390 930 3664 970 memores

2068 997 2329 1054 fuerimus
2352 1038 2368 1066 ,
2416 1008 2473 1055 et
2496 998 2542 1054 si
2566 998 2676 1055 duo
2703 1000 2794 1055 illa
2822 1000 3106 1072 diligenter
3132 1002 3494 1072 exploremus,
3531 1005 3659 1075 quid

2069 1105 2168 1145 nos
2187 1091 2587 1161 peccaverimus
2615 1092 2669 1148 in
2700 1093 2889 1162 Deum,
2916 1104 2969 1151 et
2987 1111 3107 1166 qua:
3137 1096 3293 1168 nobis
3337 1096 3426 1152 ille
3453 1097 3658 1152 beneti-

2066 1181 2150 1236 cia
2176 1182 2461 1239 contulerit
2486 1200 2501 1239 :
2530 1184 2610 1241 sic
2631 1194 2681 1241 et
2712 1200 2812 1241 nos
2849 1188 2985 1256 grati
3015 1188 3239 1254 erimus,
3271 1197 3325 1244 et
3363 1188 3544 1243 omnia
3574 1188 3649 1243 cf-

2067 1273 2371 1329 fundentus.
2415 1272 2521 1330 Sed
2565 1291 2725 1332 nemo
2771 1279 2887 1332 haec
2932 1294 3115 1334 secum
3171 1289 3417 1349 reputat;
3473 1296 3660 1335 verum

2066 1364 2202 1420 sicut
2244 1364 2314 1421 de
2356 1369 2589 1437 peccatis
2624 1369 2911 1439 loquimur,
2955 1370 3196 1429 dicentes
3230 1388 3329 1429 nos
3377 1388 3660 1444 peccasse,

2068 1455 2210 1508 nulla
2235 1454 2371 1508 facta
2405 1457 2683 1526 speciatim
2721 1472 3062 1527 peccatorum
3094 1462 3411 1518 recensione
3438 1480 3453 1518 :
3491 1463 3573 1520 sic
3606 1473 3662 1519 et

2064 1544 2132 1601 de
2161 1546 2436 1603 beneliciis
2467 1549 2559 1604 Dei
2593 1549 2893 1620 loquentes,
2917 1551 3148 1609 dicimus
3174 1554 3342 1608 Deum
3367 1568 3466 1610 nos
3491 1554 3628 1611 bene
3646 1586 3658 1597 -

2067 1637 2191 1692 ﬁcio
2216 1637 2462 1695 affecisse
2486 1680 2503 1706 ,
2547 1656 2648 1697 nec
2676 1642 2955 1712 speciatim
2988 1643 3244 1700 beneﬁcia
3266 1646 3607 1714 exploremus
3641 1665 3657 1704 :

2063 1745 2170 1784 non
2201 1731 2465 1799 dicimus,
2495 1732 2606 1799 ubi,
2639 1746 2865 1805 quanta,
2898 1751 3005 1806 quo
3032 1746 3292 1808 tempore.
3321 1739 3429 1796 Sed
3464 1738 3660 1795 abhinc
3734 1774 3745 1783 ι

2062 1821 2283 1876 multam
2311 1822 2663 1880 adhibeamus
2690 1825 3043 1895 diligentiam.
3072 1826 3205 1881 Nam
3241 1828 3286 1881 si
3325 1828 3444 1898 quis
3492 1830 3655 1885 etiam

2062 1921 2243 1968 vetera
2273 1923 2521 1986 repetere
2558 1925 2763 1986 potest,
2802 1919 2984 1973 omnia
3030 1928 3280 1975 accurate
3319 1922 3373 1975 in
3420 1930 3655 1977 mentem

2061 2014 2313 2072 revocet,
2346 2006 2499 2075 quasi
2541 2022 2791 2077 magnum
2817 2018 3128 2078 reperturus
3160 2011 3492 2066 thesaurum.
3545 2012 3657 2066 [loc

2059 2096 2220 2150 etiam
2252 2098 2404 2151 nobis
2435 2098 2564 2154 utile
2590 2107 2705 2164 cst,
2739 2108 2796 2154 ut
2823 2116 2928 2155 non
2966 2101 3338 2172 desperemus.
3371 2090 3513 2157 Nam
3533 2118 3654 2157 cum

2059 2186 2352 2244 viderimus
2380 2189 2550 2259 ipsum
2579 2206 2723 2260 smpe
2747 2192 2901 2247 nobis
2928 2194 3321 2261 patrocinatum
3354 2210 3473 2250 esse
3494 2237 3508 2259 ,
3548 2211 3653 2249 non

2060 2276 2466 2346 deSperabiuius
2490 2296 2592 2339 nec
2612 2283 2919 2353 putabimus
2947 2298 3046 2338 nos
3069 2285 3305 2354 abjectos
3333 2286 3530 2352 fuisse;
3558 2287 3653 2341 scd

2060 2382 2310 2440 magnum
2358 2373 2687 2443 accipiemus
2715 2375 2904 2445 pignus
2934 2375 3052 2443 ejus
3073 2390 3200 2446 erga
3234 2391 3332 2430 nos
3358 2376 3650 2444 providen-

2062 2463 2184 2526 tiae,
2231 2477 2352 2518 cum
2383 2466 2792 2534 cogitaverimus
2818 2480 2918 2521 nos
2947 2475 3235 2537 peccantes
3278 2481 3388 2522 non
3434 2466 3649 2536 puniri,

2060 2551 2156 2609 sed
2182 2552 2299 2623 ejus
2328 2555 2626 2623 patrocinio
2650 2555 2774 2611 frui.

2132 2644 2187 2699 5.
2243 2643 2475 2699 Historia
2519 2647 2664 2715 pueri
2707 2647 2973 2717 cujusdam
3019 2651 3166 2719 a'gri.
3207 2678 3278 2688 —
3325 2648 3505 2703 Dicam
3555 2664 3655 2720 ego

2061 2735 2261 2806 aliquid
2284 2777 2299 2802 ,
2334 2736 2479 2807 quod
2510 2753 2539 2792 a
2566 2738 2818 2807 quopiam
2847 2738 3045 2793 audivi.
3078 2739 3210 2794 Erat
3237 2740 3452 2810 quidam
3486 2756 3618 2808 puer
3638 2782 3653 2806 ,

2061 2842 2223 2898 quem
2248 2828 2470 2900 contigit
2493 2844 2616 2884 cum
2645 2836 2816 2884 matre
2851 2829 2904 2883 in
2934 2844 3064 2900 agro
3089 2844 3208 2885 esse
3226 2870 3242 2897 ,
3269 2844 3392 2885 cum
3420 2829 3655 2885 nondum

2063 2916 2369 2987 quindecim
2399 2932 2660 2973 annorum
2689 2925 2869 2974 esset:
2897 2928 3021 2974 tunc
3042 2919 3188 2990 gravi
3219 2928 3273 2975 et
3301 2929 3555 2990 corrupto
3577 2921 3659 2975 in-

2062 3018 2286 3079 gruente
2321 3024 2448 3065 aere
2470 3051 2487 3077 ,
2532 3019 2817 3080 utrumque
2858 3009 3022 3067 febris
3063 3011 3297 3067 invasit:
3326 3022 3442 3067 erat
3477 3022 3657 3068 autem

2063 3100 2304 3155 autumni
2337 3109 2647 3172 tempestas.
2682 3101 2831 3157 'l‘unc
2859 3112 3032 3157 mater
3066 3102 3252 3158 urbem
3284 3103 3489 3173 ingredi
3522 3118 3659 3174 prae-

2063 3190 2345 3262 occupavit
2372 3210 2386 3245 :
2416 3206 2552 3262 puer
2578 3206 2709 3247 vero
2737 3207 2768 3246 a
2797 3193 3022 3248 medicis
3044 3193 3228 3263 jussus
3258 3193 3387 3249 illuc
3416 3209 3655 3262 manere,

2061 3294 2183 3335 cum
2215 3281 2380 3337 febris
2408 3281 2656 3353 ﬂagraret
2680 3323 2696 3349 ,
2724 3282 2887 3352 coepit
2914 3282 3249 3354 gargarizare
3268 3325 3284 3350 ,
3312 3283 3452 3354 apud
3478 3299 3537 3340 se
3567 3300 3656 3340 ra-

2065 3373 2326 3429 tiocinans
2346 3415 2362 3441 ,
2391 3380 2691 3444 puteusque
2719 3374 2800 3430 sic
2843 3372 3031 3429 febrim
3070 3374 3338 3445 exstingui
3387 3390 3544 3444 posse
3567 3417 3582 3443 ,
3611 3376 3657 3431 si

2065 3463 2195 3518 nihil
2243 3463 2468 3519 omnino
2509 3464 2749 3519 alimenti
2793 3465 3082 3535 acciperet.
3135 3464 3333 3534 Utpote
3378 3480 3549 3536 puer,
3591 3481 3656 3521 ex

2064 3554 2436 3625 intempestiva
2479 3556 2824 3611 contentione
2855 3555 2987 3608 nihil
3014 3554 3240 3626 accepit.
3290 3554 3361 3611 Ut
3387 3565 3563 3610 autem
3589 3557 3658 3610 ad

2016 3679 2026 3689 -
2064 3645 2259 3717 urbem
2274 3648 2436 3706 venit.
2469 3646 2644 3717 lingua
2677 3645 2907 3718 paralysi
2936 3654 3075 3702 tacta
3103 3655 3221 3714 est,
3250 3646 3323 3702 ita
3352 3656 3409 3702 ut
3433 3646 3523 3701 diu
3549 3664 3654 3701 non

2064 3738 2286 3810 loquens
2311 3779 2328 3806 ,
2361 3739 2492 3793 nihil
2534 3740 2860 3795 articulatim
2908 3740 3255 3811 pronuntiare
3301 3749 3516 3811 posset;
3562 3739 3656 3795 sed

2063 3831 2276 3902 legebat
2298 3831 2513 3903 quidem
2537 3873 2552 3899 ,
2580 3840 2635 3888 et
2665 3833 2947 3903 magistros
2972 3833 3143 3887 multo
3171 3841 3412 3902 tempore
3436 3830 3612 3886 adibat
3641 3847 3656 3896 ;

2064 3922 2160 3978 sed
2191 3924 2385 3978 frustra
2412 3933 2465 3980 et
2494 3922 2698 3994 absque
2725 3925 2878 3995 signo
2909 3924 3039 3978 ullo.
3072 3923 3259 3980 Omnis
3283 3940 3412 3996 ergo
3441 3940 3565 3995 spes
3591 3923 3662 3978 ab

2065 4013 2158 4070 illo
2182 4016 2451 4070 exciderat
2474 4057 2490 4082 ,
2526 4025 2801 4086 materque
2827 4020 2945 4085 ejus
2979 4016 3202 4071 multum
3231 4016 3462 4072 dolebat.
3496 4017 3659 4071 Multa

2063 4106 2295 4172 medici,
2318 4107 2482 4161 multa
2502 4107 2593 4161 alii
2614 4108 3016 4177 excogitarunt,
3039 4108 3132 4162 sed
3158 4109 3424 4163 incassum
3450 4125 3463 4160 :
3487 4110 3661 4162 donec

2064 4196 2330 4267 benignus
2356 4197 2496 4252 Deus
2519 4198 2713 4266 lingua:
2733 4197 3004 4252 vinculum
3026 4200 3250 4264 curavit,
3273 4208 3504 4266 tuncque
3528 4212 3657 4250 con-
3754 4256 3757 4257 ν

2065 4286 2253 4351 valuit,
2275 4293 2329 4339 et
2354 4285 2632 4354 pristinam
2662 4288 2911 4355 loquendi
2938 4287 3248 4343 facultatem
3272 4288 3496 4355 accepit.
3527 4287 3657 4340 Nar-

2066 4378 2203 4434 ravit
2227 4387 2405 4433 autem
2437 4378 2604 4445 ipsius
2631 4387 2824 4445 mater,
2849 4393 2969 4433 cum
2999 4379 3253 4448 puerulus
3282 4389 3454 4445 esset,
3484 4381 3657 4449 ipsum

2067 4472 2121 4527 in
2167 4486 2296 4527 nare
2330 4470 2578 4526 morbum
2623 4471 2875 4526 habuisse
2898 4514 2914 4539 ,
2941 4487 3100 4543 quem
3128 4481 3315 4527 vocant
3363 4472 3654 4543 polypum;

2066 4578 2388 4632 rursumque
2413 4563 2651 4619 medicos
2671 4562 3062 4633 desperavisw,
3084 4574 3402 4634 Optasseque
3429 4572 3653 4619 matrem

2067 4666 2125 4712 ut
2166 4665 2506 4721 moreretur,
2550 4664 2863 4727 patremque
2914 4656 3013 4728 ipsi
3060 4655 3401 4712 maledixisse
3443 4655 3658 4727 (adhuc

2065 4751 2207 4806 enim
2229 4750 2463 4821 vivebat)
2480 4768 2493 4802 :
2511 4750 2798 4822 omniaque
2817 4749 2993 4806 denuo
3014 4749 3281 4805 anxietate
3304 4750 3459 4821 plena
3481 4758 3655 4805 erant.

2064 4841 2162 4898 ille
2189 4858 2317 4898 vero
2346 4842 2622 4898 tussiendo
2644 4883 2659 4909 ,
2690 4858 2756 4898 ex
2787 4857 3004 4898 mucore
3051 4843 3216 4897 ieram
3254 4842 3399 4896 illam
3435 4842 3655 4912 spiritus

2064 4932 2268 5003 impetu
2286 4948 2353 4989 cx
2376 4933 2592 4988 naribus
2612 4932 2790 5002 ejecit,
2809 4933 3094 5003 omniaque
3113 4931 3290 5002 gravia
3312 4932 3484 4986 soluta
3507 4939 3652 4985 sunt.

2067 5024 2181 5081 Hoc
2218 5025 2403 5080 sedazo
2433 5023 2572 5079 malo
2609 5022 2785 5079 ﬂuxus
2825 5039 2922 5095 per
2957 5023 3141 5079 oculos
3183 5038 3309 5078 acer
3332 5031 3387 5078 et
3414 5022 3655 5077 viscosus

2066 5115 2259 5180 ﬂuens,
2294 5116 2429 5170 tales
2458 5125 2671 5185 tamque
2699 5130 2909 5171 crassas
2937 5114 3108 5170 lenias
3132 5112 3430 5179 efﬁciebat,
3459 5112 3656 5181 ut'pel-

2066 5206 2228 5264 licula
2278 5208 2493 5278 pupilla:
2544 5206 2941 5273 obduceretur',
2987 5207 3236 5278 quodque
3284 5220 3447 5276 grave
3491 5213 3608 5259 erat
3635 5245 3652 5269 ,

2067 5301 2362 5358 caecitatem
2389 5300 2726 5368 minabatur,
2755 5314 3048 5371 omnesque
3077 5297 3309 5355 futuram
3341 5297 3484 5352 illam
3509 5295 3656 5351 dice-

2068 5392 2216 5448 bant.
2262 5391 2369 5449 Sed
2410 5391 2515 5449 hoc
2558 5393 2720 5449 etiam
2766 5393 2956 5450 morbo
3000 5406 3099 5463 per
3136 5391 3232 5448 Dei
3274 5390 3499 5462 gratiam
3544 5378 3654 5445 cito

2068 5483 2324 5540 liberatus
2343 5491 2444 5538 est.

2144 5573 2371 5631 Historia
2410 5575 2514 5629 alia
2549 5575 2619 5630 ad
2661 5578 2829 5645 ipsum
2853 5575 3269 5646 Chrysostomnni
3297 5572 3652 5645 pertinens.—

2071 5667 2137 5723 Et
2177 5668 2290 5722 hmc
2318 5666 2531 5737 quidem
2557 5667 2768 5731 audivi;
2798 5683 2917 5737 qua:
2941 5679 3071 5721 vero
3100 5666 3213 5736 ipsc
3238 5665 3354 5722 scio
3375 5706 3389 5731 ,
3421 5662 3651 5720 narrabo

2072 5759 2241 5816 vobis.
2262 5758 2402 5817 Mota
2421 5768 2504 5817 est
2525 5767 2871 5832 tyrannorum
2892 5758 3126 5832 suspicio
3143 5758 3195 5816 iu
3215 5762 3429 5817 civitate
3448 5766 3649 5820 nostra.
