4108 6172
480 295 584 349 ΞἸΒ

480 416 606 470 dum
635 414 808 470 adhuc
837 414 1145 487 adolescens
1170 430 1345 471 essem
1378 432 1391 468 :
1426 416 1789 486 militibusque
1817 415 2063 470 omnibus

480 511 680 565 circum
703 510 967 564 civitatem
994 509 1121 564 foris
1144 509 1348 578 positis,
1369 509 1505 564 forte
1527 508 1735 563 libellos
1754 508 2063 578 quaerebant

478 604 860 672 praestigiarum
892 612 945 657 et
980 604 1231 672 machos.
1260 603 1326 656 Et
1366 602 1455 672 qui
1500 603 1785 671 scripserat
1826 603 2018 656 librum
2043 644 2058 668 ,

480 696 869 763 incompactum
903 695 1130 765 projecit
1172 695 1225 749 in
1258 694 1453 750 llumen
1480 736 1493 759 ,
1525 704 1817 765 captusque
1864 704 1980 756 est;
2011 702 2065 749 et

476 801 595 840 cum
648 785 716 840 ab
748 786 837 840 illo
868 787 1245 855 requireretur,
1290 786 1415 841 dare
1450 802 1553 841 non
1609 786 1796 855 potuit,
1847 786 1937 840 sed
1972 801 2065 854 per

476 877 663 931 urbem
692 877 902 931 vinctus
931 877 1239 933 ducebatur.
1275 877 1405 932 Cum
1436 889 1611 933 autem
1643 880 1815 933 auctis
1856 878 2062 934 indiciis

476 977 531 1022 et
570 969 970 1038 probationibus
996 1012 1009 1036 ,
1040 985 1226 1040 poenas
1251 969 1487 1025 dedisset
1514 987 1533 1023 :
1561 979 1686 1025 tunc
1730 986 1828 1040 ego
1857 985 1977 1025 enm
2011 970 2063 1024 in

476 1058 787 1129 martyrium
832 1060 846 1089 ¹
890 1058 966 1114 ire
997 1060 1189 1114 vellem
1217 1099 1232 1125 ,
1264 1059 1551 1114 transibam
1583 1075 1678 1128 per
1709 1062 1891 1114 hortos
1920 1059 2064 1129 juxta

478 1150 678 1205 ﬂumen
706 1165 825 1205 cum
855 1151 959 1205 alio
984 1150 1212 1221 quodam
1240 1168 1254 1208 :
1278 1152 1368 1221 qui
1397 1161 1452 1205 ut
1479 1150 1609 1204 vidit
1633 1159 2063 1219 Supernatantem

477 1240 695 1306 librum,
731 1242 901 1311 primo
931 1256 989 1298 se
1019 1242 1239 1297 linteum
1271 1242 1452 1297 videre
1486 1243 1719 1311 putavit,
1750 1257 1811 1297 ac
1836 1242 2062 1297 descen-

474 1331 612 1386 dens
640 1333 873 1402 recepit;
906 1341 964 1386 ut
993 1334 1217 1387 accessit
1244 1348 1373 1387 vero
1398 1373 1413 1400 ,
1446 1333 1636 1386 librum
1667 1348 1786 1388 esse
1812 1334 1978 1397 vidit,
2011 1341 2067 1388 et

476 1423 809 1480 descendens
849 1425 1012 1496 cepit.
1040 1424 1153 1495 Ego
1185 1440 1311 1479 vero
1346 1425 1733 1480 contendebant
1760 1466 1773 1491 ,
1804 1426 1957 1495 quasi
1996 1424 2064 1480 de

477 1530 540 1569 re
582 1515 850 1569 communi
900 1524 1108 1584 reperta
1134 1555 1148 1579 ,
1181 1514 1543 1585 ridebamque.
1591 1515 1695 1570 Sed
1749 1514 2021 1570 videamus
2046 1557 2062 1581 ,

475 1607 647 1677 inquit
674 1607 780 1674 ille,
803 1607 925 1678 quid
952 1608 1056 1661 sit:
1082 1607 1425 1676 revolutaque
1451 1608 1655 1677 paginm
1675 1615 1824 1677 parte
1862 1607 2061 1676 magica

475 1698 741 1768 descripta
767 1700 986 1755 invenit.
1013 1698 1220 1754 Accidit
1243 1708 1419 1753 autem
1450 1698 1636 1753 eodem
1662 1708 1903 1769 tempore
1928 1699 2067 1753 mili-

478 1802 585 1847 tem
618 1793 863 1847 transire.
897 1792 1031 1847 Hinc
1059 1806 1187 1847 vero
1214 1792 1392 1847 socius
1421 1792 1512 1846 illo
1540 1792 1807 1847 occultato
1835 1791 1983 1857 abiit,
2013 1801 2065 1846 et

476 1886 666 1940 timore
693 1884 1013 1940 tabescebat.
1039 1884 1169 1953 Quis
1195 1885 1337 1939 enim
1367 1883 1687 1939 credidisset
1713 1899 1811 1939 nos
1835 1899 1865 1939 e
1891 1884 2064 1938 llumi-

475 1990 544 2031 ne
576 1975 719 2029 illum
758 1975 1038 2030 sustulisse
1062 2017 1076 2042 ,
1119 1990 1239 2030 cum
1280 1989 1471 2030 omnes
1502 1974 1662 2030 etiam
1691 1989 1794 2030 non
1832 1978 2062 2045 suspecti

472 2067 874 2122 detinerentur?
918 2067 1164 2137 Abjieere
1204 2081 1308 2121 non
1345 2066 1706 2132 audcbamus,
1748 2082 1814 2121 ne
1853 2068 2061 2123 videre-

473 2174 619 2222 tnur,
646 2167 699 2212 et
748 2158 861 2227 pari
916 2158 1104 2213 timore
1151 2156 1530 2212 cohibebamur
1568 2173 1635 2212 nc
1680 2157 2059 2214 dividerentus.

473 2246 586 2301 Deo
618 2256 794 2301 tamen
820 2247 1040 2316 juvante
1069 2248 1408 2317 projecimus,
1431 2256 1486 2303 et
1528 2246 1595 2302 ab
1643 2248 1895 2303 extremis
1923 2249 2063 2317 peri-

472 2337 607 2390 culis
627 2338 793 2406 erepti
814 2351 1014 2401 sumus.
1038 2338 1317 2392 limumcra
1335 2337 1513 2393 dicere
1535 2353 1745 2408 possem
1768 2339 1811 2393 si
1832 2338 2021 2393 vellem
2044 2357 2059 2392 :

474 2426 591 2482 lure
617 2437 794 2481 autem
823 2428 874 2480 in
899 2427 1060 2482 vestri
1089 2428 1309 2498 gratiam
1332 2428 1469 2493 dixi;
1498 2437 1555 2483 ut
1580 2429 1623 2484 si
1647 2428 1787 2499 quis,
1812 2429 1855 2483 si
1879 2445 1985 2482 non
2008 2429 2060 2483 in

476 2518 645 2587 paria,
674 2518 728 2572 in
758 2518 859 2572 alia
891 2527 1063 2574 tamen
1096 2519 1330 2587 incidat,
1362 2535 1546 2575 eorum
1578 2520 1887 2575 memoriam
1918 2535 2062 2577 sem-

474 2624 571 2678 per
599 2618 794 2664 servet.
829 2608 984 2665 Verbi
1010 2612 1198 2679 gratia,
1231 2610 1275 2666 si
1305 2611 1459 2681 lapis,
1491 2611 1543 2666 in
1573 2621 1625 2667 te
1655 2611 1956 2682 conjectus,
1984 2619 2064 2667 te-

536 2784 550 2814 ¹
579 2783 904 2852 Δ,ιιιινιξιζὶιιίηιρ
931 2784 1141 2852 ecclesi_a_
1180 2796 1470 2852 martyrum,
1499 2788 1582 2839 vel
1622 2791 1671 2852 in
1710 2803 1806 2852 qua
1831 2790 2061 2852 reliquiae

470 2849 731 2953 nitartythm
757 2846 1074 2898 habebantur.
1101 2848 1208 2898 Vox
1242 2846 1479 2914 frequens
1510 2851 1636 2913 apud
1683 2846 1962 2914 Scriptores
1980 2864 2060 2899 ec-

468 2922 495 2951 c
518 2919 642 2955 esia'
687 2920 789 2955 cos.

1275 299 1328 351 S.
1368 297 1643 354 JUANNIS
1681 297 2155 353 CIIIIYSOSTOIII
2196 298 2511 356 AIICIIIEP.
2541 297 3075 363 CONSTANTINOP.

3652 315 3754 371 ‘376

2167 432 2269 489 que
2289 425 2434 473 recta
2456 419 2737 490 impetens,
2758 437 2865 477 non
2890 424 2939 480 in
2962 434 3012 481 te
3031 426 3249 495 incidat,
3270 428 3427 497 hujus
3449 446 3664 504 semper
3679 438 3755 492 sis

2168 526 2375 566 memor
2400 529 2413 566 :
2445 511 2545 569 hoc
2577 515 2729 569 nobis
2757 532 3002 587 magnam
3040 520 3130 577 Dei
3159 523 3447 578 amicitiam
3477 528 3751 585 conciliat.

2168 601 2221 658 Si
2254 602 2396 657 enim
2435 619 2557 659 cum
2594 607 2941 665 recordamur
2969 612 3276 681 hominum,
3311 617 3401 686 qui
3442 633 3540 673 nos
3569 636 3755 678 serva-

2166 705 2325 760 runt,
2357 711 2680 766 magnopere
2704 699 2947 757 dolemns
2969 728 2991 767 ,η
3012 704 3055 758 si
3085 721 3191 760 non
3220 709 3487 776 possimus
3518 711 3650 782 ipsis
3674 716 3755 769 vi-

2166 799 2282 839 cem
2330 790 2628 857 rependcne
2676 810 2690 846 :
2736 794 2904 849 multo
2948 796 3115 868 magis
3162 799 3274 855 Dco
3318 806 3515 873 gratias
3559 807 3760 865 habere

2168 887 2398 947 oportet.
2431 879 2486 933 Id
2526 891 2581 936 et
2609 883 2742 939 alias
2782 886 2910 940 utile
2940 897 3040 942 est.
3073 889 3126 944 Si
3159 893 3337 962 itaque
3373 895 3616 952 volumus
3648 917 3755 955 non

2168 970 2388 1025 nimium
2423 971 2607 1029 dolere
2628 1017 2641 1039 ,
2673 975 2912 1032 dicamus
2941 997 2955 1033 :
2983 980 3046 1035 Si
3083 981 3216 1036 bona
3250 989 3561 1057 suscepimus
3586 1008 3617 1043 α
3648 991 3756 1046 Do-

2167 1061 2336 1128 mino,
2368 1079 2541 1118 annon
2577 1065 2713 1120 mala
2760 1068 2979 1136 feremus
3016 1070 3154 1141 (Iob
3180 1073 3234 1129 2.
3291 1076 3356 1132 10
3380 1079 3437 1147 )?
3468 1078 3535 1133 Et
3562 1081 3758 1137 Paulus

2168 1152 2288 1207 ideo
2317 1154 2530 1210 dicebat
2549 1197 2563 1221 ,
2597 1158 2737 1215 unde
2765 1160 3020 1215 liberatus
3044 1174 3221 1231 esset,
3254 1174 3309 1220 ut
3335 1169 3466 1225 alios
3496 1170 3757 1229 admone—

2168 1255 2270 1299 ret.
2303 1246 2437 1302 Vide
2465 1258 2518 1302 et
2547 1248 2827 1318 Iacobum,
2860 1255 3129 1322 quomodo
3161 1257 3250 1311 illa
3279 1263 3458 1317 omnia
3490 1263 3541 1318 in
3580 1278 3760 1323 mente

2169 1337 2385 1403 habuit;
2418 1340 2536 1395 ideo
2564 1342 2772 1399 diccbat
2802 1362 2815 1397 :
2843 1345 3064 1416 Angelus
3086 1348 3172 1416 qui
3201 1350 3386 1419 eripuit
3415 1370 3494 1408 me
3515 1373 3546 1409 a
3568 1357 3753 1426 juven-

2168 1438 2271 1483 tute
2291 1447 2400 1485 mea
2421 1431 2575 1502 (Gen.
2598 1435 2685 1490 48.
2714 1436 2823 1506 l6).
2849 1437 2955 1493 Sed
2976 1441 3269 1509 cogitemus
3291 1459 3394 1511 non
3419 1448 3592 1502 solum
3615 1453 3755 1520 quod

2169 1524 2402 1589 eruerit,
2431 1524 2527 1579 sed
2553 1527 2711 1581 etiam
2744 1531 3016 1599 quomodo
3041 1543 3093 1587 et
3119 1549 3222 1604 qua
3251 1537 3302 1590 in
3334 1554 3410 1593 re.
3439 1539 3574 1597 Vide
3601 1544 3761 1613 igitur

2169 1616 2317 1671 illum
2358 1618 2633 1687 speciatim
2661 1621 2915 1678 beneficia
2947 1639 3483 1686 commemorantem.
3517 1633 3582 1688 In
3618 1639 3761 1707 virga

2168 1723 2300 1774 mea,
2329 1708 2531 1779 inquit,
2561 1713 2769 1767 transivi
2795 1713 3079 1770 Iordanem
3113 1719 3130 1789 (
3156 1718 3285 1777 Gen.
3310 1723 3398 1777 '52.
3429 1724 3495 1779 10
3517 1726 3560 1795 ).
3589 1726 3758 1783 Judaei

2170 1814 2298 1855 vero
2326 1800 2487 1857 etiam
2527 1818 2712 1859 eorum
2739 1847 2753 1871 ,
2783 1822 2903 1876 qua:
2942 1809 3231 1879 majoribus
3273 1815 3387 1869 suis
3425 1829 3757 1884 evenerant,

2169 1906 2384 1962 semper
2410 1910 2676 1951 memores
2705 1909 2879 1964 erant,
2913 1912 3219 1972 repetentes
3246 1921 3330 1971 ea,
3359 1924 3479 1978 quas
3511 1910 3561 1964 in
3594 1912 3760 1984 zEgy-

2168 1992 2262 2055 pto
2288 1985 2612 2042 acciderant.
2644 1989 2706 2043 Et
2737 2005 2834 2046 nos
2864 2008 2992 2063 ergo
3018 1995 3188 2051 multo
3216 2001 3382 2067 magis
3407 2017 3615 2067 eorum,
3640 2022 3760 2074 qua:

2169 2074 2323 2132 nobis
2360 2078 2706 2145 acciderunt,
2738 2098 3005 2139 memores
3038 2087 3206 2142 simus
3228 2129 3244 2156 ,
3273 2094 3483 2158 quoties
3511 2094 3561 2149 in
3591 2111 3761 2168 angu-

2168 2168 2297 2223 stias
2333 2179 2387 2224 et
2420 2170 2749 2228 calamitates
2787 2175 3104 2243 incidimus;
3137 2188 3191 2235 et
3228 2182 3329 2235 nisi
3367 2184 3506 2239 Deus
3540 2203 3757 2245 manum

2168 2262 2511 2330 porrexisset,
2522 2264 2724 2333 jamdiu
2744 2267 3103 2336 periissemus.
3123 2271 3247 2327 Ilaec
3259 2276 3553 2345 cogitantes
3567 2294 3758 2336 omines

2167 2362 2221 2406 et
2251 2353 2487 2422 quotidie
2524 2365 2856 2426 repetentes,
2882 2361 3082 2431 gratias
3108 2376 3322 2434 semper
3354 2367 3466 2423 Deo
3491 2384 3713 2440 agamus
3737 2414 3751 2437 ,

2166 2453 2218 2498 et
2251 2445 2300 2497 in
2331 2448 2601 2501 communi
2628 2463 2815 2506 omnes
2844 2452 3070 2522 gloriam
3102 2456 3200 2526 ipsi
3234 2458 3554 2529 referamus,
3584 2480 3759 2536 neque

2168 2536 2316 2591 illum
2346 2536 2619 2595 celebrare
2645 2554 2937 2611 cessemus,
2965 2553 3025 2600 ut
3049 2549 3186 2616 grati
3214 2550 3377 2605 animi
3409 2570 3657 2624 magnam
3683 2574 3758 2612 rc-

2166 2629 2425 2699 cipiamus
2452 2630 2754 2687 mercedem
2785 2650 2800 2688 :
2827 2636 2997 2704 gratia
3028 2645 3084 2692 et
3111 2638 3545 2699 miserationibus
3574 2649 3757 2719 unige-

2165 2721 2262 2776 niti
2290 2721 2408 2789 ejus
2439 2722 2555 2776 Filii
2585 2762 2598 2786 ,
2629 2724 2844 2793 quicum
2872 2734 2928 2781 et
2957 2743 3059 2783 una
3090 2728 3310 2798 Spiritui
3336 2746 3521 2790 sancto
3547 2738 3713 2807 gloria
3740 2783 3755 2805 ,

2166 2812 2479 2882 imperium,
2511 2813 2711 2881 honor,
2743 2831 2884 2871 nunc
2909 2826 2965 2874 et
2996 2833 3233 2891 semper,
3263 2832 3317 2879 et
3346 2826 3399 2879 in
3426 2829 3624 2883 smcula
3652 2845 3756 2885 sa:-

2163 2904 2426 2957 culorum.
2459 2905 2653 2962 Amen.

1770 3086 2116 3146 HOMILIA
2157 3086 2469 3148 XXXIX.
3178 3044 3195 3045 Π
3716 3044 3743 3059 .

471 3227 598 3282 Car.
638 3228 721 3281 l7.
752 3242 804 3281 v.
852 3227 941 3282 52.
986 3228 1112 3283 Cum
1153 3228 1410 3285 audissent
1448 3240 1615 3283 autem
1656 3231 2066 3285 resurrectionem

542 3329 890 3385 mortuorum,
923 3319 1012 3374 alii
1040 3322 1242 3391 quidem
1282 3320 1558 3375 irridebaut
1586 3363 1600 3385 ,
1632 3322 1722 3375 alii
1763 3339 1876 3376 vero
1917 3324 2063 3376 dixe-

542 3420 661 3465 runt
688 3426 710 3465 :
735 3412 1004 3467 Audiamus
1035 3424 1081 3466 te
1104 3414 1166 3468 de
1195 3414 1289 3467 hoc
1316 3414 1515 3468 iterum.
1546 3414 1635 3470 55.
1671 3412 1734 3467 Et
1762 3414 1834 3468 sic
1865 3413 2065 3469 Paulus

543 3504 664 3557 exiit
695 3504 759 3558 de
788 3504 954 3558 medio
984 3522 1177 3559 eorum.

546 3597 597 3649 1.
639 3594 747 3647 Cur
775 3595 988 3656 Paulus.
1021 3612 1141 3650 cum
1173 3598 1250 3651 sic
1280 3600 1653 3667 persuasisset,
1685 3609 1742 3655 ut
1768 3602 2062 3657 Athenien-

473 3700 561 3739 ses
588 3685 846 3749 dicerent,
877 3686 1152 3740 Audiemus
1180 3698 1226 3741 te
1249 3689 1312 3743 de
1340 3689 1433 3744 hoc
1458 3691 1657 3758 iterum,
1687 3708 1915 3763 cumque
1940 3694 2061 3748 nul-

475 3775 524 3828 la
563 3783 743 3829 essent
777 3776 1007 3844 pericula
1034 3818 1047 3842 ,
1079 3778 1292 3834 festinat
1332 3782 1689 3839 Athenienses
1719 3786 2063 3854 relinquere?

476 3865 635 3921 Forte
659 3866 857 3921 sciebat
885 3882 943 3922 se
968 3883 1071 3923 non
1099 3872 1321 3925 multum
1350 3874 1477 3927 lucri
1504 3874 1766 3930 facturum
1791 3894 1803 3930 ε
1826 3877 2061 3947 alioquin

473 3957 631 4012 etiam
672 3973 702 4012 a
745 3958 943 4027 Spiritu
990 3960 1303 4016 Corinthum
1341 3963 1655 4021 ducebatur.
1705 3969 1791 4023 55.
1841 3968 2061 4034 Quidam

471 4064 586 4102 vero
612 4049 705 4103 viri
732 4050 1044 4105 adhazrentes
1070 4052 1115 4106 ei
1138 4095 1152 4120 ,
1180 4054 1499 4109 crediderunt
1522 4073 1541 4110 .'
1562 4058 1614 4110 in
1643 4059 1823 4127 quibus
1851 4068 1898 4112 et
1929 4059 2057 4113 Dio-

468 4143 644 4211 nysius
680 4142 982 4213 Areopagita
1007 4184 1023 4207 ,
1051 4154 1096 4199 et
1126 4147 1307 4199 mulier
1342 4149 1543 4202 nomine
1577 4149 1812 4205 Damni-is
1836 4192 1851 4217 ,
1883 4161 1930 4204 et
1968 4152 2060 4208 alii

468 4249 581 4285 cum
606 4232 697 4286 eis.
723 4232 741 4303 (
767 4233 894 4304 Cap.
932 4235 1041 4305 IS.)
1068 4237 1116 4289 Ι.
1144 4234 1267 4291 Post
1294 4238 1401 4292 hac
1425 4249 1590 4294 autem
1613 4258 1839 4312 egressus
1863 4242 2059 4298 Paulus

468 4326 696 4391 Athenis,
720 4328 849 4381 venit
876 4327 1210 4384 Corinthum:
1231 4331 1284 4386 2.
1311 4342 1356 4386 et
1382 4334 1638 4390 inveniens
1664 4337 1931 4407 quemdam
1955 4338 2058 4390 Iu-

467 4418 632 4471 dwum
674 4419 874 4473 nomine
907 4421 1135 4490 Aquilam
1159 4461 1176 4487 ,
1210 4421 1479 4478 Ponticum
1517 4443 1728 4496 genere,
1767 4429 1855 4496 qui
1896 4444 2057 4498 nuper

467 4515 667 4560 venerat
694 4524 756 4563 ea:
790 4508 943 4562 Italia
965 4552 979 4575 ,
1012 4521 1057 4565 et
1090 4512 1382 4566 Priscillam
1412 4531 1620 4570 uxorem
1645 4518 1753 4586 ejus
1783 4518 1802 4587 (
1826 4535 1884 4572 eo
1921 4520 2057 4589 quod

466 4598 780 4667 pra’cepisset
804 4598 1047 4653 Claudius
1073 4602 1327 4656 discedere
1358 4620 1531 4658 omnes
1568 4605 1780 4661 Iudaeos
1807 4608 1971 4663 Roma
1993 4610 2012 4682 )
2036 4652 2050 4676 ,

464 4687 671 4741 accessit
700 4687 768 4740 ad
794 4705 876 4742 eos
902 4705 919 4742 :
942 4690 994 4743 3.
1022 4700 1067 4745 et
1094 4692 1211 4759 quia
1248 4693 1473 4762 ejusdem
1500 4704 1609 4749 erat
1634 4698 1758 4751 artis
1777 4739 1792 4762 ,
1822 4703 2055 4757 manebat

463 4775 605 4846 apud
625 4791 730 4841 eos,
754 4786 800 4830 et
829 4778 1132 4846 operabatur
1152 4796 1172 4833 :
1196 4792 1337 4835 erant
1363 4794 1531 4837 autem
1560 4787 1939 4857 scenofactoriaz
1964 4809 2051 4846 ar-

463 4869 551 4921 tis.
592 4866 722 4922 Iure
760 4867 1110 4936 Corinthum,
1157 4880 1213 4926 ut
1236 4873 1344 4928 dixi
1369 4916 1384 4941 ,
1415 4891 1445 4928 a
1485 4875 1683 4946 Spiritu
1715 4879 1927 4935 ducitur
1949 4925 1963 4948 ,
1996 4884 2049 4940 in

462 4974 566 5030 qua
596 4975 814 5017 manere
839 4963 1140 5033 oportebat.
1171 4964 1528 5023 Athenienses
1555 4969 1695 5024 enim
1722 5013 1737 5038 ,
1769 4975 1868 5028 etsi
1897 4991 2050 5033 novre

432 5088 433 5091 η
461 5052 738 5107 concionis
773 5061 1039 5109 amatores
1063 5064 1279 5122 essent,
1320 5072 1423 5112 non
1451 5060 1795 5120 attendebant
1826 5072 1999 5121 tamen
2032 5084 2045 5120 :

462 5160 636 5215 neque
671 5146 813 5201 enim
850 5148 902 5201 id
931 5149 1219 5214 curabant,
1255 5150 1349 5205 sed
1380 5160 1439 5207 ut
1465 5168 1680 5225 semper
1708 5157 1833 5227 quid
1864 5159 2048 5215 dicen-

462 5237 590 5291 dum
618 5238 875 5294 haberent
900 5257 914 5293 :
939 5238 991 5295 id
1018 5240 1158 5311 quod
1185 5242 1344 5297 etiam
1374 5242 1498 5300 fecit
1523 5255 1581 5301 ut
1622 5249 1961 5307 sccedcrent.
1991 5252 2046 5308 Si

462 5328 565 5384 hoc
607 5341 783 5389 autem
827 5332 931 5389 illis
969 5333 1019 5388 in
1058 5350 1207 5391 more
1245 5345 1360 5391 erat
1383 5378 1397 5404 ,
1440 5352 1537 5395 cur
1570 5352 1824 5397 accusant
1856 5345 2002 5399 illum
2029 5388 2044 5412 ,

465 5417 726 5475 Novarum
773 5423 1139 5480 dwmoniorum
1186 5430 1514 5484 annuntiator
1546 5447 1651 5486 esse
1679 5435 1912 5489 videtur?
1942 5436 2045 5492 Sed

462 5509 576 5567 haec
603 5514 756 5571 valde
784 5516 1007 5573 obscura
1048 5519 1153 5575 illis
1182 5535 1301 5576 esse
1331 5522 1595 5577 videntur.
1641 5526 1889 5582 Attamen
1923 5543 2044 5597 per-

463 5602 629 5656 suasit
657 5603 906 5674 Dionysio
935 5611 1266 5681 Areopagitzc
1299 5622 1352 5667 et
1396 5614 1515 5668 aliis
1543 5614 1881 5684 quibusdam.
1912 5616 2043 5673 Nam

463 5692 550 5759 qui
578 5692 642 5748 de
669 5699 770 5751 vita
800 5708 943 5757 recte
970 5703 1171 5772 agenda
1198 5705 1477 5771 curabant,
1501 5707 1607 5762 cito
1639 5707 1861 5763 verbum
1891 5724 2041 5765 accc-

2165 3243 2394 3302 pcrunt;
2440 3238 2619 3291 caateri
2659 3253 2788 3295 vero
2828 3256 2931 3296 non
2974 3242 3122 3299 item.
3164 3245 3384 3302 Videtur
3410 3263 3539 3320 ergo
3564 3251 3755 3307 Paulus

2166 3324 2299 3378 satis
2322 3323 2591 3393 habuisse,
2611 3329 2752 3398 quod
2778 3330 2898 3387 ﬁdei
2921 3334 3123 3389 semina
3143 3335 3363 3406 jecisset
3389 3356 3401 3392 :
3428 3343 3597 3411 major
3616 3345 3754 3398 enim

2167 3429 2289 3484 pars
2319 3415 2439 3470 vita:
2471 3417 2611 3473 illius
2646 3419 2755 3489 jam
2788 3431 3050 3479 transacta
3079 3436 3213 3481 erat.
3259 3428 3389 3484 Nam
3422 3433 3521 3487 sub
3546 3433 3755 3491 Nerone

2165 3518 2565 3564 consummatus
2594 3520 2708 3577 est;
2740 3528 2771 3567 a
2795 3513 3017 3571 Claudio
3043 3527 3220 3573 autem
3250 3530 3373 3576 tunc
3402 3523 3601 3580 bellum
3626 3542 3753 3582 con-

2166 3607 2244 3651 tra
2275 3598 2489 3654 Iudzeos
2520 3605 2719 3658 moveri
2752 3605 3074 3676 incipiebat,
3106 3614 3290 3679 procul
3317 3616 3531 3685 quidem
3553 3660 3569 3684 ,
3598 3630 3755 3691 atque

2164 3698 2222 3742 ut
2257 3690 2547 3747 verisimile
2586 3703 2667 3749 est
2692 3735 2707 3760 ,
2741 3704 2798 3751 ut
2840 3712 2960 3755 sese
3000 3704 3380 3775 cmendarent;
3412 3724 3474 3764 ac
3500 3690 3755 3769 Romani

2166 3782 2400 3849 pestiferi
2440 3785 2795 3853 pellebantur.

2240 3869 2434 3927 Paulus
2460 3892 2551 3929 cur
2577 3880 2772 3934 vinctus
2796 3880 3012 3937 Romam
3039 3885 3259 3942 ducitur.
3292 3920 3358 3930 —
3382 3892 3505 3949 Ideo
3531 3910 3595 3950 ex
3640 3896 3750 3952 dis—

2163 3965 2476 4031 pensatione
2500 3968 2676 4023 divina
2702 3970 2778 4040 lit,
2803 3982 2858 4028 ut
2888 3973 3084 4032 Paulus
3115 3980 3322 4037 vinctus
3352 3984 3476 4039 illuc
3504 3986 3747 4052 ducatur,

2162 4060 2218 4106 ut
2250 4067 2317 4108 ne
2348 4057 2499 4124 quasi
2529 4057 2746 4115 Iudams
2777 4064 3025 4135 pellatur,
3055 4069 3149 4124 sed
3177 4073 3326 4141 quasi
3365 4075 3465 4130 sub
3495 4077 3752 4134 militibus

2160 4156 2323 4209 agens
2347 4185 2361 4210 ,
2395 4146 2446 4199 in
2476 4150 2716 4204 custodia
2748 4153 2836 4207 sit.
2869 4151 2934 4207 Et
2963 4161 3179 4225 mansit,
3214 4162 3413 4234 inquit,
3444 4170 3586 4236 apud
3614 4168 3750 4224 illos.

2160 4232 2319 4303 Papae
2346 4237 2357 4290 l
2389 4251 2550 4306 quam
2583 4239 2843 4309 justitiam
2877 4246 3098 4317 invenit,
3142 4261 3199 4306 ut
3225 4232 3347 4308 cum
3377 4232 3487 4312 illis
3513 4257 3747 4316 habitet!

2159 4326 2294 4394 Quia
2321 4329 2463 4385 enim
2497 4331 2582 4388 hic
2611 4337 2943 4404 potissimum
2973 4345 3253 4412 oportebat
3292 4348 3441 4405 illum
3474 4367 3581 4407 non
3608 4356 3751 4410 acci~

2159 4434 2287 4489 pere
2308 4462 2322 4486 ,
2353 4430 2410 4475 ut
2439 4422 2553 4491 ipse
2593 4426 2668 4480 ait
2706 4443 2721 4482 :
2767 4428 2835 4484 Ut
2880 4432 2932 4485 in
2957 4450 3055 4503 quo
3082 4435 3368 4505 gloriantur
3390 4482 3404 4506 ,
3435 4442 3753 4498 inveniantur

2156 4512 2284 4566 sicut
2304 4523 2348 4568 et
2369 4531 2459 4569 nos
2484 4515 2559 4588 (‘2.
2582 4519 2699 4573 Cor.
2726 4522 2810 4576 Η.
2839 4524 2948 4595 12);
2973 4528 3282 4596 providetur
3303 4540 3361 4586 ut
3383 4534 3489 4589 illic
3512 4549 3744 4593 maneat.

2155 4604 2209 4658 4.
2241 4603 2309 4659 Et
2334 4606 2620 4677 disputabat
2647 4612 2698 4666 in
2728 4631 2986 4688 synagoga
3027 4637 3117 4689 per
3142 4638 3288 4676 omne
3310 4626 3592 4696 sabbatum,
3627 4649 3745 4685 sua-

2155 4697 2397 4769 debatque
2424 4700 2642 4771 Iudaeis,
2666 4715 2711 4759 et
2740 4707 2948 4763 Grauis.
2974 4711 3027 4765 5.
3054 4712 3180 4766 Cum
3215 4717 3461 4772 venissent
3488 4732 3657 4776 autem
3687 4725 3749 4778 de

2155 4789 2463 4849 Macedonia
2522 4799 2663 4853 Silus
2700 4810 2747 4855 et
2795 4801 3085 4859 Timotheus
3110 4848 3124 4871 ,
3172 4812 3526 4867 caarctabatur
3564 4818 3747 4885 spiritu

2156 4887 2353 4942 Paulus
2377 4931 2390 4953 ,
2438 4892 2711 4960 testiﬁcans
2751 4893 2948 4948 Iudaeis
2996 4898 3251 4953 Christum
3290 4902 3489 4960 Iesum.
3537 4906 3592 4960 Id
3623 4915 3740 4973 est,

2151 4979 2362 5035 molesti
2394 4991 2545 5037 erant
2584 4983 2695 5049 illi,
2730 4985 3074 5058 insurgebant
3110 4991 3161 5046 in
3205 5010 3329 5049 eum
3363 5013 3376 5050 :
3409 4998 3487 5052 sic
3517 4998 3592 5052 illi
3619 5015 3743 5071 age-

2152 5072 2300 5127 bant.
2335 5074 2475 5142 Quid
2516 5092 2643 5132 vero
2670 5077 2905 5134 Paulus?
2942 5081 3217 5155 Relinquit
3244 5101 3339 5143 eos
3363 5128 3377 5153 ,
3410 5091 3743 5163 multumque

2155 5173 2339 5219 terret.
2364 5166 2477 5221 Non
2502 5168 2637 5223 ultra
2659 5173 3020 5228 necessarium
3045 5185 3181 5243 erat,
3208 5178 3402 5248 inquit,
3426 5182 3577 5236 vobis
3598 5182 3740 5253 loqui

2150 5257 2407 5323 verbum;
2456 5260 2550 5315 sed
2578 5261 2857 5320 obscurius
2903 5267 3155 5338 loquitur.
3186 5271 3240 5326 6.
3276 5272 3742 5332 Contradicentibus

2150 5360 2317 5404 autent
2346 5353 2417 5407 eis
2443 5361 2489 5407 et
2514 5353 2995 5426 blasphemantibus,
3026 5363 3283 5418 excutiens
3309 5368 3599 5421 vestimenta
3622 5385 3740 5436 sua,

2148 5441 2276 5494 dixit
2304 5444 2374 5496 eis
2401 5459 2420 5497 .'
2445 5444 2672 5517 Sanguis
2700 5458 2857 5503 vester
2880 5467 3034 5521 super
3062 5464 3211 5523 caput
3236 5467 3452 5512 vestrum
3480 5476 3499 5513 :
3520 5462 3742 5517 mundus

2147 5548 2258 5603 ego,
2289 5549 2353 5587 ea:
2378 5534 2472 5589 hoc
2496 5537 2564 5589 ad
2583 5548 2752 5608 gentes
2782 5541 2981 5595 cadam.
3006 5544 3057 5599 7.
3084 5543 3153 5598 Et
3175 5548 3397 5619 migrans
3419 5549 3553 5615 inde,
3577 5550 3739 5605 intra-

2149 5624 2214 5675 rit
2242 5624 2295 5676 in
2326 5625 2533 5681 domum
2560 5630 2854 5700 cujusdam,
2885 5636 3088 5689 nomine
3114 5635 3274 5703 Iusti,
3307 5640 3515 5695 colentis
3553 5639 3733 5707 Deum,

2148 5717 2295 5786 cujus
2319 5717 2497 5775 domus
2523 5729 2631 5776 erat
2655 5725 2924 5794 conjuncta
2946 5742 3237 5799 synagoga.
3263 5730 3316 5787 8.
3340 5732 3549 5805 Crispus
3569 5744 3736 5788 autem
