  <div class='ocr_page' id='page_1' title='image "/cluster/home/n/w/nwhite01/storage/ocr_20150623/60/mdp.39015028539453/281.png"; bbox 0 0 4108 6172; ppageno 0'>
   <div class='ocr_carea' id='block_1_1' title="bbox 430 338 539 394">
    <p class='ocr_par' dir='ltr' id='par_1_1' title="bbox 430 338 539 394">
     <span class='ocr_line' id='line_1_1' title="bbox 430 338 539 394; baseline 0.009 -2"><span class='ocrx_word' id='word_1_1' title='bbox 430 338 539 394; x_wconf 72' lang='lat'>277</span> 
     </span>
    </p>
   </div>
   <div class='ocr_carea' id='block_1_2' title="bbox 433 451 2103 529">
    <p class='ocr_par' dir='ltr' id='par_1_2' title="bbox 433 451 2103 529">
     <span class='ocr_line' id='line_1_2' title="bbox 433 451 2103 529; baseline -0.002 -19"><span class='ocrx_word' id='word_1_2' title='bbox 433 451 590 526; x_wconf 71' lang='lat'>[296]</span> <span class='ocrx_word' id='word_1_3' title='bbox 626 452 784 527; x_wconf 68' lang='grc' dir='ltr'>εἴπερ</span> <span class='ocrx_word' id='word_1_4' title='bbox 806 452 1015 524; x_wconf 69' lang='grc' dir='ltr'>ἤθελον.</span> <span class='ocrx_word' id='word_1_5' title='bbox 1058 456 1329 523; x_wconf 78' lang='grc' dir='ltr'>Κρίσπος</span> <span class='ocrx_word' id='word_1_6' title='bbox 1368 455 1471 520; x_wconf 80' lang='grc' dir='ltr'>δὲ,</span> <span class='ocrx_word' id='word_1_7' title='bbox 1507 455 1701 529; x_wconf 71' lang='grc' dir='ltr'>φησὶν,</span> <span class='ocrx_word' id='word_1_8' title='bbox 1738 457 1772 508; x_wconf 84' lang='grc' dir='ltr'><em>ὀ</em></span> <span class='ocrx_word' id='word_1_9' title='bbox 1813 455 2103 523; x_wconf 78' lang='grc' dir='ltr'>ἀρχισυν-</span> 
     </span>
    </p>
   </div>
   <div class='ocr_carea' id='block_1_3' title="bbox 433 540 2099 613">
    <p class='ocr_par' dir='ltr' id='par_1_3' title="bbox 433 540 2099 613">
     <span class='ocr_line' id='line_1_3' title="bbox 433 540 2099 613; baseline -0.001 -19"><span class='ocrx_word' id='word_1_10' title='bbox 433 540 658 613; x_wconf 77' lang='grc' dir='ltr'>άγωγος</span> <span class='ocrx_word' id='word_1_11' title='bbox 676 542 1001 596; x_wconf 81' lang='grc' dir='ltr'>ἐπίστευσε</span> <span class='ocrx_word' id='word_1_12' title='bbox 1021 540 1101 608; x_wconf 82' lang='grc' dir='ltr'>τῷ</span> <span class='ocrx_word' id='word_1_13' title='bbox 1121 544 1316 611; x_wconf 81' lang='grc' dir='ltr'>Κυρίῳ</span> <span class='ocrx_word' id='word_1_14' title='bbox 1335 545 1458 598; x_wconf 86' lang='grc' dir='ltr'>σὺν</span> <span class='ocrx_word' id='word_1_15' title='bbox 1484 544 1604 611; x_wconf 86' lang='grc' dir='ltr'>δλῳ</span> <span class='ocrx_word' id='word_1_16' title='bbox 1626 540 1706 609; x_wconf 83' lang='grc' dir='ltr'>τῷ</span> <span class='ocrx_word' id='word_1_17' title='bbox 1726 543 1870 608; x_wconf 77' lang='grc' dir='ltr'>οἴκῳ</span> <span class='ocrx_word' id='word_1_18' title='bbox 1892 540 2099 595; x_wconf 82' lang='grc' dir='ltr'>αὐτοῦ.</span> 
     </span>
    </p>
   </div>
   <div class='ocr_carea' id='block_1_4' title="bbox 436 624 2103 702">
    <p class='ocr_par' dir='ltr' id='par_1_4' title="bbox 436 624 2103 702">
     <span class='ocr_line' id='line_1_4' title="bbox 436 624 2103 702; baseline 0 -21"><span class='ocrx_word' id='word_1_19' title='bbox 436 629 546 682; x_wconf 78' lang='grc' dir='ltr'>Καὶ</span> <span class='ocrx_word' id='word_1_20' title='bbox 577 629 733 683; x_wconf 89' lang='grc' dir='ltr'>τοῦτο</span> <span class='ocrx_word' id='word_1_21' title='bbox 760 629 992 701; x_wconf 85' lang='grc' dir='ltr'>μάλιστα</span> <span class='ocrx_word' id='word_1_22' title='bbox 1039 630 1221 685; x_wconf 77' lang='grc' dir='ltr'>ἰκανὸν</span> <span class='ocrx_word' id='word_1_23' title='bbox 1251 632 1387 702; x_wconf 83' lang='grc' dir='ltr'>πρὸς</span> <span class='ocrx_word' id='word_1_24' title='bbox 1420 632 1482 686; x_wconf 81' lang='grc' dir='ltr'>τὸ</span> <span class='ocrx_word' id='word_1_25' title='bbox 1523 630 1917 700; x_wconf 75' lang='grc' dir='ltr'>ἐπαγαγέσθαι.</span> <span class='ocrx_word' id='word_1_26' title='bbox 1953 624 2103 684; x_wconf 79' lang='grc' dir='ltr'>Εἴπε</span> 
     </span>
    </p>
   </div>
   <div class='ocr_carea' id='block_1_5' title="bbox 433 712 2103 787">
    <p class='ocr_par' dir='ltr' id='par_1_5' title="bbox 433 712 2103 787">
     <span class='ocr_line' id='line_1_5' title="bbox 433 712 2103 787; baseline 0 -16"><span class='ocrx_word' id='word_1_27' title='bbox 433 712 505 771; x_wconf 81' lang='grc' dir='ltr'>δὲ</span> <span class='ocrx_word' id='word_1_28' title='bbox 530 718 564 769; x_wconf 83' lang='grc' dir='ltr'>ό</span> <span class='ocrx_word' id='word_1_29' title='bbox 590 717 803 782; x_wconf 68' lang='grc' dir='ltr'>Κύριος</span> <span class='ocrx_word' id='word_1_30' title='bbox 845 716 933 770; x_wconf 79' lang='grc' dir='ltr'>δι’</span> <span class='ocrx_word' id='word_1_31' title='bbox 976 717 1272 787; x_wconf 83' lang='grc' dir='ltr'>ὁράματος</span> <span class='ocrx_word' id='word_1_32' title='bbox 1305 721 1375 772; x_wconf 78' lang='grc' dir='ltr'>ἐν</span> <span class='ocrx_word' id='word_1_33' title='bbox 1406 719 1579 773; x_wconf 83' lang='grc' dir='ltr'>νυκτὶ</span> <span class='ocrx_word' id='word_1_34' title='bbox 1618 719 1699 785; x_wconf 83' lang='grc' dir='ltr'>τῷ</span> <span class='ocrx_word' id='word_1_35' title='bbox 1727 720 1973 784; x_wconf 86' lang='grc' dir='ltr'><em>Παύλῳ·</em></span> <span class='ocrx_word' id='word_1_36' title='bbox 2004 716 2103 786; x_wconf 81' lang='grc' dir='ltr'>Μὴ</span> 
     </span>
    </p>
   </div>
   <div class='ocr_carea' id='block_1_6' title="bbox 433 803 2107 876">
    <p class='ocr_par' dir='ltr' id='par_1_6' title="bbox 433 803 2107 876">
     <span class='ocr_line' id='line_1_6' title="bbox 433 803 2107 876; baseline 0.001 -20"><span class='ocrx_word' id='word_1_37' title='bbox 433 803 655 870; x_wconf 56' lang='grc' dir='ltr'>φοϐοῦ,</span> <span class='ocrx_word' id='word_1_38' title='bbox 688 804 854 858; x_wconf 85' lang='grc' dir='ltr'><em>ἀλλὰ</em></span> <span class='ocrx_word' id='word_1_39' title='bbox 900 804 1096 870; x_wconf 79' lang='grc' dir='ltr'>λάλει,</span> <span class='ocrx_word' id='word_1_40' title='bbox 1138 806 1238 859; x_wconf 78' lang='grc' dir='ltr'>καί</span> <span class='ocrx_word' id='word_1_41' title='bbox 1282 806 1366 876; x_wconf 78' lang='grc' dir='ltr'>μὴ</span> <span class='ocrx_word' id='word_1_42' title='bbox 1405 806 1759 875; x_wconf 78' lang='grc' dir='ltr'>σιωπήσῃς,</span> <span class='ocrx_word' id='word_1_43' title='bbox 1810 806 1958 859; x_wconf 81' lang='grc' dir='ltr'><em>διότι</em></span> <span class='ocrx_word' id='word_1_44' title='bbox 1992 804 2107 875; x_wconf 71' lang='grc' dir='ltr'>ἐγώ</span> 
     </span>
    </p>
   </div>
   <div class='ocr_carea' id='block_1_7' title="bbox 432 891 2106 960">
    <p class='ocr_par' dir='ltr' id='par_1_7' title="bbox 432 891 2106 960">
     <span class='ocr_line' id='line_1_7' title="bbox 432 891 2106 960; baseline 0.002 -19"><span class='ocrx_word' id='word_1_45' title='bbox 432 892 549 959; x_wconf 78' lang='grc' dir='ltr'>ειμι</span> <span class='ocrx_word' id='word_1_46' title='bbox 576 892 727 960; x_wconf 87' lang='grc' dir='ltr'>μετὰ</span> <span class='ocrx_word' id='word_1_47' title='bbox 752 891 890 954; x_wconf 86' lang='grc' dir='ltr'>σοῦ,</span> <span class='ocrx_word' id='word_1_48' title='bbox 916 892 1011 947; x_wconf 79' lang='grc' dir='ltr'>καὶ</span> <span class='ocrx_word' id='word_1_49' title='bbox 1048 892 1247 959; x_wconf 74' lang='grc' dir='ltr'>οὐδεὶς</span> <span class='ocrx_word' id='word_1_50' title='bbox 1281 892 1633 959; x_wconf 80' lang='grc' dir='ltr'>ἐπιθήσεταί</span> <span class='ocrx_word' id='word_1_51' title='bbox 1665 910 1762 947; x_wconf 91' lang='grc' dir='ltr'>σοι</span> <span class='ocrx_word' id='word_1_52' title='bbox 1788 893 1895 947; x_wconf 90' lang='grc' dir='ltr'>τοῦ</span> <span class='ocrx_word' id='word_1_53' title='bbox 1925 892 2106 946; x_wconf 76' lang='grc' dir='ltr'>κακῶ-</span> 
     </span>
    </p>
   </div>
   <div class='ocr_carea' id='block_1_8' title="bbox 433 975 2101 1048">
    <p class='ocr_par' dir='ltr' id='par_1_8' title="bbox 433 975 2101 1048">
     <span class='ocr_line' id='line_1_8' title="bbox 433 975 2101 1048; baseline 0.002 -20"><span class='ocrx_word' id='word_1_54' title='bbox 433 976 542 1029; x_wconf 85' lang='grc' dir='ltr'>σαί</span> <span class='ocrx_word' id='word_1_55' title='bbox 562 994 657 1041; x_wconf 82' lang='grc' dir='ltr'>σε,</span> <span class='ocrx_word' id='word_1_56' title='bbox 676 975 825 1032; x_wconf 86' lang='grc' dir='ltr'>διότι</span> <span class='ocrx_word' id='word_1_57' title='bbox 845 978 996 1044; x_wconf 83' lang='grc' dir='ltr'>λαός</span> <span class='ocrx_word' id='word_1_58' title='bbox 1013 979 1146 1032; x_wconf 78' lang='grc' dir='ltr'>ἔστι</span> <span class='ocrx_word' id='word_1_59' title='bbox 1170 997 1273 1048; x_wconf 89' lang='grc' dir='ltr'>μοι</span> <span class='ocrx_word' id='word_1_60' title='bbox 1293 981 1489 1045; x_wconf 86' lang='grc' dir='ltr'>πολὺς</span> <span class='ocrx_word' id='word_1_61' title='bbox 1507 980 1578 1033; x_wconf 87' lang='grc' dir='ltr'>ὲν</span> <span class='ocrx_word' id='word_1_62' title='bbox 1596 979 1671 1048; x_wconf 73' lang='grc' dir='ltr'>τῇ</span> <span class='ocrx_word' id='word_1_63' title='bbox 1699 981 1869 1035; x_wconf 81' lang='grc' dir='ltr'>πόλει</span> <span class='ocrx_word' id='word_1_64' title='bbox 1892 981 2101 1048; x_wconf 81' lang='grc' dir='ltr'>ταύτῃ.</span> 
     </span>
    </p>
   </div>
   <div class='ocr_carea' id='block_1_9' title="bbox 432 1061 2106 1136">
    <p class='ocr_par' dir='ltr' id='par_1_9' title="bbox 432 1061 2106 1136">
     <span class='ocr_line' id='line_1_9' title="bbox 432 1061 2106 1136; baseline 0.001 -20"><span class='ocrx_word' id='word_1_65' title='bbox 432 1061 582 1133; x_wconf 69' lang='grc' dir='ltr'>Ὀρα</span> <span class='ocrx_word' id='word_1_66' title='bbox 607 1063 695 1118; x_wconf 82' lang='grc' dir='ltr'>διὰ</span> <span class='ocrx_word' id='word_1_67' title='bbox 728 1064 908 1118; x_wconf 76' lang='grc' dir='ltr'>πόσων</span> <span class='ocrx_word' id='word_1_68' title='bbox 940 1063 1102 1118; x_wconf 82' lang='grc' dir='ltr'>αὑτὸν</span> <span class='ocrx_word' id='word_1_69' title='bbox 1128 1065 1324 1129; x_wconf 79' lang='grc' dir='ltr'>πείθει,</span> <span class='ocrx_word' id='word_1_70' title='bbox 1355 1066 1450 1119; x_wconf 77' lang='grc' dir='ltr'>καὶ</span> <span class='ocrx_word' id='word_1_71' title='bbox 1481 1063 1598 1129; x_wconf 86' lang='grc' dir='ltr'>πῶς</span> <span class='ocrx_word' id='word_1_72' title='bbox 1625 1066 1653 1118; x_wconf 86' lang='grc' dir='ltr'><strong>ὃ</strong></span> <span class='ocrx_word' id='word_1_73' title='bbox 1683 1067 1916 1136; x_wconf 85' lang='grc' dir='ltr'>μάλιστα</span> <span class='ocrx_word' id='word_1_74' title='bbox 1941 1065 2106 1118; x_wconf 81' lang='grc' dir='ltr'>αὐτὸν</span> 
     </span>
    </p>
   </div>
   <div class='ocr_carea' id='block_1_10' title="bbox 435 1148 2105 1221">
    <p class='ocr_par' dir='ltr' id='par_1_10' title="bbox 435 1148 2105 1221">
     <span class='ocr_line' id='line_1_10' title="bbox 435 1148 2105 1221; baseline 0.002 -19"><span class='ocrx_word' id='word_1_75' title='bbox 435 1148 588 1218; x_wconf 73' lang='grc' dir='ltr'>ᾔρει,</span> <span class='ocrx_word' id='word_1_76' title='bbox 634 1148 791 1202; x_wconf 87' lang='grc' dir='ltr'>τοῦτο</span> <span class='ocrx_word' id='word_1_77' title='bbox 821 1148 1045 1221; x_wconf 78' lang='grc' dir='ltr'>ὕστερον</span> <span class='ocrx_word' id='word_1_78' title='bbox 1096 1150 1247 1221; x_wconf 82' lang='grc' dir='ltr'>αὐτῷ</span> <span class='ocrx_word' id='word_1_79' title='bbox 1288 1150 1465 1220; x_wconf 84' lang='grc' dir='ltr'>λέγει·</span> <span class='ocrx_word' id='word_1_80' title='bbox 1503 1152 1624 1205; x_wconf 89' lang='grc' dir='ltr'>Ὅτι</span> <span class='ocrx_word' id='word_1_81' title='bbox 1656 1151 1806 1219; x_wconf 88' lang='grc' dir='ltr'><em>λαὸς</em></span> <span class='ocrx_word' id='word_1_82' title='bbox 1846 1151 1978 1205; x_wconf 83' lang='grc' dir='ltr'>ἐστι</span> <span class='ocrx_word' id='word_1_83' title='bbox 2003 1169 2105 1221; x_wconf 89' lang='grc' dir='ltr'>μοι</span> 
     </span>
    </p>
   </div>
   <div class='ocr_carea' id='block_1_11' title="bbox 434 1234 2101 1310">
    <p class='ocr_par' dir='ltr' id='par_1_11' title="bbox 434 1234 2101 1310">
     <span class='ocr_line' id='line_1_11' title="bbox 434 1234 2101 1310; baseline 0.002 -22"><span class='ocrx_word' id='word_1_84' title='bbox 434 1235 631 1302; x_wconf 82' lang='grc' dir='ltr'>πολὺς</span> <span class='ocrx_word' id='word_1_85' title='bbox 662 1236 733 1290; x_wconf 86' lang='grc' dir='ltr'>ἑν</span> <span class='ocrx_word' id='word_1_86' title='bbox 751 1234 827 1305; x_wconf 80' lang='grc' dir='ltr'>τῇ</span> <span class='ocrx_word' id='word_1_87' title='bbox 853 1239 1027 1291; x_wconf 88' lang='grc' dir='ltr'>πόλει</span> <span class='ocrx_word' id='word_1_88' title='bbox 1059 1238 1266 1306; x_wconf 80' lang='grc' dir='ltr'>ταύτῃ.</span> <span class='ocrx_word' id='word_1_89' title='bbox 1295 1238 1419 1301; x_wconf 82' lang='grc' dir='ltr'>Πῶς</span> <span class='ocrx_word' id='word_1_90' title='bbox 1436 1235 1530 1294; x_wconf 80' lang='grc' dir='ltr'>οὖν</span> <span class='ocrx_word' id='word_1_91' title='bbox 1551 1238 1906 1292; x_wconf 77' lang='grc' dir='ltr'>συνεπέθεντο</span> <span class='ocrx_word' id='word_1_92' title='bbox 1932 1238 2101 1310; x_wconf 81' lang='grc' dir='ltr'>αὐτῷ,</span> 
     </span>
    </p>
   </div>
   <div class='ocr_carea' id='block_1_12' title="bbox 434 1323 2106 1398">
    <p class='ocr_par' dir='ltr' id='par_1_12' title="bbox 434 1323 2106 1398">
     <span class='ocr_line' id='line_1_12' title="bbox 434 1323 2106 1398; baseline 0.004 -24"><span class='ocrx_word' id='word_1_93' title='bbox 434 1324 577 1375; x_wconf 77' lang='grc' dir='ltr'>εἴποι</span> <span class='ocrx_word' id='word_1_94' title='bbox 609 1341 693 1386; x_wconf 86' lang='grc' dir='ltr'>τις</span> <span class='ocrx_word' id='word_1_95' title='bbox 720 1323 817 1391; x_wconf 60' lang='lat' dir='ltr'>iv;</span> <span class='ocrx_word' id='word_1_96' title='bbox 851 1323 961 1377; x_wconf 80' lang='lat' dir='ltr'><strong><em>Kal</em></strong></span> <span class='ocrx_word' id='word_1_97' title='bbox 998 1324 1103 1396; x_wconf 87' lang='grc' dir='ltr'>μὴν</span> <span class='ocrx_word' id='word_1_98' title='bbox 1137 1325 1289 1379; x_wconf 82' lang='grc' dir='ltr'>οὐδὲν</span> <span class='ocrx_word' id='word_1_99' title='bbox 1324 1326 1573 1397; x_wconf 71' lang='grc' dir='ltr'>ἴσχυσαν,</span> <span class='ocrx_word' id='word_1_100' title='bbox 1608 1327 1722 1381; x_wconf 78' lang='grc' dir='ltr'>ἀλλ’</span> <span class='ocrx_word' id='word_1_101' title='bbox 1760 1328 1968 1398; x_wconf 72' lang='grc' dir='ltr'>ἤγαγον</span> <span class='ocrx_word' id='word_1_102' title='bbox 2006 1329 2106 1381; x_wconf 80' lang='grc' dir='ltr'>αύ-</span> 
     </span>
    </p>
   </div>
   <div class='ocr_carea' id='block_1_13' title="bbox 432 1408 2139 1483">
    <p class='ocr_par' dir='ltr' id='par_1_13' title="bbox 432 1408 2139 1483">
     <span class='ocr_line' id='line_1_13' title="bbox 432 1408 2139 1483; baseline 0.005 -22"><span class='ocrx_word' id='word_1_103' title='bbox 432 1408 524 1463; x_wconf 80' lang='grc' dir='ltr'>τὸν</span> <span class='ocrx_word' id='word_1_104' title='bbox 556 1410 715 1480; x_wconf 88' lang='grc' dir='ltr'>μόνον</span> <span class='ocrx_word' id='word_1_105' title='bbox 749 1411 884 1483; x_wconf 82' lang='grc' dir='ltr'>πρὸς</span> <span class='ocrx_word' id='word_1_106' title='bbox 918 1412 1008 1465; x_wconf 85' lang='grc' dir='ltr'>τὸν</span> <span class='ocrx_word' id='word_1_107' title='bbox 1053 1412 1380 1468; x_wconf 78' lang='grc' dir='ltr'>ἀνθύπατον.</span> <span class='ocrx_word' id='word_1_108' title='bbox 1420 1415 1696 1471; x_wconf 79' lang='grc' dir='ltr'>Ἐκάθισέ</span> <span class='ocrx_word' id='word_1_109' title='bbox 1729 1433 1792 1471; x_wconf 89' lang='grc' dir='ltr'>τε</span> <span class='ocrx_word' id='word_1_110' title='bbox 1825 1417 2105 1470; x_wconf 72' lang='grc' dir='ltr'>ἐνιαυτὸν</span> <span class='ocrx_word' id='word_1_111' title='bbox 2136 1478 2139 1481; x_wconf 96' lang='lat'><em>_</em></span> 
     </span>
    </p>
   </div>
   <div class='ocr_carea' id='block_1_14' title="bbox 432 1497 2102 1577">
    <p class='ocr_par' dir='ltr' id='par_1_14' title="bbox 432 1497 2102 1577">
     <span class='ocr_line' id='line_1_14' title="bbox 432 1497 2102 1577; baseline 0.007 -28"><span class='ocrx_word' id='word_1_112' title='bbox 432 1497 530 1550; x_wconf 80' lang='grc' dir='ltr'>καὶ</span> <span class='ocrx_word' id='word_1_113' title='bbox 551 1497 752 1568; x_wconf 84' lang='grc' dir='ltr'><em>μῆνας</em></span> <span class='ocrx_word' id='word_1_114' title='bbox 783 1499 853 1564; x_wconf 80' lang='grc' dir='ltr'>ἐξ</span> <span class='ocrx_word' id='word_1_115' title='bbox 873 1540 887 1566; x_wconf 89' lang='grc'>,</span> <span class='ocrx_word' id='word_1_116' title='bbox 937 1499 1241 1556; x_wconf 78' lang='grc' dir='ltr'>διδάσκων</span> <span class='ocrx_word' id='word_1_117' title='bbox 1279 1502 1350 1557; x_wconf 80' lang='grc' dir='ltr'>ἐν</span> <span class='ocrx_word' id='word_1_118' title='bbox 1385 1506 1591 1570; x_wconf 80' lang='grc' dir='ltr'>αὐτοῖς</span> <span class='ocrx_word' id='word_1_119' title='bbox 1631 1505 1740 1560; x_wconf 82' lang='grc' dir='ltr'>τὸν</span> <span class='ocrx_word' id='word_1_120' title='bbox 1768 1507 1957 1577; x_wconf 78' lang='grc' dir='ltr'>λόγον</span> <span class='ocrx_word' id='word_1_121' title='bbox 1994 1507 2102 1561; x_wconf 88' lang='grc' dir='ltr'>τοῦ</span> 
     </span>
    </p>
   </div>
   <div class='ocr_carea' id='block_1_15' title="bbox 434 1583 2098 1662">
    <p class='ocr_par' dir='ltr' id='par_1_15' title="bbox 434 1583 2098 1662">
     <span class='ocr_line' id='line_1_15' title="bbox 434 1583 2098 1662; baseline 0.007 -27"><span class='ocrx_word' id='word_1_122' title='bbox 434 1583 602 1637; x_wconf 82' lang='grc' dir='ltr'>Θεοῦ.</span> <span class='ocrx_word' id='word_1_123' title='bbox 636 1586 986 1652; x_wconf 72' lang='grc' dir='ltr'>Γαλλίωνος</span> <span class='ocrx_word' id='word_1_124' title='bbox 1029 1586 1098 1639; x_wconf 83' lang='grc' dir='ltr'>δὲ</span> <span class='ocrx_word' id='word_1_125' title='bbox 1128 1588 1652 1657; x_wconf 85' lang='grc' dir='ltr'>ἀνθυπατεύοντος</span> <span class='ocrx_word' id='word_1_126' title='bbox 1684 1591 1797 1660; x_wconf 79' lang='grc' dir='ltr'>τῆς</span> <span class='ocrx_word' id='word_1_127' title='bbox 1837 1593 2098 1662; x_wconf 81' lang='grc' dir='ltr'>Ἀχαΐας,</span> 
     </span>
    </p>
   </div>
   <div class='ocr_carea' id='block_1_16' title="bbox 432 1671 2097 1745">
    <p class='ocr_par' dir='ltr' id='par_1_16' title="bbox 432 1671 2097 1745">
     <span class='ocr_line' id='line_1_16' title="bbox 432 1671 2097 1745; baseline 0.007 -22"><span class='ocrx_word' id='word_1_128' title='bbox 432 1671 898 1741; x_wconf 79' lang='grc' dir='ltr'>κατεπέστησαν</span> <span class='ocrx_word' id='word_1_129' title='bbox 938 1676 1315 1745; x_wconf 77' lang='grc' dir='ltr'>ὁμοθυμαδὸν</span> <span class='ocrx_word' id='word_1_130' title='bbox 1341 1682 1394 1732; x_wconf 79' lang='grc' dir='ltr'><em>οὶ</em></span> <span class='ocrx_word' id='word_1_131' title='bbox 1435 1678 1707 1734; x_wconf 85' lang='grc' dir='ltr'>Ἰουδαῖοι</span> <span class='ocrx_word' id='word_1_132' title='bbox 1732 1678 1813 1744; x_wconf 86' lang='grc' dir='ltr'>τῷ</span> <span class='ocrx_word' id='word_1_133' title='bbox 1859 1680 2097 1745; x_wconf 87' lang='grc' dir='ltr'>Παύλῳ,</span> 
     </span>
    </p>
   </div>
   <div class='ocr_carea' id='block_1_17' title="bbox 431 1756 2102 1835">
    <p class='ocr_par' dir='ltr' id='par_1_17' title="bbox 431 1756 2102 1835">
     <span class='ocr_line' id='line_1_17' title="bbox 431 1756 2102 1835; baseline 0.007 -27"><span class='ocrx_word' id='word_1_134' title='bbox 431 1756 530 1809; x_wconf 79' lang='grc' dir='ltr'>καὶ</span> <span class='ocrx_word' id='word_1_135' title='bbox 560 1756 788 1827; x_wconf 64' lang='grc' dir='ltr'>ἤγαγον</span> <span class='ocrx_word' id='word_1_136' title='bbox 807 1760 994 1814; x_wconf 76' lang='grc' dir='ltr'>αὑτὸν</span> <span class='ocrx_word' id='word_1_137' title='bbox 1017 1762 1116 1815; x_wconf 83' lang='grc' dir='ltr'>ἐπὶ</span> <span class='ocrx_word' id='word_1_138' title='bbox 1147 1761 1213 1816; x_wconf 83' lang='grc' dir='ltr'>τὸ</span> <span class='ocrx_word' id='word_1_139' title='bbox 1239 1762 1433 1833; x_wconf 82' lang='grc' dir='ltr'>βῆμα,</span> <span class='ocrx_word' id='word_1_140' title='bbox 1471 1765 1774 1835; x_wconf 82' lang='grc' dir='ltr'>λέγοντες,</span> <span class='ocrx_word' id='word_1_141' title='bbox 1817 1765 1907 1820; x_wconf 87' lang='grc' dir='ltr'>ὅτι</span> <span class='ocrx_word' id='word_1_142' title='bbox 1934 1766 2102 1834; x_wconf 86' lang='grc' dir='ltr'><em>Παρὰ</em></span> 
     </span>
    </p>
   </div>
   <div class='ocr_carea' id='block_1_18' title="bbox 430 1844 2100 1922">
    <p class='ocr_par' dir='ltr' id='par_1_18' title="bbox 430 1844 2100 1922">
     <span class='ocr_line' id='line_1_18' title="bbox 430 1844 2100 1922; baseline 0.007 -26"><span class='ocrx_word' id='word_1_143' title='bbox 430 1844 538 1898; x_wconf 82' lang='grc' dir='ltr'>τὸν</span> <span class='ocrx_word' id='word_1_144' title='bbox 570 1847 760 1915; x_wconf 90' lang='grc' dir='ltr'>νόμον</span> <span class='ocrx_word' id='word_1_145' title='bbox 782 1844 962 1916; x_wconf 83' lang='grc' dir='ltr'>οὗτος</span> <span class='ocrx_word' id='word_1_146' title='bbox 1015 1850 1320 1908; x_wconf 74' lang='grc' dir='ltr'><em>ἀναπείθει</em></span> <span class='ocrx_word' id='word_1_147' title='bbox 1348 1852 1491 1916; x_wconf 85' lang='grc' dir='ltr'>τοὺς</span> <span class='ocrx_word' id='word_1_148' title='bbox 1541 1853 1892 1922; x_wconf 79' lang='grc' dir='ltr'>ἀνθρώπους</span> <span class='ocrx_word' id='word_1_149' title='bbox 1933 1853 2100 1909; x_wconf 84' lang='grc' dir='ltr'>σέϐε-</span> 
     </span>
    </p>
   </div>
   <div class='ocr_carea' id='block_1_19' title="bbox 429 1932 2096 2012">
    <p class='ocr_par' dir='ltr' id='par_1_19' title="bbox 429 1932 2096 2012">
     <span class='ocr_line' id='line_1_19' title="bbox 429 1932 2096 2012; baseline 0.006 -27"><span class='ocrx_word' id='word_1_150' title='bbox 429 1936 573 1986; x_wconf 90' lang='grc' dir='ltr'>σθαι</span> <span class='ocrx_word' id='word_1_151' title='bbox 597 1932 704 1987; x_wconf 87' lang='grc' dir='ltr'>τὸν</span> <span class='ocrx_word' id='word_1_152' title='bbox 731 1935 897 1991; x_wconf 85' lang='grc' dir='ltr'>Θεόν.</span> <span class='ocrx_word' id='word_1_153' title='bbox 927 1936 1091 2009; x_wconf 82' lang='grc' dir='ltr'>Ὀρᾷς</span> <span class='ocrx_word' id='word_1_154' title='bbox 1113 1938 1201 1993; x_wconf 81' lang='grc' dir='ltr'>διὰ</span> <span class='ocrx_word' id='word_1_155' title='bbox 1227 1936 1279 1992; x_wconf 84' lang='grc' dir='ltr'>τί</span> <span class='ocrx_word' id='word_1_156' title='bbox 1304 1940 1499 1993; x_wconf 88' lang='grc' dir='ltr'>ἐκεῖνοι</span> <span class='ocrx_word' id='word_1_157' title='bbox 1519 1940 1607 1994; x_wconf 79' lang='grc' dir='ltr'>ἀεὶ</span> <span class='ocrx_word' id='word_1_158' title='bbox 1659 1939 1893 2012; x_wconf 83' lang='grc' dir='ltr'>δημοσίᾳ</span> <span class='ocrx_word' id='word_1_159' title='bbox 1936 1940 2096 1995; x_wconf 80' lang='grc' dir='ltr'>ἔπλε-</span> 
     </span>
    </p>
   </div>
   <div class='ocr_carea' id='block_1_20' title="bbox 429 2025 2098 2099">
    <p class='ocr_par' dir='ltr' id='par_1_20' title="bbox 429 2025 2098 2099">
     <span class='ocr_line' id='line_1_20' title="bbox 429 2025 2098 2099; baseline 0.005 -25"><span class='ocrx_word' id='word_1_160' title='bbox 429 2038 525 2075; x_wconf 91' lang='grc' dir='ltr'>κον</span> <span class='ocrx_word' id='word_1_161' title='bbox 558 2025 989 2095; x_wconf 83' lang='grc' dir='ltr'>κατηγορήματα</span> <span class='ocrx_word' id='word_1_162' title='bbox 1004 2037 1058 2093; x_wconf 66' lang='lat' dir='ltr'><strong>ﬂ;</strong></span> <span class='ocrx_word' id='word_1_163' title='bbox 1105 2025 1248 2099; x_wconf 89' lang='grc' dir='ltr'>Ὅρα</span> <span class='ocrx_word' id='word_1_164' title='bbox 1266 2026 1398 2096; x_wconf 89' lang='grc' dir='ltr'>γοῦν</span> <span class='ocrx_word' id='word_1_165' title='bbox 1428 2027 1660 2083; x_wconf 88' lang='grc' dir='ltr'>ἐνταῦθα</span> <span class='ocrx_word' id='word_1_166' title='bbox 1690 2029 1950 2083; x_wconf 78' lang='grc' dir='ltr'>εἰπόντων</span> <span class='ocrx_word' id='word_1_167' title='bbox 1974 2029 2098 2083; x_wconf 86' lang='grc' dir='ltr'>τού-</span> 
     </span>
    </p>
   </div>
   <div class='ocr_carea' id='block_1_21' title="bbox 427 2109 2097 2187">
    <p class='ocr_par' dir='ltr' id='par_1_21' title="bbox 427 2109 2097 2187">
     <span class='ocr_line' id='line_1_21' title="bbox 427 2109 2097 2187; baseline 0.005 -27"><span class='ocrx_word' id='word_1_168' title='bbox 427 2125 555 2172; x_wconf 90' lang='grc' dir='ltr'>των,</span> <span class='ocrx_word' id='word_1_169' title='bbox 612 2109 694 2162; x_wconf 84' lang='grc' dir='ltr'>ὅτι</span> <span class='ocrx_word' id='word_1_170' title='bbox 745 2112 897 2182; x_wconf 85' lang='grc' dir='ltr'>παρά</span> <span class='ocrx_word' id='word_1_171' title='bbox 928 2113 1021 2165; x_wconf 71' lang='grc' dir='ltr'>τὸν</span> <span class='ocrx_word' id='word_1_172' title='bbox 1075 2112 1240 2185; x_wconf 82' lang='grc' dir='ltr'>νόμον</span> <span class='ocrx_word' id='word_1_173' title='bbox 1279 2114 1562 2168; x_wconf 81' lang='grc' dir='ltr'>ἀναπείθει</span> <span class='ocrx_word' id='word_1_174' title='bbox 1599 2117 1726 2181; x_wconf 77' lang='grc' dir='ltr'>τοὺς</span> <span class='ocrx_word' id='word_1_175' title='bbox 1774 2114 2097 2187; x_wconf 81' lang='grc' dir='ltr'>ἀνθρώπους</span> 
     </span>
    </p>
   </div>
   <div class='ocr_carea' id='block_1_22' title="bbox 429 2194 2092 2276">
    <p class='ocr_par' dir='ltr' id='par_1_22' title="bbox 429 2194 2092 2276">
     <span class='ocr_line' id='line_1_22' title="bbox 429 2194 2092 2276; baseline 0.003 -28"><span class='ocrx_word' id='word_1_176' title='bbox 429 2194 681 2250; x_wconf 86' lang='grc' dir='ltr'>σέϐεσθαι</span> <span class='ocrx_word' id='word_1_177' title='bbox 707 2196 796 2251; x_wconf 82' lang='grc' dir='ltr'>τὸν</span> <span class='ocrx_word' id='word_1_178' title='bbox 817 2199 970 2263; x_wconf 78' lang='grc' dir='ltr'>Θεὸν,</span> <span class='ocrx_word' id='word_1_179' title='bbox 1003 2199 1154 2254; x_wconf 72' lang='grc' dir='ltr'>οὐδὲν</span> <span class='ocrx_word' id='word_1_180' title='bbox 1187 2199 1390 2254; x_wconf 88' lang='grc' dir='ltr'>τούτων</span> <span class='ocrx_word' id='word_1_181' title='bbox 1413 2201 1646 2275; x_wconf 88' lang='grc' dir='ltr'>ἐμέλησε</span> <span class='ocrx_word' id='word_1_182' title='bbox 1674 2203 1751 2274; x_wconf 79' lang='grc' dir='ltr'>τῷ</span> <span class='ocrx_word' id='word_1_183' title='bbox 1781 2202 2092 2276; x_wconf 82' lang='grc' dir='ltr'>ἀνθυπάτῳ,</span> 
     </span>
    </p>
   </div>
   <div class='ocr_carea' id='block_1_23' title="bbox 427 2281 2096 2358">
    <p class='ocr_par' dir='ltr' id='par_1_23' title="bbox 427 2281 2096 2358">
     <span class='ocr_line' id='line_1_23' title="bbox 427 2281 2096 2358; baseline 0.005 -23"><span class='ocrx_word' id='word_1_184' title='bbox 427 2281 541 2335; x_wconf 88' lang='grc' dir='ltr'>ἀλλ’</span> <span class='ocrx_word' id='word_1_185' title='bbox 569 2284 707 2355; x_wconf 80' lang='grc' dir='ltr'>ὑπὲρ</span> <span class='ocrx_word' id='word_1_186' title='bbox 736 2284 948 2339; x_wconf 83' lang='grc' dir='ltr'>Παύλου</span> <span class='ocrx_word' id='word_1_187' title='bbox 988 2286 1187 2356; x_wconf 80' lang='grc' dir='ltr'>μᾶλλον</span> <span class='ocrx_word' id='word_1_188' title='bbox 1233 2288 1599 2358; x_wconf 87' lang='grc' dir='ltr'>ἀπολογεῖται.</span> <span class='ocrx_word' id='word_1_189' title='bbox 1635 2292 1745 2345; x_wconf 80' lang='grc' dir='ltr'>Καὶ</span> <span class='ocrx_word' id='word_1_190' title='bbox 1775 2291 1941 2346; x_wconf 81' lang='grc' dir='ltr'>ἄκουε</span> <span class='ocrx_word' id='word_1_191' title='bbox 1978 2292 2096 2356; x_wconf 88' lang='grc' dir='ltr'>πῶς</span> 
     </span>
    </p>
   </div>
   <div class='ocr_carea' id='block_1_24' title="bbox 425 2370 2098 2448">
    <p class='ocr_par' dir='ltr' id='par_1_24' title="bbox 425 2370 2098 2448">
     <span class='ocr_line' id='line_1_24' title="bbox 425 2370 2098 2448; baseline 0.005 -24"><span class='ocrx_word' id='word_1_192' title='bbox 425 2371 809 2442; x_wconf 85' lang='grc' dir='ltr'>ἀποκρίνεται·</span> <span class='ocrx_word' id='word_1_193' title='bbox 851 2374 920 2426; x_wconf 80' lang='lat' dir='ltr'><strong><em>El</em></strong></span> <span class='ocrx_word' id='word_1_194' title='bbox 953 2373 1065 2445; x_wconf 84' lang='grc' dir='ltr'>μὲν</span> <span class='ocrx_word' id='word_1_195' title='bbox 1100 2370 1180 2444; x_wconf 85' lang='grc' dir='ltr'>ἦν</span> <span class='ocrx_word' id='word_1_196' title='bbox 1203 2374 1323 2430; x_wconf 88' lang='grc' dir='ltr'>τῶν</span> <span class='ocrx_word' id='word_1_197' title='bbox 1349 2375 1457 2445; x_wconf 81' lang='grc' dir='ltr'>τῆς</span> <span class='ocrx_word' id='word_1_198' title='bbox 1501 2377 1731 2443; x_wconf 85' lang='grc' dir='ltr'>πόλεως</span> <span class='ocrx_word' id='word_1_199' title='bbox 1759 2378 2098 2448; x_wconf 85' lang='grc' dir='ltr'>ἀπτόμενον</span> 
     </span>
    </p>
   </div>
   <div class='ocr_carea' id='block_1_25' title="bbox 424 2458 2092 2533">
    <p class='ocr_par' dir='ltr' id='par_1_25' title="bbox 424 2458 2092 2533">
     <span class='ocr_line' id='line_1_25' title="bbox 424 2458 2092 2533; baseline 0.003 -20"><span class='ocrx_word' id='word_1_200' title='bbox 424 2458 689 2528; x_wconf 86' lang='grc' dir='ltr'>ἀδίκημά</span> <span class='ocrx_word' id='word_1_201' title='bbox 738 2477 794 2514; x_wconf 87' lang='grc' dir='ltr'>τι</span> <span class='ocrx_word' id='word_1_202' title='bbox 837 2460 876 2528; x_wconf 81' lang='grc' dir='ltr'>ἢ</span> <span class='ocrx_word' id='word_1_203' title='bbox 909 2460 1324 2531; x_wconf 74' lang='grc' dir='ltr'>ῥᾳδιούργημα</span> <span class='ocrx_word' id='word_1_204' title='bbox 1368 2464 1658 2533; x_wconf 85' lang='grc' dir='ltr'>πονηρὸν,</span> <span class='ocrx_word' id='word_1_205' title='bbox 1709 2459 1757 2519; x_wconf 84' lang='grc' dir='ltr'><strong>ὦ</strong></span> <span class='ocrx_word' id='word_1_206' title='bbox 1803 2464 2092 2531; x_wconf 84' lang='grc' dir='ltr'>Ἰουδαῖοι,</span> 
     </span>
    </p>
   </div>
   <div class='ocr_carea' id='block_1_26' title="bbox 424 2545 2096 2622">
    <p class='ocr_par' dir='ltr' id='par_1_26' title="bbox 424 2545 2096 2622">
     <span class='ocr_line' id='line_1_26' title="bbox 424 2545 2096 2622; baseline 0.004 -24"><span class='ocrx_word' id='word_1_207' title='bbox 424 2545 576 2600; x_wconf 75' lang='grc' dir='ltr'>κατὰ</span> <span class='ocrx_word' id='word_1_208' title='bbox 606 2546 792 2615; x_wconf 74' lang='grc' dir='ltr'>λόγον</span> <span class='ocrx_word' id='word_1_209' title='bbox 827 2545 905 2600; x_wconf 81' lang='grc' dir='ltr'>ἂν</span> <span class='ocrx_word' id='word_1_210' title='bbox 932 2546 1287 2618; x_wconf 79' lang='grc' dir='ltr'>ἠνεσχόμην</span> <span class='ocrx_word' id='word_1_211' title='bbox 1322 2549 1507 2620; x_wconf 83' lang='grc' dir='ltr'>ὑμῶν.</span> <span class='ocrx_word' id='word_1_212' title='bbox 1557 2551 1836 2622; x_wconf 82' lang='grc' dir='ltr'>Ἑπιεικής</span> <span class='ocrx_word' id='word_1_213' title='bbox 1875 2570 1957 2616; x_wconf 88' lang='grc' dir='ltr'>τις</span> <span class='ocrx_word' id='word_1_214' title='bbox 1999 2552 2096 2607; x_wconf 78' lang='grc' dir='ltr'>ἄν·</span> 
     </span>
    </p>
   </div>
   <div class='ocr_carea' id='block_1_27' title="bbox 423 2624 2096 2711">
    <p class='ocr_par' dir='ltr' id='par_1_27' title="bbox 423 2624 2096 2711">
     <span class='ocr_line' id='line_1_27' title="bbox 423 2624 2096 2711; baseline 0.004 -26"><span class='ocrx_word' id='word_1_215' title='bbox 423 2632 647 2703; x_wconf 81' lang='grc' dir='ltr'>θρωπος</span> <span class='ocrx_word' id='word_1_216' title='bbox 677 2624 832 2697; x_wconf 78' lang='grc' dir='ltr'>οὗτος</span> <span class='ocrx_word' id='word_1_217' title='bbox 861 2630 998 2687; x_wconf 72' lang='grc' dir='ltr'>εἷναί</span> <span class='ocrx_word' id='word_1_218' title='bbox 1026 2652 1116 2705; x_wconf 89' lang='grc' dir='ltr'>μοι</span> <span class='ocrx_word' id='word_1_219' title='bbox 1144 2634 1326 2689; x_wconf 79' lang='grc' dir='ltr'>δοκεῖ’</span> <span class='ocrx_word' id='word_1_220' title='bbox 1364 2637 1457 2691; x_wconf 82' lang='grc' dir='ltr'>καὶ</span> <span class='ocrx_word' id='word_1_221' title='bbox 1485 2637 1642 2710; x_wconf 80' lang='grc' dir='ltr'>δῆλον</span> <span class='ocrx_word' id='word_1_222' title='bbox 1680 2638 1740 2704; x_wconf 79' lang='grc' dir='ltr'>ἐξ</span> <span class='ocrx_word' id='word_1_223' title='bbox 1774 2633 1848 2693; x_wconf 85' lang='grc' dir='ltr'>ὧν</span> <span class='ocrx_word' id='word_1_224' title='bbox 1871 2638 2096 2711; x_wconf 85' lang='grc' dir='ltr'>ἀποκρί-</span> 
     </span>
    </p>
   </div>
   <div class='ocr_carea' id='block_1_28' title="bbox 422 2720 2092 2798">
    <p class='ocr_par' dir='ltr' id='par_1_28' title="bbox 422 2720 2092 2798">
     <span class='ocr_line' id='line_1_28' title="bbox 422 2720 2092 2798; baseline 0.006 -25"><span class='ocrx_word' id='word_1_225' title='bbox 422 2736 573 2774; x_wconf 89' lang='grc' dir='ltr'>νεται</span> <span class='ocrx_word' id='word_1_226' title='bbox 620 2720 873 2785; x_wconf 81' lang='grc' dir='ltr'>συνετῶς.</span> <span class='ocrx_word' id='word_1_227' title='bbox 916 2722 1264 2791; x_wconf 83' lang='grc' dir='ltr'>Μέλλοντος</span> <span class='ocrx_word' id='word_1_228' title='bbox 1304 2723 1374 2779; x_wconf 84' lang='grc' dir='ltr'>δὲ</span> <span class='ocrx_word' id='word_1_229' title='bbox 1420 2725 1529 2781; x_wconf 90' lang='grc' dir='ltr'>τοῦ</span> <span class='ocrx_word' id='word_1_230' title='bbox 1583 2728 1849 2792; x_wconf 89' lang='grc' dir='ltr'>Παύλου,</span> <span class='ocrx_word' id='word_1_231' title='bbox 1906 2728 2092 2798; x_wconf 77' lang='grc' dir='ltr'>φησὶν,</span> 
     </span>
    </p>
   </div>
   <div class='ocr_carea' id='block_1_29' title="bbox 422 2808 2095 2884">
    <p class='ocr_par' dir='ltr' id='par_1_29' title="bbox 422 2808 2095 2884">
     <span class='ocr_line' id='line_1_29' title="bbox 422 2808 2095 2884; baseline 0.005 -21"><span class='ocrx_word' id='word_1_232' title='bbox 422 2808 690 2878; x_wconf 77' lang='grc' dir='ltr'>ἀνοίγειν</span> <span class='ocrx_word' id='word_1_233' title='bbox 714 2809 779 2863; x_wconf 86' lang='grc' dir='ltr'>τὸ</span> <span class='ocrx_word' id='word_1_234' title='bbox 810 2812 1024 2880; x_wconf 83' lang='grc' dir='ltr'>στόμα,</span> <span class='ocrx_word' id='word_1_235' title='bbox 1047 2808 1216 2868; x_wconf 77' lang='grc' dir='ltr'>εἶπεν</span> <span class='ocrx_word' id='word_1_236' title='bbox 1234 2816 1267 2869; x_wconf 86' lang='grc' dir='ltr'>ό</span> <span class='ocrx_word' id='word_1_237' title='bbox 1297 2815 1577 2870; x_wconf 88' lang='grc' dir='ltr'><em>Γαλλίων</em></span> <span class='ocrx_word' id='word_1_238' title='bbox 1597 2816 1747 2884; x_wconf 86' lang='grc' dir='ltr'>πρὸς</span> <span class='ocrx_word' id='word_1_239' title='bbox 1769 2816 1913 2883; x_wconf 86' lang='grc' dir='ltr'>τοὺς</span> <span class='ocrx_word' id='word_1_240' title='bbox 1945 2815 2095 2871; x_wconf 86' lang='grc' dir='ltr'>Ἰου-</span> 
     </span>
    </p>
   </div>
   <div class='ocr_carea' id='block_1_30' title="bbox 421 2894 2091 2974">
    <p class='ocr_par' dir='ltr' id='par_1_30' title="bbox 421 2894 2091 2974">
     <span class='ocr_line' id='line_1_30' title="bbox 421 2894 2091 2974; baseline 0.005 -25"><span class='ocrx_word' id='word_1_241' title='bbox 421 2894 664 2961; x_wconf 85' lang='grc' dir='ltr'>δαίους·</span> <span class='ocrx_word' id='word_1_242' title='bbox 697 2897 751 2950; x_wconf 87' lang='grc' dir='ltr'>εί</span> <span class='ocrx_word' id='word_1_243' title='bbox 762 2896 880 2965; x_wconf 83' lang='grc' dir='ltr'>μὲν</span> <span class='ocrx_word' id='word_1_244' title='bbox 914 2894 994 2969; x_wconf 82' lang='grc' dir='ltr'>ἦν</span> <span class='ocrx_word' id='word_1_245' title='bbox 1021 2898 1285 2970; x_wconf 84' lang='grc' dir='ltr'>ἀδίκημά</span> <span class='ocrx_word' id='word_1_246' title='bbox 1315 2908 1371 2956; x_wconf 77' lang='grc' dir='ltr'>τι</span> <span class='ocrx_word' id='word_1_247' title='bbox 1399 2902 1437 2971; x_wconf 80' lang='grc' dir='ltr'><strong>ἢ</strong></span> <span class='ocrx_word' id='word_1_248' title='bbox 1461 2902 1872 2974; x_wconf 72' lang='grc' dir='ltr'>ῥᾳδιούργημα</span> <span class='ocrx_word' id='word_1_249' title='bbox 1904 2920 2091 2973; x_wconf 86' lang='grc' dir='ltr'>πονη-</span> 
     </span>
    </p>
   </div>
   <div class='ocr_carea' id='block_1_31' title="bbox 417 2978 2090 3060">
    <p class='ocr_par' dir='ltr' id='par_1_31' title="bbox 417 2978 2090 3060">
     <span class='ocr_line' id='line_1_31' title="bbox 417 2978 2090 3060; baseline 0.007 -24"><span class='ocrx_word' id='word_1_250' title='bbox 417 2983 551 3053; x_wconf 86' lang='grc' dir='ltr'>ρὸν,</span> <span class='ocrx_word' id='word_1_251' title='bbox 585 2978 632 3038; x_wconf 81' lang='grc' dir='ltr'><strong>ὦ</strong></span> <span class='ocrx_word' id='word_1_252' title='bbox 663 2982 949 3051; x_wconf 83' lang='grc' dir='ltr'>Ἰουδαῖοι,</span> <span class='ocrx_word' id='word_1_253' title='bbox 983 2987 1135 3041; x_wconf 86' lang='grc' dir='ltr'>κατὰ</span> <span class='ocrx_word' id='word_1_254' title='bbox 1168 2989 1354 3058; x_wconf 76' lang='grc' dir='ltr'>λόγον</span> <span class='ocrx_word' id='word_1_255' title='bbox 1396 2988 1473 3043; x_wconf 83' lang='grc' dir='ltr'>ἂν</span> <span class='ocrx_word' id='word_1_256' title='bbox 1498 2990 1854 3060; x_wconf 80' lang='grc' dir='ltr'>ἠνεσχόμην</span> <span class='ocrx_word' id='word_1_257' title='bbox 1882 2989 2053 3060; x_wconf 82' lang='grc' dir='ltr'>ὑμῶν</span> <span class='ocrx_word' id='word_1_258' title='bbox 2078 3009 2090 3023; x_wconf 85' lang='grc'><em>’</em></span> 
     </span>
    </p>
   </div>
   <div class='ocr_carea' id='block_1_32' title="bbox 421 3068 2095 3145">
    <p class='ocr_par' dir='ltr' id='par_1_32' title="bbox 421 3068 2095 3145">
     <span class='ocr_line' id='line_1_32' title="bbox 421 3068 2095 3145; baseline 0.004 -21"><span class='ocrx_word' id='word_1_259' title='bbox 421 3071 476 3124; x_wconf 85' lang='grc' dir='ltr'>εί</span> <span class='ocrx_word' id='word_1_260' title='bbox 506 3069 576 3123; x_wconf 76' lang='grc' dir='ltr'>δὲ</span> <span class='ocrx_word' id='word_1_261' title='bbox 605 3068 828 3140; x_wconf 72' lang='grc' dir='ltr'>ζήτημά</span> <span class='ocrx_word' id='word_1_262' title='bbox 852 3070 986 3127; x_wconf 75' lang='grc' dir='ltr'>ἐστι</span> <span class='ocrx_word' id='word_1_263' title='bbox 1011 3072 1146 3142; x_wconf 81' lang='grc' dir='ltr'>περί</span> <span class='ocrx_word' id='word_1_264' title='bbox 1175 3075 1362 3143; x_wconf 80' lang='grc' dir='ltr'><em>λόγου</em></span> <span class='ocrx_word' id='word_1_265' title='bbox 1392 3076 1491 3130; x_wconf 80' lang='grc' dir='ltr'>καὶ</span> <span class='ocrx_word' id='word_1_266' title='bbox 1530 3076 1836 3145; x_wconf 82' lang='grc' dir='ltr'>ὀνομάτων</span> <span class='ocrx_word' id='word_1_267' title='bbox 1867 3077 1967 3132; x_wconf 75' lang='grc' dir='ltr'>καὶ</span> <span class='ocrx_word' id='word_1_268' title='bbox 1995 3078 2095 3133; x_wconf 75' lang='grc' dir='ltr'>νόο</span> 
     </span>
    </p>
   </div>
   <div class='ocr_carea' id='block_1_33' title="bbox 416 3158 2094 3235">
    <p class='ocr_par' dir='ltr' id='par_1_33' title="bbox 416 3158 2094 3235">
     <span class='ocr_line' id='line_1_33' title="bbox 416 3158 2094 3235; baseline 0.003 -21"><span class='ocrx_word' id='word_1_269' title='bbox 416 3176 538 3230; x_wconf 88' lang='grc' dir='ltr'>μου</span> <span class='ocrx_word' id='word_1_270' title='bbox 564 3158 672 3214; x_wconf 90' lang='grc' dir='ltr'>τοῦ</span> <span class='ocrx_word' id='word_1_271' title='bbox 709 3163 841 3218; x_wconf 81' lang='grc' dir='ltr'>καθ’</span> <span class='ocrx_word' id='word_1_272' title='bbox 874 3160 1049 3231; x_wconf 85' lang='grc' dir='ltr'>ὑμᾶς,</span> <span class='ocrx_word' id='word_1_273' title='bbox 1087 3161 1315 3231; x_wconf 67' lang='grc' dir='ltr'>ὄψεσθε</span> <span class='ocrx_word' id='word_1_274' title='bbox 1345 3162 1517 3217; x_wconf 80' lang='grc' dir='ltr'>αὐτοί</span> <span class='ocrx_word' id='word_1_275' title='bbox 1536 3177 1549 3190; x_wconf 76' lang='grc' dir='ltr'><strong><em>ο</em></strong></span> <span class='ocrx_word' id='word_1_276' title='bbox 1582 3162 1788 3232; x_wconf 77' lang='grc' dir='ltr'>κριτὴς</span> <span class='ocrx_word' id='word_1_277' title='bbox 1826 3164 1935 3235; x_wconf 78' lang='grc' dir='ltr'>γὰρ</span> <span class='ocrx_word' id='word_1_278' title='bbox 1978 3165 2094 3235; x_wconf 71' lang='grc' dir='ltr'>ἐγὼ</span> 
     </span>
    </p>
   </div>
   <div class='ocr_carea' id='block_1_34' title="bbox 422 3243 2093 3319">
    <p class='ocr_par' dir='ltr' id='par_1_34' title="bbox 422 3243 2093 3319">
     <span class='ocr_line' id='line_1_34' title="bbox 422 3243 2093 3319; baseline 0.005 -21"><span class='ocrx_word' id='word_1_279' title='bbox 422 3245 649 3301; x_wconf 87' lang='grc' dir='ltr'>τούτων</span> <span class='ocrx_word' id='word_1_280' title='bbox 676 3250 748 3302; x_wconf 89' lang='grc' dir='ltr'><em>ού</em></span> <span class='ocrx_word' id='word_1_281' title='bbox 778 3248 1079 3319; x_wconf 86' lang='grc' dir='ltr'>βούλομαι</span> <span class='ocrx_word' id='word_1_282' title='bbox 1116 3243 1287 3302; x_wconf 85' lang='grc' dir='ltr'>εἷναι.</span> <span class='ocrx_word' id='word_1_283' title='bbox 1338 3248 1451 3302; x_wconf 82' lang='lat' dir='ltr'><strong><em>Kal</em></strong></span> <span class='ocrx_word' id='word_1_284' title='bbox 1497 3247 1823 3315; x_wconf 81' lang='grc' dir='ltr'>ἀπήλασεν</span> <span class='ocrx_word' id='word_1_285' title='bbox 1871 3252 2093 3319; x_wconf 83' lang='grc' dir='ltr'>αὐτοὺς</span> 
     </span>
    </p>
   </div>
   <div class='ocr_carea' id='block_1_35' title="bbox 422 3332 2090 3405">
    <p class='ocr_par' dir='ltr' id='par_1_35' title="bbox 422 3332 2090 3405">
     <span class='ocr_line' id='line_1_35' title="bbox 422 3332 2090 3405; baseline 0.004 -19"><span class='ocrx_word' id='word_1_286' title='bbox 422 3332 542 3387; x_wconf 86' lang='grc' dir='ltr'>ἀπὸ</span> <span class='ocrx_word' id='word_1_287' title='bbox 572 3334 679 3390; x_wconf 89' lang='grc' dir='ltr'>τοῦ</span> <span class='ocrx_word' id='word_1_288' title='bbox 702 3334 997 3405; x_wconf 82' lang='grc' dir='ltr'>βήματος.</span> <span class='ocrx_word' id='word_1_289' title='bbox 1030 3336 1471 3405; x_wconf 52' lang='grc' dir='ltr'>Ἐπιλαϐύμενοι</span> <span class='ocrx_word' id='word_1_290' title='bbox 1511 3336 1580 3390; x_wconf 84' lang='grc' dir='ltr'>δὲ</span> <span class='ocrx_word' id='word_1_291' title='bbox 1612 3336 1834 3405; x_wconf 89' lang='grc' dir='ltr'>πάντες</span> <span class='ocrx_word' id='word_1_292' title='bbox 1864 3341 1918 3393; x_wconf 84' lang='grc' dir='ltr'>οί</span> <span class='ocrx_word' id='word_1_293' title='bbox 1945 3339 2090 3393; x_wconf 84' lang='grc' dir='ltr'>’Έλ-</span> 
     </span>
    </p>
   </div>
   <div class='ocr_carea' id='block_1_36' title="bbox 420 3421 2088 3494">
    <p class='ocr_par' dir='ltr' id='par_1_36' title="bbox 420 3421 2088 3494">
     <span class='ocr_line' id='line_1_36' title="bbox 420 3421 2088 3494; baseline 0.004 -20"><span class='ocrx_word' id='word_1_294' title='bbox 420 3424 608 3489; x_wconf 83' lang='grc' dir='ltr'>ληνες</span> <span class='ocrx_word' id='word_1_295' title='bbox 636 3423 960 3493; x_wconf 79' lang='grc' dir='ltr'>Σωσθένην</span> <span class='ocrx_word' id='word_1_296' title='bbox 982 3423 1090 3480; x_wconf 82' lang='grc' dir='ltr'>τὸν</span> <span class='ocrx_word' id='word_1_297' title='bbox 1134 3421 1647 3494; x_wconf 75' lang='grc' dir='ltr'>ἀρχισυνάγωγον</span> <span class='ocrx_word' id='word_1_298' title='bbox 1672 3422 1935 3478; x_wconf 81' lang='grc' dir='ltr'>ἔτυπτον</span> <span class='ocrx_word' id='word_1_299' title='bbox 1984 3425 2088 3493; x_wconf 81' lang='grc' dir='ltr'>ἒμ-</span> 
     </span>
    </p>
   </div>
   <div class='ocr_carea' id='block_1_37' title="bbox 417 3493 2089 3581">
    <p class='ocr_par' dir='ltr' id='par_1_37' title="bbox 417 3493 2089 3581">
     <span class='ocr_line' id='line_1_37' title="bbox 417 3493 2089 3581; baseline 0.004 -20"><span class='ocrx_word' id='word_1_300' title='bbox 417 3513 685 3576; x_wconf 90' lang='grc' dir='ltr'>προσθεν</span> <span class='ocrx_word' id='word_1_301' title='bbox 702 3510 805 3565; x_wconf 89' lang='grc' dir='ltr'>τοῦ</span> <span class='ocrx_word' id='word_1_302' title='bbox 818 3510 1089 3581; x_wconf 79' lang='grc' dir='ltr'>βήματος</span> <span class='ocrx_word' id='word_1_303' title='bbox 1102 3510 1236 3574; x_wconf 66' lang='grc' dir='ltr'>,ικαὶ</span> <span class='ocrx_word' id='word_1_304' title='bbox 1253 3509 1435 3563; x_wconf 84' lang='grc' dir='ltr'>οὐδὲν</span> <span class='ocrx_word' id='word_1_305' title='bbox 1457 3493 1682 3565; x_wconf 60' lang='grc' dir='ltr'>τούτων</span> <span class='ocrx_word' id='word_1_306' title='bbox 1700 3510 1780 3577; x_wconf 84' lang='grc' dir='ltr'>τῷ</span> <span class='ocrx_word' id='word_1_307' title='bbox 1794 3514 2089 3567; x_wconf 76' lang='grc' dir='ltr'><em>Γαλλίωνι</em></span> 
     </span>
    </p>
   </div>
   <div class='ocr_carea' id='block_1_38' title="bbox 415 3595 2091 3671">
    <p class='ocr_par' dir='ltr' id='par_1_38' title="bbox 415 3595 2091 3671">
     <span class='ocr_line' id='line_1_38' title="bbox 415 3595 2091 3671; baseline 0.003 -22"><span class='ocrx_word' id='word_1_308' title='bbox 415 3596 614 3664; x_wconf 76' lang='grc' dir='ltr'>ἔμελε.</span> <span class='ocrx_word' id='word_1_309' title='bbox 670 3598 781 3651; x_wconf 70' lang='grc' dir='ltr'>Καὶ</span> <span class='ocrx_word' id='word_1_310' title='bbox 836 3597 1082 3651; x_wconf 82' lang='grc' dir='ltr'>ἐντεῦθεν</span> <span class='ocrx_word' id='word_1_311' title='bbox 1126 3595 1288 3651; x_wconf 87' lang='grc' dir='ltr'>πάλιν</span> <span class='ocrx_word' id='word_1_312' title='bbox 1346 3597 1407 3650; x_wconf 87' lang='grc' dir='ltr'>τὸ</span> <span class='ocrx_word' id='word_1_313' title='bbox 1455 3598 1698 3661; x_wconf 86' lang='grc' dir='ltr'>ἐπιεικὲς</span> <span class='ocrx_word' id='word_1_314' title='bbox 1755 3599 1848 3652; x_wconf 85' lang='grc' dir='ltr'>τοῦ</span> <span class='ocrx_word' id='word_1_315' title='bbox 1899 3600 2091 3671; x_wconf 83' lang='grc' dir='ltr'>ἀνδρὸς</span> 
     </span>
    </p>
   </div>
   <div class='ocr_carea' id='block_1_39' title="bbox 415 3681 2089 3759">
    <p class='ocr_par' dir='ltr' id='par_1_39' title="bbox 415 3681 2089 3759">
     <span class='ocr_line' id='line_1_39' title="bbox 415 3681 2089 3759; baseline 0.004 -24"><span class='ocrx_word' id='word_1_316' title='bbox 415 3681 712 3736; x_wconf 71' lang='grc' dir='ltr'>δείκνυται.</span> <span class='ocrx_word' id='word_1_317' title='bbox 754 3684 1105 3754; x_wconf 82' lang='grc' dir='ltr'>Τυπτομένου</span> <span class='ocrx_word' id='word_1_318' title='bbox 1152 3684 1262 3756; x_wconf 77' lang='grc' dir='ltr'>γὰρ</span> <span class='ocrx_word' id='word_1_319' title='bbox 1302 3683 1489 3748; x_wconf 82' lang='grc' dir='ltr'>αὑτοῦ,</span> <span class='ocrx_word' id='word_1_320' title='bbox 1534 3686 1632 3757; x_wconf 72' lang='grc' dir='ltr'>οὐχ</span> <span class='ocrx_word' id='word_1_321' title='bbox 1679 3689 1921 3759; x_wconf 79' lang='grc' dir='ltr'>ἡγήσατο</span> <span class='ocrx_word' id='word_1_322' title='bbox 1952 3689 2089 3743; x_wconf 89' lang='grc' dir='ltr'>ἰδίαν</span> 
     </span>
    </p>
   </div>
   <div class='ocr_carea' id='block_1_40' title="bbox 418 3765 1731 3843">
    <p class='ocr_par' dir='ltr' id='par_1_40' title="bbox 418 3765 1731 3843">
     <span class='ocr_line' id='line_1_40' title="bbox 418 3765 1731 3843; baseline 0.006 -20"><span class='ocrx_word' id='word_1_323' title='bbox 418 3768 575 3840; x_wconf 80' lang='grc' dir='ltr'>ὓϐριν</span> <span class='ocrx_word' id='word_1_324' title='bbox 613 3765 773 3825; x_wconf 77' lang='grc' dir='ltr'>εἶναι·</span> <span class='ocrx_word' id='word_1_325' title='bbox 804 3769 978 3835; x_wconf 73' lang='grc' dir='ltr'>οὕτως</span> <span class='ocrx_word' id='word_1_326' title='bbox 1003 3767 1143 3843; x_wconf 82' lang='grc' dir='ltr'>ἦσαν</span> <span class='ocrx_word' id='word_1_327' title='bbox 1178 3774 1357 3843; x_wconf 89' lang='grc' dir='ltr'>ἰταμοί</span> <span class='ocrx_word' id='word_1_328' title='bbox 1376 3774 1427 3826; x_wconf 89' lang='lat' dir='ltr'><strong><em>ol</em></strong></span> <span class='ocrx_word' id='word_1_329' title='bbox 1467 3775 1731 3832; x_wconf 80' lang='grc' dir='ltr'>Ἰουδαῖοι.</span> 
     </span>
    </p>
   </div>
   <div class='ocr_carea' id='block_1_41' title="bbox 490 3857 2086 3933">
    <p class='ocr_par' dir='ltr' id='par_1_41' title="bbox 490 3857 2086 3933">
     <span class='ocr_line' id='line_1_41' title="bbox 490 3857 2086 3933; baseline 0.008 -25"><span class='ocrx_word' id='word_1_330' title='bbox 490 3857 554 3927; x_wconf 84' lang='grc' dir='ltr'>β’.</span> <span class='ocrx_word' id='word_1_331' title='bbox 586 3858 814 3928; x_wconf 85' lang='grc' dir='ltr'>Ἴδωμεν</span> <span class='ocrx_word' id='word_1_332' title='bbox 838 3858 896 3913; x_wconf 71' lang='grc' dir='ltr'>δὲ</span> <span class='ocrx_word' id='word_1_333' title='bbox 922 3858 1127 3914; x_wconf 79' lang='grc' dir='ltr'>ἀνωθεν</span> <span class='ocrx_word' id='word_1_334' title='bbox 1157 3858 1228 3914; x_wconf 81' lang='grc' dir='ltr'>τὰ</span> <span class='ocrx_word' id='word_1_335' title='bbox 1254 3861 1659 3933; x_wconf 84' lang='grc' dir='ltr'>ἀνεγνωσμένα.</span> <span class='ocrx_word' id='word_1_336' title='bbox 1696 3864 2086 3933; x_wconf 76' lang='grc' dir='ltr'>Ἀκούσαντες</span> 
     </span>
    </p>
   </div>
   <div class='ocr_carea' id='block_1_42' title="bbox 416 3945 2083 4021">
    <p class='ocr_par' dir='ltr' id='par_1_42' title="bbox 416 3945 2083 4021">
     <span class='ocr_line' id='line_1_42' title="bbox 416 3945 2083 4021; baseline 0.006 -20"><span class='ocrx_word' id='word_1_337' title='bbox 416 3945 486 4001; x_wconf 81' lang='grc' dir='ltr'>δὲ</span> <span class='ocrx_word' id='word_1_338' title='bbox 512 3945 859 4001; x_wconf 80' lang='grc' dir='ltr'>ἀνάστασιν</span> <span class='ocrx_word' id='word_1_339' title='bbox 880 3948 1128 4018; x_wconf 84' lang='grc' dir='ltr'>νεκρῶν,</span> <span class='ocrx_word' id='word_1_340' title='bbox 1147 3952 1202 4004; x_wconf 80' lang='grc' dir='ltr'>οἱ</span> <span class='ocrx_word' id='word_1_341' title='bbox 1221 3950 1705 4021; x_wconf 69' lang='grc' dir='ltr'>μέν’ὲχλεύαζον,</span> <span class='ocrx_word' id='word_1_342' title='bbox 1724 3957 1777 4008; x_wconf 87' lang='grc' dir='ltr'>οί</span> <span class='ocrx_word' id='word_1_343' title='bbox 1795 3954 1865 4008; x_wconf 83' lang='grc' dir='ltr'>δὲ</span> <span class='ocrx_word' id='word_1_344' title='bbox 1879 3951 2054 4011; x_wconf 80' lang='grc' dir='ltr'>εἷπον</span> <span class='ocrx_word' id='word_1_345' title='bbox 2070 3976 2083 3989; x_wconf 73' lang='grc' dir='ltr'><strong>ο</strong></span> 
     </span>
    </p>
   </div>
   <div class='ocr_carea' id='block_1_43' title="bbox 429 4032 2089 4114">
    <p class='ocr_par' dir='ltr' id='par_1_43' title="bbox 429 4032 2089 4114">
     <span class='ocr_line' id='line_1_43' title="bbox 429 4032 2089 4114; baseline 0.006 -25"><span class='ocrx_word' id='word_1_346' title='bbox 429 4032 827 4104; x_wconf 77' lang='grc' dir='ltr'>Ἀκουσόμεθά</span> <span class='ocrx_word' id='word_1_347' title='bbox 876 4051 993 4091; x_wconf 90' lang='grc' dir='ltr'>σου</span> <span class='ocrx_word' id='word_1_348' title='bbox 1048 4036 1254 4092; x_wconf 86' lang='grc' dir='ltr'>πάλιν.</span> <span class='ocrx_word' id='word_1_349' title='bbox 1314 4038 1464 4092; x_wconf 85' lang='grc' dir='ltr'>Πόσα</span> <span class='ocrx_word' id='word_1_350' title='bbox 1515 4039 1728 4109; x_wconf 86' lang='grc' dir='ltr'>μεγάλα</span> <span class='ocrx_word' id='word_1_351' title='bbox 1770 4042 1864 4096; x_wconf 72' lang='grc' dir='ltr'>καὶ</span> <span class='ocrx_word' id='word_1_352' title='bbox 1908 4043 2089 4114; x_wconf 77' lang='grc' dir='ltr'>ὑψηλά</span> 
     </span>
    </p>
   </div>
   <div class='ocr_carea' id='block_1_44' title="bbox 414 4120 2085 4201">
    <p class='ocr_par' dir='ltr' id='par_1_44' title="bbox 414 4120 2085 4201">
     <span class='ocr_line' id='line_1_44' title="bbox 414 4120 2085 4201; baseline 0.005 -25"><span class='ocrx_word' id='word_1_353' title='bbox 414 4120 769 4189; x_wconf 77' lang='grc' dir='ltr'>ἀκούσαντες,</span> <span class='ocrx_word' id='word_1_354' title='bbox 803 4122 927 4177; x_wconf 81' lang='grc' dir='ltr'>οὐδὲ</span> <span class='ocrx_word' id='word_1_355' title='bbox 960 4126 1268 4196; x_wconf 77' lang='grc' dir='ltr'>προσεῖχον,</span> <span class='ocrx_word' id='word_1_356' title='bbox 1306 4124 1418 4179; x_wconf 85' lang='grc' dir='ltr'>ἀλλ’</span> <span class='ocrx_word' id='word_1_357' title='bbox 1452 4126 1772 4197; x_wconf 82' lang='grc' dir='ltr'>ἐχλεύαζονί</span> <span class='ocrx_word' id='word_1_358' title='bbox 1806 4129 1917 4201; x_wconf 77' lang='grc' dir='ltr'>Τὴν</span> <span class='ocrx_word' id='word_1_359' title='bbox 1951 4131 2085 4185; x_wconf 82' lang='grc' dir='ltr'>ἀνά-</span> 
     </span>
    </p>
   </div>
   <div class='ocr_carea' id='block_1_45' title="bbox 415 4210 2084 4289">
    <p class='ocr_par' dir='ltr' id='par_1_45' title="bbox 415 4210 2084 4289">
     <span class='ocr_line' id='line_1_45' title="bbox 415 4210 2084 4289; baseline 0.007 -28"><span class='ocrx_word' id='word_1_360' title='bbox 415 4225 606 4264; x_wconf 89' lang='grc' dir='ltr'>στασιν</span> <span class='ocrx_word' id='word_1_361' title='bbox 628 4210 685 4265; x_wconf 88' lang='grc' dir='ltr'>δὲ</span> <span class='ocrx_word' id='word_1_362' title='bbox 707 4210 994 4282; x_wconf 81' lang='grc' dir='ltr'>ἐχλεύαζον</span> <span class='ocrx_word' id='word_1_363' title='bbox 1013 4230 1027 4244; x_wconf 86' lang='grc'><strong>·</strong></span> <span class='ocrx_word' id='word_1_364' title='bbox 1058 4213 1326 4282; x_wconf 82' lang='grc' dir='ltr'>Ψυχικὸς</span> <span class='ocrx_word' id='word_1_365' title='bbox 1353 4215 1463 4287; x_wconf 75' lang='grc' dir='ltr'>γὰρ</span> <span class='ocrx_word' id='word_1_366' title='bbox 1489 4214 1801 4284; x_wconf 84' lang='grc' dir='ltr'>ἄνθρωπος</span> <span class='ocrx_word' id='word_1_367' title='bbox 1822 4219 1893 4272; x_wconf 87' lang='grc' dir='ltr'>οὐ</span> <span class='ocrx_word' id='word_1_368' title='bbox 1914 4217 2084 4289; x_wconf 82' lang='grc' dir='ltr'>δέχε-</span> 
     </span>
    </p>
   </div>
   <div class='ocr_carea' id='block_1_46' title="bbox 413 4292 2087 4377">
    <p class='ocr_par' dir='ltr' id='par_1_46' title="bbox 413 4292 2087 4377">
     <span class='ocr_line' id='line_1_46' title="bbox 413 4292 2087 4377; baseline 0.008 -27"><span class='ocrx_word' id='word_1_369' title='bbox 413 4312 510 4351; x_wconf 84' lang='grc' dir='ltr'>ται</span> <span class='ocrx_word' id='word_1_370' title='bbox 537 4298 613 4353; x_wconf 84' lang='grc' dir='ltr'>τὰ</span> <span class='ocrx_word' id='word_1_371' title='bbox 637 4299 743 4354; x_wconf 88' lang='grc' dir='ltr'>τοῦ</span> <span class='ocrx_word' id='word_1_372' title='bbox 772 4302 1139 4371; x_wconf 87' lang='grc' dir='ltr'>Πνεύματος.</span> <span class='ocrx_word' id='word_1_373' title='bbox 1174 4304 1281 4359; x_wconf 86' lang='lat' dir='ltr'><strong><em>Kal</em></strong></span> <span class='ocrx_word' id='word_1_374' title='bbox 1317 4304 1501 4370; x_wconf 82' lang='grc' dir='ltr'>οὕτω,</span> <span class='ocrx_word' id='word_1_375' title='bbox 1532 4292 1722 4377; x_wconf 76' lang='grc' dir='ltr'>φησὶν,</span> <span class='ocrx_word' id='word_1_376' title='bbox 1759 4306 2022 4376; x_wconf 73' lang='grc' dir='ltr'>ἐξῆλθεν</span> <span class='ocrx_word' id='word_1_377' title='bbox 2054 4311 2087 4363; x_wconf 79' lang='grc' dir='ltr'><em>ὁ</em></span> 
     </span>
    </p>
   </div>
   <div class='ocr_carea' id='block_1_47' title="bbox 411 4388 2087 4467">
    <p class='ocr_par' dir='ltr' id='par_1_47' title="bbox 411 4388 2087 4467">
     <span class='ocr_line' id='line_1_47' title="bbox 411 4388 2087 4467; baseline 0.004 -25"><span class='ocrx_word' id='word_1_378' title='bbox 411 4388 653 4453; x_wconf 87' lang='grc' dir='ltr'>Παῦλος</span> <span class='ocrx_word' id='word_1_379' title='bbox 679 4388 748 4443; x_wconf 77' lang='grc' dir='ltr'>ἐκ</span> <span class='ocrx_word' id='word_1_380' title='bbox 763 4389 958 4459; x_wconf 83' lang='grc' dir='ltr'>μέσου</span> <span class='ocrx_word' id='word_1_381' title='bbox 978 4391 1197 4447; x_wconf 85' lang='grc' dir='ltr'>αὐτῶν.</span> <span class='ocrx_word' id='word_1_382' title='bbox 1236 4394 1426 4448; x_wconf 57' lang='grc' dir='ltr'>Οὕτω</span> <span class='ocrx_word' id='word_1_383' title='bbox 1474 4392 1626 4462; x_wconf 91' lang='grc' dir='ltr'>πῶς;</span> <span class='ocrx_word' id='word_1_384' title='bbox 1663 4396 1801 4460; x_wconf 79' lang='grc' dir='ltr'>Τοὺς</span> <span class='ocrx_word' id='word_1_385' title='bbox 1836 4396 1933 4467; x_wconf 78' lang='grc' dir='ltr'>μὲν</span> <span class='ocrx_word' id='word_1_386' title='bbox 1970 4396 2087 4449; x_wconf 87' lang='grc' dir='ltr'>πεί-</span> 
     </span>
    </p>
   </div>
   <div class='ocr_carea' id='block_1_48' title="bbox 413 4476 2087 4553">
    <p class='ocr_par' dir='ltr' id='par_1_48' title="bbox 413 4476 2087 4553">
     <span class='ocr_line' id='line_1_48' title="bbox 413 4476 2087 4553; baseline 0.006 -25"><span class='ocrx_word' id='word_1_387' title='bbox 413 4491 534 4538; x_wconf 86' lang='grc' dir='ltr'>σας,</span> <span class='ocrx_word' id='word_1_388' title='bbox 570 4476 675 4530; x_wconf 83' lang='grc' dir='ltr'>ὑπὸ</span> <span class='ocrx_word' id='word_1_389' title='bbox 711 4477 770 4531; x_wconf 83' lang='grc' dir='ltr'>δὲ</span> <span class='ocrx_word' id='word_1_390' title='bbox 795 4477 901 4532; x_wconf 84' lang='grc' dir='ltr'>τῶν</span> <span class='ocrx_word' id='word_1_391' title='bbox 934 4479 1264 4549; x_wconf 82' lang='grc' dir='ltr'>γελώμενος.</span> <span class='ocrx_word' id='word_1_392' title='bbox 1294 4481 1616 4549; x_wconf 80' lang='grc' dir='ltr'>Χωρισθείς</span> <span class='ocrx_word' id='word_1_393' title='bbox 1640 4481 1709 4534; x_wconf 86' lang='grc' dir='ltr'>δὲ</span> <span class='ocrx_word' id='word_1_394' title='bbox 1746 4483 1867 4537; x_wconf 87' lang='grc' dir='ltr'>ἀπὸ</span> <span class='ocrx_word' id='word_1_395' title='bbox 1918 4482 2087 4553; x_wconf 86' lang='grc' dir='ltr'>Ἀθη-</span> 
     </span>
    </p>
   </div>
   <div class='ocr_carea' id='block_1_49' title="bbox 411 4560 2087 4636">
    <p class='ocr_par' dir='ltr' id='par_1_49' title="bbox 411 4560 2087 4636">
     <span class='ocr_line' id='line_1_49' title="bbox 411 4560 2087 4636; baseline 0.005 -21"><span class='ocrx_word' id='word_1_396' title='bbox 411 4562 556 4628; x_wconf 87' lang='grc' dir='ltr'>νῶν,</span> <span class='ocrx_word' id='word_1_397' title='bbox 605 4564 792 4634; x_wconf 75' lang='grc' dir='ltr'>φησὶν,</span> <span class='ocrx_word' id='word_1_398' title='bbox 838 4560 1027 4634; x_wconf 82' lang='grc' dir='ltr'>ἦλθεν</span> <span class='ocrx_word' id='word_1_399' title='bbox 1074 4569 1160 4632; x_wconf 88' lang='grc' dir='ltr'>είς</span> <span class='ocrx_word' id='word_1_400' title='bbox 1206 4568 1515 4635; x_wconf 84' lang='grc' dir='ltr'>Κόρινθον.</span> <span class='ocrx_word' id='word_1_401' title='bbox 1574 4569 1686 4622; x_wconf 84' lang='lat' dir='ltr'>Kal</span> <span class='ocrx_word' id='word_1_402' title='bbox 1716 4568 1907 4636; x_wconf 81' lang='grc' dir='ltr'>εὑρών</span> <span class='ocrx_word' id='word_1_403' title='bbox 1950 4587 2087 4624; x_wconf 82' lang='grc' dir='ltr'>τινα</span> 
     </span>
    </p>
   </div>
   <div class='ocr_carea' id='block_1_50' title="bbox 422 4649 2082 4727">
    <p class='ocr_par' dir='ltr' id='par_1_50' title="bbox 422 4649 2082 4727">
     <span class='ocr_line' id='line_1_50' title="bbox 422 4649 2082 4727; baseline 0.004 -23"><span class='ocrx_word' id='word_1_404' title='bbox 422 4649 710 4705; x_wconf 76' lang='grc' dir='ltr'>Ἰουδαῖον</span> <span class='ocrx_word' id='word_1_405' title='bbox 756 4652 1001 4722; x_wconf 84' lang='grc' dir='ltr'>ὀνόματι</span> <span class='ocrx_word' id='word_1_406' title='bbox 1055 4652 1320 4708; x_wconf 81' lang='grc' dir='ltr'><em>Ἀκύλαν</em></span> <span class='ocrx_word' id='word_1_407' title='bbox 1337 4692 1353 4717; x_wconf 86' lang='grc'>,</span> <span class='ocrx_word' id='word_1_408' title='bbox 1407 4654 1703 4709; x_wconf 84' lang='grc' dir='ltr'>Ποντικὸν</span> <span class='ocrx_word' id='word_1_409' title='bbox 1754 4654 1835 4720; x_wconf 87' lang='grc' dir='ltr'>τῷ</span> <span class='ocrx_word' id='word_1_410' title='bbox 1886 4656 2043 4727; x_wconf 76' lang='grc' dir='ltr'>γένει</span> <span class='ocrx_word' id='word_1_411' title='bbox 2066 4698 2082 4722; x_wconf 93' lang='grc'>,</span> 
     </span>
    </p>
   </div>
   <div class='ocr_carea' id='block_1_51' title="bbox 410 4736 2084 4815">
    <p class='ocr_par' dir='ltr' id='par_1_51' title="bbox 410 4736 2084 4815">
     <span class='ocr_line' id='line_1_51' title="bbox 410 4736 2084 4815; baseline 0.002 -20"><span class='ocrx_word' id='word_1_412' title='bbox 410 4736 774 4808; x_wconf 66' lang='grc' dir='ltr'>προσφάτως</span> <span class='ocrx_word' id='word_1_413' title='bbox 790 4738 1129 4807; x_wconf 84' lang='grc' dir='ltr'>ἐληλυθότα</span> <span class='ocrx_word' id='word_1_414' title='bbox 1151 4740 1270 4796; x_wconf 84' lang='grc' dir='ltr'>ἀπὸ</span> <span class='ocrx_word' id='word_1_415' title='bbox 1288 4739 1400 4808; x_wconf 81' lang='grc' dir='ltr'>τῆς</span> <span class='ocrx_word' id='word_1_416' title='bbox 1433 4741 1714 4809; x_wconf 87' lang='grc' dir='ltr'>Ἰταλίας,</span> <span class='ocrx_word' id='word_1_417' title='bbox 1733 4740 1930 4813; x_wconf 72' lang='grc' dir='ltr'>ἔμεινε</span> <span class='ocrx_word' id='word_1_418' title='bbox 1948 4746 2084 4815; x_wconf 81' lang='grc' dir='ltr'>παρ’</span> 
     </span>
    </p>
   </div>
   <div class='ocr_carea' id='block_1_52' title="bbox 410 4825 2085 4904">
    <p class='ocr_par' dir='ltr' id='par_1_52' title="bbox 410 4825 2085 4904">
     <span class='ocr_line' id='line_1_52' title="bbox 410 4825 2085 4904; baseline 0.004 -24"><span class='ocrx_word' id='word_1_419' title='bbox 410 4825 620 4893; x_wconf 80' lang='grc' dir='ltr'>αὐτοῖς</span> <span class='ocrx_word' id='word_1_420' title='bbox 644 4825 745 4880; x_wconf 79' lang='grc' dir='ltr'>και</span> <span class='ocrx_word' id='word_1_421' title='bbox 766 4826 1080 4898; x_wconf 66' lang='grc' dir='ltr'>εἰργάζετο.</span> <span class='ocrx_word' id='word_1_422' title='bbox 1111 4827 1255 4899; x_wconf 86' lang='grc' dir='ltr'>Ὅρα</span> <span class='ocrx_word' id='word_1_423' title='bbox 1274 4867 1290 4890; x_wconf 91' lang='grc'>,</span> <span class='ocrx_word' id='word_1_424' title='bbox 1319 4827 1436 4893; x_wconf 87' lang='grc' dir='ltr'>πῶς</span> <span class='ocrx_word' id='word_1_425' title='bbox 1465 4829 1494 4883; x_wconf 85' lang='grc' dir='ltr'><strong>ὁ</strong></span> <span class='ocrx_word' id='word_1_426' title='bbox 1524 4829 1689 4901; x_wconf 86' lang='grc' dir='ltr'>νόμος</span> <span class='ocrx_word' id='word_1_427' title='bbox 1718 4830 1946 4904; x_wconf 76' lang='grc' dir='ltr'>ἄρχεται</span> <span class='ocrx_word' id='word_1_428' title='bbox 1979 4850 2085 4887; x_wconf 88' lang='grc' dir='ltr'>κα-</span> 
     </span>
    </p>
   </div>
   <div class='ocr_carea' id='block_1_53' title="bbox 407 4912 2084 4990">
    <p class='ocr_par' dir='ltr' id='par_1_53' title="bbox 407 4912 2084 4990">
     <span class='ocr_line' id='line_1_53' title="bbox 407 4912 2084 4990; baseline 0.004 -22"><span class='ocrx_word' id='word_1_429' title='bbox 407 4912 706 4970; x_wconf 81' lang='grc' dir='ltr'>ταλύεσθαι</span> <span class='ocrx_word' id='word_1_430' title='bbox 726 4913 932 4971; x_wconf 82' lang='grc' dir='ltr'>λοιπόν.</span> <span class='ocrx_word' id='word_1_431' title='bbox 969 4915 1308 4988; x_wconf 83' lang='grc' dir='ltr'>Κειράμενος</span> <span class='ocrx_word' id='word_1_432' title='bbox 1335 4915 1466 4990; x_wconf 84' lang='grc' dir='ltr'>γάρ,</span> <span class='ocrx_word' id='word_1_433' title='bbox 1499 4917 1748 4985; x_wconf 87' lang='grc' dir='ltr'>Ἰουδαῖος</span> <span class='ocrx_word' id='word_1_434' title='bbox 1780 4917 1889 4984; x_wconf 82' lang='grc' dir='ltr'>ὢν,</span> <span class='ocrx_word' id='word_1_435' title='bbox 1929 4914 2084 4987; x_wconf 77' lang='grc' dir='ltr'>οὗτος</span> 
     </span>
    </p>
   </div>
   <div class='ocr_carea' id='block_1_54' title="bbox 409 5001 2083 5081">
    <p class='ocr_par' dir='ltr' id='par_1_54' title="bbox 409 5001 2083 5081">
     <span class='ocr_line' id='line_1_54' title="bbox 409 5001 2083 5081; baseline 0.005 -25"><span class='ocrx_word' id='word_1_436' title='bbox 409 5003 470 5057; x_wconf 76' lang='grc' dir='ltr'>ἐν</span> <span class='ocrx_word' id='word_1_437' title='bbox 516 5004 825 5075; x_wconf 76' lang='grc' dir='ltr'>Κεγχρεαῖς</span> <span class='ocrx_word' id='word_1_438' title='bbox 881 5001 1020 5074; x_wconf 80' lang='grc' dir='ltr'>μιτά</span> <span class='ocrx_word' id='word_1_439' title='bbox 1068 5002 1271 5070; x_wconf 87' lang='grc' dir='ltr'>ταῦτα,</span> <span class='ocrx_word' id='word_1_440' title='bbox 1311 5005 1392 5069; x_wconf 83' lang='grc' dir='ltr'>είς</span> <span class='ocrx_word' id='word_1_441' title='bbox 1441 5005 1642 5077; x_wconf 82' lang='grc' dir='ltr'>Συρίαν</span> <span class='ocrx_word' id='word_1_442' title='bbox 1681 5007 2083 5081; x_wconf 78' lang='grc' dir='ltr'>συναπέρχεται</span> 
     </span>
    </p>
   </div>
   <div class='ocr_carea' id='block_1_55' title="bbox 410 5090 2084 5169">
    <p class='ocr_par' dir='ltr' id='par_1_55' title="bbox 410 5090 2084 5169">
     <span class='ocr_line' id='line_1_55' title="bbox 410 5090 2084 5169; baseline 0.004 -24"><span class='ocrx_word' id='word_1_443' title='bbox 410 5090 636 5162; x_wconf 87' lang='grc' dir='ltr'>Παύλῳ.</span> <span class='ocrx_word' id='word_1_444' title='bbox 693 5092 955 5156; x_wconf 77' lang='grc' dir='ltr'>Ποντικὸς</span> <span class='ocrx_word' id='word_1_445' title='bbox 985 5090 1082 5155; x_wconf 83' lang='grc' dir='ltr'>ὢν,</span> <span class='ocrx_word' id='word_1_446' title='bbox 1126 5092 1228 5146; x_wconf 74' lang='grc' dir='ltr'>οὐκ</span> <span class='ocrx_word' id='word_1_447' title='bbox 1255 5094 1314 5148; x_wconf 83' lang='grc' dir='ltr'>ἐν</span> <span class='ocrx_word' id='word_1_448' title='bbox 1367 5092 1761 5166; x_wconf 85' lang='grc' dir='ltr'>Ἱεροσολύμοις</span> <span class='ocrx_word' id='word_1_449' title='bbox 1783 5095 1904 5150; x_wconf 80' lang='grc' dir='ltr'>οὐδὲ</span> <span class='ocrx_word' id='word_1_450' title='bbox 1943 5097 2084 5169; x_wconf 86' lang='grc' dir='ltr'>πλη-</span> 
     </span>
    </p>
   </div>
   <div class='ocr_carea' id='block_1_56' title="bbox 410 5179 2081 5259">
    <p class='ocr_par' dir='ltr' id='par_1_56' title="bbox 410 5179 2081 5259">
     <span class='ocr_line' id='line_1_56' title="bbox 410 5179 2081 5259; baseline 0.003 -26"><span class='ocrx_word' id='word_1_451' title='bbox 410 5179 524 5235; x_wconf 89' lang='grc' dir='ltr'>σίον</span> <span class='ocrx_word' id='word_1_452' title='bbox 550 5179 811 5235; x_wconf 73' lang='grc' dir='ltr'>ἔσπευδεν</span> <span class='ocrx_word' id='word_1_453' title='bbox 832 5179 1026 5247; x_wconf 79' lang='grc' dir='ltr'>ἐλθεῖν,</span> <span class='ocrx_word' id='word_1_454' title='bbox 1048 5180 1186 5237; x_wconf 85' lang='grc' dir='ltr'>ἀλλὰ</span> <span class='ocrx_word' id='word_1_455' title='bbox 1208 5182 1549 5256; x_wconf 88' lang='grc' dir='ltr'>μακροτέρω.</span> <span class='ocrx_word' id='word_1_456' title='bbox 1578 5184 1717 5254; x_wconf 86' lang='grc' dir='ltr'>Παρ’</span> <span class='ocrx_word' id='word_1_457' title='bbox 1756 5184 1906 5257; x_wconf 81' lang='grc' dir='ltr'>αὕτῷ</span> <span class='ocrx_word' id='word_1_458' title='bbox 1925 5184 1940 5257; x_wconf 79' lang='grc' dir='ltr'><strong>Ι</strong></span> <span class='ocrx_word' id='word_1_459' title='bbox 1950 5185 2081 5259; x_wconf 72' lang='lat'>297]</span> 
     </span>
    </p>
   </div>
   <div class='ocr_carea' id='block_1_57' title="bbox 408 5266 2081 5343">
    <p class='ocr_par' dir='ltr' id='par_1_57' title="bbox 408 5266 2081 5343">
     <span class='ocr_line' id='line_1_57' title="bbox 408 5266 2081 5343; baseline 0.004 -22"><span class='ocrx_word' id='word_1_460' title='bbox 408 5266 542 5338; x_wconf 87' lang='grc' dir='ltr'>γοῦν</span> <span class='ocrx_word' id='word_1_461' title='bbox 598 5268 774 5339; x_wconf 84' lang='grc' dir='ltr'>μένει,</span> <span class='ocrx_word' id='word_1_462' title='bbox 810 5270 907 5324; x_wconf 66' lang='grc' dir='ltr'>καὶ¹</span> <span class='ocrx_word' id='word_1_463' title='bbox 956 5269 1056 5325; x_wconf 78' lang='grc' dir='ltr'>οὑκ</span> <span class='ocrx_word' id='word_1_464' title='bbox 1094 5270 1411 5340; x_wconf 76' lang='grc' dir='ltr'>αἰσχύνεται</span> <span class='ocrx_word' id='word_1_465' title='bbox 1455 5272 1656 5343; x_wconf 85' lang='grc' dir='ltr'>μένων,</span> <span class='ocrx_word' id='word_1_466' title='bbox 1681 5272 1819 5328; x_wconf 88' lang='grc' dir='ltr'>ἀλλά</span> <span class='ocrx_word' id='word_1_467' title='bbox 1861 5273 1958 5327; x_wconf 87' lang='grc' dir='ltr'>καὶ</span> <span class='ocrx_word' id='word_1_468' title='bbox 2012 5273 2081 5327; x_wconf 91' lang='grc' dir='ltr'>δι’</span> 
     </span>
    </p>
   </div>
   <div class='ocr_carea' id='block_1_58' title="bbox 408 5356 2078 5432">
    <p class='ocr_par' dir='ltr' id='par_1_58' title="bbox 408 5356 2078 5432">
     <span class='ocr_line' id='line_1_58' title="bbox 408 5356 2078 5432; baseline 0.003 -22"><span class='ocrx_word' id='word_1_469' title='bbox 408 5356 539 5410; x_wconf 84' lang='grc' dir='ltr'>αὐτὸ</span> <span class='ocrx_word' id='word_1_470' title='bbox 564 5357 721 5412; x_wconf 86' lang='grc' dir='ltr'>τοῦτο</span> <span class='ocrx_word' id='word_1_471' title='bbox 774 5357 947 5429; x_wconf 84' lang='grc' dir='ltr'>μένει,</span> <span class='ocrx_word' id='word_1_472' title='bbox 1001 5358 1078 5423; x_wconf 82' lang='grc' dir='ltr'>ὡς</span> <span class='ocrx_word' id='word_1_473' title='bbox 1127 5358 1428 5431; x_wconf 81' lang='grc' dir='ltr'>ἐπιτήδειον</span> <span class='ocrx_word' id='word_1_474' title='bbox 1484 5359 1662 5432; x_wconf 82' lang='grc' dir='ltr'>εὑρὼν</span> <span class='ocrx_word' id='word_1_475' title='bbox 1695 5360 2078 5431; x_wconf 84' lang='grc' dir='ltr'>καταγώγιον·</span> 
     </span>
    </p>
   </div>
   <div class='ocr_carea' id='block_1_59' title="bbox 408 5444 2079 5522">
    <p class='ocr_par' dir='ltr' id='par_1_59' title="bbox 408 5444 2079 5522">
     <span class='ocr_line' id='line_1_59' title="bbox 408 5444 2079 5522; baseline 0.004 -24"><span class='ocrx_word' id='word_1_476' title='bbox 408 5444 587 5517; x_wconf 86' lang='grc' dir='ltr'>πολλῷ</span> <span class='ocrx_word' id='word_1_477' title='bbox 607 5446 714 5518; x_wconf 82' lang='grc' dir='ltr'>γὰρ</span> <span class='ocrx_word' id='word_1_478' title='bbox 743 5446 891 5518; x_wconf 83' lang='grc' dir='ltr'>αὐτῷ</span> <span class='ocrx_word' id='word_1_479' title='bbox 920 5446 1028 5501; x_wconf 91' lang='grc' dir='ltr'>τῶν</span> <span class='ocrx_word' id='word_1_480' title='bbox 1073 5446 1359 5519; x_wconf 86' lang='grc' dir='ltr'>βασιλείων</span> <span class='ocrx_word' id='word_1_481' title='bbox 1386 5449 1819 5522; x_wconf 79' lang='grc' dir='ltr'>ἐπιτηδειότερον</span> <span class='ocrx_word' id='word_1_482' title='bbox 1849 5445 1936 5522; x_wconf 83' lang='grc' dir='ltr'>ἦν.</span> <span class='ocrx_word' id='word_1_483' title='bbox 1968 5451 2079 5505; x_wconf 72' lang='grc' dir='ltr'>Καὶ</span> 
     </span>
    </p>
   </div>
   <div class='ocr_carea' id='block_1_60' title="bbox 411 5532 2077 5613">
    <p class='ocr_par' dir='ltr' id='par_1_60' title="bbox 411 5532 2077 5613">
     <span class='ocr_line' id='line_1_60' title="bbox 411 5532 2077 5613; baseline 0.004 -27"><span class='ocrx_word' id='word_1_484' title='bbox 411 5532 485 5605; x_wconf 75' lang='grc' dir='ltr'>μὴ</span> <span class='ocrx_word' id='word_1_485' title='bbox 533 5533 770 5606; x_wconf 82' lang='grc' dir='ltr'>γελάσῃς</span> <span class='ocrx_word' id='word_1_486' title='bbox 820 5533 1053 5602; x_wconf 88' lang='grc' dir='ltr'>ἀκούων,</span> <span class='ocrx_word' id='word_1_487' title='bbox 1097 5536 1366 5609; x_wconf 82' lang='grc' dir='ltr'>ἀγαπητέ.</span> <span class='ocrx_word' id='word_1_488' title='bbox 1412 5536 1679 5610; x_wconf 81' lang='grc' dir='ltr'>Καθάπερ</span> <span class='ocrx_word' id='word_1_489' title='bbox 1719 5538 1830 5610; x_wconf 88' lang='grc' dir='ltr'>γάρ</span> <span class='ocrx_word' id='word_1_490' title='bbox 1872 5539 2077 5613; x_wconf 77' lang='grc' dir='ltr'>ἀθλητῇ</span> 
     </span>
    </p>
   </div>
   <div class='ocr_carea' id='block_1_61' title="bbox 409 5620 2077 5697">
    <p class='ocr_par' dir='ltr' id='par_1_61' title="bbox 409 5620 2077 5697">
     <span class='ocr_line' id='line_1_61' title="bbox 409 5620 2077 5697; baseline 0.006 -25"><span class='ocrx_word' id='word_1_491' title='bbox 409 5620 441 5690; x_wconf 80' lang='grc' dir='ltr'>ἠ</span> <span class='ocrx_word' id='word_1_492' title='bbox 476 5620 786 5695; x_wconf 75' lang='grc' dir='ltr'>παλαίστρα</span> <span class='ocrx_word' id='word_1_493' title='bbox 804 5623 914 5676; x_wconf 87' lang='grc' dir='ltr'>τῶν</span> <span class='ocrx_word' id='word_1_494' title='bbox 933 5623 1157 5679; x_wconf 81' lang='grc' dir='ltr'>ἁπαλῶν</span> <span class='ocrx_word' id='word_1_495' title='bbox 1178 5625 1517 5697; x_wconf 86' lang='grc' dir='ltr'>στρωμάτων</span> <span class='ocrx_word' id='word_1_496' title='bbox 1548 5626 1748 5695; x_wconf 81' lang='grc' dir='ltr'>μᾶλλον</span> <span class='ocrx_word' id='word_1_497' title='bbox 1773 5627 2042 5697; x_wconf 82' lang='grc' dir='ltr'>χρήσιμον</span> <span class='ocrx_word' id='word_1_498' title='bbox 2062 5645 2077 5661; x_wconf 77' lang='grc' dir='ltr'><strong>ο</strong></span> 
     </span>
    </p>
   </div>
   <div class='ocr_carea' id='block_1_62' title="bbox 408 5704 2078 5785">
    <p class='ocr_par' dir='ltr' id='par_1_62' title="bbox 408 5704 2078 5785">
     <span class='ocr_line' id='line_1_62' title="bbox 408 5704 2078 5785; baseline 0.007 -26"><span class='ocrx_word' id='word_1_499' title='bbox 408 5704 552 5760; x_wconf 79' lang='grc' dir='ltr'>οὕτω</span> <span class='ocrx_word' id='word_1_500' title='bbox 585 5709 680 5762; x_wconf 76' lang='grc' dir='ltr'>καὶ</span> <span class='ocrx_word' id='word_1_501' title='bbox 717 5710 797 5781; x_wconf 84' lang='grc' dir='ltr'>τῷ</span> <span class='ocrx_word' id='word_1_502' title='bbox 845 5711 1144 5783; x_wconf 78' lang='grc' dir='ltr'>πολεμιστῇ</span> <span class='ocrx_word' id='word_1_503' title='bbox 1174 5712 1234 5766; x_wconf 75' lang='grc' dir='ltr'>τὸ</span> <span class='ocrx_word' id='word_1_504' title='bbox 1273 5713 1426 5782; x_wconf 82' lang='grc' dir='ltr'>ξίφος</span> <span class='ocrx_word' id='word_1_505' title='bbox 1453 5713 1516 5766; x_wconf 79' lang='grc' dir='ltr'>τὸ</span> <span class='ocrx_word' id='word_1_506' title='bbox 1555 5712 1828 5785; x_wconf 79' lang='grc' dir='ltr'>σιδηροῦν,</span> <span class='ocrx_word' id='word_1_507' title='bbox 1870 5714 1985 5769; x_wconf 83' lang='grc' dir='ltr'>ἀλλ’</span> <span class='ocrx_word' id='word_1_508' title='bbox 2015 5717 2078 5772; x_wconf 80' lang='grc' dir='ltr'>οὐ</span> 
     </span>
    </p>
   </div>
   <div class='ocr_carea' id='block_1_63' title="bbox 405 5793 2079 5876">
    <p class='ocr_par' dir='ltr' id='par_1_63' title="bbox 405 5793 2079 5876">
     <span class='ocr_line' id='line_1_63' title="bbox 405 5793 2079 5876; baseline 0.008 -30"><span class='ocrx_word' id='word_1_509' title='bbox 405 5793 469 5847; x_wconf 72' lang='grc' dir='ltr'>τὸ</span> <span class='ocrx_word' id='word_1_510' title='bbox 513 5795 768 5865; x_wconf 75' lang='grc' dir='ltr'>χρυσοῦν.</span> <span class='ocrx_word' id='word_1_511' title='bbox 827 5799 936 5852; x_wconf 76' lang='grc' dir='ltr'>Καὶ</span> <span class='ocrx_word' id='word_1_512' title='bbox 987 5801 1274 5870; x_wconf 74' lang='grc' dir='ltr'>εἰργάζετο</span> <span class='ocrx_word' id='word_1_513' title='bbox 1322 5800 1629 5873; x_wconf 86' lang='grc' dir='ltr'>κηρύττων.</span> <span class='ocrx_word' id='word_1_514' title='bbox 1687 5802 2079 5876; x_wconf 79' lang='grc' dir='ltr'>Αίσχυνθῶμεν</span> 
     </span>
    </p>
   </div>
   <div class='ocr_carea' id='block_1_64' title="bbox 410 5882 2078 5958">
    <p class='ocr_par' dir='ltr' id='par_1_64' title="bbox 410 5882 2078 5958">
     <span class='ocr_line' id='line_1_64' title="bbox 410 5882 2078 5958; baseline 0.008 -23"><span class='ocrx_word' id='word_1_515' title='bbox 410 5882 571 5953; x_wconf 67' lang='grc' dir='ltr'>ἡμεῖς</span> <span class='ocrx_word' id='word_1_516' title='bbox 603 5882 651 5934; x_wconf 89' lang='grc' dir='ltr'>οἰ</span> <span class='ocrx_word' id='word_1_517' title='bbox 684 5883 778 5935; x_wconf 77' lang='grc' dir='ltr'>καὶ</span> <span class='ocrx_word' id='word_1_518' title='bbox 808 5884 978 5956; x_wconf 73' lang='grc' dir='ltr'>χωρὶς</span> <span class='ocrx_word' id='word_1_519' title='bbox 1023 5885 1118 5939; x_wconf 86' lang='grc' dir='ltr'>τοῦ</span> <span class='ocrx_word' id='word_1_520' title='bbox 1148 5885 1438 5958; x_wconf 85' lang='grc' dir='ltr'>κηρύττειν</span> <span class='ocrx_word' id='word_1_521' title='bbox 1473 5887 1657 5958; x_wconf 82' lang='grc' dir='ltr'>ἀργῶς</span> <span class='ocrx_word' id='word_1_522' title='bbox 1723 5888 1940 5955; x_wconf 77' lang='grc' dir='ltr'>ζῶντες.</span> <span class='ocrx_word' id='word_1_523' title='bbox 1987 5895 2078 5947; x_wconf 82' lang='grc' dir='ltr'>Δι-</span> 
     </span>
    </p>
   </div>
   <div class='ocr_carea' id='block_1_65' title="bbox 481 5985 1332 6054">
    <p class='ocr_par' dir='ltr' id='par_1_65' title="bbox 481 5985 1332 6054">
     <span class='ocr_line' id='line_1_65' title="bbox 481 5985 1332 6054; baseline 0 -17"><span class='ocrx_word' id='word_1_524' title='bbox 481 5987 506 6019; x_wconf 84' lang='grc'><strong><em>⁸</em></strong></span> <span class='ocrx_word' id='word_1_525' title='bbox 530 5985 629 6039; x_wconf 79' lang='lat' dir='ltr'>Alii</span> <span class='ocrx_word' id='word_1_526' title='bbox 658 5985 855 6037; x_wconf 71' lang='lat' dir='ltr'><strong><em>lnluov</em></strong></span> <span class='ocrx_word' id='word_1_527' title='bbox 882 5989 1216 6054; x_wconf 66' lang='grc' dir='ltr'>ἁμαρτήματα,</span> <span class='ocrx_word' id='word_1_528' title='bbox 1241 5994 1332 6040; x_wconf 77' lang='grc' dir='ltr'>ἵνα.</span> 
     </span>
    </p>
   </div>
   <div class='ocr_carea' id='block_1_66' title="bbox 1179 330 3008 397">
    <p class='ocr_par' dir='ltr' id='par_1_66' title="bbox 1179 330 3008 397">
     <span class='ocr_line' id='line_1_66' title="bbox 1179 330 3008 397; baseline -0.001 -1"><span class='ocrx_word' id='word_1_529' title='bbox 1179 339 1238 397; x_wconf 87' lang='lat' dir='ltr'>S.</span> <span class='ocrx_word' id='word_1_530' title='bbox 1278 337 1559 396; x_wconf 78' lang='lat' dir='ltr'>JOANNIS</span> <span class='ocrx_word' id='word_1_531' title='bbox 1585 332 2069 394; x_wconf 77' lang='lat' dir='ltr'>CHRYSOSTOMI</span> <span class='ocrx_word' id='word_1_532' title='bbox 2097 330 2419 394; x_wconf 79' lang='lat' dir='ltr'>ARCHIEP.</span> <span class='ocrx_word' id='word_1_533' title='bbox 2455 336 3008 396; x_wconf 79' lang='lat' dir='ltr'>CONSTANTINOP.</span> 
     </span>
    </p>
   </div>
   <div class='ocr_carea' id='block_1_67' title="bbox 3782 334 3891 388">
    <p class='ocr_par' dir='ltr' id='par_1_67' title="bbox 3782 334 3891 388">
     <span class='ocr_line' id='line_1_67' title="bbox 3782 334 3891 388; baseline -0.028 0"><span class='ocrx_word' id='word_1_534' title='bbox 3782 334 3891 388; x_wconf 72' lang='lat'>278</span> 
     </span>
    </p>
   </div>
   <div class='ocr_carea' id='block_1_68' title="bbox 2210 448 3892 524">
    <p class='ocr_par' dir='ltr' id='par_1_68' title="bbox 2210 448 3892 524">
     <span class='ocr_line' id='line_1_68' title="bbox 2210 448 3892 524; baseline -0.001 -20"><span class='ocrx_word' id='word_1_535' title='bbox 2210 454 2456 522; x_wconf 75' lang='grc' dir='ltr'>ελέγετο</span> <span class='ocrx_word' id='word_1_536' title='bbox 2483 452 2551 507; x_wconf 85' lang='grc' dir='ltr'>δέ</span> <span class='ocrx_word' id='word_1_537' title='bbox 2576 454 2646 508; x_wconf 77' lang='grc' dir='ltr'>ἐν</span> <span class='ocrx_word' id='word_1_538' title='bbox 2677 453 2753 522; x_wconf 81' lang='grc' dir='ltr'>τῇ</span> <span class='ocrx_word' id='word_1_539' title='bbox 2780 451 3125 524; x_wconf 63' lang='grc' dir='ltr'>συναγωγῇ,</span> <span class='ocrx_word' id='word_1_540' title='bbox 3150 451 3303 524; x_wconf 68' lang='grc' dir='ltr'>φησὶ,</span> <span class='ocrx_word' id='word_1_541' title='bbox 3334 449 3485 505; x_wconf 82' lang='grc' dir='ltr'>κατὰ</span> <span class='ocrx_word' id='word_1_542' title='bbox 3510 448 3636 505; x_wconf 82' lang='grc' dir='ltr'>πᾶν</span> <span class='ocrx_word' id='word_1_543' title='bbox 3663 449 3892 504; x_wconf 76' lang='grc' dir='ltr'>σάϐϐα-</span> 
     </span>
    </p>
   </div>
   <div class='ocr_carea' id='block_1_69' title="bbox 2209 539 3892 608">
    <p class='ocr_par' dir='ltr' id='par_1_69' title="bbox 2209 539 3892 608">
     <span class='ocr_line' id='line_1_69' title="bbox 2209 539 3892 608; baseline 0 -16"><span class='ocrx_word' id='word_1_544' title='bbox 2209 556 2338 607; x_wconf 86' lang='grc' dir='ltr'>τον,</span> <span class='ocrx_word' id='word_1_545' title='bbox 2372 541 2572 597; x_wconf 77' lang='grc' dir='ltr'>ἕπειθέ</span> <span class='ocrx_word' id='word_1_546' title='bbox 2619 559 2685 596; x_wconf 90' lang='grc' dir='ltr'>τε</span> <span class='ocrx_word' id='word_1_547' title='bbox 2721 542 3048 608; x_wconf 76' lang='grc' dir='ltr'>Ἰουδαίους</span> <span class='ocrx_word' id='word_1_548' title='bbox 3093 559 3159 594; x_wconf 85' lang='grc' dir='ltr'>τε</span> <span class='ocrx_word' id='word_1_549' title='bbox 3198 540 3297 593; x_wconf 78' lang='grc' dir='ltr'>καὶ</span> <span class='ocrx_word' id='word_1_550' title='bbox 3328 540 3652 606; x_wconf 83' lang='grc' dir='ltr'>Ἕλληνας.</span> <span class='ocrx_word' id='word_1_551' title='bbox 3704 539 3892 592; x_wconf 78' lang='grc' dir='ltr'>Ἀντι-</span> 
     </span>
    </p>
   </div>
   <div class='ocr_carea' id='block_1_70' title="bbox 2209 626 3892 703">
    <p class='ocr_par' dir='ltr' id='par_1_70' title="bbox 2209 626 3892 703">
     <span class='ocr_line' id='line_1_70' title="bbox 2209 626 3892 703; baseline -0.001 -20"><span class='ocrx_word' id='word_1_552' title='bbox 2209 633 2606 703; x_wconf 85' lang='grc' dir='ltr'>τασσομένων</span> <span class='ocrx_word' id='word_1_553' title='bbox 2627 633 2696 686; x_wconf 83' lang='grc' dir='ltr'>δέ</span> <span class='ocrx_word' id='word_1_554' title='bbox 2722 631 2921 687; x_wconf 83' lang='grc' dir='ltr'>αὐτῶν</span> <span class='ocrx_word' id='word_1_555' title='bbox 2944 632 3042 686; x_wconf 78' lang='grc' dir='ltr'>καὶ</span> <span class='ocrx_word' id='word_1_556' title='bbox 3057 629 3611 699; x_wconf 74' lang='grc' dir='ltr'>βλασφημούντων,</span> <span class='ocrx_word' id='word_1_557' title='bbox 3650 626 3892 703; x_wconf 73' lang='grc' dir='ltr'>ἀπέστη.</span> 
     </span>
    </p>
   </div>
   <div class='ocr_carea' id='block_1_71' title="bbox 2209 701 3892 794">
    <p class='ocr_par' dir='ltr' id='par_1_71' title="bbox 2209 701 3892 794">
     <span class='ocr_line' id='line_1_71' title="bbox 2209 701 3892 794; baseline -0.003 -21"><span class='ocrx_word' id='word_1_558' title='bbox 2209 701 2744 794; x_wconf 10' lang='grc' dir='ltr'>Ταύτῃήπροσδοκῶν</span> <span class='ocrx_word' id='word_1_559' title='bbox 2773 720 2973 784; x_wconf 79' lang='grc' dir='ltr'>αὐτοὺς</span> <span class='ocrx_word' id='word_1_560' title='bbox 3021 719 3195 779; x_wconf 75' lang='grc' dir='ltr'>ἕλξειν</span> <span class='ocrx_word' id='word_1_561' title='bbox 3246 716 3469 788; x_wconf 80' lang='grc' dir='ltr'>μᾶλλον,</span> <span class='ocrx_word' id='word_1_562' title='bbox 3504 714 3804 783; x_wconf 81' lang='grc' dir='ltr'>ἀφίσταται</span> <span class='ocrx_word' id='word_1_563' title='bbox 3824 701 3852 741; x_wconf 67' lang='grc' dir='ltr'>δ</span> <span class='ocrx_word' id='word_1_564' title='bbox 3872 752 3892 768; x_wconf 90' lang='grc'>.</span> 
     </span>
    </p>
   </div>
   <div class='ocr_carea' id='block_1_72' title="bbox 2206 799 3893 878">
    <p class='ocr_par' dir='ltr' id='par_1_72' title="bbox 2206 799 3893 878">
     <span class='ocr_line' id='line_1_72' title="bbox 2206 799 3893 878; baseline -0.005 -19"><span class='ocrx_word' id='word_1_565' title='bbox 2206 808 2304 862; x_wconf 85' lang='grc' dir='ltr'>Διά</span> <span class='ocrx_word' id='word_1_566' title='bbox 2335 808 2387 861; x_wconf 90' lang='grc' dir='ltr'>τί</span> <span class='ocrx_word' id='word_1_567' title='bbox 2418 807 2527 878; x_wconf 78' lang='grc' dir='ltr'>γὰρ</span> <span class='ocrx_word' id='word_1_568' title='bbox 2558 807 2718 876; x_wconf 78' lang='grc' dir='ltr'>ἀφεὶς</span> <span class='ocrx_word' id='word_1_569' title='bbox 2741 807 2959 876; x_wconf 79' lang='grc' dir='ltr'>ἐκείνην</span> <span class='ocrx_word' id='word_1_570' title='bbox 2989 806 3089 877; x_wconf 77' lang='grc' dir='ltr'>τὴν</span> <span class='ocrx_word' id='word_1_571' title='bbox 3118 805 3318 867; x_wconf 75' lang='grc' dir='ltr'>οἰκίαν,</span> <span class='ocrx_word' id='word_1_572' title='bbox 3347 799 3479 873; x_wconf 79' lang='grc' dir='ltr'>ἦλθε</span> <span class='ocrx_word' id='word_1_573' title='bbox 3523 800 3755 871; x_wconf 89' lang='grc' dir='ltr'>πλησίον</span> <span class='ocrx_word' id='word_1_574' title='bbox 3784 800 3893 871; x_wconf 79' lang='grc' dir='ltr'>τῆς</span> 
     </span>
    </p>
   </div>
   <div class='ocr_carea' id='block_1_73' title="bbox 2208 887 3891 966">
    <p class='ocr_par' dir='ltr' id='par_1_73' title="bbox 2208 887 3891 966">
     <span class='ocr_line' id='line_1_73' title="bbox 2208 887 3891 966; baseline -0.006 -18"><span class='ocrx_word' id='word_1_575' title='bbox 2208 896 2530 966; x_wconf 79' lang='grc' dir='ltr'>συναγωγῆς</span> <span class='ocrx_word' id='word_1_576' title='bbox 2550 912 2564 960; x_wconf 90' lang='lat'><strong>;</strong></span> <span class='ocrx_word' id='word_1_577' title='bbox 2597 891 2686 966; x_wconf 84' lang='grc' dir='ltr'>ἆρ’</span> <span class='ocrx_word' id='word_1_578' title='bbox 2721 895 2841 964; x_wconf 83' lang='grc' dir='ltr'>οὑχί</span> <span class='ocrx_word' id='word_1_579' title='bbox 2864 893 2954 947; x_wconf 82' lang='grc' dir='ltr'>διὰ</span> <span class='ocrx_word' id='word_1_580' title='bbox 2971 893 3159 958; x_wconf 87' lang='grc' dir='ltr'>τοῦτο;</span> <span class='ocrx_word' id='word_1_581' title='bbox 3190 892 3312 944; x_wconf 78' lang='grc' dir='ltr'>οὐδὲ</span> <span class='ocrx_word' id='word_1_582' title='bbox 3334 890 3444 962; x_wconf 81' lang='grc' dir='ltr'>γὰρ</span> <span class='ocrx_word' id='word_1_583' title='bbox 3469 889 3713 941; x_wconf 86' lang='grc' dir='ltr'>κίνδυνον</span> <span class='ocrx_word' id='word_1_584' title='bbox 3735 887 3891 959; x_wconf 81' lang='grc' dir='ltr'>ἐώρα</span> 
     </span>
    </p>
   </div>
   <div class='ocr_carea' id='block_1_74' title="bbox 2205 973 3961 1051">
    <p class='ocr_par' dir='ltr' id='par_1_74' title="bbox 2205 973 3961 1051">
     <span class='ocr_line' id='line_1_74' title="bbox 2205 973 3961 1051; baseline -0.004 -18"><span class='ocrx_word' id='word_1_585' title='bbox 2205 981 2458 1035; x_wconf 89' lang='grc' dir='ltr'>ἐνταῦθα.</span> <span class='ocrx_word' id='word_1_586' title='bbox 2488 983 3042 1051; x_wconf 83' lang='grc' dir='ltr'>Διαμαρτυρόμενος</span> <span class='ocrx_word' id='word_1_587' title='bbox 3075 977 3301 1043; x_wconf 82' lang='grc' dir='ltr'>αὐτοῖς,</span> <span class='ocrx_word' id='word_1_588' title='bbox 3329 975 3514 1046; x_wconf 78' lang='grc' dir='ltr'>φησίν.</span> <span class='ocrx_word' id='word_1_589' title='bbox 3547 975 3660 1027; x_wconf 76' lang='grc' dir='ltr'>Οὐκ</span> <span class='ocrx_word' id='word_1_590' title='bbox 3698 973 3776 1027; x_wconf 81' lang='grc' dir='ltr'>ἔτι</span> <span class='ocrx_word' id='word_1_591' title='bbox 3805 974 3891 1027; x_wconf 83' lang='grc' dir='ltr'>δι·-</span> <span class='ocrx_word' id='word_1_592' title='bbox 3950 994 3961 1003; x_wconf 89' lang='grc'>·</span> 
     </span>
    </p>
   </div>
   <div class='ocr_carea' id='block_1_75' title="bbox 2204 1060 3888 1139">
    <p class='ocr_par' dir='ltr' id='par_1_75' title="bbox 2204 1060 3888 1139">
     <span class='ocr_line' id='line_1_75' title="bbox 2204 1060 3888 1139; baseline -0.005 -18"><span class='ocrx_word' id='word_1_593' title='bbox 2204 1067 2417 1133; x_wconf 85' lang='grc' dir='ltr'>δάσκει,</span> <span class='ocrx_word' id='word_1_594' title='bbox 2480 1068 2616 1122; x_wconf 79' lang='grc' dir='ltr'>ἀλλὰ</span> <span class='ocrx_word' id='word_1_595' title='bbox 2671 1065 3126 1139; x_wconf 85' lang='grc' dir='ltr'>διαμαρτύρεται.</span> <span class='ocrx_word' id='word_1_596' title='bbox 3198 1061 3749 1129; x_wconf 79' lang='grc' dir='ltr'>Ἄντιτασσομένων</span> <span class='ocrx_word' id='word_1_597' title='bbox 3811 1060 3888 1113; x_wconf 83' lang='grc' dir='ltr'>δὲ</span> 
     </span>
    </p>
   </div>
   <div class='ocr_carea' id='block_1_76' title="bbox 2203 1147 3887 1226">
    <p class='ocr_par' dir='ltr' id='par_1_76' title="bbox 2203 1147 3887 1226">
     <span class='ocr_line' id='line_1_76' title="bbox 2203 1147 3887 1226; baseline -0.005 -18"><span class='ocrx_word' id='word_1_598' title='bbox 2203 1155 2434 1218; x_wconf 83' lang='grc' dir='ltr'>αὐτῶν,</span> <span class='ocrx_word' id='word_1_599' title='bbox 2471 1155 2638 1226; x_wconf 76' lang='grc' dir='ltr'>φησὶ,</span> <span class='ocrx_word' id='word_1_600' title='bbox 2672 1155 2771 1209; x_wconf 81' lang='grc' dir='ltr'>καὶ</span> <span class='ocrx_word' id='word_1_601' title='bbox 2799 1153 3368 1221; x_wconf 67' lang='grc' dir='ltr'>βλασφημούντων,</span> <span class='ocrx_word' id='word_1_602' title='bbox 3413 1147 3887 1216; x_wconf 78' lang='grc' dir='ltr'>ἐκτιναξάμενος</span> 
     </span>
    </p>
   </div>
   <div class='ocr_carea' id='block_1_77' title="bbox 2204 1232 3888 1310">
    <p class='ocr_par' dir='ltr' id='par_1_77' title="bbox 2204 1232 3888 1310">
     <span class='ocr_line' id='line_1_77' title="bbox 2204 1232 3888 1310; baseline -0.004 -18"><span class='ocrx_word' id='word_1_603' title='bbox 2204 1240 2277 1293; x_wconf 83' lang='grc' dir='ltr'>τὰ</span> <span class='ocrx_word' id='word_1_604' title='bbox 2329 1241 2531 1310; x_wconf 84' lang='grc' dir='ltr'>Ιμάτια</span> <span class='ocrx_word' id='word_1_605' title='bbox 2581 1237 2744 1294; x_wconf 83' lang='grc' dir='ltr'>εἷπε-</span> <span class='ocrx_word' id='word_1_606' title='bbox 2785 1239 2858 1294; x_wconf 84' lang='grc' dir='ltr'><em>Τὸ</em></span> <span class='ocrx_word' id='word_1_607' title='bbox 2901 1235 3044 1309; x_wconf 85' lang='grc' dir='ltr'>αἷμα</span> <span class='ocrx_word' id='word_1_608' title='bbox 3084 1235 3252 1306; x_wconf 82' lang='grc' dir='ltr'>ὑμῶν</span> <span class='ocrx_word' id='word_1_609' title='bbox 3279 1235 3376 1288; x_wconf 77' lang='grc' dir='ltr'>ἐπὶ</span> <span class='ocrx_word' id='word_1_610' title='bbox 3431 1234 3547 1302; x_wconf 77' lang='grc' dir='ltr'>τὴν</span> <span class='ocrx_word' id='word_1_611' title='bbox 3600 1232 3888 1301; x_wconf 63' lang='grc' dir='ltr'>κεφαλὴν</span> 
     </span>
    </p>
   </div>
   <div class='ocr_carea' id='block_1_78' title="bbox 2203 1320 3882 1396">
    <p class='ocr_par' dir='ltr' id='par_1_78' title="bbox 2203 1320 3882 1396">
     <span class='ocr_line' id='line_1_78' title="bbox 2203 1320 3882 1396; baseline -0.005 -14"><span class='ocrx_word' id='word_1_612' title='bbox 2203 1327 2392 1396; x_wconf 82' lang='grc' dir='ltr'>ὑμῶν.</span> <span class='ocrx_word' id='word_1_613' title='bbox 2422 1327 2593 1381; x_wconf 86' lang='grc' dir='ltr'>Τοῦτο</span> <span class='ocrx_word' id='word_1_614' title='bbox 2622 1331 2789 1392; x_wconf 85' lang='grc' dir='ltr'>ποιεῖ,</span> <span class='ocrx_word' id='word_1_615' title='bbox 2826 1326 2967 1379; x_wconf 82' lang='grc' dir='ltr'>ὥστε</span> <span class='ocrx_word' id='word_1_616' title='bbox 3011 1325 3084 1396; x_wconf 86' lang='grc' dir='ltr'>μὴ</span> <span class='ocrx_word' id='word_1_617' title='bbox 3134 1326 3339 1395; x_wconf 77' lang='grc' dir='ltr'>ῥήματι</span> <span class='ocrx_word' id='word_1_618' title='bbox 3381 1321 3562 1392; x_wconf 78' lang='grc' dir='ltr'>μόνον,</span> <span class='ocrx_word' id='word_1_619' title='bbox 3607 1320 3743 1373; x_wconf 77' lang='grc' dir='ltr'>ἀλλὰ</span> <span class='ocrx_word' id='word_1_620' title='bbox 3785 1321 3882 1375; x_wconf 81' lang='grc' dir='ltr'>καὶ</span> 
     </span>
    </p>
   </div>
   <div class='ocr_carea' id='block_1_79' title="bbox 2206 1408 3882 1487">
    <p class='ocr_par' dir='ltr' id='par_1_79' title="bbox 2206 1408 3882 1487">
     <span class='ocr_line' id='line_1_79' title="bbox 2206 1408 3882 1487; baseline -0.003 -20"><span class='ocrx_word' id='word_1_621' title='bbox 2206 1414 2489 1486; x_wconf 84' lang='grc' dir='ltr'>πράγματι</span> <span class='ocrx_word' id='word_1_622' title='bbox 2518 1415 2752 1487; x_wconf 81' lang='grc' dir='ltr'>φοϐῆσαι</span> <span class='ocrx_word' id='word_1_623' title='bbox 2772 1432 2785 1446; x_wconf 87' lang='grc'><strong>·</strong></span> <span class='ocrx_word' id='word_1_624' title='bbox 2811 1415 2906 1468; x_wconf 74' lang='grc' dir='ltr'>καὶ</span> <span class='ocrx_word' id='word_1_625' title='bbox 2929 1412 3285 1483; x_wconf 83' lang='grc' dir='ltr'>σφοδρότερον</span> <span class='ocrx_word' id='word_1_626' title='bbox 3310 1409 3639 1476; x_wconf 78' lang='grc' dir='ltr'>διαλέγεται,</span> <span class='ocrx_word' id='word_1_627' title='bbox 3664 1408 3759 1463; x_wconf 81' lang='grc' dir='ltr'>ἆτε</span> <span class='ocrx_word' id='word_1_628' title='bbox 3783 1408 3882 1462; x_wconf 78' lang='grc' dir='ltr'>καὶ</span> 
     </span>
    </p>
   </div>
   <div class='ocr_carea' id='block_1_80' title="bbox 2204 1496 3882 1570">
    <p class='ocr_par' dir='ltr' id='par_1_80' title="bbox 2204 1496 3882 1570">
     <span class='ocr_line' id='line_1_80' title="bbox 2204 1496 3882 1570; baseline -0.002 -15"><span class='ocrx_word' id='word_1_629' title='bbox 2204 1503 2434 1567; x_wconf 77' lang='grc' dir='ltr'>πολλοὺς</span> <span class='ocrx_word' id='word_1_630' title='bbox 2465 1506 2763 1566; x_wconf 78' lang='grc' dir='ltr'>πεπεικὼς.</span> <span class='ocrx_word' id='word_1_631' title='bbox 2795 1502 3061 1570; x_wconf 82' lang='grc' dir='ltr'>Καθαρός</span> <span class='ocrx_word' id='word_1_632' title='bbox 3090 1503 3225 1568; x_wconf 77' lang='grc' dir='ltr'>εἰμι,</span> <span class='ocrx_word' id='word_1_633' title='bbox 3254 1498 3440 1569; x_wconf 73' lang='grc' dir='ltr'>φησὶν,</span> <span class='ocrx_word' id='word_1_634' title='bbox 3461 1496 3606 1567; x_wconf 66' lang='grc' dir='ltr'>ἐγώ·</span> <span class='ocrx_word' id='word_1_635' title='bbox 3635 1497 3882 1551; x_wconf 83' lang='grc' dir='ltr'>ἀπὸτοῦ</span> 
     </span>
    </p>
   </div>
   <div class='ocr_carea' id='block_1_81' title="bbox 2201 1585 3883 1660">
    <p class='ocr_par' dir='ltr' id='par_1_81' title="bbox 2201 1585 3883 1660">
     <span class='ocr_line' id='line_1_81' title="bbox 2201 1585 3883 1660; baseline -0.005 -16"><span class='ocrx_word' id='word_1_636' title='bbox 2201 1593 2319 1647; x_wconf 88' lang='grc' dir='ltr'>νῦν</span> <span class='ocrx_word' id='word_1_637' title='bbox 2353 1594 2441 1658; x_wconf 81' lang='grc' dir='ltr'>εἰς</span> <span class='ocrx_word' id='word_1_638' title='bbox 2462 1593 2534 1647; x_wconf 86' lang='grc' dir='ltr'>τὰ</span> <span class='ocrx_word' id='word_1_639' title='bbox 2557 1592 2703 1659; x_wconf 79' lang='grc' dir='ltr'>ἔθνη</span> <span class='ocrx_word' id='word_1_640' title='bbox 2743 1591 3132 1660; x_wconf 82' lang='grc' dir='ltr'>πορεύσομαι.</span> <span class='ocrx_word' id='word_1_641' title='bbox 3166 1590 3310 1659; x_wconf 82' lang='grc' dir='ltr'>’Δρα</span> <span class='ocrx_word' id='word_1_642' title='bbox 3335 1587 3431 1641; x_wconf 77' lang='grc' dir='ltr'>καὶ</span> <span class='ocrx_word' id='word_1_643' title='bbox 3458 1587 3619 1656; x_wconf 84' lang='grc' dir='ltr'>ἡμεῖς</span> <span class='ocrx_word' id='word_1_644' title='bbox 3642 1585 3883 1638; x_wconf 81' lang='grc' dir='ltr'>ὑπεύθυ-</span> 
     </span>
    </p>
   </div>
   <div class='ocr_carea' id='block_1_82' title="bbox 2202 1672 3882 1749">
    <p class='ocr_par' dir='ltr' id='par_1_82' title="bbox 2202 1672 3882 1749">
     <span class='ocr_line' id='line_1_82' title="bbox 2202 1672 3882 1749; baseline -0.005 -16"><span class='ocrx_word' id='word_1_645' title='bbox 2202 1679 2281 1733; x_wconf 86' lang='grc' dir='ltr'>νοί</span> <span class='ocrx_word' id='word_1_646' title='bbox 2311 1682 2478 1749; x_wconf 89' lang='grc' dir='ltr'>ἐσμεν</span> <span class='ocrx_word' id='word_1_647' title='bbox 2509 1678 2604 1732; x_wconf 89' lang='grc' dir='ltr'>τοῦ</span> <span class='ocrx_word' id='word_1_648' title='bbox 2639 1679 2869 1748; x_wconf 81' lang='grc' dir='ltr'>αἵματος</span> <span class='ocrx_word' id='word_1_649' title='bbox 2891 1676 3000 1730; x_wconf 84' lang='grc' dir='ltr'>τῶν</span> <span class='ocrx_word' id='word_1_650' title='bbox 3029 1678 3160 1748; x_wconf 81' lang='grc' dir='ltr'>ἡμῖν</span> <span class='ocrx_word' id='word_1_651' title='bbox 3194 1672 3709 1745; x_wconf 77' lang='grc' dir='ltr'>ἐγκεχειρισμένων,</span> <span class='ocrx_word' id='word_1_652' title='bbox 3735 1673 3882 1742; x_wconf 87' lang='grc' dir='ltr'>ἀμε-</span> 
     </span>
    </p>
   </div>
   <div class='ocr_carea' id='block_1_83' title="bbox 2200 1762 3880 1834">
    <p class='ocr_par' dir='ltr' id='par_1_83' title="bbox 2200 1762 3880 1834">
     <span class='ocr_line' id='line_1_83' title="bbox 2200 1762 3880 1834; baseline -0.004 -15"><span class='ocrx_word' id='word_1_653' title='bbox 2200 1766 2418 1829; x_wconf 88' lang='grc' dir='ltr'>λοῦντες</span> <span class='ocrx_word' id='word_1_654' title='bbox 2441 1766 2642 1820; x_wconf 83' lang='grc' dir='ltr'>αὐτῶν.</span> <span class='ocrx_word' id='word_1_655' title='bbox 2670 1766 2835 1819; x_wconf 82' lang='grc' dir='ltr'>Ὥστε</span> <span class='ocrx_word' id='word_1_656' title='bbox 2858 1764 2949 1819; x_wconf 78' lang='grc' dir='ltr'>καὶ</span> <span class='ocrx_word' id='word_1_657' title='bbox 2975 1765 3103 1818; x_wconf 82' lang='grc' dir='ltr'>ὅταν</span> <span class='ocrx_word' id='word_1_658' title='bbox 3125 1763 3283 1834; x_wconf 79' lang='grc' dir='ltr'>λέγῃ,</span> <span class='ocrx_word' id='word_1_659' title='bbox 3311 1763 3381 1817; x_wconf 84' lang='grc' dir='ltr'>Τὸ</span> <span class='ocrx_word' id='word_1_660' title='bbox 3401 1762 3621 1816; x_wconf 79' lang='grc' dir='ltr'>λοιπὸν</span> <span class='ocrx_word' id='word_1_661' title='bbox 3646 1762 3880 1826; x_wconf 79' lang='grc' dir='ltr'>κόπους</span> 
     </span>
    </p>
   </div>
   <div class='ocr_carea' id='block_1_84' title="bbox 2196 1847 3876 1923">
    <p class='ocr_par' dir='ltr' id='par_1_84' title="bbox 2196 1847 3876 1923">
     <span class='ocr_line' id='line_1_84' title="bbox 2196 1847 3876 1923; baseline -0.004 -16"><span class='ocrx_word' id='word_1_662' title='bbox 2196 1872 2299 1923; x_wconf 92' lang='grc' dir='ltr'>μοι</span> <span class='ocrx_word' id='word_1_663' title='bbox 2326 1853 2541 1923; x_wconf 78' lang='grc' dir='ltr'>μηδείς</span> <span class='ocrx_word' id='word_1_664' title='bbox 2580 1853 2908 1923; x_wconf 81' lang='grc' dir='ltr'>παρεχέτω,</span> <span class='ocrx_word' id='word_1_665' title='bbox 2969 1852 3150 1920; x_wconf 79' lang='grc' dir='ltr'>φοϐῶν</span> <span class='ocrx_word' id='word_1_666' title='bbox 3190 1867 3357 1921; x_wconf 84' lang='grc' dir='ltr'>φησιν</span> <span class='ocrx_word' id='word_1_667' title='bbox 3380 1865 3394 1878; x_wconf 80' lang='grc'><em>”</em></span> <span class='ocrx_word' id='word_1_668' title='bbox 3450 1849 3512 1902; x_wconf 79' lang='grc' dir='ltr'>οὐ</span> <span class='ocrx_word' id='word_1_669' title='bbox 3549 1848 3657 1919; x_wconf 83' lang='grc' dir='ltr'>γὰρ</span> <span class='ocrx_word' id='word_1_670' title='bbox 3703 1847 3876 1913; x_wconf 73' lang='grc' dir='ltr'>οὕτως</span> 
     </span>
    </p>
   </div>
   <div class='ocr_carea' id='block_1_85' title="bbox 2199 1935 3876 2012">
    <p class='ocr_par' dir='ltr' id='par_1_85' title="bbox 2199 1935 3876 2012">
     <span class='ocr_line' id='line_1_85' title="bbox 2199 1935 3876 2012; baseline -0.005 -18"><span class='ocrx_word' id='word_1_671' title='bbox 2199 1942 2396 2004; x_wconf 79' lang='grc' dir='ltr'>αὐτοὺς</span> <span class='ocrx_word' id='word_1_672' title='bbox 2425 1940 2609 2011; x_wconf 84' lang='grc' dir='ltr'>ἐφόϐει</span> <span class='ocrx_word' id='word_1_673' title='bbox 2649 1942 2682 2011; x_wconf 80' lang='grc' dir='ltr'>ἡ</span> <span class='ocrx_word' id='word_1_674' title='bbox 2726 1940 2989 2012; x_wconf 87' lang='grc' dir='ltr'>τιμωρία,</span> <span class='ocrx_word' id='word_1_675' title='bbox 3023 1937 3097 2002; x_wconf 83' lang='grc' dir='ltr'>ὡς</span> <span class='ocrx_word' id='word_1_676' title='bbox 3128 1937 3319 1993; x_wconf 77' lang='grc' dir='ltr'>ἔδακνε</span> <span class='ocrx_word' id='word_1_677' title='bbox 3357 1936 3535 1989; x_wconf 87' lang='grc' dir='ltr'>τοῦτο.</span> <span class='ocrx_word' id='word_1_678' title='bbox 3572 1935 3682 1989; x_wconf 84' lang='lat' dir='ltr'><strong><em>Kal</em></strong></span> <span class='ocrx_word' id='word_1_679' title='bbox 3703 1952 3876 2005; x_wconf 78' lang='grc' dir='ltr'>μετω-</span> 
     </span>
    </p>
   </div>
   <div class='ocr_carea' id='block_1_86' title="bbox 2199 2021 3879 2097">
    <p class='ocr_par' dir='ltr' id='par_1_86' title="bbox 2199 2021 3879 2097">
     <span class='ocr_line' id='line_1_86' title="bbox 2199 2021 3879 2097; baseline -0.004 -16"><span class='ocrx_word' id='word_1_680' title='bbox 2199 2028 2306 2095; x_wconf 86' lang='grc' dir='ltr'>ϐὰς</span> <span class='ocrx_word' id='word_1_681' title='bbox 2328 2026 2577 2092; x_wconf 79' lang='grc' dir='ltr'>ἐκεῖθεν,</span> <span class='ocrx_word' id='word_1_682' title='bbox 2617 2022 2806 2097; x_wconf 80' lang='grc' dir='ltr'>ἦλθεν</span> <span class='ocrx_word' id='word_1_683' title='bbox 2832 2030 2920 2093; x_wconf 86' lang='grc' dir='ltr'>εὶς</span> <span class='ocrx_word' id='word_1_684' title='bbox 2947 2027 3143 2081; x_wconf 79' lang='grc' dir='ltr'><em>οὶκίαν</em></span> <span class='ocrx_word' id='word_1_685' title='bbox 3192 2024 3487 2079; x_wconf 89' lang='grc' dir='ltr'>Ἰούστου.</span> <span class='ocrx_word' id='word_1_686' title='bbox 3540 2021 3879 2075; x_wconf 79' lang='grc' dir='ltr'>Μεταϐαίνει</span> 
     </span>
    </p>
   </div>
   <div class='ocr_carea' id='block_1_87' title="bbox 2200 2109 3873 2187">
    <p class='ocr_par' dir='ltr' id='par_1_87' title="bbox 2200 2109 3873 2187">
     <span class='ocr_line' id='line_1_87' title="bbox 2200 2109 3873 2187; baseline -0.003 -18"><span class='ocrx_word' id='word_1_687' title='bbox 2200 2116 2523 2187; x_wconf 86' lang='grc' dir='ltr'>βουλόμενος</span> <span class='ocrx_word' id='word_1_688' title='bbox 2552 2116 2749 2178; x_wconf 79' lang='grc' dir='ltr'>αὐτοὺς</span> <span class='ocrx_word' id='word_1_689' title='bbox 2788 2116 2996 2181; x_wconf 85' lang='grc' dir='ltr'>πεῖσαι,</span> <span class='ocrx_word' id='word_1_690' title='bbox 3023 2114 3105 2167; x_wconf 83' lang='grc' dir='ltr'>ὅτι</span> <span class='ocrx_word' id='word_1_691' title='bbox 3153 2113 3291 2184; x_wconf 71' lang='grc' dir='ltr'>πρδς</span> <span class='ocrx_word' id='word_1_692' title='bbox 3321 2109 3393 2164; x_wconf 80' lang='grc' dir='ltr'>τὰ</span> <span class='ocrx_word' id='word_1_693' title='bbox 3427 2110 3555 2180; x_wconf 76' lang='grc' dir='ltr'>ἔθνη</span> <span class='ocrx_word' id='word_1_694' title='bbox 3591 2109 3873 2178; x_wconf 69' lang='grc' dir='ltr'>ἠπείγετο.</span> 
     </span>
    </p>
   </div>
   <div class='ocr_carea' id='block_1_88' title="bbox 2196 2194 3879 2273">
    <p class='ocr_par' dir='ltr' id='par_1_88' title="bbox 2196 2194 3879 2273">
     <span class='ocr_line' id='line_1_88' title="bbox 2196 2194 3879 2273; baseline -0.007 -15"><span class='ocrx_word' id='word_1_695' title='bbox 2196 2204 2466 2273; x_wconf 80' lang='grc' dir='ltr'>Κρίσπος</span> <span class='ocrx_word' id='word_1_696' title='bbox 2501 2202 2571 2257; x_wconf 82' lang='grc' dir='ltr'>δὲ</span> <span class='ocrx_word' id='word_1_697' title='bbox 2604 2206 2637 2257; x_wconf 86' lang='grc' dir='ltr'>ό</span> <span class='ocrx_word' id='word_1_698' title='bbox 2662 2202 3154 2272; x_wconf 79' lang='grc' dir='ltr'>ἀρχισυνάγωγος</span> <span class='ocrx_word' id='word_1_699' title='bbox 3175 2239 3190 2263; x_wconf 91' lang='grc'>,</span> <span class='ocrx_word' id='word_1_700' title='bbox 3218 2199 3403 2270; x_wconf 70' lang='grc' dir='ltr'>φησὶν,</span> <span class='ocrx_word' id='word_1_701' title='bbox 3429 2197 3756 2251; x_wconf 82' lang='grc' dir='ltr'>ἐπίστευσε</span> <span class='ocrx_word' id='word_1_702' title='bbox 3792 2194 3879 2259; x_wconf 79' lang='grc' dir='ltr'>τῷ</span> 
     </span>
    </p>
   </div>
   <div class='ocr_carea' id='block_1_89' title="bbox 2196 2281 3879 2358">
    <p class='ocr_par' dir='ltr' id='par_1_89' title="bbox 2196 2281 3879 2358">
     <span class='ocr_line' id='line_1_89' title="bbox 2196 2281 3879 2358; baseline -0.007 -13"><span class='ocrx_word' id='word_1_703' title='bbox 2196 2291 2391 2358; x_wconf 85' lang='grc' dir='ltr'>Κυρίῳ</span> <span class='ocrx_word' id='word_1_704' title='bbox 2434 2290 2557 2344; x_wconf 85' lang='grc' dir='ltr'>σὺν</span> <span class='ocrx_word' id='word_1_705' title='bbox 2595 2290 2717 2357; x_wconf 83' lang='grc' dir='ltr'>ὅλῳ</span> <span class='ocrx_word' id='word_1_706' title='bbox 2743 2287 2822 2355; x_wconf 84' lang='grc' dir='ltr'>τῷ</span> <span class='ocrx_word' id='word_1_707' title='bbox 2872 2288 3015 2356; x_wconf 75' lang='grc' dir='ltr'>οἴκῳ</span> <span class='ocrx_word' id='word_1_708' title='bbox 3058 2285 3265 2342; x_wconf 80' lang='grc' dir='ltr'>αὐτοῦ.</span> <span class='ocrx_word' id='word_1_709' title='bbox 3304 2286 3445 2356; x_wconf 87' lang='grc' dir='ltr'>Ὅρα</span> <span class='ocrx_word' id='word_1_710' title='bbox 3482 2283 3608 2346; x_wconf 81' lang='grc' dir='ltr'>τοὺς</span> <span class='ocrx_word' id='word_1_711' title='bbox 3646 2281 3879 2345; x_wconf 75' lang='grc' dir='ltr'>πιστοὺς</span> 
     </span>
    </p>
   </div>
   <div class='ocr_carea' id='block_1_90' title="bbox 2196 2368 3875 2449">
    <p class='ocr_par' dir='ltr' id='par_1_90' title="bbox 2196 2368 3875 2449">
     <span class='ocr_line' id='line_1_90' title="bbox 2196 2368 3875 2449; baseline -0.006 -18"><span class='ocrx_word' id='word_1_712' title='bbox 2196 2377 2316 2430; x_wconf 87' lang='grc' dir='ltr'>τότε</span> <span class='ocrx_word' id='word_1_713' title='bbox 2345 2376 2483 2449; x_wconf 84' lang='grc' dir='ltr'>μετὰ</span> <span class='ocrx_word' id='word_1_714' title='bbox 2509 2377 2605 2449; x_wconf 83' lang='grc' dir='ltr'>τῆς</span> <span class='ocrx_word' id='word_1_715' title='bbox 2632 2376 2809 2440; x_wconf 84' lang='grc' dir='ltr'>οἰκίας</span> <span class='ocrx_word' id='word_1_716' title='bbox 2831 2375 2988 2429; x_wconf 86' lang='grc' dir='ltr'>τοῦτο</span> <span class='ocrx_word' id='word_1_717' title='bbox 3014 2373 3304 2434; x_wconf 80' lang='grc' dir='ltr'>ποιοῦντας</span> <span class='ocrx_word' id='word_1_718' title='bbox 3322 2370 3637 2441; x_wconf 85' lang='grc' dir='ltr'>ὁλοκλήρου.</span> <span class='ocrx_word' id='word_1_719' title='bbox 3666 2368 3875 2421; x_wconf 84' lang='grc' dir='ltr'>Τούτου</span> 
     </span>
    </p>
   </div>
   <div class='ocr_carea' id='block_1_91' title="bbox 2199 2457 3876 2536">
    <p class='ocr_par' dir='ltr' id='par_1_91' title="bbox 2199 2457 3876 2536">
     <span class='ocr_line' id='line_1_91' title="bbox 2199 2457 3876 2536; baseline -0.005 -18"><span class='ocrx_word' id='word_1_720' title='bbox 2199 2464 2257 2518; x_wconf 81' lang='grc' dir='ltr'>δὲ</span> <span class='ocrx_word' id='word_1_721' title='bbox 2289 2464 2606 2536; x_wconf 85' lang='grc' dir='ltr'>γενομένου,</span> <span class='ocrx_word' id='word_1_722' title='bbox 2647 2463 2850 2527; x_wconf 81' lang='grc' dir='ltr'>εὐθέως</span> <span class='ocrx_word' id='word_1_723' title='bbox 2882 2464 2978 2516; x_wconf 77' lang='grc' dir='ltr'>καὶ</span> <span class='ocrx_word' id='word_1_724' title='bbox 3018 2462 3198 2532; x_wconf 71' lang='grc' dir='ltr'>ἕτεροι</span> <span class='ocrx_word' id='word_1_725' title='bbox 3246 2458 3431 2512; x_wconf 74' lang='grc' dir='ltr'>πολλοὶ</span> <span class='ocrx_word' id='word_1_726' title='bbox 3477 2457 3876 2520; x_wconf 80' lang='grc' dir='ltr'>πιστεύσαντες</span> 
     </span>
    </p>
   </div>
   <div class='ocr_carea' id='block_1_92' title="bbox 2196 2545 3879 2622">
    <p class='ocr_par' dir='ltr' id='par_1_92' title="bbox 2196 2545 3879 2622">
     <span class='ocr_line' id='line_1_92' title="bbox 2196 2545 3879 2622; baseline -0.005 -17"><span class='ocrx_word' id='word_1_727' title='bbox 2196 2551 2622 2622; x_wconf 87' lang='grc' dir='ltr'>ἐϐαπτίσθησαν.</span> <span class='ocrx_word' id='word_1_728' title='bbox 2648 2550 2852 2604; x_wconf 91' lang='grc' dir='ltr'>Τοῦτον</span> <span class='ocrx_word' id='word_1_729' title='bbox 2880 2550 3131 2620; x_wconf 82' lang='grc' dir='ltr'>Κρίσπον</span> <span class='ocrx_word' id='word_1_730' title='bbox 3169 2547 3318 2615; x_wconf 82' lang='grc' dir='ltr'>λέγει</span> <span class='ocrx_word' id='word_1_731' title='bbox 3350 2546 3440 2600; x_wconf 81' lang='grc' dir='ltr'>τὸν</span> <span class='ocrx_word' id='word_1_732' title='bbox 3494 2545 3879 2617; x_wconf 87' lang='grc' dir='ltr'>ἀρχισυνάγω-</span> 
     </span>
    </p>
   </div>
   <div class='ocr_carea' id='block_1_93' title="bbox 2194 2630 3872 2711">
    <p class='ocr_par' dir='ltr' id='par_1_93' title="bbox 2194 2630 3872 2711">
     <span class='ocr_line' id='line_1_93' title="bbox 2194 2630 3872 2711; baseline -0.007 -17"><span class='ocrx_word' id='word_1_733' title='bbox 2194 2657 2311 2710; x_wconf 88' lang='grc' dir='ltr'>γον,</span> <span class='ocrx_word' id='word_1_734' title='bbox 2352 2640 2479 2711; x_wconf 72' lang='grc' dir='ltr'>περὶ</span> <span class='ocrx_word' id='word_1_735' title='bbox 2501 2631 2563 2693; x_wconf 79' lang='grc' dir='ltr'>οὗ</span> <span class='ocrx_word' id='word_1_736' title='bbox 2591 2655 2723 2709; x_wconf 87' lang='grc' dir='ltr'>φησι</span> <span class='ocrx_word' id='word_1_737' title='bbox 2751 2638 2979 2709; x_wconf 85' lang='grc' dir='ltr'>γράφων</span> <span class='ocrx_word' id='word_1_738' title='bbox 2997 2653 3011 2667; x_wconf 76' lang='grc'><strong><em>⁸</em></strong></span> <span class='ocrx_word' id='word_1_739' title='bbox 3058 2634 3289 2689; x_wconf 80' lang='grc' dir='ltr'>Οὐδένα</span> <span class='ocrx_word' id='word_1_740' title='bbox 3333 2634 3529 2687; x_wconf 83' lang='grc' dir='ltr'><em>ἄλλον</em></span> <span class='ocrx_word' id='word_1_741' title='bbox 3550 2630 3872 2695; x_wconf 84' lang='grc' dir='ltr'>ἐϐάπτισα,</span> 
     </span>
    </p>
   </div>
   <div class='ocr_carea' id='block_1_94' title="bbox 2193 2719 3879 2799">
    <p class='ocr_par' dir='ltr' id='par_1_94' title="bbox 2193 2719 3879 2799">
     <span class='ocr_line' id='line_1_94' title="bbox 2193 2719 3879 2799; baseline -0.007 -17"><span class='ocrx_word' id='word_1_742' title='bbox 2193 2727 2355 2799; x_wconf 83' lang='grc' dir='ltr'>είμὴ</span> <span class='ocrx_word' id='word_1_743' title='bbox 2405 2728 2681 2797; x_wconf 89' lang='grc' dir='ltr'>Κρίσπον</span> <span class='ocrx_word' id='word_1_744' title='bbox 2716 2724 2816 2779; x_wconf 80' lang='grc' dir='ltr'>καί</span> <span class='ocrx_word' id='word_1_745' title='bbox 2863 2724 3067 2781; x_wconf 86' lang='grc' dir='ltr'>Γάϊον.</span> <span class='ocrx_word' id='word_1_746' title='bbox 3111 2720 3279 2793; x_wconf 80' lang='grc' dir='ltr'>Οἶμαι</span> <span class='ocrx_word' id='word_1_747' title='bbox 3317 2720 3373 2774; x_wconf 82' lang='grc' dir='ltr'>δὲ</span> <span class='ocrx_word' id='word_1_748' title='bbox 3412 2719 3602 2774; x_wconf 89' lang='grc' dir='ltr'>τοῦτον</span> <span class='ocrx_word' id='word_1_749' title='bbox 3635 2719 3731 2772; x_wconf 75' lang='grc' dir='ltr'>καὶ</span> <span class='ocrx_word' id='word_1_750' title='bbox 3760 2719 3879 2772; x_wconf 82' lang='grc' dir='ltr'>Σω-</span> 
     </span>
    </p>
   </div>
   <div class='ocr_carea' id='block_1_95' title="bbox 2196 2801 3876 2884">
    <p class='ocr_par' dir='ltr' id='par_1_95' title="bbox 2196 2801 3876 2884">
     <span class='ocr_line' id='line_1_95' title="bbox 2196 2801 3876 2884; baseline -0.007 -16"><span class='ocrx_word' id='word_1_751' title='bbox 2196 2814 2391 2884; x_wconf 89' lang='grc' dir='ltr'>σθένην</span> <span class='ocrx_word' id='word_1_752' title='bbox 2418 2813 2691 2884; x_wconf 86' lang='grc' dir='ltr'>λέγεσθαι,</span> <span class='ocrx_word' id='word_1_753' title='bbox 2730 2811 2789 2876; x_wconf 82' lang='grc' dir='ltr'>ὃς</span> <span class='ocrx_word' id='word_1_754' title='bbox 2810 2811 3064 2865; x_wconf 81' lang='grc' dir='ltr'>τοσοῦτον</span> <span class='ocrx_word' id='word_1_755' title='bbox 3102 2809 3242 2881; x_wconf 82' lang='grc' dir='ltr'>ἀνὴρ</span> <span class='ocrx_word' id='word_1_756' title='bbox 3273 2806 3462 2870; x_wconf 75' lang='grc' dir='ltr'>πιστὸς</span> <span class='ocrx_word' id='word_1_757' title='bbox 3490 2801 3578 2877; x_wconf 79' lang='grc' dir='ltr'>ἦν,</span> <span class='ocrx_word' id='word_1_758' title='bbox 3611 2804 3755 2859; x_wconf 84' lang='grc' dir='ltr'>ὥστε</span> <span class='ocrx_word' id='word_1_759' title='bbox 3777 2807 3876 2859; x_wconf 81' lang='grc' dir='ltr'>καὶ</span> 
     </span>
    </p>
   </div>
   <div class='ocr_carea' id='block_1_96' title="bbox 2192 2891 3871 2971">
    <p class='ocr_par' dir='ltr' id='par_1_96' title="bbox 2192 2891 3871 2971">
     <span class='ocr_line' id='line_1_96' title="bbox 2192 2891 3871 2971; baseline -0.007 -14"><span class='ocrx_word' id='word_1_760' title='bbox 2192 2902 2491 2957; x_wconf 85' lang='grc' dir='ltr'>τύπτεσθαι</span> <span class='ocrx_word' id='word_1_761' title='bbox 2520 2901 2615 2955; x_wconf 80' lang='grc' dir='ltr'>καὶ</span> <span class='ocrx_word' id='word_1_762' title='bbox 2640 2901 2894 2971; x_wconf 89' lang='grc' dir='ltr'>παρεῖναι</span> <span class='ocrx_word' id='word_1_763' title='bbox 2923 2900 3015 2952; x_wconf 75' lang='grc' dir='ltr'>ἀεὶ</span> <span class='ocrx_word' id='word_1_764' title='bbox 3041 2896 3119 2969; x_wconf 85' lang='grc' dir='ltr'>τῷ</span> <span class='ocrx_word' id='word_1_765' title='bbox 3145 2896 3364 2966; x_wconf 78' lang='grc' dir='ltr'>Παύλῳ.</span> <span class='ocrx_word' id='word_1_766' title='bbox 3397 2891 3547 2952; x_wconf 81' lang='grc' dir='ltr'>Εἷπε</span> <span class='ocrx_word' id='word_1_767' title='bbox 3579 2893 3668 2959; x_wconf 81' lang='grc' dir='ltr'>δὲ,</span> <span class='ocrx_word' id='word_1_768' title='bbox 3709 2893 3871 2964; x_wconf 78' lang='grc' dir='ltr'>φησὶ,</span> 
     </span>
    </p>
   </div>
   <div class='ocr_carea' id='block_1_97' title="bbox 2193 2980 3876 3057">
    <p class='ocr_par' dir='ltr' id='par_1_97' title="bbox 2193 2980 3876 3057">
     <span class='ocr_line' id='line_1_97' title="bbox 2193 2980 3876 3057; baseline -0.004 -14"><span class='ocrx_word' id='word_1_769' title='bbox 2193 2991 2227 3043; x_wconf 89' lang='grc' dir='ltr'>ό</span> <span class='ocrx_word' id='word_1_770' title='bbox 2253 2990 2466 3057; x_wconf 85' lang='grc' dir='ltr'><em>Κύριος</em></span> <span class='ocrx_word' id='word_1_771' title='bbox 2489 2988 2562 3041; x_wconf 89' lang='grc' dir='ltr'>δι’</span> <span class='ocrx_word' id='word_1_772' title='bbox 2593 2986 2887 3057; x_wconf 78' lang='grc' dir='ltr'>ὁράματος</span> <span class='ocrx_word' id='word_1_773' title='bbox 2914 2984 2994 3050; x_wconf 87' lang='grc' dir='ltr'>τῷ</span> <span class='ocrx_word' id='word_1_774' title='bbox 3019 2985 3236 3050; x_wconf 84' lang='grc' dir='ltr'><em>Παύλῳ</em></span> <span class='ocrx_word' id='word_1_775' title='bbox 3258 2988 3280 3016; x_wconf 69' lang='grc' dir='ltr'>ε</span> <span class='ocrx_word' id='word_1_776' title='bbox 3303 3000 3317 3014; x_wconf 77' lang='grc' dir='ltr'><strong>ο</strong></span> <span class='ocrx_word' id='word_1_777' title='bbox 3342 2982 3440 3049; x_wconf 79' lang='grc' dir='ltr'>Μὴ</span> <span class='ocrx_word' id='word_1_778' title='bbox 3464 2980 3676 3052; x_wconf 68' lang='grc' dir='ltr'>φοϐοῦ,</span> <span class='ocrx_word' id='word_1_779' title='bbox 3707 2981 3876 3036; x_wconf 80' lang='grc' dir='ltr'><em>ἀλλὰ</em></span> 
     </span>
    </p>
   </div>
   <div class='ocr_carea' id='block_1_98' title="bbox 2190 3067 3875 3144">
    <p class='ocr_par' dir='ltr' id='par_1_98' title="bbox 2190 3067 3875 3144">
     <span class='ocr_line' id='line_1_98' title="bbox 2190 3067 3875 3144; baseline -0.006 -14"><span class='ocrx_word' id='word_1_780' title='bbox 2190 3075 2386 3132; x_wconf 81' lang='grc' dir='ltr'>λάλει.</span> <span class='ocrx_word' id='word_1_781' title='bbox 2428 3074 2527 3128; x_wconf 90' lang='grc' dir='ltr'>Διά</span> <span class='ocrx_word' id='word_1_782' title='bbox 2564 3074 2721 3128; x_wconf 89' lang='grc' dir='ltr'>τοῦτο</span> <span class='ocrx_word' id='word_1_783' title='bbox 2765 3073 2931 3127; x_wconf 83' lang='grc' dir='ltr'>πολὺν</span> <span class='ocrx_word' id='word_1_784' title='bbox 2962 3072 3154 3144; x_wconf 80' lang='grc' dir='ltr'>χρόνον</span> <span class='ocrx_word' id='word_1_785' title='bbox 3183 3071 3335 3141; x_wconf 86' lang='grc' dir='ltr'>μένει</span> <span class='ocrx_word' id='word_1_786' title='bbox 3376 3071 3523 3124; x_wconf 84' lang='grc' dir='ltr'>ἐκεῖ·</span> <span class='ocrx_word' id='word_1_787' title='bbox 3553 3067 3738 3122; x_wconf 74' lang='grc' dir='ltr'>ἔπειθε</span> <span class='ocrx_word' id='word_1_788' title='bbox 3771 3068 3875 3139; x_wconf 77' lang='grc' dir='ltr'>μὲν</span> 
     </span>
    </p>
   </div>
   <div class='ocr_carea' id='block_1_99' title="bbox 2192 3155 3873 3236">
    <p class='ocr_par' dir='ltr' id='par_1_99' title="bbox 2192 3155 3873 3236">
     <span class='ocr_line' id='line_1_99' title="bbox 2192 3155 3873 3236; baseline -0.007 -17"><span class='ocrx_word' id='word_1_789' title='bbox 2192 3163 2301 3236; x_wconf 82' lang='grc' dir='ltr'>γὰρ</span> <span class='ocrx_word' id='word_1_790' title='bbox 2325 3164 2488 3218; x_wconf 74' lang='grc' dir='ltr'>αὐτὸν</span> <span class='ocrx_word' id='word_1_791' title='bbox 2518 3164 2612 3218; x_wconf 70' lang='grc' dir='ltr'>καὶ</span> <span class='ocrx_word' id='word_1_792' title='bbox 2656 3162 2717 3216; x_wconf 79' lang='grc' dir='ltr'>τὸ</span> <span class='ocrx_word' id='word_1_793' title='bbox 2742 3161 2965 3232; x_wconf 84' lang='grc' dir='ltr'>πλῆθος,</span> <span class='ocrx_word' id='word_1_794' title='bbox 3002 3162 3034 3233; x_wconf 80' lang='grc' dir='ltr'>ἡ</span> <span class='ocrx_word' id='word_1_795' title='bbox 3085 3161 3141 3213; x_wconf 81' lang='grc' dir='ltr'>δὲ</span> <span class='ocrx_word' id='word_1_796' title='bbox 3180 3159 3454 3222; x_wconf 86' lang='grc' dir='ltr'>οἰκείωσις</span> <span class='ocrx_word' id='word_1_797' title='bbox 3502 3156 3597 3210; x_wconf 88' lang='grc' dir='ltr'>τοῦ</span> <span class='ocrx_word' id='word_1_798' title='bbox 3628 3155 3873 3226; x_wconf 76' lang='grc' dir='ltr'>Χριστοῦ</span> 
     </span>
    </p>
   </div>
   <div class='ocr_carea' id='block_1_100' title="bbox 2192 3243 3874 3321">
    <p class='ocr_par' dir='ltr' id='par_1_100' title="bbox 2192 3243 3874 3321">
     <span class='ocr_line' id='line_1_100' title="bbox 2192 3243 3874 3321; baseline -0.005 -16"><span class='ocrx_word' id='word_1_799' title='bbox 2192 3252 2375 3307; x_wconf 82' lang='grc' dir='ltr'>πλέον.</span> <span class='ocrx_word' id='word_1_800' title='bbox 2436 3250 2655 3316; x_wconf 78' lang='grc' dir='ltr'>Μείζων</span> <span class='ocrx_word' id='word_1_801' title='bbox 2675 3250 2783 3321; x_wconf 81' lang='grc' dir='ltr'>γὰρ</span> <span class='ocrx_word' id='word_1_802' title='bbox 2810 3251 2839 3304; x_wconf 87' lang='grc' dir='ltr'><strong>ὁ</strong></span> <span class='ocrx_word' id='word_1_803' title='bbox 2873 3249 3116 3311; x_wconf 87' lang='grc' dir='ltr'>κίνδυνος</span> <span class='ocrx_word' id='word_1_804' title='bbox 3156 3247 3372 3315; x_wconf 78' lang='grc' dir='ltr'>ἐγένετο</span> <span class='ocrx_word' id='word_1_805' title='bbox 3413 3244 3599 3299; x_wconf 84' lang='grc' dir='ltr'>λοιπὸν</span> <span class='ocrx_word' id='word_1_806' title='bbox 3632 3244 3726 3297; x_wconf 75' lang='grc' dir='ltr'>καὶ</span> <span class='ocrx_word' id='word_1_807' title='bbox 3757 3243 3874 3296; x_wconf 91' lang='grc' dir='ltr'>τῶν</span> 
     </span>
    </p>
   </div>
   <div class='ocr_carea' id='block_1_101' title="bbox 2192 3331 3870 3406">
    <p class='ocr_par' dir='ltr' id='par_1_101' title="bbox 2192 3331 3870 3406">
     <span class='ocr_line' id='line_1_101' title="bbox 2192 3331 3870 3406; baseline -0.005 -13"><span class='ocrx_word' id='word_1_808' title='bbox 2192 3340 2456 3394; x_wconf 83' lang='grc' dir='ltr'>πλειόνων</span> <span class='ocrx_word' id='word_1_809' title='bbox 2510 3337 2878 3392; x_wconf 73' lang='grc' dir='ltr'>πιστευόντων</span> <span class='ocrx_word' id='word_1_810' title='bbox 2936 3338 3032 3389; x_wconf 56' lang='grc' dir='ltr'>καὶ⁵</span> <span class='ocrx_word' id='word_1_811' title='bbox 3082 3335 3175 3388; x_wconf 79' lang='grc' dir='ltr'>τοῦ</span> <span class='ocrx_word' id='word_1_812' title='bbox 3230 3331 3705 3406; x_wconf 85' lang='grc' dir='ltr'>ἀρχισυναγώγου.</span> <span class='ocrx_word' id='word_1_813' title='bbox 3768 3332 3870 3400; x_wconf 75' lang='grc' dir='ltr'>Μὴ</span> 
     </span>
    </p>
   </div>
   <div class='ocr_carea' id='block_1_102' title="bbox 2190 3420 3870 3499">
    <p class='ocr_par' dir='ltr' id='par_1_102' title="bbox 2190 3420 3870 3499">
     <span class='ocr_line' id='line_1_102' title="bbox 2190 3420 3870 3499; baseline -0.006 -16"><span class='ocrx_word' id='word_1_814' title='bbox 2190 3428 2399 3499; x_wconf 71' lang='grc' dir='ltr'>φοϐοῦ,</span> <span class='ocrx_word' id='word_1_815' title='bbox 2458 3428 2611 3499; x_wconf 85' lang='grc' dir='ltr'>φησί.</span> <span class='ocrx_word' id='word_1_816' title='bbox 2676 3424 2847 3481; x_wconf 84' lang='grc' dir='ltr'>Τοῦτο</span> <span class='ocrx_word' id='word_1_817' title='bbox 2890 3423 3072 3479; x_wconf 80' lang='grc' dir='ltr'>ἱκανὸν</span> <span class='ocrx_word' id='word_1_818' title='bbox 3120 3424 3283 3478; x_wconf 77' lang='grc' dir='ltr'>αὐτὸν</span> <span class='ocrx_word' id='word_1_819' title='bbox 3333 3420 3718 3490; x_wconf 83' lang='grc' dir='ltr'>διαναστῆσαι,</span> <span class='ocrx_word' id='word_1_820' title='bbox 3784 3422 3870 3473; x_wconf 84' lang='grc' dir='ltr'>ὅτι</span> 
     </span>
    </p>
   </div>
   <div class='ocr_carea' id='block_1_103' title="bbox 2189 3507 3870 3588">
    <p class='ocr_par' dir='ltr' id='par_1_103' title="bbox 2189 3507 3870 3588">
     <span class='ocr_line' id='line_1_103' title="bbox 2189 3507 3870 3588; baseline -0.006 -19"><span class='ocrx_word' id='word_1_821' title='bbox 2189 3515 2425 3588; x_wconf 65' lang='grc' dir='ltr'>⁴ίγλέγχθτι</span> <span class='ocrx_word' id='word_1_822' title='bbox 2454 3514 2840 3587; x_wconf 83' lang='grc' dir='ltr'>φοϐούμενοςῆ</span> <span class='ocrx_word' id='word_1_823' title='bbox 2877 3513 2977 3566; x_wconf 79' lang='grc' dir='ltr'>οὐκ</span> <span class='ocrx_word' id='word_1_824' title='bbox 3002 3510 3242 3582; x_wconf 73' lang='grc' dir='ltr'>ἠλέγχθη</span> <span class='ocrx_word' id='word_1_825' title='bbox 3268 3509 3387 3581; x_wconf 80' lang='grc' dir='ltr'>μὲν,</span> <span class='ocrx_word' id='word_1_826' title='bbox 3416 3507 3530 3562; x_wconf 78' lang='grc' dir='ltr'>ἀλλ’</span> <span class='ocrx_word' id='word_1_827' title='bbox 3553 3507 3695 3561; x_wconf 78' lang='grc' dir='ltr'>ὥστε</span> <span class='ocrx_word' id='word_1_828' title='bbox 3729 3508 3870 3577; x_wconf 74' lang='grc' dir='ltr'>μηδὲ</span> 
     </span>
    </p>
   </div>
   <div class='ocr_carea' id='block_1_104' title="bbox 2187 3597 3870 3674">
    <p class='ocr_par' dir='ltr' id='par_1_104' title="bbox 2187 3597 3870 3674">
     <span class='ocr_line' id='line_1_104' title="bbox 2187 3597 3870 3674; baseline -0.005 -17"><span class='ocrx_word' id='word_1_829' title='bbox 2187 3603 2344 3657; x_wconf 88' lang='grc' dir='ltr'>τοῦτο</span> <span class='ocrx_word' id='word_1_830' title='bbox 2371 3604 2562 3658; x_wconf 80' lang='grc' dir='ltr'>παθεῖν</span> <span class='ocrx_word' id='word_1_831' title='bbox 2581 3643 2594 3664; x_wconf 90' lang='grc'>,</span> <span class='ocrx_word' id='word_1_832' title='bbox 2625 3600 3126 3674; x_wconf 73' lang='grc' dir='ltr'>παραθαρῤύνεται.</span> <span class='ocrx_word' id='word_1_833' title='bbox 3157 3600 3232 3651; x_wconf 84' lang='grc' dir='ltr'>Οὐ</span> <span class='ocrx_word' id='word_1_834' title='bbox 3252 3597 3358 3669; x_wconf 82' lang='grc' dir='ltr'>γὰρ</span> <span class='ocrx_word' id='word_1_835' title='bbox 3392 3597 3480 3651; x_wconf 75' lang='grc' dir='ltr'>ἀεὶ</span> <span class='ocrx_word' id='word_1_836' title='bbox 3527 3597 3727 3658; x_wconf 78' lang='grc' dir='ltr'>αὐτοὺς</span> <span class='ocrx_word' id='word_1_837' title='bbox 3758 3597 3870 3649; x_wconf 75' lang='grc' dir='ltr'>πά-</span> 
     </span>
    </p>
   </div>
   <div class='ocr_carea' id='block_1_105' title="bbox 2192 3681 3872 3761">
    <p class='ocr_par' dir='ltr' id='par_1_105' title="bbox 2192 3681 3872 3761">
     <span class='ocr_line' id='line_1_105' title="bbox 2192 3681 3872 3761; baseline -0.006 -17"><span class='ocrx_word' id='word_1_838' title='bbox 2192 3707 2344 3761; x_wconf 81' lang='grc' dir='ltr'>σχειν</span> <span class='ocrx_word' id='word_1_839' title='bbox 2372 3691 2459 3743; x_wconf 84' lang='grc' dir='ltr'>εῐα</span> <span class='ocrx_word' id='word_1_840' title='bbox 2476 3689 2682 3753; x_wconf 85' lang='grc' dir='ltr'>κακῶς,</span> <span class='ocrx_word' id='word_1_841' title='bbox 2712 3688 2852 3741; x_wconf 83' lang='grc' dir='ltr'>ὥστε</span> <span class='ocrx_word' id='word_1_842' title='bbox 2872 3686 2946 3758; x_wconf 83' lang='grc' dir='ltr'>μὴ</span> <span class='ocrx_word' id='word_1_843' title='bbox 2965 3684 3381 3755; x_wconf 84' lang='grc' dir='ltr'>ἀσθενεστέρους</span> <span class='ocrx_word' id='word_1_844' title='bbox 3402 3681 3670 3751; x_wconf 82' lang='grc' dir='ltr'>γενέσθαι.</span> <span class='ocrx_word' id='word_1_845' title='bbox 3698 3682 3872 3735; x_wconf 79' lang='grc' dir='ltr'>Οὐδὲν</span> 
     </span>
    </p>
   </div>
   <div class='ocr_carea' id='block_1_106' title="bbox 2188 3768 3872 3849">
    <p class='ocr_par' dir='ltr' id='par_1_106' title="bbox 2188 3768 3872 3849">
     <span class='ocr_line' id='line_1_106' title="bbox 2188 3768 3872 3849; baseline -0.007 -17"><span class='ocrx_word' id='word_1_846' title='bbox 2188 3777 2477 3849; x_wconf 82' lang='grc' dir='ltr'>γὰροῦτως</span> <span class='ocrx_word' id='word_1_847' title='bbox 2495 3775 2782 3831; x_wconf 75' lang='grc' dir='ltr'>ἐλύπειτὺν</span> <span class='ocrx_word' id='word_1_848' title='bbox 2801 3773 3036 3837; x_wconf 80' lang='grc' dir='ltr'>Παῦλον,</span> <span class='ocrx_word' id='word_1_849' title='bbox 3062 3773 3135 3836; x_wconf 84' lang='grc' dir='ltr'>ὡς</span> <span class='ocrx_word' id='word_1_850' title='bbox 3146 3773 3195 3825; x_wconf 85' lang='grc' dir='ltr'>οἰ</span> <span class='ocrx_word' id='word_1_851' title='bbox 3214 3769 3583 3833; x_wconf 87' lang='grc' dir='ltr'>ἀπειθοῦντες,</span> <span class='ocrx_word' id='word_1_852' title='bbox 3598 3768 3674 3832; x_wconf 84' lang='grc' dir='ltr'>ὼς</span> <span class='ocrx_word' id='word_1_853' title='bbox 3701 3770 3751 3821; x_wconf 80' lang='grc' dir='ltr'>οί</span> <span class='ocrx_word' id='word_1_854' title='bbox 3772 3770 3872 3822; x_wconf 86' lang='grc' dir='ltr'>ἀν-</span> 
     </span>
    </p>
   </div>
   <div class='ocr_carea' id='block_1_107' title="bbox 2185 3855 3871 3935">
    <p class='ocr_par' dir='ltr' id='par_1_107' title="bbox 2185 3855 3871 3935">
     <span class='ocr_line' id='line_1_107' title="bbox 2185 3855 3871 3935; baseline -0.006 -16"><span class='ocrx_word' id='word_1_855' title='bbox 2185 3865 2581 3935; x_wconf 83' lang='grc' dir='ltr'>τιτασσόμενοι.</span> <span class='ocrx_word' id='word_1_856' title='bbox 2628 3861 2798 3916; x_wconf 88' lang='grc' dir='ltr'>Τοῦτο</span> <span class='ocrx_word' id='word_1_857' title='bbox 2813 3861 2907 3916; x_wconf 70' lang='grc' dir='ltr'>καὶ</span> <span class='ocrx_word' id='word_1_858' title='bbox 2920 3859 3030 3915; x_wconf 87' lang='grc' dir='ltr'>τῶν</span> <span class='ocrx_word' id='word_1_859' title='bbox 3045 3858 3304 3913; x_wconf 81' lang='grc' dir='ltr'>κινδύνων</span> <span class='ocrx_word' id='word_1_860' title='bbox 3318 3855 3467 3927; x_wconf 79' lang='grc' dir='ltr'>αὐτῷ</span> <span class='ocrx_word' id='word_1_861' title='bbox 3486 3856 3871 3927; x_wconf 86' lang='grc' dir='ltr'>χαλεπώτερον</span> 
     </span>
    </p>
   </div>
   <div class='ocr_carea' id='block_1_108' title="bbox 2184 3943 3872 4025">
    <p class='ocr_par' dir='ltr' id='par_1_108' title="bbox 2184 3943 3872 4025">
     <span class='ocr_line' id='line_1_108' title="bbox 2184 3943 3872 4025; baseline -0.004 -20"><span class='ocrx_word' id='word_1_862' title='bbox 2184 3949 2272 4025; x_wconf 75' lang='grc' dir='ltr'>ἦν.</span> <span class='ocrx_word' id='word_1_863' title='bbox 2290 3953 2397 4007; x_wconf 84' lang='lat' dir='ltr'><strong><em>Kal</em></strong></span> <span class='ocrx_word' id='word_1_864' title='bbox 2416 3952 2502 4020; x_wconf 79' lang='grc' dir='ltr'>μὴ</span> <span class='ocrx_word' id='word_1_865' title='bbox 2523 3950 2860 4020; x_wconf 78' lang='grc' dir='ltr'>σιωπήσῃς,</span> <span class='ocrx_word' id='word_1_866' title='bbox 2882 3949 3035 4021; x_wconf 67' lang='grc' dir='ltr'>φησι,</span> <span class='ocrx_word' id='word_1_867' title='bbox 3052 3947 3198 4000; x_wconf 84' lang='grc' dir='ltr'>διότι</span> <span class='ocrx_word' id='word_1_868' title='bbox 3223 3943 3373 4011; x_wconf 80' lang='grc' dir='ltr'>λαὸς</span> <span class='ocrx_word' id='word_1_869' title='bbox 3393 3943 3589 4009; x_wconf 85' lang='grc' dir='ltr'><em>πολὺς</em></span> <span class='ocrx_word' id='word_1_870' title='bbox 3615 3943 3749 3997; x_wconf 78' lang='grc' dir='ltr'>ἔστι</span> <span class='ocrx_word' id='word_1_871' title='bbox 3763 3962 3872 4013; x_wconf 85' lang='grc' dir='ltr'>μοι</span> 
     </span>
    </p>
   </div>
   <div class='ocr_carea' id='block_1_109' title="bbox 2186 4029 3870 4107">
    <p class='ocr_par' dir='ltr' id='par_1_109' title="bbox 2186 4029 3870 4107">
     <span class='ocr_line' id='line_1_109' title="bbox 2186 4029 3870 4107; baseline -0.006 -13"><span class='ocrx_word' id='word_1_872' title='bbox 2186 4040 2255 4094; x_wconf 85' lang='grc' dir='ltr'>ἑν</span> <span class='ocrx_word' id='word_1_873' title='bbox 2282 4038 2357 4107; x_wconf 78' lang='grc' dir='ltr'>τῇ</span> <span class='ocrx_word' id='word_1_874' title='bbox 2382 4039 2557 4094; x_wconf 84' lang='grc' dir='ltr'>πόλει</span> <span class='ocrx_word' id='word_1_875' title='bbox 2578 4039 2785 4107; x_wconf 75' lang='grc' dir='ltr'>ταύτῃ.</span> <span class='ocrx_word' id='word_1_876' title='bbox 2813 4036 2966 4106; x_wconf 87' lang='grc' dir='ltr'>Τάχα</span> <span class='ocrx_word' id='word_1_877' title='bbox 2993 4034 3081 4089; x_wconf 78' lang='grc' dir='ltr'>διὸ.</span> <span class='ocrx_word' id='word_1_878' title='bbox 3106 4032 3264 4088; x_wconf 81' lang='grc' dir='ltr'>τοῦτο</span> <span class='ocrx_word' id='word_1_879' title='bbox 3289 4030 3439 4102; x_wconf 78' lang='grc' dir='ltr'>αὐτῷ</span> <span class='ocrx_word' id='word_1_880' title='bbox 3477 4030 3572 4083; x_wconf 78' lang='grc' dir='ltr'>καὶ</span> <span class='ocrx_word' id='word_1_881' title='bbox 3612 4029 3870 4099; x_wconf 83' lang='grc' dir='ltr'>φαίνεται</span> 
     </span>
    </p>
   </div>
   <div class='ocr_carea' id='block_1_110' title="bbox 2186 4114 3869 4198">
    <p class='ocr_par' dir='ltr' id='par_1_110' title="bbox 2186 4114 3869 4198">
     <span class='ocr_line' id='line_1_110' title="bbox 2186 4114 3869 4198; baseline -0.008 -16"><span class='ocrx_word' id='word_1_882' title='bbox 2186 4129 2215 4182; x_wconf 81' lang='grc' dir='ltr'>ὁ</span> <span class='ocrx_word' id='word_1_883' title='bbox 2236 4127 2489 4198; x_wconf 80' lang='grc' dir='ltr'>Χριστός.</span> <span class='ocrx_word' id='word_1_884' title='bbox 2513 4125 2865 4195; x_wconf 84' lang='grc' dir='ltr'><em>Γαλλίωνος</em></span> <span class='ocrx_word' id='word_1_885' title='bbox 2883 4121 2971 4187; x_wconf 81' lang='grc' dir='ltr'>δὲ,</span> <span class='ocrx_word' id='word_1_886' title='bbox 2996 4120 3180 4191; x_wconf 72' lang='grc' dir='ltr'>φησὶν,</span> <span class='ocrx_word' id='word_1_887' title='bbox 3205 4118 3731 4182; x_wconf 82' lang='grc' dir='ltr'>ἀνθυπατεύοντος</span> <span class='ocrx_word' id='word_1_888' title='bbox 3754 4114 3869 4185; x_wconf 81' lang='grc' dir='ltr'>τῆς</span> 
     </span>
    </p>
   </div>
   <div class='ocr_carea' id='block_1_111' title="bbox 2201 4203 3871 4284">
    <p class='ocr_par' dir='ltr' id='par_1_111' title="bbox 2201 4203 3871 4284">
     <span class='ocr_line' id='line_1_111' title="bbox 2201 4203 3871 4284; baseline -0.008 -15"><span class='ocrx_word' id='word_1_889' title='bbox 2201 4215 2449 4284; x_wconf 81' lang='grc' dir='ltr'>Ἀχαΐας,</span> <span class='ocrx_word' id='word_1_890' title='bbox 2480 4211 2940 4279; x_wconf 82' lang='grc' dir='ltr'>κατεπέστησαν</span> <span class='ocrx_word' id='word_1_891' title='bbox 2972 4205 3350 4280; x_wconf 78' lang='grc' dir='ltr'>ὁμοθυμαδὸν</span> <span class='ocrx_word' id='word_1_892' title='bbox 3378 4208 3433 4259; x_wconf 86' lang='grc' dir='ltr'>οἰ</span> <span class='ocrx_word' id='word_1_893' title='bbox 3476 4203 3753 4260; x_wconf 83' lang='grc' dir='ltr'>Ἰουδαῖοι</span> <span class='ocrx_word' id='word_1_894' title='bbox 3785 4203 3871 4270; x_wconf 82' lang='grc' dir='ltr'>τῷ</span> 
     </span>
    </p>
   </div>
   <div class='ocr_carea' id='block_1_112' title="bbox 2186 4291 3869 4373">
    <p class='ocr_par' dir='ltr' id='par_1_112' title="bbox 2186 4291 3869 4373">
     <span class='ocr_line' id='line_1_112' title="bbox 2186 4291 3869 4373; baseline -0.008 -16"><span class='ocrx_word' id='word_1_895' title='bbox 2186 4303 2424 4369; x_wconf 85' lang='grc' dir='ltr'>Παύλῳ.</span> <span class='ocrx_word' id='word_1_896' title='bbox 2455 4301 2632 4373; x_wconf 87' lang='grc' dir='ltr'>Ὅρα,</span> <span class='ocrx_word' id='word_1_897' title='bbox 2670 4299 2809 4371; x_wconf 86' lang='grc' dir='ltr'>μετά</span> <span class='ocrx_word' id='word_1_898' title='bbox 2861 4296 2954 4351; x_wconf 80' lang='grc' dir='ltr'>τὸν</span> <span class='ocrx_word' id='word_1_899' title='bbox 2999 4295 3242 4351; x_wconf 84' lang='grc' dir='ltr'>ἐνιαυτὸν</span> <span class='ocrx_word' id='word_1_900' title='bbox 3279 4293 3529 4356; x_wconf 77' lang='grc' dir='ltr'>καὶτοὺς</span> <span class='ocrx_word' id='word_1_901' title='bbox 3575 4291 3636 4358; x_wconf 74' lang='grc' dir='ltr'>ἓξ</span> <span class='ocrx_word' id='word_1_902' title='bbox 3687 4291 3869 4362; x_wconf 80' lang='grc' dir='ltr'>μῆνας</span> 
     </span>
    </p>
   </div>
   <div class='ocr_carea' id='block_1_113' title="bbox 2188 4379 3867 4456">
    <p class='ocr_par' dir='ltr' id='par_1_113' title="bbox 2188 4379 3867 4456">
     <span class='ocr_line' id='line_1_113' title="bbox 2188 4379 3867 4456; baseline -0.005 -13"><span class='ocrx_word' id='word_1_903' title='bbox 2188 4389 2542 4453; x_wconf 83' lang='grc' dir='ltr'>ἐπιτίθενται,</span> <span class='ocrx_word' id='word_1_904' title='bbox 2584 4387 2673 4442; x_wconf 81' lang='grc' dir='ltr'>ὅτε</span> <span class='ocrx_word' id='word_1_905' title='bbox 2703 4388 2804 4440; x_wconf 77' lang='grc' dir='ltr'>οὐκ</span> <span class='ocrx_word' id='word_1_906' title='bbox 2844 4385 2925 4439; x_wconf 79' lang='grc' dir='ltr'>ἔτι</span> <span class='ocrx_word' id='word_1_907' title='bbox 2968 4385 3152 4456; x_wconf 77' lang='grc' dir='ltr'>ἴσχυον</span> <span class='ocrx_word' id='word_1_908' title='bbox 3192 4382 3380 4454; x_wconf 78' lang='grc' dir='ltr'>νόμοις</span> <span class='ocrx_word' id='word_1_909' title='bbox 3408 4379 3646 4453; x_wconf 76' lang='grc' dir='ltr'>χρῆσθαι</span> <span class='ocrx_word' id='word_1_910' title='bbox 3690 4380 3867 4444; x_wconf 81' lang='grc' dir='ltr'>ἰδίοις.</span> 
     </span>
    </p>
   </div>
   <div class='ocr_carea' id='block_1_114' title="bbox 2185 4464 3872 4547">
    <p class='ocr_par' dir='ltr' id='par_1_114' title="bbox 2185 4464 3872 4547">
     <span class='ocr_line' id='line_1_114' title="bbox 2185 4464 3872 4547; baseline -0.008 -16"><span class='ocrx_word' id='word_1_911' title='bbox 2185 4475 2357 4530; x_wconf 87' lang='grc' dir='ltr'>Τοῦτο</span> <span class='ocrx_word' id='word_1_912' title='bbox 2394 4474 2629 4547; x_wconf 86' lang='grc' dir='ltr'>μάλιστα</span> <span class='ocrx_word' id='word_1_913' title='bbox 2665 4475 2837 4545; x_wconf 78' lang='grc' dir='ltr'>ἐπῆρε</span> <span class='ocrx_word' id='word_1_914' title='bbox 2873 4469 3227 4543; x_wconf 81' lang='grc' dir='ltr'>Κορινθίους,</span> <span class='ocrx_word' id='word_1_915' title='bbox 3255 4466 3318 4521; x_wconf 71' lang='grc' dir='ltr'>τὸ</span> <span class='ocrx_word' id='word_1_916' title='bbox 3370 4465 3606 4538; x_wconf 83' lang='grc' dir='ltr'>μάλιστα</span> <span class='ocrx_word' id='word_1_917' title='bbox 3634 4464 3872 4527; x_wconf 72' lang='grc' dir='ltr'>ιπεισθῆ⁶</span> 
     </span>
    </p>
   </div>
   <div class='ocr_carea' id='block_1_115' title="bbox 2184 4551 3866 4634">
    <p class='ocr_par' dir='ltr' id='par_1_115' title="bbox 2184 4551 3866 4634">
     <span class='ocr_line' id='line_1_115' title="bbox 2184 4551 3866 4634; baseline -0.007 -15"><span class='ocrx_word' id='word_1_918' title='bbox 2184 4583 2294 4628; x_wconf 87' lang='grc' dir='ltr'>ναι,</span> <span class='ocrx_word' id='word_1_919' title='bbox 2318 4564 2400 4619; x_wconf 76' lang='grc' dir='ltr'>ὅτι</span> <span class='ocrx_word' id='word_1_920' title='bbox 2422 4564 2543 4619; x_wconf 73' lang='grc' dir='ltr'>οὐδὲ</span> <span class='ocrx_word' id='word_1_921' title='bbox 2575 4562 2829 4634; x_wconf 86' lang='grc' dir='ltr'>καθίησιν</span> <span class='ocrx_word' id='word_1_922' title='bbox 2858 4562 3052 4616; x_wconf 81' lang='grc' dir='ltr'>ἑαυτὸν</span> <span class='ocrx_word' id='word_1_923' title='bbox 3088 4562 3117 4614; x_wconf 84' lang='grc' dir='ltr'>ὁ</span> <span class='ocrx_word' id='word_1_924' title='bbox 3134 4560 3340 4630; x_wconf 79' lang='grc' dir='ltr'>ἄρχων.</span> <span class='ocrx_word' id='word_1_925' title='bbox 3365 4558 3442 4611; x_wconf 84' lang='grc' dir='ltr'><strong>Οὐ</strong></span> <span class='ocrx_word' id='word_1_926' title='bbox 3474 4555 3586 4627; x_wconf 82' lang='grc' dir='ltr'>γὰρ</span> <span class='ocrx_word' id='word_1_927' title='bbox 3609 4551 3678 4627; x_wconf 76' lang='grc' dir='ltr'>ἦν</span> <span class='ocrx_word' id='word_1_928' title='bbox 3708 4553 3866 4627; x_wconf 72' lang='grc'>[298]</span> 
     </span>
    </p>
   </div>
   <div class='ocr_carea' id='block_1_116' title="bbox 2188 4645 3869 4721">
    <p class='ocr_par' dir='ltr' id='par_1_116' title="bbox 2188 4645 3869 4721">
     <span class='ocr_line' id='line_1_116' title="bbox 2188 4645 3869 4721; baseline -0.005 -14"><span class='ocrx_word' id='word_1_929' title='bbox 2188 4655 2301 4707; x_wconf 77' lang='grc' dir='ltr'>ἴσον</span> <span class='ocrx_word' id='word_1_930' title='bbox 2349 4654 2409 4719; x_wconf 78' lang='grc' dir='ltr'>ἐξ</span> <span class='ocrx_word' id='word_1_931' title='bbox 2458 4652 2765 4720; x_wconf 88' lang='grc' dir='ltr'>ἀντιλογίας</span> <span class='ocrx_word' id='word_1_932' title='bbox 2809 4650 3062 4721; x_wconf 85' lang='grc' dir='ltr'>νικῆσαι,</span> <span class='ocrx_word' id='word_1_933' title='bbox 3102 4649 3199 4703; x_wconf 76' lang='grc' dir='ltr'>καὶ</span> <span class='ocrx_word' id='word_1_934' title='bbox 3227 4646 3421 4717; x_wconf 88' lang='grc' dir='ltr'>μαθεῖν</span> <span class='ocrx_word' id='word_1_935' title='bbox 3467 4645 3731 4709; x_wconf 79' lang='grc' dir='ltr'>ἐκείνους,</span> <span class='ocrx_word' id='word_1_936' title='bbox 3780 4645 3869 4698; x_wconf 84' lang='grc' dir='ltr'>ὃτι</span> 
     </span>
    </p>
   </div>
   <div class='ocr_carea' id='block_1_117' title="bbox 2183 4733 3868 4814">
    <p class='ocr_par' dir='ltr' id='par_1_117' title="bbox 2183 4733 3868 4814">
     <span class='ocr_line' id='line_1_117' title="bbox 2183 4733 3868 4814; baseline -0.008 -17"><span class='ocrx_word' id='word_1_937' title='bbox 2183 4743 2336 4798; x_wconf 80' lang='grc' dir='ltr'>οὐδὲν</span> <span class='ocrx_word' id='word_1_938' title='bbox 2371 4741 2521 4814; x_wconf 81' lang='grc' dir='ltr'>μέλει</span> <span class='ocrx_word' id='word_1_939' title='bbox 2552 4740 2702 4812; x_wconf 84' lang='grc' dir='ltr'>αὐτῷ</span> <span class='ocrx_word' id='word_1_940' title='bbox 2723 4739 2795 4795; x_wconf 80' lang='grc' dir='ltr'>τὰ</span> <span class='ocrx_word' id='word_1_941' title='bbox 2815 4739 2911 4794; x_wconf 88' lang='grc' dir='ltr'>τοῦ</span> <span class='ocrx_word' id='word_1_942' title='bbox 2941 4738 3287 4810; x_wconf 87' lang='grc' dir='ltr'>πράγματος.</span> <span class='ocrx_word' id='word_1_943' title='bbox 3333 4733 3446 4788; x_wconf 82' lang='grc' dir='ltr'>Καὶ</span> <span class='ocrx_word' id='word_1_944' title='bbox 3475 4735 3670 4787; x_wconf 80' lang='grc' dir='ltr'>σκόπει</span> <span class='ocrx_word' id='word_1_945' title='bbox 3712 4733 3868 4786; x_wconf 82' lang='grc' dir='ltr'>ἐκεί-</span> 
     </span>
    </p>
   </div>
   <div class='ocr_carea' id='block_1_118' title="bbox 2183 4819 3870 4901">
    <p class='ocr_par' dir='ltr' id='par_1_118' title="bbox 2183 4819 3870 4901">
     <span class='ocr_line' id='line_1_118' title="bbox 2183 4819 3870 4901; baseline -0.007 -17"><span class='ocrx_word' id='word_1_946' title='bbox 2183 4847 2274 4894; x_wconf 86' lang='grc' dir='ltr'>νος</span> <span class='ocrx_word' id='word_1_947' title='bbox 2309 4829 2428 4894; x_wconf 86' lang='grc' dir='ltr'>πῶς</span> <span class='ocrx_word' id='word_1_948' title='bbox 2450 4824 2520 4901; x_wconf 80' lang='grc' dir='ltr'>ἦν</span> <span class='ocrx_word' id='word_1_949' title='bbox 2544 4830 2785 4892; x_wconf 84' lang='grc' dir='ltr'>συνετός.</span> <span class='ocrx_word' id='word_1_950' title='bbox 2809 4828 2884 4881; x_wconf 79' lang='grc' dir='ltr'>Οὐ</span> <span class='ocrx_word' id='word_1_951' title='bbox 2915 4824 3026 4897; x_wconf 86' lang='grc' dir='ltr'>γὰρ</span> <span class='ocrx_word' id='word_1_952' title='bbox 3060 4819 3214 4878; x_wconf 77' lang='grc' dir='ltr'>εἶπεν</span> <span class='ocrx_word' id='word_1_953' title='bbox 3254 4821 3457 4887; x_wconf 78' lang='grc' dir='ltr'>εὐθέως</span> <span class='ocrx_word' id='word_1_954' title='bbox 3494 4820 3870 4891; x_wconf 79' lang='grc' dir='ltr'>ἀποκρινόμε-</span> 
     </span>
    </p>
   </div>
   <div class='ocr_carea' id='block_1_119' title="bbox 2184 4906 3867 4990">
    <p class='ocr_par' dir='ltr' id='par_1_119' title="bbox 2184 4906 3867 4990">
     <span class='ocr_line' id='line_1_119' title="bbox 2184 4906 3867 4990; baseline -0.008 -18"><span class='ocrx_word' id='word_1_955' title='bbox 2184 4936 2295 4982; x_wconf 80' lang='grc' dir='ltr'>νος⁸</span> <span class='ocrx_word' id='word_1_956' title='bbox 2328 4918 2404 4972; x_wconf 79' lang='grc' dir='ltr'><strong>Οὐ</strong></span> <span class='ocrx_word' id='word_1_957' title='bbox 2437 4916 2589 4990; x_wconf 87' lang='grc' dir='ltr'>μέλει</span> <span class='ocrx_word' id='word_1_958' title='bbox 2622 4933 2715 4987; x_wconf 88' lang='grc' dir='ltr'>μοι</span> <span class='ocrx_word' id='word_1_959' title='bbox 2741 4932 2755 4946; x_wconf 75' lang='grc'><strong><em>⁸</em></strong></span> <span class='ocrx_word' id='word_1_960' title='bbox 2803 4914 2942 4968; x_wconf 88' lang='grc' dir='ltr'>ἀλλά</span> <span class='ocrx_word' id='word_1_961' title='bbox 2968 4914 3053 4980; x_wconf 87' lang='grc' dir='ltr'>τί;</span> <span class='ocrx_word' id='word_1_962' title='bbox 3086 4915 3153 4967; x_wconf 83' lang='lat' dir='ltr'><strong><em>El</em></strong></span> <span class='ocrx_word' id='word_1_963' title='bbox 3176 4911 3298 4982; x_wconf 86' lang='grc' dir='ltr'>μὲν</span> <span class='ocrx_word' id='word_1_964' title='bbox 3322 4906 3403 4981; x_wconf 82' lang='grc' dir='ltr'>ἦν</span> <span class='ocrx_word' id='word_1_965' title='bbox 3443 4927 3498 4964; x_wconf 86' lang='grc' dir='ltr'>τι</span> <span class='ocrx_word' id='word_1_966' title='bbox 3529 4908 3798 4977; x_wconf 82' lang='grc' dir='ltr'>ἀδίκημα</span> <span class='ocrx_word' id='word_1_967' title='bbox 3825 4907 3867 4977; x_wconf 77' lang='grc' dir='ltr'><strong><em>ἦ</em></strong></span> 
     </span>
    </p>
   </div>
   <div class='ocr_carea' id='block_1_120' title="bbox 2175 4993 3871 5076">
    <p class='ocr_par' dir='ltr' id='par_1_120' title="bbox 2175 4993 3871 5076">
     <span class='ocr_line' id='line_1_120' title="bbox 2175 4993 3871 5076; baseline -0.008 -15"><span class='ocrx_word' id='word_1_968' title='bbox 2175 5006 2593 5076; x_wconf 73' lang='grc' dir='ltr'>ῥᾳδιούργημα</span> <span class='ocrx_word' id='word_1_969' title='bbox 2621 5001 2911 5073; x_wconf 82' lang='grc' dir='ltr'>πονηρὸν,</span> <span class='ocrx_word' id='word_1_970' title='bbox 2951 5000 2999 5056; x_wconf 86' lang='grc' dir='ltr'><strong>ὦ</strong></span> <span class='ocrx_word' id='word_1_971' title='bbox 3044 4998 3335 5065; x_wconf 81' lang='grc' dir='ltr'>Ἰουδαῖοι,</span> <span class='ocrx_word' id='word_1_972' title='bbox 3363 4997 3516 5052; x_wconf 81' lang='grc' dir='ltr'>κατὰ</span> <span class='ocrx_word' id='word_1_973' title='bbox 3554 4995 3743 5065; x_wconf 75' lang='grc' dir='ltr'>λόγον</span> <span class='ocrx_word' id='word_1_974' title='bbox 3786 4993 3871 5049; x_wconf 78' lang='grc' dir='ltr'>ἂν</span> 
     </span>
    </p>
   </div>
   <div class='ocr_carea' id='block_1_121' title="bbox 2182 5083 3869 5165">
    <p class='ocr_par' dir='ltr' id='par_1_121' title="bbox 2182 5083 3869 5165">
     <span class='ocr_line' id='line_1_121' title="bbox 2182 5083 3869 5165; baseline -0.009 -14"><span class='ocrx_word' id='word_1_975' title='bbox 2182 5095 2540 5165; x_wconf 76' lang='grc' dir='ltr'>ἠνεσχόμην</span> <span class='ocrx_word' id='word_1_976' title='bbox 2560 5091 2758 5164; x_wconf 82' lang='grc' dir='ltr'>ὑμῶν’</span> <span class='ocrx_word' id='word_1_977' title='bbox 2780 5091 2833 5145; x_wconf 81' lang='grc' dir='ltr'>εὶ</span> <span class='ocrx_word' id='word_1_978' title='bbox 2864 5089 2933 5144; x_wconf 80' lang='grc' dir='ltr'>δὲ</span> <span class='ocrx_word' id='word_1_979' title='bbox 2958 5087 3187 5158; x_wconf 77' lang='grc' dir='ltr'>ζήτημά</span> <span class='ocrx_word' id='word_1_980' title='bbox 3224 5087 3358 5142; x_wconf 80' lang='grc' dir='ltr'>ἐστι</span> <span class='ocrx_word' id='word_1_981' title='bbox 3381 5085 3515 5154; x_wconf 77' lang='grc' dir='ltr'>περὶ</span> <span class='ocrx_word' id='word_1_982' title='bbox 3546 5084 3738 5152; x_wconf 74' lang='grc' dir='ltr'>λόγου</span> <span class='ocrx_word' id='word_1_983' title='bbox 3763 5083 3869 5136; x_wconf 70' lang='grc' dir='ltr'>καί</span> 
     </span>
    </p>
   </div>
   <div class='ocr_carea' id='block_1_122' title="bbox 2184 5172 3867 5254">
    <p class='ocr_par' dir='ltr' id='par_1_122' title="bbox 2184 5172 3867 5254">
     <span class='ocr_line' id='line_1_122' title="bbox 2184 5172 3867 5254; baseline -0.009 -15"><span class='ocrx_word' id='word_1_984' title='bbox 2184 5183 2510 5254; x_wconf 80' lang='grc' dir='ltr'>ὀνομάτων,</span> <span class='ocrx_word' id='word_1_985' title='bbox 2545 5181 2644 5236; x_wconf 78' lang='grc' dir='ltr'>καί</span> <span class='ocrx_word' id='word_1_986' title='bbox 2670 5180 2861 5252; x_wconf 88' lang='grc' dir='ltr'>νόμου</span> <span class='ocrx_word' id='word_1_987' title='bbox 2891 5176 3000 5234; x_wconf 88' lang='grc' dir='ltr'>τοῦ</span> <span class='ocrx_word' id='word_1_988' title='bbox 3025 5177 3154 5232; x_wconf 79' lang='grc' dir='ltr'>καθ’</span> <span class='ocrx_word' id='word_1_989' title='bbox 3182 5173 3361 5246; x_wconf 82' lang='grc' dir='ltr'>ὑμᾶς,</span> <span class='ocrx_word' id='word_1_990' title='bbox 3389 5173 3617 5241; x_wconf 72' lang='grc' dir='ltr'>ὄψεσθε</span> <span class='ocrx_word' id='word_1_991' title='bbox 3645 5172 3827 5225; x_wconf 77' lang='grc' dir='ltr'>αὐτοί</span> <span class='ocrx_word' id='word_1_992' title='bbox 3850 5188 3867 5204; x_wconf 89' lang='grc'><strong>·</strong></span> 
     </span>
    </p>
   </div>
   <div class='ocr_carea' id='block_1_123' title="bbox 2182 5259 3858 5343">
    <p class='ocr_par' dir='ltr' id='par_1_123' title="bbox 2182 5259 3858 5343">
     <span class='ocr_line' id='line_1_123' title="bbox 2182 5259 3858 5343; baseline -0.008 -15"><span class='ocrx_word' id='word_1_993' title='bbox 2182 5271 2391 5343; x_wconf 81' lang='grc' dir='ltr'>κριτὴς</span> <span class='ocrx_word' id='word_1_994' title='bbox 2420 5272 2530 5341; x_wconf 77' lang='grc' dir='ltr'>γὰρ</span> <span class='ocrx_word' id='word_1_995' title='bbox 2548 5270 2663 5341; x_wconf 74' lang='grc' dir='ltr'>ἐγὼ</span> <span class='ocrx_word' id='word_1_996' title='bbox 2688 5270 2917 5324; x_wconf 85' lang='grc' dir='ltr'>τούτων</span> <span class='ocrx_word' id='word_1_997' title='bbox 2947 5269 3020 5321; x_wconf 87' lang='grc' dir='ltr'>οὐ</span> <span class='ocrx_word' id='word_1_998' title='bbox 3044 5267 3348 5334; x_wconf 87' lang='grc' dir='ltr'>βούλομαι</span> <span class='ocrx_word' id='word_1_999' title='bbox 3389 5259 3566 5316; x_wconf 76' lang='grc' dir='ltr'>εἶναι.</span> <span class='ocrx_word' id='word_1_1000' title='bbox 3601 5260 3858 5315; x_wconf 84' lang='grc' dir='ltr'>Ἀπετεί-</span> 
     </span>
    </p>
   </div>
   <div class='ocr_carea' id='block_1_124' title="bbox 2181 5347 3868 5432">
    <p class='ocr_par' dir='ltr' id='par_1_124' title="bbox 2181 5347 3868 5432">
     <span class='ocr_line' id='line_1_124' title="bbox 2181 5347 3868 5432; baseline -0.005 -21"><span class='ocrx_word' id='word_1_1001' title='bbox 2181 5375 2358 5432; x_wconf 80' lang='grc' dir='ltr'>χισεν</span> <span class='ocrx_word' id='word_1_1002' title='bbox 2378 5359 2583 5426; x_wconf 86' lang='grc' dir='ltr'>αὐτοῖς</span> <span class='ocrx_word' id='word_1_1003' title='bbox 2607 5358 2675 5413; x_wconf 82' lang='grc' dir='ltr'>τὸ</span> <span class='ocrx_word' id='word_1_1004' title='bbox 2692 5354 3103 5425; x_wconf 80' lang='grc' dir='ltr'>δικαστήριον.</span> <span class='ocrx_word' id='word_1_1005' title='bbox 3126 5351 3371 5423; x_wconf 84' lang='grc' dir='ltr'>Λαμπρά</span> <span class='ocrx_word' id='word_1_1006' title='bbox 3400 5349 3625 5419; x_wconf 87' lang='grc' dir='ltr'>γέγονεν</span> <span class='ocrx_word' id='word_1_1007' title='bbox 3647 5349 3682 5419; x_wconf 78' lang='grc' dir='ltr'><strong>ἡ</strong></span> <span class='ocrx_word' id='word_1_1008' title='bbox 3708 5347 3868 5419; x_wconf 84' lang='grc' dir='ltr'>νίκη.</span> 
     </span>
    </p>
   </div>
   <div class='ocr_carea' id='block_1_125' title="bbox 2195 5434 3869 5515">
    <p class='ocr_par' dir='ltr' id='par_1_125' title="bbox 2195 5434 3869 5515">
     <span class='ocr_line' id='line_1_125' title="bbox 2195 5434 3869 5515; baseline -0.009 -13"><span class='ocrx_word' id='word_1_1009' title='bbox 2195 5448 2650 5515; x_wconf 82' lang='grc' dir='ltr'>Ἐπιλαϐόμενοι</span> <span class='ocrx_word' id='word_1_1010' title='bbox 2695 5445 2764 5498; x_wconf 77' lang='grc' dir='ltr'>δὲ</span> <span class='ocrx_word' id='word_1_1011' title='bbox 2805 5442 3131 5507; x_wconf 86' lang='grc' dir='ltr'>Σωσθένην</span> <span class='ocrx_word' id='word_1_1012' title='bbox 3172 5439 3281 5493; x_wconf 88' lang='grc' dir='ltr'>τὸν</span> <span class='ocrx_word' id='word_1_1013' title='bbox 3319 5434 3829 5506; x_wconf 73' lang='grc' dir='ltr'>ἀρχισυνάγωγον</span> <span class='ocrx_word' id='word_1_1014' title='bbox 3850 5477 3869 5499; x_wconf 87' lang='grc'>,</span> 
     </span>
    </p>
   </div>
   <div class='ocr_carea' id='block_1_126' title="bbox 2179 5522 3874 5604">
    <p class='ocr_par' dir='ltr' id='par_1_126' title="bbox 2179 5522 3874 5604">
     <span class='ocr_line' id='line_1_126' title="bbox 2179 5522 3874 5604; baseline -0.009 -13"><span class='ocrx_word' id='word_1_1015' title='bbox 2179 5538 2441 5591; x_wconf 75' lang='grc' dir='ltr'>ἔτυπτον</span> <span class='ocrx_word' id='word_1_1016' title='bbox 2471 5534 2814 5604; x_wconf 78' lang='grc' dir='ltr'>ἔμπροσθεν</span> <span class='ocrx_word' id='word_1_1017' title='bbox 2846 5530 2953 5585; x_wconf 88' lang='grc' dir='ltr'>τοῦ</span> <span class='ocrx_word' id='word_1_1018' title='bbox 2981 5526 3279 5598; x_wconf 83' lang='grc' dir='ltr'>βήματος,</span> <span class='ocrx_word' id='word_1_1019' title='bbox 3308 5526 3405 5579; x_wconf 77' lang='grc' dir='ltr'>καὶ</span> <span class='ocrx_word' id='word_1_1020' title='bbox 3429 5522 3613 5579; x_wconf 84' lang='grc' dir='ltr'>οὐδὲν</span> <span class='ocrx_word' id='word_1_1021' title='bbox 3631 5523 3874 5577; x_wconf 79' lang='grc' dir='ltr'>τούτων</span> 
     </span>
    </p>
   </div>
   <div class='ocr_carea' id='block_1_127' title="bbox 2181 5606 3875 5690">
    <p class='ocr_par' dir='ltr' id='par_1_127' title="bbox 2181 5606 3875 5690">
     <span class='ocr_line' id='line_1_127' title="bbox 2181 5606 3875 5690; baseline -0.011 -11"><span class='ocrx_word' id='word_1_1022' title='bbox 2181 5623 2261 5689; x_wconf 79' lang='grc' dir='ltr'>τῷ</span> <span class='ocrx_word' id='word_1_1023' title='bbox 2293 5623 2596 5677; x_wconf 87' lang='grc' dir='ltr'><em>Γαλλίωνι</em></span> <span class='ocrx_word' id='word_1_1024' title='bbox 2621 5622 2858 5690; x_wconf 74' lang='grc' dir='ltr'>ἔμελεν.</span> <span class='ocrx_word' id='word_1_1025' title='bbox 2890 5617 2956 5669; x_wconf 69' lang='grc' dir='ltr'><strong><em>Ὠ</em></strong></span> <span class='ocrx_word' id='word_1_1026' title='bbox 2994 5616 3095 5685; x_wconf 88' lang='grc' dir='ltr'>τῆς</span> <span class='ocrx_word' id='word_1_1027' title='bbox 3135 5611 3396 5684; x_wconf 88' lang='grc' dir='ltr'>αἰσχύνης</span> <span class='ocrx_word' id='word_1_1028' title='bbox 3421 5651 3438 5673; x_wconf 84' lang='grc'>,</span> <span class='ocrx_word' id='word_1_1029' title='bbox 3483 5610 3551 5681; x_wconf 75' lang='grc' dir='ltr'>ἠν</span> <span class='ocrx_word' id='word_1_1030' title='bbox 3584 5606 3875 5682; x_wconf 73' lang='grc' dir='ltr'>ᾐσχύνθη-</span> 
     </span>
    </p>
   </div>
   <div class='ocr_carea' id='block_1_128' title="bbox 2182 5694 3868 5773">
    <p class='ocr_par' dir='ltr' id='par_1_128' title="bbox 2182 5694 3868 5773">
     <span class='ocr_line' id='line_1_128' title="bbox 2182 5694 3868 5773; baseline -0.009 -6"><span class='ocrx_word' id='word_1_1031' title='bbox 2182 5730 2301 5767; x_wconf 89' lang='grc' dir='ltr'>σαν.</span> <span class='ocrx_word' id='word_1_1032' title='bbox 2337 5710 2446 5766; x_wconf 83' lang='lat' dir='ltr'><strong><em>Kal</em></strong></span> <span class='ocrx_word' id='word_1_1033' title='bbox 2485 5707 2668 5765; x_wconf 77' lang='grc' dir='ltr'>οὐδέν</span> <span class='ocrx_word' id='word_1_1034' title='bbox 2712 5708 2960 5770; x_wconf 86' lang='grc' dir='ltr'>τούτων,</span> <span class='ocrx_word' id='word_1_1035' title='bbox 2996 5702 3152 5773; x_wconf 69' lang='grc' dir='ltr'>φησὶ,</span> <span class='ocrx_word' id='word_1_1036' title='bbox 3190 5699 3271 5767; x_wconf 86' lang='grc' dir='ltr'>τῷ</span> <span class='ocrx_word' id='word_1_1037' title='bbox 3303 5697 3606 5753; x_wconf 87' lang='grc' dir='ltr'>Γαλλίωνι</span> <span class='ocrx_word' id='word_1_1038' title='bbox 3640 5694 3868 5765; x_wconf 75' lang='grc' dir='ltr'>ἔμελεσ</span> 
     </span>
    </p>
   </div>
   <div class='ocr_carea' id='block_1_129' title="bbox 2242 5837 3870 5919">
    <p class='ocr_par' dir='ltr' id='par_1_129' title="bbox 2242 5837 3870 5919">
     <span class='ocr_line' id='line_1_129' title="bbox 2242 5837 3870 5919; baseline -0.007 -13"><span class='ocrx_word' id='word_1_1039' title='bbox 2242 5855 2273 5895; x_wconf 75' lang='grc' dir='ltr'>ιι</span> <span class='ocrx_word' id='word_1_1040' title='bbox 2310 5854 2589 5919; x_wconf 82' lang='grc' dir='ltr'>Ἀφίσταται</span> <span class='ocrx_word' id='word_1_1041' title='bbox 2609 5853 2754 5919; x_wconf 48' lang='lat' dir='ltr'>dces!</span> <span class='ocrx_word' id='word_1_1042' title='bbox 2779 5853 2830 5901; x_wconf 83' lang='lat' dir='ltr'>In</span> <span class='ocrx_word' id='word_1_1043' title='bbox 2850 5847 3161 5919; x_wconf 53' lang='lat' dir='ltr'>quibusgigm.</span> <span class='ocrx_word' id='word_1_1044' title='bbox 3203 5846 3244 5919; x_wconf 40' lang='grc' dir='ltr'>,θ</span> <span class='ocrx_word' id='word_1_1045' title='bbox 3260 5840 3444 5919; x_wconf 44' lang='lat' dir='ltr'>Yet-13:3</span> <span class='ocrx_word' id='word_1_1046' title='bbox 3464 5840 3637 5919; x_wconf 44' lang='lat'>33153.:-</span> 
     </span>
    </p>
   </div>
   <div class='ocr_carea' id='block_1_130' title="bbox 2179 5901 3869 5981">
    <p class='ocr_par' dir='ltr' id='par_1_130' title="bbox 2179 5901 3869 5981">
     <span class='ocr_line' id='line_1_130' title="bbox 2179 5901 3869 5981; baseline -0.011 -14"><span class='ocrx_word' id='word_1_1047' title='bbox 2179 5932 2292 5981; x_wconf 68' lang='lat' dir='ltr'>qum</span> <span class='ocrx_word' id='word_1_1048' title='bbox 2325 5901 2527 5981; x_wconf 59' lang='grc' dir='ltr'>ἦῶρίεὲι·</span> <span class='ocrx_word' id='word_1_1049' title='bbox 2549 5901 2906 5981; x_wconf 63' lang='grc' dir='ltr'>ὁμοιοτρευτᾶν</span> <span class='ocrx_word' id='word_1_1050' title='bbox 2931 5909 3315 5965; x_wconf 76' lang='lat' dir='ltr'>excideranl,ex</span> <span class='ocrx_word' id='word_1_1051' title='bbox 3339 5916 3436 5953; x_wconf 87' lang='lat' dir='ltr'><strong>uno</strong></span> <span class='ocrx_word' id='word_1_1052' title='bbox 3459 5901 3566 5952; x_wconf 89' lang='lat' dir='ltr'>cod.</span> <span class='ocrx_word' id='word_1_1053' title='bbox 3590 5904 3645 5949; x_wconf 82' lang='lat' dir='ltr'><strong><em>el</em></strong></span> <span class='ocrx_word' id='word_1_1054' title='bbox 3669 5901 3869 5963; x_wconf 69' lang='lat' dir='ltr'>inte-rp.</span> 
     </span>
    </p>
   </div>
   <div class='ocr_carea' id='block_1_131' title="bbox 2183 5976 2852 6039">
    <p class='ocr_par' dir='ltr' id='par_1_131' title="bbox 2183 5976 2852 6039">
     <span class='ocr_line' id='line_1_131' title="bbox 2183 5976 2852 6039; baseline -0.012 -9"><span class='ocrx_word' id='word_1_1055' title='bbox 2183 5976 2288 6030; x_wconf 72' lang='lat' dir='ltr'>[aL</span> <span class='ocrx_word' id='word_1_1056' title='bbox 2314 5976 2543 6039; x_wconf 65' lang='lat' dir='ltr'>Supplela</span> <span class='ocrx_word' id='word_1_1057' title='bbox 2563 5983 2693 6025; x_wconf 77' lang='lat' dir='ltr'>sunt.</span> <span class='ocrx_word' id='word_1_1058' title='bbox 2721 5976 2852 6023; x_wconf 81' lang='grc' dir='ltr'>Εοιτ.</span> 
     </span>
    </p>
   </div>
  </div>
