4104 6148
391 378 498 433 επ

389 495 828 565 archisynagogns
841 489 1052 545 credidit
1082 487 1296 544 Domino
1325 505 1439 542 cum
1467 498 1568 544 tota
1599 487 1747 543 domo
1774 505 1866 542 sua
1881 505 1902 555 ;
1937 498 1984 542 et

388 585 538 641 multi
579 582 831 638 Corinthii
865 581 1125 634 audientes
1149 621 1163 647 ,
1195 579 1461 633 credebant
1490 589 1534 632 et
1576 579 1983 648 baptizabantur.

392 676 526 732 Vide
557 674 828 745 quomodo
858 674 1072 737 iterum,
1098 687 1219 726 cum
1246 671 1489 737 dixisset,
1515 672 1588 724 Ab
1614 671 1707 724 hoc
1739 681 1980 751 tempore,

392 784 498 823 nou
529 767 647 821 illos
679 776 854 819 tamen
883 763 1099 834 negligit
1129 781 1140 816 :
1175 763 1351 833 itaque
1383 762 1481 816 hoc
1507 762 1744 826 dixerat,
1776 772 1834 816 ut
1863 762 1984 822 illos

391 860 668 915 excitaret.
700 857 762 910 Et
807 864 988 926 postea
1019 856 1168 910 venit
1212 853 1279 908 ad
1321 853 1528 910 Justuin
1556 894 1570 918 ,
1614 853 1766 922 cujus
1794 853 1982 908 domus

391 960 507 1004 erat
536 949 818 1018 conjuinta
850 961 1155 1018 synagogas.
1194 945 1412 1000 Vicinus
1439 953 1572 1011 erat,
1607 953 1663 999 ut
1693 960 1758 998 ex
1789 944 1981 1000 vicinia

391 1045 566 1100 zelum
611 1042 872 1097 haberent
898 1082 912 1107 ,
941 1046 986 1095 si
1018 1041 1236 1096 vellent.
1276 1037 1489 1109 Crispus
1533 1049 1739 1102 autem,
1771 1039 1976 1109 inquit,

391 1137 821 1206 archisynagogus
851 1134 1066 1188 credidit
1094 1130 1313 1185 Domino
1340 1148 1449 1184 cum
1478 1140 1580 1184 tota
1605 1132 1753 1184 domo
1777 1147 1886 1183 sua.
1916 1130 1980 1183 Et

393 1229 496 1282 hoc
542 1228 722 1296 utique
765 1226 895 1280 satis
937 1233 1053 1279 erat
1097 1223 1161 1276 ad
1209 1223 1327 1277 illos
1364 1222 1726 1276 adducendas.
1757 1222 1808 1276 9.
1841 1221 1981 1275 Dia-it

390 1328 559 1373 artem
592 1318 840 1370 Dominus
877 1333 964 1385 per
995 1316 1232 1369 visionem
1267 1315 1318 1368 in
1349 1323 1490 1367 nocte
1517 1312 1687 1365 Paulo
1712 1328 1729 1365 :
1760 1309 1882 1365 Noli
1911 1313 1977 1364 ti—

390 1428 544 1475 mere,
568 1412 656 1464 sed
679 1410 882 1479 loquere
907 1419 954 1462 et
983 1425 1045 1462 ne
1069 1417 1252 1471 taceas,
1288 1407 1370 1461 10.
1401 1407 1520 1475 quia
1544 1422 1632 1476 ego
1657 1414 1818 1458 tecum
1845 1421 1976 1470 sum,

388 1512 438 1557 et
464 1517 608 1555 nemo
634 1502 856 1570 insurget
895 1500 946 1553 in
988 1509 1035 1553 te
1064 1507 1114 1552 ut
1145 1507 1318 1551 noceat
1359 1498 1486 1561 tibi,
1516 1498 1634 1565 quia
1664 1498 1883 1566 populus
1909 1505 1979 1549 cst

391 1596 515 1649 mihi
557 1594 742 1647 multus
771 1593 824 1646 in
868 1592 962 1646 hac
1001 1592 1220 1645 civitate.
1251 1590 1385 1645 Vide
1419 1598 1549 1658 quot
1579 1589 1873 1642 rationibus
1906 1588 1977 1641 illi

389 1686 614 1752 suadet,
645 1695 700 1741 et
727 1684 993 1756 quomodo
1020 1725 1034 1749 ,
1067 1682 1210 1753 quod
1253 1683 1402 1737 illum
1443 1681 1672 1736 maxime
1702 1681 1977 1750 erigebat,

393 1779 492 1834 hoc
516 1779 700 1833 ultimo
726 1777 855 1831 dicit
885 1795 896 1828 :
930 1776 1062 1842 Quia
1093 1774 1311 1844 populus
1339 1784 1410 1827 est
1438 1773 1560 1826 mihi
1589 1771 1777 1824 multus
1806 1773 1858 1824 in
1887 1771 1979 1822 hac

389 1871 606 1924 civitate.
636 1867 917 1935 Quomodo
937 1883 1065 1938 ergo
1095 1869 1503 1922 insurrexerunt
1533 1868 1585 1918 in
1610 1879 1750 1930 eum,
1785 1862 1980 1917 dixerit

388 1962 687 2033 quispiam?
716 1963 784 2015 At
812 1976 916 2014 non
945 1960 1357 2030 prievaluerunt,
1389 1957 1481 2012 sed
1509 1957 1573 2011 ad
1599 1957 1975 2028 proconsulem

390 2063 592 2110 tantum
620 2053 908 2109 duxerunt.
939 2054 1023 2108 11.
1057 2052 1205 2108 Sedit
1233 2062 1400 2106 autem
1439 2051 1506 2104 ibi
1532 2068 1724 2104 annum
1749 2066 1906 2104 unum
1933 2058 1977 2101 ct

389 2164 476 2200 sea:
500 2163 724 2214 menses,
752 2147 934 2200 docens
963 2145 1103 2216 apud
1130 2162 1213 2199 eos
1243 2143 1447 2198 verbum
1479 2142 1595 2196 Dei.
1626 2141 1713 2196 l2.
1746 2141 1978 2195 Gallione

391 2248 559 2292 autem
603 2237 898 2308 proconsule
940 2237 1186 2301 Achaiae,
1236 2236 1620 2289 insurrexerunt
1664 2249 1765 2286 uno
1809 2234 1978 2286 animo

389 2327 565 2382 λιιάωί
594 2329 644 2382 in
679 2327 918 2392 Paulum,
949 2338 996 2382 et
1020 2328 1340 2382 adduxerunt
1369 2343 1483 2381 eum
1508 2327 1576 2379 ad
1604 2324 1858 2391 tribunal,
1889 2325 1973 2379 15.

385 2422 606 2475 dicentes
635 2437 654 2474 .'
680 2421 812 2487 Quia
855 2430 1032 2475 contra
1075 2420 1234 2490 legem
1270 2419 1352 2472 hic
1390 2417 1658 2489 persuadet
1694 2415 1977 2473 hominibus

384 2513 547 2567 colere
573 2511 761 2568 Deum.
790 2511 972 2567 Viden’
993 2526 1096 2582 qua
1123 2511 1190 2566 de
1221 2524 1381 2565 causa
1405 2509 1479 2563 illi
1507 2524 1720 2576 semper
1742 2508 1978 2576 publicas

382 2606 752 2661 accusationes
785 2605 1074 2660 texebant?
1110 2603 1240 2658 Vide
1271 2603 1381 2672 jam
1404 2642 1419 2666 ,
1456 2600 1726 2672 quomodo
1754 2599 1974 2654 dicenti-

381 2697 483 2753 bus
511 2697 618 2752 illis
641 2737 657 2764 ,
692 2696 866 2767 ipsum
892 2704 1077 2750 contra
1108 2695 1281 2765 legem
1311 2692 1636 2764 persuadere
1667 2691 1975 2746 hominibus

381 2792 561 2847 colere
589 2791 754 2846 Deum
779 2832 793 2854 ,
822 2788 954 2844 nihil
985 2789 1174 2842 horum
1203 2801 1394 2842 curare
1422 2785 1798 2856 proconsulem
1824 2825 1838 2850 ,
1868 2783 1974 2838 imo

383 2885 560 2954 potius
584 2883 810 2940 Paulum
838 2882 1149 2938 defendere.
1187 2881 1252 2936 Et
1281 2880 1427 2947 audi,
1453 2879 1723 2950 quomodo
1755 2893 1975 2948 respon.

382 2976 550 3031 deat:
587 2975 648 3030 Si
676 2975 879 3044 quidem
919 2983 1044 3029 esset
1082 2973 1150 3026 ad
1189 2973 1435 3026 civitatem
1477 2980 1711 3040 spectans
1750 2971 1975 3037 iniquum

383 3066 580 3135 aliquid
605 3075 692 3118 aut
723 3067 917 3136 facinus
948 3065 1236 3135 pessimum,
1267 3080 1296 3118 o
1321 3063 1521 3129 Judwi,
1554 3073 1685 3116 recte
1713 3079 1798 3115 vos
1823 3062 1976 3115 susti-

386 3172 581 3212 nerem.
624 3155 908 3227 Equitatis
936 3172 1124 3212 amans
1162 3156 1294 3210 mihi
1325 3157 1404 3209 vir
1429 3157 1516 3210 ille
1545 3155 1783 3221 videtur,
1815 3155 1976 3225 idque

389 3247 732 3302 manifestum
763 3259 842 3303 est
873 3264 936 3304 ex
968 3249 1054 3316 iis,
1082 3264 1202 3318 qua:
1232 3247 1521 3318 prudenter
1547 3246 1855 3316 respondet.
1882 3247 1971 3301 14.

387 3341 516 3394 Cum
561 3340 757 3395 Paulus
781 3383 796 3404 ,
829 3342 1035 3411 inquit,
1065 3359 1120 3397 os
1159 3358 1306 3396 suum
1349 3353 1618 3410 operturus
1653 3349 1818 3406 esset,
1847 3340 1975 3394 dixit

386 3431 558 3487 Gallio
597 3432 796 3488 Juda’is
821 3433 924 3489 :Si
963 3435 1163 3504 quidem
1203 3445 1328 3489 esset
1367 3435 1608 3503 iniustum
1652 3432 1845 3503 aliquid
1887 3442 1976 3486 aut

385 3525 584 3594 {acinus
609 3527 884 3595 pessimum
908 3566 922 3590 ,
952 3541 981 3578 o
1006 3524 1176 3579 Judazi
1199 3567 1214 3593 ,
1241 3533 1372 3580 recte
1401 3541 1486 3579 vos
1515 3526 1810 3579 sustinerem
1840 3541 1857 3579 :
1888 3525 1973 3580 15.

383 3618 429 3671 si
459 3633 572 3671 rero
601 3619 811 3686 quastio
841 3626 914 3672 est
943 3618 1004 3671 de
1033 3619 1176 3672 verba
1206 3628 1252 3672 et
1281 3618 1564 3672 nominibus
1594 3628 1640 3671 et
1669 3619 1732 3671 de
1758 3620 1863 3688 lege
1892 3635 1974 3672 ve-

384 3717 512 3773 stra,
541 3724 625 3762 vos
652 3709 751 3778 ipsi
781 3709 1002 3762 videritis
1028 3725 1045 3761 :
1061 3708 1228 3777 judea:
1257 3724 1345 3778 ego
1374 3709 1554 3762 horum
1583 3709 1701 3763 nolo
1729 3726 1853 3764 esse.
1885 3709 1972 3764 16.

384 3795 460 3850 Et
493 3799 655 3870 abegit
700 3817 784 3854 eos
827 3817 858 3854 a
902 3800 1159 3854 tribunali.
1203 3801 1290 3855 17.
1329 3782 1773 3870 Apprehendentes
1811 3811 1977 3855 autem

387 3908 559 3946 omnes
587 3892 751 3947 (ἔνωεὶ
782 3894 1079 3948 Sosthenem
1101 3894 1381 3964 principem
1409 3910 1701 3965 sgnagogw,
1732 3897 1978 3963 percutie-

387 3985 510 4039 bant
543 4002 656 4038 eum
684 3995 799 4039 ante
827 3987 1047 4040 tribunal
1074 4004 1090 4039 :
1115 3997 1159 4039 et
1199 3987 1327 4041 nihil
1363 4004 1536 4041 eorum
1582 3986 1806 4041 Gallioni
1844 4004 1978 4043 cura:

388 4087 519 4132 erat.
545 4077 678 4133 [line
705 4094 918 4133 rursum
942 4080 1038 4134 viri
1061 4081 1282 4150 aequitas
1307 4090 1653 4136 monstratur.
1681 4081 1810 4136 Cum
1834 4083 1976 4137 enim

389 4169 482 4224 ille
499 4171 890 4237 verberaretur,
914 4186 1016 4224 non
1043 4173 1249 4240 putavit
1272 4172 1322 4226 id
1349 4173 1445 4243 ipsi
1469 4173 1810 4228 contumelia:
1826 4188 1945 4228 esse
1962 4191 1974 4226 :

388 4263 527 4318 adeo
558 4263 853 4332 petulantes
885 4262 1054 4317 Judaei
1087 4273 1260 4319 erant.

462 4352 517 4406 2.
559 4353 660 4408 Sed
697 4353 970 4423 superiora
1015 4365 1338 4424 repetamus.
1379 4357 1653 4412 Audientes
1676 4367 1843 4411 autem
1893 4375 1978 4412 re-

389 4445 749 4499 surrectionem
797 4454 1146 4510 mortuorum,
1197 4446 1288 4498 alii
1311 4447 1514 4516 quidem
1538 4449 1817 4502 irridebant
1840 4490 1856 4516 ,
1888 4450 1980 4504 alii

389 4553 508 4591 vero
535 4536 771 4590 dixerunt
811 4552 830 4590 :
871 4537 1147 4590 Audiamus
1194 4545 1241 4589 te
1280 4539 1476 4592 iterum.
1509 4539 1718 4606 Quanta
1747 4549 1798 4594 ct
1819 4556 1976 4608 quam

391 4630 640 4685 sublimia
667 4630 968 4698 audientes,
1003 4646 1070 4685 ne
1099 4630 1445 4686 attendebant
1468 4633 1702 4702 quidem,
1722 4634 1817 4688 sed
1842 4634 1977 4688 ride-

393 4721 546 4775 bant.
566 4720 1034 4776 Resurreclionem
1065 4722 1363 4777 irridebant
1389 4740 1402 4778 :
1425 4739 1544 4777 nam
1568 4723 1814 4778 Animalia
1829 4727 1978 4780 homo

391 4828 494 4866 non
525 4813 734 4882 percipit
762 4828 841 4878 ea,
873 4828 986 4881 qua:
1013 4824 1130 4868 sunt
1149 4814 1378 4884 Spiritus
1407 4813 1426 4885 (
1455 4817 1506 4870 1.
1534 4815 1654 4871 Cor.
1685 4815 1742 4869 2.
1768 4817 1880 4888 14).
1912 4817 1978 4871 Et

391 4903 484 4964 sic,
517 4903 707 4973 inquit,
729 4902 850 4957 exiit
877 4901 1075 4958 Paulus
1097 4905 1158 4960 de
1179 4905 1342 4960 medio
1364 4923 1556 4960 eorum.
1590 4907 1679 4962 Sic
1711 4923 1730 4962 :
1758 4924 1982 4979 quomo-

391 4993 508 5046 do?
537 4991 669 5048 Cum
695 4993 812 5048 aliis
841 4998 1214 5064 persuasisset,
1246 4998 1313 5053 ab
1339 4999 1457 5054 aliis
1478 5015 1608 5054 vero
1631 4999 1820 5056 irrisus
1850 4999 1980 5056 fuis-

392 5096 495 5142 set.
532 5087 784 5143 Secedens
814 5099 981 5144 autem
1007 5090 1216 5147 Athenis
1235 5134 1250 5158 ,
1283 5092 1476 5162 inquit,
1504 5095 1635 5148 venit
1657 5093 1977 5149 Corinthum.

395 5179 464 5233 Et
483 5181 680 5235 invento
704 5181 926 5251 quodam
953 5180 1159 5248 Judazo,
1188 5184 1270 5237 cui
1289 5200 1468 5239 nomen
1492 5186 1694 5255 Aquila,
1725 5189 1810 5258 qui
1837 5188 1984 5243 Pon-

396 5270 524 5326 ticus
552 5281 658 5324 erat
678 5288 858 5342 genere
877 5282 924 5326 et
947 5289 1108 5341 nuper
1133 5285 1328 5328 venerat
1350 5293 1412 5330 ea;
1432 5275 1606 5343 Italia,
1629 5281 1813 5333 mansit
1839 5281 1980 5350 apud

397 5359 510 5412 illos
537 5370 582 5413 et
610 5362 935 5429 operabatur.
970 5361 1120 5427 Vide,
1153 5365 1422 5431 quomodo
1443 5365 1527 5420 lex
1549 5367 1660 5436 jam
1683 5369 1820 5423 solvi
1849 5371 1984 5426 inci-
2021 5361 2030 5380 ⁶

399 5453 526 5521 piat.
561 5453 660 5509 llic
686 5457 828 5512 enim
857 5469 916 5509 se
947 5465 1156 5524 postea,
1180 5455 1398 5511 Judarus
1418 5473 1540 5511 eum
1561 5468 1728 5527 esset,
1754 5463 1983 5518 totondit

401 5545 452 5600 in
478 5545 773 5602 Cenchreis
794 5590 808 5614 ,
836 5556 889 5602 et
919 5548 972 5602 in
997 5546 1205 5618 Syriam
1236 5548 1590 5617 proficiscitur
1627 5566 1746 5606 cum
1794 5553 1978 5608 Paulo.

403 5638 654 5695 Ponticus
680 5655 802 5694 cum
835 5650 999 5708 esset,
1022 5656 1132 5710 nec
1154 5640 1545 5712 Jerosolymam
1575 5659 1746 5712 neque
1772 5645 1822 5698 in
1848 5647 1982 5700 viei-

404 5743 468 5782 na
507 5730 622 5786 loca
659 5731 848 5786 venire
895 5731 1224 5799 festinabat,
1266 5732 1359 5788 sed
1403 5734 1586 5803 procul
1632 5743 1766 5792 erat.
1825 5738 1980 5806 Apud

404 5817 550 5877 illum
584 5836 716 5893 ergo
766 5831 972 5883 manet.
1008 5839 1106 5881 nec
1136 5840 1353 5882 manere
1380 5827 1646 5882 erubescit
1673 5845 1686 5894 ;
1719 5829 1824 5884 imo
1856 5828 1976 5906 ideo

1339 375 1405 430 IN
1443 375 1621 431 ACTA
1655 373 2172 434 APOSTOLORUM.
2215 380 2440 437 lIOMlL.
2484 385 2722 442 XXXIX.

3577 405 3680 463 278

2094 502 2295 558 manet,
2329 496 2478 565 quasi
2513 497 2765 555 idoneum
2797 513 2984 560 nactus
3011 505 3388 581 diversorium,
3419 523 3475 571 et
3493 525 3682 582 quavis

2091 583 2241 674 regia
2253 583 2352 638 sibi
2375 589 2730 646 commodius.
2751 592 2864 651 Nec
2882 596 3061 653 rideas
3079 599 3447 674 litecaudiens,
3462 606 3678 665 dilecte.

2093 673 2161 729 Ut
2208 676 2351 730 enim
2400 679 2646 748 palaestra
2690 684 2904 742 athletze
2959 691 3129 760 magis
3177 673 3454 766 competit,
3513 715 3675 769 quam

2091 774 2256 822 strata
2303 771 2524 830 mollia;
2566 773 2644 828 sic
2693 775 2938 833 bellatori
2986 782 3192 850 gladius
3224 785 3460 855 ferreus,
3506 791 3678 861 magis

2091 873 2250 927 quam
2281 876 2498 918 aureus.
2529 864 2594 918 Et
2615 871 2917 936 operabatur
2939 873 3255 941 pradicans.
3282 877 3678 938 Erubescamus
3707 920 3710 921 ν

2091 965 2228 1018 nos,
2283 955 2374 1022 qui
2434 957 2592 1012 etiam
2639 960 2756 1015 sine
2805 964 3182 1032 prmdicatione
3209 968 3434 1026 vivimus
3479 975 3673 1031 otiose.

2089 1041 2396 1114 Disputabat
2422 1059 2612 1116 autem,
2651 1051 2840 1122 inquit,
2864 1057 2916 1110 in
2939 1074 3199 1130 synagoga
3218 1077 3308 1131 per
3327 1079 3474 1118 omne
3492 1066 3674 1120 sabba-

2091 1143 2225 1202 tum,
2269 1139 2610 1212 suadebatque
2650 1144 2850 1201 ludatis
2886 1158 2933 1202 et
2959 1149 3175 1205 Graecis.
3204 1152 3680 1212 Contradicentibus

2087 1235 2253 1277 autent
2298 1228 2370 1281 eis
2409 1243 2456 1283 et
2499 1231 2996 1306 blaspliemantibus,
3041 1239 3310 1297 discessit.
3356 1245 3470 1300 Hoc
3517 1248 3700 1305 modo.

2093 1331 2318 1385 sperans
2341 1320 2460 1376 illos
2481 1324 2720 1394 allicere,
2743 1327 3010 1385 discessit.
3035 1331 3141 1387 Cur
3164 1336 3251 1389 illa
3279 1337 3464 1392 relicta
3489 1339 3669 1402 domo,

2089 1420 2257 1476 pr0pe
2293 1426 2616 1484 synagogam
2666 1417 2999 1474 habitaturus
3044 1425 3228 1478 venit?
3269 1442 3447 1482 annon
3480 1430 3569 1484 illa
3609 1431 3679 1486 de

2088 1513 2246 1591 causa
2265 1503 2288 1553 'l
2316 1519 2487 1573 neque
2516 1507 2659 1562 enim
2691 1510 2761 1564 ibi
2790 1514 3086 1581 periculum
3112 1517 3342 1574 videbat.
3375 1519 3676 1591 Testiﬁcans

2087 1588 2210 1644 illis.
2245 1591 2358 1646 Non
2379 1594 2488 1663 jam
2513 1595 2689 1665 docet,
2723 1602 2815 1655 sed
2846 1605 3179 1660 testiﬁcatur.
3199 1588 3674 1668 Contradiccntibus

2088 1692 2254 1738 autem
2277 1685 2381 1737 illis
2401 1727 2414 1750 ,
2442 1686 2648 1758 inquit,
2682 1700 2725 1744 et
2752 1693 3234 1764 blasphemantibus,
3267 1703 3492 1756 excussis
3521 1705 3674 1757 vesti-

2086 1771 2176 1825 bus
2228 1775 2358 1828 dia‘it
2382 1791 2400 1829 :
2450 1778 2674 1850 Sanguis
2714 1794 2870 1838 vester
2909 1802 3062 1856 super
3104 1800 3255 1859 caput
3285 1802 3521 1848 vestrum.
3564 1795 3674 1850 lloc

2088 1864 2229 1932 facit,
2266 1877 2320 1920 ut
2352 1883 2457 1922 non
2489 1875 2654 1926 verbo
2683 1883 2908 1943 tantum,
2939 1878 3034 1933 sed
3065 1882 3224 1936 etiam
3255 1899 3419 1952 Opere
3453 1897 3670 1941 terreat:

2086 1965 2140 2010 et
2180 1957 2553 2015 vehementius
2591 1963 2860 2034 disputat,
2906 1978 3090 2039 utpote
3128 1973 3217 2042 qui
3248 1976 3428 2030 multis
3454 1993 3678 2047 persua-

2085 2048 2264 2103 sisset.
2312 2050 2536 2108 Mundus
2561 2095 2575 2118 ,
2625 2057 2832 2126 inquit,
2875 2076 2989 2115 sum
3034 2078 3124 2134 ego
3153 2080 3170 2118 :
3201 2068 3264 2118 ab
3291 2068 3384 2120 hoc
3413 2068 3481 2120 ad
3506 2079 3676 2138 gentes

2085 2142 2284 2196 vadum.
2344 2145 2408 2198 Et
2455 2163 2550 2200 nos
2603 2149 2760 2219 igitur
2811 2154 2886 2208 rei
2915 2169 3098 2211 sumus
3142 2161 3414 2229 sanguinis
3463 2176 3672 2226 eorum,

2085 2233 2171 2302 qui
2200 2234 2356 2290 nobis
2379 2240 2670 2296 concrediti
2717 2254 2840 2297 sunt
2869 2287 2882 2310 ,
2916 2261 3037 2300 cum
3070 2249 3386 2319 negligimus
3417 2266 3530 2306 eos.
3563 2251 3672 2306 lta-

2083 2340 2186 2393 que
2239 2342 2359 2382 cum
2402 2329 2568 2398 dicit,
2621 2331 2694 2387 De
2735 2346 2916 2390 ca’tero
2956 2355 3102 2393 nemo
3152 2340 3275 2394 mihi
3324 2343 3561 2396 molestus
3613 2345 3676 2397 sit

2085 2416 2104 2488 (
2133 2417 2248 2473 Cal.
2281 2420 2334 2475 6.
2371 2423 2516 2494 17),
2561 2435 2618 2479 ιιι
2665 2436 2933 2483 exterreat
2964 2430 3239 2500 loquitur:
3274 2447 3382 2487 non
3411 2434 3552 2487 enim
3585 2450 3668 2503 pe-

2081 2510 2235 2565 rinde
2253 2512 2488 2568 terrebat
2511 2515 2630 2570 illos
2652 2519 2997 2588 supplicium,
3029 2531 3086 2576 ut
3119 2522 3250 2577 illud
3278 2523 3578 2579 mordebat.
3604 2523 3672 2578 Et

2081 2601 2307 2671 migrans
2343 2604 2461 2656 inde
2485 2644 2500 2670 ,
2532 2607 2663 2660 venit
2702 2607 2755 2660 in
2785 2610 2991 2664 domum
3019 2611 3176 2667 Justi.
3204 2613 3456 2679 Transit,
3488 2613 3676 2670 volens

2082 2693 2188 2747 illis
2219 2694 2564 2763 persuadere,
2594 2698 2736 2767 quod
2767 2699 2832 2754 ad
2862 2710 3050 2770 gentes
3076 2703 3312 2758 festinet.
3343 2704 3552 2774 Crispus
3579 2723 3674 2760 au-

2084 2793 2181 2836 tem
2209 2784 2665 2857 archisynagoyus,
2697 2789 2900 2860 inquit,
2931 2793 3146 2847 credidit
3173 2794 3393 2850 Domino
3422 2813 3534 2849 cum
3570 2806 3676 2850 tota

2082 2874 2232 2928 domo
2279 2893 2393 2930 sua.
2442 2876 2576 2933 Vide
2622 2887 2746 2935 tunc
2776 2880 2963 2938 ﬁdeles
2990 2900 3109 2938 cum
3139 2893 3244 2940 tota
3272 2885 3432 2941 domo
3461 2887 3564 2942 hoc
3594 2887 3673 2942 fc-

2082 2968 2240 3022 cisse.
2283 2970 2412 3025 Post
2453 2970 2568 3028 haec
2605 2984 2785 3028 autem
2827 2976 2918 3029 alii
2957 2991 3171 3048 quoque
3211 2978 3675 3035 multicredentcs

2081 3058 2332 3129 baptizati
2361 3071 2508 3117 sunt.
2542 3065 2693 3120 llunc
2725 3065 2972 3137 Crispum
2997 3069 3128 3124 dicit
3151 3070 3632 3142 arcbisynagogum
3653 3114 3668 3136 ,

2081 3151 2150 3206 de
2180 3168 2286 3221 quo
2313 3153 2389 3208 ait
2415 3171 2428 3209 :
2462 3153 2679 3210 Nullum
2704 3155 2863 3211 alium
2893 3160 3141 3230 baptizari
3166 3203 3182 3228 ,
3219 3163 3315 3216 nisi
3356 3161 3590 3232 Crispum
3629 3173 3675 3216 et

2084 3240 2270 3296 Gaium
2301 3243 2318 3313 (
2344 3244 2396 3298 1.
2428 3243 2548 3299 Cor.
2575 3249 2630 3301 1.
2665 3248 2731 3302 14
2757 3247 2805 3319 ).
2831 3249 2969 3304 Puto
2993 3260 3172 3305 autem
3200 3251 3342 3306 hunc
3371 3261 3425 3306 et
3447 3252 3672 3308 Sosthe-

2083 3349 2203 3387 ncm
2231 3335 2334 3388 dici
2362 3377 2377 3403 ,
2411 3336 2498 3405 qui
2525 3338 2606 3391 vir
2636 3338 2773 3394 adeo
2794 3339 2968 3394 fidelis
2991 3340 3107 3409 fuit,
3134 3351 3190 3396 ut
3209 3358 3495 3412 percussus
3515 3342 3674 3398 fuerit

2084 3437 2137 3480 et
2166 3441 2378 3498 semper
2407 3429 2572 3483 Paulo
2601 3429 2856 3489 adiuerit.
2883 3431 3025 3486 Dixit
3055 3445 3242 3500 autem,
3276 3435 3466 3506 inquit,
3493 3435 3675 3490 Domi-

2083 3536 2177 3572 nus
2207 3537 2296 3588 per
2323 3521 2563 3576 visionem
2591 3523 2643 3576 in
2669 3533 2812 3578 nocte
2848 3524 3052 3579 Paulo:
3079 3525 3205 3580 Noli
3232 3527 3405 3581 timere
3425 3567 3441 3592 ,
3472 3529 3562 3583 sed
3597 3529 3676 3582 lo-

2083 3631 2252 3682 gnere.
2299 3614 2425 3670 ideo
2465 3615 2638 3672 multo
2675 3617 2746 3672 ibi
2792 3627 3033 3686 tempore
3075 3628 3291 3674 manet:
3338 3620 3389 3673 id
3418 3621 3559 3675 enim
3596 3619 3672 3674 illi

2085 3709 2252 3762 suasit
2283 3708 2591 3777 multitudo,
2620 3709 2715 3765 sed
2757 3710 3094 3765 familiaritas
3117 3711 3315 3766 Christi
3342 3714 3530 3783 magis.
3564 3712 3675 3766 Ma-

2079 3802 2170 3870 jus
2202 3803 2347 3856 enim
2374 3810 2499 3856 tunc
2522 3810 2639 3854 erat
2667 3803 2957 3870 periculum
2982 3845 2996 3868 ,
3036 3804 3221 3858 multis
3247 3804 3592 3860 credentibus
3619 3816 3674 3860 et

2086 3896 2204 3964 ipso
2225 3895 2667 3965 areliisynagogo.
2696 3896 2746 3949 Ν
2753 3896 2823 3950 ali
2844 3898 3038 3964 timere,
3066 3897 3252 3967 inquit.
3277 3897 3388 3952 lloc
3409 3899 3538 3953 satis
3558 3908 3675 3952 erat

2083 3988 2149 4042 ad
2187 3989 2333 4041 illum
2363 3987 2704 4042 excitandum
2738 4029 2751 4052 ,
2775 3990 2898 4057 quia
2930 3990 3120 4044 timere
3145 3989 3515 4060 deprehensus
3537 3990 3669 4056 fuit;

2085 4081 2186 4134 nisi
2235 4080 2376 4135 forte
2417 4096 2523 4134 non
2576 4082 2768 4136 timere
2816 4080 3314 4150 sitdeprebensus,
3343 4081 3437 4136 sed
3459 4080 3673 4136 confor-

2086 4182 2226 4226 tetur
2271 4179 2328 4224 ut
2363 4171 2494 4225 nihil
2546 4173 2654 4226 tale
2685 4174 2934 4240 patiatur.
2973 4172 3089 4226 Non
3129 4173 3274 4227 enim
3306 4187 3522 4242 semper
3552 4175 3673 4229 illos

2085 4265 2224 4320 male
2267 4264 2374 4333 pati
2419 4264 2670 4328 sinebat,
2712 4278 2780 4317 ne
2828 4265 3152 4318 infirmiores
3191 4264 3504 4320 evaderent.
3530 4265 3670 4320 Nihil

2083 4359 2225 4413 enim
2264 4358 2333 4410 ita
2381 4356 2602 4410 Paulum
2635 4370 2866 4411 maerore
2905 4355 3206 4422 afficiebat,
3252 4357 3588 4412 utincreduli
3619 4370 3674 4412 et

2085 4449 2558 4505 contradicentes:
2607 4447 2710 4502 hoc
2752 4447 2881 4516 ipsis
2924 4447 3177 4515 periculis
3208 4447 3487 4501 molestius
3533 4459 3670 4502 erat.

2086 4542 2153 4595 Et
2190 4558 2252 4595 ne
2291 4551 2486 4605 taceas,
2522 4539 2729 4608 inquit,
2774 4539 2893 4609 quia
2921 4539 3111 4592 multus
3133 4539 3256 4592 mihi
3285 4541 3502 4608 papulas
3525 4542 3673 4594 estin

2087 4633 2181 4684 hac
2207 4632 2424 4685 civitate.
2459 4629 2582 4683 Ideo
2625 4629 2850 4683 fortasse
2898 4629 2970 4682 illi
2999 4628 3244 4684 Christus
3271 4639 3509 4700 apparet.
3544 4630 3674 4685 Gal-

2086 4727 2220 4781 lione
2239 4735 2441 4790 autem,
2476 4724 2644 4793 inquit
2667 4765 2680 4786 ,
2712 4722 3011 4793 proconsule
3036 4722 3264 4790 Achaiae,
3291 4724 3673 4779 insurrexerunt

2085 4837 2189 4874 uno
2217 4820 2388 4873 animo
2411 4819 2586 4872 ,ιιιάωὶ
2607 4819 2658 4871 in
2688 4816 2933 4872 Paulum.
2961 4817 3114 4883 Vide,
3139 4827 3260 4886 post
3281 4834 3480 4873 annum
3501 4829 3553 4875 et
3581 4834 3672 4873 sex

2086 4927 2304 4969 menses
2341 4912 2624 4981 insurgunt
2651 4911 2704 4964 in
2738 4925 2882 4976 eum,
2915 4909 3126 4979 quando
3153 4913 3261 4978 jam
3294 4927 3399 4965 non
3432 4921 3674 4980 poterant

2087 5005 2198 5060 suis
2226 5003 2300 5058 uti
2331 5002 2556 5071 legibus.
2601 5000 2712 5054 lloc
2738 5001 2967 5054 maxime
2996 4998 3304 5054 Corinthios
3340 5000 3669 5066 extoliebat,

2088 5097 2230 5166 quod
2257 5094 2500 5166 persuasi
2525 5102 2707 5149 essent
2728 5094 3022 5164 principem
3045 5109 3150 5148 non
3174 5107 3295 5149 sese
3315 5093 3672 5148 demissurum

2088 5204 2228 5244 esse.
2259 5187 2374 5243 Non
2401 5189 2544 5242 enim
2571 5187 2710 5242 idem
2741 5197 2858 5242 erat
2886 5202 2953 5242 ex
2982 5187 3331 5242 contentione
3357 5187 3592 5252 vincere,
3621 5197 3676 5242 et

2088 5283 2298 5336 discere
2320 5281 2491 5350 ipsum
2525 5281 2639 5335 lure
2667 5283 2873 5352 negotia
2903 5281 3034 5335 nihil
3063 5297 3274 5335 curare.
3317 5280 3382 5336 Et
3406 5282 3675 5350 perpende

2089 5390 2246 5445 quam
2278 5374 2512 5444 prudens
2539 5375 2628 5428 ille
2660 5384 2824 5429 esset.
2853 5375 2969 5429 Non
2997 5375 3140 5428 enim
3169 5375 3348 5429 statim
3375 5377 3672 5444 respondit,

2090 5467 2228 5521 Nihil
2255 5481 2417 5529 curo;
2451 5465 2546 5521 sed
2573 5467 2739 5535 quid?
2767 5466 2828 5522 Si
2856 5467 3056 5536 quidem
3078 5478 3205 5519 esset
3226 5466 3452 5536 iniquum
3480 5469 3675 5538 aliquid

2090 5570 2176 5612 aut
2201 5559 2396 5629 facinus
2427 5559 2719 5627 pessimum,
2750 5575 2778 5611 ο
2801 5557 2993 5622 Judwi,
3015 5568 3146 5610 recte
3167 5573 3252 5610 vos
3279 5559 3571 5611 sustinerem
3591 5577 3610 5624 ;
3632 5561 3676 5613 si

2089 5668 2202 5704 vero
2225 5651 2432 5719 qmestio
2459 5658 2531 5703 est
2553 5650 2614 5702 de
2638 5650 2797 5702 verbis
2826 5659 2870 5702 et
2896 5648 3180 5703 nominibus
3205 5659 3252 5702 et
3273 5649 3335 5704 de
3361 5650 3467 5720 lege
3487 5659 3670 5711 vestra,

2089 5758 2174 5795 vos
2195 5743 2290 5811 ipsi
2320 5741 2538 5794 videritis
2562 5757 2581 5793 :
2601 5741 2766 5810 judex
2811 5757 2902 5811 ego
2924 5741 3106 5794 horum
3127 5741 3246 5794 nolo
3276 5757 3401 5796 esse.
3435 5741 3674 5795 Exclusit

2094 5850 2175 5886 eos
2204 5849 2234 5885 a
2266 5833 2522 5887 tribunali.
2571 5831 2864 5905 Splendida
2897 5832 2992 5889 fuit
3014 5832 3256 5890 victoria.
3291 5833 3673 5905 Apprchensum
