4104 6148
433 341 542 399 ετξ)

435 468 602 512 autem
641 453 936 510 Sosthenem
975 450 1255 522 principem
1298 463 1572 519 synagogte
1594 487 1606 511 ,
1663 454 2017 516 percusserunt

436 560 553 604 ante
595 545 835 602 tribunal.
880 543 947 599 Et
988 544 1116 598 nihil
1161 559 1335 598 eorum
1380 540 1604 595 Gallioni
1641 554 1777 592 cura:
1815 547 1943 592 erat.
1973 537 2018 591 Ο

437 641 839 712 turpitudinem,
867 654 1028 710 quant
1057 637 1308 692 subiere!
1336 635 1402 689 Et
1423 633 1552 687 nihil
1571 648 1742 687 eorum
1763 673 1778 699 ,
1810 631 2016 700 inquit,

440 733 665 787 Gallioni
707 747 842 786 curre
893 739 1000 783 erat
1037 745 1056 793 ,'
1084 729 1185 783 etsi
1225 735 1388 780 totum
1418 725 1469 779 in
1498 724 1614 792 ejus
1643 720 2019 777 contumeliam

442 834 704 894 vergeret.
730 822 835 878 Sed
867 821 941 876 illi
967 820 1119 890 quasi
1151 827 1411 887 potestate
1439 821 1656 883 accepta
1689 811 2014 884 percutiunt,

442 916 646 986 pudore
667 914 865 976 allecti,
891 911 1147 982 illegitimi
1178 909 1376 964 furoris
1401 922 1537 977 opus
1557 906 1801 960 edentes.
1835 903 1904 957 Et
1924 917 2022 956 cur

445 1007 534 1062 ille
555 1020 660 1059 non
686 1003 921 1058 vicissim
951 1001 1236 1072 percussit,
1269 999 1373 1055 etsi
1402 1005 1721 1068 potestatem
1753 994 1974 1048 haberet
1998 992 2020 1046 ?

446 1095 548 1152 Sed
570 1093 933 1165 philosophari
959 1091 1340 1147 edocebantur.
1366 1089 1474 1144 Nec
1500 1089 1736 1142 vicissim
1770 1083 2021 1155 percutit,

447 1197 505 1240 ιιι
525 1186 687 1255 judex
717 1185 988 1240 edisceret
1010 1225 1024 1248 ,
1051 1184 1169 1253 quis
1197 1182 1526 1237 mansuetior
1552 1187 1714 1235 esset.
1748 1177 1860 1232 lloc
1888 1191 2025 1246 pra:-

440 1279 684 1333 seutibus
731 1295 836 1353 non
881 1290 1066 1348 parum
1116 1275 1358 1345 profuit:
1405 1273 1589 1328 docuit
1642 1272 1784 1326 enim
1830 1269 2023 1324 horum

448 1371 692 1439 aequitas,
719 1371 1038 1439 illorumque
1065 1368 1283 1430 ferocia,
1311 1367 1426 1420 hanc
1449 1365 1644 1435 judicis
1665 1364 1871 1419 calculo
1893 1376 2028 1431 opus

443 1460 716 1517 habuisse.
749 1463 817 1516 At
847 1460 899 1514 hi
923 1461 1100 1515 omnia
1120 1460 1252 1514 citra
1282 1458 1525 1513 ordinem
1557 1457 1778 1512 faciunt.
1806 1453 1916 1510 Nec
1941 1454 2027 1510 di-

445 1555 523 1606 xit
548 1555 658 1618 ille,
687 1553 804 1608 Non
835 1563 1082 1622 oportet,
1114 1567 1180 1607 ne
1211 1566 1425 1607 rursum
1457 1559 1798 1620 percutercnt
1841 1548 2026 1616 illum,

436 1644 555 1706 sed,
590 1642 746 1697 Nolo.
773 1643 945 1698 Iudex
969 1644 1101 1698 enim
1130 1645 1309 1698 horum
1333 1659 1442 1697 esse
1465 1643 1581 1696 nolo
1611 1641 1785 1695 :adeo
1809 1640 2030 1710 arquite-

443 1735 509 1786 tis
558 1749 744 1790 amans
791 1743 925 1790 erat.
963 1734 1075 1789 Hoc
1112 1743 1166 1789 et
1207 1734 1411 1788 Pilatus
1442 1733 1655 1788 dicebat
1683 1732 1748 1786 de
1769 1731 2026 1786 Christo:

444 1824 668 1895 Accipite
696 1841 809 1878 eum
837 1841 945 1892 vos,
991 1834 1037 1879 et
1066 1825 1342 1878 secundum
1376 1822 1534 1894 legem
1571 1831 1783 1877 vestram
1802 1822 2032 1893 judicate

452 1917 471 1985 ('
493 1916 649 1970 Joan.
697 1917 784 1972 l8.
830 1915 960 1989 51).
999 1916 1096 1972 llle
1135 1916 1430 1971 secundum
1469 1917 1638 1986 legem
1670 1915 1885 1970 volebat
1914 1917 2032 1970 illos

445 2006 725 2073 iudicare;
778 2009 855 2063 illi
909 2023 1036 2064 vero
1081 2009 1233 2078 quasi
1272 2008 1404 2062 ebrii
1451 2017 1504 2063 et
1553 2006 1825 2062 furibundi
1856 2007 2032 2064 allecti

443 2109 617 2153 erant.
661 2099 786 2155 Ideo
833 2101 924 2156 ille
967 2100 1194 2154 Athenis
1232 2100 1492 2163 secessit,
1526 2100 1658 2166 Quia
1682 2101 1903 2170 populus
1926 2100 2034 2154 illic

454 2199 561 2242 erat
589 2191 797 2246 multus.
831 2191 1255 2256 Percutiebatur,
1287 2198 1341 2245 et
1369 2190 1498 2244 nihil
1520 2189 1750 2246 dicebat.

523 2284 574 2337 5.
617 2280 963 2337 Mansuetudo
1007 2284 1404 2338 commendatur.
1462 2284 1778 2338 Contumelia
1819 2285 2036 2355 aﬂ’iciens

451 2373 611 2444 magis
639 2373 990 2441 contemnitur,
1021 2389 1172 2443 quam
1199 2374 1498 2428 contumelia
1528 2372 1758 2440 a/fectus.
1787 2404 1858 2413 —
1886 2374 2038 2429 Hunc

458 2471 512 2515 et
538 2477 635 2516 nos
658 2463 930 2516 imitemur
956 2480 968 2515 :
998 2463 1416 2532 percutientibus
1439 2463 1845 2519 mansuetudine
1867 2464 2035 2519 vicem

455 2552 813 2622 rependatnus
837 2593 852 2620 ,
893 2553 1142 2622 silentio,
1184 2555 1458 2624 patientia.
1494 2555 1620 2610 llaec
1665 2557 1882 2610 vulnera
1914 2563 2039 2610 sunt

463 2644 741 2714 graviora;
773 2644 944 2714 major
961 2645 1111 2715 plaga
1136 2654 1191 2701 ct
1217 2646 1494 2701 molestior
1517 2655 1601 2702 est
1631 2666 1644 2702 :
1675 2661 1779 2702 non
1810 2648 1952 2704 enim
1984 2648 2037 2704 in

461 2749 728 2804 corpore,
779 2734 874 2790 sed
923 2736 978 2791 in
1017 2736 1198 2792 animo
1243 2738 1446 2807 percuti
1492 2752 1655 2807 grave
1702 2747 1803 2794 est.
1849 2738 2040 2795 Multos

463 2828 811 2903 percutimus,
841 2829 936 2884 sed
962 2829 1084 2900 quia
1107 2839 1164 2884 ut
1195 2831 1397 2886 amicos
1419 2872 1432 2896 ,
1460 2830 1798 2887 delectantur
1829 2833 1926 2903 ipsi
1952 2849 1966 2899 ;
1995 2832 2039 2888 si

455 2934 584 2974 vero
608 2921 849 2990 quemvis
876 2936 998 2976 cum
1024 2922 1348 2977 contumelia
1395 2925 1726 2992 percusseris
1751 2967 1766 2991 ,
1799 2925 1921 2995 quia
1949 2940 2044 2980 cor

456 3010 712 3080 tetigisti,
743 3025 994 3079 magnum
1024 3011 1252 3065 intulisti
1277 3025 1566 3067 mterorem
1599 3031 1610 3066 :
1650 3014 1724 3067 ita
1750 3015 1922 3085 magis
1950 3029 2045 3070 cor

458 3100 636 3167 ipsum
665 3101 1016 3168 percutimus.
1045 3101 1201 3169 Quod
1227 3111 1406 3158 autem
1437 3103 1630 3159 lenitas
1656 3106 1825 3176 magis
1851 3106 2002 3162 feriat
2027 3148 2042 3173 ,

460 3206 621 3260 quam
664 3190 883 3258 ferocia,
913 3207 1010 3263 age
1053 3208 1150 3263 pro
1182 3194 1322 3248 virili
1349 3195 1792 3252 demonstremus.
1820 3198 2047 3256 Manife-

461 3291 544 3336 sta
573 3282 789 3353 quidem
817 3283 1202 3342 demoustratio
1229 3302 1392 3358 opere
1411 3288 1471 3342 tit
1490 3297 1544 3344 et
1564 3291 1932 3360 experimento
1959 3310 1972 3348 :
2000 3294 2047 3350 si

467 3384 644 3431 tamen
676 3375 887 3444 placet,
912 3377 1072 3431 etiam
1101 3391 1350 3434 sermone
1375 3380 1742 3437 examinemus
1766 3423 1782 3449 ,
1805 3385 2047 3454 quamvis

467 3465 518 3519 id
545 3465 656 3534 jam
682 3480 826 3536 saepe
881 3466 1188 3524 fecerimus.
1217 3469 1276 3525 In
1315 3470 1657 3529 contumeliis
1682 3474 1813 3530 nihil
1841 3475 1912 3531 ita
1950 3492 2048 3534 nos

472 3554 613 3609 male
637 3555 801 3609 afficit
827 3597 841 3619 ,
873 3565 933 3611 ιιι
959 3559 1318 3627 spectantium
1348 3560 1585 3616 calculus
1610 3579 1624 3618 :
1654 3578 1763 3619 non
1787 3566 1930 3620 enim
1954 3581 2062 3640 par_

473 3658 560 3697 res
589 3654 670 3698 est
698 3645 910 3713 publice
941 3649 1266 3704 contumelia
1293 3650 1456 3717 afﬁci,
1480 3661 1640 3724 atque
1659 3655 1885 3712 seorsim
1911 3674 1925 3724 ;
1954 3658 2048 3714 sed

469 3733 589 3787 illas
619 3734 774 3791 facile
797 3736 1020 3794 ferimus
1047 3742 1418 3808 contumelias,
1443 3760 1562 3815 qua:
1588 3745 1639 3800 in
1665 3746 1902 3814 deserto,
1931 3765 2052 3819 quae

475 3827 688 3882 nemine
723 3836 857 3884 teste
894 3831 980 3886 vel
1022 3831 1224 3890 sciente
1265 3834 1587 3892 inferuntur.
1618 3837 1708 3895 Sic
1729 3854 1835 3894 non
1864 3850 2052 3896 contu-

475 3917 648 3972 meliae
692 3929 881 3976 natura
908 3931 991 3977 est
1014 3963 1030 3989 ,
1059 3939 1177 3994 qua:
1207 3926 1346 3982 male
1372 3927 1538 3982 afﬁcit
1557 3969 1572 3992 ,
1605 3929 1698 3985 sed
1726 3945 1848 3986 cum
1875 3934 2050 4002 palam

476 4007 702 4064 infertur
741 4029 756 4065 :
811 4021 868 4067 ut
912 4015 957 4068 si
989 4015 1110 4085 quis
1155 4017 1363 4087 publice
1411 4019 1674 4088 honoret,
1725 4032 1780 4078 et
1827 4026 2050 4080 seorsim

473 4102 794 4156 contumelia
821 4103 1041 4174 afficiat,
1065 4107 1112 4161 ei
1134 4110 1358 4178 gratiam
1382 4109 1717 4168 habebimus.
1741 4113 1925 4182 itaque
1947 4130 2052 4168 non

471 4191 528 4244 in
558 4201 742 4247 natura
771 4197 1110 4252 contumelia:
1139 4198 1296 4254 dolor
1322 4209 1406 4256 est
1429 4243 1446 4269 ,
1479 4201 1571 4257 sed
1613 4203 1666 4257 in
1695 4205 2054 4274 spectantium

473 4285 703 4351 calculo,
726 4305 794 4344 ne
823 4289 950 4346 hinc
981 4292 1035 4346 in
1063 4302 1430 4364 contemptum
1459 4295 1700 4352 cadatur.
1729 4298 1867 4364 Quid
1895 4297 2058 4369 igitur

476 4375 521 4429 si
553 4387 880 4446 spectatores
929 4398 1027 4452 pro
1076 4385 1232 4440 nobis
1283 4387 1429 4442 sint?
1473 4402 1651 4443 annon
1697 4399 1824 4445 tunc
1853 4391 1929 4457 is,
1966 4391 2056 4460 qui

474 4471 851 4526 contumeliam
897 4473 1091 4542 infert,
1135 4476 1282 4530 illam
1309 4477 1533 4546 accipit,
1566 4493 1686 4532 cum
1725 4482 2057 4549 Spectatores

479 4572 577 4627 pro
625 4560 780 4616 nobis
827 4563 1088 4618 calculum
1138 4565 1362 4621 ferunt?
1407 4568 1500 4622 Dic
1530 4567 1689 4635 tnihi,
1723 4579 1898 4626 utrum
1927 4587 2060 4627 con-

476 4657 725 4703 temnunt
745 4649 850 4716 illi,
883 4666 1078 4708 eumue
1103 4656 1194 4724 qui
1216 4657 1596 4711 contumeliam
1622 4658 1801 4725 infert,
1834 4675 1902 4714 an
1934 4677 2057 4716 cum

475 4739 567 4822 qui
613 4739 758 4796 illam
798 4742 993 4812 accipit
1031 4753 1086 4799 et
1122 4748 1304 4801 tacet?
1343 4746 1426 4802 Ira
1453 4757 1601 4804 certe
1640 4752 1877 4821 suggerit
1907 4751 2059 4809 illum

481 4847 637 4899 esse,
666 4835 755 4904 qui
801 4837 1181 4893 contumeliam
1222 4841 1436 4911 accipit.
1482 4841 1632 4898 Nunc
1657 4859 1808 4914 vero,
1839 4861 1958 4900 cum
1990 4847 2058 4902 ab

482 4925 645 4978 animi
700 4937 850 4982 motu
897 4928 1050 4985 liberi
1097 4945 1315 4998 sumus,
1366 4933 1759 5004 perpendamus
1815 4954 1882 4995 ne
1935 4950 2060 4996 tunc

484 5017 830 5088 abripiamur.
859 5020 1049 5077 Utrum
1079 5037 1207 5094 ergo
1250 5023 1567 5082 damnamus
1593 5029 1823 5086 omnes?
1869 5032 2058 5087 Procul

477 5107 639 5164 dubio
673 5113 1051 5167 contumeliam
1104 5113 1470 5183 inferentem;
1522 5127 1571 5173 et
1627 5121 1672 5174 si
1725 5121 1902 5178 minor
1953 5125 2058 5193 sit,

465 5199 638 5279 etiam
669 5201 906 5258 insanire
936 5203 1085 5258 illum
1114 5203 1390 5269 dicemus;
1420 5207 1463 5262 si
1501 5211 1740 5279 :equalis,
1773 5212 2055 5283 desipere;

477 5289 524 5344 si
572 5293 769 5361 major,
824 5307 999 5362 neque
1043 5293 1122 5348 sic
1166 5295 1600 5364 approbabimus.
1659 5300 1806 5368 Uter,
1853 5317 2056 5372 quaeso,

481 5381 865 5448 approbatione
889 5383 1082 5455 dignus
1109 5393 1210 5450 est,
1241 5385 1331 5456 qui
1361 5389 1626 5456 turbatur,
1650 5392 1900 5460 agitatur,
1933 5394 2063 5449 clle-

485 5481 650 5538 ratur,
682 5486 866 5531 contra
889 5493 1228 5534 communem
1256 5489 1497 5537 naturam
1531 5484 1609 5538 sic
1635 5484 1884 5553 affectus;
1918 5504 1984 5542 an
2019 5488 2062 5543 is

485 5563 574 5630 qui
599 5565 650 5618 in
681 5571 1068 5639 tranquillitate
1095 5571 1259 5642 degit,
1289 5572 1342 5628 in
1375 5585 1534 5644 portu
1562 5587 1617 5631 et
1647 5579 1696 5631 in
1724 5578 2061 5648 philosophia

484 5654 686 5710 multa?
717 5673 893 5716 annon
937 5662 1023 5718 hic
1058 5665 1251 5735 angelo
1276 5667 1468 5722 similis
1490 5677 1572 5723 est
1594 5707 1611 5733 ,
1643 5669 1733 5724 ille
1762 5685 1828 5724 ne
1857 5671 2060 5727 homini

483 5744 709 5813 quidem.
747 5751 839 5806 llic
869 5767 1098 5825 namque
1139 5772 1206 5812 ne
1229 5759 1441 5828 propria
1469 5760 1684 5831 quidem
1715 5772 1887 5833 potest
1913 5767 2049 5823 mala

1113 335 1170 392 S.
1209 330 1487 390 JOANNIS
1514 329 1999 388 CIIRYSOSTOMI'
2025 327 2340 384 ARCIIIEP.
2383 327 2912 386 CONSTANTINOP.

3605 330 3706 384 280

2132 452 2345 512 portare
2365 485 2380 508 ,
2416 443 2506 498 ille
2535 457 2665 498 vero
2691 443 2794 498 fert
2823 444 2982 498 etiam
3016 442 3185 497 aliena
3213 460 3226 498 :
3262 442 3346 497 hic
3378 456 3446 497 ne
3476 441 3708 510 seipsqu

2126 535 2338 604 quidem
2370 534 2510 590 ferre
2539 537 2728 603 potuit,
2747 533 2847 590 ille
2874 536 3043 605 potuit
3070 544 3124 589 et
3147 534 3310 589 alium
3337 552 3351 588 :
3383 535 3474 589 ille
3501 538 3558 588 in
3585 551 3711 588 nau-

2126 625 2292 696 fragio
2319 637 2421 692 est,
2453 627 2540 683 hic
2571 629 2625 682 in
2656 638 2769 683 tuto
2797 629 3009 700 navigat
3033 644 3096 683 ac
3121 629 3356 683 secundo
3378 644 3538 684 cursu
3565 630 3713 684 navis

2125 717 2333 774 fertur:
2381 734 2556 789 neque
2592 721 2734 775 enim
2761 721 3006 791 permisit
3035 721 3231 776 furoris
3261 728 3479 775 ventum
3513 720 3565 774 iu
3599 723 3713 776 vela

2127 812 2479 877 incidentem,
2510 814 2673 868 animi
2699 830 2886 870 navem
2918 815 3267 886 submergere
3287 857 3300 881 ,
3335 816 3427 871 sed
3452 816 3588 870 lenis
3618 816 3717 871 be-

2126 905 2397 974 nignitatis
2448 922 2577 962 aura
2598 949 2613 974 ,
2654 923 2773 963 cum
2802 910 2982 978 quiete
3013 909 3174 963 multa
3207 909 3356 964 illum
3387 911 3440 963 in
3473 909 3714 979 philoso-

2124 997 2266 1068 phia:
2302 1009 2511 1068 portum
2545 1000 2768 1054 inducit.
2798 1001 2861 1054 Et
2891 1001 3029 1055 sicut
3054 1001 3104 1054 in
3135 1000 3290 1066 navi,
3321 1015 3443 1070 qum
3469 1001 3717 1055 submer-

2127 1089 2268 1158 gitur
2291 1075 2312 1156 ,I
2341 1099 2514 1145 nauta:
2541 1091 2786 1145 nesciunt
2815 1106 2933 1161 qua:
2965 1090 3223 1160 abjiciant
3246 1131 3261 1156 ,
3296 1105 3364 1144 an
3393 1105 3614 1144 suorum
3647 1105 3713 1144 an

2129 1180 2428 1234 alienorum
2478 1181 2752 1251 deposita,
2803 1181 2898 1235 sed
2945 1181 3183 1236 omnium
3225 1182 3428 1250 pariter
3451 1181 3715 1250 jacturam

2132 1271 2365 1337 faciunt,
2411 1273 2808 1341 pretiosorum,
2853 1282 2909 1327 et
2944 1273 3166 1328 minime
3205 1273 3423 1337 talium;
3468 1273 3555 1326 ubi
3593 1287 3720 1327 vero

2133 1371 2425 1431 tempestas
2451 1363 2632 1418 sedata
2655 1373 2739 1420 est
2771 1405 2785 1430 ,
2818 1374 2944 1418 tunc
2974 1379 3153 1418 secum
3183 1372 3492 1433 reputantes
3519 1371 3721 1432 quanta

2132 1453 2474 1522 projccerint,
2511 1455 2896 1524 lacrymantur,
2924 1471 3023 1510 nec
3053 1455 3343 1524 tranquillo
3372 1470 3500 1509 acre
3530 1455 3718 1508 fruun-

2136 1555 2243 1610 tur,
2295 1547 2366 1599 ob
2405 1547 2670 1614 jacturam
2705 1565 2718 1601 :
2779 1549 2848 1601 ita
2903 1557 2957 1602 et
3001 1547 3122 1612 hic,
3155 1563 3276 1602 cum
3303 1548 3468 1617 spirat
3497 1548 3644 1602 furor
3667 1555 3723 1602 et

2134 1645 2427 1706 tempestas
2453 1639 2736 1699 excitatur,
2764 1639 3009 1694 nesciunt
3039 1655 3158 1707 qua:
3187 1639 3369 1694 debito
3397 1638 3587 1694 ordine
3617 1637 3720 1706 eji-

2134 1743 2258 1784 cere
2285 1738 2560 1798 oporteat;
2581 1730 2669 1784 ubi
2697 1746 2824 1785 vero
2845 1730 3076 1785 cessavit
3091 1731 3190 1792 ira.
3216 1739 3342 1785 tunc
3364 1729 3723 1799 recogitantes

2136 1829 2344 1900 quanta
2365 1819 2682 1887 abjeccriut,
2713 1820 2966 1874 damnum
2998 1821 3380 1888 considerant,
3411 1829 3464 1875 et
3491 1819 3725 1890 quietem

2137 1925 2242 1964 non
2274 1912 2512 1966 sentiunt
2535 1953 2550 1973 ,
2585 1926 2852 1966 memores
2883 1913 3167 1967 verborum
3193 1953 3208 1980 ,
3241 1912 3435 1982 quibus
3466 1925 3525 1965 se
3551 1909 3725 1966 deho-

2139 2012 2436 2070 nestarunt,
2466 2004 2825 2074 damnumque
2853 2005 3142 2059 maximum
3168 2005 3309 2074 passi
3341 2014 3464 2058 sunt
3487 2044 3502 2070 ,
3535 2017 3640 2056 non
3669 2002 3725 2056 in

2139 2095 2380 2165 pecuniis
2402 2137 2417 2161 ,
2450 2094 2546 2151 sed
2584 2096 2636 2150 in
2665 2096 3061 2150 existimatione
3089 2095 3353 2165 mquitatis
3379 2104 3431 2149 et
3469 2108 3727 2148 mansue~

2147 2192 2526 2247 tudinis.Vera:
2556 2192 2794 2247 tenebrat
2811 2201 2931 2246 sunt
2956 2190 3103 2245 furor
3123 2199 3177 2246 et
3198 2191 3294 2244 ira.
3321 2188 3464 2243 Dixit
3485 2188 3732 2258 insipiens

2139 2284 2193 2337 in
2217 2284 2367 2337 corde
2396 2300 2516 2347 suo,
2552 2283 2757 2352 inquit,
2789 2281 2907 2336 Non
2931 2292 3000 2335 est
3037 2281 3173 2335 Deus
3201 2281 3218 2352 (
3249 2279 3391 2333 l’sul.
3425 2280 3512 2334 13.
3547 2279 3635 2347 1).
3670 2276 3731 2331 ld

2142 2375 2278 2430 forte
2321 2374 2389 2430 de
2429 2375 2568 2429 irato
2615 2385 2914 2443 opportune
2945 2373 3190 2428 dicatur:
3221 2373 3353 2427 dixit
3386 2372 3574 2440 iratus,
3609 2371 3730 2426 Non

2141 2474 2225 2522 est
2253 2467 2410 2522 Deus.
2441 2466 2570 2520 Nam
2607 2466 2899 2520 Secundum
2939 2466 3313 2519 multitudinem
3351 2466 3444 2518 irae
3481 2479 3588 2518 sua:
3625 2479 3732 2517 non

2143 2570 2330 2628 qureret
2371 2561 2388 2618 (
2421 2558 2562 2613 Psal.
2605 2559 2692 2613 10.
2724 2560 2776 2613 4.
2809 2575 2907 2613 sec.
2943 2556 3098 2612 Hebr.
3129 2557 3186 2627 ),
3217 2557 3408 2626 inquit.
3450 2556 3543 2610 Pia
3585 2555 3730 2609 enim

2143 2652 2396 2721 Cogitatio
2442 2652 2679 2719 ingressa
2707 2663 2896 2705 omnes
2937 2649 3157 2718 depellit
3199 2657 3254 2703 et
3299 2647 3494 2717 pulsat,
3540 2661 3741 2702 omnes

2146 2751 2481 2798 transversos
2518 2744 2645 2812 agit.
2688 2741 2803 2797 Nisi
2854 2751 2907 2797 tu
2939 2742 3106 2811 magis
3134 2741 3318 2796 doleas
3340 2781 3353 2805 ,
3383 2755 3538 2809 quam
3569 2739 3616 2792 is
3638 2737 3732 2792 cui

2145 2834 2466 2890 contumelia
2492 2833 2736 2902 infertur,
2768 2833 2905 2888 infer
2934 2833 3104 2898 illam,
3133 2831 3342 2886 etiamsi
3363 2831 3538 2886 nullus
3555 2830 3734 2899 sitqui

2146 2935 2362 2980 accuset
2391 2944 2404 2978 :
2434 2925 2535 2980 nisi
2561 2925 2906 2980 conscientia:
2934 2924 3162 2978 tribunal
3183 2932 3233 2977 te
3259 2923 3484 2978 scorsim
3511 2921 3733 2976 ductum

2147 3016 2339 3071 millies
2365 3017 2632 3071 verberet.
2658 3015 2792 3070 Cum
2824 3030 2952 3086 ergo
2978 3014 3212 3070 audieris
3240 3012 3568 3068 contumelia
3597 3012 3734 3068 affe-

2147 3116 2316 3176 ctum,
2343 3122 2584 3161 amarum
2616 3107 2819 3161 nullum
2839 3106 3058 3161 verbum
3082 3104 3386 3175 protulisse,
3410 3118 3588 3160 nonne
3609 3103 3737 3160 hinc

2149 3201 2318 3271 magis
2343 3199 2532 3255 doles?
2570 3198 2824 3266 Dicmihi,
2857 3197 3124 3269 quomodo
3175 3197 3448 3252 hominem
3502 3197 3687 3250 mitem
3717 3238 3732 3262 ,

2152 3294 2428 3361 humilem,
2460 3292 2764 3348 modestum
2799 3293 2946 3348 mille
2990 3291 3244 3347 conviciis
3291 3289 3570 3346 onerasti?
3611 3289 3739 3344 ll:ec

2151 3388 2459 3458 frequenter
2478 3386 2706 3441 dicimus
2733 3426 2748 3452 ,
2781 3400 2955 3456 neque
2984 3399 3147 3454 opere
3176 3383 3444 3452 completa
3469 3381 3734 3436 videmus.

2154 3477 2326 3533 llomo
2354 3476 2594 3544 cum‘sis,
2627 3475 2896 3532 hominem
2943 3474 3266 3530 contumelia
3291 3472 3499 3527 afﬁcis?
3547 3485 3740 3526 servus

2152 3568 2508 3624 conservum?
2555 3566 2662 3623 Sed
2717 3566 2842 3636 quid
2900 3565 3004 3620 hoc
3054 3564 3310 3632 admiror,
3343 3562 3557 3635 quando
3583 3561 3741 3617 multi

2155 3662 2322 3717 Deum
2349 3661 2524 3734 ipsum
2555 3658 2880 3713 contumelia
2910 3656 3168 3712 afficiunt.

2224 3753 2280 3808 4.
2329 3751 2440 3807 Hoc
2478 3751 2630 3806 vobis
2676 3749 3000 3804 contumelia
3048 3747 3252 3802 allectis
3295 3747 3365 3801 sit
3415 3743 3740 3801 consolatio.

2156 3845 2488 3903 Contumelia
2538 3842 2846 3898 afticimini?
2892 3839 3230 3895 Contumelia
3283 3838 3514 3894 afficitur
3564 3837 3740 3900 Deus;

2157 3938 2392 3993 convicia
2419 3936 2605 3990 fertis?
2633 3935 2880 3991 Convicia
2903 3933 3008 3989 fert
3027 3933 3204 3997 Deus;
3233 3930 3626 4001 conspuimini?
3653 3929 3744 3984 Sic

2157 4041 2212 4086 et
2241 4031 2496 4084 Dominus
2525 4036 2727 4083 noster.
2757 4027 2815 4081 ln
2845 4026 2927 4081 his
2948 4040 3076 4096 ergo
3097 4024 3375 4080 nobiscum
3399 4031 3502 4089 est,
3535 4023 3586 4076 in
3612 4036 3745 4076 con-

2160 4122 2338 4178 trariis
2366 4135 2473 4174 non
2506 4120 2656 4174 item.
2689 4117 2873 4188 Neque
2901 4118 3043 4171 enim
3069 4131 3322 4186 umquam
3349 4115 3530 4184 inique
3555 4120 3746 4168 contu-

2160 4213 2321 4268 melia
2356 4211 2565 4275 all'ecit;
2608 4210 2781 4276 absit;
2829 4225 3002 4280 neque
3033 4218 3235 4263 temere
3275 4207 3620 4276 exprobravit
3647 4219 3749 4261 nec

2161 4303 2357 4373 injuste
2382 4302 2510 4372 agit.
2541 4302 2724 4370 Itaque
2750 4317 2846 4358 nos
2885 4315 3068 4356 sumus
3097 4298 3188 4369 qui
3215 4307 3494 4353 consortes
3523 4312 3742 4362 sumus,

2161 4409 2268 4448 non
2291 4408 2406 4448 vos.
2434 4391 2824 4448 Contumeliam
2849 4391 2992 4448 enim
3015 4390 3174 4453 ferre,
3205 4389 3294 4443 Dei
3320 4395 3439 4453 est;
3466 4395 3747 4442 contume-

2162 4484 2289 4539 liam
2318 4498 2446 4538 vero
2468 4491 2668 4539 temere
2696 4481 2913 4546 inferre,
2941 4480 3216 4536 dmmonis.
3255 4477 3441 4533 Videte
3466 4477 3600 4532 duas
3622 4491 3742 4547 par-

2165 4583 2264 4629 tes.
2299 4573 2620 4628 Dazmonium
2641 4573 2792 4626 habes
2814 4571 2995 4642 (Joan.
3023 4571 3074 4625 7.
3097 4569 3213 4640 9.0),
3239 4567 3440 4623 audivit
3460 4567 3746 4623 Christus:

2163 4665 2315 4735 alapa
2343 4679 2511 4720 caesus
2565 4675 2649 4720 est
2690 4679 2722 4719 a
2768 4679 2925 4719 servo
2953 4662 3206 4731 principis
3237 4660 3575 4716 sacerdotum
3608 4659 3626 4730 (
3659 4658 3746 4712 Id.

2165 4759 2253 4814 18.
2281 4756 2399 4826 22).
2428 4756 2610 4826 Itaque
2638 4756 2728 4824 qui
2760 4755 3081 4810 contumelia
3110 4753 3305 4822 injuste
3333 4751 3593 4818 afficiunt,
3628 4764 3748 4805 cum

2164 4851 2271 4905 illis
2309 4856 2447 4903 stant
2481 4865 2495 4900 :
2537 4847 2750 4901 merito.
2793 4845 2925 4899 Nam
2957 4845 3000 4898 si
3051 4845 3239 4898 Petrus
3286 4851 3502 4897 satanas
3550 4841 3750 4895 audivit

2167 4940 2358 5014 (Mare.
2389 4939 2441 4993 8.
2469 4937 2582 5007 55),
2615 4936 2684 4990 ob
2713 4952 2872 4990 unum
2899 4935 3100 4991 dictum
3123 4977 3138 4998 ,
3170 4935 3338 4990 multo
3364 4935 3532 5003 magis
3562 4933 3614 4987 hi
3653 4932 3749 4987 Ju-

2165 5031 2267 5088 daei
2300 5029 2553 5091 audient,
2594 5041 2716 5082 cum
2742 5027 3049 5082 Judceorum
3075 5036 3191 5081 acta
3223 5027 3444 5089 facient,
3489 5033 3548 5079 ut
3583 5034 3637 5079 et
3677 5021 3750 5078 illi

2165 5125 2363 5181 diaboli
2395 5123 2486 5178 ﬁlii
2505 5121 2782 5178 audierunt
2811 5119 2989 5190 (loan.
3012 5120 3067 5176 8.
3097 5121 3212 5189 45),
3243 5120 3368 5190 quia
3389 5118 3652 5174 diabolica
3678 5117 3752 5170 fa-

2165 5216 2398 5271 ciebant.
2432 5214 2766 5270 Contumelia
2797 5213 2968 5268 aflicis
2989 5255 3003 5279 ,
3043 5213 3162 5282 quis
3190 5227 3310 5267 cum
3349 5213 3444 5278 sis,
3473 5210 3560 5266 dic
3589 5207 3751 5264 mihi?

2167 5309 2280 5364 lmo
2304 5317 2580 5378 propterea
2602 5307 2920 5362 contumelia
2943 5307 3132 5372 aflicis,
3156 5307 3278 5375 quia
3297 5305 3427 5359 nihil
3449 5319 3507 5360 es
3534 5321 3547 5358 :
3575 5303 3750 5358 nullus

2169 5401 2309 5455 enim
2351 5401 2441 5470 qui
2485 5400 2646 5454 homo
2694 5400 2798 5465 sit,
2851 5398 3172 5453 contumelia
3203 5396 3388 5451 afficit.
3432 5397 3608 5465 Atque
3643 5395 3747 5457 ita,

2167 5492 2309 5562 quod
2335 5493 2387 5546 in
2418 5493 2608 5562 pugnis
2637 5491 2853 5558 dicitur,
2883 5492 2962 5546 Tu
2982 5490 3098 5560 quis
3124 5489 3219 5542 es?
3249 5504 3312 5542 ex
3336 5489 3564 5543 adverso
3589 5501 3748 5556 opor-

2171 5583 2314 5640 tebat
2334 5583 2437 5638 dici
2461 5603 2473 5638 :
2505 5583 2651 5638 verbi
2674 5584 2861 5653 gratia,
2889 5580 3220 5638 Contumelia
3242 5579 3420 5645 effice,
3450 5577 3584 5634 nihil
3609 5576 3747 5632 enim

2166 5691 2225 5731 es
2250 5695 2262 5729 :
2293 5691 2434 5733 nunc
2461 5683 2638 5732 autem
2669 5676 2970 5732 dicentibus
2996 5673 3169 5738 nobis,
3197 5672 3329 5740 Quis
3355 5689 3415 5728 es
3439 5681 3491 5726 tu
3515 5671 3600 5741 qui
3623 5682 3748 5723 con-

2169 5770 2386 5825 tumclia
2419 5769 2621 5826 afllcis?
2666 5768 2742 5826 Te
2782 5769 2990 5838 melior,
3031 5765 3309 5823 audiemus
3351 5767 3552 5837 utique.
3591 5757 3748 5831 Atqui
