4108 6172
384 239 490 294 273

383 357 560 412 καίτοι
585 357 665 422 εἰς
691 357 788 428 τὴν
814 357 1008 412 ἐαυτοῦ
1052 359 1208 432 ὕϐριν
1238 360 1299 415 :6
1329 363 1438 416 πᾶν
1476 359 1546 436 ἦν
1565 381 1578 395 ’
1617 365 1731 420 ἀλλ’
1760 366 1835 429 ὡς
1883 364 2046 434 δῆθεν

383 444 633 512 ἐξουσίαν
689 445 944 510 λαϐόντες
1003 448 1158 502 αὑτοί
1215 449 1544 515 τύπτουσιν,
1606 451 1768 524 ἔργον
1823 451 2046 523 ἀκρίτου

384 531 558 602 θυμοῦ
590 532 677 586 διά
705 533 803 604 τὴν
833 533 1097 606 αἰσχύνην
1127 536 1426 601 ποιοῦντες.
1462 539 1573 592 Καὶ
1607 540 1695 594 διὰ
1720 539 1772 593 τί
1805 542 1879 612 μὴ
1907 541 2048 593 ἐκεῖο

383 635 473 682 νος
505 618 940 690 ἀντετύπτησεα,
983 621 1162 675 καίτοι
1215 624 1310 677 καὶ
1366 624 1530 690 αὑτὸς
1578 624 1821 690 ἐξουσίαν
1871 621 2050 696 εἷχενς

397 706 536 759 Ἀλλ’
565 706 910 760 ἐπαιδεύοντο
945 707 1278 778 φιλοσοφεῖν.
1310 712 1425 764 Οὑκ
1452 711 1766 766 ἀντιτύπτει
1794 712 1873 778 δὲ,
1910 711 2051 766 ὥστε

383 795 478 848 καὶ
523 797 614 848 τὸν
666 794 926 866 δικαστὴν
957 796 1185 866 μαθεῖν,
1216 798 1300 863 τίς
1324 793 1392 870 ἦν
1431 801 1460 852 6
1505 801 1927 872 ἐπιεικέστερος.
1969 805 2046 860 Ού

386 882 558 953 μικρά
613 881 773 937 τοῦτο
802 881 982 954 ὢνησε
1018 884 1145 947 τοὺς
1191 886 1470 956 παρόντας
1491 901 1508 920 ο
1549 888 1752 954 ἐδίδαξε
1784 889 1894 960 γάρ
1925 889 1960 959 ἦ
1990 905 2051 942 τε
2091 935 2105 941 -

382 969 585 1022 τούτων
619 969 893 1022 ἐπιείκεια
922 971 1015 1023 καὶ
1040 972 1073 1040 ἡ
1105 970 1326 1025 ἐκείνων
1353 971 1647 1046 θρασύτης,
1671 976 1753 1029 ὅτι
1774 975 1841 1028 τὰ
1868 973 2052 1030 τοιαῦ-

381 1073 450 1110 τα
479 1057 802 1128 δικαστικῆς
821 1057 1004 1128 ψήφου
1031 1057 1224 1115 δεῖται.
1269 1061 1408 1114 Ἀλλ’
1431 1054 1576 1116 οῦτοι
1607 1063 1784 1117 πάντα
1801 1064 2051 1128 ἀτάκτως

383 1143 618 1196 ποιοῦσι.
656 1143 764 1196 Καὶ
790 1145 890 1197 οὑκ
917 1140 1090 1209 εἶπεν,
1128 1146 1201 1198 Οὐ
1230 1145 1328 1210 δεῖ,
1363 1148 1449 1202 ἵνα
1477 1148 1554 1220 μὴ
1587 1149 1748 1203 πάλιν
1779 1149 2052 1204 κόπτωσιν

383 1231 545 1284 αὐτόν
565 1245 578 1258 ·
610 1231 746 1297 ἀλλ’,
768 1234 850 1286 Οὐ
873 1232 1042 1287 θέλω.
1065 1233 1283 1301 Κριτὴς
1314 1235 1441 1304 γὰρ,
1468 1237 1654 1306 φησὶν,
1683 1236 1797 1305 ἐγὼ
1827 1237 2054 1291 τούτων

381 1314 535 1372 εἶναι
565 1320 637 1372 οὐ
672 1319 997 1388 ,ϐοὐλομαν
1038 1319 1212 1384 οὕτως
1242 1323 1489 1394 ἐπιεικής
1515 1319 1583 1394 ἦν
1624 1325 1652 1376 6
1687 1324 1847 1394 ἀνήρ.
1883 1323 2054 1378 Τοῦτο

385 1406 480 1458 καὶ
538 1406 768 1469 Πιλᾶτος
819 1405 1001 1476 ἔλεγεν
1040 1408 1133 1461 ἐπὶ
1183 1408 1276 1461 τοῦ
1318 1409 1578 1480 Χριστοῦ⁸
1615 1409 1837 1464 Λάϐετε
1867 1411 2054 1464 αὐτὸν

382 1492 576 1562 ὑμεῖς,
616 1493 715 1547 καί
763 1493 914 1547 κατὰ
958 1494 1066 1547 τὸν
1103 1495 1292 1564 νόμον
1332 1495 1500 1564 ὑμῶν
1537 1497 1800 1565 κρίνατε.
1843 1499 1903 1551 '0
1956 1499 2054 1568 μὲν

385 1579 526 1634 κατά
553 1579 643 1633 τὸν
685 1581 848 1650 νόμον
873 1580 1025 1651 ἠξίου
1065 1582 1273 1652 κρίνειν
1301 1583 1498 1646 αὐτοὺς
1519 1624 1535 1650 ,
1576 1585 1624 1637 οἰ
1665 1583 1741 1651 δὲ,
1787 1584 1976 1658 ῶσπερ
2003 1588 2054 1641 οἰ

385 1667 678 1736 μεθύοντες
707 1668 800 1721 καὶ
829 1669 878 1722 οἰ
912 1670 1250 1740 μαινόμενοι,
1291 1671 1435 1724 οὕτω
1460 1671 1742 1729 διέκειντο.
1779 1675 1877 1728 Διὰ
1898 1675 2055 1730 τοῦτο

382 1751 673 1824 ἐχωρίζετο
701 1753 809 1808 τῶν
849 1755 1108 1824 Ἀθηνῶν,
1141 1757 1382 1827 Ἐπειδὴ
1403 1759 1551 1827 λαὸς
1577 1755 1657 1830 ἦν
1682 1759 1812 1814 ἐκεῖ
1837 1763 2050 1830 πολύς.

396 1842 704 1904 Ἐτύπτετο,
747 1843 839 1896 καί⁸
867 1842 1018 1896 οὐδὲν
1041 1843 1216 1913 ἔλεγε.

452 1935 522 1998 γ’.
546 1929 746 1983 Τοῦτον
763 1929 856 1983 καὶ
881 1931 1041 2001 ἡμεῖς
1060 1931 1357 2004 μιμώμεθα
1374 1952 1387 1967 ·
1412 1933 1900 2009 ἀντιτυπτήσωμεν
1925 1938 2053 2003 τοὺς

383 2015 726 2079 τύπτοντας1³
781 2019 846 2087 τῇ
895 2019 1198 2092 ἐπιεικείᾳ,
1240 2022 1305 2092 τῇ
1358 2025 1509 2094 σιγῇ.
1555 2025 1621 2094 τῇ
1671 2025 2047 2098 μακροθυμίᾳ.

383 2102 756 2172 Χαλεπώτερα
784 2103 956 2156 ταῦτα
985 2105 1054 2158 τά
1081 2106 1375 2178 τραύματα
1397 2149 1411 2174 ,
1455 2109 1654 2180 μείζων
1682 2113 1715 2182 ή
1749 2111 1928 2184 πληγὴ
1957 2115 2052 2166 καὶ

386 2190 764 2262 φορτικωτέρα
784 2207 796 2219 ·
820 2191 881 2244 οὑ
913 2191 1016 2263 γὰρ
1058 2194 1117 2247 :6
1149 2195 1476 2266 πλήττεσθαι
1515 2198 1577 2251 :6
1603 2198 1762 2270 σῶμα
1783 2240 1798 2264 ,
1834 2199 1968 2254 ἀλλά
1994 2200 2054 2253 :6

385 2277 484 2348 τὴν
511 2277 767 2343 διάνοιαν,
787 2279 1042 2350 χαλεπόν.
1077 2281 1316 2347 Πολλοὺς
1348 2284 1676 2358 πλήττομεν,
1703 2286 1838 2340 ἀλλά
1867 2287 2053 2360 ἐπειδὴ

386 2368 444 2419 ἐν
476 2367 625 2434 τάξει
658 2367 855 2437 φιλίας,
881 2368 974 2422 καὶ
1000 2370 1218 2440 ἥδονται
1242 2390 1254 2403 ·
1281 2371 1345 2426 ἂν
1382 2372 1438 2427 δέ
1467 2374 1558 2428 τὸν
1587 2375 1815 2445 τυχόντα
1844 2375 2054 2448 πλήξῃς

383 2453 734 2526 ὑϐριστικῶς,
760 2455 947 2528 ἐπειδὴ
973 2457 1072 2528 τῆς
1090 2459 1313 2529 καρδίας
1340 2459 1485 2530 ἥψω,
1511 2461 1715 2533 σφόδρα
1737 2461 2015 2532 ἐλύπησας
2035 2477 2050 2493 ⁶

382 2540 526 2595 οὕτω
579 2541 777 2613 μᾶλλον
823 2542 923 2615 τὴν
963 2544 1190 2616 καρδίαν
1239 2546 1418 2602 αὐτῶν
1462 2547 1790 2620 πλήττομεν.
1822 2549 1945 2602 Ὀτι
1994 2547 2052 2603 δὲ

386 2628 646 2699 μειζόνως
673 2629 942 2684 ἐπιείκεια
965 2630 1190 2704 πλήττει
1216 2633 1574 2706 θρασύτητος,
1599 2634 1731 2706 φέρε
1757 2634 2052 2701 ἀποδείξω-

385 2735 485 2787 μεν
511 2717 587 2782 ὡς
617 2717 840 2772 δυνατὸν
869 2719 947 2790 τῷ
977 2719 1140 2792 λόγῳ.
1187 2723 1252 2774 Ἡ
1284 2722 1382 2793 μὲν
1425 2722 1533 2793 γὰρ
1574 2723 1752 2793 σαφὴς
1781 2723 2054 2790 ἀπόδειξις

380 2805 467 2860 διὰ
491 2805 598 2860 τῶν
624 2805 801 2878 ἔργων
829 2807 923 2861 καὶ
951 2808 1051 2878 τῆς
1079 2809 1277 2880 πείρας
1295 2808 1442 2863 ἐστίν
1465 2825 1480 2840 °
1505 2811 1551 2863 εἰ
1583 2810 1642 2863 δὲ
1666 2810 1833 2878 δοκεῖ,
1863 2813 1956 2866 καί
1975 2813 2054 2884 τῷ

381 2893 524 2966 λόγῳ
569 2894 666 2964 τὴν
712 2894 960 2958 ἐξέτασιν
1004 2894 1383 2965 ποιησώμεθα,
1432 2895 1607 2950 καίτοι
1659 2896 1919 2962 πολλάκις
1951 2900 2053 2970 ἤδη

381 2983 780 3052 ἐποιησάμεθα.
824 2981 914 3037 Ἐν
957 2981 1064 3052 γάρ
1093 2985 1212 3045 ταῖς
1251 2981 1473 3054 ὕϐρεσιν
1510 2985 1660 3040 οὐδὲν
1700 2983 1872 3050 οὕτως
1907 2988 2053 3057 ἡμᾶς

378 3065 576 3132 λυπεῖ,
621 3067 754 3140 ώςή
802 3069 954 3140 παρά
995 3069 1105 3123 τῶν
1146 3069 1397 3139 ὁρώντων
1438 3069 1616 3142 ψῆφος
1641 3087 1654 3100 ’
1687 3072 1748 3126 οὐ
1779 3073 1888 3145 γὰρ
1941 3073 2052 3126 ίσον

379 3155 621 3229 δημοσίᾳ
663 3173 722 3209 τε
774 3155 1090 3226 ὑϐρίζεσθαι
1133 3158 1229 3211 καὶ
1258 3157 1383 3230 ἰδίᾳ,
1428 3158 1542 3212 ἀλλ’
1577 3160 1794 3224 ἐκείνας
1827 3161 1926 3232 μὲν
1959 3163 2053 3215 καὶ

383 3243 622 3313 φέρομεν
659 3243 896 3308 εὐκόλως
939 3244 1037 3308 τάς
1072 3243 1290 3316 ὕϐρεις,
1337 3247 1466 3299 ὅταν
1511 3248 1598 3300 ἐπ’
1623 3247 1888 3319 ἐρημίας,
1924 3249 2053 3305 ὅταν

382 3331 613 3402 μηδενὸς
652 3331 804 3395 ὁντος
835 3329 932 3385 τοῦ
961 3332 1365 3405 μαρτυροῦντος
1408 3333 1566 3388 τοῦτο
1593 3335 1881 3407 πάθωμεν,
1916 3337 2051 3408 μηδέ

378 3417 474 3470 τοῦ
505 3418 821 3482 συνειδότος.
851 3417 1038 3484 υῦτως
1075 3419 1172 3490 οὐχ
1212 3420 1246 3490 ἡ
1277 3421 1376 3492 τῆς
1403 3419 1611 3493 ὕϐρεως
1637 3422 1799 3490 φύσις
1830 3423 1978 3477 ἐστὶν
2015 3427 2048 3494 ή

379 3505 669 3572 δάκνουσα,
698 3505 837 3585 ἀλλά
865 3505 927 3559 :6
960 3505 1059 3560 ἐπὶ¹
1089 3507 1309 3561 πάντων
1350 3507 1510 3563 τοῦτο
1545 3509 1737 3564 παθεῖν
1761 3525 1776 3542 ο
1802 3511 1877 3575 ὡς
1905 3512 1959 3565 εί
1989 3511 2052 3580 γέ

379 3611 462 3656 τις
503 3593 680 3663 τιμῶν
713 3593 806 3646 ἐπὶ
849 3595 1096 3660 πάντων,
1138 3592 1349 3666 ὑϐρίζοι
1398 3597 1519 3649 κατ’
1561 3597 1730 3663 ἰδίαν,
1761 3598 1855 3652 καὶ
1893 3599 2050 3670 χάριν

381 3680 658 3750 εἰσόμεθα.
691 3679 897 3734 Οὐκοῦν
923 3681 1021 3734 οὑκ
1042 3682 1099 3734 ἐν
1121 3683 1186 3752 τῇ
1218 3681 1316 3752 τῆς
1352 3682 1563 3754 ὕϐρεως
1594 3685 1754 3752 φύσει
1789 3686 1849 3739 τὸ
1875 3687 2051 3759 λυπη-

383 3769 472 3841 ρόν
490 3771 660 3830 ἐστιν,
681 3767 795 3822 ἀλλ’
816 3768 875 3822 ἐν
894 3771 960 3838 τῇ
975 3768 1138 3839 ψήφῳ
1156 3768 1264 3822 τῶν
1293 3769 1564 3840 ὁρώντων,
1590 3771 1731 3825 ὥστε
1754 3784 1775 3812 ο
1805 3775 1880 3846 μὴ
1905 3775 2053 3840 δόξαι

381 3855 855 3930 εὐκαταφρόνητον
886 3850 1048 3910 εἶναι.
1090 3855 1155 3909 Τί
1193 3851 1316 3923 οῦν,
1349 3857 1416 3912 ἂν
1449 3857 1589 3928 αὕτη
1626 3859 1768 3930 ὑπὲρ
1796 3862 1951 3930 ἡμῶν
1976 3859 2050 3934 ﬁ;

381 3943 502 4013 οὐχὶ
529 3943 728 4014 μᾶλλον
759 3945 787 3997 ὁ
807 3941 1043 4013 ὑϐρίζων
1074 3940 1348 4013 ὕϐρισται,
1389 3944 1517 3998 ὅταν
1539 3944 1683 4016 ὑπὲρ
1715 3944 1868 4020 [299]
1897 3948 2053 4019 ἡμῶν

379 4033 477 4096 τὰς
503 4031 714 4102 ψήφους
743 4032 1018 4104 φέρωσιν;
1050 4032 1186 4085 Εἰπέ
1216 4049 1326 4103 μοι,
1365 4032 1510 4097 τίνος
1541 4036 1972 4106 καταφρονοῦσιν
2003 4040 2052 4092 οί

381 4120 680 4193 παρόντες;
710 4118 804 4174 τοῦ
836 4119 1170 4191 ὑϐρίζοντος,
1195 4120 1228 4192 ἢ
1258 4119 1352 4175 τοῦ
1379 4121 1725 4192 ὑϐρισθέντος
1748 4125 1840 4178 καὶ
1862 4127 2054 4194 σιγῶν-ο

378 4225 501 4274 τος;
542 4208 600 4262 ’0
625 4207 722 4278 μέν
748 4207 855 4277 γάρ
877 4207 1048 4278 θυμὸς
1086 4208 1399 4274 ὑποϐάλλει,
1432 4210 1514 4264 ὅτι
1546 4209 1640 4264 τοῦ
1672 4211 2048 4282 ὑϐριζομένουσ

380 4293 474 4346 νῦν
501 4292 577 4359 δέ,
607 4293 694 4346 ὅτε
721 4291 950 4364 καθαροὶ
987 4292 1079 4345 τοῦ
1113 4292 1317 4357 πάθους
1352 4294 1518 4364 ἐσμὲν
1541 4336 1556 4360 ,
1590 4295 1812 4366 ἴδωμεν,
1853 4297 1938 4349 ἵνα
1978 4299 2051 4370 μὴ

378 4379 498 4433 τότε
517 4377 1003 4451 συναρπασθῶμεν.
1022 4380 1177 4443 Τίνος
1189 4375 1281 4434 οῦν
1300 4380 1778 4452 καταγινώσκομεν
1794 4383 2051 4451 ἂπαντες;

380 4459 612 4538 Εὕδηλον
635 4468 716 4521 ὄτι
732 4467 825 4520 τοῦ
853 4465 1183 4537 ὑϐρίζοντος·
1215 4467 1318 4520 κᾶν
1341 4467 1440 4536 μὲν
1469 4467 1706 4522 ἐλάττων
1727 4465 1783 4542 ᾖ,
1806 4471 1900 4524 καὶ
1926 4473 2052 4542 μαί-

378 4555 563 4608 νεσθαι
593 4554 754 4608 αὑτὸν
793 4554 1036 4624 φήσομεν
1054 4594 1068 4617 ,
1097 4552 1163 4606 ἂν
1185 4553 1242 4606 δὲ
1279 4553 1565 4625 ὁμότιμος,
1597 4555 1964 4628 ἀνοηταίνειν,
1987 4558 2054 4612 ἂν

377 4642 434 4698 δὲ
464 4642 688 4714 μείζων,
715 4642 823 4695 οὐδ’
850 4640 1023 4705 οὕτως
1052 4640 1445 4712 ἀποδεξόμεθα.
1483 4641 1580 4706 Τίς
1619 4643 1749 4716 γάρ,
1782 4645 1900 4699 εἰπέ
1925 4665 2016 4718 μοι
2036 4687 2051 4712 ,

381 4731 652 4802 ἀποδοχῆς
685 4729 832 4797 ἄξιος
857 4747 872 4796 ;
902 4731 931 4784 6
956 4729 1376 4801 ταραττόμενος,
1401 4731 1430 4784 6
1461 4731 1877 4804 χειμαζόμενος,
1909 4737 1938 4789 6
1962 4737 2054 4790 ἐκ·

382 4823 760 4895 θηριούμενος,
791 4825 819 4876 ὁ
839 4823 974 4895 πρὸς
993 4823 1092 4894 τὴν
1120 4823 1305 4894 κοινὴν
1322 4822 1482 4892 φύσιν
1507 4822 1650 4876 οὕτω
1689 4824 2050 4896 διακείμενος,

380 4912 413 4981 ἢ
440 4915 468 4966 ὁ
505 4913 565 4964 ἐν
595 4911 804 4982 γαλήνῃ
851 4910 945 4963 καὶ
970 4910 1148 4980 λιμένι
1195 4910 1289 4965 καὶ
1319 4911 1607 4983 φιλοσοφίᾳ
1649 4911 1854 4983 πολλῇ;
1896 4913 1992 4983 οὑχ
2023 4914 2050 4963 ὁ

381 5000 482 5069 μὲν
528 4999 746 5069 ἀγγέλῳ
780 4997 1130 5068 προσέοικεν,
1179 4999 1208 5052 6
1244 4998 1299 5051 δὲ
1345 4998 1467 5052 οὑδὲ
1511 4997 1821 5070 ἀνθρώπῳ;
1864 5000 1920 5054 ’0
1954 5002 2053 5071 μὲν

376 5088 486 5161 γάρ
529 5086 654 5141 οὑδὲ
699 5084 767 5139 τά
810 5085 987 5138 οἰκεῖα
1028 5084 1247 5139 δύναται
1305 5085 1571 5156 βαστάσαι
1621 5086 1802 5150 κακά,
1845 5086 2053 5151 ἐκεῖνος

376 5175 434 5228 δέ
474 5175 568 5228 καὶ
607 5173 678 5227 τὰ
717 5172 1002 5244 ἀλλότρια·
1049 5163 1204 5235 οὕτος
1251 5173 1373 5227 οὑδέ
1416 5173 1610 5229 ἐαυτὸν
1638 5174 1882 5242 ἐνεγκεῖν
1934 5174 2052 5226 ἐδυ-

379 5262 537 5332 νήθη,
565 5263 769 5324 ἐκεῖνος
809 5259 868 5313 δέ
911 5257 1006 5311 καὶ
1039 5257 1260 5329 ἕτερον·
1291 5261 1320 5312 ὁ
1358 5261 1456 5330 μὲν
1496 5261 1556 5313 ἐν
1595 5261 1839 5331 ναυαγίῳ
1880 5261 2050 5326 ἐστὶν,

379 5343 534 5412 οὗτος
580 5349 639 5402 δὲ
677 5350 735 5401 ἐν
766 5345 1035 5416 ἀσφαλείᾳ
1063 5344 1213 5409 πλεῖ,
1261 5345 1318 5411 ἐξ
1370 5345 1569 5417 οὑρίων
1615 5347 1765 5416 αὑτῷ
1792 5347 1892 5417 τῆς
1924 5347 2050 5418 νηὸς

383 5436 690 5507 φερομένης
715 5452 730 5466 ·
764 5435 826 5488 οὑ
869 5433 978 5506 γάρ
1026 5432 1176 5486 εἴασε
1223 5433 1283 5485 τὸ
1317 5431 1410 5485 τοῦ
1453 5431 1626 5503 θυμοῦ
1678 5434 1893 5504 πνεῦμα
1941 5437 2052 5498 τοῖς

383 5525 571 5588 ἰστίοις
596 5523 834 5594 ἐμπεσὸν
855 5520 1156 5592 ἀνατρέψαι
1180 5520 1279 5590 τῆς
1308 5519 1544 5583 διανοίας
1569 5520 1630 5573 τὸ
1657 5520 1858 5590 σκάφος
1878 5539 1892 5554 ·
1915 5521 2052 5576 ἀλλὰ

384 5610 555 5682 λεπτή
581 5628 664 5674 τις
685 5609 827 5682 αὑρα
870 5611 964 5664 καὶ
990 5609 1142 5680 ήδεῖα
1175 5607 1620 5679 προσπνεύσασα,
1653 5609 1752 5678 τῆς
1797 5609 2048 5674 ἀνεξικα-

387 5701 509 5764 κίας
548 5700 583 5770 ἡ
614 5698 785 5769 πνοὴ,
835 5698 973 5769 μετὰ
1003 5696 1204 5766 πολλῆς
1246 5694 1396 5766 αύτῷ
1432 5695 1532 5766 τῆς
1580 5695 1806 5766 ήσυχίας
1839 5697 1931 5750 ἐπὶ
1962 5697 2051 5753 τὸν

445 5806 463 5828 ⁸
484 5803 622 5855 Alius
644 5804 817 5860 ἐκεῖνος
839 5805 1088 5864 ἐτύπτησε.
1119 5804 1152 5844 1)
1171 5803 1306 5855 Idem
1325 5803 1433 5861 τοὺς
1450 5803 1829 5860 ἀντιτύπτοντας.
1874 5808 1898 5838 ο
1917 5806 2053 5858 Unus

388 5867 605 5930 ὁρώντων
627 5868 771 5918 ἐστὶν.
790 5869 931 5917 ὥστε.

742 5949 1012 6013 ΡΔτιιοι..
1046 5949 1164 6012 Gn.
1208 5952 1338 6013 LX.

1395 247 1461 301 IN
1500 249 1682 306 ACTA
1723 243 2260 306 APOSTOLORUM.
2305 243 2540 301 HOMIL.
2582 241 2828 304 XXXIX.

3712 245 3831 300 280.

2151 360 2248 432 τῆς
2301 359 2615 430 φιλοσοφίας
2659 357 2784 427 ἄγει
2835 356 3047 428 λιμένα.
3098 357 3204 410 Καὶ
3250 356 3496 430 καθάπερ
3546 359 3604 413 ἐν
3651 359 3819 429 πλοίῳ

2151 448 2474 518 ναυαγοῦντι
2506 448 2557 500 οἰ
2587 446 2777 500 ναῦται
2809 446 2910 499 οὑκ
2935 446 3114 499 ἴσασιν
3136 445 3171 500 ἀ
3197 445 3498 518 ῥίπτουσιν,
3528 446 3593 500 ἀν
3625 464 3684 499 τε
3710 448 3818 500 τῶν

2149 535 2365 589 οἰκείων
2392 536 2456 590 ἀν
2486 552 2544 589 τε
2591 534 2700 588 τῶν
2731 532 3029 602 ἀλλοτρίων
3070 532 3277 586 λάϐωσι
3315 533 3813 604 παρακαταθήκας,

2149 620 2288 676 ἀλλά
2314 621 2534 676 πάντων
2554 621 2755 693 ὁμοίως
2781 619 3010 691 ἐκϐολὴν
3032 620 3313 675 ποιοῦνται
3333 621 3440 674 τῶν
3463 619 3816 690 ἐγκειμένων,

2149 708 2259 762 τῶν
2289 725 2348 761 τε
2375 708 2574 780 τιμίων
2596 708 2706 762 τῶν
2727 724 2787 760 τε
2814 707 2875 761 οὑ
2897 705 3152 760 τοιούτων
3177 723 3191 737 ·
3221 707 3440 761 ἐπειδὰν
3473 707 3529 762 δέ
3557 709 3585 761 ὁ
3614 705 3819 778 χειμὼν

2149 795 2446 866 παύσηται,
2473 795 2591 849 τότε
2623 793 3070 865 ἀναλογιζόμενοι
3097 795 3196 848 ὅσα
3223 796 3498 861 ἐξέϐαλον,
3523 795 3819 865 δακρύουσι

2150 883 2370 954 καὶτῆς
2403 883 2647 954 γαλήνης
2687 883 2787 936 οὑκ
2824 883 3171 942 αἰσθάνονται
3211 882 3301 936 διὰ
3341 883 3438 955 τὴν
3489 883 3694 954 ζημίαν
3718 881 3819 952 τῆς

2149 967 2407 1040 ἐκϐολῆςο
2436 969 2580 1023 οὕτω
2609 969 2673 1040 δὴ
2715 970 2810 1023 καί
2842 969 3076 1023 ἐνταῦθα
3097 1009 3112 1034 ,
3155 969 3282 1023 ὅταν
3320 970 3348 1022 ὁ
3377 969 3545 1040 θυμὸς
3575 969 3807 1040 πνεύσῃ,

2151 1055 2244 1107 καὶ
2271 1056 2299 1108 ὁ
2321 1055 2526 1126 χειμὼν
2553 1055 2776 1128 αῖρηται
2797 1096 2811 1122 ,
2841 1056 2942 1111 οὑκ
2970 1055 3146 1111 ἴσασιν
3177 1057 3235 1110 ἐν
3259 1056 3410 1123 τάξει
3441 1056 3722 1110 ἐκϐάλλειν
3751 1057 3820 1110 τά

2149 1140 2335 1195 δέοντα
2357 1158 2370 1170 ·
2402 1144 2529 1197 ὅταν
2551 1143 2608 1197 δέ
2637 1143 2914 1216 παύσηται
2943 1146 2972 1197 ὁ
3001 1143 3190 1215 θυμὸς,
3217 1144 3338 1196 τότε
3377 1143 3820 1212 ἀναλογιζόμενοι

2153 1230 2280 1282 ποῖα
2313 1229 2585 1296 ἐξέϐαλον,
2617 1230 2858 1286 ἐννοοῦσι
2883 1233 2978 1303 τὴν
3004 1230 3204 1303 ζημίαν
3233 1231 3329 1286 καὶ
3351 1231 3451 1284 οὐκ
3476 1230 3820 1284 αἰσθάνονται

2152 1316 2248 1385 τῆς
2272 1318 2654 1386 ἀναπαύσεως,
2684 1319 2791 1374 τῶν
2826 1319 3086 1392 ῥημάτων
3116 1319 3476 1391 μεμνημένοι,
3494 1319 3559 1372 δι’
3584 1312 3657 1372 ὧν
3688 1335 3820 1372 κατ·

2152 1407 2395 1478 ᾔσχυναν
2451 1410 2676 1474 ἐαυτοῦς
2703 1411 2796 1464 καὶ
2819 1411 2889 1465 τά
2921 1412 3153 1482 μέγιστα
3177 1408 3579 1481 ἐζημιώθησαν,
3603 1409 3662 1462 ού
3694 1409 3823 1478 περὶ

2153 1495 2409 1566 χρήματα
2432 1536 2446 1558 ,
2477 1496 2614 1551 ἀλλὰ
2658 1499 2788 1568 περί
2827 1497 2986 1563 δόξαν
3023 1497 3322 1561 ἐπιεικείας
3359 1497 3454 1550 καὶ
3496 1495 3822 1565 πραότητος.

2157 1582 2366 1646 Ὄντως
2401 1582 2590 1646 σκότος
2616 1585 2765 1638 ἐστὶν
2793 1586 2821 1638 ὁ
2847 1584 3034 1655 θυμός.
3062 1580 3247 1638 Εἶπεν
3282 1583 3505 1652 ἄφρων,
3542 1582 3725 1652 φησὶν,
3755 1581 3824 1635 ἐν

2153 1668 2364 1736 καρδίᾳ
2411 1669 2620 1724 αὐτοῦ’
2671 1673 2793 1725 Οὐκ
2837 1671 2970 1726 ἔστι
3019 1673 3183 1738 Θεός.
3227 1671 3380 1741 Τάχα
3428 1669 3682 1740 καὶπερὶ
3726 1669 3820 1722 τοῦ

2154 1755 2494 1826 θυμουμένου
2523 1757 2682 1812 τοῦτο
2711 1761 2886 1813 εἰπεῖν
2920 1756 3192 1830 εὕκαιρον,
3220 1759 3301 1811 ὅτι
3325 1751 3477 1812 εἶπεν
3500 1759 3528 1812 ὁ
3549 1755 3823 1828 θυμούμε-

2152 1857 2260 1904 νος·
2296 1843 2412 1896 Ούκ
2453 1842 2567 1897 ἔστι
2610 1844 2764 1908 Θεός.
2808 1844 2973 1900 Κατὰ
3011 1845 3120 1917 γάρ
3148 1843 3215 1899 τὸ
3247 1844 3504 1913 πλῆθος,
3531 1844 3686 1913 φησὶ,
3717 1841 3825 1909 τῆς

2151 1927 2337 1998 ὀργῆς
2367 1931 2556 1986 αὑτοῦ
2587 1933 2699 1987 οὐκ
2746 1931 3082 2001 ἐκζητήσει.
3125 1934 3224 1995 Ὃς
3259 1931 3368 2004 γὰρ
3417 1932 3486 1985 ἂν
3533 1929 3850 2001 ἐπεισέλθῃ·

2150 2018 2409 2092 λογισμὸς
2448 2022 2682 2093 εὐσεϐὴς
2707 2061 2723 2088 ,
2768 2023 2976 2086 πάντας
3013 2023 3288 2078 διωθεῖται
3316 2023 3411 2076 καὶ
3438 2019 3782 2090 διακρούεται
3806 2059 3820 2081 .

2153 2109 2365 2170 πάντας
2399 2111 2580 2179 ῥίπτει
2627 2111 2913 2181 πλαγίους.
2958 2112 3022 2166 Εἰ
3064 2111 3138 2183 μὴ
3182 2112 3246 2165 σὺ
3281 2109 3481 2181 μᾶλλον
3514 2109 3698 2178 ἀλγεῖς
3729 2105 3824 2160 τοῦ

2152 2191 2522 2263 ὑϐρισθέντος,
2579 2193 2791 2265 ὕϐριζε,
2833 2193 2940 2249 κᾶν
3009 2195 3199 2266 μηδεὶς
3246 2195 3276 2248 6
3344 2191 3625 2262 ἐγκαλῶνο
3667 2192 3716 2243 εἰ
3749 2191 3827 2261 μὴ

2149 2277 2210 2332 τὸ
2244 2278 2338 2333 τοῦ
2358 2279 2385 2319 ἆ
2421 2281 2722 2346 συνειδότος
2750 2282 3100 2354 δικαστήριον
3149 2281 3255 2353 ἰδίᾳ
3279 2297 3338 2334 σε
3371 2279 3536 2333 λαϐὸν
3575 2277 3825 2350 μαστίζει

2155 2368 2345 2439 μυρία.
2384 2369 2552 2423 Ὅταν
2601 2364 2693 2424 οῦν
2741 2369 3003 2444 ἀκούσῃς,
3051 2370 3134 2424 ὅτι
3181 2371 3209 2424 6
3258 2368 3614 2440 ὑϐριζόμενος
3671 2364 3826 2418 οὐδὲν

2152 2454 2372 2519 ἐξέϐαλε
2405 2456 2562 2527 ῥῆμα
2591 2458 2808 2528 πικρὸν,
2845 2458 2967 2529 οὐχὶ
2998 2457 3170 2529 ταύτῃ
3203 2456 3401 2529 μᾶλλον
3439 2454 3624 2524 ἀλγεῖς
3647 2471 3662 2520 ;
3689 2452 3828 2506 Εἰπέ

2155 2559 2266 2613 μοι,
2315 2542 2433 2607 πῶς
2469 2543 2757 2615 ἄνθρωπον
2798 2547 2972 2617 πρᾶον
3027 2547 3119 2600 καὶ
3148 2543 3436 2607 ταπεινὸν,
3469 2542 3562 2597 καὶ
3607 2540 3824 2612 ἐπιεικῆ

2155 2628 2380 2700 μυρίαις
2419 2629 2653 2692 ἐπλυνας
2689 2630 3017 2703 λοιδορίαιςς
3062 2630 3246 2686 Ταῦτα
3281 2631 3514 2700 λέγομεν
3557 2627 3824 2699 συνεχῶς,

2152 2716 2252 2786 οὐχ
2279 2715 2498 2787 ὁρῶμεν
2535 2715 2592 2768 δὲ
2630 2715 3048 2787 ἐπιδεικνύμενα
3073 2717 3161 2770 διὰ
3199 2716 3310 2770 τῶν
3341 2716 3537 2787 ἔργων.
3582 2715 3828 2784 Ἀνθρω-

2155 2820 2253 2866 πος
2275 2801 2352 2856 ῶν
2382 2801 2668 2873 ἄνθρωπον
2714 2801 2992 2872 ὑϐρίζεις;
3045 2802 3231 2866 δοῦλος
3266 2801 3342 2854 ῶν
3375 2802 3467 2856 τὸν
3499 2800 3824 2872 ὁμόδουλον;

2164 2889 2326 2944 Ἀλλά
2352 2889 2405 2943 τί
2441 2889 2598 2944 τοῦτο
2639 2889 2925 2960 θαυμάζω,
2957 2890 3091 2942 ὅπου
3129 2906 3192 2959 γε
3237 2889 3332 2942 καὶ
3363 2887 3494 2941 Θεὸν
3543 2886 3825 2960 ὑϐρίζουσι

2152 2975 2335 3030 πολλοί
2355 2993 2368 3042 ;

2219 3084 2282 3140 δ’.
2316 3085 2488 3140 Τοῦτο
2513 3087 2648 3159 πρὸς
2691 3087 2835 3156 ὑμᾶς
2863 3085 3004 3141 ἔστω
3032 3087 3357 3159 παραμυθία
3376 3085 3501 3151 τοὺς
3533 3083 3828 3158 ὑϐριζομέ-

2143 3190 2295 3237 νους.
2313 3173 2628 3246 ’Υϐρίζεσθε
2648 3191 2662 3240 ;
2685 3174 2966 3247 ὑϐρίζεται
2993 3177 3088 3230 καὶ
3108 3175 3259 3240 Θεός.
3281 3174 3664 3241 Ὀνειδίζεσθε;
3687 3175 3825 3228 ὀνει-

2153 3260 2356 3324 δίζεται
2378 3262 2472 3316 καὶ
2491 3261 2646 3325 Θεός.
2678 3262 3016 3317 Διαπτύεσθε
3041 3279 3056 3330 ;
3080 3263 3302 3336 καὶγὰρ
3329 3262 3424 3316 καὶ
3449 3263 3768 3334 ὁΔεσπότης
3798 3265 3827 3316 ὁ

2149 3349 2437 3420 ἡμέτερος.
2483 3349 2572 3404 Ἐν
2608 3350 2706 3420 μὲν
2733 3346 2827 3405 οῦν
2855 3350 3065 3415 τούτοις
3089 3353 3222 3422 ἡμῖν
3254 3351 3520 3416 κοινωνεῖ,
3551 3351 3609 3405 ἐν
3637 3351 3692 3404 δέ
3713 3353 3826 3414 τοῖς

2150 3434 2412 3500 ἐναντίοις
2440 3436 2539 3489 οὑκ
2569 3435 2668 3490 ἐτι.
2698 3435 2848 3509 [500]
2891 3438 2966 3490 υὺ
2983 3437 3092 3510 γὰρ
3110 3436 3332 3508 ὕϐρισεν
3348 3436 3548 3500 ἀδίκως
3570 3437 3720 3490 ποτέ·
3750 3437 3824 3509 μὴ

2151 3521 2380 3591 γένοιτοο
2405 3523 2526 3577 οὑδὲ
2551 3524 2825 3579 ὠνείδισεν
2851 3524 3061 3589 ἁπλῶς,
3088 3524 3211 3578 οὐδὲ
3243 3525 3525 3595 ἠδίκησεν.
3564 3524 3727 3577 Ὥστε
3761 3527 3827 3595 ή-

2154 3611 2275 3679 μεῖς
2290 3612 2457 3682 ἐσμεν
2474 3612 2523 3665 οἰ
2544 3612 2947 3676 κοινωνοῦντες,
2969 3613 3068 3683 οὐχ
3088 3612 3266 3684 ὑμεῖς.
3301 3613 3374 3666 Τὸ
3406 3613 3506 3683 μὲν
3528 3611 3638 3684 γάρ
3673 3611 3826 3683 ὑϐρι-

2151 3696 2376 3766 ζόμενον
2405 3697 2614 3770 φέρειν,
2641 3698 2798 3752 Θεοῦ’
2836 3698 2898 3752 :6
2933 3700 2991 3754 δέ
3021 3700 3263 3772 ὑϐρίζειν
3315 3699 3523 3765 ἁπλῶς,
3551 3699 3822 3770 δαίμονος.

2156 3784 2323 3838 Ἴδετε
2370 3784 2470 3849 τὰς
2525 3787 2619 3840 δύο
2667 3787 2908 3860 μερίδας.
2962 3789 3277 3858 Δαιμόνιον
3308 3788 3485 3858 ἔχεις,
3526 3789 3758 3860 ήκουσεν
3797 3791 3826 3842 6

2152 3871 2405 3940 Χριστός·
2441 3873 2747 3945 ἐῤῥαπίσοη
2771 3876 2879 3928 ἀπὸ
2901 3874 2994 3928 τοῦ
3026 3875 3211 3928 δούλου
3245 3875 3338 3930 τοῦ
3390 3876 3708 3949 ἀρχιερέως.
3760 3877 3824 3928 Οἱ

2151 3957 2462 4030 ὑϐρίζοντες
2517 3961 2696 4014 τοίνυν
2762 3962 2982 4026 ἀδίκως,
3022 3962 3140 4034 μετ’
3199 3962 3423 4016 ἐκείνων
3454 3976 3476 4001 ε
3507 3964 3818 4034 ἑστήκασιν·

2151 4046 2396 4110 εἰκότως.
2418 4049 2483 4103 Εἰ
2506 4051 2616 4121 γὰρ
2641 4049 2668 4101 ὁ
2695 4049 2898 4121 Πέτρος
2927 4050 3021 4103 καὶ
3050 4051 3293 4112 Σατανᾶς
3325 4049 3524 4120 ἤκουσε
3554 4050 3622 4103 δι’
3644 4051 3702 4103 ἓν
3729 4051 3825 4122 ῥῆ-

2155 4149 2250 4202 μα,
2285 4133 2465 4205 πολλῷ
2496 4135 2698 4205 μᾶλλον
2754 4130 2901 4190 οὗτοι
2947 4135 3187 4190 Ἰουδαῖοι
3218 4134 3561 4199 ἀκούσονται,
3603 4135 3728 4190 ὅταν
3756 4137 3826 4190 τά

2163 4217 2430 4272 Ἰουδαίων
2455 4220 2703 4284 ποιῶσιν,
2727 4220 2916 4290 ῶσπερ
2939 4221 3180 4273 κάκεῖνοι
3202 4219 3446 4272 διαϐόλου
3471 4219 3654 4287 τέκνα,
3677 4224 3825 4277 ἐπει·-

2150 4302 2216 4373 δὴ
2269 4303 2339 4357 τὰ
2392 4305 2486 4357 τοῦ
2545 4305 2792 4358 διαϐόλου
2857 4306 3193 4377 εἰργάζοντο.
3269 4305 3559 4378 ’Υϐρίζεις,
3596 4309 3681 4372 τίς
3722 4310 3820 4378 ὢν,

2153 4391 2273 4444 εἰπέ
2311 4409 2441 4462 μοι;
2478 4392 2696 4446 Μᾶλλον
2733 4392 2790 4445 δὲ
2817 4393 2905 4447 διὰ
2960 4393 3119 4446 τοῦτο
3149 4393 3412 4464 ὑϐρίζεις,
3446 4396 3632 4470 ἐπειδὴ
3672 4399 3822 4453 οὐδὲν

2153 4473 2221 4531 εἷ’
2271 4478 2448 4542 οὐδεὶς
2475 4480 2582 4551 γὰρ
2614 4478 2902 4550 ἄνθρωπος
2952 4479 3028 4533 ῶν
3060 4480 3292 4553 ὑϐρίζει.
3343 4481 3505 4536 Ὥστε
3537 4483 3564 4536 ὃ
3604 4483 3822 4553 λέγεται

2151 4567 2208 4618 ἐν
2235 4567 2353 4628 ταῖς
2382 4566 2604 4638 μάχαις,
2665 4567 2738 4619 Σὺ
2769 4566 2853 4631 τίς
2879 4561 2960 4635 εἵς
3014 4567 3074 4633 ἐξ
3121 4569 3368 4633 ἐναντίας
3397 4568 3502 4622 ἔδει
3548 4570 3818 4639 λέγεσθαι·

2149 4645 2284 4717 οἷον,
2314 4651 2570 4723 ”Υϐριζε,
2603 4652 2782 4722 λέγειν
2837 4653 3023 4727 ἐχρῆν·
3058 4654 3212 4708 οὐδὲν
3237 4655 3345 4727 γὰρ
3379 4652 3452 4710 εἷ’
3511 4657 3608 4711 νῦν
3634 4658 3692 4712 δὲ
3739 4659 3825 4711 λε-

2150 4739 2356 4809 γόντων
2393 4740 2572 4810 ήμῶν,
2609 4742 2698 4806 Ὠς
2727 4741 2813 4806 τίς
2845 4741 3124 4814 ὑϐρίζεις;
3169 4743 3256 4806 Ὡς
3290 4743 3512 4815 βελτίων
3566 4761 3683 4810 σου,
3735 4745 3823 4800 διὰ

2151 4828 2369 4882 πάντων
2397 4828 2616 4883 ἀκούειν
2648 4828 2784 4883 ἐστι.
2817 4832 2929 4885 Καὶ
2961 4832 3068 4902 μὴν
3107 4831 3170 4884 τὸ
3219 4832 3458 4886 ἐναντίον
3493 4832 3599 4886 ἔδει
3621 4833 3819 4902 λέγειν·

2149 4917 2265 4970 ἀλλ’
2299 4917 2486 4987 ἐπειδὴ
2510 4919 2674 4988 ἡμεῖς
2698 4919 2888 4983 κακῶς
2935 4919 3248 4990 ἐρωτῶμεν,
3273 4920 3361 4973 διά
3383 4919 3541 4974 τοῦτο
3570 4923 3816 4975 κάκεῖνοι

2149 5004 2334 5067 κακῶς
2357 5005 2764 5076 ἀποκρίνονται·
2801 5006 2946 5060 ὥστε
2999 5009 3161 5078 ήμεῖς
3193 5006 3377 5062 αἴτιοι.
3441 5009 3526 5072 Ὡς
3571 5010 3821 5079 μεγάλων

2148 5091 2258 5164 γάρ
2295 5092 2506 5163 ἀνδρῶν
2529 5093 2697 5148 ὄντων
2728 5093 2838 5148 τῶν
2898 5095 3250 5169 ὑϐριζόντων,
3275 5095 3417 5150 οὕτω
3440 5096 3688 5166 λέγομεν·
3730 5099 3818 5164 Ὠς

2148 5178 2230 5242 τίς
2257 5178 2529 5248 ὑϐρίζεις;
2556 5181 2656 5235 Διά
2691 5181 2851 5236 τοῦτο
2901 5184 3143 5237 κάκεῖνοι
3196 5182 3368 5246 οὕτως
3412 5183 3817 5254 ἀποκρίνονται.

2150 5265 2469 5321 Τοὺναντίον
2505 5267 2562 5322 δέ
2595 5269 2764 5340 ἐχρῆν
2794 5269 2994 5339 λέγειν·
3059 5270 3368 5342 Ύϐρίζεις;
3404 5269 3611 5340 ὕϐριζε·
3647 5272 3818 5336 οὐδεὶς

2149 5354 2258 5425 γὰρ
2286 5351 2354 5409 εἴ.
2393 5357 2536 5428 Πρὸς
2568 5357 2626 5410 δέ
2656 5359 2782 5422 τοὺς
2807 5360 2906 5430 οὐχ
2940 5359 3263 5430 ὑϐρίζοντας
3301 5357 3460 5411 τοῦτο
3485 5359 3684 5430 μᾶλλον
3713 5360 3818 5416 ἔδει

2149 5440 2425 5510 λέγεσθαιο
2468 5444 2557 5509 Ὠς
2577 5445 2660 5508 τίς
2682 5446 2781 5516 οὑχ
2817 5446 3094 5517 ὑϐρίζεις;
3123 5444 3398 5518 ὑπερέϐης
3422 5446 3522 5518 τὴν
3547 5447 3820 5520 ἀνθρωπίο

2150 5547 2248 5600 νην
2275 5532 2457 5600 φύσιν.
2496 5530 2670 5586 Τοῦτο
2694 5533 2962 5602 εὐγένεια,
2991 5532 3150 5586 τοῦτο
3171 5532 3476 5605 ἐλευθερία,
3500 5535 3667 5606 μηδὲν
3721 5537 3820 5590 ἀνο

2149 5617 2433 5690 ελεύθερυν
2454 5619 2812 5689 φθέγγεσθαι,
2841 5621 2942 5676 κᾶν
2969 5621 3118 5687 ἄξιος
3204 5639 3289 5684 τις
3322 5621 3560 5678 ἀκούειν.
3588 5623 3724 5678 Εἰπέ
3752 5625 3816 5696 δή

2154 5724 2266 5777 μοι,
2295 5707 2449 5762 πόσοι
2481 5709 2600 5780 οὐχὶ
2633 5708 2774 5776 ἄξιοί
2802 5711 2937 5764 εἰσιν
2980 5709 3352 5783 ἀναιρεῖσθαι;
3388 5711 3527 5766 Ἀλλ’
3579 5712 3729 5782 ὅμως
3757 5714 3818 5766 οὑ

2211 5809 2384 5881 {Tres
2407 5825 2521 5866 mss.
2549 5820 2601 5864 el
2623 5813 2798 5879 Savil.,
2843 5817 3055 5881 ἐγκαλῶν
3080 5815 3131 5878 ᾖ,
3176 5816 3232 5865 τὸ
3275 5812 3380 5864 τοῦ.

2155 5871 2176 5920 ἰ
2177 5815 2384 5921 1:“Tres
2407 5825 2521 5866 mss.
2549 5820 2601 5864 el
2623 5815 2798 5879 Savil.,
2843 5817 3055 5881 ἐγκαλῶν
3080 5815 3131 5878 ᾖ,
3176 5816 3232 5865 τὸ
3275 5815 3380 5864 τοῦ.
3482 5828 3504 5857 ε
3536 5815 3671 5870 Unus
3717 5816 3819 5879 μετ’

2236 5890 2346 5923 ινον.

3285 5955 3358 6020 18
