4108 6172
313 258 404 308 εει

313 369 458 418 ποιεῖ
487 366 642 420 τοῦτο
669 367 738 420 δι’
761 367 954 422 ἑαυτοῦ
989 371 1016 422 6
1043 369 1323 441 δικαστὴς,
1367 371 1483 425 ἀλλ’
1514 374 1710 445 ἐρωτᾷ·
1740 373 1834 428 καὶ
1859 373 1981 427 οὑδέ

312 452 470 505 τοῦτο
496 453 566 506 δι’
599 455 810 509 ἑαυτοῦ.
855 455 914 508 Εἰ
963 456 1020 508 δὲ
1047 457 1389 526 διαλέγεσθαι
1444 459 1716 530 ἀνθρώπῳ
1761 460 1984 531 πονηρῷ

314 539 412 591 οὑκ
435 540 660 593 ἀνεκτὸν
686 541 987 606 δικάζοντα,
1013 543 1148 596 ἀλλά
1181 545 1331 615 μέσῳ
1360 547 1465 599 τινὶ
1490 547 1777 617 κέχρηται,
1804 547 1984 618 πολλῴ

319 626 516 695 μᾶλλον
545 629 691 698 ἡμᾶς
742 631 867 692 τοὺς
910 631 1203 701 ὁμοτίμους
1236 631 1476 703 ὑϐρίζειν
1505 634 1566 686 οὑ
1591 636 1718 705 χρίγ
1769 638 1829 688 οὑ
1876 635 1983 707 γὰρ

314 713 455 765 οὕτω
491 713 569 784 τῷ
595 715 814 785 ὑϐρίσαι
867 717 1338 788 πλεονεκτήσομεν
1385 720 1585 785 αὑτῶν,
1617 722 1693 785 ὡς
1721 721 1799 792 τῷ
1838 722 1982 775 διδα-

316 802 527 872 χθῆναι,
549 803 629 857 ὅτι
655 805 958 875 ὑϐρίσαμεν
995 805 1242 871 ἑαυτούς.
1265 809 1404 871 Τοὺς
1431 809 1530 878 μὲν
1576 805 1669 863 οὖν
1712 811 1981 882 πονηροὺς

315 888 399 941 διὰ
437 889 594 943 τοῦτο
625 890 748 944 οὔτε
781 892 1026 962 ὑϐρίζειν
1077 893 1202 965 χρὴ,
1231 895 1356 959 τοὺς
1388 895 1445 949 δέ
1491 896 1730 965 ἀγαθοὺς
1783 898 1878 951 καὶ
1915 897 1982 950 δι’

315 975 519 1045 ἕτερον,
559 979 639 1031 ὅτι
694 980 794 1031 οὑκ
827 979 968 1046 ἄξιοι
999 997 1015 1012 ο
1043 981 1139 1034 καὶ
1186 983 1388 1053 τρίτον,
1433 983 1514 1036 ὅτι
1546 984 1807 1056 ὑϐριστὴν
1840 984 1980 1039 εἰναι

315 1063 374 1115 οὑ
403 1065 530 1136 χρή.
553 1066 668 1118 Νῦν
695 1066 772 1131 δὲ,
801 1067 902 1138 δρα
949 1069 1048 1122 ὅσα
1089 1069 1315 1137 γίνεταν
1366 1071 1648 1144 ὑϐρίζεται
1702 1074 1794 1126 καὶ
1846 1076 1981 1144 ἐπη-

315 1149 568 1233 ρεάζεται
603 1150 908 1222 ἄνθρωπος,
963 1156 1058 1208 καὶ
1090 1157 1118 1209 6
1170 1158 1495 1230 ἐπηρεάζων
1542 1160 1848 1233 ἄνθρωπος,
1883 1163 1979 1215 καὶ

310 1230 361 1286 οἰ
393 1233 724 1305 θεωροῦντες
763 1239 1060 1312 ἄνθρωποι.
1094 1243 1160 1294 Τί
1192 1241 1319 1311 οὑν;
1353 1247 1421 1299 :6
1448 1247 1610 1317 θηρία
1646 1230 1734 1301 δεῖ
1765 1250 1844 1311 εἰς
1879 1250 1978 1319 μέ-

312 1336 404 1374 σον
455 1323 628 1377 ἐλθεῖν
665 1327 761 1379 καὶ
809 1327 1094 1394 διαλῦσαι;
1129 1329 1288 1384 τοῦτο
1339 1333 1449 1404 γὰρ
1490 1333 1758 1390 λείπεται.
1807 1337 1976 1390 Ὅταν

309 1408 416 1478 γὰρ
449 1411 498 1462 οἰ
531 1413 856 1484 τερπόμενοι
903 1419 968 1487 τῇ
1014 1417 1198 1488 ἀδικίᾳ
1252 1420 1526 1492 ἄνθρωποι
1559 1420 1680 1486 ὦσι,
1716 1425 1829 1488 τοῖς
1875 1423 1974 1495 θη·-

311 1495 444 1564 ρίοις
473 1500 505 1568 ὴ
536 1500 849 1574 καταλλαγὴ
891 1503 1159 1560 λείπεται·
1191 1505 1381 1579 ὥσπερ
1432 1505 1524 1564 οῦν
1549 1511 1824 1565 δεσποτῶν
1869 1530 1976 1582 μα-

304 1585 550 1653 χομένων
588 1590 644 1641 ἐν
679 1589 846 1661 οἰκίᾳ,
880 1591 1124 1649 λείπεται
1166 1597 1292 1658 τοὺς
1324 1599 1538 1663 οἰκέτας
1581 1600 1973 1656 καταλλάττειν

304 1667 481 1762 (τοῦτο
510 1672 617 1762 γάρ
646 1677 677 1746 ὴ
707 1676 799 1730 τοῦ
826 1680 1149 1751 πράγματος
1169 1683 1328 1753 φύσις
1355 1685 1596 1748 ἀπαιτεῖ,
1616 1689 1664 1741 εἰ
1690 1689 1974 1762 καὶταύτῃ

300 1756 439 1828 τάχα
464 1761 538 1831 μὴ
574 1762 806 1837 γίνεται)
834 1785 846 1798 ·
868 1768 1009 1823 οὑτω
1045 1772 1140 1824 καὶ
1183 1772 1434 1828 ἐνταῦθα.
1480 1775 1789 1846 ’Υϐρίζειςς
1831 1756 1974 1832 είκόῖ

299 1858 406 1933 τως
430 1862 444 1876 ·
468 1847 589 1900 ούδέ
630 1851 736 1922 γάρ
767 1853 1054 1924 ἄνθρωπος
1108 1853 1175 1912 εἶ.
1202 1860 1302 1912 Διά
1341 1860 1500 1914 τοῦτο
1538 1861 1685 1929 ἔδοξε
1733 1863 1875 1933 μέγα
1919 1882 1972 1918 τι

299 1925 436 2019 εἶναι
459 1935 492 2003 ἡ
526 1933 704 2008 ὕϐρις,
734 1941 827 1994 καὶ
852 1940 997 2008 ἔδοξε
1025 1945 1137 2008 τοῖς
1169 1947 1426 2016 μεγάλοις
1457 1925 1773 2019 προσήκειν’
1816 1925 1891 2004 ’τὸ
1912 1951 1969 2005 δὲ

296 2017 650 2106 ἀνδραπόδοις
681 2027 880 2096 μᾶλλον
905 2033 1192 2102 προσήκει,
1216 2033 1406 2104 ὥσπερ
1436 2034 1496 2088 :6
1521 2017 1788 2106 εὐφημεῖν
1818 2037 1971 2091 ἐλευ-

296 2102 475 2178 θέροις
537 2111 829 2183 ἐμπρέπει.
885 2118 1099 2190 ’Ὥσπερ
1131 2119 1241 2190 γάρ
1292 2102 1568 2188 ’τὺ-κακῶς
1600 2102 1776 2178 ποιεῖν
1829 2125 1972 2178 ἐκεί-

233 2183 254 2210 '
296 2194 587 2280 νων,οῦτω
613 2199 673 2252 τὸ
719 2203 908 2267 κακῶς
935 2183 1165 2275 πάσχειν
1199 2183 1352 2280 [501]
1406 2183 1628 2264 τούτων.
1674 2205 1798 2264 υἷόν
1853 2213 1969 2266 ἐστι

298 2277 566 2370 κλέπτρια
604 2285 764 2359 δούλη
792 2289 863 2342 τὰ
887 2290 978 2342 τοῦ
1017 2277 1275 2346 δεσπότου
1327 2277 1600 2367 λαθραίως
1635 2296 1967 2370 ὑφαιροῦσα,

296 2366 534 2422 τοιοῦτόν
561 2370 616 2422 τί
645 2373 759 2426 ἐστι
789 2375 883 2428 καὶ
907 2377 942 2446 ἡ
969 2376 1147 2449 ὕϐρις’
1174 2380 1268 2434 καὶ
1297 2381 1372 2445 ὡς
1393 2366 1458 2436 ἂν
1477 2382 1628 2437 είποι
1655 2366 1966 2450 τιςξκαθά-

1089 256 1144 311 S.
1183 257 1465 315 JO.\NNIS
1503 257 1990 318 CHRYSOSTOMI
2029 259 2349 318 ARCHIEP.
2394 264 2939 321 CONSTAATINOP.

3648 256 3756 312 289.

2088 393 2194 448 περ
2243 379 2271 429 ὁ
2297 379 2537 451 κλέπτης
2568 381 2770 452 σπουδῇ
2803 381 2985 434 εἰσιὼν
3033 377 3304 451 πανταχοῦ
3364 374 3755 444 περιϐλέπεται

2087 465 2374 533 ὑφελέσθαι
2398 484 2450 518 τι
2480 466 2812 531 σπουδάζων·
2840 467 2980 520 οὑτω
3015 469 3107 520 καὶ
3123 462 3274 530 οὗτος
3300 465 3477 519 πάντα
3497 480 3756 534 ’περισκο⁹

2085 555 2192 606 πεῖ.
2228 553 2511 608 ἐκϐάλλειν
2529 571 2583 607 τι
2603 553 2794 609 θέλων.
2821 555 2974 624 Τάχα
3004 554 3176 624 ἐτέρῳ
3205 570 3312 606 τιιι
3347 550 3753 622 παραδείγματι

2084 639 2247 693 αὑτὸν
2281 639 2688 712 διαγράφωμεν.
2707 641 2920 710 Ὥσπερ
2951 641 3060 711 γὰρ
3092 641 3249 704 εἴτις
3276 638 3444 708 σκεύη
3467 637 3754 707 ἀκάθαρτα

2084 726 2332 781 κλέπτων
2356 727 2416 792 ἐξ
2442 728 2641 792 οἰκίας,
2676 728 2772 782 καὶ
2797 727 3005 795 ἐξάγων
3027 728 3244 782 πάντων
3271 724 3603 797 ἔμπροσθεν,
3632 722 3755 793 οὐχὶ

2082 813 2151 866 τὰ
2181 813 2542 884 ὑφαιρεθέντα
2600 813 2798 886 ᾔσχυνε
2853 811 3131 880 τοσοῦτον,
3164 813 3288 866 ὅσον
3336 811 3496 874 αὑτδς
3535 810 3750 874 ἑαυτὸν,

2082 902 2253 955 ταῦτα
2302 903 2630 973 ὑφελόμενος
2667 903 2762 956 καὶ
2811 901 3020 971 ἐξάγων
3046 918 3062 935 ·
3109 900 3254 954 οὔτω
3311 900 3374 970 δὴ
3426 898 3522 951 καὶ
3573 890 3750 961 οὗτος,

2082 989 2327 1044 ἐκϐαλὼν
2373 989 2682 1062 ἔμπροσθεν
2734 991 2952 1044 πάντων
2999 987 3286 1058 ἀκάθαρτα
3334 989 3575 1058 ῥήματα,
3628 984 3753 1053 οὑχὶ

2082 1077 2302 1148 ἐτέρους
2323 1077 2574 1148 ᾔσχυνεν,
2605 1078 2718 1131 ἀλλ’
2751 1076 2940 1130 ἐαυτὸν
2984 1075 3074 1130 διά
3103 1075 3214 1129 τῶν
3269 1075 3552 1145 ῥημάτων,
3610 1089 3748 1142 προ-

2080 1164 2304 1233 αγαγὼν
2333 1165 2554 1219 τοιαῦτα
2585 1166 2678 1220 καὶ
2705 1165 3132 1237 καταῤῥυπάνας
3159 1162 3322 1216 αὑτοῦ
3347 1162 3439 1214 καὶ
3455 1161 3554 1230 τὴν
3578 1159 3750 1228 γλῶτ-

2079 1270 2176 1307 ταν
2205 1253 2300 1306 καὶ
2323 1251 2420 1324 τὴν
2443 1252 2701 1307 διάνοιαν.
2749 1252 2956 1306 Ταυτὸν
2992 1251 3102 1323 γάρ
3147 1251 3374 1319 γίνεται,
3423 1247 3553 1302 ὅταν
3611 1247 3749 1318 πρὸς

2076 1343 2203 1405 τοὺς
2232 1342 2499 1413 πονηροὺς
2541 1339 2862 1413 μαχώμεθα,
2912 1339 3100 1411 ὥσπερ
3124 1338 3189 1392 ἂν
3224 1338 3279 1391 εἰ
3323 1355 3409 1401 τις
3463 1335 3747 1407 ἄνθρωπος

2077 1431 2166 1484 τὸν
2187 1431 2254 1482 -ἐν
2293 1428 2548 1498 σηπεδόνι
2585 1428 2712 1481 ὄντα
2736 1428 2872 1499 ὑπὲρ
2897 1427 2991 1481 τοῦ
3035 1425 3238 1494 πλῆξαι
3295 1424 3497 1494 μολύνῃ
3531 1423 3742 1485 ἐαυτὸν,

2077 1518 2262 1582 καθεὶς
2294 1517 2458 1572 αὑτοῦ
2484 1517 2579 1581 τάς
2613 1519 2800 1588 χεῖρας
2847 1517 2926 1578 είς
2978 1515 3068 1568 τὸν
3107 1513 3384 1584 βόρϐορον.
3431 1510 3614 1564 Ταῦτα
3654 1510 3742 1580 δὴ,

2080 1604 2405 1677 παρακαλῶ,
2445 1604 2633 1658 πάντα
2664 1602 3131 1672 ἀναλογιζόμενοι,
3187 1599 3480 1669 φεύγωμεν
3512 1598 3610 1665 τὴν
3661 1599 3748 1649 ἐν·

2076 1695 2268 1748 τεῦθεν
2295 1693 2519 1764 βλάϐην,
2546 1691 2640 1745 καὶ
2665 1690 2910 1761 εὔφημον
2960 1689 3172 1760 ἔχωμεν
3203 1687 3468 1755 γλῶτταν,
3503 1686 3590 1739 ἵνα
3639 1702 3743 1739 κα-

2078 1782 2400 1854 θαρεύοντες
2455 1780 2638 1848 πάσης
2699 1777 2947 1847 ὕϐρεως,
3015 1775 3337 1847 δυνηθῶμεν
3394 1773 3532 1844 μετὰ
3587 1774 3746 1844 ἀκρι-

2076 1869 2230 1932 ϐείας
2288 1867 2379 1921 τὸν
2422 1865 2667 1935 παρόντα
2711 1865 2822 1935 βίον
2872 1864 3142 1928 διανύσαι,
3183 1864 3277 1918 καὶ
3323 1862 3434 1916 τῶν
3473 1860 3744 1930 ἐπηγγελ-

2078 1956 2254 2026 μένων
2287 1952 2506 2021 ἀγαθῶν
2533 1955 2646 2016 τοῖς
2679 1949 2964 2020 ἀγαπῶσιν
3019 1950 3181 2005 αὐτὸν
3231 1951 3525 2018 ἐπιτυχεῖν,
3560 1948 3743 2016 χάριτι

2075 2043 2168 2096 καὶ
2222 2039 2604 2110 φιλανθρωπίᾳ
2653 2038 2748 2092 τοῦ
2790 2038 2997 2110 Κυρίου
3044 2038 3201 2110 ὴμῶν
3259 2037 3431 2108 Ἰησοῦ
3477 2037 3737 2106 Χριστοῦ,

2077 2129 2194 2199 μεθ’
2220 2122 2281 2181 οὗ
2307 2126 2386 2198 τῷ
2416 2126 2592 2197 Πατρὶ
2628 2125 2743 2195 ἅμα
2789 2124 2867 2195 τῷ
2917 2125 3057 2196 ἁγίῳ
3097 2123 3372 2194 Πνεύματι
3420 2121 3565 2186 δόξα,
3603 2121 3740 2192 κρά-

2071 2233 2183 2280 τος,
2212 2214 2366 2286 τιμὴ,
2393 2213 2487 2266 νῦν
2515 2214 2608 2267 καὶ
2639 2212 2748 2278 ἀεὶ,
2775 2213 2870 2266 καὶ
2893 2213 2970 2277 εἰς
2993 2211 3118 2275 τοὺς
3157 2211 3359 2274 αἰῶνας
3384 2211 3492 2262 τῶν
3527 2208 3758 2266 αἰώνων.

2084 2304 2276 2372 Ἀμήν.

419 2520 3631 2552 mw

1817 2662 2064 2717 OMIAIA
2101 2663 2156 2716 M
2178 2702 2194 2717 .

305 2739 467 2820 ὀδε
489 2741 737 2820 Παῦλος
772 2741 861 2797 ἔτι
875 2747 1272 2820 προσμείνας
1305 2751 1529 2820 ἡμέρας
1569 2752 1802 2819 ἱκανὰς,
1839 2754 1964 2820 τοῖς

360 2810 646 2891 ἀδελφοῖς
667 2810 1138 2891 ἀπ-οταξιξιιενθς,
1174 2810 1529 2891 έξέπλειέἰς
1579 2821 1694 2891 τὴν
1718 2810 1962 2891 Σίυρίανξ

361 2881 459 2933 καὶ
508 2880 632 2962 σὺν
691 2883 852 2948 αὐτῷ
908 2880 1252 2962 Πρίσκιλλα
1310 2880 1718 2962 καίμᾋκύλὰς,
1773 2880 1967 2962 κειράιί

355 2967 540 3087 patro;
573 2951 689 3019 τὴν
734 2951 1012 3022 κεφαλίῄθ
1047 2958 1118 3010 ἐν
1155 2959 1498 3028 Κεγχρεαῒςο
1546 2951 1826 3030 είχέῪὰρ
1859 2951 1966 3017 εὐ-

361 3037 501 3087 pr.

361 3037 501 3088 χην.

360 3225 430 3271 α’.
457 3217 598 3289 Ὅρα
619 3220 737 3283 πῶς
752 3222 780 3274 6
800 3220 960 3291 νόμος
989 3222 1347 3276 καταλέλυται
1365 3235 1415 3288 α,
1431 3225 1530 3296 δρα
1551 3226 1668 3289 πῶς
1693 3226 1770 3298 τῷ
1789 3244 1964 3282 συνει-

287 3304 399 3357 δότι
419 3305 747 3377 κατείχοντο.
769 3308 940 3361 Τοῦτο
968 3309 1256 3365 Ἰουδαϊκὸν
1279 3307 1345 3380 ἦν
1361 3311 1422 3364 :6
1442 3311 1725 3384 κείρασθαι
1747 3315 1846 3379 τὰς
1868 3332 1962 3369 κε-

288 3391 464 3459 φαλὰς
481 3393 599 3446 κατ’
623 3394 811 3465 εὑχήν.
834 3395 979 3466 Πλὴν
994 3396 1100 3450 ἔδει
1117 3398 1210 3452 καὶ
1226 3397 1416 3452 θυσίαν
1433 3399 1707 3469 γενέσθαι,
1725 3402 1846 3472 ἦτις
1861 3402 1962 3456 οὑκ

287 3478 504 3546 ἐγένετο
526 3482 662 3550 μετά
677 3482 737 3534 τὸ
751 3483 1091 3555 τυπτηθῆναι
1108 3485 1197 3540 τδν
1213 3486 1516 3558 Σωσθένην.
1535 3488 1682 3542 Ἔδει
1704 3489 1959 3544 ἀπελθεῖν

288 3564 468 3620 αὑτόν.
506 3566 598 3619 Διὸ
620 3567 713 3620 καὶ
757 3568 1058 3638 ἐπείγεται.
1112 3573 1225 3626 Καὶ
1262 3575 1749 3646 παρακαλούμενος
1777 3581 1956 3648 μεῖναι

289 3655 419 3720 παρ’
452 3652 635 3716 αὑτοῖς
667 3656 725 3708 ἐν
765 3656 995 3728 Ἐφέσῳ,
1030 3659 1129 3711 οὑκ
1161 3659 1434 3730 ἀνέχεται.
1467 3663 1626 3727 Τίνος
1649 3662 1743 3718 οῦν
1771 3665 1957 3720 ἕνεκεν

291 3738 450 3792 πάλιν
501 3737 600 3808 τὴν
645 3740 978 3813 Ἀντιόχειαν
1009 3746 1455 3818 καταλαμϐάνει;
1526 3751 1775 3818 Ἀναϐὰς
1824 3752 1952 3824 γὰρ,

289 3823 445 3896 φησί,
480 3824 578 3878 καί
605 3825 1038 3899 ἀσπασάμενος
1066 3832 1180 3900 τὴν
1219 3834 1599 3904 Ἐκκλησίαν,
1628 3838 1843 3906 κατέϐη
1869 3823 1954 3906 είς

300 3911 675 3979 Ἀντιόχειαν.
723 3915 1047 3986 Ἐπιθυμίαν
1076 3917 1186 3990 εἶχε
1234 3921 1333 3992 τῆς
1382 3922 1608 3988 πόλεως,
1669 3924 1856 3978 παθών
1901 3944 1956 3980 τι

287 3997 624 4068 ἀνθρώπινον
646 4000 782 4072 πρὸς
811 4003 998 4076 αὑτήν·
1028 4006 1261 4062 ἐνταῦθα
1309 4008 1416 4081 γάρ
1468 4011 1954 4082 ἐχρηματίσθησαν

288 4086 336 4137 οἰ
375 4084 616 4157 μαθηταὶ
648 4088 930 4144 καλεῖσθαι
960 4093 1294 4165 Χριστιανοὶ,
1331 4096 1563 4150 ἐνταῦθα
1585 4099 1852 4172 παρεδόθη
1880 4103 1948 4172 τῇ

286 4171 470 4244 χάριτι
502 4173 596 4227 τοῦ
623 4175 778 4240 Θεοῦ,
815 4178 1045 4233 ἐνταῦθα
1077 4182 1242 4252 ἤνυσε
1276 4184 1577 4255 πράγματα
1598 4185 1667 4240 τὰ
1698 4171 1849 4241 κατά
1890 4171 1952 4241 :6

284 4257 480 4330 δόγμα.
518 4262 624 4315 Καὶ
654 4264 682 4316 6
721 4263 818 4334 μὲν
853 4268 932 4331 εἰς
957 4267 1154 4339 Συρίαν
1192 4266 1434 4333 ἐξέπλειι
1462 4272 1687 4337 τούτους
1730 4275 1788 4328 δὲ
1844 4276 1949 4344 ἀφ-

283 4347 414 4416 ῆκεν
443 4350 524 4412 εἰς
553 4349 806 4419 Ἔφεσον,
827 4354 1076 4422 εἰκότως,
1101 4355 1178 4420 ὡς
1204 4356 1533 4424 διδάξοντας.
1557 4361 1824 4415 Τοσοῦτον
1846 4363 1945 4416 αὐ-

279 4433 358 4504 τῷ
390 4437 773 4508 συγγενόμενοι
796 4441 1002 4510 χρόνον,
1061 4443 1232 4498 πολλά
1256 4445 1477 4515 ἔμαθον·
1508 4449 1604 4501 καὶ¹
1652 4450 1802 4518 ὅμως
1848 4451 1948 4521 τῆς

282 4522 569 4592 συνηθείας
601 4526 796 4589 αὐτοὺς
814 4527 914 4581 οὑκ
932 4529 1219 4600 ἀπήγαγεν
1245 4532 1457 4586 οὐδέπω
1483 4535 1583 4604 τῆς
1624 4536 1942 4606 Ἰουδαϊκῆς.

293 4608 425 4662 Ἰδοὺ
465 4611 558 4662 καὶ
587 4611 722 4682 γυνὴ
743 4613 803 4665 :6
836 4614 948 4666 ἴσον
969 4615 1194 4686 ἀνδράσι
1218 4617 1446 4672 ποιοῦσα
1475 4621 1568 4672 καὶ
1595 4619 1943 4677 διδάσκουσα.

279 4695 378 4748 Διά
407 4695 564 4749 τοῦτο
585 4698 854 4750 ἐκωλύετο
883 4701 961 4762 εἰς
987 4700 1085 4769 τὴν
1128 4702 1312 4756 Ἀσίαν
1341 4704 1536 4768 ἐλθεῖν,
1566 4705 1703 4775 πρὸς
1726 4706 1794 4759 τὰ
1819 4725 1949 4760 κατ-

280 4785 592 4852 επείγοντα,
617 4780 793 4855 οἶμαι,
831 4787 1206 4858 ἐλαυνόμενος.
1241 4791 1381 4861 Ὅρα
1411 4792 1543 4860 γοῦν
1593 4793 1826 4848 ἐνταῦθα
1855 4797 1948 4850 καὶ

279 4871 762 4942 παρακαλούμενον
815 4873 976 4928 αὑτὸν
1041 4878 1244 4946 μεῖναι,
1303 4880 1395 4932 καὶ
1443 4880 1542 4933 οὑκ
1599 4881 1944 4952 ἀνεχόμενον,

278 4959 463 5031 ἐπειδὴ
537 4961 791 5030 ἠπείγετο
863 4962 1138 5018 ἀπελθεῖν.
1195 4965 1270 5018 Ού
1328 4966 1434 5037 μὴν
1491 4967 1678 5032 ἁπλῶς
1749 4970 1946 5036 αὑτοὺς

278 5047 462 5100 εἴασεν
487 5089 501 5111 ,
546 5048 683 5101 ἀλλά
740 5051 876 5120 μετά
931 5051 1314 5123 ὑποσχέσεως·
1373 5055 1468 5108 καί⁵
1519 5056 1701 5122 ὅπως,
1756 5057 1939 5112 ἄκουε

276 5133 628 5201 Κατήντησε
651 5134 798 5207 [302]
824 5137 908 5200 δὲ,
933 5139 1116 5208 φησὶν,
1134 5141 1222 5205 είς
1241 5141 1524 5209 Ἔφεσον,
1547 5143 1644 5196 καὶ
1672 5143 1944 5210 ἐκείνους

276 5222 596 5276 κατέλιπεν
623 5225 831 5279 αὐτοῦ·
867 5227 1051 5290 αὐτὸς
1093 5226 1162 5280 δὲ
1191 5230 1482 5285 εἰσελθὼν
1538 5233 1626 5297 εἰς
1653 5231 1767 5300 τὴν
1793 5249 1944 5287 συν-

272 5309 531 5378 αγωγκὴν,
585 5311 867 5383 διελέχθη
923 5314 1047 5380 τοῖς
1091 5315 1420 5383 Ἰουδαίοις.
1466 5318 1842 5386 Ἐρωτώντων
1873 5320 1942 5373 δὲ

272 5397 472 5448 αὐτῶν
493 5398 592 5453 ἐπὶ
623 5401 876 5456 πλείονα
908 5401 1136 5469 χρόνον
1158 5402 1359 5471 μεῖναι
1396 5407 1534 5472 παρ’
1562 5405 1788 5472 αὐτοῖς,
1827 5408 1938 5460 οὐκ

271 5481 620 5545 ἐπένευσεν,
657 5488 796 5540 ἀλλ’
828 5488 1166 5553 ἀπετάξατο
1202 5490 1428 5556 αὐτοῖς,
1487 5491 1687 5546 εἰπών’
1721 5492 1824 5546 Δεῖ
1862 5509 1940 5561 με

272 5568 509 5634 πάντως
536 5571 650 5639 τὴν
675 5574 891 5642 ἑορτὴν
920 5575 1034 5644 τὴν
1062 5577 1396 5647 ἐρχομένην
1428 5578 1678 5646 ποιῆσαι
1709 5581 1796 5644 εἰς
1835 5579 1939 5633 Ἰε-

269 5656 598 5724 ροσόλυμα·
630 5659 816 5711 πάλιν
839 5661 906 5713 δὲ
945 5664 1276 5732 ἀνακάμψω
1305 5665 1452 5732 πρὸς
1471 5663 1628 5734 ὑμᾶς
1652 5663 1758 5717 τοῦ
1789 5663 1937 5716 Θεοῦ

270 5741 567 5805 θέλοι-τος.
607 5743 713 5795 Καὶ
737 5744 968 5814 ἀνήχθη
1004 5752 1119 5803 ἀπὸ
1143 5753 1251 5818 τῆς
1295 5751 1564 5820 Ἐφέσου,
1605 5751 1702 5804 καὶ
1729 5755 1936 5804 κατελ-

329 5872 354 5898 υ
384 5862 518 5913 Unus
559 5865 860 5914 καταλύεται.

2069 2755 2189 2811 θὼν
2208 2758 2294 2822 εἰς
2318 2757 2698 2827 Καισάρειαν,
2732 2759 2982 2825 ἀναϐὰς,
3019 2758 3116 2812 καὶ
3161 2757 3594 2827 ἀσπασάμενος
3620 2759 3736 2829 τὴν

2080 2843 2462 2912 Ἐκκλησίαν,
2513 2846 2727 2913 κατέϐη
2781 2848 2867 2912 εἰς
2914 2845 3283 2915 Ἀντιόχειαν·
3329 2846 3428 2898 καὶ
3474 2846 3735 2913 ποιήσας

2065 2931 2289 2997 χρόνον
2309 2932 2462 2997 τινὰ,
2495 2932 2716 3002 ἐξῆλθε
2750 2932 3131 3002 διερχόμενος
3159 2931 3412 2998 καθεξῆς
3446 2932 3560 3001 τὴν
3611 2936 3731 2987 Γα-

2065 3015 2322 3084 λατικὴν
2354 3017 2552 3086 χώραν
2599 3018 2698 3072 καὶ
2749 3019 3031 3088 Φρυγίαν,
3066 3017 3455 3086 ἐπιστηρίζων
3501 3019 3731 3086 πάντας

2063 3101 2204 3168 τσὺς
2252 3105 2540 3173 μαθητάς.
2571 3106 2679 3158 Καὶ
2729 3105 2849 3176 δρα,
2887 3104 3132 3170 ἐκείνους
3181 3105 3309 3168 τοὺς
3362 3106 3560 3171 τόπους
3609 3125 3731 3161 κατ-

2064 3188 2390 3260 ελάμϐανεν,
2429 3189 2510 3256 οἷς
2562 3192 2730 3264 ἐπέϐη
2784 3193 2889 3264 7:96
2944 3194 3156 3250 τούτου.
3195 3195 3482 3261 Ἰουδαῖος
3529 3195 3597 3250 δέ
3639 3215 3730 3264 τις

2075 3276 2382 3344 Ἀπολλὼς
2413 3280 2677 3348 ὀνόματι,
2753 3280 3171 3349 Ἀλεξανδρεὺς
3227 3281 3308 3347 τῷ
3352 3281 3530 3352 γένει,
3573 3283 3729 3353 ἀνὴρ

2059 3366 2283 3434 λόγιος,
2309 3366 2690 3435 κατήντησεν
2713 3369 2800 3434 εἰς
2824 3369 3102 3437 Ἔφεσον,
3123 3368 3379 3435 δυνατὸς
3397 3370 3482 3422 ὢν
3498 3371 3569 3423 ἐν
3599 3371 3728 3438 ταῖς

2061 3453 2346 3522 Γραφαῖς.
2385 3455 2515 3510 Ἰδοὺ
2558 3457 2652 3510 καὶ
2697 3457 2867 3526 λόγιοι
2911 3460 3200 3529 ἠπείγοντο
3251 3460 3579 3530 κηρύττειν,
3632 3459 3727 3514 καὶ

2058 3538 2400 3609 ἀποδημοῦσι
2447 3540 2632 3596 λοιπὸν
2703 3545 2751 3596 οἱ
2808 3543 3067 3616 μαθηταί.
3116 3545 3276 3616 Ὁρᾷς
3327 3547 3576 3600 ἐπίδοσιν
3626 3546 3726 3600 τοῦ

2058 3626 2440 3698 κηρύγματος;
2496 3625 2683 3697 Οὗτος
2724 3628 2805 3702 ἦν
2835 3631 3250 3701 κατηχημένος
3285 3632 3402 3700 τὴν
3429 3633 3574 3688 ὁδὸν
3616 3633 3721 3688 τοῦ

2055 3713 2298 3780 Κυρίου,
2322 3714 2419 3769 καί
2448 3713 2588 3775 ζέων
2605 3716 2686 3782 τῷ
2713 3719 3010 3787 Πνεύματι
3034 3718 3259 3785 ἐλάλει,
3282 3721 3380 3774 καί
3402 3721 3724 3777 ἐδίδασκεν

2054 3800 2301 3869 ἀκριϐῶς
2333 3801 2406 3858 τὰ
2433 3803 2563 3872 περὶ
2593 3804 2699 3859 τοῦ
2727 3806 2970 3874 Κυρίου,
2998 3806 3395 3876 ἐπιστάμενος
3421 3809 3615 3876 μόνον
3655 3809 3722 3862 τὸ

2046 3887 2363 3958 ,βάπτισμα
2406 3892 2695 3947 Ἰωάννου.
2751 3888 2940 3959 Οὗτός
2968 3911 3032 3947 τε
3067 3893 3293 3963 ἤρξατο
3335 3895 3720 3964 παρρησιάζε-

2052 3977 2191 4028 σθαι
2223 3976 2292 4028 ἐν
2323 3976 2397 4045 τῇ
2425 3978 2768 4049 συναγωγῇ.
2787 3980 3186 4048 Ἀκούσαντες
3219 3982 3287 4036 δὲ
3329 3983 3518 4038 αὐτοῦ
3564 3985 3719 4038 Ἀκύ-

2052 4065 2167 4128 λας
2227 4065 2325 4118 καὶ
2381 4065 2716 4133 Πρίσκιλλα
2739 4107 2755 4132 ,
2819 4071 3266 4136 προσελάϐοντο
3337 4072 3524 4126 αὑτὸν
3554 4115 3569 4137 ,
3621 4072 3715 4126 καί

2052 4150 2472 4220 ἀκριϐέστερον
2513 4151 2671 4219 αὑτῷ
2713 4151 2987 4220 ἐξέθεντο
3039 4156 3152 4225 τὴν
3208 4159 3314 4213 τοῦ
3350 4159 3500 4213 Θεοῦ
3554 4161 3717 4215 ὀδόν.

2054 4238 2116 4290 El
2143 4238 2203 4292 :6
2225 4238 2510 4309 βάπτισμα
2556 4241 2805 4295 Ἰωάννου
2838 4243 2999 4313 μόνον
3046 4244 3312 4315 ὴπίστατο
3371 4239 3550 4310 οὗτος,
3602 4246 3719 4310 πῶς

2049 4322 2126 4393 τῷ
2157 4324 2432 4396 Πνεύματι
2461 4323 2609 4393 ἐζει;
2643 4327 2702 4380 :6
2727 4328 2834 4400 γάρ
2864 4328 3085 4400 Πνεῦμα
3122 4331 3218 4402 οὑχ
3266 4331 3438 4396 οὕτως
3495 4333 3712 4388 ἐδίδοτο.

2053 4410 2195 4464 Εἰδέ
2225 4413 2318 4465 καὶ
2352 4414 2406 4466 οῖ
2433 4413 2577 4485 μετά
2617 4413 2808 4470 τοῦτον
2851 4417 3151 4489 ἐδεήθησαν
3184 4417 3278 4472 τοῦ
3338 4419 3714 4490 βαπτίσματος

2051 4497 2145 4551 τοῦ
2174 4499 2434 4572 Χριστοῦ·
2464 4502 2645 4574 πολλῷ
2677 4503 2878 4574 μᾶλλον
2918 4499 3072 4568 οὗτος
3130 4505 3322 4577 ἐδεήθη
3374 4507 3460 4561 ἄν.
3509 4507 3576 4560 Τί
3625 4505 3716 4563 οὖν

2052 4586 2200 4642 ἐστιν
2231 4588 2585 4658 είπεῖν;οὑδέ
2611 4591 2720 4662 γὰρ
2748 4591 2935 4653 ἁπλῶς
2964 4592 3160 4664 ἐφεξῆς
3193 4594 3390 4664 ἔθηκεν
3429 4595 3715 4668 ἀμφότερα

2048 4677 2076 4729 6
2099 4681 2465 4748 συγγραφεύς.
2515 4681 2665 4750 Ἐμοὶ
2694 4680 2841 4734 δοκεῖ
2885 4676 2965 4745 εἷς
2989 4675 3142 4745 οὗτος
3191 4678 3329 4736 εἶναι
3360 4683 3469 4736 τῶν
3521 4685 3721 4738 ἑκατὸν

2047 4763 2219 4816 εἴκοσι
2246 4765 2352 4817 τῶν
2378 4765 2514 4834 μετὰ
2533 4766 2645 4819 τῶν
2669 4768 2989 4822 ἀποστόλων.
3019 4768 3456 4838 βαπτισθέντων·
3493 4770 3524 4842 ἢ
3552 4772 3601 4824 εἰ
3638 4773 3712 4843 μὴ

2044 4849 2220 4915 τοῦτο,
2261 4853 2398 4923 ὅπερ
2425 4853 2518 4904 ἐπὶ
2546 4854 2638 4906 τοῦ
2682 4854 2979 4924 Κορνηλίου
3026 4855 3238 4924 γέγονε,
3287 4857 3580 4927 γεγένηται
3620 4860 3712 4911 καὶ

2045 4938 2138 4990 ἐπὶ
2159 4938 2378 4991 τούτου.
2425 4939 2564 4992 Ἀλλ’
2589 4939 2650 4992 οὑ
2676 4939 3015 5009 βαπτίζεται,
3045 4942 3162 4997 ἀλλ’
3191 4945 3279 4996 ὅτε
3321 4944 3710 5017 ἀκριϐέστερον

2043 5025 2192 5097 αὑτῷ
2219 5026 2480 5089 ἐξέθεντο.
2507 5028 2677 5081 Τοῦτο
2709 5028 2766 5081 δέ
2798 5023 2938 5083 εἶναί
2992 5048 3087 5101 μοι
3103 5030 3304 5101 ἀληθὲς
3328 5033 3600 5100 φαίνεται,
3630 5033 3710 5086 ὅτι

2043 5115 2137 5166 καὶ
2159 5113 2523 5186 βαπτισθῆναι
2556 5117 2718 5170 αὐτὸν
2747 5117 2872 5172 ἔδει·
2914 5119 3035 5172 ἐπεὶ
3064 5120 3113 5172 οἱ
3161 5118 3369 5172 δώδεκα
3406 5121 3432 5159 δ
3461 5121 3510 5172 οἰ
3560 5120 3708 5173 ἄλλοι

2042 5203 2192 5257 οὑδέν
2220 5204 2417 5276 ᾔδεσαν
2446 5205 2692 5276 ἀκριϐὲς,
2715 5207 2835 5260 οὑδέ
2863 5206 2932 5261 :6
2953 5209 3080 5278 περὶ
3098 5208 3193 5262 τοῦ
3232 5209 3430 5280 Ἰησοῦ.
3471 5209 3631 5273 Εἰκὸς
3652 5209 3708 5262 δὲ

2041 5291 2201 5345 αὑτὸν
2238 5293 2332 5344 καὶ
2361 5292 2743 5365 βαπτισθῆναι.
2774 5295 2919 5365 Πλὴν
2947 5297 2996 5348 εἰ
3017 5296 3110 5348 καὶ
3143 5295 3297 5348 αὑτοὶ
3345 5297 3394 5349 οί
3457 5297 3705 5351 Ἰωάννου

2045 5379 2181 5450 μετὰ
2214 5380 2274 5432 :6
2301 5379 2583 5451 βάπτισμα
2605 5381 2767 5435 πάλιν
2795 5382 3170 5449 ἐϐαπτίζοντο,
3199 5382 3306 5436 ἔδει
3331 5384 3426 5437 καί
3450 5385 3578 5446 τοὺς
3603 5400 3704 5454 μα-

2039 5467 2210 5538 θητὰς
2235 5468 2395 5521 τοῦτο
2427 5469 2670 5539 ποιῆσαι.
2706 5471 3087 5540 Βουλομένω
3123 5469 3192 5522 δὲ
3218 5471 3404 5525 αὐτοῦ
3447 5471 3704 5524 διελθεῖν

2038 5557 2124 5621 είς
2148 5553 2263 5622 τὴν
2301 5556 2552 5624 Ἀχαΐαν,
2577 5559 3045 5628 προτρεψάμενοι
3075 5561 3130 5612 οἱ
3153 5557 3400 5628 ἀδελφοί
3434 5558 3701 5628 ἔγραψαν

2100 5815 2128 5857 b
2158 5818 2291 5888 [iege
2324 5821 2363 5866 ot
2386 5819 2556 5888 gae-:63
2588 5821 2759 5868 εἴκοσι.
2804 5821 2906 5879 Qua
2954 5822 3085 5869 enim
3123 5821 3314 5870 ratione
3349 5817 3412 5867 de
3435 5813 3700 5888 duodecim.

2039 5878 2130 5928 hoc
2152 5882 2247 5930 dici
2271 5885 2423 5943 possit
2446 5880 2471 5928 ?
2513 5880 2648 5930 Εοιτ.
