4108 6172
383 314 475 369 281

383 421 705 478 contrarium
732 419 834 474 dici
864 416 1178 486 oportebat;
1219 413 1311 468 sed
1342 412 1463 483 quia
1497 425 1594 465 nos
1621 410 1760 466 male
1789 410 1957 466 inter-

383 532 658 589 rogamus,
703 515 821 570 ideo
862 513 936 568 illi
974 512 1115 567 male
1157 508 1523 580 respondent:
1557 505 1738 575 itaque
1781 516 1878 558 nos
1907 503 1960 556 in

380 622 541 663 causa
571 619 776 662 sumus.
808 607 882 660 Ac
909 605 952 658 si
977 604 1117 657 enim
1149 602 1224 656 illi
1250 596 1622 655 contumeliosi
1647 596 1821 666 magni
1847 591 1966 664 qui-

384 702 506 754 dam
534 699 630 754 viri
651 706 853 763 essent,
886 697 956 751 ita
986 695 1291 765 loquimur:
1316 691 1447 759 Quis
1473 698 1555 745 est
1574 688 1662 760 qui
1686 695 1964 744 contume-

385 791 506 846 liam
550 790 780 846 inferas?
823 790 948 845 Ideo
987 789 1062 844 illi
1110 787 1187 842 sic
1238 785 1579 856 respondent.
1629 781 1964 839 Contrarium

383 899 514 938 vero
543 883 827 954 oportebat
850 880 1033 938 dicere
1057 897 1071 934 :
1101 875 1434 934 Contumelia
1456 874 1663 931 allicis?
1691 879 1967 928 contume-

384 976 450 1030 lia
480 975 668 1040 afﬁce;
701 973 885 1029 nullus
909 972 1052 1028 enim
1088 984 1169 1027 es.
1203 968 1282 1024 Ad
1313 968 1434 1023 illos
1463 981 1611 1031 vero,
1656 964 1745 1036 qui
1775 972 1964 1019 contu-

384 1067 542 1122 melia
569 1082 676 1121 non
705 1064 976 1130 afﬁciunt,
1008 1063 1185 1135 potius
1211 1060 1494 1118 dicendum
1534 1067 1650 1114 erat
1678 1075 1692 1112 :
1723 1057 1851 1124 Quis
1874 1070 1931 1111 es
1951 1099 1964 1122 ,

383 1161 472 1231 qui
504 1158 828 1214 contumelia
861 1172 964 1212 non
989 1154 1193 1211 afﬁcis?
1226 1157 1508 1208 humanam
1532 1158 1772 1206 naturam
1796 1158 1967 1202 trans-

386 1253 636 1309 ccndisti.
686 1252 800 1307 Hoc
839 1250 1090 1306 nobilitas
1135 1257 1246 1314 est,
1294 1246 1428 1302 nihil
1470 1243 1732 1299 illiberale
1786 1241 1967 1311 loqui,

385 1345 594 1401 etiamsi
637 1344 756 1414 quis
785 1344 971 1398 audire
1000 1341 1070 1396 sit
1098 1339 1311 1410 dignus.
1355 1337 1450 1391 Dic
1477 1349 1607 1391 vero
1643 1333 1772 1388 mihi
1795 1374 1808 1398 ,
1840 1340 1972 1403 quot

387 1453 492 1492 non
515 1445 637 1492 sunt
657 1435 801 1507 digni
825 1444 882 1490 ut
905 1432 1249 1490 occidantur?
1277 1443 1450 1500 neque
1472 1439 1646 1484 tamen
1674 1443 1769 1499 per
1788 1442 1849 1482 se
1870 1425 1972 1481 hoc

385 1528 544 1596 judex
575 1529 718 1592 facit,
741 1526 834 1582 sed
859 1527 1171 1595 interrogat,
1203 1536 1374 1593 neque
1398 1536 1492 1591 per
1513 1521 1769 1591 seipsum.
1793 1517 1851 1575 Si
1872 1533 1970 1573 au-

389 1629 492 1675 tem
523 1619 721 1674 homini
752 1617 996 1688 improbo
1013 1615 1176 1685 judex
1200 1629 1304 1668 non
1325 1613 1574 1684 dignatur
1597 1625 1694 1681 per
1716 1625 1776 1666 se
1802 1609 1970 1682 loqui,

385 1710 477 1765 sed
505 1710 682 1766 medio
715 1710 966 1780 quopiam
995 1709 1180 1773 utitur,
1225 1707 1393 1761 multo
1421 1704 1588 1775 magis
1619 1718 1716 1760 nos
1761 1711 1974 1774 oportet

387 1816 540 1871 pares
566 1816 671 1855 non
693 1795 1016 1855 cbntumelia
1039 1797 1252 1853 afﬁcere
1279 1815 1290 1851 :
1323 1811 1427 1851 non
1450 1795 1592 1851 enim
1617 1795 1687 1850 ita
1713 1794 1818 1849 illis
1840 1809 1974 1866 prte-

387 1891 616 1961 pouendi
643 1890 846 1947 erimus
865 1931 881 1957 ,
912 1891 957 1945 si
992 1889 1112 1943 illos
1149 1886 1471 1942 contumelia
1502 1884 1814 1950 afﬁciamus,
1843 1894 1901 1938 ut
1926 1883 1971 1938 si

384 1984 698 2048 doceamur,
743 1983 884 2054 quod
927 1996 1026 2037 nos
1075 1982 1221 2052 ipsos
1258 1979 1579 2036 contumelia
1615 1977 1970 2033 alfccerimus.

386 2074 552 2129 Malos
577 2089 705 2146 ergo
733 2073 856 2129 ideo
880 2072 1204 2128 contumelia
1233 2069 1449 2125 afﬁcere
1473 2085 1578 2124 non
1611 2077 1845 2140 oportet,
1880 2067 1975 2123 bo-

390 2181 490 2220 nos
514 2175 693 2220 autem
718 2165 822 2219 alia
852 2178 1064 2234 quoque
1089 2162 1156 2217 de
1177 2176 1358 2228 causa,
1388 2159 1530 2232 quod
1556 2176 1662 2215 non
1691 2168 1971 2216 contume-

391 2256 461 2311 lia
491 2255 636 2326 digni
667 2255 803 2317 sint;
837 2255 994 2310 tertio
1018 2262 1198 2309 autem
1237 2253 1356 2323 quia
1383 2251 1828 2308 contumeliosum
1855 2266 1976 2306 esse

392 2366 497 2405 non
517 2358 748 2420 oportet.
777 2347 924 2404 Nunc
944 2358 1120 2404 autem
1139 2347 1258 2404 vide
1280 2356 1478 2418 quanta
1501 2345 1632 2402 ﬁant
1656 2363 1668 2400 :
1700 2354 1978 2402 contume-

392 2441 458 2496 lia
485 2450 542 2496 et
568 2440 767 2496 damno
793 2440 1026 2496 afﬁcitur
1053 2439 1247 2506 homo,
1277 2453 1485 2494 necnon
1514 2438 1560 2493 is
1586 2439 1674 2507 qui
1708 2437 1852 2492 Ithil
1874 2475 1890 2501 ,
1921 2442 1978 2489 et

389 2543 737 2605 spectatores.
771 2533 910 2603 Quid
938 2533 1106 2604 ergo?
1135 2549 1258 2588 num
1304 2532 1444 2588 feras
1470 2531 1523 2586 in
1552 2530 1786 2585 medium
1818 2543 1976 2583 acce-

389 2627 519 2682 dere
545 2635 793 2696 oportet,
840 2633 897 2681 et
938 2640 1050 2680 rem
1100 2622 1432 2680 dissolvere?
1477 2621 1580 2677 hoc
1608 2621 1752 2676 enim
1791 2629 1974 2674 restat.

390 2719 523 2774 Cum
549 2719 689 2774 enim
718 2717 964 2774 homines
984 2725 1111 2774 sunt
1131 2717 1189 2783 ii,
1209 2717 1300 2788 qui
1323 2716 1375 2772 in
1399 2713 1684 2786 iniquitate
1703 2711 1977 2770 delectan-

391 2819 498 2878 tur,
554 2810 680 2867 feris
717 2810 1080 2866 reconciliatio
1127 2818 1482 2865 reservatur:
1525 2805 1979 2878 quemadmodum

393 2903 538 2958 heris
562 2902 709 2957 domi
736 2901 1117 2972 pugnantibus,
1145 2907 1313 2954 restat
1347 2906 1404 2951 ut
1432 2896 1713 2952 domestici
1745 2897 1862 2951 illos
1889 2912 1976 2952 re-

1335 284 1414 355 tu”
1443 298 1619 354 ACTA
1663 290 2184 350 arosromuuu.
2227 290 2454 348 unum.
2500 293 2590 349 x1.

3552 315 3658 362 ⁸282

2069 405 2358 462 concilient
2384 407 2524 475 (hoc
2554 406 2697 462 enim
2727 416 2914 461 natura
2947 408 3022 464 rei
3047 407 3252 481 exigit,
3283 410 3491 465 etiamsi
3519 411 3656 468 forte

2067 500 2168 554 hac
2197 501 2404 556 ratione
2431 515 2534 555 non
2561 500 2673 571 ﬁat)
2697 518 2709 553 :
2740 501 2817 556 sic
2841 511 2896 555 et
2923 501 3023 557 hoc
3046 517 3198 568 casu,
3225 502 3557 559 Contumelia
3581 508 3656 558 at-

2067 593 2219 647 ﬁcis?
2252 604 2304 648 et
2326 593 2452 662 jure
2481 593 2728 664 quidem;
2761 610 2864 648 non
2896 595 3038 650 enim
3077 595 3240 652 homo
3273 613 3349 653 es.
3393 599 3530 675 ldeq,
3544 615 3656 653 ma.

2065 701 2228 757 gnum
2254 687 2527 757 quidpiam
2569 702 2690 743 esse
2716 688 2826 742 visa
2855 696 2940 743 est
2969 691 3290 745 contumelia
3313 731 3330 758 ,
3363 700 3417 746 ct
3445 694 3650 762 magnis

2067 792 2400 848 congruere:
2429 780 2600 834 servis
2630 789 2806 835 autem
2831 781 3000 850 magis
3024 783 3300 852 competit,
3335 792 3393 837 ut
3418 783 3553 840 bene
3580 785 3660 838 lo-

2067 870 2155 938 qui
2180 870 2380 925 liberos
2405 869 2582 926 decet.
2611 870 2762 927 Sicut
2781 872 2924 926 enim
2948 873 3084 927 male
3109 872 3282 929 facere
3303 873 3368 929 ad
3396 874 3512 931 illos
3535 890 3657 946 pcr-

2071 963 2238 1026 tinet,
2273 961 2350 1017 sic
2379 961 2446 1017 ad
2476 963 2576 1018 hos
2618 963 2757 1018 mala
2801 965 2929 1033 pati.
2964 965 3204 1035 Exempli
3232 980 3421 1029 causa,
3465 965 3658 1020 ancilla

2073 1053 2270 1123 raptrix
2299 1062 2400 1118 est,
2424 1070 2543 1124 quae
2571 1069 2657 1110 res
2679 1055 2882 1110 domini
2909 1057 3100 1125 raptim
3125 1055 3352 1126 subripit
3379 1075 3392 1111 :
3426 1057 3548 1111 talis
3570 1065 3653 1110 est

2071 1152 2124 1198 et
2147 1144 2506 1200 contumelia:
2535 1153 2590 1201 et
2629 1154 2686 1201 ut
2712 1147 2831 1216 quis
2857 1147 3084 1213 dixerit,
3118 1147 3200 1202 fur
3234 1148 3505 1218 ingressus
3534 1157 3651 1200 stu-

2070 1235 2220 1291 diose
2245 1236 2439 1307 ubique
2468 1236 2756 1305 observat,
2785 1238 2981 1308 aliquid
3006 1239 3215 1294 auferre
3239 1253 3431 1294 curans
3455 1259 3468 1294 :
3496 1239 3575 1294 sic
3599 1249 3656 1294 et

2073 1327 2174 1382 iste
2201 1327 2381 1383 omnia
2407 1329 2768 1399 circumSpicit
2789 1370 2805 1397 ,
2831 1339 2889 1384 ut
2916 1329 3116 1400 aliquid
3145 1331 3354 1400 eripiat.
3380 1330 3498 1386 Alio
3525 1329 3662 1385 forte

2072 1418 2320 1488 exemplo
2363 1432 2535 1488 Ipsum
2567 1419 2933 1489 depingemus.
2981 1420 3438 1487 Quemadmodum
3473 1421 3517 1474 si
3545 1421 3664 1490 quis

2075 1523 2200 1563 vasa
2230 1509 2504 1564 immunda
2532 1509 2679 1565 domi
2710 1509 2934 1578 furetur,
2965 1521 3019 1567 et
3039 1526 3222 1566 coram
3249 1511 3499 1568 omnibus
3524 1511 3662 1567 edu-

2074 1607 2156 1652 cat
2180 1637 2196 1663 ,
2224 1613 2330 1654 non
2368 1607 2475 1654 tam
2518 1599 2665 1655 illum
2697 1600 2947 1672 deturpat
2984 1601 3212 1669 furtum,
3245 1617 3402 1672 quam
3431 1602 3546 1672 ipse
3574 1617 3666 1658 se-

2077 1689 2382 1758 metipsum,
2408 1690 2534 1745 dum
2563 1692 2678 1747 haec
2703 1691 2877 1749 aufert
2902 1710 2916 1746 :
2947 1693 3025 1747 sic
3045 1701 3100 1748 ct
3126 1693 3246 1760 iste,
3275 1693 3479 1763 impura
3502 1693 3665 1748 verba

2073 1794 2254 1835 coram
2279 1781 2528 1837 omnibus
2558 1783 2856 1852 proferens,
2886 1799 2992 1838 non
3023 1785 3159 1839 alios
3187 1783 3366 1840 verbis
3391 1785 3665 1854 deturpat,

2073 1869 2166 1924 sed
2198 1871 2432 1940 seipsum
2454 1912 2470 1939 ,
2502 1872 2626 1926 talia
2659 1873 2938 1942 proferens
2965 1873 3278 1945 lcedansque
3306 1883 3363 1930 et
3389 1857 3450 1930 se
3479 1883 3531 1929 et
3559 1876 3664 1930 liu-

2075 1977 2232 2032 guam
2263 1971 2322 2018 et
2348 1973 2604 2019 mentem.
2638 1964 2870 2035 ldipsum
2900 1966 3041 2020 enim
3071 1965 3150 2033 ﬁt,
3177 1965 3391 2036 quando
3413 1967 3669 2021 adversus

2077 2055 2247 2111 malos
2280 2071 2577 2127 pugnamus
2596 2097 2611 2125 ,
2641 2071 2706 2111 ac
2732 2057 2776 2112 si
2807 2058 2927 2128 quis
2956 2058 3008 2112 in
3049 2057 3334 2129 putredine
3362 2067 3668 2113 versantem

2078 2155 2134 2200 ut
2160 2147 2316 2202 l’eriat
2336 2189 2350 2210 ,
2391 2147 2628 2218 seipsum
2657 2149 2998 2219 coinquinet,
3029 2164 3220 2205 manus
3253 2150 3304 2204 in
3333 2164 3546 2205 canum
3571 2149 3671 2204 de-

2076 2237 2313 2293 inittens.
2343 2237 2468 2294 Haec
2516 2241 2695 2294 omnia
2725 2281 2740 2307 ,
2771 2255 2989 2310 quaeso,
3037 2242 3371 2312 cogitantes,
3407 2240 3672 2311 fugiamus

2082 2328 2184 2383 hoe
2210 2327 2465 2385 damnum
2486 2372 2500 2394 ,
2529 2339 2584 2386 et
2612 2331 2806 2387 bonam
2838 2332 3130 2388 habeamus
3161 2333 3417 2404 linguam,
3451 2341 3508 2386 ut
3548 2331 3670 2402 puri

2077 2419 2146 2472 ab
2171 2419 2318 2473 omni
2356 2422 2677 2476 contumelia
2702 2463 2720 2490 ,
2751 2423 3019 2492 possimus
3043 2424 3202 2478 vitam
3235 2432 3556 2494 prmsentem
3590 2422 3673 2476 di-

2080 2509 2309 2579 ligenter
2355 2511 2688 2581 transigere,
2736 2522 2792 2568 et
2831 2514 3093 2584 promissa
3127 2513 3471 2584 diligentibus
3509 2514 3673 2570 Deum

2080 2601 2217 2656 bona
2246 2602 2538 2672 consequi,
2567 2604 2734 2673 gratia
2776 2613 2830 2659 et
2871 2604 3199 2677 benignitate
3242 2605 3453 2664 Domini
3503 2607 3674 2662 nostri

2079 2693 2206 2751 Jesu
2233 2693 2464 2763 Christi,
2489 2695 2702 2767 quicum
2734 2694 2881 2752 Patri
2909 2709 2962 2752 et
2987 2697 3208 2768 Spiritui
3239 2707 3445 2764 sancto,
3474 2698 3641 2768 gloria
3661 2738 3675 2762 ,

2086 2789 2372 2859 imperium
2391 2831 2404 2855 ,
2453 2790 2647 2855 honor,
2683 2805 2827 2846 nunc
2847 2800 2902 2846 et
2923 2806 3156 2862 semper,
3190 2801 3242 2846 et
3272 2793 3326 2847 in
3352 2791 3545 2847 szncula
3574 2805 3672 2845 sae-

2082 2880 2346 2935 culorum.
2379 2881 2568 2936 Amen.

390 3027 3668 3052 MM

1753 3109 2087 3170 HOMILIA
2124 3111 2258 3172 XL.

391 3265 528 3321 CAP.
575 3262 660 3315 l8.
693 3277 745 3314 v.
779 3259 863 3319 l8.
914 3257 1114 3312 Paulus
1151 3265 1318 3310 autem
1359 3272 1473 3309 cum
1515 3255 1683 3308 adhuc
1722 3256 1982 3310 mansissst

468 3355 575 3408 dies
605 3354 788 3406 multos
803 3350 1048 3422 fratribus
1070 3348 1373 3411 valedicens,
1397 3346 1648 3416 navigavit
1675 3346 1728 3400 in
1751 3346 1976 3416 Syriam,

466 3456 513 3502 et
544 3461 656 3516 cum
693 3442 782 3496 illo
814 3441 1051 3496 Priscilla
1086 3449 1132 3494 et
1161 3439 1345 3510 Aquila
1387 3439 1473 3508 qui
1500 3438 1596 3492 sibi
1624 3439 1905 3492 totonderat
1930 3439 1984 3492 in

464 3537 733 3594 Cenchreis
758 3544 946 3606 caput;
976 3534 1186 3588 habebat
1207 3533 1340 3586 enim
1365 3541 1554 3586 votum.

467 3633 522 3686 1.
564 3629 700 3686 Vide
741 3625 1012 3699 quomodo
1050 3627 1140 3683 lex
1180 3626 1353 3681 soluta
1392 3633 1505 3691 est;
1549 3624 1668 3680 vide
1715 3624 1985 3693 quomodo

389 3721 724 3779 conscientia
753 3713 1173 3777 detinebantur:
1201 3717 1482 3774 Iudaicum
1514 3719 1658 3773 enim
1687 3725 1803 3772 erat
1827 3724 1986 3786 caput

391 3814 624 3870 tondere
647 3827 718 3869 ex
735 3821 881 3868 voto.
913 3811 1293 3890 Verumtamen
1317 3809 1599 3879 oportebat
1625 3809 1786 3864 etiam
1812 3811 1983 3864 sacri-

395 3908 578 3962 ﬁcium
613 3905 728 3961 ﬁeri
756 3922 770 3958 :
804 3902 946 3974 quod
981 3917 1090 3958 non
1119 3910 1202 3958 est
1235 3901 1470 3958 oblatum
1500 3910 1620 3972 post
1648 3901 1984 3957 verberatum

390 3995 738 4053 Sosthenem.
774 3993 1069 4064 Oportebat
1106 3993 1253 4048 abire
1293 3993 1478 4057 illum;
1509 3991 1630 4048 ideo
1657 4001 1713 4046 et
1752 3989 1985 4046 (esuriat.

397 4092 468 4145 Et
498 4099 714 4160 rogatus
731 4087 872 4158 apud
897 4087 1018 4143 illos
1041 4086 1237 4156 Ephesi
1261 4100 1499 4152 manere,
1523 4099 1628 4140 non
1656 4083 1861 4138 annuit.
1881 4082 1990 4138 Cur

395 4195 536 4254 ergo
570 4194 756 4236 rursus
785 4179 1124 4235 Antiochiam
1166 4176 1452 4235 concedit?
1492 4177 1622 4231 Nam
1665 4175 1951 4230 Ascendens
1972 4215 1987 4240 ,

397 4274 600 4346 inquit,
628 4289 743 4328 cum
761 4273 1027 4329 salutasset
1052 4271 1348 4336 Ecclesium,
1377 4270 1633 4324 descendit
1650 4268 1988 4323 Antiochiam.

401 4369 656 4424 Humano
682 4366 912 4438 quodam
939 4365 1133 4420 allecto
1155 4363 1424 4420 civitatem
1460 4364 1604 4418 illam
1629 4359 1991 4432 prosequeba-

400 4471 534 4516 tur:
568 4459 641 4514 ibi
672 4458 817 4514 enim
845 4457 1098 4528 appellati
1138 4465 1262 4510 sunt
1290 4453 1535 4522 discipuli
1564 4452 1889 4515 Christiani,
1922 4451 1992 4504 ibi

402 4552 636 4609 traditus
660 4559 744 4606 est
765 4550 949 4621 gratiae
976 4548 1102 4612 Dei,.
1121 4547 1194 4603 ibi
1219 4546 1480 4616 dogmatis
1503 4543 1713 4615 negotia
1748 4541 1991 4614 perfecit.

401 4646 472 4700 Et
493 4643 588 4697 ille
609 4642 821 4712 quidem
853 4641 905 4695 in
928 4638 1137 4710 Syriam
1166 4638 1470 4708 navigavit;
1499 4635 1622 4690 illos
1647 4648 1775 4690 vero
1801 4633 1996 4704 Ephesi

403 4735 673 4805 reliquit:
713 4743 766 4788 et
807 4735 1000 4788 merito
1045 4731 1292 4801 quidem,
1344 4737 1530 4799 utpote
1572 4727 1850 4783 docturos.
1895 4725 1998 4794 Qui

403 4834 563 4882 tanto
585 4833 825 4893 tempore
853 4838 974 4878 eum
1005 4822 1097 4878 illo
1117 4828 1394 4878 versantes
1419 4861 1435 4887 ,
1464 4820 1631 4875 multa
1659 4819 1994 4874 didicerant:

404 4925 648 4972 attamen
670 4912 906 4968 nondum
930 4913 1050 4968 illos
1065 4929 1094 4969 a
1115 4913 1502 4968 consuetudine
1521 4911 1739 4967 Judaica
1759 4911 2001 4967 abduxe-

406 5017 516 5063 rat.
547 5007 689 5062 Ecce
722 5003 912 5058 mulier
939 5003 1079 5058 idem
1105 5003 1246 5074 quod
1268 5004 1367 5059 viri
1397 5005 1548 5070 facit,
1577 5013 1632 5059 et
1657 5004 1834 5059 docet.
1867 5004 2000 5058 Pro-

408 5109 598 5170 pterea
646 5095 958 5168 prohibetur
985 5095 1038 5148 in
1067 5095 1245 5149 Asiam
1280 5096 1498 5162 venire,
1546 5095 1614 5150 ad
1654 5110 1754 5162 ea,
1786 5096 1998 5166 Opinor,

409 5205 536 5260 qua:
562 5188 732 5259 magis
755 5185 1015 5256 urgebant
1037 5186 1314 5256 impulsus.
1342 5187 1470 5241 Vide
1491 5202 1721 5257 namque
1745 5189 1893 5243 illum
1917 5185 2003 5242 hic

409 5289 660 5352 rogatum
685 5288 743 5334 ut
766 5286 1038 5341 maneret,
1070 5293 1170 5332 nec
1207 5293 1412 5334 morem
1441 5290 1736 5349 gerentem,
1767 5282 1889 5351 quia
1916 5296 2005 5336 ur-

407 5373 646 5443 gebatur
670 5379 728 5426 ut
752 5368 1078 5426 discederet.
1111 5367 1222 5424 Nec
1245 5369 1560 5441 simpliciter
1597 5372 1717 5426 illos
1755 5373 2002 5443 reliquit,

410 5462 512 5517 sed
534 5478 654 5516 cum
677 5461 941 5531 promissu
965 5459 1267 5515 revertendi
1295 5477 1308 5513 :
1341 5461 1608 5530 quomodo
1631 5471 1830 5530 autem,
1858 5465 2001 5521 audi.

414 5551 510 5607 l9.
544 5550 883 5621 Devenitque,
926 5550 1125 5620 inquit,
1159 5549 1419 5621 Ephesum
1449 5560 1494 5604 et
1520 5553 1638 5606 illos
1662 5553 1733 5606 ibi
1765 5554 2005 5624 reliquit:

411 5643 529 5713 ipse
556 5657 672 5697 vero
700 5644 953 5714 ingressus
981 5645 1035 5696 in
1075 5659 1414 5714 synagogam,
1452 5643 1727 5715 disputavit
1754 5661 1868 5699 cum
1903 5646 2004 5700 Ju-

416 5733 566 5788 da'is.
594 5733 680 5789 20.
724 5734 1034 5803 Rogantibus
1069 5743 1237 5789 autem
1271 5734 1375 5803 eis,
1419 5745 1472 5789 ut
1506 5736 1746 5806 ampliori
1787 5745 2008 5808 tempore

2092 3268 2314 3314 maneret
2339 3261 2478 3330 apud
2521 3261 2637 3316 illas
2656 3302 2673 3328 ,
2707 3278 2806 3316 non
2842 3264 3048 3330 annuit,
3075 3263 3165 3318 2|.
3193 3265 3285 3318 sed
3311 3263 3548 3318 valedixit
3576 3265 3677 3330 eis,

2089 3351 2263 3406 dicens
2286 3367 2305 3406 :
2337 3350 2548 3424 Oportet
2573 3369 2652 3407 me
2680 3353 2885 3407 omnino
2907 3355 3090 3425 festum
3108 3394 3124 3420 ,
3158 3355 3294 3424 quod
3323 3355 3474 3408 instat
3494 3395 3509 3418 ,
3539 3372 3686 3426 agere

2087 3440 2462 3513 Jerosolymis;
2502 3445 2685 3498 iterum
2728 3453 2896 3499 autem
2942 3455 3160 3499 revertar
3197 3445 3265 3498 ad
3307 3460 3421 3511 vos,
3454 3445 3563 3501 Deo
3601 3463 3684 3500 vo-

2090 3534 2220 3589 lente
2243 3549 2262 3587 :
2282 3543 2332 3589 et
2358 3535 2504 3588 solvit
2529 3535 2591 3588 ab
2623 3533 2846 3604 Epheso.
2869 3535 2960 3590 ἓξ.
2991 3532 3060 3589 Et
3084 3539 3344 3608 profectus
3375 3536 3680 3603 Ctvsaream,

2092 3641 2208 3679 cum
2234 3628 2561 3690 ascendisset,
2591 3637 2639 3682 et
2666 3628 2933 3682 salutasset
2961 3625 3264 3696 Ecclesium,
3298 3629 3552 3683 descendit
3579 3627 3686 3682 An-

2092 3718 2360 3782 tiochiam;
2389 3719 2479 3774 9.5.
2503 3719 2666 3789 ibique
2691 3721 2952 3790 aliquanto
2977 3730 3233 3774 transacto
3265 3731 3504 3790 tempore,
3537 3721 3687 3775 exivit

2093 3809 2340 3863 transiens
2363 3810 2545 3864 deinde
2572 3827 2661 3881 per
2681 3810 2969 3865 Galaticum
3002 3813 3257 3884 regionem
3284 3822 3330 3868 et
3363 3812 3682 3884 Phrygiam,

2093 3902 2403 3971 conﬁrmans
2428 3920 2601 3959 omnes
2633 3905 2932 3976 discipulos.
2975 3905 3110 3961 Vide
3135 3949 3151 3974 ,
3195 3907 3386 3962 iterum
3430 3907 3579 3962 venit
3620 3907 3687 3960 ad

2095 3993 2245 4059 loca,
2291 4011 2410 4066 qtae
2457 4005 2582 4053 ante
2628 3997 2852 4053 adierat.
2890 3998 2983 4054 24.
3024 3997 3237 4054 Iudicas
3277 4007 3444 4053 autem
3479 3997 3689 4067 quidam

2097 4086 2280 4156 Apollo
2309 4090 2531 4155 nomine,
2563 4089 2939 4145 Alexandrinus
2956 4107 3140 4160 genere
3158 4132 3173 4156 ,
3197 4090 3273 4144 vir
3302 4091 3536 4159 eloquens
3554 4130 3568 4155 ,
3598 4089 3689 4142 de-

2096 4178 2226 4230 venit
2254 4177 2539 4246 Ephesum,
2579 4189 2752 4248 potens
2780 4181 2833 4233 in
2870 4179 3172 4249 Scripturis.
3221 4180 3360 4235 Ecce
3396 4188 3452 4233 et
3491 4176 3684 4234 eruditi

2098 4269 2390 4341 pradicare
2424 4271 2684 4337 nituntur,
2716 4283 2772 4325 et
2817 4271 3036 4326 demum
3065 4271 3312 4340 discipuli
3338 4271 3680 4340 peregrinan-

2101 4370 2205 4416 tur.
2233 4361 2423 4418 Vidcn’
2456 4363 2844 4418 incrementum
2875 4364 3308 4434 praedicationis?
3335 4363 3427 4420 25.
3459 4363 3560 4418 Hic
3586 4379 3694 4420 erat

2099 4454 2303 4508 edoctus
2333 4455 2466 4508 viam
2494 4453 2721 4520 Domini,
2757 4465 2805 4509 et
2835 4455 3032 4526 fervens
3064 4455 3266 4524 Spiritu
3297 4455 3614 4527 loquebatur,
3645 4466 3694 4511 et

2102 4546 2311 4601 docebat
2340 4545 2608 4618 diligenter
2633 4563 2695 4601 ea
2713 4589 2729 4612 ,
2757 4563 2870 4617 qua:
2893 4557 3011 4602 sunt
3034 4546 3277 4617 Domini,
3303 4550 3465 4603 sciens
3499 4558 3691 4604 tantum

2103 4638 2351 4708 baptisma
2388 4640 2630 4694 Joannis.
2659 4640 2750 4696 26.
2798 4639 2898 4696 Hie
2922 4642 3068 4712 carpit
3100 4641 3254 4696 libere
3280 4642 3418 4713 loqui
3452 4645 3503 4696 in
3541 4658 3692 4713 syna-

2103 4746 2252 4801 goga.
2285 4731 2560 4786 Audientes
2587 4742 2753 4786 autem
2775 4733 2920 4787 illum
2942 4733 3126 4804 Aquila
3146 4743 3194 4788 et
3220 4732 3480 4802 Priscilla,
3498 4750 3696 4788 assum--

2106 4833 2310 4890 pserunt
2334 4841 2472 4888 eum,
2504 4833 2548 4880 et
2573 4824 2868 4896 diligentius
2888 4833 3226 4896 exposuerunt
3251 4825 3296 4879 ei
3313 4827 3442 4880 ciant
3467 4825 3695 4880 Domini.

2105 4915 2159 4969 Si
2186 4913 2271 4968 hic
2295 4915 2557 4985 baptisma
2579 4914 2802 4970 Joannis
2826 4924 3028 4970 tantum
3052 4915 3274 4982 sciebat,
3301 4915 3572 4985 quomodo
3595 4914 3695 4970 fer-

2106 5007 2264 5062 vebat
2290 5007 2526 5076 Spiritu?
2555 5007 2786 5076 Spiritus
2817 5009 2961 5063 enim
2989 5024 3096 5064 non
3127 5009 3198 5062 ita
3229 5007 3476 5062 dabatur.
3507 5006 3565 5063 Si
3602 5022 3698 5061 att-

2109 5107 2215 5150 tem
2262 5097 2350 5165 qui
2390 5106 2510 5166 post
2557 5097 2707 5152 illum
2755 5099 3002 5167 fuerunt,
3043 5113 3180 5168 opus
3223 5098 3464 5154 habuere
3503 5097 3700 5154 Christi

2109 5186 2396 5258 baptismo,
2428 5188 2596 5241 multo
2625 5189 2793 5259 magis
2821 5189 2907 5245 hic
2927 5205 3062 5260 Opus
3085 5189 3381 5245 habuisset.
3412 5189 3548 5257 Quid
3569 5204 3700 5260 ergo

2109 5278 2432 5334 dicendum?
2463 5295 2636 5349 neque
2662 5282 2804 5335 enim
2841 5282 2957 5337 sine
2999 5297 3160 5337 causa
3195 5292 3480 5352 utrumque
3524 5283 3702 5351 posuit

2109 5371 2358 5441 scriptor.
2380 5371 2606 5428 Videtur
2627 5373 2756 5428 mihi
2788 5374 2928 5430 hunc
2953 5389 3073 5430 esse
3104 5391 3268 5429 unum
3294 5391 3362 5430 ex
3384 5382 3598 5430 centum
3627 5375 3704 5429 vi-

2110 5463 2241 5530 ginti
2273 5461 2411 5528 (Act.
2445 5465 2496 5517 l.
2527 5465 2641 5533 15),
2679 5465 2769 5536 qui
2797 5480 2920 5520 cum
2961 5466 3222 5536 apostolis
3249 5466 3500 5536 baptizati
3532 5473 3656 5520 sunt
3686 5485 3701 5521 :

2113 5555 2194 5608 vel
2224 5555 2269 5609 si
2309 5569 2417 5610 non
2452 5559 2522 5611 ita
2550 5557 2652 5626 sit,
2685 5557 2824 5628 quod
2861 5557 2914 5612 in
2941 5557 3226 5624 Cornelio,
3256 5559 3310 5613 in
3353 5559 3455 5614 hoc
3491 5574 3703 5629 quoque

2113 5648 2311 5703 factum
2335 5657 2438 5704 est.
2465 5648 2574 5706 Sed
2607 5665 2714 5706 non
2737 5650 3056 5720 baptizatur.
3086 5650 3259 5708 donec
3294 5651 3370 5707 illi
3399 5653 3698 5706 accuratius

2113 5751 2493 5812 exposuerunt.
2545 5741 2656 5800 Hoc
2703 5742 2835 5800 mihi
2882 5757 3069 5799 verum
3117 5759 3236 5801 esse
3285 5744 3510 5812 videtur,
3567 5747 3690 5815 quia
