4104 6148
475 296 581 354 ΞΒΊ

474 411 736 484 baptizari
767 411 914 466 illum
943 406 1242 478 Oportebat,
1269 406 1519 476 quoniam
1545 401 1825 458 duodecim
1857 401 1942 454 alii
1974 399 2058 452 ni-

481 506 553 558 hil
583 502 814 572 perfecte
842 501 1136 564 noverunt’,
1181 511 1352 567 neque
1381 512 1442 550 ea
1470 509 1590 566 qua:
1633 493 1816 549 Jesum
1847 498 2058 561 specta-

484 597 630 650 bant.
658 591 960 648 Verisimile
989 600 1072 644 est
1097 597 1274 643 autem
1305 589 1475 657 ipsum
1508 584 1832 654 baptizatum
1872 581 2057 636 fuisse.

479 685 740 738 Czeterum
770 683 812 736 si
835 681 1056 737 Joannis
1075 679 1322 750 discipuli
1353 685 1474 749 post
1497 685 1772 746 acceptum
1797 673 2061 743 baptisma

477 775 656 832 denuo
680 775 1110 846 baptizabantur,
1143 773 1422 842 oportebat
1446 771 1606 826 etiam
1639 767 1932 838 discipulos
1959 766 2060 821 hoc

477 870 673 924 facere.
705 869 794 922 27.
825 868 953 922 Cum
980 867 1126 921 vellet
1149 874 1318 920 autent
1343 865 1560 918 transire
1585 863 1638 916 in
1663 860 1940 923 Achaiam,
1973 873 2061 912 ea:-

476 963 664 1016 hortati
685 963 868 1031 fratres
891 961 1198 1032 scripserunt
1222 958 1485 1027 discipulis
1504 965 1558 1010 ut
1587 955 1862 1024 reciperent
1887 952 2056 1006 illum.

477 1053 576 1120 Qui
606 1069 722 1106 cum
750 1053 984 1119 venisset,
1014 1051 1225 1106 contulit
1257 1052 1470 1104 multum
1498 1049 1560 1102 iis
1580 1089 1594 1111 ,
1626 1047 1715 1118 qui
1739 1045 2056 1100 crediderant

473 1161 564 1213 per
589 1147 826 1215 gratiam.
866 1145 958 1199 28.
1001 1143 1322 1198 Vehementer
1358 1143 1491 1197 enim
1529 1139 1740 1194 Judteos
1777 1137 2058 1192 revincebat

475 1233 694 1304 publice,
723 1234 990 1288 ostendens
1016 1250 1105 1302 per
1131 1233 1422 1304 Scripturas
1446 1230 1626 1286 Jesum
1655 1245 1760 1284 esse
1780 1227 2054 1282 Christum.

477 1324 632 1394 (Cap.
649 1324 760 1396 19.)
776 1327 826 1381 1.
849 1324 1066 1379 Factum
1083 1335 1154 1380 est
1183 1333 1371 1386 autem,
1390 1339 1504 1376 cum
1537 1321 1717 1390 Apollo
1734 1329 1858 1374 esset
1877 1317 2059 1373 Corin-

482 1415 576 1482 thi,
602 1424 656 1470 ut
689 1415 888 1471 Paulus
928 1415 1207 1487 peragratis
1242 1413 1579 1485 superioribus
1611 1411 1836 1482 partibus
1871 1410 2058 1464 veniret

481 1506 760 1576 Ephesum,
805 1516 851 1560 et
875 1507 1116 1561 inveniret
1142 1507 1386 1574 quosdam
1409 1503 1708 1575 discipulos,
1745 1502 1802 1558 2.
1833 1503 2059 1570 dixitque

475 1598 548 1651 eis
571 1613 588 1650 :
601 1597 664 1652 Si
682 1597 931 1667 Spiritum
953 1607 1184 1652 sanctum
1203 1596 1464 1665 accepistis
1483 1594 1774 1649 credentes?
1787 1591 1877 1646 Illi
1890 1599 2058 1645 autem

476 1689 711 1744 dixerunt
740 1690 784 1744 ei
807 1705 826 1744 :
855 1689 962 1745 Sed
987 1706 1142 1756 neque
1165 1691 1208 1744 si
1239 1689 1462 1759 Spiritus
1493 1696 1696 1742 sanctus
1725 1695 1824 1749 est,
1856 1683 2055 1738 audivi-

475 1797 608 1836 mus.
643 1781 697 1836 3.
727 1780 968 1852 Dixitque
993 1782 1060 1835 ad
1082 1780 1200 1835 illos
1226 1797 1246 1835 :
1277 1779 1340 1834 In
1367 1794 1469 1850 quo
1494 1795 1612 1850 ergo
1637 1776 1878 1847 baptizati
1900 1774 2057 1828 estis?

475 1871 568 1927 Illi
585 1857 758 1928 autem
772 1873 1041 1929 dixerunt:
1065 1873 1133 1927 In
1158 1872 1374 1928 Joannis
1403 1873 1718 1943 baptismate.
1739 1871 1793 1925 ὁ.
1821 1868 2058 1937 Dixitque

474 1963 672 2020 Paulus
698 1980 717 2019 :
741 1963 969 2020 Joannes
996 1964 1198 2032 quidem
1223 1963 1492 2034 baptizavit
1519 1962 1769 2032 baptismo
1805 1960 2054 2031 panitet:-

473 2055 587 2118 tite,
617 2055 806 2126 populo
842 2055 1041 2119 dicens,
1079 2065 1137 2109 ut
1165 2056 1218 2109 in
1245 2071 1386 2117 eum,
1418 2055 1504 2124 qui
1533 2061 1770 2107 venturus
1809 2059 1916 2106 erat
1945 2059 2056 2120 post

471 2147 670 2215 ipsum,
713 2146 1004 2211 crederent;
1041 2147 1096 2200 id
1130 2155 1232 2214 est,
1259 2145 1313 2200 in
1337 2143 1594 2221 Christum
1628 2143 1824 2198 Jesum.
1865 2143 1918 2197 5.
1955 2142 2058 2195 Au-

471 2236 664 2291 dientes
697 2246 864 2291 autem
888 2238 1127 2306 baptizati
1154 2245 1270 2291 sunt
1299 2237 1351 2290 in
1378 2236 1578 2290 nomine
1604 2233 1813 2288 Domini
1831 2233 1974 2288 Jesu.
1998 2231 2052 2288 6.

475 2327 542 2382 Et
570 2344 686 2382 cum
711 2329 1028 2400 imposuisset
1051 2328 1157 2383 illis
1185 2345 1365 2383 manus
1394 2327 1593 2382 Paulus
1612 2369 1627 2393 ,
1668 2327 1796 2381 venit
1832 2325 2056 2395 Spiritus

471 2427 676 2473 sanctus
700 2435 853 2488 super
873 2419 1011 2485 illos,
1034 2419 1458 2490 loquebanturque
1483 2420 1671 2490 linguis
1700 2427 1746 2473 et
1777 2417 2054 2489 propheta-

472 2509 613 2564 bant.
650 2510 704 2564 7.
744 2510 1002 2581 Erantque
1028 2528 1198 2567 omnes
1223 2512 1318 2566 viri
1347 2512 1490 2582 quasi
1515 2511 1800 2566 duodecim.
1831 2509 2053 2564 Multum

471 2602 526 2658 hi
565 2603 634 2659 ab
663 2603 754 2659 illo
792 2604 1140 2672 diﬂ'erebant,
1175 2605 1266 2675 qui
1310 2619 1484 2675 neque
1521 2604 1760 2660 sciebant
1795 2601 2052 2672 Spiritum

470 2705 713 2750 sanctum
745 2710 886 2752 esse.
929 2697 991 2752 lli
1024 2698 1183 2767 igitur
1221 2697 1310 2767 qui
1340 2696 1648 2768 diligentius
1677 2696 1749 2751 illi
1787 2710 2054 2765 exposue-

471 2794 595 2840 runt
616 2786 754 2841 viam
786 2786 1017 2851 Domini,
1046 2788 1378 2858 praemittunt
1397 2789 1556 2844 etiam
1589 2787 1874 2858 literasque
1901 2785 2052 2844 dant.

472 2877 698 2933 Volebat
731 2878 892 2949 igitur
919 2888 976 2935 et
1002 2879 1114 2949 ipse
1157 2880 1210 2935 in
1242 2879 1497 2935 Achaiam
1527 2880 1737 2945 venire;
1764 2879 1860 2935 sed
1897 2888 2053 2935 ante-

472 2985 631 3038 quam
659 2968 808 3024 illum
839 2968 1028 3024 fratres
1052 2969 1324 3026 exhortati
1354 2979 1556 3038 essent,
1584 2984 1647 3025 ae
1674 2971 1856 3024 literas
1880 2969 1929 3024 ei
1956 2968 2052 3024 de-

469 3060 710 3128 dissent,
755 3075 861 3115 non
903 3060 1124 3115 recedit.
1159 3061 1259 3126 Qui
1302 3071 1357 3115 ut
1398 3062 1565 3127 venit,
1608 3062 1812 3132 inquit,
1845 3061 2054 3117 contulit

469 3153 684 3206 multum
712 3152 774 3206 iis
793 3193 810 3220 ,
838 3153 922 3222 qui
956 3152 1276 3206 crediderant
1298 3168 1317 3207 :
1344 3154 1656 3208 vehementer
1683 3154 1816 3206 enim
1843 3150 2055 3206 Judtcos

468 3245 744 3300 revin'cebat
769 3245 986 3316 publice,
1019 3246 1284 3300 ostendens
1307 3262 1398 3316 per
1424 3244 1722 3314 Scripturas
1745 3243 1922 3299 Jesum
1948 3259 2056 3298 esse

469 3334 746 3391 Christum.
793 3336 928 3392 Hine
969 3336 1204 3392 ostendit
1241 3351 1401 3407 quam
1433 3344 1620 3407 potens
1657 3335 1710 3392 in
1762 3335 2055 3407 Scripturis

469 3439 614 3485 esset
640 3429 870 3500 Apollo:
901 3427 1117 3486 ,Ιυᾶωοε
1157 3430 1302 3486 enim
1345 3430 1692 3486 vehementer
1731 3429 2055 3500 reprimebat

471 3519 612 3590 (hoc
651 3520 795 3575 enim
840 3521 942 3576 sibi
975 3522 1087 3576 vult
1121 3521 1280 3587 illud,
1314 3520 1680 3591 Revincebat);
1711 3521 2055 3578 credentibus

472 3624 600 3665 vero
625 3609 869 3666 ﬁduciam
907 3612 1124 3667 indebat
1153 3621 1212 3667 ut
1249 3611 1302 3667 in
1335 3613 1441 3668 ﬁde
1479 3621 1705 3669 starent.
1739 3613 1956 3667 Factum
1982 3623 2055 3668 est

471 3710 636 3754 autem
657 3742 671 3766 ,
701 3701 870 3772 inquit
889 3744 903 3764 .
936 3713 990 3756 ut
1023 3701 1241 3772 Paulus,
1269 3705 1548 3775 peragratis
1575 3705 1914 3776 superioribus
1935 3721 2056 3775 par-

473 3793 603 3846 tibus
623 3833 638 3858 ,
680 3794 868 3848 veniret
893 3793 1172 3866 Ephesum.
1201 3796 1337 3852 Sunt
1369 3805 1547 3853 autem
1575 3797 1679 3853 illa:
1701 3798 1851 3868 juxta
1878 3799 2055 3853 Cassa-

473 3900 642 3951 ream,
668 3895 722 3940 et
750 3885 909 3941 ultra.
937 3885 1008 3940 Et
1034 3888 1217 3942 invenit
1245 3889 1492 3960 quosdam
1517 3890 1813 3959 discipulos,
1831 3890 2058 3961 dixitque

473 3976 583 4030 eis:
615 3975 677 4031 Si
707 3975 960 4046 Spiritum
1000 3987 1230 4031 sanctum
1267 3980 1530 4049 accepistis
1573 3979 1873 4033 credentes?
1903 3979 2055 4047 Quod

473 4075 650 4122 autem
681 4066 733 4120 hi
756 4081 862 4122 non
888 4067 1173 4123 crederent
1193 4069 1244 4123 in
1269 4068 1558 4135 Christum,
1589 4069 1758 4139 palam
1777 4078 1860 4124 est
1878 4085 1942 4124 ex
1964 4085 2052 4138 eo,

471 4156 613 4228 quod
640 4156 840 4226 dicant,
871 4157 937 4213 In
966 4176 1099 4227 eum,
1131 4161 1216 4230 qui
1242 4169 1479 4214 venturus
1503 4168 1611 4214 erat
1639 4170 1748 4229 post
1768 4161 1937 4233 ipsum
1955 4203 1969 4227 ,
2001 4171 2057 4216 ut

473 4251 699 4308 credant.
727 4251 908 4322 Neque
927 4252 1079 4319 dixit,
1105 4253 1248 4308 Nihil
1269 4264 1352 4310 est
1372 4253 1632 4324 baptisma
1655 4253 1908 4322 Joannis;
1933 4255 2055 4323 sed,

476 4343 848 4414 imperfectum
879 4354 980 4401 est.
1003 4345 1188 4417 Neque
1214 4347 1344 4403 illud
1365 4347 1483 4402 sine
1508 4360 1668 4402 causa
1692 4347 1928 4414 addidit,
1961 4347 2056 4403 sed

476 4443 534 4487 ut
559 4433 776 4490 doceret
803 4436 1158 4507 suaderctque
1185 4439 1276 4501 eis,
1308 4445 1368 4490 ut
1392 4437 1443 4490 in
1468 4438 1684 4494 nomine
1714 4437 1840 4494 Jesu
1884 4438 2057 4509 bapti-

477 4535 757 4581 zarentur:
790 4527 932 4597 quod
956 4529 1118 4583 etiam
1147 4527 1378 4594 faciunt,
1415 4536 1473 4582 et
1501 4529 1760 4598 Spiritum
1791 4531 2060 4599 accipiunt

477 4635 543 4672 ex
565 4618 905 4688 impositione
921 4615 1172 4674 manuum
1192 4618 1494 4674 Pauli.Cum
1509 4621 1850 4692 imposuisset,
1867 4623 2057 4693 inquit,

478 4711 577 4766 illis
605 4726 785 4764 manus
827 4709 1052 4778 Paulus,
1095 4712 1226 4764 venit
1271 4711 1500 4782 Spiritus
1533 4723 1739 4767 sanctus
1778 4730 1930 4784 super
1953 4731 2057 4770 eos.

479 4804 661 4874 Itaque
690 4803 724 4858 ii
765 4802 1018 4873 Spiritum
1045 4803 1412 4873 accipiebant,
1455 4805 1646 4874 quibus
1673 4821 1862 4862 manus
1890 4807 2061 4879 impo-

482 4895 662 4950 nebat.
694 4891 996 4951 Verisimile
1027 4895 1186 4966 igitur
1215 4904 1299 4951 est
1326 4896 1450 4951 illos
1478 4895 1735 4967 Spiritum
1775 4897 2059 4968 habuisse,

477 5002 577 5042 nec
601 4986 935 5057 apparuisse,
969 4987 1070 5041 nisi
1095 5003 1159 5042 ex
1183 4988 1515 5058 operatione,
1548 4997 1603 5044 et
1626 5005 1688 5044 ex
1717 5005 1784 5046 eo
1805 4991 1945 5061 quod
1975 4992 2058 5048 lo-

477 5089 769 5147 querentur
789 5080 1001 5149 linguis.

550 5170 604 5224 2.
645 5168 751 5226 Sed
775 5184 838 5225 ea
862 5211 878 5236 ,
916 5185 1036 5240 quae
1063 5171 1308 5240 superius
1353 5171 1487 5228 lecta
1537 5183 1696 5239 sunt,
1733 5183 2060 5245 repetamus.

486 5262 682 5317 Paulus
710 5273 878 5318 autem
899 5265 1150 5334 navigavit
1189 5263 1241 5318 in
1269 5265 1497 5333 Syriam,
1528 5267 1734 5336 inquit,
1763 5277 1808 5320 et
1834 5285 1948 5321 cum
1973 5269 2064 5322 illo

489 5353 727 5410 Priscilla
762 5366 808 5410 et
835 5357 1040 5424 Aquila,
1070 5372 1225 5427 quos,
1259 5372 1380 5412 eum
1412 5360 1740 5427 pervenisset
1767 5361 2063 5431 Ephesum,

487 5447 557 5500 ihi
584 5447 817 5517 reliquit.
847 5447 938 5503 Vel
965 5449 1085 5518 quia
1116 5449 1325 5504 nolebat
1352 5449 1470 5505 illos
1494 5451 1914 5516 circumducere,
1947 5453 2067 5507 ideo

489 5537 705 5607 reliquit
739 5555 754 5592 :
785 5539 866 5593 vel
897 5540 1092 5607 potius,
1127 5548 1181 5593 ut
1221 5539 1468 5596 doctores
1495 5552 1771 5597 manerent
1795 5542 2063 5612 Ephesiis.

492 5627 594 5696 Ipsi
623 5642 747 5682 vero
775 5640 954 5696 postea
984 5630 1220 5686 Corinthi
1253 5631 1573 5698 habitarunt,
1603 5632 1669 5687 de
1693 5633 1884 5702 quibus
1905 5634 2066 5687 etiam

490 5719 771 5791 magniﬁco
815 5723 1147 5791 testiﬁcatur,
1192 5733 1244 5780 et
1293 5725 1549 5779 Romanis
1595 5725 1839 5781 scribens
1876 5726 2068 5783 Salutat

1256 293 1314 347 S.
1353 288 1628 346 JOANNIS
1662 281 2129 372 ('HRYSQSTOMI
2168 279 2482 338 ARCHIEP.
2525 281 3051 340 CONSTANTINOP.

3645 283 3745 340 986

2172 396 2336 466 ipsos.
2369 397 2543 466 Quare
2570 400 2779 456 videtur
2828 401 2957 456 mihi
3004 401 3147 471 ipsos
3185 408 3369 472 postea
3397 401 3612 457 venisse
3638 401 3745 456 Ro-

2166 502 2346 555 mam,
2389 497 2574 558 utpote
2603 491 2690 560 qui
2737 489 2964 546 libentcr
3003 490 3404 561 frequentarent
3441 493 3580 558 loca,
3607 493 3746 549 unde

2166 577 2320 647 cjecti
2350 578 2558 635 ftterant
2583 581 2682 636 sub
2711 581 2944 638 Nerone.
2973 582 3040 636 Et
3069 583 3394 648 descendens,
3425 584 3618 654 inquit,
3646 586 3748 640 Cte-

2165 685 2383 738 saream,
2430 687 2544 725 cum
2585 672 2890 727 ascendisset
2928 683 2976 727 et
3020 676 3286 729 salutasset
3317 674 3618 741 Ecclesium,
3662 677 3749 730 de-

2163 761 2355 814 scendit
2385 762 2743 832 Antiochiam,
2768 774 3038 836 exactaque
3078 765 3148 820 ibi
3190 768 3452 837 aliquanto
3487 777 3706 839 tempore
3729 811 3744 834 ,

2163 854 2304 920 exiit,
2337 857 2678 923 pertransiens
2718 856 3002 914 Galaticum
3029 860 3209 914 exinde
3231 862 3481 931 regionem
3508 872 3556 916 et
3589 861 3748 933 Pluy-

2161 943 2318 1015 giam.
2346 945 2567 1002 Videtur
2618 949 2750 1004 mihi
2797 949 2981 1006 lideles
3026 951 3133 1006 illic
3179 960 3477 1008 conventus
3526 954 3743 1024 egisse:

2164 1051 2269 1090 non
2291 1037 2433 1092 enim
2460 1040 2639 1095 statim
2669 1041 2787 1097 illos
2817 1042 3217 1100 abstrahebant.
3251 1045 3385 1099 Vide
3405 1053 3582 1100 autem
3613 1061 3746 1116 quo-

2164 1127 2323 1183 modo
2349 1129 2469 1186 illos
2500 1141 2701 1202 urgeat.
2731 1134 2793 1188 Et
2815 1134 2911 1188 has
2941 1135 3185 1205 regiones
3213 1136 3403 1190 iterum
3434 1138 3740 1206 pertransit,

2164 1227 2222 1274 ut
2265 1224 2544 1291 praesentia
2590 1239 2683 1280 sua
2714 1225 3003 1298 discipulos
3049 1228 3346 1283 conﬁrmet.
3375 1228 3589 1282 Judreus
3631 1245 3744 1282 vero

2161 1311 2390 1379 quidam,
2418 1313 2610 1384 inquit,
2652 1316 2836 1387 Apollo
2863 1319 3084 1388 nomine,
3102 1323 3241 1376 venit
3260 1319 3537 1390 Ephesum,
3569 1329 3745 1390 potens

2162 1401 2214 1456 in
2245 1402 2545 1472 Scripturis.
2575 1405 2746 1462 Homo
2791 1408 3016 1478 diligens
3059 1418 3207 1475 erat;
3238 1409 3462 1480 ideoque
3508 1411 3744 1480 peregri-

2163 1492 2408 1550 nabatur.
2443 1495 2545 1563 Qui
2569 1513 2683 1551 cum
2709 1499 2941 1566 venisset,
2975 1500 3174 1569 inquit,
3201 1502 3254 1555 in
3292 1502 3560 1568 Achaiam,
3591 1504 3742 1563 vehe-

2161 1592 2352 1638 menter
2380 1585 2657 1640 revincebat
2693 1585 2908 1643 Iudaeos
2956 1591 3168 1660 publice.
3200 1591 3275 1646 De
3304 1607 3410 1662 quo
3439 1592 3637 1648 Paulus
3665 1594 3745 1648 di-
3805 1651 3809 1656 ,

2163 1672 2316 1728 cebat
2342 1689 2356 1727 :
2387 1673 2463 1729 De
2483 1676 2669 1746 Apollo
2688 1688 2856 1732 autem
2883 1683 3042 1752 fratre
3079 1683 3158 1752 (1.
3181 1683 3299 1738 Cor.
3331 1683 3419 1738 16.
3446 1684 3558 1754 12).
3589 1685 3743 1752 Quod

2161 1765 2372 1834 publice
2399 1769 2766 1841 redargueret,
2791 1772 2917 1827 hinc
2943 1772 3133 1829 ﬁducia
3159 1774 3575 1841 ostendebatur;
3599 1778 3744 1846 quod

2160 1861 2508 1920 vehementer
2537 1865 2759 1922 facultas
2787 1867 3062 1934 enitebat;
3091 1869 3234 1939 quod
3263 1885 3330 1926 ex
3372 1869 3566 1926 divinis
3593 1870 3742 1926 Scri-

2161 1953 2330 2023 pturis
2356 1955 2704 2024 ostenderet,
2736 1959 3066 2029 experientia
3113 1961 3532 2017 monstrabatur.
3563 1961 3744 2033 Neque

2161 2048 2301 2102 enim
2345 2047 2555 2105 dicendi
2596 2050 2814 2106 libertas
2841 2052 3040 2123 aliquid
3067 2053 3307 2122 perﬁcit,
3331 2052 3553 2110 absente
3579 2053 3744 2108 lacul-

2162 2151 2303 2208 tate;
2336 2156 2510 2214 neque
2540 2141 2765 2199 facultas
2791 2144 3013 2201 absente
3037 2145 3301 2201 libertate.
3325 2145 3468 2216 Ergo
3494 2161 3599 2201 non
3627 2146 3746 2201 sine

2159 2247 2319 2288 causa
2365 2233 2612 2304 Aquilam
2660 2235 2877 2306 reliquit
2915 2234 3140 2305 Ephesi,
3167 2235 3261 2292 sed
3305 2245 3526 2306 propter
3552 2237 3746 2306 Apollo

2162 2328 2340 2382 forsan
2371 2326 2602 2398 Spiritus
2625 2327 2728 2384 hoc
2756 2328 3106 2399 dispensavit,
3132 2337 3188 2385 ut
3213 2329 3401 2386 fortior
3427 2329 3746 2385 ascenderet

2129 2416 2590 2472 'Corintbum.Et
2617 2433 2714 2473 cur
2758 2419 2881 2474 huic
2925 2419 3057 2474 nihil
3107 2419 3386 2485 fecerunt,
3419 2420 3470 2474 in
3520 2419 3742 2475 Paulum

2159 2517 2337 2564 autem
2380 2508 2709 2580 insurgunt?
2738 2510 2992 2566 Sciebant
3017 2511 3168 2566 illum
3207 2511 3550 2584 coryphaeum
3579 2526 3742 2578 ease;

2161 2603 2244 2657 vel
2273 2603 2397 2673 quia
2423 2619 2670 2674 magnum
2702 2613 2818 2660 erat
2842 2605 2944 2660 viri
2972 2619 3186 2660 nomen.
3222 2606 3548 2660 Assumentes
3575 2615 3746 2659 autem

2159 2694 2326 2759 illum,
2359 2694 2552 2764 inquit,
2582 2696 2768 2766 Aquila
2794 2705 2840 2750 et
2872 2694 3112 2751 Priscilla
3135 2737 3151 2764 ,
3187 2697 3477 2768 diligentius
3502 2713 3748 2762 exposue-

2158 2793 2276 2838 runt
2313 2785 2360 2839 ei
2400 2785 2535 2840 viam
2577 2784 2693 2841 Dei.
2727 2786 2859 2842 Vide
2887 2787 3158 2858 quomodo
3180 2789 3359 2843 omnia
3389 2787 3490 2843 ﬁde
3517 2788 3744 2859 perﬁce-

2161 2885 2347 2933 rentur
2390 2887 2445 2934 et
2485 2893 2750 2950 nusquam
2794 2879 3014 2948 invidia,
3049 2894 3311 2951 nusquam
3343 2880 3481 2935 livor
3513 2899 3525 2935 :
3553 2880 3743 2951 Aquila

2159 2969 2358 3036 docet;
2395 2971 2502 3026 imo
2549 2973 2726 3041 potius
2778 2972 2896 3042 ipse
2938 2972 3180 3028 docetur.
3213 2973 3424 3028 Etenim
3472 2973 3745 3044 aliquanto

2159 3068 2401 3131 tempore
2427 3077 2547 3117 eum
2580 3062 2672 3118 illo
2692 3073 2990 3130 versantes,
3020 3065 3098 3120 sic
3127 3063 3301 3122 edocti
3323 3073 3466 3130 sunt,
3499 3074 3554 3118 ut
3581 3064 3743 3120 etiam

2158 3153 2294 3208 alios
2321 3154 2517 3210 docere
2549 3164 2788 3225 possent.
2813 3155 2941 3212 Cum
2966 3165 3133 3210 autem
3159 3157 3304 3212 vellet
3331 3159 3438 3228 ipse
3456 3159 3670 3213 transire
3690 3158 3741 3212 in

2162 3245 2424 3311 Achaiam,
2458 3245 2649 3316 inquit,
2681 3248 3014 3317 scripserunt
3037 3247 3334 3318 discipulis,
3361 3257 3418 3304 ut
3443 3249 3744 3320 reciperent

2157 3352 2302 3391 eum.
2332 3337 2440 3394 Cur
2468 3337 2648 3394 literas
2673 3339 2912 3396 scribant
2940 3340 3176 3397 indicat:
3213 3340 3279 3397 Ut
3302 3342 3448 3397 illum
3475 3343 3736 3413 recipiant,

2159 3431 2354 3502 inquit.

2233 3523 2490 3588 Quantum
2519 3523 2773 3596 baptisma
2809 3523 2996 3581 Christi
3027 3533 3228 3596 prtcstet
3267 3523 3558 3597 baptismati
3580 3523 3741 3578 Joan-

2161 3614 2260 3668 nis.
2283 3643 2353 3656 -—
2385 3614 2448 3669 Et
2490 3615 2628 3670 unde
2655 3616 2822 3687 liquet
2849 3617 2989 3684 illos,
3026 3631 3148 3672 eum
3181 3615 3380 3687 Ephesi
3409 3626 3612 3681 essent,
3646 3617 3739 3671 ba-

2159 3706 2351 3776 ptisma
2379 3705 2601 3763 Joannis
2628 3706 2912 3763 habuisse?
2937 3707 3069 3775 Quia
3093 3708 3425 3779 interrogati,
3449 3707 3515 3762 In
3540 3725 3637 3776 quo
3656 3707 3743 3762 ba-

2160 3797 2338 3867 ptizati
2361 3799 2479 3853 estis
2501 3799 2527 3852 Ρ
2556 3798 2742 3854 dicunt
2769 3816 2783 3854 :
2814 3797 2883 3853 In
2931 3799 3150 3854 Joannis
3204 3799 3519 3869 baptismate.
3543 3800 3741 3854 Forsan

2161 3899 2286 3946 tunc
2313 3891 2702 3964 Jerosolymam
2734 3905 2794 3947 se
2824 3890 3180 3956 contulerant,
3211 3899 3266 3946 et
3291 3890 3542 3946 abierunt
3569 3899 3624 3946 et
3655 3891 3743 3945 ha-

2161 3981 2342 4050 ptizati
2365 3991 2490 4038 sunt
2514 3999 2527 4048 ;
2553 3983 2646 4038 sed
2668 3983 2829 4039 etiam
2864 3982 3137 4052 baptizati,
3155 3981 3336 4038 Jesum
3357 3998 3462 4037 non
3486 3983 3741 4038 sciebant.

2161 4071 2271 4127 Nec
2300 4071 2426 4127 dicit
2447 4074 2548 4141 eis,
2578 4073 2810 4129 Creditis
2840 4073 2891 4128 in
2923 4072 3139 4128 Jesum?
3165 4073 3258 4128 sed
3303 4073 3465 4145 quid?
3489 4074 3547 4129 Si
3577 4073 3744 4144 Spiri-

2163 4174 2269 4219 tum
2294 4174 2522 4219 sanctum
2553 4166 2863 4237 accepistis?
2883 4166 3086 4222 sciebat
3107 4167 3250 4222 enim
3279 4166 3422 4237 quod
3457 4182 3564 4222 non
3587 4167 3733 4220 habe

2163 4267 2303 4313 rent.
2335 4258 2404 4313 Et
2447 4259 2559 4313 vult
2603 4258 2656 4313 id
2697 4259 2817 4314 illos
2845 4258 3058 4326 dicere,
3087 4267 3146 4314 ut
3191 4260 3423 4316 scientes
3476 4258 3603 4330 quid
3648 4257 3745 4312 sibi

2163 4349 2395 4414 deesset,
2425 4349 2479 4404 id
2508 4359 2774 4420 peterent.
2810 4349 2875 4404 Et
2900 4349 3206 4419 imponente,
3232 4350 3552 4426 inquit,qillis
3583 4347 3749 4402 Paulo

2163 4455 2368 4505 manus,
2397 4441 2530 4494 venit
2560 4439 2786 4512 Spiritus
2813 4450 3018 4495 sanctus
3046 4457 3197 4510 super
3223 4456 3326 4505 eos,
3349 4451 3395 4494 et
3423 4439 3750 4508 loquebantur

2165 4533 2351 4603 linguis
2365 4541 2412 4586 et
2440 4532 2825 4603 prophetabant.
2854 4533 2937 4587 Ab
2969 4533 3085 4602 ipso
3115 4531 3380 4602 baptismo
3407 4530 3745 4601 propltetant.

2166 4623 2278 4678 Hoc
2319 4632 2498 4679 autem
2537 4623 2758 4678 Joannis
2785 4623 3050 4692 baptisma
3093 4637 3197 4677 non
3227 4621 3496 4686 habebat;
3527 4618 3748 4690 ideoque

2167 4714 2536 4785 imperfectum
2581 4724 2719 4771 erat.
2749 4714 2819 4771 Ut
2848 4729 3010 4786 porro
3057 4714 3140 4768 his
3184 4714 3330 4783 digni
3383 4713 3712 4769 haberentur
3737 4755 3753 4779 ,

2168 4806 2486 4876 przeparavit
2516 4805 2655 4860 illos.
2683 4804 2866 4876 Itaque
2896 4805 2997 4860 hoc
3023 4803 3234 4860 volebat
3258 4803 3497 4860 Joannes
3521 4818 3643 4859 cum
3673 4805 3756 4860 ba-

2168 4897 2420 4966 ptizabat,
2444 4906 2505 4952 ut
2533 4896 2815 4953 crederent
2859 4896 2912 4950 in
2941 4904 3221 4952 venturum
3251 4906 3370 4968 post
3403 4898 3596 4968 ipsum.
3623 4897 3757 4952 llinc

2169 4986 2473 5042 ostenditur
2528 5001 2778 5057 magnum
2822 4985 3036 5056 dogma,
3064 4987 3209 5058 quod
3243 4988 3333 5058 qui
3386 4987 3754 5057 baptizantur,

2170 5076 2406 5147 perfecte
2431 5091 2460 5130 a
2487 5077 2719 5148 peccatis
2742 5085 3056 5147 purgentur.
3078 5077 3189 5132 Nisi
3217 5077 3361 5132 enim
3377 5086 3755 5147 purgarentur,

2148 5173 2424 5242 .Spiritunt
2470 5185 2573 5226 non
2612 5171 2938 5240 acciperent,
2972 5185 3078 5224 non
3123 5170 3300 5224 statim
3339 5169 3757 5224 charismatibus

2170 5265 2532 5333 dignarentur.
2566 5260 2633 5316 Et
2659 5261 2779 5317 vide
2801 5261 2943 5332 quod
2968 5261 3163 5331 duplex
3197 5269 3322 5316 tunc
3348 5261 3615 5315 charisma
3641 5261 3757 5314 sive

2171 5357 2370 5412 donum
2402 5355 2598 5422 fuerit,
2631 5366 2684 5410 et
2711 5356 2904 5425 linguae
2951 5364 3001 5409 et
3033 5353 3348 5424 prophetiae.
3385 5352 3550 5407 Recte
3578 5359 3754 5406 autem

2172 5449 2306 5504 dixit
2333 5449 2592 5519 baptisma
2623 5447 2844 5503 Joannis
2889 5447 3214 5518 poenitentia:
3238 5460 3358 5500 esse
3383 5486 3397 5510 ,
3426 5461 3534 5500 non
3580 5453 3755 5498 autem

2176 5541 2507 5596 remissionis
2539 5559 2552 5595 :
2579 5542 2791 5611 erigens
2839 5540 2956 5594 illos
2996 5537 3339 5607 suadensque
3385 5537 3484 5600 eis,
3529 5537 3628 5590 hoc
3671 5547 3752 5586 va~

2175 5648 2334 5688 cuum
2376 5631 2542 5688 fuisse
2587 5632 2907 5700 baptismum
2959 5630 3109 5684 illum
3145 5649 3157 5683 :
3193 5644 3315 5683 nam
3362 5627 3629 5698 posterius
3653 5623 3757 5678 dati

2177 5726 2425 5798 baptismi
2449 5741 2582 5797 opus
2609 5737 2721 5778 erat
2747 5723 2991 5779 remissio
3014 5724 3121 5778 illa.
3153 5721 3220 5777 Et
3241 5719 3512 5793 quomodo
3543 5718 3634 5791 qui
3654 5711 3769 5783 Spi-
