4104 6148
340 338 450 393 283

342 452 470 517 τοῖς
493 448 786 521 μαθηταῖς
805 447 1210 513 ἀποδέξασθαι
1242 450 1447 504 αὐτόν.
1489 453 1586 517 Ὃς
1621 451 2016 521 παραγενόμε-

341 558 451 605 νος
483 537 854 592 συνεϐάλετο
907 536 1067 590 πολὺ
1100 536 1225 602 τοῖς
1280 538 1717 592 πεπιστευκόσι
1745 538 1843 592 διὰ
1904 537 2015 605 τῆς

343 625 609 695 Χάριτος·
638 623 913 689 Εῠτόνως
938 622 1048 692 γὰρ
1085 622 1208 689 τοῖς
1276 623 1584 690 Ἰουδαίοις
1626 623 2015 695 διακατηλέγ-

345 730 489 783 χετο
541 708 825 781 δημοσία,
873 709 1213 774 ἐπιδεικνὺς
1258 708 1357 763 διὰ
1392 710 1512 763 τῶν
1562 709 1821 779 Γραφῶν
1864 707 2020 764 εἶναι

344 800 459 852 τὸν
478 797 739 867 Χριστόν
776 795 1038 863 Ἰησοῦν.
1079 795 1350 865 Ἐγένετο
1379 795 1448 849 δὲ
1468 796 1538 850 ἐν
1561 794 1642 861 τῷ
1663 796 1772 850 τὸν
1813 797 2020 851 Ἀπολ-

346 883 439 938 λὼ
470 879 623 937 εἶναι
659 881 728 936 ἐν
756 881 1039 949 Κορίνθῳ,
1064 880 1307 935 Παῦλον
1360 879 1675 935 διελθόντα
1699 880 1772 935 τὰ
1808 881 2023 936 ἀνωτε-

346 969 488 1039 ρικὰ
511 968 689 1038 μέρη,
735 966 936 1031 ἐλθεῖν
988 967 1075 1032 είς
1132 967 1419 1035 Ἔφεσον.
1458 965 1568 1021 Kal
1623 965 1814 1035 εὑρών
1851 982 2023 1031 τινας

348 1057 640 1128 μαθητὰς,
680 1050 809 1108 εἶπε
831 1052 979 1122 πρὸς
1012 1053 1253 1119 αὐτούς·
1289 1053 1360 1106 Ei
1410 1052 1653 1122 Πνεῦμα
1685 1053 1858 1123 ἅγιον
1885 1053 2025 1107 ἐλά-

355 1146 489 1198 ϐετε
513 1142 990 1206 πιστεύσαντες;
1020 1142 1084 1195 Ol
1109 1139 1178 1193 δὲ
1203 1140 1383 1194 εἶπαν
1412 1140 1562 1209 πρὸς
1610 1141 1815 1195 αὐτόν·
1860 1141 2025 1195 Ἀλλ’

354 1228 502 1284 ούδέ
531 1230 584 1282 εί
609 1227 850 1296 Πνεῦμα
898 1226 1070 1297 ἅγιόν
1117 1225 1304 1291 ἐστιν,
1344 1227 1709 1296 ἠκούσαμεν.
1765 1223 1915 1280 Ετπέ
1965 1243 2025 1281 τε

356 1314 509 1383 πρὸς
540 1313 781 1379 αὐτούς’
818 1313 923 1378 Είς
959 1312 1017 1365 τί
1048 1305 1162 1366 οὖν
1185 1311 1605 1379 ἐϐαπτίσθητε;
1641 1315 1704 1366 Ol
1734 1311 1803 1364 δέ
1828 1307 2022 1366 εἷπονο

351 1403 454 1468 El;
483 1401 550 1454 τὸ
589 1399 866 1455 Ἰωάννου
889 1397 1228 1467 βάπτισμα.
1266 1393 1412 1453 Erae
1436 1397 1504 1451 δέ
1530 1398 1791 1464 Παῦλος*
1830 1397 2025 1452 Ἰωάνο

357 1504 474 1555 νης
497 1486 612 1557 μέν
636 1484 922 1540 ἐϐάπτισε
943 1483 1260 1553 βάπτισμα
1286 1485 1630 1554 μετανοίας,
1660 1484 1741 1549 τῷ
1770 1482 1897 1549 λαῷ
1928 1484 2022 1538 λέ-

356 1590 501 1644 γων,
529 1576 615 1638 είς
637 1572 746 1626 τὸν
765 1571 1091 1641 ἐρχόμενον
1113 1573 1238 1640 μετ’
1265 1570 1454 1625 αὑτὸν
1485 1571 1587 1624 ἵνα
1631 1571 2022 1625 πιστεύσωσι·

359 1660 694 1726 τουτέστιν,
715 1660 804 1723 εὶς
826 1658 935 1712 τὸν
958 1656 1216 1727 Χριστὸν
1257 1657 1507 1726 Ἰησοῦν.
1549 1658 1940 1724 Ἀκούσαντες
1959 1656 2029 1711 δέ

360 1747 812 1815 ἐϐαπτίσθησαν
837 1747 925 1812 εὶς
945 1744 1011 1799 τὸ
1043 1745 1232 1815 ὄνομα
1262 1745 1368 1800 τοῦ
1403 1744 1625 1814 Κυρίου
1664 1744 1882 1813 Ἰησοῦ.
1916 1744 2026 1798 Kal

359 1834 670 1899 ἐπιθέντος
700 1831 906 1898 αὐτοῖς
932 1830 1041 1885 τοῦ
1061 1832 1308 1886 Παύλου
1339 1830 1447 1897 τὰς
1488 1830 1711 1900 χεῖρας,
1764 1826 1912 1900 ἦλθε
1959 1830 2028 1885 τὸ

362 1919 603 1989 Πνεῦμα
623 1918 688 1974 τὸ
722 1919 893 1990 ἅγιον
915 1918 1006 1974 ἐπ’
1030 1918 1272 1985 αὐτούς·
1305 1916 1571 1972 ἐλάλουν
1616 1934 1681 1972 τε
1721 1916 2029 1987 γλώσσαις

360 2008 463 2060 καὶ
487 2006 638 2079 [505]
672 2005 1101 2076 προεφήτευον.
1136 2001 1333 2062 *Ησαν
1377 2003 1447 2058 δέ
1477 2006 1532 2059 οί
1563 2002 1786 2071 πάντες
1812 2003 2030 2072 ἄνδρες

360 2093 507 2148 ὡσεί
530 2092 804 2148 δεκαδύο.
828 2091 1016 2163 Πολλῷ
1039 2085 1184 2147 οὗτοι
1205 2090 1414 2145 ἐκείνου
1437 2090 1809 2161 διεστήκασιν.
1836 2092 1885 2144 οί
1922 2106 2029 2160 μη-

361 2182 426 2235 δὲ
448 2182 499 2235 εί
527 2180 750 2253 Πνεῦμα
778 2180 929 2251 ἀγιόν
974 2182 1121 2236 ἐστιν
1178 2179 1398 2244 εἰδότες.
1452 2170 1612 2234 Οὗτοι
1668 2173 1781 2247 οὖν,
1841 2178 1892 2232 οἳ
1933 2178 2031 2231 καὶ

366 2269 756 2341 ἀκριϐέστερον
774 2268 920 2340 αὐτῷ
948 2267 1196 2334 ἐξέθεντο
1228 2268 1329 2339 τὴν
1362 2267 1480 2322 ὁδὸν
1524 2265 1620 2320 τοῦ
1669 2265 1898 2338 Κυρίου,
1933 2264 2030 2319 καὶ

366 2357 755 2428 προπέμπουσι
784 2396 801 2422 ,
845 2358 939 2411 καὶ
979 2356 1286 2428 γράμματα
1341 2355 1688 2410 ἐπιδιδόασιν.
1750 2353 2031 2411 Ἐϐούλετο

366 2445 470 2517 μὲν
500 2441 593 2499 οὖν
621 2446 717 2501 καὶ
764 2444 927 2509 αὐτὸς
981 2443 1237 2498 ἀπελθεῖν
1290 2443 1371 2506 είς
1406 2442 1653 2513 Ἀχαΐαν
1689 2441 1797 2513 πρὸ
1834 2440 1891 2495 δέ
1933 2440 2028 2495 τοῦ

364 2533 686 2606 προτρέψαι,
721 2533 814 2587 καὶ
832 2531 1139 2605 γράμματα
1169 2527 1355 2586 δοῦναι
1388 2528 1534 2601 αὐτῷ
1588 2530 1716 2594 τοὺς
1742 2528 2031 2599 ἀδελφοὺς,

362 2622 464 2674 οὐκ
489 2622 779 2693 ἀναχωρεῖ.
815 2622 921 2685 ’ος
946 2618 1426 2689 παραγενόμενος
1451 2615 1842 2680 συνεϐάλετο,
1873 2615 2029 2686 φησὶ,

364 2708 490 2775 τοῖς
529 2708 1022 2763 πεπιστευκόσιν⁹
1076 2706 1341 2770 εὐτόνως
1365 2704 1477 2775 γὰρ
1527 2702 2031 2771 διακατηλέγχετο

363 2796 626 2866 δημοσίᾳ
646 2795 1041 2850 ἐπιδεικνύων
1064 2792 1162 2848 διὰ
1186 2791 1306 2848 τῶν
1325 2791 1580 2862 Γραφῶν
1600 2788 1754 2846 εἶναι
1780 2791 1886 2844 τὸν
1909 2793 2035 2858 Χρι-

363 2881 518 2937 στὸν
554 2882 820 2951 Ἰησοῦν.
853 2879 1133 2939 Ἐντεῦθεν
1162 2880 1280 2945 πῶς
1302 2875 1372 2952 ἦν
1417 2879 1637 2942 δυνατὸς
1667 2881 1726 2933 ἐν
1746 2880 1868 2943 ταῖς
1889 2878 2031 2949 Γρα-

365 2972 496 3039 φαῖς
535 2968 806 3033 Ἀπολλὼς
830 2967 1088 3023 δείκνυσι.
1122 2968 1262 3031 Τοὺς
1308 2967 1404 3038 μὲν
1425 2967 1533 3039 γὰρ
1575 2966 1861 3030 Ἰουδαίους
1912 2966 2037 3036 σφό-

363 3057 469 3127 δρα
504 3055 829 3126 ἐπεστόμιζε
856 3054 1037 3127 (τοῦτο
1073 3055 1179 3128 γάρ
1209 3056 1326 3109 ἐστι
1365 3054 1449 3121 τὺ,
1477 3053 2031 3124 Διακατηλέγχετο),

363 3145 496 3206 τοὺς
532 3142 592 3196 δέ
610 3141 961 3206 πιστεύοντας
991 3143 1214 3214 θαρρεῖν
1271 3140 1472 3213 μᾶλλον
1498 3141 1695 3205 ἐποίει,
1749 3139 1844 3194 καὶ
1876 3140 2029 3194 ἵστα-

367 3230 498 3283 σθαι
534 3230 673 3301 πρὸς
713 3228 814 3300 τὴν
853 3229 1055 3285 πίστιν.
1103 3228 1365 3301 Ἐγένετο
1425 3227 1513 3293 δέ,
1582 3227 1736 3298 φησὶ,
1784 3226 2031 3281 Παῦλον

365 3318 681 3373 διελθόντα
710 3316 782 3371 τὰ
809 3315 1132 3385 ἀνωτερικὰ
1172 3316 1325 3386 μέρη
1355 3315 1557 3371 ἐλθεῖν
1596 3317 1684 3382 είς
1738 3316 2027 3383 Ἔφεσον.

363 3407 554 3461 Ταῦτα
578 3405 642 3478 δὴ
662 3405 732 3460 τά
762 3404 903 3461 κατά
925 3404 1261 3477 Καισάρειαν
1281 3404 1377 3459 καὶ
1405 3404 1474 3459 τά
1491 3404 1673 3458 λοιπά.
1701 3404 1811 3458 Καὶ
1841 3402 2032 3472 εὑρών

364 3511 535 3560 τινας
550 3493 841 3564 μαθητὰς,
874 3488 1005 3548 εἷπε
1036 3491 1189 3561 πρὸς
1218 3492 1459 3558 αὐτούς·
1487 3493 1558 3546 El
1582 3491 1826 3560 Πνεῦμα
1858 3489 2033 3560 ἅγιον

365 3580 607 3636 ἐλάϐετε
626 3580 1105 3647 πιστεύσαντες;
1139 3580 1262 3633 Ὅτι
1320 3579 1443 3633 οὐδέ
1493 3580 1574 3643 είς
1624 3577 1860 3649 Χριστὸν
1910 3577 2032 3631 ἐπί-

368 3684 553 3722 στευον
577 3659 746 3732 οὗτοι,
774 3665 934 3738 δῆλον
959 3668 1025 3720 ἐκ
1052 3665 1147 3720 τοῦ
1172 3667 1367 3720 εἰπεῖν’
1417 3667 1522 3732 Είς
1554 3664 1661 3720 τὸν
1704 3665 2033 3734 ἐρχόμενον

361 3756 486 3825 μετ’
514 3755 723 3818 αὐτὸν,
754 3756 855 3809 ἵνα
905 3754 1302 3814 πιστεύσωσι.
1337 3752 1447 3806 Kal
1499 3752 1600 3806 οὐκ
1646 3745 1821 3817 εἷπεν,
1864 3752 2031 3805 Οὐδέν

367 3846 483 3897 ἐστι
513 3843 579 3896 τὸ
598 3841 882 3912 βάπτισμα
913 3841 1179 3895 Ἰωάννου·
1223 3840 1337 3893 ἀλλ’
1371 3840 1454 3892 ὅτι
1508 3838 1717 3901 ἀτελές.
1750 3839 1861 3893 Kal
1908 3838 2031 3891 οὐδέ

366 3930 523 3985 τοῦτο
554 3928 899 4001 προσέθηκεν
928 3927 1137 3992 ἁπλῶς,
1164 3926 1281 3981 ἀλλ’
1312 3927 1399 3980 ἵνα
1420 3925 1608 3997 διδάξῃ
1635 3926 1728 3979 καὶ
1749 3926 1915 3998 πείσῃ
1937 3924 2032 3979 αὐ-

369 4019 493 4081 τοὺς
515 4020 595 4081 είς
621 4016 684 4070 τὸ
714 4017 886 4086 δνομα
904 4014 998 4069 τοῦ
1032 4013 1207 4087 Ἰησοῦ
1241 4013 1623 4086 βαπτισθῆναν
1670 4013 1818 4067 ὅκα).
1848 4013 2032 4068 ποιοῦ-

372 4121 445 4169 σι,
467 4106 561 4158 καὶ
583 4103 645 4157 τὸ
665 4103 891 4171 Πνεῦμα
914 4101 1249 4173 λαμϐάνουσι
1280 4104 1348 4173 τῇ
1373 4101 1615 4156 metae;
1670 4102 1781 4157 τῶν
1831 4100 2031 4173 χειρῶν

371 4191 602 4244 Παύλου.
648 4189 982 4255 Ἐπιθέντος
1007 4188 1138 4259 γάρ,
1171 4188 1357 4259 φησὶν,
1393 4187 1595 4254 αὐτοῖς
1626 4187 1734 4241 τοῦ
1784 4189 2031 4243 Παύλου

370 4280 474 4346 τὰς
494 4279 719 4349 χεῖρας,
747 4274 895 4349 ἦλθε
928 4278 995 4332 τὸ
1039 4277 1284 4347 Πνεῦμα
1319 4276 1388 4330 τὸ
1435 4276 1607 4346 ἅγιον
1646 4276 1738 4331 ἐπ’
1787 4278 2028 4344 αὐτούς.

374 4368 532 4420 Ὥστε
559 4361 640 4429 οἷς
670 4364 906 4418 ἐπετίθει
953 4363 1051 4429 τάς
1078 4366 1285 4437 χεῖρας,
1322 4363 1383 4416 τὸ
1431 4363 1656 4433 Πνεῦμα
1704 4362 2032 4434 ἐλάμϐανον.

373 4455 529 4518 Εἰκὸς
548 4454 728 4508 τοίνυν
771 4449 839 4523 ἦν
866 4452 1094 4524 Πνεῦμα
1126 4453 1226 4523 μὲν
1272 4450 1469 4514 αὐτοὺς
1505 4450 1670 4521 ἐχειν,
1714 4451 1790 4522 μὴ
1849 4452 2034 4519 φαίνει

374 4540 496 4594 σθαι
517 4540 594 4594 δέ·
632 4539 745 4593 ἀλλ’
770 4541 835 4593 ἐκ
862 4538 962 4609 τῆς
984 4536 1267 4610 ἐνεργείας
1292 4536 1387 4590 καὶ
1405 4535 1498 4607 ἀφ’
1518 4552 1593 4592 ων
1614 4535 1888 4605 γλώσσαις
1904 4538 2032 4593 ἐλά-

373 4626 517 4693 λουν,
543 4623 703 4682 τοῦτο
727 4625 1021 4695 ἐνέφαινον.

446 4927 511 4997 β’.
529 4926 668 4980 Ἀλλ’
699 4925 898 4997 ἴδωμεν
924 4925 1125 4980 ἀνωθεν
1149 4924 1216 4979 τὰ
1247 4922 1653 4994 ἀνεγνωσμένα.
1694 4920 1756 4975 '0
1780 4920 1847 4974 δέ
1874 4919 2033 4974 Παῦ-

375 5018 481 5081 λος
525 5014 766 5079 ἐξέπλει
811 5014 899 5080 είς
944 5012 1060 5080 τὴν
1107 5013 1350 5081 Συρίαν,
1388 5012 1544 5082 φησὶ,
1592 5009 1692 5065 καὶ
1726 5009 1849 5064 σὺν
1875 5006 2036 5072 αὐτῷ

374 5104 710 5169 Πρίσκιλλα
731 5099 832 5154 καὶ
865 5101 1133 5164 Ἀκύλας,
1153 5097 1244 5163 οὓς
1268 5099 1362 5152 καὶ
1386 5097 1730 5168 καταντήσας
1758 5096 1853 5157 είςι
1870 5095 2038 5163 Ἐφε-

375 5205 464 5241 σον
487 5188 781 5242 κατέλιπεν
808 5186 996 5242 αὑτοῦ.
1020 5188 1093 5240 Ἢ
1110 5188 1194 5240 ὅτι
1227 5186 1329 5239 οὐκ
1355 5184 1606 5238 ἐϐούλετο
1628 5183 1913 5255 περιάγειν
1934 5180 2036 5235 αὐ-

370 5275 517 5342 τοὺς,
545 5275 642 5329 καὶ
664 5274 754 5328 διὰ
784 5274 944 5328 τοῦτο
976 5272 1285 5328 κατέλιπενο
1340 5271 1374 5342 ἢ
1414 5271 1613 5341 μᾶλλον
1666 5271 1753 5324 ἵνα
1777 5270 2035 5323 διδάσκα-

373 5361 448 5414 λοι
472 5362 675 5433 μένωσι
724 5363 837 5426 τοῖς
863 5363 922 5414 ἐν
962 5359 1192 5429 Ἐφέσῳ.
1240 5359 1407 5412 Αὐτοὶ
1433 5359 1488 5412 δὲ
1542 5357 1681 5429 μετά
1713 5356 1887 5411 ταῦτα
1932 5356 2034 5427 τὴν

373 5450 631 5522 Κόρινθον
655 5449 901 5522 ᾤκησαν,
930 5446 1011 5513 οἷς
1054 5447 1149 5502 καὶ
1189 5447 1399 5519 μεγάλα
1440 5448 1724 5519 μαρτυρεῖ,
1750 5447 1845 5500 καὶ
1900 5447 2036 5500 Ῥω·

376 5536 553 5603 μαίοις
574 5537 909 5592 ἐπιστέλλων
937 5533 1334 5607 προσαγορεύει
1367 5533 1583 5597 αὐτούς.
1637 5532 1799 5586 Ὅθεν
1836 5550 1926 5604 μοι
1947 5533 2033 5587 δο-

374 5628 459 5678 κεῖ
489 5624 630 5696 μετὰ
654 5624 830 5680 ταῦτα
854 5624 1048 5687 αὐτοὺς
1078 5624 1159 5687 είς
1201 5619 1417 5693 Ῥώμην
1446 5620 1718 5688 ἀπελθεῖν,
1749 5619 1846 5673 am
1874 5622 2037 5690 ἐμφι-

373 5713 746 5786 λοχωροῦντας
802 5716 916 5778 τοῖς
957 5714 1144 5777 τόποις
1177 5710 1427 5775 ἐκείνοις,
1467 5710 1589 5764 ὅθεν
1638 5709 1897 5773 ἐξέπεσον
1944 5712 2036 5763 ἐπὶ

371 5801 640 5873 Νέρωνος.
667 5802 775 5856 H12
804 5803 1080 5866 καταϐὰς,
1134 5798 1320 5869 φησὶν,
1350 5799 1436 5863 εἰς
1473 5796 1854 5864 Καισάρειαν,
1894 5797 2038 5853 ἀνα-

375 5887 482 5959 ϐὰς
510 5888 610 5942 καὶ
637 5888 1072 5959 ἀσπασάμενος
1107 5887 1218 5953 τὴν
1290 5884 1920 5959 Ἐκκλησίανεκατέϐη
1951 5887 2037 5950 εὶς

387 5958 762 6029 Ἀντιόχειαν,
794 5955 903 6014 καί
916 5957 1176 6026 ποιήσας
1211 5955 1421 6025 χρόνον
1450 5955 1599 6023 τινὰ,
1631 5955 1868 6024 ἐξῆλθε,
1888 5955 2036 6023 διερ-

1510 334 1577 391 IN
1607 335 1792 391 ACTA
1832 333 2363 394 APOSTOLORUM.
2389 331 2624 393 HOMIL.
2665 333 2774 389 XL.

3672 335 3776 390 ἓξὲξ

2115 470 2372 538 χόμενος
2404 467 2520 536 τὴν
2556 465 2903 533 Γαλατικὴν
2947 465 3207 535 καθεξῆς
3230 465 3432 534 χώραν
3483 465 3581 518 καὶ
3628 469 3776 534 Φρυ-

2114 557 2272 626 γίαν.
2324 555 2478 626 Ἐμοὶ
2502 552 2716 607 δοκοῦσι
2747 552 2840 606 καὶ
2860 554 2909 606 οἱ
2943 554 3122 606 πίστοὶ
3156 551 3233 607 ἔτι
3263 552 3380 604 ἐκεῖ
3429 551 3774 620 συνάγεσθαι·

2117 645 2180 703 οὐ
2210 644 2319 716 γὰρ
2350 643 2550 707 εὐθέως
2570 642 2769 705 αὐτοὺς
2811 640 3095 697 ἀπέσπων.
3153 641 3297 712 Ὅρα
3323 640 3380 694 δέ
3435 639 3552 703 πῶς
3584 638 3777 702 αὐτοὺς

2116 731 2414 795 ἐπείγεται.
2465 731 2577 785 Καὶ
2627 728 2830 793 ταύτας
2884 727 2985 791 τὰς
3048 726 3232 798 χώρας
3278 726 3440 781 πάλιν
3485 726 3795 797 διέρχεται,

2117 817 2257 872 ὥστε
2286 820 2354 889 τῇ
2386 816 2659 888 παρουσίᾳ
2702 815 2999 887 βεϐαιῶσαι
3026 814 3153 878 τοῦς
3192 814 3456 885 μαθητάς.
3501 810 3780 877 Ἰουδαῖος

2118 903 2183 958 δέ
2227 920 2336 970 τις,
2383 903 2570 974 φησὶν,
2618 901 2915 967 Ἀπολλὼς
2965 900 3229 969 ὀνόματι,
3280 900 3657 969 κατήντησεν
3693 901 3780 964 είς

2122 992 2410 1061 Ἔφεσον,
2453 989 2711 1055 δυνατὸς
2763 987 2848 1042 ὢν
2886 988 2955 1043 ἐν
2984 987 3114 1054 ταῖς
3151 985 3437 1056 Γραφαῖς.
3485 989 3782 1057 Διεγηγερ-

2123 1078 2284 1149 μένος
2336 1073 2405 1149 ἦν
2456 1078 2486 1130 ὁ
2540 1076 2822 1147 ἄνθρωπος
2842 1092 2858 1108 ο
2905 1073 2986 1128 διὸ
3035 1073 3129 1129 καὶ
3164 1072 3471 1144 ἀποδημίας
3509 1072 3789 1126 στέλλεται

2122 1163 2261 1234 ὑπὲρ
2286 1162 2476 1217 τούτου
2515 1162 2705 1218 αὑτοῦ.
2751 1162 2856 1227 ’ος
2900 1160 3403 1230 παραγενόμενος,
3456 1158 3642 1227 φησὶν,
3696 1160 3782 1224 εἷς

2134 1250 2392 1320 Ἀχαΐαν,
2432 1250 2693 1313 εὐτόνως
2742 1248 3247 1317 διακατηλέγχετο
3289 1245 3414 1312 τοῖς
3475 1243 3784 1311 Ἰουδαίοις

2121 1335 2404 1405 δημοσίᾳ.
2431 1336 2567 1416 Περὶ
2594 1335 2785 1389 τούτου
2823 1336 3050 1406 γράφων
3090 1333 3263 1403 ἔλεγε·
3296 1332 3438 1402 Περὶ
3469 1331 3538 1386 δέ
3580 1332 3786 1386 Ἀπολ-

2121 1424 2209 1479 λὼ
2235 1424 2343 1479 τοῦ
2375 1423 2662 1494 ἀδελφοῦ.
2685 1423 2774 1494 Τῷ
2796 1423 2894 1494 μὲν
2925 1419 3016 1478 οὖν
3044 1423 3280 1495 δημοσίᾳ
3300 1421 3454 1495 [504]
3470 1421 3731 1492 ἐλέγχειν,
3748 1422 3782 1491 ή

2124 1513 2404 1585 παρρησία
2430 1512 2721 1567 ἐδείκνυτσ
2755 1513 2832 1582 τῷ
2851 1512 2909 1565 δὲ
2932 1512 3183 1580 εὐτόνως,
3207 1514 3241 1584 ή
3263 1512 3491 1583 δύναμις
3514 1510 3782 1583 ἐδηλοῦτσ

2122 1600 2203 1671 τῷ
2225 1601 2283 1654 δέ
2314 1602 2380 1654 ἐκ
2417 1601 2524 1656 τῶν
2566 1599 2725 1654 θείων
2756 1599 2990 1671 Γραφῶν
3043 1599 3421 1665 ἐπιδεικνύειν,
3441 1602 3475 1671 ή
3504 1598 3784 1671 ἐμπειρία.

2126 1685 2263 1739 υῦτε
2295 1686 2404 1757 γάρ
2432 1688 2466 1757 ή
2514 1686 2795 1758 παρρησία
2848 1703 2901 1739 τι
2949 1685 3192 1740 συντελεῖ
3213 1687 3334 1740 καθ’
3364 1684 3564 1756 ἑαυτὴν
3585 1697 3635 1751 α,
3689 1683 3788 1737 οὐκ

2124 1771 2293 1842 οὔσης
2320 1772 2622 1843 δυνάμεως,
2651 1769 2775 1826 οὗτε
2803 1774 2837 1843 ή
2865 1771 3113 1844 δύναμις,
3140 1773 3242 1826 οὐκ
3260 1771 3425 1845 οὔσης
3454 1770 3797 1843 παρρησίας..

2129 1861 2273 1931 Ἀρα
2298 1859 2399 1913 οὐκ
2424 1859 2549 1929 εἰκῆ
2622 1859 2856 1913 Ἀκύλαν
2889 1859 3180 1913 κατέλιπεν
3211 1860 3289 1922 είς
3345 1859 3601 1928 Ἔφεσον,
3653 1855 3790 1910 ἀλλά

2125 1945 2212 2000 διὰ
2231 1946 2324 2000 τὸν
2366 1944 2612 2000 ’Δπολλὼ
2665 1946 2806 2016 τάχα
2835 1945 2896 1999 τδ
2941 1938 3180 2017 Πνεῦμα⁶
3213 1944 3370 1999 τοῦτο
3413 1943 3800 2015 ᾡκονόμησεν,.

2126 2033 2266 2087 ὥστε
2298 2032 2644 2105 ἰσχυρότερον
2673 2034 2925 2103 ἐπιϐῆναι
2946 2035 3012 2105 τῇ
3040 2032 3308 2104 Κορίνθῳ.
3343 2033 3455 2085 Kal
3506 2031 3560 2083 τί
3589 2030 3787 2101 δήποτε

2125 2120 2303 2191 τούτῳ
2329 2120 2428 2192 μὲν
2449 2120 2602 2175 οὐδὲν
2623 2121 2900 2193 ἐποίησαν,
2924 2119 3122 2190 Παύλῳ
3150 2120 3207 2173 δὲ
3236 2118 3594 2184 ἐπιτίθενται;
3629 2117 3788 2187 "use.

2128 2226 2247 2274 σαν,
2275 2209 2358 2263 ὅτι
2377 2209 2582 2273 ἐκεῖνος
2608 2209 2638 2262 ό
2666 2209 2962 2281 κορυφαῖος
2987 2202 3074 2277 ἦν·
3110 2207 3143 2277 ἢ
3198 2207 3293 2261 καὶ
3320 2206 3402 2260 ὅτι
3433 2205 3566 2261 πολὺ
3593 2203 3654 2258 τὸ
3672 2205 3790 2257 δνο-

2130 2314 2206 2367 μα
2229 2294 2324 2350 τοῦ
2373 2293 2566 2366 ἀνδρὸς
2603 2290 2692 2366 ἦν’
2732 2296 3171 2364 Προλαϐόμενοι
3230 2292 3316 2359 δέ,
3368 2293 3557 2362 φησὶν,
3602 2287 3790 2346 αὐτὸν

2138 2383 2391 2448 Ἀκύλας
2412 2382 2514 2437 καί
2545 2382 2906 2451 Πρίσκιλλα,
2937 2380 3357 2450 ἀκριϐέστερον
3380 2377 3540 2443 αὐτῷ
3565 2375 3790 2443 ἐξέθεν-

2126 2488 2194 2527 το
2221 2471 2339 2540 τὴν
2361 2469 2470 2526 τοῦ
2500 2469 2647 2525 Θεοῦ
2697 2471 2863 2526 όδόν.
2897 2471 3040 2541 Ὅρα
3069 2469 3187 2533 πῶς
3211 2468 3391 2523 πάντα
3415 2466 3594 2520 πίστει
3625 2464 3791 2534 ἐγίνε-

2125 2577 2207 2625 το,
2258 2560 2355 2615 καὶ
2391 2557 2627 2630 οὐδαμοῦ
2657 2558 2872 2627 φθόνος,
2923 2555 3161 2627 οὐδαμοῦ
3201 2554 3491 2627 βασκανία·
3559 2551 3803 2615 Ἀκύλας·

2127 2647 2390 2714 διδάσκει,
2420 2645 2619 2718 μᾶλλον
2644 2646 2702 2699 δὲ
2725 2645 2820 2700 καὶ
2850 2637 3007 2708 οὗτος
3034 2644 3369 2698 διδάσκεται.
3390 2642 3503 2697 Kal
3530 2641 3638 2712 γὰρ
3664 2640 3793 2711 χρό-

2128 2752 2217 2788 νον
2244 2734 2393 2806 αὐτῷ
2416 2733 2800 2804 συγγενόμενοι
2838 2730 3011 2795 οὕτως
3058 2730 3430 2801 ἐδιδάχθησαν,
3458 2728 3534 2791 ὡς
3570 2728 3665 2782 καὶ
3706 2726 3797 2780 ἀλ-

2128 2815 2253 2880 λους
2282 2817 2501 2880 ἱκανοὺς
2553 2810 2693 2869 εἶναι
2735 2812 3028 2867 διδάσκειν.
3079 2810 3453 2881 Βουλομένου
3486 2809 3556 2862 δέ
3603 2808 3791 2862 αὑτοῦ

2127 2901 2405 2967 διελθεῖν,
2438 2902 2626 2973 φησὶν,
2652 2902 2741 2965 είς
2764 2898 2882 2967 τὴν
2918 2899 3172 2966 Ἀχαΐαν,
3213 2895 3457 2969 ἔγραψαν
3478 2896 3590 2959 τοῖς
3616 2894 3792 2964 μαθη-

2128 2994 2250 3056 ταῖς
2270 2990 2636 3056 ἀποδέξασθαι
2655 2989 2840 3044 αὐτόν.
2870 2988 3028 3051 Τίνος
3064 2986 3251 3041 ἐνεκεν
3304 2985 3607 3056 γράμματα
3652 2982 3792 3053 πέμ-

2130 3096 2344 3146 πουσιν,
2413 3076 2725 3150 ἐρμηνεύει·
2756 3076 2921 3144 Ἵνα,
2960 3075 3148 3147 φησὶν,
3209 3072 3401 3129 αὑτὸν
3449 3069 3792 3135 ἀποδέξων-

2130 3182 2221 3219 ται
2228 3202 2243 3219 ο

2199 3363 2308 3418 Καὶ
2334 3362 2497 3416 πόθεν
2515 3360 2671 3431 δῆλον
2688 3358 2929 3422 ἐκείνους
2946 3360 3002 3412 ἐν
3017 3356 3228 3428 Ἐφέσῳ
3244 3356 3404 3419 ὄντας
3432 3354 3494 3408 τὸ
3512 3353 3793 3426 βάπτισμα

2127 3452 2271 3524 ἔχειν
2298 3446 2583 3515 Ἰωάννους
2609 3449 2733 3502 Ὀτι
2752 3444 3117 3518 ἐρωτώμενοι,
3140 3446 3244 3511 Είς
3272 3444 3332 3497 τί
3366 3442 3813 3509 ἐϐαπτίσθητες,,

2128 3546 2233 3608 Είς
2253 3540 2321 3594 τὸ
2342 3537 2639 3603 Ἰωάννου,
2666 3532 3425 3605 λέγουσι,βὰπτισμα.Ἴσως
3444 3528 3794 3601 ἐπεδήμησαν

2126 3634 2239 3695 τοῖς
2269 3627 2662 3701 Ἰεροσολύμοις
2686 3627 2832 3693 τότε,
2862 3624 2960 3680 καὶ
2988 3624 3254 3695 ἀπῆλθον,
3288 3623 3385 3677 καὶ
3411 3621 3789 3676 ἐϐαπτίσαντοο

2126 3718 2262 3773 ἀλλά
2290 3717 2385 3772 καὶ
2419 3715 2828 3788 βαπτισθέντες,
2853 3713 2946 3768 τὸν
2980 3711 3188 3784 Ἰησοῦν
3216 3712 3316 3765 οὐκ
3338 3710 3656 3779 ἠπίσταντο.
3685 3708 3795 3760 Καὶ

2127 3806 2187 3858 οὐ
2217 3804 2366 3874 λέγει
2403 3804 2616 3867 αὐτοῖς·
2653 3800 2944 3855 Πιστεύετε
2977 3801 3058 3864 είς
3081 3799 3174 3853 τὸν
3215 3796 3462 3869 Ἰησοῦν;
3518 3794 3655 3849 ἀλλά
3701 3794 3791 3861 τίς

2124 3894 2193 3946 El
2231 3891 2473 3961 Πνεῦμα
2507 3888 2679 3960 ἅγιον
2708 3887 2990 3952 ἐλάϐετες
3044 3886 3160 3958 ᾔδει
3189 3884 3320 3956 γὰρ,
3362 3884 3445 3937 ὅτι
3476 3883 3579 3936 οὐκ
3628 3876 3791 3952 εῐχον.

2128 3977 2240 4032 Kal
2269 3976 2515 4049 βούλεται
2542 3974 2738 4038 αὐτοὺς
2762 3974 2959 4040 εἰπεῖν,
3001 3972 3088 4025 ἵνα
3140 3970 3404 4042 μαθόντες
3457 3961 3533 4023 ὧν
3564 3967 3796 4022 ἀπεστέ-

2133 4081 2344 4137 ρηνται,
2405 4063 2692 4133 αἰτήσωσι.
2727 4060 2837 4115 Καί
2877 4058 3185 4124 ἐπιθέντος
3232 4055 3456 4121 αὐτοῖς,
3503 4055 3655 4126 φησὶ,
3690 4055 3794 4119 τὰς

2128 4153 2330 4223 χεῖρας
2366 4151 2474 4205 τοῦ
2521 4151 2789 4214 Παύλου,
2826 4143 2975 4217 ἦλθε
3002 4146 3067 4199 τὸ
3095 4144 3340 4214 Πνεῦμα
3386 4141 3453 4195 τὸ
3492 4141 3660 4223 ἅγιον
3699 4142 3790 4194 ἐπ’

2128 4220 2373 4304 αὐτοὺς,
2416 4238 2514 4292 καί
2543 4236 2808 4291 ἐλάλουν
2853 4233 3184 4305 γλώσσαις,
3212 4231 3309 4284 καί
3361 4220 3788 4297 προεφῆτευον.

2141 4325 2263 4381 Ἀπ’
2293 4323 2456 4377 αὐτοῦ
2482 4322 2576 4375 τοῦ
2605 4321 2980 4393 βαπτίσματος
3007 4316 3430 4389 προφητεύουσι.
3462 4312 3633 4367 Τοῦτο
3652 4314 3707 4367 δὲ
3733 4315 3795 4367 τὸ

2141 4412 2390 4468 Ἰωάννου
2425 4408 2707 4481 βάπτισμα
2733 4409 2834 4462 οὐκ
2866 4402 2999 4478 εἶχε·
3035 4404 3116 4459 διὸ
3157 4404 3253 4457 καὶ
3302 4402 3489 4466 ἀτελὲς
3529 4397 3617 4472 ἦν.
3677 4401 3797 4456 Ἵνα

2129 4502 2186 4556 δὲ
2209 4500 2317 4554 τῶν
2345 4496 2600 4552 τοιούτων
2626 4494 2921 4561 ἀξιωθῶσι,
2950 4491 3439 4565 προπαρεσκεύαζε
3468 4488 3667 4560 μᾶλλον
3693 4488 3793 4542 αύ-

2128 4589 2275 4652 τούς.
2300 4587 2461 4641 Ὥστε
2486 4583 2644 4638 τοῦτο
2670 4582 2920 4636 ἐϐούλετο
2961 4581 3215 4651 Ἰωάννης
3250 4577 3546 4649 βαπτίζων,
3577 4573 3794 4628 πιστεῦ-

2133 4693 2224 4729 σαι
2244 4676 2325 4738 είς
2351 4674 2445 4728 τὸν
2468 4672 2762 4744 ἐρχόμενον
2791 4670 2906 4742 μετ’
2947 4668 3133 4722 αὐτόν.
3198 4664 3476 4721 Ἐντεῦθεν
3522 4662 3793 4716 δείκνυται

2097 4764 2308 4836 ,δόγμα
2343 4760 2507 4834 μέγα,
2536 4759 2618 4814 ὄτι
2664 4758 2884 4821 τελείως
2930 4755 3284 4826 καθαίρονται
3323 4752 3431 4807 τῶν
3462 4749 3792 4836 ἁμαρτημά-

2130 4867 2240 4905 των
2289 4851 2340 4904 οί
2391 4846 2797 4919 βαπτιζόμενοι.
2831 4845 2895 4897 Εἰ
2936 4843 3013 4915 μὴ
3044 4842 3153 4913 γὰρ
3185 4839 3560 4910 ἐκαθαίροντο,
3590 4836 3689 4890 οὐκ
3727 4834 3808 4888 ἂν.

2131 4938 2193 4990 τὸ
2246 4934 2470 5006 Πνεῦμα
2531 4933 2777 5003 ἐδέχοντο
2809 4924 2975 4995 οῦτοι,
3012 4929 3110 4982 οὐκ
3155 4927 3222 4981 ἂν
3255 4923 3606 5006 χαρισμάτων
3633 4921 3793 4982 εὐθὺς

2131 5003 2408 5094 ὴξιοῦντοξ
2443 5019 2552 5073 Καὶ
2581 5020 2706 5090 ὅρα,
2768 5019 2848 5072 ὅτι
2899 5013 3119 5069 διπλοῦν
3155 5012 3217 5066 τὺ
3259 5011 3522 5094 χάρισμα
3566 5003 3656 5079 ἦν,
3701 5007 3793 5060 καὶ

2132 5093 2375 5181 γλῶσσαι
2403 5108 2497 5162 καὶ
2519 5107 2865 5179 προφητεῖαι.
2894 5102 3093 5165 Καλῶς
3123 5100 3181 5154 δέ
3230 5093 3351 5152 εἷπε
3389 5096 3669 5167 βάπτισμα
3701 5110 3794 5164 με-

2130 5196 2348 5260 τανοίας
2366 5194 2427 5248 τὸ
2465 5194 2733 5257 Ἰωάννου,
2787 5192 2880 5245 καὶ
2906 5191 3006 5243 οὐκ
3032 5188 3304 5259 ἀφέσεως,
3339 5183 3557 5251 ἀνάγων
3600 5181 3795 5243 αὐτοὺς

2133 5285 2228 5339 καὶ
2251 5282 2475 5347 πείθων,
2497 5281 2579 5334 δτι
2604 5279 2793 5333 τούτου
2830 5278 3035 5350 ἔρημον
3062 5271 3131 5347 ἦν
3159 5276 3351 5328 ἐκείνω
3385 5268 3481 5323 τοῦ
3503 5268 3613 5338 γὰρ
3635 5266 3792 5320 ὔστε-

2136 5389 2229 5443 ρον
2256 5369 2503 5432 δοθέντος
2534 5367 2692 5440 ἐργον
2711 5369 2744 5437 ἡ
2773 5366 2964 5433 ἄφεσις
2995 5363 3205 5432 γέγονε.
3257 5358 3367 5411 Kal
3398 5356 3515 5420 πῶς
3533 5357 3583 5408 οἱ
3603 5353 3794 5443 λαϐόνέ

2132 5442 2223 5523 τες
2250 5458 2311 5512 τὸ
2361 5456 2584 5524 Πνεῦμα
2610 5455 2709 5507 οὐκ
2740 5452 3037 5516 ἐδίδασκον,
3067 5448 3183 5504 ἀλλ’
3220 5444 3491 5507 Ἀπολλὼς
3519 5444 3685 5513 μήπω
3732 5442 3793 5494 τὸ

2134 5546 2357 5618 Πνεῦμα
2393 5543 2605 5608 λαϐών;
2633 5543 2756 5593 Ὅτι
2784 5538 2884 5591 οὐκ
2906 5532 3045 5607 ἦσαν
3077 5532 3217 5587 οὕτω
3242 5530 3475 5597 ζέοντες,
3504 5529 3622 5582 οὐδὲ
3659 5545 3790 5581 κατ-

2137 5652 2239 5707 ηχη
2249 5615 2416 5704 μένοιο
2431 5630 2634 5691 ἐκεῖνος
2645 5626 2701 5680 δέ
2724 5624 2819 5680 καὶ
2835 5620 3206 5693 κατηχημένος
3223 5615 3409 5689 ἦν,κα”ί
3423 5617 3622 5688 σφόδρα
3636 5615 3790 5681 ζέων.

2200 5903 2216 5925 ⁸
2240 5903 2394 5951 Lm-us
2418 5900 2544 5962 apud
2583 5896 2747 5948 Monu‘.
2772 5895 2932 5962 aquua
2968 5896 3110 5958 parte
3130 5890 3333 5942 mutilus
3366 5900 3429 5938 ex
3465 5885 3621 5935 tribus
3652 5882 3786 5932 codd.

2145 5970 2195 6015 cl
2221 5966 2365 6014 Sun-il.
2395 5959 2655 6014 rcSlilutljs
2679 5964 2773 6012 cst.
2798 5959 2945 6013 Enn."
