4108 6172
364 301 470 358 285

378 413 531 482 Ἐμοὶ
555 411 612 468 δὲ
631 412 886 480 δοκεῖ,ὄτι
910 412 1002 467 καὶ
1025 411 1192 485 πολλὴ
1223 409 1290 485 ἦν
1313 415 1345 486 ἠ
1384 413 1662 484 παρρησία
1697 410 1791 465 τοῦ
1816 408 2024 479 ἀνδρός.

375 497 462 551 Ἃ)
474 499 577 554 λέί
598 502 691 554 καὶ
707 501 947 572 ἀκριϐῶς
965 499 1140 554 ἐλάλει
1159 501 1226 553 τὰ
1243 504 1370 572 περὶ
1381 500 1474 553 τοῦ
1492 499 1684 568 Ἰησοῦ,
1698 500 1847 569 ὅμως
1861 497 2031 550 ἐδεῖτο

368 585 448 640 ἔτι
487 588 881 661 ἀκριϐεστέρας
928 590 1293 653 διδασκαλίας.
1327 589 1484 643 Οὐτω
1529 588 1704 643 καίτοι
1729 586 1829 640 οὐκ
1875 583 2029 648 εἰδὼς

369 673 564 740 πάντα,
598 676 706 730 ἀπὸ
741 678 843 747 τῆς
889 677 1196 750 προθυμίας
1225 674 1573 731 ἐπεσπάσατο
1604 675 1663 728 τὸ
1705 673 1933 745 Πνεῦμα
1973 675 2033 725 τὸ

366 760 541 828 ἅγιον,
571 763 823 835 καθάπερ
850 765 899 818 οἱ
927 767 1056 837 περὶ
1087 766 1408 836 Κορνήλιον.
1435 765 1588 834 Τάχα
1620 761 1805 815 πολλοὶ
1833 760 2030 814 ποθοῦ-

366 863 470 910 σιν,
499 851 546 902 εξ
596 851 688 904 καὶ
726 852 820 904 νῦν
845 848 934 924 ἦν,
967 853 1026 906 τὸ
1074 852 1168 906 τοῦ
1227 853 1472 907 Ἰωάννου
1503 852 1804 922 βάπτισμα.
1871 848 2032 902 Ἀλλὰ

364 934 549 990 πολλοὶ
582 937 648 991 ἂν
666 939 950 1010 ἠμέλησαν
982 939 1095 1010 βίου
1152 940 1428 1012 ἐναρέτου,
1470 939 1503 1011 ἢ
1534 940 1626 992 καὶ
1651 936 1912 1009 ἐνομίσθη
1965 937 2030 992 ἂν

360 1022 591 1088 ἕκαστος
621 1024 774 1097 [505]
803 1026 891 1080 διὰ
926 1027 1084 1080 τοῦτο
1116 1039 1164 1091 α,
1203 1027 1296 1081 καὶ
1317 1027 1376 1080 οὐ
1406 1028 1492 1081 διὰ
1543 1026 1818 1096 βασιλείαν
1863 1025 2026 1096 ούρα-

360 1109 494 1175 νῶν,
531 1113 780 1181 ἐφίεσθαι
809 1113 910 1184 τῆς
934 1114 1375 1187 ἀρετῆς.”Αλλως
1403 1115 1460 1168 δέ
1487 1113 1671 1168 πολλοὶ
1691 1113 1756 1168 ἂν
1784 1113 2029 1183 ἐγένοντο

358 1197 825 1270 ψευδοπροφῆται,
886 1202 980 1256 καὶ
1025 1203 1126 1256 οὐκ
1159 1202 1223 1256 ἂν
1253 1201 1437 1256 λοιπὸν
1464 1203 1512 1255 οί
1565 1201 1780 1271 δόκιμοι
1827 1199 2029 1270 σφόδρα

361 1286 662 1356 ἐφάνησαν,
711 1289 821 1344 οὐδ’
848 1288 915 1343 ἂν
948 1289 1401 1361 ὲμακαρίσθησαν
1434 1290 1480 1342 οί
1512 1288 1610 1359 τὴν
1636 1289 1817 1342 πίστιν
1842 1288 2029 1351 ἁπλῶς

359 1372 813 1444 παραδεξάμενοι.
875 1377 1085 1448 Ὥσπερ
1138 1372 1230 1430 οὖν
1259 1379 1326 1430 Οἱ
1371 1375 1457 1446 μὴ
1493 1377 1723 1442 ἰδόντες
1777 1376 1876 1430 καί
1933 1391 2028 1428 πι-

359 1461 730 1527 στεύσαντες
779 1463 1078 1533 μακάριοι,
1133 1465 1305 1528 οὕτως
1337 1465 1386 1518 οί
1436 1466 1605 1536 χωρὶς
1642 1464 1884 1534 σημείων
1934 1481 2024 1515 πι-

360 1544 660 1612 στεύοντες.
686 1551 819 1603 Είπέ
847 1551 911 1622 δή
951 1569 1062 1622 μοι,
1090 1551 1189 1606 οὐκ
1231 1551 1502 1616 ὀνειδίζων
1543 1551 1812 1614 Ἰουδαίοις
1842 1550 2025 1619 ἔλεγεν

355 1635 383 1690 0
414 1635 668 1707 Χριστός·
720 1637 858 1692 Ἐὰν
875 1637 962 1708 μὴ
984 1639 1205 1708 σημεῖα
1236 1638 1420 1707 ἴδητε,
1470 1641 1542 1694 οὺ
1574 1639 1661 1709 μὴ
1693 1640 2025 1709 πιστεύση-

353 1740 455 1790 τε;
484 1725 691 1780 Οὐκοῦν
724 1725 874 1782 οὐδὲν
899 1727 1344 1800 παρεϐλάϐημεν,
1381 1729 1429 1781 εἰ
1455 1728 1705 1798 θέλοιμεν
1735 1729 2022 1799 προσέχειν

355 1811 589 1877 ἑαυτοῖς.
623 1814 696 1867 Τὺ
723 1815 1015 1884 κεφάλαιον
1045 1815 1240 1887 ἔχομεν
1267 1815 1377 1869 τῶν
1426 1815 1651 1884 ἀγαθῶν
1677 1814 1762 1868 διά
1792 1815 1885 1868 τοῦ
1923 1815 2020 1885 βα-

355 1900 678 1971 πτίσματος·
717 1904 912 1974 ἄφεσιν
946 1905 1360 1977 ἁμαρτημάτων
1414 1903 1700 1975 ἐλάϐομεν,
1730 1894 2019 1976 ἁγιασμὸν,

353 1987 670 2058 Πνεύματος
723 1992 1069 2064 μετάληψιν,
1130 1993 1424 2058 υἱοθεσίαν,
1467 1991 1611 2064 ζωὴν
1665 1993 1900 2048 αἰώνιον.
1958 1994 2021 2048 Τί

353 2073 606 2143 βούλεσθε
642 2078 848 2146 πλέον;
907 2083 1146 2151 σημεῖα;
1195 2079 1355 2134 Ἀλλά
1409 2082 1784 2152 καταργεῖται.
1835 2081 2022 2136 Πίστιν

352 2161 516 2233 ἔχεις,
542 2164 752 2228 ἐλπίδα,
776 2167 1020 2238 ἀγάπην,
1051 2167 1122 2220 τὰ
1154 2168 1405 2238 μένοντα·
1435 2168 1606 2222 ταῦτα
1648 2169 1821 2239 ζήτει,
1850 2169 2023 2223 ταῦτα

354 2251 594 2319 σημείων
619 2252 813 2323 μείζω.
847 2254 1013 2308 Οὐδὲν
1043 2255 1264 2326 ἀγάπης
1288 2255 1423 2309 ἴσον·
1453 2254 1678 2316 Μείζων
1717 2257 1958 2311 πάντων
1980 2260 2018 2328 ἡ

351 2337 577 2406 ἀγάπη,
613 2341 767 2410 φησί.
806 2341 924 2395 Νῦν
951 2342 1008 2396 δέ
1032 2345 1066 2414 ἡ
1124 2344 1309 2415 ἀγάπη
1363 2345 1676 2399 κινδυνεύει·
1713 2346 1881 2416 ὄνομα
1913 2347 2020 2418 γάρ

351 2425 523 2496 αὐτῆς
553 2428 939 2484 ὑπολέλειπται
993 2431 1174 2502 μόνον,
1204 2431 1265 2486 τὸ
1305 2433 1362 2487 δὲ
1391 2432 1553 2506 ἔργον
1599 2432 1856 2506 οὐδαμοῦ,
1882 2434 2018 2489 ἀλλὰ

350 2511 659 2586 διηρήμεθα
685 2517 782 2570 ἀπ’
822 2517 1085 2589 ἀλλήλων.

420 2609 489 2671 γ’.
509 2603 574 2656 Τί
596 2600 688 2658 οὖν
717 2606 784 2660 ἄν
813 2623 898 2671 τις
915 2607 1211 2679 ἐργάσαιτο
1235 2607 1375 2662 ὥστε
1401 2607 1630 2677 συνάψαι
1653 2625 1667 2674 ;
1698 2607 1759 2662 τὸ
1787 2610 1885 2680 μὲν
1910 2609 2019 2681 γὰρ

348 2689 644 2758 ἐγκαλέσαι
696 2691 938 2760 εῦκολον,
972 2695 1107 2750 ἀλλά
1160 2695 1320 2751 τοῦτο
1379 2697 1550 2768 ἥμισύ
1583 2698 1753 2752 ἐστιν.
1808 2698 2018 2753 Οὐκοῦν

347 2781 616 2837 δεικνύναι
640 2784 722 2838 δεῖ
756 2783 874 2849 πῶς
902 2785 967 2839 ἂν
1005 2787 1301 2859 ἐργασθείη
1347 2787 1519 2858 φιλία·
1550 2785 1709 2842 τοῦτο
1741 2787 1850 2858 γάρ
1899 2789 2017 2844 ἐστι

345 2872 407 2924 τὸ
441 2873 896 2946 σπουδαζόμενον,
929 2876 1045 2939 πῶς
1075 2875 1144 2930 τά
1185 2877 1325 2946 μέλη
1367 2877 1438 2930 τά
1462 2877 1840 2947 διεσπασμένα
1895 2893 2016 2930 συν-

345 2961 666 3031 αγάγωμεν.
704 2964 778 3016 Οὐ
823 2963 933 3035 γάρ
964 2963 1122 3018 τοῦτό
1159 2965 1276 3018 ἐστι
1325 2965 1385 3018 τὸ
1435 2964 1767 3036 ζητούμενον
1808 2965 2016 3030 ἁπλῶς,

345 3049 394 3101 εί
431 3049 558 3118 μίαν
599 3050 926 3122 Ἐκκλησίαν
965 3050 1180 3122 ἔχομεν,
1221 3051 1255 3122 ἢ
1305 3051 1363 3103 ἓν
1395 3052 1574 3122 δόγμα
1603 3069 1616 3083 ·
1649 3051 1786 3105 ἀλλά
1818 3052 1880 3105 τὸ
1907 3053 2016 3106 δει-

345 3135 435 3188 νὺν
466 3135 623 3189 τοῦτό
676 3139 856 3202 ἐστιν,
907 3138 989 3190 ὅτι
1043 3140 1101 3191 ἐν
1145 3141 1258 3202 τοῖς
1294 3138 1476 3202 ἄλλοις
1509 3138 1890 3204 κοινωνοῦντες
1919 3141 2016 3195 ἀλ-

345 3222 550 3294 λήλοις,
599 3225 657 3278 ἐν
703 3227 817 3288 τοῖς
868 3226 1189 3295 ἀναγκαίοις
1230 3226 1290 3279 οὐ
1322 3225 1708 3298 κοινωνοῦμεν,
1745 3228 1841 3282 καὶ
1879 3229 2016 3299 μετά

346 3312 564 3366 πάντων
619 3313 990 3384 είρηνεύοντες
1019 3355 1034 3381 ,
1081 3314 1140 3368 ἐν
1182 3314 1433 3386 ἀλλήλοις
1488 3315 1872 3386 στασιάζομεν.
1923 3317 2014 3388 Μὴ

343 3400 472 3472 γὰρ,
508 3403 557 3454 εί
587 3401 661 3472 μὴ
689 3402 867 3472 μάχας
896 3401 1019 3456 καθ’
1041 3403 1278 3474 ἑκάστην
1320 3403 1601 3472 ποιοῦμεν,
1656 3404 1868 3469 σκόπει,
1899 3405 2013 3459 ἀλλ’

344 3486 427 3539 ὅτι
484 3487 605 3540 οὐδὲ
639 3487 860 3558 ἀγάπην
916 3488 1144 3557 γνησίαν
1178 3489 1374 3561 ἔχομεν
1405 3489 1498 3543 καὶ
1543 3489 1758 3558 ἀκλινῆ.
1803 3490 2013 3544 Ἐπιδέ-

348 3589 500 3643 σμων
542 3574 700 3648 χρεία
753 3576 849 3628 καὶ
899 3575 1101 3629 ἐλαίου.
1145 3576 1539 3647 Ἔννοήσωμεν,
1594 3577 1676 3630 ὅτι
1727 3577 2016 3650 γνώρισμά

343 3661 492 3713 ἐστιν
519 3662 552 3731 ἡ
577 3661 764 3732 ἀγάπη
790 3662 899 3716 τῶν
931 3662 1190 3734 μαθητῶν
1237 3663 1330 3718 τοῦ
1377 3664 1637 3738 Χριστοῦ,
1673 3666 1755 3720 ὅτι
1810 3665 2014 3738 ταύτης

344 3751 516 3822 χωρὶς
538 3749 691 3803 οὐδὲν
733 3750 905 3820 ἰσχύει
941 3751 1010 3804 τὰ
1043 3751 1195 3806 ἄλλα·
1230 3751 1310 3806 δτι
1365 3751 1565 3808 άπονόν
1607 3756 1722 3808 ἐστι
1758 3756 2012 3826 πρᾶγμα,

344 3838 438 3892 ἐάν
471 3838 732 3908 θέλωμεν.
793 3839 918 3906 Ναὶ,
974 3842 1158 3910 φησὶν,
1191 3839 1412 3912 οἴδαμεν
1457 3841 1650 3906 ταῦτα,
1687 3843 1821 3898 ἀλλά
1871 3843 2011 3912 πῶς,

345 3927 434 3980 ἴνα
471 3927 828 3998 κατορθωθῇ;
889 3929 978 3992 Τί,
1005 3929 1092 3982 ἵνα
1120 3929 1382 4000 γένηται;
1436 3931 1576 3995 πῶς,
1628 3932 1714 3984 ’ίνα
1771 3932 2012 4003 φιλῶμεν

343 4014 640 4085 ἀλλήλους;
682 4015 957 4088 Πρότερον
985 4015 1052 4070 τά
1084 4016 1403 4088 ἀναιρετικά
1435 4020 1534 4088 τῆς
1571 4018 1792 4090 ἀγάπης
1820 4018 2012 4083 ἐξέλω-

344 4120 464 4176 μεν,
496 4103 588 4158 καὶ
615 4103 736 4157 τότε
763 4105 1033 4177 στήσομεν
1063 4104 1286 4174 ταύτην.
1318 4105 1525 4177 Μηδεὶς
1578 4105 1718 4159 ἔστω
1747 4107 2014 4178 μνησίκα-

341 4207 457 4256 κος,
489 4190 674 4262 μηδεὶς
697 4191 838 4244 ἔστω
869 4192 1158 4263 βάσκανος,
1205 4192 1398 4263 μηδεὶς
1451 4183 1802 4264 χαιρέκακος·
1836 4193 2012 4248 ταῦτά

340 4280 457 4332 ἐστι
509 4278 574 4332 τά
615 4279 928 4333 κωλυτικά·
961 4280 1028 4335 τὰ
1072 4280 1130 4334 δὲ
1179 4279 1440 4352 ποιητικά
1486 4281 1667 4353 ἕτερα.
1711 4281 1824 4334 Οὐκ
1853 4281 2014 4352 ἀρκεῖ

339 4367 408 4420 τά
441 4366 718 4421 κωλύοντα
771 4368 1001 4433 ἀνελεῖν,
1061 4369 1197 4423 ἀλλά
1242 4370 1335 4422 καὶ
1362 4368 1430 4423 τὰ
1483 4368 1712 4423 ἱστῶντα
1745 4370 1851 4440 χρὴ
1877 4371 2012 4423 ὑπο-

339 4454 632 4510 δεικνύναι.
676 4456 735 4510 Ὀ
793 4458 892 4528 μὲν
945 4453 1038 4511 οῦν
1099 4457 1271 4529 Σιράχ
1327 4457 1475 4525 λέγει
1529 4457 1597 4511 τά
1646 4458 2006 4529 ἀναιρετικά,

339 4545 435 4597 καλ⁸
483 4545 584 4598 οὐκ
627 4544 708 4598 ἔτι
756 4546 822 4598 τά
871 4545 1249 4608 συνάπτοντα,
1285 4544 1592 4614 ὀνειδισμὸν
1643 4545 1870 4614 φάσκων
1915 4548 2009 4600 καὶ

343 4631 643 4702 μυστηρίου
703 4631 1048 4700 ἀποκάλυψιν
1077 4630 1170 4684 καὶ
1226 4629 1440 4700 πληγὴν
1471 4631 1671 4684 δολίαν.
1742 4632 1882 4684 Ἀλλ’
1921 4633 2007 4688 ἐπ’

338 4719 564 4772 ἐκείνων
584 4718 682 4787 μὲν
699 4717 922 4781 εἰκότως
943 4717 1134 4779 ταῦτα,
1152 4718 1246 4771 ἅτε
1259 4717 1535 4786 σαρκικῶν
1547 4718 1736 4774 ὄντων’
1753 4721 2008 4792 ἐφ’ήμῶν

337 4805 392 4859 δὲ
420 4805 496 4876 μὴ
522 4805 748 4873 γένοιτο·
779 4804 879 4857 οὐκ
903 4804 1010 4858 ἀπὸ
1042 4803 1248 4858 τούτων
1271 4805 1414 4874 ὑμᾶς
1440 4805 1724 4876 ἐνάγομεν,
1753 4805 1867 4860 ἀλλ’
1900 4809 2008 4864 ἀπὸ

337 4893 446 4948 τῶν
472 4893 666 4947 ἄλλων.
691 4891 855 4946 Οὐδὲν
885 4893 1016 4961 ἡμῖν
1037 4893 1152 4946 ἐστι
1174 4893 1408 4964 χρηστὸν
1431 4892 1614 4963 φιλίας
1630 4893 2009 4965 χωρίς.Ἔστω

342 4983 513 5054 μυρία
560 4979 761 5050 ἀγαθὰ,
817 4980 952 5034 ἀλλά
983 4981 1036 5034 τί
1063 4980 1123 5034 τὸ
1150 4981 1374 5050 δφελος;
1405 4981 1546 5034 ἔστω
1589 4980 1832 5047 πλοῦτος,
1869 4982 2009 5039 ἔστω

339 5071 521 5142 τρυφὴ
567 5070 736 5140 φίλων
764 5069 933 5140 χωρὶς
968 5069 1017 5134 ι),
1046 5069 1180 5123 ἀλλά
1205 5069 1260 5122 τί
1285 5069 1346 5123 τὸ
1376 5069 1603 5141 κέρδος;
1636 5071 1800 5127 Οὐδὲν
1822 5073 2008 5145 κτῆμα

337 5158 530 5212 τούτου
557 5158 777 5212 κάλλιον
799 5156 893 5210 καὶ
923 5159 981 5210 ἐν
999 5160 1112 5220 τοῖς
1145 5156 1420 5226 βιωτικοῖς
1441 5159 1782 5229 πράγμασιν,
1819 5159 2007 5236 ὥσπερ

337 5243 432 5302 οῦν
485 5245 592 5300 τῶν
630 5245 1024 5318 ἐχθραινόντων
1057 5245 1207 5297 οὐδὲν
1231 5244 1629 5318 χαλεπώτερον.
1661 5247 1877 5318 Ἀτάπη
1911 5266 2010 5303 κα-

338 5333 550 5387 λύπτει
577 5331 807 5401 πλῆθος
829 5330 1276 5402 ἁμαρτημάτων·
1311 5331 1421 5403 ήδέ
1458 5330 1626 5404 ἔχθρα
1674 5333 1767 5387 καὶ
1790 5333 1858 5387 τὰ
1908 5336 2010 5388 οὐκ

338 5421 468 5474 ὄντα
504 5421 821 5477 ὑποπτεύει.
855 5421 969 5474 Οὐκ
999 5419 1161 5491 ἀρκεῖ
1201 5418 1275 5490 μὴ
1320 5414 1456 5472 εἶναι
1490 5419 1705 5492 ἐχθρὸν,
1757 5420 1893 5474 ἀλλά
1930 5422 2010 5476 δεῖ

339 5508 434 5562 καὶ
481 5507 632 5580 [506]
688 5509 883 5576 φιλεῖν.
929 5507 1230 5578 Ἐννόησον,
1267 5508 1349 5561 ὅτι
1399 5509 1428 5560 0
1465 5507 1698 5578 Χριστὸς
1731 5507 2006 5574 ἐκέλευσε,

343 5597 434 5648 καὶ
454 5597 614 5666 ἀρκεῖ
633 5595 810 5650 τοῦτο.
845 5596 957 5649 Καὶ
983 5594 1159 5664 θλῐψις
1189 5597 1334 5648 ποιεῖ
1374 5595 1575 5664 φιλίας,
1611 5596 1707 5648 καὶ
1763 5596 2004 5663 συνάγει.

342 5681 406 5733 Τί
435 5677 548 5745 οὖν,
580 5683 733 5750 φησὶ,
766 5681 877 5745 νῦν,
913 5683 1000 5734 ὅτε
1029 5681 1203 5751 θλῖψις
1227 5683 1326 5735 οὐκ
1347 5681 1529 5748 ἔστιν;
1565 5680 1706 5744 εἰπὲ,
1732 5681 1870 5746 πῶς,
1921 5683 2007 5736 ἵνα

406 5880 431 5952 ⁸⁵
448 5879 652 5952 ριιίάαιιι
677 5895 790 5930 mss.
819 5883 1034 5952 ἐναρέτου
1115 5885 1202 5938 κὸιν
1239 5888 1459 5952 ἐνομίσθη
1485 5889 1698 5942 ἕκαστος.
1736 5889 1823 5936 Διὰ
1848 5889 1985 5939 τοῦτο

345 5942 370 5983 ι
401 5943 604 6007 Quidam
646 5956 780 6003 mss.,
809 5942 951 6004 τριφή
999 5945 1150 6005 φιλίας
1171 5942 1337 6011 χωρίξ,

1141 303 1198 358 8.
1242 302 1528 358 JOANNIS
1559 299 2050 358 CIIRYSOSTUMI
2090 300 2404 358 AHCIIIEP.
2447 303 2992 363 CONSTANTINOP.

3698 307 3810 360 280

2136 408 2419 482 γενώμεθα
2447 415 2622 484 φίλοι;
2665 417 2779 470 Οὐκ
2824 416 2976 487 ἔχετε
3011 413 3197 484 φίλους
3256 415 3470 478 ἄλλους.
3521 416 3642 472 είπέ
3680 438 3814 491 μοις

2138 496 2254 560 πῶς
2282 500 2460 554 αὐτῶν
2511 504 2637 556 ἐστε
2673 503 2852 572 φίλοι;
2916 503 3034 567 πῶς
3065 502 3383 572 διαμένετε;
3418 503 3569 570 Τέως
3619 508 3816 578 μηδεὶς

2141 584 2344 655 μηδένα
2400 588 2594 659 ἐχθρὸν
2643 589 2832 660 ἐχέτω·
2873 590 2973 644 οὐκ
3005 589 3120 644 ἐστι
3175 589 3334 643 τοῦτο
3365 590 3582 661 μικρόν·
3619 593 3816 664 μηδεὶς

2134 673 2418 741 φθονείτω·
2451 677 2551 730 οὐκ
2573 677 2650 731 ἔνι
2679 678 2772 731 τὸν
2799 678 2873 750 μὴ
2909 678 3210 748 φθονοῦντα
3256 681 3606 751 κατηγορεῖν.
3660 681 3812 736 Μίαν

2131 761 2388 832 οἰκοῦμεν
2438 765 2767 835 οἰκουμένην
2806 767 3064 832 ἅπαντες,
3118 767 3231 829 τοῖς
3273 767 3457 828 αὐτοῖς
3493 768 3811 838 τρεφόμεθα

2130 850 2382 918 καρποῖς.
2433 850 2592 905 Ἀλλά
2623 850 2796 906 ταῦτα
2833 853 3024 924 μικρά·
3073 854 3187 916 τοῖς
3216 852 3401 916 αὐτοῖς
3457 856 3804 925 μυστηρίοις,

2127 935 2226 1004 τῆς
2281 936 2452 1008 αὐτῆς
2505 942 2878 1011 πνευματικῆς
2933 939 3140 1010 τροφῆς
3190 939 3556 1011 ἀπολαύομεν.
3614 942 3808 996 Ταῦτα

2129 1021 2300 1092 δήπου
2341 1026 2458 1078 ἐστὶ
2509 1025 2854 1098 δικαιώματα
2899 1025 2993 1080 τοῦ
3045 1027 3238 1093 φιλεῖν.
3276 1026 3399 1092 ΙΙῶς
3436 1024 3529 1083 οῦν
3582 1028 3806 1100 θερμῶς

2127 1108 2532 1183 διακεισόμεθα,
2567 1115 2734 1185 φησί;
2767 1115 2832 1167 Τί
2873 1116 3015 1168 ποιεῖ
3074 1115 3342 1185 σωμάτων
3383 1115 3597 1187 ἕρωτα;
3647 1118 3807 1188 Λαμ-

2128 1198 2335 1270 πρότης
2382 1198 2652 1270 σώματος.
2691 1200 2899 1255 Οὐκοῦν
2933 1202 3027 1255 καὶ
3077 1202 3174 1266 τάς
3205 1201 3383 1273 ψυχάς
3413 1203 3584 1268 καλὰς
3631 1205 3804 1276 ἐργα-

2128 1284 2371 1356 σώμεθά,
2408 1288 2504 1340 καὶ
2545 1287 2783 1359 ἐσόμεθα
2836 1287 3088 1360 ἀλλήλοις
3117 1289 3435 1360 ἐπέραστον
3468 1291 3529 1344 οὐ
3584 1291 3692 1362 γάρ
3735 1291 3799 1361 δὴ

2128 1375 2303 1444 φιλεῖν
2324 1376 2404 1430 δεῖ
2439 1377 2620 1447 μόνον,
2643 1376 2777 1431 ἀλλά
2803 1377 2898 1431 καὶ⁹
2931 1377 3221 1447 φιλεῖσθαι.
3247 1377 3470 1446 Πρῶτον
3492 1379 3649 1434 τοῦτο
3676 1399 3803 1436 κατ-

2126 1462 2477 1534 ορθώσωμεν,
2505 1465 2646 1518 ὥστε
2705 1465 2998 1533 φιλεῖσθαι,
3032 1465 3127 1518 καὶ
3174 1466 3351 1519 ἐκεῖνο
3379 1464 3600 1521 εῦκολον
3623 1467 3796 1523 ἔσται.

2127 1549 2252 1614 Πῶς
2273 1546 2364 1604 οῦν
2385 1550 2536 1606 ἔσται
2560 1553 2646 1607 ἵνα
2673 1552 2988 1623 φιλώμεθα;
3013 1551 3304 1622 Γενώμεθα
3327 1553 3502 1616 καλοὶ,
3527 1555 3799 1610 καὶτοῦτο

2124 1637 2508 1708 ἐργαζώμεθα,
2541 1639 2681 1694 ὥστε
2722 1639 2960 1710 ἐραστὰς
2999 1639 3142 1711 ἔχειν
3169 1642 3272 1696 ἀεί.
3327 1642 3534 1712 Μηδεὶς
3567 1645 3798 1698 σπουδα-

2126 1725 2263 1789 ζέτω
2285 1726 2358 1798 μὴ
2395 1728 2651 1798 χρήματα
2689 1727 2944 1792 κτᾶσθαι,
3002 1727 3077 1800 μὴ
3109 1728 3438 1800 ἀνδράποδα,
3468 1731 3544 1801 μὴ
3595 1733 3794 1796 οἰκίας,

2124 1814 2200 1877 ὡς
2231 1814 2292 1867 τὸ
2324 1815 2617 1884 φιλεῖσθαι,
2675 1814 2750 1878 ὡς
2787 1815 2959 1885 ὄνομα
3015 1814 3253 1888 χρηστὸν
3305 1816 3468 1887 ἔχειν.
3517 1818 3798 1886 Κρεῖττον

2125 1900 2334 1970 ὄνομα,
2383 1902 2420 1969 ἣ
2449 1901 2712 1970 πλοῦτος
2761 1903 2980 1965 πολύς.
3024 1904 3096 1957 Τὸ
3125 1903 3223 1975 μὲν
3271 1904 3382 1977 γάρ
3442 1905 3614 1977 μένει,
3663 1907 3692 1958 0
3736 1907 3795 1960 δὲ

2123 1987 2440 2044 ἀπόλλυται·
2501 1988 2596 2042 καὶ
2649 1989 2708 2042 τὸ
2745 1989 2846 2061 μὲν
2877 1990 3105 2046 δυνατὸν
3137 1991 3471 2062 κτήσασθαι,
3511 1994 3685 2046 ἐκεῖνο
3733 1994 3792 2048 δὲ

2121 2076 2403 2132 ἀδύνατον.
2446 2077 2504 2131 '0
2533 2077 2632 2149 μὲν
2659 2076 2769 2151 γὰρ
2813 2079 3056 2151 πονηράν
3091 2079 3248 2144 δόξαν
3274 2079 3476 2146 λαϐὼν,
3521 2081 3795 2146 δυσκόλως

2121 2163 2288 2236 αὐτὴν
2314 2164 2669 2236 ἀποθήσεται·
2695 2168 2724 2219 0
2757 2165 2812 2220 δὲ
2837 2167 3002 2238 πένης
3035 2167 3246 2238 ταχέως
3277 2167 3385 2221 ἀπὸ
3412 2167 3507 2221 τοῦ
3533 2169 3794 2239 ὀνόματος

2121 2251 2272 2306 ἔσται
2297 2251 2569 2316 πλούσιος.
2607 2253 2788 2306 Ἔστω
2812 2271 2896 2317 τις
2926 2255 3095 2326 μυρία
3125 2254 3362 2309 τάλαντα
3382 2255 3543 2327 ἔχων,
3572 2258 3600 2310 0
3624 2257 3681 2310 δέ
3701 2259 3792 2326 φί·

2120 2340 2245 2406 λους
2298 2342 2513 2397 ἑκατόν·
2572 2337 2727 2407 οὗτος
2759 2343 2970 2397 ἐκείνου
3017 2345 3418 2416 εὐπορώτερος.
3470 2345 3561 2415 Μὴ
3614 2347 3794 2400 τοίνυν

2120 2434 2306 2498 ἀπλῶς
2333 2433 2492 2487 τοῦτο
2528 2433 2794 2505 ποιῶμεν,
2820 2433 2935 2486 ἀλλ’
2970 2433 3331 2505 ἐργαζώμεθα
3392 2435 3468 2498 ώς
3532 2435 3792 2506 εὐπορίαν

2122 2520 2247 2574 τινά
2268 2531 2315 2577 ο.
2331 2522 2441 2576 Καὶ
2464 2521 2580 2585 πῶς
2606 2521 2905 2592 δυνάμεθα,
2927 2520 3060 2592 φησί
3080 2540 3094 2589 ;
3123 2520 3366 2592 Λάρυτξ
3382 2521 3616 2591 γλυκὺς
3639 2525 3793 2589 πληο

2118 2614 2286 2667 θύνει
2313 2614 2532 2683 φίλους
2561 2613 2768 2679 αὐτοῦ,
2797 2613 2895 2668 καὶ
2917 2613 3169 2683 γλῶαγα
3200 2612 3581 2682 εὐχάριστός.
3609 2613 3792 2683 Στόμα

2118 2700 2364 2772 εὐφημον
2420 2701 2772 2772 κτησώμεθα,
2807 2702 2904 2756 καὶ
2932 2701 3166 2773 τρόπους
3216 2700 3512 2772 καθαρούς.
3568 2700 3681 2756 Οὐκ
3713 2700 3792 2754 ἔνι

2117 2788 2300 2843 λαθεῖν
2338 2789 2428 2844 τὸν
2455 2789 2598 2844 οὕτω
2630 2789 2994 2860 διακείμενον.

2187 2876 2248 2931 δ’.
2269 2877 2412 2950 Ὅρα
2433 2877 2570 2931 πόσα
2598 2879 2648 2931 οί
2665 2877 2864 2943 ἔξωθεν
2885 2876 3186 2946 ἐπενόησαν
3207 2875 3417 2946 φιλικὰ,
3450 2877 3790 2942 συντεκνίαν,

2117 2966 2405 3035 γειτονίαν,
2453 2967 2789 3036 συγγενείας.
2834 2967 2994 3020 Ἀλλά
3042 2968 3249 3020 τούτων
3285 2966 3503 3021 πάντων
3537 2967 3605 3020 τά
3655 2969 3787 3037 παρ’

2117 3054 2246 3124 ἡμῖν
2278 3050 2500 3122 μείζονα
2520 3071 2534 3084 ·
2565 3054 2598 3124 ἡ
2623 3050 2870 3124 τράπεζα
2905 3050 3043 3124 αῦτη
3065 3052 3484 3124 αίδεσιμωτέρα.
3508 3052 3703 3106 Πολλοὶ
3732 3052 3791 3106 δέ

2115 3141 2224 3195 τῶν
2252 3140 2583 3212 προσιόντων
2628 3141 2750 3193 οὐδὲ
2784 3141 2940 3212 ῐσμεν
2971 3139 3255 3208 ἀλλήλους.
3299 3139 3374 3192 Τὸ
3405 3140 3610 3211 πλῆθος
3632 3139 3793 3195 τοῦτο

2117 3230 2279 3293 ποιεῖ,
2323 3227 2507 3298 φησίν.
2553 3227 2837 3298 Οὐδαμῶς,
2885 3226 3000 3281 ἀλλ’
3033 3228 3065 3298 ή
3098 3227 3342 3298 ἡμετέρα
3373 3227 3593 3281 νωθεία.
3626 3228 3790 3298 Τρισ-

2115 3317 2274 3387 χίλιοι
2307 3312 2446 3388 ἦσαν
2467 3319 2561 3371 καὶ
2591 3315 3033 3388 πεντακισχίλιοι,
3057 3317 3149 3370 καὶ
3175 3316 3378 3380 πάντες
3431 3311 3577 3386 εἶχον
3610 3317 3789 3388 ψυχὴν

2119 3407 2280 3478 μίαν·
2323 3404 2419 3460 νῦν
2467 3406 2524 3460 δὲ
2557 3406 2788 3469 ἕκαστος
2811 3404 2903 3459 τόν
2934 3404 3163 3473 ἀδελφὸν
3187 3405 3392 3474 ἀγνοεῖ,
3425 3407 3522 3458 καὶ
3567 3405 3666 3458 οὐκ
3699 3408 3789 3460 al-

2117 3494 2447 3565 σχύνεταιτδ
2475 3495 2677 3564 πλῆθος
2706 3494 3051 3564 αἰτιώμενος.
3097 3492 3155 3547 '0
3192 3493 3375 3564 μέντοι
3430 3492 3656 3556 πολλοὺς
3694 3493 3788 3562 φί-

2115 3581 2240 3644 λους
2285 3580 2442 3651 ἔχων,
2479 3581 2751 3644 ἀνάλωτος
2805 3579 3007 3634 ἀπασίν
3062 3579 3198 3645 ἐστι,
3254 3581 3521 3652 τυράννου
3585 3580 3787 3646 παντὸς

2115 3663 2269 3732 οὗτος
2300 3668 2662 3740 ἰσχυρότερος.
2700 3668 2810 3738 Οὐχ
2841 3666 3016 3732 οὕτως
3045 3669 3252 3722 ἐκεῖνον
3293 3669 3343 3721 οἱ
3367 3667 3654 3738 δορυφόροι
3689 3686 3786 3736 φυ-

2115 3757 2418 3823 λάττουσιν,
2441 3757 2516 3822 ὡς
2543 3757 2734 3811 τοῦτον
2781 3757 2830 3809 οί
2872 3755 3050 3826 φίλοι·
3087 3755 3180 3808 καὶ
3200 3754 3584 3827 λαμπρότερος
3631 3749 3788 3820 οὗτος

2113 3847 2341 3904 ἐκείνου.
2387 3845 2446 3900 ’0
2481 3846 2580 3916 μὲν
2617 3844 2725 3915 γάρ
2754 3845 2904 3915 παρά
2930 3843 3038 3897 τῶν
3070 3842 3234 3900 αὐτοῦ
3267 3843 3468 3898 δούλων
3519 3843 3786 3913 φυλάττε-

2112 3953 2220 4002 ται,
2253 3937 2281 3989 δ
2300 3937 2356 3990 δὲ
2379 3935 2528 4008 παρὰ
2552 3935 2660 3989 τῶν
2691 3933 2968 4006 ὁμοτίμων
2993 3950 3005 3963 ⁸
3042 3934 3136 3988 καὶ
3165 3935 3193 3988 0
3225 3935 3325 4007 μὲν
3360 3933 3514 4006 παρὰ
3535 3935 3781 3989 ἀκόντων

2113 4026 2206 4079 καὶ
2233 4025 2568 4090 δεδοικότων,
2597 4017 2751 4087 οὗτος
2777 4023 2833 4076 δὲ
2866 4021 3020 4094 παρά
3047 4023 3304 4089 ἐχόντων,
3336 4023 3430 4077 καὶ
3457 4024 3520 4076 οὐ
3543 4023 3780 4076 δεδοικό-

2112 4130 2219 4168 των
2235 4131 2249 4145 ·
2285 4113 2380 4166 καὶ
2406 4112 2553 4165 ἔστιν
2581 4113 2708 4166 ίδεῖν
2732 4113 2966 4182 πρᾶγμα
2987 4111 3321 4181 θαυμαστὸν,
3346 4113 3405 4165 ἐν
3426 4112 3642 4174 πολλοῖς
3663 4111 3780 4175 ἕνα,

2113 4199 2207 4253 καὶ
2232 4199 2288 4252 ἐν
2321 4199 2401 4252 ἐνὶ
2433 4198 2679 4262 πολλούς.
2726 4199 2837 4252 Καὶ
2866 4198 3116 4269 καθάπερ
3151 4197 3245 4250 ἐπὶ
3272 4197 3506 4268 κιθάρας
3538 4198 3783 4269 διάφοροι

2115 4286 2212 4357 μὲν
2233 4285 2282 4338 οί
2307 4285 2552 4354 φθόγγοι,
2583 4285 2680 4356 μία
2706 4284 2763 4338 δὲ
2788 4287 2820 4356 ὴ
2847 4285 3130 4355 συμφωνία
3154 4284 3204 4349 ά,
3237 4279 3318 4348 εἷς
3340 4285 3394 4338 δέ
3416 4285 3444 4338 0
3469 4285 3725 4355 μουσικὸς
3755 4287 3786 4340 0

2109 4374 2210 4444 τὴν
2242 4372 2474 4445 κιθάραν
2503 4373 2894 4444 μεταχειρίζων
2919 4388 2934 4403 ·
2965 4373 3135 4438 οὓτως
3161 4371 3416 4438 ἐνταῦθα,
3447 4371 3651 4445 κιθάρα
3685 4373 3784 4443 μὲν

2111 4463 2255 4516 ἔστιν
2286 4463 2424 4535 αὐτὴ
2449 4464 2482 4534 ἡ
2513 4461 2724 4533 ἀγάπη,
2756 4460 2983 4532 φθόγγοι
3009 4462 3066 4516 δὲ
3095 4461 3354 4533 ἠχοῦντες
3380 4459 3451 4514 τά
3474 4460 3541 4514 δι’
3560 4461 3785 4532 ἀγάπης

2112 4552 2495 4624 προφερόμενα
2527 4553 2748 4623 ῥήματα
2777 4550 2989 4621 φιλικά,
3025 4549 3152 4622 μίαν
3173 4550 3269 4603 καὶ
3297 4549 3398 4620 τὴν
3415 4547 3585 4620 αὐτὴν
3609 4549 3784 4602 ἀπαν-

2109 4659 2198 4705 τες
2222 4641 2473 4710 ἀφιέντες
2501 4639 2766 4712 ἁρμονίαν
2800 4640 2896 4694 καὶ
2929 4638 3248 4710 συμφωνίαν
3266 4653 3280 4670 ·
3327 4637 3356 4688 0
3382 4637 3438 4690 δὲ
3464 4637 3722 4708 μουσικὸς
3750 4639 3782 4707 ἡ

2109 4728 2210 4798 τῆς
2257 4728 2476 4800 ἀγάπης
2505 4727 2767 4799 δύναμις·
2809 4727 2945 4798 αὐτη
3003 4725 3189 4798 κρούει
3239 4724 3300 4778 τὸ
3349 4724 3510 4796 μέλος
3565 4724 3627 4778 τὸ
3659 4724 3780 4796 ἡδύ.

2122 4816 2450 4888 Ἐϐουλόμην
2480 4816 2624 4886 ὑμᾶς
2653 4816 2883 4884 ἀγαγεῖν
2909 4817 2989 4877 είς
3037 4813 3191 4866 πόλιν
3214 4812 3491 4884 τοιαύτην,
3524 4813 3578 4865 εί
3595 4830 3658 4881 γε
3695 4813 3784 4866 δυ-

2109 4906 2287 4969 νατὸν,
2322 4905 2450 4959 ἔνθα
2483 4905 2579 4975 μία
2604 4902 2750 4974 ψυχὴ
2765 4899 2851 4974 ἦν,
2879 4903 2973 4954 καὶ
2990 4896 3131 4964 εἶδες
3164 4900 3230 4955 ἂν
3250 4899 3396 4964 ὅπως
3421 4901 3602 4972 πάσης
3632 4901 3781 4973 [307]

2111 4993 2342 5062 κιθάρας
2366 4994 2459 5046 καὶ
2489 4991 2686 5055 παντὸς
2703 4989 2868 5045 αὐλοῦ
2891 4989 3314 5062 ἀρμοδιωτέραὴ
3337 4990 3454 5042 ἐκεῖ
3476 4990 3781 5060 συμφωνία,

2109 5081 2257 5136 οὐδὲν
2286 5081 2493 5152 ἀπηχὲς
2513 5081 2714 5152 ᾅδουσα
2739 5079 2923 5151 μέλος.
2967 5076 3138 5131 Τοῦτο
3160 5077 3252 5131 καὶ
3271 5076 3538 5146 ἀγγέλους
3561 5077 3658 5130 καὶ
3689 5080 3782 5132 τὸν

2109 5169 2354 5238 ἀγγέλων
2374 5170 2651 5240 Δεσπότην
2680 5167 2811 5222 Θεὸν
2837 5166 3117 5239 εὐφραίνει
3149 5165 3211 5219 τὸ
3241 5165 3431 5236 μέλος·
3474 5165 3630 5218 τοῦτο
3663 5165 3783 5219 ὅλον

2108 5257 2168 5310 τὸ
2191 5258 2248 5310 ἐν
2276 5256 2354 5326 τῷ
2380 5256 2594 5326 οὐρανῷ
2616 5255 2840 5327 θέατρον
2857 5254 3159 5325 διανίστησι
3175 5268 3190 5283 ·
3220 5252 3376 5306 τοῦτο
3404 5253 3495 5306 καὶ
3512 5252 3782 5322 δαιμόνων

2109 5346 2264 5416 κηλεῖ
2291 5344 2480 5415 θυμὸν,
2510 5343 2701 5397 παθῶν
2737 5342 3058 5411 καταθέλγει
3105 5341 3282 5411 ὁρμάς
3307 5351 3354 5392 ο.
3401 5338 3566 5392 Τοῦτο
3595 5338 3658 5391 τὸ
3693 5339 3783 5409 μέ-

2107 5434 2198 5497 λος
2221 5434 2281 5487 οὐ
2323 5433 2480 5504 μόνον
2505 5432 2654 5502 πάθη
2680 5431 2857 5502 κηλεῖ,
2885 5430 2998 5484 ἀλλ’
3025 5429 3145 5483 οὐδὲ
3175 5428 3527 5498 διαναστῆναι
3561 5425 3780 5496 ἀφίησι,

2109 5523 2203 5578 καὶ
2229 5521 2429 5591 πολλὴν
2461 5521 2560 5592 τὴν
2591 5519 2749 5591 σιγὴν
2777 5518 3090 5591 ἐργάζεται.
3130 5516 3397 5587 Καθάπερ
3441 5515 3548 5586 γὰρ
3577 5516 3633 5567 ὲν
3659 5513 3784 5570 θεά-

2171 5770 2193 5799 °
2219 5767 2397 5830 Morel:
2420 5770 2485 5822 ῶς
2512 5766 2730 5830 εὐπορίαν
2762 5766 2885 5830 τινά,
2915 5773 3018 5830 [res
3067 5770 3132 5822 ὡς
3165 5764 3394 5830 ἐμπορίαν
3419 5763 3539 5830 τινά.
3565 5762 3782 5830 rming

2107 5831 2257 5882 lectio
2273 5828 2513 5891 quadrare
2540 5826 2717 5888 polést.
2749 5828 2773 5866 ά
2799 5828 2933 5876 Unus
2956 5829 3039 5889 μία
3063 5829 3112 5876 δὲ
3134 5831 3163 5885 ἡ
3188 5826 3410 5891 ἁρμονία,
3430 5826 3615 5891 καῖᾲτῄν
3638 5827 3786 5883 αὐτὴν

2106 5889 2306 5945 ἅπαντες
2330 5892 2513 5952 ἀφῶσιν
2536 5893 2759 5952 ἁρμονίαν
2781 5892 3175 5952 καῖσυμφωνίαν.
3246 5892 3268 5920 θ
3293 5889 3425 5952 Hec,
3449 5889 3611 5937 παθῶν
3635 5905 3782 5937 κατα·

2108 5956 2254 6010 θέλγει
2280 5949 2444 6018 ὁρμάς,
2481 5949 2656 6002 ἀνευιιι
2681 5954 2729 6000 in
2776 5949 3064 6013 quibusdam
3086 5966 3198 6002 mss.
