4104 6148
498 290 608 346 Ιοἰ85

504 408 665 460 ritum
694 406 1017 472 acceperant
1045 412 1150 452 non
1177 397 1602 462 docebaul,cum
1619 393 1833 466 Apollo,
1851 391 1941 463 qui
1964 405 2088 445 non-

504 495 631 548 dum
653 498 955 560 acceperat,
974 488 1226 544 doceret?
1247 487 1383 557 Quia
1409 502 1514 543 non
1531 495 1683 541 erant
1706 485 1778 539 ita
1801 481 2087 543 ferventes,

509 599 609 638 nec
632 580 856 636 instituti
886 594 900 630 :
932 579 1020 633 ille
1060 594 1188 632 vero
1208 587 1264 633 et
1288 579 1561 633 institutus
1588 584 1704 630 erat
1725 582 1780 628 et
1805 570 2093 626 admodum

508 674 744 729 fervens.
770 668 897 724 Mihi
919 677 1099 723 autem
1128 667 1337 723 videtur
1359 669 1575 723 multam
1608 665 1661 719 in
1692 664 1806 718 viro
1836 660 2002 716 fuisse
2022 658 2096 715 di-

514 765 670 821 cendi
706 762 1038 816 libertatem.
1087 759 1192 814 Sed
1243 759 1342 814 etsi
1388 764 1634 812 accurate
1675 753 1984 824 loqueretur
2029 747 2098 803 de

514 857 662 919 Iesu,
712 851 1046 909 accuratiore
1077 859 1254 906 tamen
1280 850 1524 905 doctrina
1561 862 1695 919 opus
1721 843 1948 900 habebat
1978 860 1991 896 :
2021 841 2099 896 sie

515 949 615 1004 etsi
643 961 749 1001 non
775 943 956 1000 omnia
982 943 1163 1007 sciret,
1194 957 1259 997 ex
1285 940 1495 997 fervore
1521 936 1824 994 attrahebat
1841 933 2096 1004 Spiritum

511 1050 781 1104 sanetum,
813 1034 1049 1108 utetiam
1080 1033 1379 1089 Cornelius.
1415 1031 1664 1086 Fortasse
1702 1026 1852 1082 multi
1892 1022 2100 1080 deside-

516 1138 658 1193 rant,
685 1127 889 1181 utinam
915 1123 1078 1179 etiam
1108 1136 1250 1177 nunc
1291 1128 1436 1175 esset
1458 1118 1680 1174 Joannis
1707 1114 2002 1185 baptisma!
2036 1112 2102 1164 At

521 1218 672 1273 multi
703 1216 955 1270 virtutem
995 1210 1360 1282 negligerent;
1389 1218 1443 1264 et
1472 1208 1614 1264 forte
1654 1206 1964 1261 crederetur
2001 1200 2103 1256 sin-

520 1311 674 1380 gulos
701 1284 920 1380 propter
950 1305 1073 1367 hoc,
1098 1318 1202 1358 non
1226 1309 1443 1374 propter
1470 1314 1693 1370 regnum
1721 1296 1971 1352 caelorum
1998 1293 2106 1345 vir-

519 1410 692 1458 tutem
736 1397 906 1454 adire.
931 1396 1191 1470 Alioquin
1228 1404 1409 1448 autem
1449 1390 1600 1445 multi
1647 1395 1830 1444 essent
1871 1382 2105 1456 pseudo-

526 1492 802 1566 prophette
825 1531 842 1556 ,
872 1502 975 1544 nec
1024 1496 1207 1557 postea
1248 1484 1337 1555 qui
1384 1481 1592 1554 probati
1636 1488 1819 1536 essent
1842 1520 1858 1545 ,
1883 1476 2105 1531 multum

522 1587 884 1656 apparerent,
930 1592 1031 1633 nec
1063 1576 1201 1632 beati
1233 1574 1650 1645 praedicerentur
1677 1571 1767 1641 qui
1800 1568 1957 1624 lidem
1987 1567 2108 1621 sim-

527 1672 738 1745 pliciter
762 1668 1118 1739 susciperent.
1146 1665 1216 1722 Ut
1240 1679 1368 1736 ergo
1394 1664 1494 1731 Qui
1532 1678 1633 1717 non
1673 1662 1903 1715 viderunt
1933 1665 1979 1713 et
2003 1671 2112 1710 cre-

533 1765 789 1829 diderunt,
812 1760 944 1815 beati
969 1767 1085 1815 sunt
1106 1756 1285 1829 (Joan.
1315 1755 1407 1812 20.
1437 1754 1556 1825 29),
1585 1754 1662 1809 sic
1687 1752 1776 1823 qui
1803 1751 1920 1806 sine
1945 1747 2112 1837 signis

526 1854 896 1916 crediderunt,
927 1850 1089 1907 beati.
1120 1849 1217 1905 Die
1242 1849 1387 1904 enim
1413 1847 1543 1903 mihi
1567 1889 1581 1912 ,
1608 1860 1787 1900 annon
1819 1843 2112 1914 exprobra-

533 1949 625 2003 bat
647 1943 894 2001 Christus
918 1940 1137 2006 Iudaeis,
1167 1939 1351 1995 dicens
1378 1958 1390 1993 :
1427 1937 1544 1991 Nisi
1569 1937 1716 2008 signa
1743 1934 1985 1998 videritis,
2015 1946 2116 1984 non

533 2037 748 2095 credetis
769 2034 952 2108 (Joan.
975 2034 1028 2087 ι.
1060 2032 1193 2102 48)ἳ
1219 2030 1401 2101 Itaque
1430 2029 1559 2084 nihil
1582 2028 1706 2083 hinc
1726 2025 1881 2081 nobis
1911 2022 2114 2086 damni,

536 2131 585 2185 si
614 2127 766 2183 nobis
808 2123 1086 2180 attendere
1123 2123 1466 2177 voluerimus.
1516 2119 1688 2189 Caput
1735 2118 1996 2173 bonorum
2028 2115 2115 2169 ha-

544 2222 730 2275 bemus
754 2232 847 2288 pcr
873 2217 1196 2287 baptismmn
1230 2232 1242 2268 :
1270 2222 1609 2285 peccatorum
1646 2210 2015 2267 remissionem
2040 2221 2121 2263 ac-

545 2311 801 2381 cepimus,
829 2306 1301 2363 sanctillcationem
1329 2347 1344 2372 ,
1373 2304 1603 2375 Spiritus
1630 2301 2116 2375 participationem,

542 2401 882 2471 adeptionem
907 2440 925 2467 ,
959 2398 1121 2453 vitam
1152 2406 1427 2452 aeternam.
1462 2394 1598 2464 Quid
1643 2393 1873 2464 amplius
1918 2390 2123 2445 vultis?

544 2491 735 2564 signa?
758 2489 865 2547 Sed
907 2497 1270 2545 cessaverunt.
1300 2487 1485 2542 Fidem
1519 2484 1707 2553 habes,
1727 2499 1876 2555 spem
1895 2524 1913 2551 ,
1935 2481 2125 2538 carita-

542 2593 674 2650 tem,
701 2597 823 2652 qua:
848 2589 1098 2634 manent:
1131 2579 1244 2633 haec
1270 2592 1470 2648 qumre,
1506 2576 1623 2631 haec
1665 2574 1832 2645 signis
1873 2581 1995 2628 sunt
2024 2587 2128 2626 ma-

542 2677 683 2745 jora.
716 2672 856 2728 Nihil
883 2686 980 2743 par
1002 2654 1243 2735 caritati;
1272 2670 1445 2742 Major
1482 2669 1703 2724 omnium
1729 2675 1800 2723 est
1822 2667 2010 2721 caritas
2031 2665 2050 2733 (
2073 2665 2125 2723 l.

548 2766 668 2821 Cor.
691 2765 779 2821 l3.
811 2765 928 2833 15),
960 2764 1153 2834 inquit.
1176 2762 1333 2818 Nune
1361 2776 1489 2817 vero
1531 2761 1726 2816 caritas
1755 2758 2083 2830 periclitatur
2112 2772 2126 2808 :

550 2859 724 2915 solum
761 2857 957 2928 quippe
992 2870 1186 2911 nomen
1233 2855 1350 2925 ejus
1391 2854 1635 2909 relictum
1680 2859 1799 2919 est,
1828 2864 1964 2921 opus
2004 2861 2132 2903 vero

554 2964 839 3019 nusquam,
871 2949 963 3002 sed
994 2946 1147 3001 divisi
1176 2960 1362 3000 sumus
1388 2946 1527 2999 inter
1554 2957 1674 2997 nos.

627 3041 682 3095 3.
722 3038 920 3095 Caritas
942 3037 1181 3091 amicitia:
1200 3036 1454 3090 vinculum
1477 3075 1492 3100 ,
1524 3042 1569 3088 et
1594 3031 1959 3100 discipulorum
1987 3027 2134 3083 Chri-

564 3134 627 3188 sti
656 3141 859 3185 “uera.
886 3158 958 3171 -—
983 3129 1119 3198 Quid
1149 3129 1310 3199 igitur
1336 3126 1600 3198 agendum
1630 3133 1688 3181 ut
1718 3121 2136 3179 connectamur?

563 3236 689 3277 nam
714 3217 1105 3290 reprehendere
1130 3218 1285 3274 facile
1312 3227 1429 3282 est,
1459 3216 1555 3273 sed
1582 3216 1684 3270 hoc
1711 3213 1987 3269 dimidium
2016 3222 2136 3266 tan-

564 3320 700 3365 tum.
745 3309 921 3380 Itaque
971 3307 1375 3365 monstrandum
1417 3316 1498 3363 est
1524 3348 1537 3372 ,
1581 3304 1852 3377 quomodo
1898 3310 2141 3358 nectatur

565 3401 794 3458 amicitia
822 3419 837 3455 :
869 3401 972 3456 hoc
998 3401 1141 3456 enim
1171 3399 1467 3455 curandam
1498 3396 1765 3469 quomodo
1790 3394 2031 3451 membra
2059 3393 2141 3448 di-

563 3492 713 3547 vulsa
732 3500 1134 3547 connectamus.
1164 3490 1349 3561 Neque
1377 3490 1479 3544 hoc
1506 3496 1707 3543 tantum
1734 3485 2044 3557 quaerimus,
2073 3497 2142 3537 an

566 3597 727 3637 unam
756 3581 1051 3638 Ecclesiam
1097 3581 1184 3636 vel
1233 3595 1399 3635 unum
1451 3579 1643 3649 dogma
1691 3577 2018 3639 habeamus;
2049 3572 2143 3628 sed

566 3675 672 3729 hoc
696 3689 856 3744 grave
880 3681 984 3740 est,
1007 3673 1146 3743 quod
1170 3687 1289 3728 cum
1331 3672 1383 3726 in
1424 3672 1543 3727 aliis
1582 3679 1765 3725 mutuo
1789 3666 2147 3725 communice-

569 3780 690 3819 mus
715 3805 732 3829 ,
783 3764 838 3817 iu
886 3764 1202 3819 necessariis
1251 3778 1358 3818 non
1407 3762 1894 3825 communicemus,
1925 3766 1980 3814 et
2023 3772 2145 3812 cum

571 3854 818 3910 erunibus
847 3867 1029 3923 pacem
1055 3853 1335 3919 habentes,
1362 3853 1499 3908 inter
1526 3867 1626 3908 nos
1650 3850 2047 3922 dissentiamus.
2069 3846 2148 3903 Ne

572 3945 715 4000 enim
740 3985 755 4010 ,
777 3944 920 4014 quod
952 3959 1057 3998 non
1088 3943 1328 4013 quotidie
1362 3958 1567 4015 pugnas
1597 3956 1906 3997 moveamus
1929 3981 1945 4007 ,
1973 3937 2145 3994 consi-

574 4034 701 4089 dera
729 4074 744 4097 ,
775 4033 869 4088 sed
896 4033 1037 4105 quod
1079 4034 1343 4089 sinceram
1399 4043 1454 4090 et
1498 4032 1825 4089 immobilem
1873 4031 2147 4086 caritatem

577 4140 688 4181 non
713 4124 988 4180 habemus.
1020 4125 1380 4196 Ligaminibus
1408 4140 1545 4196 opus
1572 4134 1656 4181 est
1693 4133 1746 4179 et
1773 4124 1912 4178 oleo.
1941 4121 2151 4191 Cogite-

577 4230 698 4269 mus
721 4214 997 4270 caritatem
1042 4223 1298 4271 tesseram
1342 4229 1461 4272 esse
1507 4214 1886 4284 discipulormn
1913 4210 2149 4275 Christi,

579 4317 633 4361 et
663 4306 777 4361 sine
806 4306 894 4361 illa
921 4305 1054 4360 nihil
1086 4307 1262 4362 valere
1287 4307 1413 4372 alia,
1444 4321 1663 4376 remque
1688 4319 1805 4360 esse
1828 4305 1944 4359 sine
1973 4303 2154 4359 labore

580 4398 624 4450 si
652 4395 895 4451 velimus.
922 4394 1136 4463 Etiam,
1160 4397 1368 4466 inquies
1391 4437 1406 4463 ,
1437 4396 1551 4452 haec
1588 4397 1871 4459 novimus;
1900 4393 1991 4448 sed
2019 4409 2152 4463 quo-

580 4486 742 4541 modo
782 4487 834 4541 id
860 4498 1005 4544 recte
1030 4486 1285 4558 geretur?
1305 4486 1583 4554 Quomodo
1612 4486 1744 4542 lict?
1767 4485 2035 4556 quomodo
2056 4498 2154 4539 nos

582 4588 769 4634 mutuo
791 4579 1114 4651 diligemus?
1144 4580 1324 4635 Primo
1352 4594 1415 4634 ea
1441 4620 1454 4644 ,
1477 4595 1594 4650 quae
1618 4578 1892 4635 caritatem
1916 4578 2115 4633 tollunt
2137 4617 2152 4642 ,

581 4671 651 4724 de
678 4670 854 4724 medio
882 4670 1214 4742 abjiciamus,
1241 4679 1296 4726 et
1322 4679 1445 4725 tunc
1468 4670 1613 4724 illam
1635 4677 1929 4724 statuemus
1955 4686 1969 4721 :
1997 4682 2156 4722 nemo

583 4765 653 4819 sit
690 4763 1004 4833 injuriarum
1034 4778 1260 4829 memor,
1295 4776 1452 4818 nemo
1478 4761 1707 4826 invidus,
1737 4774 1895 4815 nemo
1922 4759 1973 4814 in
2002 4758 2158 4813 malis

584 4854 853 4924 gaudeat:
897 4853 1013 4910 haec
1066 4855 1404 4910 dilectionem
1454 4852 1767 4923 impediunt.
1817 4851 1932 4906 Alia
1977 4858 2157 4905 autem

584 4955 747 5013 sunt,
775 4957 894 5017 quae
920 4960 1038 5000 eam
1066 4946 1318 5001 exhibent
1346 4962 1360 5001 :
1391 4959 1495 4999 non
1523 4942 1664 4999 enim
1707 4941 1904 4997 sufﬁcit
1931 4955 2050 5010 qua:
2092 4938 2159 4993 il-

586 5035 689 5089 lam
720 5036 1010 5106 impediunt
1040 5035 1245 5101 tollere,
1273 5034 1367 5091 sed
1397 5034 1554 5091 etiam
1583 5050 1702 5104 qua:
1739 5034 1882 5088 illam
1905 5040 2157 5097 statuant,

587 5135 710 5180 sunt
733 5126 1082 5181 ostendenda.
1110 5125 1294 5183 Sirach
1321 5141 1448 5195 ergo
1475 5125 1624 5193 dicit,
1650 5140 1713 5181 ea
1741 5139 1863 5196 quae
1891 5124 2033 5178 illam
2063 5123 2161 5176 tol-

589 5215 724 5280 lunt,
747 5226 800 5271 et
825 5231 934 5270 non
961 5232 1023 5271 ea
1053 5232 1169 5287 qua:
1194 5216 1514 5282 conciliant,
1547 5216 2014 5286 exprobrationem
2042 5227 2163 5268 esse

589 5307 900 5378 ctmysterii
943 5307 1320 5362 revelationem
1348 5315 1402 5362 et
1439 5306 1643 5376 plagam
1684 5306 1922 5361 dolosam
1955 5302 2162 5376 (Eccli.

587 5396 677 5450 22.
704 5396 773 5451 27
801 5398 840 5467 ).
865 5398 971 5454 Sed
998 5398 1103 5452 illis
1133 5406 1317 5466 utpote
1340 5397 1639 5453 carnalibus
1671 5399 1859 5453 merito
1892 5396 2013 5450 talia
2043 5410 2153 5465 pro~

590 5487 839 5552 veniunt;
864 5488 1018 5543 nobis
1043 5496 1246 5551 autem,
1270 5487 1409 5540 absit
1437 5504 1451 5540 :
1482 5501 1589 5541 non
1615 5486 1683 5541 ab
1709 5486 1792 5541 his
1818 5502 1913 5542 vos
1943 5485 2161 5541 induce-

592 5594 727 5645 mus,
756 5580 850 5635 scd
879 5581 947 5637 ab
971 5581 1111 5636 aliis.
1141 5578 1283 5634 Nihil
1314 5577 1466 5632 nobis
1510 5586 1591 5632 est
1628 5577 1757 5633 utile
1801 5578 2001 5646 absque
2030 5575 2164 5630 dile-

592 5669 784 5727 ctione.
843 5672 961 5728 Sitit
1004 5670 1169 5729 millia
1222 5669 1361 5727 bona
1410 5686 1420 5721 ε
1475 5670 1599 5738 quid
1650 5670 1771 5727 inde
1820 5666 1998 5724 lucri?
2040 5668 2159 5724 Sint

1474 273 1570 339 ‘IN
1611 279 1790 337 ACTA
1833 272 2355 333 APOSTOLOBUM.
2400 270 2627 326 ttontL.
2664 268 2775 324 XL.

3671 273 3777 327 286

2199 388 2419 452 divitiae,
2453 387 2558 442 sint
2585 386 2792 442 deliciae
2821 386 3020 457 8')Sl|llc
3046 387 3230 443 amicis
3264 404 3277 442 :
3310 387 3437 459 quid
3480 388 3602 444 hinc
3634 390 3776 444 utili-

2200 479 2359 534 tatis?
2389 478 2540 534 Nulla
2572 477 2840 548 possessio
2867 477 3024 532 etiam
3056 478 3107 532 in
3156 479 3504 535 saecularibus
3528 478 3629 536 hac
3659 482 3777 550 pul-

2198 571 2397 637 chrior,
2426 579 2483 626 ut
2509 569 2641 624 nihil
2683 568 2915 624 inimicis
2943 570 3221 625 molestius
3252 580 3354 626 est.
3387 569 3585 626 Caritas
3623 573 3782 642 aperit

2198 663 2573 717 multitudinem
2618 670 2936 732 peccatorum
2987 662 3082 732 (l.
3114 660 3228 717 Pet.
3259 665 3313 719 4.
3344 662 3453 735 8);
3502 663 3778 719 inimicitia

2200 763 2378 808 autem
2409 753 2566 807 etiam
2593 768 2677 818 ea,
2710 767 2830 822 quae
2857 767 2961 807 non
2990 761 3134 820 sunt,
3167 755 3487 822 suSpicatur.
3514 754 3629 810 Non
3666 754 3780 810 suf-

2203 844 2312 897 licit
2356 859 2462 898 non
2498 858 2617 898 esse
2647 843 2920 898 inimicum
2951 884 2966 909 ,
2994 842 3092 898 sed
3129 851 3341 912 Oportet
3370 845 3529 899 etiam
3579 859 3783 900 amare.

2201 933 2386 1005 Cogita
2411 934 2462 988 id
2490 934 2758 990 Christum
2783 934 3033 1005 jussisse,
3062 943 3117 990 et
3140 933 3243 990 hoe
3272 933 3487 991 sufﬁcit.
3519 937 3688 992 Etiam
3709 936 3788 991 at-

2205 1024 2369 1080 llictio
2396 1025 2660 1081 amicitias
2690 1025 2816 1081 facit
2838 1034 2892 1082 et
2919 1026 3152 1097 copulat.
3183 1025 3322 1094 Quid
3353 1026 3530 1097 igitur,
3554 1027 3783 1098 inquies,

2206 1131 2367 1184 nunc,
2398 1132 2518 1173 cum
2551 1117 2768 1173 afﬂictio
2798 1134 2902 1173 non
2931 1118 3047 1174 est?
3072 1117 3340 1189 quomodo
3369 1119 3570 1175 erimus
3595 1119 3785 1175 amici?

2208 1209 2399 1265 Annon
2429 1208 2564 1264 alios
2594 1209 2803 1265 habetis
2843 1210 3078 1278 amicos,
3105 1211 3328 1282 quarso?
3356 1212 3625 1282 quomodo
3667 1212 3789 1268 illo~

2208 1314 2326 1354 rum
2397 1300 2526 1354 estis
2570 1300 2769 1355 amici?
2821 1301 3091 1371 quomodo
3136 1303 3525 1373 perseveratis?
3570 1302 3787 1358 Interim

2209 1403 2369 1444 nemo
2398 1388 2670 1445 inimicum
2702 1390 2928 1459 habeat;
2957 1407 3063 1448 non
3104 1402 3185 1448 est
3212 1393 3313 1451 hoc
3360 1408 3548 1465 parum
3581 1412 3594 1448 :
3637 1410 3794 1451 nemo

2213 1481 2482 1550 invideat;
2531 1497 2637 1538 non
2678 1484 2804 1540 licet
2848 1496 2956 1539 non
3002 1485 3240 1541 invidum
3297 1500 3569 1542 accusare.
3619 1485 3794 1541 Unum

2215 1574 2512 1632 habitamus
2558 1575 2747 1633 orbem
2793 1578 3226 1645 omnes,iisdem
3271 1579 3465 1635 alimur
3515 1580 3792 1634 fructibus.

2214 1664 2321 1721 Sed
2363 1665 2479 1722 haec
2503 1681 2662 1738 parva
2689 1677 2814 1723 sunt
2844 1686 2858 1722 :
2884 1669 3069 1725 iisdem
3099 1671 3369 1742 mysteriis
3387 1711 3402 1738 ,
3427 1670 3615 1727 eadem
3642 1671 3799 1743 spiri-

2216 1756 2346 1811 tuali
2396 1773 2517 1813 esca
2566 1757 2809 1814 fruimur.
2857 1759 2984 1817 llaec
3025 1776 3156 1818 sane
3206 1763 3454 1817 amicitia:
3479 1764 3602 1834 jura
3653 1772 3798 1817 sunt.

2216 1847 2497 1914 Quomodo
2525 1849 2686 1920 igitur
2709 1891 2725 1917 ,
2754 1850 2962 1921 inquies
2985 1893 3000 1917 ,
3031 1850 3299 1908 lerventer
3336 1853 3513 1910 allecti
3556 1853 3801 1909 erimus?

2218 1939 2353 2008 Quid
2393 1938 2521 1996 facit
2546 1954 2828 2011 corporum
2871 1942 3155 1998 amorem?
3182 1941 3435 2014 Corporis
3466 1942 3659 1999 forma.
3701 1943 3803 1999 ltav

2221 2046 2326 2102 que
2352 2040 2407 2087 et
2424 2031 2633 2087 animas
2662 2031 2925 2089 formosas
2946 2032 3263 2099 efﬁciamus,
3286 2035 3593 2106 erimusque
3620 2044 3804 2089 mutue

2221 2133 2488 2181 amatores
2512 2143 2525 2180 :
2556 2138 2662 2180 non
2689 2133 2900 2195 oportet
2927 2126 3067 2181 enim
3096 2127 3269 2182 solum
3297 2141 3500 2193 amare,
3530 2126 3627 2181 sed
3643 2126 3803 2181 etiam

2224 2215 2410 2270 amari.
2431 2215 2611 2271 Primo
2629 2214 2681 2271 id
2697 2230 3065 2287 assequamur,
3089 2227 3147 2272 ut
3168 2233 3429 2286 amemur,
3448 2225 3503 2274 et
3518 2217 3643 2272 illud
3664 2215 3809 2272 aliud

2228 2306 2378 2363 facile
2408 2309 2530 2364 erit.
2558 2307 2837 2376 Quomodo
2861 2309 3028 2364 amari
3055 2310 3385 2380 poterimus?
3407 2309 3587 2365 Simus
3605 2306 3809 2377 pulchri

2227 2409 2281 2454 et
2307 2398 2454 2465 boni,
2481 2408 2536 2454 et
2563 2398 2667 2456 hoc
2691 2400 3058 2470 operabimur,
3091 2410 3149 2455 ut
3174 2415 3388 2472 semper
3413 2408 3682 2455 amatores
3710 2398 3808 2451 lia-

2228 2489 2468 2545 beamus.
2494 2489 2664 2545 Nemo
2690 2491 2760 2545 ita
2788 2500 2941 2547 curet
2966 2491 3219 2561 pecunias
3257 2491 3552 2562 possidere,
3581 2491 3665 2546 vel
3692 2505 3809 2545 ser-

2230 2595 2346 2645 vos,
2376 2579 2461 2635 vel
2486 2580 2699 2648 domos,
2727 2591 2785 2636 ut
2811 2582 3003 2649 amari,
3034 2591 3097 2637 ut
3125 2583 3322 2637 bonum
3364 2582 3565 2638 habere
3592 2596 3808 2637 nomen.

2235 2668 2420 2725 Helius
2444 2679 2516 2724 est
2540 2687 2740 2736 nomen,
2768 2688 2919 2742 quam
2939 2671 3129 2727 divitia:
3149 2673 3323 2727 multa:
3351 2672 3370 2743 (
3401 2671 3557 2727 Prov.
3588 2674 3680 2727 22.
3712 2674 3737 2727 1
3774 2676 3812 2741 ).

2236 2760 2368 2816 111ιι(1
2394 2761 2539 2816 enim
2567 2770 2766 2827 manet,
2798 2761 2880 2816 hae
2900 2760 3127 2832 pereunt
3153 2778 3167 2815 :
3195 2772 3250 2816 et
3276 2761 3406 2817 illud
3428 2762 3687 2832 possideri
3716 2779 3813 2833 po-

2237 2859 2360 2919 test,
2383 2850 2468 2906 ha:
2489 2868 2617 2907 vero
2649 2852 2892 2907 minime.
2920 2850 3051 2907 Nam
3081 2852 3170 2922 qui
3195 2852 3388 2906 malam
3412 2851 3572 2908 habet
3600 2852 3814 2916 famam,

2238 2942 2325 2998 vix
2375 2943 2517 2997 illam
2571 2951 2821 2998 excutere
2866 2941 3095 3013 poterit;
3141 2957 3344 3013 pauper
3375 2957 3502 2999 vero
3541 2958 3571 2998 a
3601 2945 3819 3000 nomine

2239 3036 2346 3091 cito
2372 3034 2523 3091 dives
2558 3035 2682 3091 erit.
2704 3035 2785 3091 Sit
2813 3036 2930 3105 quis
2976 3034 3112 3091 dena
3157 3034 3322 3090 millia
3354 3036 3549 3091 talenta
3582 3035 3784 3090 habens
3805 3077 3819 3099 ,

2241 3126 2376 3183 alius
2403 3140 2536 3184 vero
2577 3126 2780 3182 amicos
2809 3134 3021 3181 centum
3056 3141 3070 3179 :
3103 3125 3191 3181 hic
3216 3124 3311 3180 illo
3351 3124 3655 3195 opulentior
3696 3124 3820 3180 erit.

2241 3217 2321 3274 Ne
2368 3217 2525 3288 igitur
2565 3216 2668 3288 hoc
2708 3217 2880 3272 obiter
2919 3230 3188 3284 curemus,
3218 3215 3312 3271 sed
3354 3216 3507 3286 quasi
3535 3214 3821 3286 quamdam

2244 3286 2659 3364 abundantiami
2685 3305 3016 3379 quarramus.
3038 3307 3107 3363 Et
3143 3307 3413 3378 quomodo
3436 3348 3451 3374 ,
3495 3308 3699 3378 inquit,
3728 3321 3823 3377 pe-

2247 3399 2502 3455 terimus?
2528 3398 2681 3454 Facta:
2701 3398 2866 3455 dulcis
2890 3397 3188 3469 multiplicat
3207 3400 3418 3467 amicos,
3443 3408 3493 3454 et
3511 3398 3688 3470 lingua
3708 3414 3835 3468 gra-
3881 3407 3884 3411 ’

2249 3492 2377 3546 tiara
2406 3491 2611 3561 (Eccli.
2636 3491 2692 3547 6.
2724 3492 2820 3563 5).
2848 3491 2922 3548 Os
2944 3491 3083 3547 bene
3128 3492 3353 3562 loquens
3385 3491 3752 3563 possideamus
3778 3501 3831 3544 et

2250 3596 2427 3638 mores
2450 3597 2632 3653 puros.
2659 3580 2776 3637 Non
2809 3590 2984 3653 potest
3012 3583 3179 3639 latere
3207 3583 3296 3653 qui
3326 3583 3404 3639 sic
3432 3582 3653 3638 allectus
3681 3592 3783 3637 est.

2320 3673 2374 3728 4.
2422 3672 2556 3727 Vide
2599 3682 2794 3743 quanta
2822 3674 3021 3728 amoris
3046 3673 3253 3729 vincula
3304 3673 3513 3729 externi
3558 3673 3830 3743 excogita-

2252 3765 2401 3819 rint:
2431 3764 2810 3834 adoptionem,
2854 3764 3141 3831 viciniam,
3195 3766 3560 3838 cognationes.
3600 3765 3705 3823 Sed
3752 3765 3833 3820 his

2251 3854 2498 3911 omnibus
2528 3865 2711 3912 nostra
2738 3864 2864 3912 sunt
2910 3857 3112 3927 majora
3147 3875 3162 3912 :
3193 3857 3308 3914 haec
3338 3873 3522 3915 mensa
3554 3859 3834 3915 venerabi-

2253 3949 2373 4004 lior.
2399 3947 2552 4004 Multi
2577 3958 2758 4005 autem
2801 3964 2869 4006 ex
2912 3950 2998 4016 iis,
3050 3951 3142 4020 qui
3172 3952 3508 4018 accedimus,
3536 3968 3710 4023 neque
3737 3967 3835 4007 nos

2256 4051 2440 4098 mutuo
2462 4043 2727 4098 novimus.
2743 4042 2857 4099 Hoc
2880 4042 3168 4099 multitudo
3194 4045 3339 4109 facit,
3370 4045 3599 4114 inquies.
3626 4045 3835 4114 Nequa-

2255 4149 2433 4203 quam,
2463 4133 2558 4190 sed
2606 4135 2814 4204 ignavia
2842 4144 3044 4189 nostra.
3086 4135 3192 4191 Ter
3239 4135 3417 4199 mille,
3466 4144 3522 4190 et
3548 4136 3833 4206 quinquies

2260 4225 2405 4280 mille
2432 4233 2588 4280 erant
2611 4226 2708 4289 illi,
2740 4235 2795 4280 et
2822 4239 3011 4280 omnes
3040 4225 3308 4280 habebant
3351 4225 3584 4279 animam
3626 4241 3787 4280 unam
3821 4245 3833 4279 :

2260 4329 2400 4370 nunc
2415 4322 2594 4369 autem
2621 4315 2813 4385 singuli
2840 4315 3056 4370 fratrem
3083 4330 3238 4371 suum
3265 4316 3531 4386 ignorant,
3561 4332 3659 4371 nec
3680 4319 3841 4387 pudet

2259 4420 2355 4461 eos
2384 4404 2776 4462 multitudinem
2803 4416 3121 4476 praetexere.
3163 4405 3263 4475 Qui
3291 4408 3488 4463 multos
3516 4408 3679 4465 habet
3705 4412 3840 4465 ami-

2261 4512 2372 4564 cos,
2403 4498 2652 4555 omnibus
2679 4507 2763 4554 est
2787 4499 3231 4568 inexpugnabilis,
3270 4502 3460 4571 quovis
3482 4510 3709 4573 tyranno
3735 4502 3841 4557 for—

2264 4589 2388 4643 tior.
2416 4587 2533 4643 Non
2555 4588 2630 4643 ita
2658 4588 2808 4644 illum
2827 4590 2991 4644 alium
3013 4590 3293 4659 satellites,
3324 4602 3381 4647 ut
3404 4593 3546 4648 hunc
3569 4594 3724 4649 amici
3747 4609 3842 4648 cu-

2262 4679 2503 4736 stodiunt
2528 4680 2756 4751 :hicque
2776 4681 2971 4736 clarior
2989 4680 3080 4736 illo
3096 4691 3202 4737 est.
3223 4683 3317 4738 Illo
3345 4698 3575 4755 namque
3594 4699 3623 4738 a
3644 4684 3840 4750 servis,

2265 4772 2352 4828 hic
2379 4774 2447 4829 ab
2475 4773 2769 4844 aequalibus
2784 4773 3121 4830 custoditur:
3155 4774 3246 4830 ille
3264 4775 3334 4829 ab
3357 4776 3539 4834 invitis
3570 4785 3628 4833 et
3653 4778 3843 4833 timeu-

2267 4868 2427 4929 tibus,
2456 4865 2544 4921 hic
2579 4881 2609 4920 a
2642 4866 2945 4921 lubentibus
2991 4880 3092 4922 nec
3126 4868 3525 4935 metuentibus;
3558 4867 3844 4938 Videreque

2265 4966 2349 5011 est
2374 4971 2487 5012 rem
2513 4957 2735 5021 miram,
2769 4957 2822 5010 in
2867 4955 3049 5011 multis
3084 4971 3271 5024 unum,
3303 4966 3360 5012 et
3389 4954 3439 5012 in
3479 4974 3585 5014 uno
3626 4959 3838 5015 multos.

2269 5050 2441 5119 Atque
2469 5049 2598 5104 utin
2623 5047 2828 5104 cithara
2854 5048 3058 5105 diversi
3088 5049 3207 5105 soni
3243 5058 3387 5117 sunt,
3412 5066 3515 5105 una
3545 5065 3675 5106 vero
3695 5066 3843 5122 sym-

2269 5142 2486 5212 phonia,
2512 5155 2755 5211 unusque
2778 5141 3016 5197 musicus
3042 5141 3132 5212 qui
3159 5141 3417 5197 citharam
3443 5141 3617 5211 pulsat
3641 5160 3652 5195 :
3681 5142 3752 5196 ita
3791 5152 3846 5197 et

2272 5233 2357 5286 hic
2386 5249 2400 5286 :
2427 5230 2633 5286 cithara
2655 5231 2869 5302 quidem
2885 5240 2969 5288 est
2986 5233 3198 5296 caritas,
3223 5232 3338 5289 soni
3367 5246 3497 5286 vero
3520 5231 3681 5286 verba
3706 5234 3843 5287 cari-

2272 5330 2377 5377 tate
2400 5321 2579 5392 plena,
2609 5320 2737 5377 dum
2762 5336 2950 5377 omnes
2975 5322 3133 5377 simul
3154 5335 3314 5376 unam
3352 5321 3700 5392 eamdemque
3722 5321 3846 5377 har-

2273 5414 2504 5468 moniam
2531 5422 2586 5467 et
2605 5413 2980 5483 symphoniam
3008 5411 3277 5475 eflieiunt;
3313 5411 3550 5467 musicus
3574 5422 3847 5467 autemest

2272 5504 2508 5558 caritatis
2534 5504 2703 5559 virtus
2737 5522 2750 5558 :
2783 5503 2894 5573 ipsa
2928 5503 3088 5558 dulce
3116 5501 3285 5557 melos
3307 5501 3499 5571 pulsat.
3520 5502 3723 5558 Vellem
3753 5519 3848 5559 vos

2338 5618 2353 5649 ³
2380 5616 2485 5681 Alii
2509 5616 2699 5681 legunt,
2720 5615 3081 5679 negotiationem
3096 5652 3109 5679 ,
3132 5629 3234 5680 pro,
3254 5615 3611 5668 abundantiam.
3639 5623 3849 5681 Utraque

2275 5678 2422 5730 lectio
2445 5678 2681 5742 quadrare
2706 5678 2883 5741 potest.
