4108 6172
361 308 464 363 227

358 424 413 478 in
450 423 609 478 talem
655 419 925 475 civitatem
967 419 1199 484 ducere,
1231 421 1277 475 si
1309 420 1421 476 fieri
1450 430 1651 490 posset,
1684 421 1775 477 ubi
1810 437 1947 478 unus

358 522 501 569 esset
528 514 755 577 animus,
780 509 1062 568 etvideres
1084 511 1154 566 ibi
1182 511 1554 582 symphoniam
1573 514 1716 568 omni
1740 514 1943 570 cithara

357 615 411 660 ct
455 606 581 661 tibia
617 605 938 671 suaviorem,
971 603 1215 673 nihilque
1242 603 1430 658 absoni
1466 603 1773 660 habentem.
1816 605 1943 662 11:13.0

359 697 587 751 melodia
612 705 666 751 ct
685 695 906 765 angelos
934 703 988 749 et
1013 694 1329 764 angelorum
1357 694 1642 749 Dominum
1671 711 1734 752 ac
1776 697 1941 753 Deum

357 787 615 855 delectat;
642 788 756 841 h:ec
786 796 954 842 totum
983 787 1034 840 in
1058 786 1189 841 caelo
1214 789 1477 841 theatrum
1499 787 1730 854 excitat;
1757 787 1872 843 lucc
1891 799 1945 845 et

356 880 657 935 {humanum
699 878 936 934 furorem
959 877 1253 948 compescit
1286 885 1340 933 et
1376 877 1659 934 affectuum
1687 880 1941 950 impetum

354 970 627 1025 demulcet
658 972 698 1026 ί.
732 969 860 1025 llaec
906 968 1135 1024 melodia
1169 984 1273 1024 non
1320 970 1480 1025 modo
1511 970 1735 1027 affectus
1767 972 1939 1039 sedat,

352 1063 449 1117 sed
483 1077 581 1117 nec
604 1076 895 1132 exsurgere
920 1061 1070 1128 sinit,
1105 1076 1462 1132 magnumque
1494 1062 1619 1117 facit
1647 1064 1936 1119 silentium.

351 1155 504 1211 Sicut
528 1154 673 1209 enim
704 1154 755 1207 in
786 1154 995 1208 theatro
1017 1152 1341 1208 musicorum
1361 1169 1547 1209 omnes
1574 1153 1795 1210 chorum
1817 1169 1938 1210 cum

350 1246 564 1299 silentio
597 1244 840 1311 audiunt,
866 1244 1149 1315 nullusque
1176 1244 1245 1300 ibi
1283 1246 1541 1300 tumultus
1561 1254 1676 1300 est:
1702 1247 1781 1302 sic
1802 1247 1940 1304 inter

352 1336 577 1403 amicos,
608 1336 833 1391 caritate
858 1336 1125 1406 pulsante,
1173 1350 1360 1391 omnes
1395 1336 1618 1393 affectus
1658 1339 1941 1409 quiescunt

351 1436 410 1485 et
441 1426 714 1493 sedantur,
751 1436 810 1482 ut
835 1427 959 1482 ferae
988 1426 1246 1482 demulsre
1271 1436 1324 1483 et
1345 1429 1631 1498 mitigatae;
1664 1430 1823 1498 sicut,
1846 1431 1936 1486 ubi

348 1521 645 1576 inimicitia:
675 1530 820 1587 sunt,
851 1521 921 1576 ibi
967 1521 1147 1575 omnia
1192 1531 1317 1577 sunt
1345 1525 1635 1577 contraria.
1666 1522 1771 1579 Sed
1801 1523 1936 1579 nihil

346 1616 454 1684 jam
495 1614 563 1669 de
595 1610 870 1668 inimicitia
906 1612 1221 1683 loquamur:
1255 1614 1324 1670 de
1349 1614 1584 1669 amicitia
1626 1624 1829 1671 tantum
1855 1616 1935 1670 di-

346 1723 548 1763 camus.
572 1705 627 1763 Si
648 1706 772 1777 quid
799 1706 1139 1760 temerarium
1158 1705 1326 1771 dicas,
1351 1722 1509 1762 nemo
1540 1717 1622 1762 est
1647 1707 1733 1777 qui
1756 1708 1935 1762 insur-

344 1808 437 1870 gat
458 1799 509 1853 in
542 1808 617 1867 te,
642 1798 737 1854 sed
764 1812 954 1853 omnes
982 1798 1265 1866 ignoscunt
1289 1815 1304 1863 ;
1334 1800 1377 1854 si
1409 1800 1534 1870 quid
1563 1799 1746 1865 facias,
1777 1817 1934 1856 nemo

343 1891 664 1960 suspicatur,
706 1889 797 1946 sed
836 1904 1026 1960 magna
1054 1898 1138 1944 est
1184 1889 1510 1959 indulgentia
1538 1910 1549 1944 :
1575 1890 1787 1945 cadenti
1814 1908 1930 1946 om-

346 1997 443 2036 nes
474 1989 723 2052 prompte
771 1996 982 2036 manum
1012 1981 1331 2052 porrigunt;
1359 1996 1546 2035 omnes
1590 1982 1761 2051 ipsum
1793 1994 1935 2039 stare

340 2083 547 2128 curant.

414 2165 661 2220 Amicitiae
683 2167 815 2219 ratio
851 2194 922 2205 --
952 2163 1134 2219 Murus
1164 2178 1289 2219 vere
1314 2165 1664 2220 inconcussus
1691 2176 1771 2220 est
1803 2168 1935 2221 ami-

340 2257 484 2323 citia,
509 2257 598 2326 qui
626 2270 726 2311 nec
751 2270 779 2309 a
810 2255 1029 2311 diabolo
1053 2256 1277 2325 capitur,
1310 2255 1503 2310 nedqu
1526 2256 1593 2310 ab
1612 2256 1930 2313 hominibus.

338 2350 455 2404 Non
509 2358 686 2419 potest
738 2350 790 2403 iu
837 2347 1078 2419 pericula
1137 2348 1372 2403 incidere
1395 2349 1483 2419 qui
1526 2349 1727 2404 amicos
1770 2350 1934 2405 habet

340 2441 538 2494 multos
567 2457 581 2494 :
610 2439 753 2493 nulla
781 2438 936 2494 adest
983 2439 1080 2494 ira
1130 2440 1361 2501 occasio,
1392 2438 1486 2494 scd
1514 2442 1791 2494 suavitatis
1828 2452 1938 2496 tau-

342 2542 454 2587 tum
490 2551 503 2587 :
537 2533 589 2587 in
617 2532 728 2586 risu
760 2546 975 2601 semper
1003 2540 1083 2586 est
1105 2546 1168 2587 ac
1190 2531 1397 2587 deliciis
1423 2549 1436 2585 :
1465 2532 1604 2586 nulla
1630 2533 1699 2587 ibi
1724 2533 1933 2587 invidiae

337 2623 571 2689 occasio,
605 2623 750 2678 nulla
778 2623 1094 2692 injuriarum
1122 2623 1402 2679 memoria.
1434 2622 1584 2679 Hunc
1602 2624 1725 2679 vide
1751 2635 1805 2678 et
1827 2626 1932 2690 sni-

340 2715 551 2770 ritualia
625 2725 678 2770 et
728 2714 961 2770 carnalia
1027 2713 1182 2769 facile
1241 2714 1580 2784 dirigentem.
1624 2715 1758 2783 Quid
1809 2716 1931 2771 huic

338 2822 433 2877 par
456 2805 657 2861 fuerit?
680 2804 777 2861 ilic
801 2815 884 2860 est
912 2819 1009 2860 ceu
1034 2806 1220 2861 civitas
1248 2805 1483 2876 undique
1510 2808 1681 2862 muris
1705 2807 1879 2863 cincta
1910 2824 1927 2874 ;

333 2902 422 2955 ille
457 2915 584 2956 vero
611 2900 746 2954 alius
787 2899 936 2971 quasi
977 2899 1164 2955 civitas
1218 2900 1336 2955 sine
1367 2902 1551 2956 muris.
1585 2901 1788 2973 Magnae
1837 2917 1925 2958 sa-

330 2994 544 3062 pientiae
590 3000 693 3056 est,
728 3006 887 3063 posse
912 2992 1174 3046 amicitias
1201 2991 1512 3047 conciliare.
1544 2993 1698 3049 Tolle
1738 2996 1926 3050 amici-

333 3085 458 3138 tiam
483 3092 538 3138 et
564 3082 743 3137 omnia
766 3081 1065 3148 sustuleris,
1096 3082 1274 3135 omnia
1297 3081 1625 3137 confuderis.
1658 3083 1714 3140 Si
1736 3095 1913 3141 autem

331 3175 580 3230 amicitia:
602 3173 780 3243 imago
806 3180 1002 3227 tantam
1030 3172 1135 3225 vim
1159 3170 1341 3238 habet,
1369 3172 1481 3242 ipsa
1508 3173 1706 3230 veritas
1726 3186 1923 3244 quanta

333 3267 475 3323 erit?
499 3264 717 3321 Amicos
744 3280 871 3335 ergo
915 3264 1069 3319 nobis
1115 3279 1387 3336 paremus,
1416 3265 1661 3334 obsecro,
1690 3275 1740 3323 et
1788 3267 1925 3325 hanc

328 3405 387 3515 dt
422 3401 557 3515 HE:
581 3409 627 3455 et
648 3403 907 3467 aﬂ‘ectuum
918 3398 1147 3466 impetum
1168 3399 1427 3463 demulcet,
1451 3400 1634 3453 desunt
1654 3403 1706 3453 in
1719 3404 1919 3467 quibus-

365 3480 439 3514 am
514 3480 524 3489 ‘
557 3503 569 3515 .

365 3480 439 3514 am
463 3480 569 3515 MSS.

1064 306 1121 362 S.
1162 304 1437 361 JUANNIS
1462 305 1935 365 CIIRYSOSTOMI
1966 310 2284 369 ARCHIEP.
2316 316 2844 379 CONSTANTINOP.

3535 337 3638 394 288

2055 434 2223 483 artem
2249 430 2421 500 quivis
2464 444 2735 488 exerceat.
2770 434 2838 489 Et
2864 450 3013 504 ecce,
3044 438 3270 510 inquies,
3313 458 3413 516 ego
3436 458 3637 515 conor;

2054 519 2143 575 ille
2172 536 2301 577 vero
2324 538 2431 577 non
2449 533 2618 581 curat.
2650 526 2816 597 Major
2849 530 2938 584 tibi
2969 547 3176 588 merces
3205 535 3281 590 sic
3301 538 3421 592 erit.
3442 539 3635 610 Etiam,

2050 610 2282 681 inquies,
2311 613 2405 668 sed
2431 630 2519 670 res
2549 626 2674 672 tunc
2722 617 2989 674 difficilior
3016 633 3117 676 eat.
3151 624 3462 698 Quomodo,
3492 646 3633 702 qua)-

2048 704 2149 758 so?
2179 705 2319 760 Ecce
2351 707 2608 763 testificor
2624 718 2677 765 et
2703 709 2844 778 dico,
2876 729 2919 766 sn
2946 713 3132 771 decem
3157 726 3362 775 tantum
3392 737 3488 779 vos
3507 740 3638 780 con-

2042 794 2341 865 jungeretis
2364 840 2379 863 ,
2435 809 2488 855 et
2512 814 2648 870 opus
2683 803 3007 874 praedicandi
3056 807 3195 862 sicut
3224 814 3451 880 apostoli
3484 816 3637 873 vobis

2047 890 2465 958 constitueretis,
2496 901 2552 947 et
2577 894 2715 949 sicut
2745 897 3017 966 prophetae
3067 900 3354 969 docebant,
3384 907 3463 962 sic
3493 910 3628 965 ami-

2045 992 2139 1032 cos
2167 977 2343 1036 facere
2364 981 2670 1050 studeretis,
2697 1001 2945 1057 magnam
2976 988 3133 1044 vobis
3162 992 3275 1049 fore
3301 998 3631 1054 mercedem.

2044 1067 2239 1139 Regios
2280 1072 2433 1128 nobis
2464 1073 2723 1145 imagines
2755 1093 3045 1146 paremus:
3076 1079 3179 1137 hoc
3214 1085 3357 1139 enim
3396 1087 3633 1160 discipu-

2042 1160 2213 1217 lorum
2240 1164 2539 1235 symbolum
2572 1177 2674 1223 est.
2708 1167 2890 1224 Etcur
2919 1186 3024 1227 non
3053 1174 3223 1243 majus
3251 1177 3521 1248 quidpiam
3555 1182 3631 1237 fa-

2042 1255 2233 1323 cimus,
2264 1271 2421 1326 quam
2453 1258 2496 1312 si
2522 1258 2675 1313 nobis
2714 1258 3018 1317 facultatem
3057 1268 3454 1336 acquireremus
3483 1287 3627 1328 mor-

2043 1353 2163 1399 tuos
2186 1346 2517 1403 suscitandi?
2544 1349 2799 1406 Diadema
2830 1363 2882 1407 et
2900 1369 3131 1424 purpura
3157 1372 3338 1428 regem
3358 1359 3628 1419 indicant:

2040 1436 2087 1491 si
2116 1437 2232 1493 haec
2260 1434 2368 1493 non
2398 1438 2596 1506 adsint,
2627 1442 2838 1497 etiamsi
2866 1458 3028 1498 aurea
3063 1447 3255 1503 habeat
3281 1454 3623 1520 vestimenta,

2040 1529 2279 1584 nondum
2316 1545 2408 1585 rex
2435 1532 2806 1588 manifestatus
2826 1545 2926 1589 est.
2951 1534 3026 1590 Ita
3048 1546 3101 1592 et
3132 1546 3187 1592 tu
3207 1554 3347 1596 nunc
3374 1541 3509 1597 hanc
3537 1545 3629 1601 tibi

2040 1630 2298 1678 tesseram
2329 1623 2507 1691 facito,
2531 1635 2586 1681 et
2616 1626 2707 1682 tibi
2736 1636 2790 1682 et
2818 1627 2940 1682 aliis
2966 1628 3169 1685 amicos
3190 1633 3428 1701 parabis.
3458 1635 3630 1692 Nemo

2038 1714 2127 1784 qui
2153 1724 2381 1781 ametur,
2412 1717 2537 1772 odio
2560 1717 2760 1774 habere
2785 1718 2933 1775 velit.
2968 1720 3244 1779 Discamus
3275 1725 3483 1782 colores
3510 1728 3627 1785 illos

2038 1808 2128 1877 qui
2152 1809 2467 1877 miscentur,
2494 1810 2685 1880 quibus
2710 1811 2887 1882 imago
2919 1812 3007 1867 illa
3028 1815 3372 1873 constituitur
3399 1834 3412 1870 :
3442 1817 3625 1876 diserti

2038 1900 2205 1955 simus
2228 1917 2242 1952 :
2261 1915 2331 1957 ne
2344 1911 2714 1971 exspectemus
2731 1904 3023 1973 proximos.
3046 1904 3126 1961 Ne
3146 1906 3292 1963 dicas
3321 1925 3335 1963 :
3362 1909 3418 1964 Si
3446 1910 3626 1967 videro

2036 1992 2268 2063 aliquem
2298 1994 2530 2062 tardum,
2558 2010 2660 2066 ego
2702 1996 2939 2052 deterior
2980 1996 3050 2053 fio
3084 2016 3097 2053 :
3127 1999 3236 2054 imo
3288 2001 3335 2055 si
3388 2002 3580 2059 videris
3602 2046 3619 2070 ,

2040 2098 2353 2156 praeoccupa
2373 2126 2388 2152 ,
2421 2095 2476 2141 et
2505 2086 2620 2155 ejus
2645 2087 2831 2141 vitium
2861 2090 3161 2161 exstingue.
3195 2090 3419 2162 Ai‘gmm
3454 2095 3618 2158 vides,

2039 2186 2090 2231 et
2123 2177 2366 2232 morbum
2395 2180 2597 2248 auges?
2622 2180 2734 2237 lloc
2766 2181 2997 2236 maxime
3042 2190 3097 2235 et
3124 2192 3249 2240 ante
3280 2185 3455 2239 omnia
3485 2202 3622 2257 pra:-

2039 2275 2262 2336 stemus,
2283 2269 2557 2325 uthonore
2575 2284 2673 2325 nos
2696 2279 2882 2326 mutuo
2900 2272 3292 2341 przeveniamus
3325 2273 3499 2347 (liam.
3538 2277 3622 2336 l2.

2040 2357 2151 2428 10),
2186 2373 2283 2413 nec
2301 2367 2459 2427 putes
2482 2367 2532 2414 te
2554 2357 2746 2428 minui,
2771 2376 2894 2417 cum
2924 2370 3081 2432 putas
3104 2362 3239 2419 alios
3269 2372 3321 2420 te
3349 2367 3619 2423 excellent-

2038 2450 2221 2505 tiores.
2256 2450 2311 2506 Si
2343 2451 2514 2520 ipsum
2569 2452 2775 2509 honore
2826 2456 3143 2525 prteveuias,
3195 2458 3423 2528 teipsum
3454 2462 3623 2533 magis

2038 2542 2309 2597 honorasti
2341 2542 2541 2613 tibique
2572 2544 2833 2600 honorem
2859 2547 3147 2602 attraxisti.
3189 2547 3395 2621 Ubique
3426 2553 3624 2621 primas

2036 2635 2154 2690 aliis
2180 2635 2560 2692 concedamus.
2582 2636 2721 2692 Nihil
2739 2653 2949 2704 eorum,
2980 2654 3098 2709 quae
3128 2640 3284 2697 nobis
3310 2642 3451 2698 illata
3476 2655 3619 2711 sunt,

2036 2727 2294 2782 malorum
2324 2728 2693 2795 recordemur,
2713 2730 2807 2785 sed
2839 2733 3104 2788 bonorum
3128 2741 3355 2789 tantum.
3380 2734 3522 2792 Nihil
3546 2740 3623 2795 sic

2034 2822 2157 2877 facit
2182 2825 2411 2878 amicum
2439 2833 2497 2878 ut
2523 2832 2674 2894 grata
2705 2824 2904 2895 lingua,
2924 2840 2987 2881 os
3012 2826 3149 2883 bene
3179 2826 3620 2897 loquens,anima

2032 2917 2147 2970 sine
2176 2916 2329 2982 fastu,
2350 2931 2499 2971 vanae
2512 2917 2695 2987 gloria:
2720 2926 2771 2972 et
2799 2918 3017 2973 honoris
3039 2929 3397 2989 contemptus.
3429 2922 3484 2977 Si
3507 2922 3621 2980 haac

2031 3005 2337 3075 fecerimus,
2367 3008 2662 3078 poterimus
2705 3008 2900 3063 diaboli
2935 3009 3136 3080 laqueis
3173 3011 3429 3068 inaccessi
3459 3028 3616 3079 esse;

2029 3105 2085 3152 et
2113 3098 2363 3154 virtutem
2417 3108 2666 3154 accurate
2694 3100 2925 3164 sectati,
2975 3102 3236 3171 promissa
3275 3103 3619 3175 diligentibus

2030 3188 2199 3244 Deum
2230 3189 2368 3245 bona
2419 3190 2696 3260 consequi,
2749 3191 2917 3261 gratia
2950 3199 3003 3247 et
3030 3191 3361 3265 benignitate
3408 3195 3619 3254 Domini

2027 3282 2199 3335 nostri
2228 3280 2355 3337 Jesu
2383 3280 2603 3348 Christi,
2644 3283 2859 3353 quicum
2912 3283 3059 3339 Patri
3097 3295 3152 3341 et
3180 3286 3403 3357 Spiritui
3431 3299 3617 3344 sancto

2030 3373 2222 3443 gloria,
2240 3372 2545 3444 imperium,
2567 3374 2763 3443 honor,
2791 3390 2930 3431 nunc
2951 3384 3004 3432 et
3018 3392 3248 3449 semper,
3269 3388 3325 3435 et
3345 3381 3399 3437 in
3420 3382 3615 3437 simula

2024 3464 2369 3520 saeculorum.
2387 3464 2582 3521 Amen.

359 3575 3618 3604 mm

1646 3639 1995 3705 HOMILIA
2040 3644 2199 3705 XLI.

329 3783 461 3838 Car.
507 3781 593 3837 19.
628 3796 682 3835 v.
713 3782 763 3836 8.
812 3778 1077 3851 Ingressus
1110 3780 1163 3833 in
1207 3795 1537 3852 synagogant,
1578 3799 1692 3836 cum
1728 3785 1917 3853 ﬁducia

400 3873 704 3944 loquebatur
748 3887 838 3943 per
868 3880 968 3925 tres
999 3886 1215 3936 menses,
1244 3871 1510 3942 disputans
1544 3881 1591 3927 et
1610 3873 1831 3929 suadens
1854 3874 1917 3929 de

400 3980 557 4035 regno
583 3962 699 4018 Dei.

402 4059 455 4112 1.
478 4056 779 4128 Synagogas
800 4059 1084 4127 frequenter
1107 4054 1215 4108 adit
1246 4052 1473 4121 Paulus,
1501 4070 1674 4125 quare.
1695 4085 1766 4095 -
1784 4055 1914 4112 Vide

330 4150 545 4219 ubique,
574 4158 632 4204 ut
658 4163 717 4205 se
747 4148 801 4203 in
828 4161 1130 4220 synagogas
1152 4146 1412 4215 immittit,
1436 4156 1491 4202 et
1515 4147 1597 4202 sic
1616 4147 1909 4218 demigi-at:

329 4244 525 4314 ubique
555 4242 697 4297 enim
736 4240 803 4296 ab
842 4240 949 4295 illis
978 4238 1191 4295 volebat
1215 4238 1555 4294 occasionem
1596 4252 1910 4307 assumere,

325 4349 383 4389 ut
402 4334 535 4391 dixi.
573 4332 706 4389 Nam
734 4340 924 4403 gentes
955 4331 1065 4402 jam
1103 4330 1223 4387 zelo
1264 4327 1563 4397 fervebant,
1603 4339 1659 4385 et
1683 4331 1913 4387 libenter

324 4441 445 4482 eum
473 4424 844 4495 accipiebant;
883 4421 1055 4478 Judaei
1084 4436 1214 4477 vero
1261 4422 1513 4492 gentibus
1558 4421 1717 4478 ﬁdem
1737 4424 1910 4478 susci-

323 4520 622 4589 pientibus,
654 4516 1023 4588 poeuitentiam
1061 4516 1310 4586 agebant.
1354 4515 1582 4570 Volebat
1619 4514 1910 4587 discipulos

325 4613 474 4668 illine
513 4610 850 4674 abstrahere,
893 4616 947 4662 et
970 4608 1037 4663 ab
1062 4607 1167 4662 illis
1188 4607 1451 4675 incipere,
1482 4615 1542 4661 ut
1570 4621 1639 4661 ne
1663 4621 1784 4661 cum
1807 4607 1912 4662 illis

321 4710 779 4774 congregarentur
805 4717 818 4752 :
844 4712 1020 4767 neque
1043 4698 1161 4751 sine
1188 4710 1348 4751 causa
1374 4696 1480 4750 hoc
1519 4694 1766 4750 faciebat.
1789 4695 1912 4751 Ideo

324 4797 637 4866 frequenter
681 4806 802 4848 cum
834 4790 942 4845 illis
986 4789 1330 4858 disputabat,
1373 4789 1497 4859 quia
1532 4788 1907 4858 persuadebat.

324 4890 401 4946 Ne
431 4889 627 4961 igitur,
658 4886 782 4958 quia
813 4883 1025 4940 dicendi
1067 4882 1365 4938 libertatem
1390 4882 1620 4949 audisti,
1649 4885 1910 4953 asperita-

323 4992 430 5037 tem
464 4989 619 5052 putes
649 4998 662 5033 :
696 4962 765 5034 de
791 4976 1011 5033 utilibus
1040 4975 1202 5031 rebus
1242 4973 1570 5045 disputabat,
1599 4975 1668 5029 de
1692 4990 1859 5047 regno
1889 4993 1903 5030 :

331 5073 453 5142 quis
480 5088 586 5127 ncn
627 5067 901 5125 audisset?
930 5067 984 5123 9.
1021 5084 1041 5118 ι
1072 5066 1205 5120 Cum
1235 5073 1412 5120 autem
1440 5064 1655 5135 quidam
1697 5066 1909 5122 indura-

322 5180 527 5232 rentur,
556 5173 736 5218 etnon
758 5160 1080 5224 crederent,
1110 5156 1495 5213 maledicentes
1526 5158 1661 5212 viam
1693 5158 1907 5214 Domini

326 5272 510 5311 miram
539 5252 877 5309 multitudine
896 5292 910 5316 ,
934 5249 1216 5306 discedens
1238 5249 1305 5303 ab
1344 5249 1454 5316 eis,
1486 5252 1785 5321 segregavit
1828 5251 1909 5306 di-

330 5347 587 5417 scipulos,
613 5343 854 5415 quotidie
880 5341 1161 5412 disputans
1183 5341 1236 5395 in
1264 5340 1449 5397 schola
1471 5340 1707 5412 Tyranni
1732 5343 1908 5412 cujus-

326 5436 471 5492 dam.
500 5437 587 5491 lO.
622 5435 734 5491 Hoc
760 5442 941 5490 autem
962 5431 1167 5487 factum
1199 5439 1280 5487 est
1306 5446 1401 5502 per
1440 5431 1734 5498 biennium,
1765 5434 1912 5488 itaut

323 5545 547 5594 omnes,
578 5530 668 5600 qui
717 5526 1029 5584 habitabant
1076 5526 1130 5581 in
1178 5526 1347 5592 Asia,
1402 5524 1649 5581 audirent
1689 5525 1909 5581 verbum

330 5622 541 5679 Domini
570 5621 727 5689 Jesu,
764 5629 873 5676 tam
919 5618 1090 5676 Judaei
1133 5633 1294 5689 quam
1333 5616 1528 5674 Graci.
1568 5636 1587 5670 ι
1618 5616 1770 5671 Viam
1792 5632 1909 5672 me-

323 5715 426 5769 rito
456 5713 717 5768 vocabant
751 5712 1185 5782 prmdicationem
1211 5728 1226 5775 ;
1256 5725 1383 5766 vere
1413 5709 1557 5765 enim
1582 5708 1698 5764 haec
1722 5709 1806 5762 via
1829 5716 1911 5763 est

324 5824 441 5879 qua:
474 5805 618 5860 ducit
660 5806 726 5863 ad
757 5820 978 5876 regnum
1031 5806 1307 5861 crelorum.
1344 5803 1409 5858 In
1467 5804 1658 5870 schola,
1711 5804 1903 5874 inquit,

2029 3784 2259 3857 Tyranni
2298 3788 2570 3858 cujusdam
2608 3787 2922 3859 disputabat.
2983 3787 3049 3843 Et
3083 3789 3179 3843 hoc
3201 3795 3392 3862 factum
3422 3802 3491 3846 est
3524 3808 3614 3862 per

2026 3876 2313 3943 biennium,
2337 3878 2408 3931 ita
2436 3887 2490 3932 ut
2526 3894 2699 3933 omnes
2725 3878 2959 3933 audirent
3003 3895 3285 3935 sermonem
3313 3892 3416 3937 tam
3441 3881 3613 3936 Judwi

2023 3983 2175 4033 quam
2203 3967 2386 4023 erci.
2417 3967 2578 4025 Vides
2608 3977 2863 4040 quantum
2894 3969 3091 4037 profuit
3133 3973 3349 4028 assidue
3375 3974 3611 4043 urgere?

2022 4056 2092 4111 Et
2118 4056 2288 4113 Judzei
2318 4067 2373 4114 et
2394 4058 2566 4114 Grazci
2607 4059 2916 4115 audiebant.
2942 4060 3030 4119 Η.
3058 4079 3077 4113 ι
3114 4061 3458 4134 Virtutesque
3488 4079 3593 4118 non

2020 4151 2289 4222 quaslibet
2338 4151 2568 4207 faciebat
2619 4152 2760 4207 Deus
2813 4168 2908 4222 per
2959 4169 3150 4209 manus
3194 4154 3368 4223 Pauli,
3426 4155 3513 4210 12.
3553 4167 3613 4212 ιιι

2025 4244 2188 4300 etiam
2220 4258 2384 4314 super
2426 4246 2707 4315 languidos
2759 4246 3099 4304 deferrentur
3136 4247 3205 4305 de
3230 4264 3456 4321 corpore
3494 4252 3611 4323 ejus

2029 4333 2271 4403 sudaria,
2313 4344 2370 4391 et
2414 4335 2780 4403 semicinctia,
2838 4347 2892 4392 et
2920 4339 3235 4396 recederent
3289 4342 3356 4396 ab
3394 4343 3473 4397 eis
3496 4342 3610 4397 lan-

2018 4441 2233 4497 guores,
2262 4434 2317 4481 et
2335 4426 2555 4497 spiritus
2572 4442 2799 4499 nequam
2828 4430 3038 4485 exirent
3065 4430 3134 4485 ab
3159 4432 3263 4487 eis.
3301 4452 3319 4485 ι
3348 4431 3464 4488 Non
3488 4442 3608 4488 tan-

2018 4518 2218 4589 gebant
2247 4519 2419 4574 solum
2449 4518 2681 4576 ferentes
2700 4563 2715 4589 ,
2742 4520 2836 4576 sed
2877 4523 3202 4593 accipientes
3230 4524 3602 4594 imponebant.

2017 4608 2141 4666 Ideo
2170 4625 2278 4665 non
2305 4610 2429 4665 sivit
2451 4610 2697 4667 Christus
2736 4613 2886 4668 illum
2919 4614 2997 4669 ire
3027 4614 3078 4668 in
3116 4614 3326 4683 Asiam,
3358 4615 3457 4671 hoc
3477 4626 3610 4672 tem-

2017 4716 2117 4773 pus
2142 4702 2454 4770 observans,
2483 4714 2541 4758 ut
2554 4719 2654 4776 ego
2679 4713 2828 4775 puto.
2859 4706 2945 4761 15.
2987 4725 3005 4755 ι
3038 4706 3407 4762 Teutaverunt
3428 4719 3605 4764 autem

2016 4793 2232 4864 quidam
2267 4809 2334 4849 ex
2392 4795 2850 4851 circumeuntibus
2882 4796 3081 4851 Juda-is
3127 4798 3408 4854 exorcistis
3454 4799 3597 4855 invo-

2016 4899 2140 4941 care
2162 4900 2324 4953 super
2363 4899 2489 4951 eos,
2520 4886 2611 4956 qui
2637 4885 2906 4941 habebant
2932 4890 3152 4957 spiritus
3184 4890 3380 4958 malos,
3412 4905 3611 4947 nomen

2018 4976 2231 5031 Domini
2258 4975 2385 5030 Jesu
2408 5018 2424 5043 ,
2458 4975 2739 5031 dicentes:
2773 4975 3095 5047 Adjuramus
3135 4994 3233 5034 vos
3269 4994 3367 5050 per
3395 4979 3607 5049 Jesum,

2017 5082 2177 5138 quem
2208 5065 2405 5122 Paulus
2447 5068 2722 5137 pricdicat.
2748 5085 2768 5120 ι
2813 5067 2889 5123 lta
2929 5071 3108 5124 omnia
3152 5069 3421 5127 faciebant
3475 5073 3619 5129 lucri'

2015 5173 2197 5214 causa.
2232 5156 2366 5212 Vide
2399 5175 2411 5212 :
2446 5158 2667 5214 credere
2698 5158 2911 5229 quidem
2943 5159 3198 5217 nolebant
3220 5203 3235 5230 ,
3259 5162 3353 5218 sed
3384 5177 3481 5234 per
3507 5164 3611 5221 hoc

2017 5266 2211 5307 nomen
2249 5250 2499 5304 volebant
2537 5251 2736 5321 ejicere
2770 5252 3055 5309 dmmonia.
3102 5254 3261 5324 Papa:
3284 5296 3299 5321 ,
3350 5265 3610 5326 quantum

2014 5350 2132 5396 erat
2170 5356 2364 5395 nomen
2394 5341 2542 5396 Pauli
2571 5342 2585 5395 !
2618 5343 2706 5397 14.
2744 5361 2763 5394 ι
2798 5343 2962 5399 Erant
2989 5353 3167 5399 autem
3194 5344 3411 5415 quidam
3436 5344 3610 5400 Judaei

2022 5433 2229 5497 Scevaz,
2279 5432 2535 5503 principis
2575 5434 2950 5500 sacerdotum,
2991 5444 3197 5506 septem
3240 5436 3358 5505 lilii,
3389 5436 3480 5506 qui
3502 5435 3608 5493 hoc

2017 5526 2300 5581 faciebant.
2336 5525 2424 5583 15.
2450 5526 2805 5598 Respondeas
2834 5536 3016 5584 autem
3059 5528 3282 5599 spiritus
3331 5544 3562 5599 nequam
3584 5571 3600 5595 ,

2015 5619 2149 5675 dixit
2173 5618 2253 5674 eis
2283 5634 2296 5670 :
2329 5617 2513 5674 Jesum
2541 5620 2661 5674 novi
2687 5660 2702 5685 ,
2747 5629 2804 5675 et
2840 5619 3061 5675 Paulum
3110 5621 3261 5688 scio;
3298 5631 3397 5676 vos
3423 5627 3600 5674 autem

2017 5712 2107 5782 qui
2134 5709 2304 5765 estis?
2354 5708 2439 5763 16.
2469 5710 2536 5765 Ει
2564 5710 2807 5766 insiliens
2836 5711 2888 5766 in
2916 5726 3012 5767 eos
3042 5710 3206 5767 homo
3225 5754 3239 5779 ,
3276 5712 3327 5766 in
3356 5726 3462 5782 quo
3491 5721 3604 5765 erat

2017 5800 2346 5860 daemonium
2394 5801 2689 5873 pessimum
2720 5811 2773 5860 et
2802 5802 3104 5861 dominatus
3129 5818 3318 5862 eorum
3342 5845 3355 5872 ,
3381 5802 3603 5859 invaluit
