4086 6164
343 235 450 290 289

342 362 521 416 χοντο
541 342 1073 412 ἐξομολογ.ύμενοι
1097 340 1194 394 καί
1226 337 1702 408 ἀναγγέλλοντες
1730 334 1837 402 τὰς
1864 331 2010 400 πρά-

342 433 465 499 ξεις
491 429 707 485 αὐτῶν.
754 429 972 500 Ἐπειδὴ
1003 427 1113 499 γάρ
1161 425 1429 497 τοσαύτην
1465 425 1616 495 ἰσχὺν
1651 422 1828 493 ἔσχον,
1865 419 2007 473 ὥστε

339 519 426 572 διὲ
447 515 555 571 τῶν
598 515 888 586 δαιμονίων
912 513 1137 569 τοιαῦτα
1167 514 1363 575 ποιεῖν,
1404 510 1627 572 είκότως
1659 507 1832 562 ταῦτα
1860 505 2003 574 γίνε-

341 613 451 652 ται.
497 597 705 653 Ἰκανοί
733 613 796 650 τε
848 596 964 650 τῶν
993 596 1066 649 τὰ
1097 594 1378 663 περίεργα
1408 591 1764 662 πραξάντων
1788 604 2009 643 συνεν-

340 678 625 749 έγκαντες
650 678 755 744 τὰς
779 679 1055 745 βίϐλους,
1093 676 1409 732 κατέκαιον
1433 673 1691 728 ἐνώπιον
1742 671 2007 735 πάντων,

341 768 438 820 καὶ
469 766 905 837 συνεψήφισαν
936 766 1038 832 τὰς
1066 764 1235 834 τιμὰς
1259 760 1475 829 αὐτῶν,
1500 759 1596 815 καί
1621 754 1801 828 εὗρον
1832 758 2011 827 ἀργυ-

340 853 474 920 ρίου
488 853 782 922 μιφιάδας
798 853 999 909 πέντε.
1031 852 1194 906 Οὕτω
1221 848 1372 903 κατὰ
1398 846 1616 917 κράτος
1640 849 1673 902 ὀ
1700 846 1882 915 λόγος
1902 842 2010 897 τοῦ

343 941 565 1008 Κυρίου
592 940 822 1009 ηὔξανε
856 942 953 995 καί
993 940 1228 1009 ἴσχυεν.
1261 937 1502 999 Ἰδόντες,
1538 935 1621 988 ὅτι
1645 931 1798 987 οὐδὲν
1830 929 2010 985 αὐτῶν

342 1025 532 1095 ὄφελος
568 1027 750 1080 λοιπὸν
781 1023 869 1098 ἦν,
921 1024 1278 1081 κατακαίουσι
1327 1022 1426 1087 τὰς
1457 1021 1671 1093 βίϐλους
1690 1031 1714 1061 ιι
1744 1036 1758 1052 ο
1797 1019 1885 1072 ὅτε
1916 1017 2012 1071 καὶ

344 1113 498 1166 αὐτοὶ
525 1116 571 1166 οί
601 1114 851 1184 δαίμονες
872 1113 1046 1168 ταῦτα
1081 1111 1345 1167 ποιοῦσιν.
1382 1111 1497 1165 Οὐκ
1522 1109 1631 1181 ἀρα
1655 1107 1716 1161 τὸ
1756 1105 1928 1176 ὄνομά
1955 1123 2010 1158 τι

344 1202 508 1263 ποιεῖ,
539 1200 605 1253 ἃν
634 1202 709 1270 μὴ
740 1200 876 1271 μετά
906 1201 1140 1263 πίστεως
1167 1199 1412 1268 λέγηται.
1440 1194 1637 1258 Καλῶς
1666 1195 1775 1263 ἄρα
1802 1191 2008 1261 ἔλεγεν,

355 1285 419 1340 '0
442 1289 743 1342 πιστεύων
766 1290 851 1355 είς
897 1287 1022 1358 ἐμὲ,
1051 1286 1290 1356 μείζονα
1320 1282 1579 1351 ποιήσει,
1611 1281 1767 1335 τοῦτο
1796 1279 1859 1333 τὸ
1902 1279 2009 1334 τῶν

344 1373 513 1428 σκιῶν
537 1376 921 1446 αἰνιττόμενος.
953 1374 1096 1446 Ὅρα
1130 1372 1248 1436 πῶς
1277 1373 1390 1436 τοῖς
1422 1370 1608 1432 ὅπλοις
1649 1368 1772 1421 καθ’
1801 1365 2010 1421 ἑαυτῶν

343 1460 642 1531 ἐχρήσαντο
709 1460 817 1517 Καὶ
853 1459 1171 1529 διελέγετο,
1203 1460 1388 1531 φησὶν,
1442 1457 1512 1511 ὲν
1538 1453 1612 1524 τῇ
1645 1452 1847 1524 σχολῇ
1900 1457 2003 1507 Τυ-

334 1546 566 1616 ράννου
592 1549 752 1616 τινὸς
784 1549 882 1603 ἐπὶ
932 1549 1036 1616 ἔτη
1077 1548 1208 1604 δύο.
1261 1547 1429 1600 Ἔνθα
1482 1542 1663 1598 πιστοὶ
1708 1537 1869 1613 ἦσαν’,
1915 1539 2009 1594 καὶ

347 1634 551 1705 σφόδρα
580 1634 778 1689 πιστοί.
810 1633 996 1699 Οὕτως
1020 1634 1169 1688 οὐδὲν
1210 1633 1350 1705 μέγα
1379 1630 1628 1703 ἐνόμιζον
1656 1628 1748 1683 τὸν
1776 1626 2004 1698 Ἰησοῦν,

344 1720 426 1773 ὅτι
455 1722 547 1775 καὶ
568 1722 658 1777 τὸν
684 1722 892 1778 Παῦλον
921 1721 1329 1794 προσετίθεσαν,
1361 1719 1437 1784 ὡς
1468 1718 1632 1773 αὑτὸν
1664 1715 1837 1788 ταύτῃ
1866 1714 2008 1784 μέγα

342 1823 395 1859 τι
426 1806 735 1879 νομίζοντες
765 1805 923 1865 εἶναι.
958 1808 1139 1874 Ἀξιον
1186 1806 1420 1862 ἐνταῦθα
1459 1804 1759 1874 θαυμάσαι,
1819 1802 1936 1865 πῶς
1979 1804 2009 1856 ό

341 1891 548 1964 δαίμων
568 1896 627 1948 οὐ
660 1895 991 1968 συνέπραξεν
1014 1897 1219 1959 ἐκεῖνος
1243 1897 1308 1966 τῇ
1331 1892 1439 1946 τῶν
1464 1889 1792 1962 ἐξορκιστῶν
1809 1888 2004 1960 πλάνῃ,

341 1978 478 2034 ἀλλὰ
508 1981 785 2053 διήλεγξεν
817 1982 1035 2047 αὐτοὺς,
1057 1982 1153 2035 καὶ
1184 1981 1283 2051 τὴν
1322 1979 1527 2051 σκηνὴν
1564 1976 1744 2032 αὐτῶν
1773 1974 2009 2047 φανερὰν

341 2066 613 2139 ἐποίησεν.
659 2068 813 2140 Ἐμοὶ
865 2069 1015 2123 δοκεῖ
1069 2068 1275 2140 σφόδρα
1319 2065 1612 2138 θυμωθεὶς,
1642 2064 1830 2136 ὥσπερ
1861 2063 1926 2118 ἀν
1959 2064 2012 2118 εί

339 2171 423 2216 τις
445 2155 702 2227 περὶτῶν
732 2156 974 2227 ἐσχάτων
990 2154 1334 2220 κινδυνεύων,
1355 2153 1461 2207 ὑπό
1484 2168 1631 2214 τινος
1663 2149 1880 2222 οἰκτροῦ
1914 2149 2010 2204 καὶ

340 2241 686 2315 ταλαιπώρου
714 2242 1064 2314 διελέγχοιτο,
1097 2246 1191 2296 καὶ
1238 2241 1414 2295 πάντα
1443 2241 1523 2304 είς
1551 2238 1755 2292 ἐκεῖνον
1793 2238 2008 2307 ἀφεῖναι

345 2326 593 2395 βούλεται
631 2327 723 2383 τὸν
751 2328 942 2400 θυμόν.
993 2328 1110 2382 ’Ίνα
1147 2328 1256 2398 γὰρ
1292 2328 1368 2399 μὴ
1400 2325 1524 2397 δόξῃ
1552 2321 2007 2397 καταφρονεῖσθαι

341 2414 403 2467 τὸ
422 2414 590 2486 ὄνομα
610 2414 703 2469 τοῦ
733 2414 932 2486 Ἰησοῦ,
957 2415 1218 2488 πρότερον
1247 2414 1613 2485 ὁμολογήσας,
1641 2411 1799 2465 τοῦτο
1821 2410 2008 2465 ἐλαϐεν

342 2501 608 2567 ἐξουσίαν.
651 2505 770 2560 Ὅτι
803 2504 913 2576 γὰρ
949 2504 1010 2559 οὐ
1044 2503 1137 2557 τοῦ
1169 2502 1432 2574 ὀνόματος
1457 2497 1526 2573 ἦν
1551 2500 1830 2562 ἀσθένεια,
1872 2498 2009 2554 άλλά

341 2593 440 2662 τῆς
467 2591 693 2647 ἐκείνων
715 2592 931 2663 ἀπάτης
948 2592 1010 2646 τὸ
1035 2594 1163 2659 πᾶν,
1187 2592 1282 2646 ἐπὶ
1303 2590 1519 2645 Παύλου
1542 2589 1632 2644 διά
1654 2588 1708 2642 τί
1739 2589 1816 2661 μὴ
1837 2587 2009 2643 ταῦτα

343 2678 668 2750 γεγένηται;
720 2679 830 2734 Καί
867 2680 1300 2751 ἐφαλλόμενος,
1345 2678 1529 2752 φησὶν,
1605 2681 1640 2732 ὀ
1700 2677 2010 2747 ἄνθρωπος

339 2765 433 2819 ἐπ’
462 2767 701 2834 αὐτούς.
738 2768 897 2832 Ἴσως
945 2767 1233 2840 διέρρηξεν
1286 2765 1466 2822 αὐτῶν
1518 2765 1587 2820 τὰ
1647 2765 1859 2835 ἱμάτια,
1916 2765 2009 2819 καὶ

306 2918 309 2919 ν
350 2852 694 2924 προσήραξεν
719 2854 898 2908 αὐτῶν
917 2853 1017 2919 τὰς
1036 2852 1277 2924 κεφαλάς
1298 2870 1311 2883 ·
1348 2852 1505 2906 τοῦτο
1531 2852 1638 2924 γὰρ
1666 2852 1901 2923 ἐδήλωσε
1933 2851 2010 2920 τῷ

343 2941 536 3005 εἰπεῖν,
573 2940 1042 3009 Ἐφαὶλόμενοςο
1095 2939 1346 2994 τουτέστι
1398 2937 1537 3008 μετὰ
1594 2937 1776 3009 ῥύμης
1807 2939 2009 3009 ἐπιπη-

342 3024 531 3096 δήσας,
575 3025 716 3080 ὥστε
775 3026 961 3081 ἱκανὸν
1006 3022 1076 3096 ἦν
1110 3026 1270 3080 τοῦτο
1322 3024 1678 3097 ἐργάσασθαι.
1723 3024 1789 3077 Τί
1826 3025 2007 3089 ἐστιν,

357 3114 641 3179 Ἀποστὰς
665 3113 766 3167 ἀπ’
794 3111 991 3168 αὐτῶν
1015 3112 1275 3183 ἀφώρισε
1298 3111 1439 3177 τοὺς
1462 3108 1731 3180 μαθητάς
1745 3127 1764 3176 ;
1799 3110 2009 3164 Ἐνέκο-

338 3199 443 3268 ψεν
484 3199 683 3265 αὐτῶν,
719 3201 873 3272 φησι,
932 3201 1031 3271 τὴν
1064 3199 1406 3268 κακολογίαν.
1453 3197 1624 3250 Τοῦτο
1654 3197 1712 3250 δέ
1745 3200 1888 3250 ποιεῖ
1918 3196 2011 3251 καὶ

345 3287 660 3355 ἀφίσταται,
688 3288 809 3340 ἐπεὶ
836 3287 936 3341 ούκ
959 3285 1216 3357 ἠϐούλετο
1240 3281 1507 3339 ἐκκαῦσαι
1539 3283 1718 3337 αὐτῶν
1762 3283 1852 3339 τὸν
1877 3283 2011 3352 φθό-

345 3390 455 3441 νον,
485 3374 605 3428 ούδέ
631 3376 712 3438 είς
734 3373 850 3446 ἔριν
868 3374 1125 3445 ἐμϐαλεῖν
1147 3372 1391 3426 πλείονα.
1420 3370 1494 3424 Τὸ
1524 3369 1601 3434 δέ,
1621 3368 2011 3438 Ἐπαρῤησιὰ-

347 3460 496 3529 ζετο,
521 3461 693 3530 λέγει,
752 3462 926 3535 δηλῶν
959 3462 1040 3516 ὅτι
1073 3462 1168 3515 καὶ
1194 3459 1332 3532 πρὸς
1376 3455 1650 3522 κινδύνους
1674 3451 1742 3528 ἦν
1775 3471 2012 3526 παρατε-

345 3549 636 3619 ταγμένος,
669 3549 761 3602 καὶ
798 3546 1172 3619 φανερώτερον
1221 3545 1524 3615 διελέγετο,
1583 3543 1643 3596 οὐ
1707 3541 2012 3608 συσκιάζων

347 3635 416 3688 τὰ
447 3634 710 3704 δόγματα.
748 3633 1021 3687 Ἐντεῦθεν
1076 3633 1439 3705 μανθάνομεν,
1501 3630 1576 3704 μὴ
1624 3630 1790 3702 ὁμόσε
1837 3630 1866 3670 ι)
1912 3648 2013 3701 χω·

350 3724 463 3793 ρεῖν
482 3722 592 3784 τοῖς
604 3719 1009 3788 κακολογοῦσιν.
1028 3720 1143 3774 ἀλλ’
1158 3719 1492 3791 ἀφίστασθαι
1509 3718 1662 3793 [510]
1678 3717 1874 3773 αὐτῶν.
1898 3719 2010 3772 Οὐκ

349 3807 715 3877 ἐκακολόγησε
773 3808 959 3872 κακῶς
1012 3807 1223 3862 ἀκούων
1272 3807 1368 3861 καὶ
1416 3807 1596 3871 αὐτὸς,
1665 3805 1801 3859 ἀλλὰ
1873 3806 2011 3876 μᾶλ-

348 3896 438 3950 λον
494 3895 761 3964 διελέγετο
814 3894 937 3949 καθ’
978 3895 1225 3967 ἡμέραν,
1271 3893 1367 3948 καὶ
1416 3892 1587 3964 ταύτῃ
1650 3889 1879 3962 μάλιστα
1922 3891 2012 3945 ol-

348 3982 664 4054 κειούμενος
706 3982 833 4048 τοὺς
886 3982 1114 4047 πολλοὺς
1162 3981 1240 4053 τῷ
1294 3980 1477 4044 κακῶς
1513 3980 1689 4034 καίτοι
1715 3978 1951 4048 ἀκούσας
1984 3990 2007 4019 ο

354 4071 427 4142 μὴ
472 4071 820 4143 ἁποπηδῆσαι
870 4070 1006 4143 μηδὲ
1053 4068 1404 4141 χωρισθῆναι.
1455 4068 1567 4122 Καὶ
1618 4066 1830 4131 σκόπει,
1866 4069 2012 4122 ἐπει-

349 4157 413 4228 δὴ
456 4159 486 4212 ὁ
515 4157 623 4212 τῶν
668 4156 774 4223 ἔξω
802 4157 1107 4230 πειρασμὸς
1130 4155 1428 4220 ἐπαύσατο,
1455 4154 1562 4209 ἀπὸ
1597 4153 1705 4208 τῶν
1741 4153 2011 4225 δαιμόνων

351 4245 572 4315 ἤρξατο·
1679 4264 1684 4271 ε

431 4333 596 4404 Ὁρᾷς
634 4331 889 4405 πώρωσιν
926 4331 1250 4404 Ἰουδαῖκήν;
1275 4330 1356 4386 Τά
1387 4330 1576 4402 ἱμάτια
1604 4329 1767 4384 αὐτοῦ
1803 4328 2005 4393 ἰδόντες

350 4419 696 4491 ἐνεργοῦντα,
729 4421 791 4474 ού
819 4421 1125 4493 προσεῖχον.
1157 4420 1223 4474 Τί
1247 4419 1441 4473 τούτου
1472 4418 1657 4489 μεῖζον
1679 4417 1747 4472 ἂν
1772 4417 2010 4485 γένοιτο;

348 4509 483 4572 Τοῖς
511 4508 569 4560 δέ
598 4507 799 4579 μᾶλλον
832 4509 916 4570 είς
943 4506 1255 4561 τούναντίον
1284 4506 1564 4577 περιέστη,
1609 4506 1677 4559 Et
1709 4521 1794 4568 τις
1833 4502 2013 4575 Ἐλλή-

344 4611 461 4651 ινων
481 4595 720 4656 ἀπιστεῖ,
767 4592 865 4664 τὴν
904 4593 1061 4648 σκιὰν
1107 4593 1250 4664 ὁρῶν
1303 4591 1476 4646 ταῦτα
1525 4591 1900 4663 ἐργαζομένην
1925 4608 2013 4644 1::-

348 4680 608 4734 στευέτω.
639 4679 795 4733 Οῦτω
815 4678 892 4749 τῷ
928 4678 989 4744 ἐξ
1021 4679 1197 4734 αὐτῶν
1224 4679 1524 4748 ἀποστῆναι
1562 4677 1613 4730 οί
1657 4676 1757 4747 μέν
1788 4676 2016 4730 κακολο-

341 4767 576 4835 γοῦντες
607 4765 702 4819 καὶ
726 4765 1102 4829 διαϐάλλοντες
1127 4766 1188 4818 τὸ
1214 4765 1390 4836 δόγμα
1415 4763 1683 4835 ἡττῶνται
1709 4763 1889 4835 (τοῦτο
1906 4764 2013 4836 γάρ

356 4853 615 4909 ἐκάλεσεν
663 4852 838 4925 ὁδόν)’
873 4852 1035 4916 αὐτὸς
1086 4852 1144 4906 δέ
1204 4851 1520 4922 ἀφίσταται,
1574 4853 1651 4915 ὼς
1702 4852 1837 4923 μήτε
1891 4852 2016 4916 τοὺς

356 4939 606 5011 μαθητὰς
635 4939 1005 5012 ἀναχωρῆσαι,
1042 4939 1180 5010 μήτε
1209 4937 1449 5002 ἐκείνους
1474 4939 1554 5004 εἰς
1583 4938 1753 5011 θυμὸν
1784 4940 2013 5011 ἐγεῖραι,

342 5028 569 5092 δεικνὺς
630 5027 903 5098 πανταχοῦ
957 5026 1351 5097 διωθουμένους
1403 5026 1504 5099 τὴν
1559 5027 1853 5099 σωτηρίαν.
1904 5026 2017 5081 Kal

356 5113 538 5168 λοιπὸν
568 5112 803 5168 ἐνταῦθα
831 5113 951 5167 οὐδέ
993 5113 1346 5182 ἀπολογεῖται
1374 5113 1575 5177 αὐτοῖς,
1615 5113 1711 5168 ἆτε
1742 5110 2016 5184 πανταχοῦ

354 5201 467 5261 τῶν
492 5200 663 5257 ἐθνῶν
706 5201 1136 5258 πιστευσάντων.
1182 5200 1294 5255 Kal
1334 5200 1660 5269 διαλέγεται,
1691 5200 1790 5271 οὐχ
1829 5198 2018 5264 ἁπλῶς

352 5286 449 5343 τὸν
472 5288 637 5341 τόπον
659 5287 918 5361 ζητήσας,
950 5286 1066 5342 ἀλλ’
1084 5286 1215 5341 ἔνθα
1243 5286 1407 5359 σχολὴ
1433 5282 1523 5357 ἦν,
1546 5286 1621 5351 ώς
1660 5286 2021 5357 ἐπιτηδειότεο

356 5390 456 5451 ρον
481 5373 570 5429 διὰ
594 5373 654 5430 τὸ
673 5377 792 5431 ἐκεῖ
819 5374 1146 5446 συνάγεσθαι
1173 5385 1219 5431 ο.

428 5651 804 5728 'Katamtwq:
823 5656 904 5728 τὰς
918 5658 1119 5728 βίϐλους
1156 5656 1301 5726 (locst
1336 5655 1385 5728 ίιι
1415 5652 1739 5728 ﬂuibusdam:
1782 5651 1856 5728 rb
1887 5650 2019 5728 Unu‘s

366 5714 659 5829 Ϋανθάνομεν
702 5715 782 5763 καὶ
826 5713 960 5791 ἡμεῖς
998 5719 1061 5778 μὴ
1099 5716 1262 5774 ὁμόσε.
1351 5718 1374 5745 ε
1415 5713 1497 5764 Sic
1528 5727 1656 5762 unus
1694 5720 1747 5783 οι
1781 5713 2016 5762 Commel.

391 5776 995 5829 aI.inuSImerpres.ba\'|l.
1022 5783 1075 5826 cl
1094 5776 1258 5825 Monlr.
1274 5789 1382 5829 cum
1408 5776 1577 5829 tribus.
1603 5792 1760 5829 κακως
1801 5773 2015 5829 πάσχειν,

391 5773 1075 5843 atjqusinterplesﬁavilfct
1094 5773 1382 5831 “cumcum
1408 5776 1577 5836 lribus,
1603 5777 1760 5829 κακῶς
1801 5773 2015 5836 πάσχειν,

372 5837 453 5885 καὶ
474 5834 698 5889 ἀκούσας.
727 5834 862 5884 Eutr.

1152 224 1207 281 S.
1247 222 1531 283 JOANNIS
1570 213 2060 280 CIIIWSOSTOMI
2097 215 2414 271 ARCHIEP.
2456 210 2997 272 CONSTANTINOP.

3665 208 3779 264 290

2186 330 2252 401 β’.
2275 330 2444 384 Βαϐαῖ
2469 331 2483 384 !
2512 329 2653 397 πόση
2680 327 2788 382 τῶν
2818 323 3222 379 πιστευσάντων
3251 319 3554 391 ἡδύναμις,
3571 320 3653 373 ὄτι
3680 315 3781 373 καὶ

2112 418 2318 489 ἑτέροις
2339 417 2433 471 τοῦ
2459 416 2529 469 τὰ
2563 415 2703 469 αὐτὰ
2744 414 2918 467 ποιεῖν
2954 408 3201 479 γίνεταιί
3249 407 3391 476 πόση
3417 406 3477 459 δέ
3519 405 3778 474 πώρωσις

2110 505 2218 558 τῶν
2254 504 2349 559 καὶ
2379 503 2518 575 μετά
2544 502 2642 574 τὴν
2669 500 2937 564 ἀπόδειξιν
2964 499 3064 569 τῆς
3083 497 3362 568 δυνάμεως
3392 494 3472 548 ἔτι
3505 494 3779 566 μενόντων

2107 595 2173 664 τῇ
2200 591 2462 659 ἀπιστίαι
2492 592 2703 662 ’Ὠσπερ
2723 587 2817 643 οῦν
2839 589 3020 658 Σίμων
3061 584 3328 658 ἐμπορίας
3362 582 3550 637 ἕνεκεν
3590 584 3775 653 ἐζήτει

2107 678 2202 732 τοῦ
2231 678 2549 749 Πνεύματος
2591 678 2692 748 τὴν
2725 676 2914 747 χάριν,
2954 673 3096 727 οὕτω
3149 674 3245 725 καὶ
3288 665 3433 725 οὗτοι
3478 670 3573 725 τοῦ
3603 668 3773 723 αὑτοῦ

2108 766 2299 821 τούτου
2348 766 2534 820 ἐνεκεν
2577 764 2733 819 τοῦτο
2778 762 3014 817 ἐποίουν.
3047 761 3196 832 Πόση
3247 760 3533 832 πώρωσιςί
3578 757 3693 812 Καὶ
3720 757 3773 810 τί

2108 853 2305 924 δήποτε
2327 854 2355 906 ό
2378 852 2587 917 Παῦλος
2611 852 2711 906 οὐκ
2739 850 3000 921 ἐπιτιμᾷ;
3030 849 3153 902 Ὅτι
3175 846 3352 913 ἔδοξεν
3381 846 3448 901 ἀν
3475 846 3773 917 βασκανίας

2109 936 2327 995 εἶναιτὸ
2348 941 2581 1011 πρᾶγμα
2610 957 2624 972 ·
2663 939 2752 993 διὰ
2792 937 2950 993 τοῦτο
2997 937 3361 1008 οἰκονομεῖται
3404 933 3569 990 οὕτω.
3602 932 3771 986 Τοῦτο

2109 1028 2206 1081 καὶ
2229 1028 2322 1081 ἐπὶ
2343 1026 2438 1081 τοῦ
2465 1025 2701 1100 Χριστοῦ
2723 1024 2971 1095 γέγονεν’
2995 1023 3131 1078 ἀλλὰ
3158 1022 3279 1076 τότε
3303 1022 3400 1092 μὲν
3421 1021 3482 1074 οὐ
3503 1018 3770 1074 κωλύεται

2111 1113 2287 1186 (ἀρχὴ
2337 1114 2446 1185 γὰρ
2503 1113 2611 1167 τῶν
2660 1105 3198 1184 πραγμάτων’ῆν)·
3244 1108 3368 1162 ἐπεὶ
3414 1108 3509 1162 καὶ
3571 1106 3771 1171 Ἰούδας

2111 1202 2359 1255 κλέπτων
2385 1201 2486 1255 οὐκ
2505 1198 2843 1254 ἐκωλύετοάο
2888 1196 3136 1261 ’Δνανίας
3163 1197 3221 1250 δέ
3245 1195 3340 1250 καὶ
3368 1195 3654 1265 Σάπφειρα
3676 1195 3770 1247 καὶ

2111 1287 2455 1359 ἀνῃρέθησαν
2480 1304 2494 1318 ⁶
2530 1285 2625 1341 καὶ
2658 1284 2843 1340 πολλοὶ
2879 1283 3119 1338 Ἰουδαῖοι
3146 1282 3245 1352 μὲν
3272 1282 3368 1336 καὶ
3389 1282 3768 1352 ἀνθιστάμενοι

2109 1378 2261 1432 οὐδὲν
2300 1377 2556 1448 ἔπασχον,
2594 1375 2832 1445 Ἐλύμας
2858 1374 2917 1428 δέ
2953 1373 3261 1444 ἐτυφλώθη.
3296 1374 3379 1427 Οὐ
3412 1372 3524 1442 γὰρ
3556 1368 3766 1443 ἦλθον,

2110 1466 2296 1536 φησιν,
2349 1465 2450 1518 ἵνα
2497 1467 2679 1533 κρίνω
2729 1461 2837 1517 τὸν
2886 1463 3138 1530 κόσμον,
3190 1459 3341 1515 ἀλλ’
3387 1461 3490 1513 ἵνα
3534 1458 3702 1530 σωθῇ
3736 1463 3770 1515 ό

2109 1555 2357 1624 κόσμος.
2395 1555 2537 1625 Ὅρα
2568 1552 2822 1624 μιαρίανί
2870 1549 3110 1604 Ἰουδαῖοι
3134 1548 3385 1620 μένοντες
3412 1547 3515 1612 ἔτι,
3549 1547 3657 1602 ἀπὸ
3676 1547 3768 1602 τοῦ

2109 1640 2374 1711 ὀνόματος
2412 1638 2771 1714 χρηματίζειν
2804 1636 2993 1709 ῆθελον
3014 1652 3027 1664 ·
3061 1636 3202 1691 ὥστε
3241 1637 3418 1690 πάντα
3449 1635 3588 1707 πρὸς
3614 1633 3770 1700 δόξαν

2109 1727 2326 1782 ἐποίουν
2353 1729 2448 1783 καὶ
2499 1726 2787 1798 πορισμόν.
2835 1724 2945 1778 Θέα
2994 1721 3270 1794 πανταχοῦ
3320 1723 3419 1793 οὐχ
3470 1721 3615 1776 οὕτω
3646 1722 3769 1784 τοὺς

2108 1812 2428 1883 ἀνθρώπους
2459 1813 2954 1884 ἐπιστρεφομένους
2974 1810 3082 1865 ἀπὸ
3109 1810 3217 1864 τῶν
3244 1809 3520 1881 χρηστῶν,
3554 1810 3630 1872 ὡς
3661 1809 3771 1863 ἀπὸ

2109 1901 2215 1955 τῶν
2246 1900 2509 1972 φοϐερῶν.
2554 1900 2678 1954 Ἐπὶ
2704 1898 3017 1970 Σαπφείρας
3061 1896 3223 1968 φόϐος
3254 1896 3521 1950 ἐπέπεσεν
3546 1896 3639 1948 ἐπὶ
3669 1894 3770 1966 τῆν

2121 1988 2467 2059 Ἐκκλησίαν,
2488 1987 2584 2041 καὶ
2609 1987 2709 2042 οὐκ
2729 1985 2969 2056 ἐτόλμων
2992 1983 3283 2040 κολλᾶσθαι
3299 1984 3502 2047 αὐτοῖς·
3532 1981 3769 2037 ἐνταῦθα

2112 2075 2369 2147 σουδάρια
2394 2076 2488 2130 καὶ
2515 2072 2822 2145 σιμικίνθια
2856 2071 3159 2143 ἐλάμϐανον
3183 2070 3277 2125 καὶ
3302 2068 3480 2135 ίῶντο,
3510 2069 3607 2125 καὶ
3630 2071 3769 2140 μετὰ

2109 2163 2267 2218 τοῦτο
2294 2164 2414 2218 τότε
2447 2159 2611 2234 ἦλθον
2638 2159 3114 2233 ἐξομολογούμενοι
3148 2160 3248 2223 τάς
3277 2157 3547 2229 ἁμαρτίας
3568 2157 3764 2214 αὐτῶν.

2122 2253 2254 2307 Ἀπὸ
2278 2251 2375 2307 τοῦ
2399 2252 2722 2322 ἐφάλλεσθαι
2749 2250 3022 2305 δείκνυται
3055 2249 3164 2303 τῶν
3193 2247 3463 2318 δαιμόνων
3489 2245 3768 2318 ῆδύναμις

2113 2339 2323 2410 μεγάλη
2347 2356 2430 2403 τις
2464 2335 2617 2405 οὖσα,
2655 2342 2783 2396 ὅταν
2826 2336 2960 2410 πρὸς
2992 2336 3253 2399 ἀπίστους
3298 2334 3419 2408 ἔχῃ.
3455 2333 3566 2388 Καὶ
3590 2332 3678 2387 διὰ
3718 2332 3769 2387 τί

2112 2426 2188 2498 μὴ
2216 2421 2356 2491 εἶπε,
2378 2427 2462 2491 τίς
2499 2428 2648 2480 ἐστιν
2701 2430 2730 2480 ὁ
2769 2423 2995 2496 Ἰησοῦς,
3043 2423 3103 2477 τὸ
3156 2420 3373 2493 πνεῦμα
3406 2421 3467 2474 τὸ
3504 2419 3764 2491 πονηρὸν,

2107 2514 2222 2568 ἀλλ’
2251 2508 2372 2567 εῐπε
2402 2512 2600 2585 μᾶλλον
2632 2512 2702 2567 τά
2754 2511 2992 2584 ἀνόνητα
3041 2512 3300 2582 {HW-ara;
3351 2507 3649 2579 Ἐφοϐεῖτο,
3695 2508 3769 2580 μὴ

2108 2602 2204 2655 καὶ
2227 2600 2388 2666 αὐτὸς
2419 2599 2575 2672 δίκην
2621 2600 2728 2671 δῷο
2764 2599 2881 2672 ᾔδει
2937 2598 3068 2672 γὰρ,
3124 2600 3206 2654 ὅτι
3244 2596 3306 2650 τὸ
3349 2596 3769 2668 συγχωρηθῆναι

2110 2689 2259 2762 αὐτῷ
2283 2690 2527 2754 ἐκείνους
2577 2688 2888 2761 ἀμύνασθαι
2946 2688 3075 2752 τοὺς
3129 2684 3568 2752 καταπαίζοντας
3609 2683 3769 2738 αὐτοῦ

2109 2777 2266 2832 τοῦτο
2296 2778 2359 2831 τὸ
2386 2778 2558 2848 ϐνομα
2589 2776 2880 2846 πεποίηκε.
2904 2774 3005 2829 Διὰ
3028 2775 3082 2828 τί
3102 2773 3160 2828 δέ
3184 2775 3281 2828 καὶ
3306 2775 3355 2827 οί
3382 2772 3558 2827 ἄθλιοι
3591 2770 3666 2844 μὴ
3692 2766 3771 2825 εἷ-

2111 2883 2212 2920 πον
2244 2866 2417 2936 αύτῷ,
2470 2865 2836 2937 Πιστεύομεν;
2893 2863 3263 2918 Ἐδεδοίκεσαν
3316 2860 3560 2916 Παῦλον·
3594 2859 3769 2913 καίτοι

2113 2954 2265 3025 πόσῳ
2294 2953 2493 3025 μᾶλλον
2531 2951 2899 3024 λαμπρότεροι
2955 2950 3023 3005 ἂν
3069 2946 3210 3023 ἦσαν
3237 2949 3395 3004 τοῦτο
3423 2947 3686 3012 εἰπόντες,
3718 2944 3774 2998 εῐ

2109 3057 2175 3109 γε
2204 3039 2549 3111 ᾠκειώσαντο
2594 3038 2759 3093 αὐτοῦ
2804 3038 2902 3110 τὴν
2951 3037 3296 3101 δεσποτείαν;
3333 3035 3542 3098 Ἄλλως
3582 3051 3644 3087 τε
3675 3033 3770 3088 καὶ

2108 3129 2172 3182 τὸ
2215 3130 2273 3181 ἐν
2322 3127 2608 3191 Φιλίπποις
2656 3126 2949 3198 γενόμενον
2999 3126 3095 3180 καὶ
3146 3125 3370 3189 τούτους
3413 3124 3765 3197 ἐσωφρόνισε.

2112 3216 2184 3270 Σὺ
2214 3216 2272 3270 δέ
2302 3234 2392 3288 μοι
2435 3216 2623 3270 σκόπει
2673 3214 2769 3268 τοῦ
2828 3214 3183 3286 συγγραφέως
3228 3212 3462 3268 ἐνταῦθα
3488 3213 3551 3267 τὸ
3600 3214 3770 3266 ἀνεπ-

2110 3304 2293 3374 αχθὲς,
2325 3303 2418 3356 καὶ
2444 3302 2560 3365 πῶς
2587 3302 2825 3374 ἱστορίαν
2853 3301 3011 3372 μόνον
3037 3301 3257 3372 γράφει,
3278 3301 3374 3355 καὶ
3388 3301 3449 3355 οὐ
3472 3298 3765 3354 διαϐάλλει.

2112 3391 2261 3464 [511]
2290 3390 2459 3445 Τοῦτο
2478 3391 2604 3454 τοὺς
2645 3388 2973 3450 ἀποστόλους
2995 3387 3169 3442 ἐποίει
3198 3386 3565 3457 θαυμαστούς.
3613 3385 3771 3440 Ἀλλά

2110 3479 2255 3542 τίνος
2273 3473 2414 3549 ἦσαν
2448 3477 2574 3543 υίοί,
2601 3476 2662 3530 τὸ
2687 3476 2859 3547 ὄνομα
2906 3473 3053 3544 λέγει
3105 3473 3203 3527 καὶ
3249 3472 3343 3527 τὸν
3374 3472 3603 3547 ἀριθμόν
3630 3489 3644 3504 ·
3700 3473 3771 3529 δι·

2110 3565 2234 3629 δοὺς
2261 3567 2375 3629 τοῖς
2404 3565 2525 3620 τότε
2570 3564 2873 3638 τεκμήριον
2906 3560 3216 3627 ἀξιόπιστον
3248 3553 3322 3615 ὧν
3360 3559 3589 3631 ἔγραφε.
3617 3559 3771 3624 Τίνος

2110 3650 2167 3703 δὲ
2196 3651 2382 3706 ἐνεκεν
2429 3650 2524 3704 καὶ
2561 3651 2954 3721 περιήρχοντος
2996 3647 3297 3719 Ἐμπορίας
3333 3648 3526 3719 χάριν·
3573 3646 3632 3700 ού
3663 3647 3769 3718 γὰρ

2110 3737 2176 3809 δὴ
2225 3737 2317 3792 τὸν
2364 3737 2522 3807 λόγον
2571 3736 3029 3806 καταγγέλλοντες
3050 3750 3066 3768 ·
3124 3734 3242 3798 πῶς
3285 3734 3424 3806 γάρ;
3472 3732 3667 3796 Καλῶς
3712 3733 3770 3787 δέ

2111 3825 2332 3897 ἔτρεχον
2380 3823 2585 3889 λοιπὸν,
2629 3822 2988 3895 κηρύττοντες
3028 3821 3107 3876 δι’
3149 3813 3226 3878 ὧν
3288 3821 3552 3891 ἐπασχον.
3609 3818 3770 3874 Ὅθεν

2109 3911 2270 3966 τοῦτο
2294 3911 2488 3982 δηλῶν,
2506 3910 2618 3966 Καὶ
2636 3910 2891 3980 ἐγένετο,
2924 3908 3077 3981 φησὶ,
3101 3907 3375 3980 γνωστὸν
3395 3907 3586 3963 πᾶσιν
3617 3905 3770 3962 Ἰου-

2111 3999 2302 4066 δαίοις
2328 4016 2391 4054 τε
2415 3999 2515 4053 καί
2546 3999 2812 4066 Ἕλλησι
2835 3996 2959 4063 τοῖς
2982 3994 3327 4051 κατοικοῦσι
3349 3994 3464 4062 τὴν
3483 3996 3765 4063 Ἔφεσον.

2112 4086 2284 4141 Τοῦτο
2304 4086 2424 4157 οὐχὶ
2450 4086 2546 4141 καὶ
2589 4087 2717 4150 τοὺς
2751 4083 3218 4156 σκληρυνομένους
3247 4081 3569 4152 ἐπιπρέψαι
3607 4081 3769 4151 ὠφει-

2112 4179 2224 4241 λεν,
2250 4176 2373 4231 είπέ
2426 4192 2552 4248 μοι;
2610 4174 2749 4233 Ἀλλ’
2784 4175 2887 4229 οὐκ
2929 4171 3253 4244 ἐπέστρεψε.
3304 4172 3413 4226 Καὶ
3457 4172 3532 4242 μὴ
3561 4170 3771 4241 θαυμά-

2115 4281 2214 4338 σῃς
2243 4280 2257 4294 ·
2297 4263 2399 4333 τὴν
2423 4262 2533 4334 γὰρ
2563 4261 2764 4317 κακίαν
2796 4259 2947 4315 οὐδὲν
2992 4258 3187 4315 πείθει.
3242 4258 3379 4329 Φέρε
3412 4257 3471 4311 δέ
3525 4258 3618 4311 καὶ
3640 4256 3771 4311 αὐτὸ

2113 4354 2173 4408 τὸ
2204 4352 2312 4408 τῶν
2342 4350 2669 4423 ἐξορκιστῶν
2709 4349 2906 4420 ἴδωμεν
2957 4349 3088 4418 ὅσης
3130 4347 3247 4400 ἐστὶ
3282 4345 3498 4409 κακίας.
3541 4343 3772 4409 Τίνος·δέ

2116 4441 2302 4495 ἐνεκεν
2362 4440 2455 4494 ἐπὶ
2510 4437 2608 4492 τοῦ
2656 4434 2894 4509 Χριστοῦ
2949 4433 3107 4490 τοῦτο
3159 4433 3235 4505 μὴ
3281 4434 3522 4503 γέγονεν,
3574 4432 3764 4502 ἐτέρου

2116 4528 2330 4602 καιροῦ,
2358 4528 2452 4583 κοιῖΙ
2483 4527 2545 4582 οὐ
2573 4526 2668 4580 τοῦ
2708 4524 2975 4596 παρόντος
3005 4520 3268 4593 ζητῆσαι·
3306 4519 3444 4590 πλὴν
3475 4519 3557 4573 ὅτι
3594 4516 3775 4580 καλῶς

2114 4614 2275 4669 τοῦτο
2317 4613 2547 4669 ἐνταῦθα
2605 4613 2797 4681 γέγονε
2851 4608 2945 4663 καὶ
2981 4606 3288 4680 χρησίμως.
3341 4604 3496 4675 Ἐμοὶ
3548 4604 3605 4656 δὲ
3630 4603 3776 4656 δοκεῖ

2117 4703 2477 4775 χλευάζοντας
2520 4700 2719 4763 αὐτοὺς
2759 4697 2920 4752 τοῦτο
2968 4696 3173 4749 ποιεῖν·
3214 4692 3336 4747 ὅθεν
3383 4690 3771 4762 τιμωροῦνται,

2117 4792 2255 4847 ὥστε
2285 4791 2379 4844 καὶ
2402 4788 2510 4843 ἀπὸ
2540 4786 2729 4841 τούτου
2761 4783 2963 4856 μηδένα
3015 4782 3220 4854 τολμᾷν
3255 4779 3392 4853 μηδὲ
3429 4779 3506 4842 ὡς
3530 4777 3686 4849 ἔτυχε
3713 4777 3774 4830 τὸ

2116 4880 2289 4950 ὄνομα
2308 4875 2595 4947 ὀνομάζειν
2621 4873 2824 4927 λοιπόν.
2853 4869 3023 4924 Τοῦτο
3048 4869 3273 4933 πολλοὺς
3305 4868 3414 4921 τῶν
3446 4864 3774 4920 πιστευσάν-

2116 4983 2225 5020 των
2267 4966 2346 5028 είς
2391 4961 2779 5033 ἐξομολόγησιν
2823 4958 3033 5030 ῆγαγε’
3068 4956 3227 5010 τοῦτο
3266 4954 3360 5008 καὶ
3400 4952 3563 5023 φόϐον
3593 4951 3776 5015 αὐτοῖς

2117 5052 2357 5116 ἐνέϐαλε,
2385 5050 2478 5104 καὶ
2508 5048 2600 5104 τοῦ
2621 5047 2796 5102 πάντα
2823 5046 3022 5100 ειδέναι
3051 5044 3139 5098 τὸν
3172 5043 3304 5096 Θεὸν
3340 5041 3595 5113 μέγιστον
3622 5039 3778 5093 τοῦτο

2117 5143 2415 5214 τεκμήριον
2434 5139 2650 5208 γέγονε.
2679 5133 2866 5207 Πρὶνῆ
2888 5133 2992 5187 ὑπὸ
3010 5132 3119 5187 τῶν
3140 5129 3406 5199 δαιμόνων
3431 5120 3800 5198 ἐλεγχθῆναι.³

2119 5229 2330 5285 ἐαυτῶν
2359 5225 2720 5298 κατηγόρουν,
2755 5221 3077 5292 φοϐούμενοι
3106 5217 3180 5290 μὴ
3208 5216 3281 5271 τὰ
3309 5214 3450 5270 αὐτὰ
3483 5214 3730 5268 πάθωσιν
3761 5227 3777 5242 ·

2120 5317 2365 5380 εἰκότως.
2401 5316 2571 5369 Ὅταν
2611 5312 2718 5385 γὰρ
2750 5311 2802 5365 οί
2838 5305 3156 5379 βοηθοῦντες
3197 5303 3446 5374 δαίμονες
3488 5301 3780 5371 κατήγοροι

2121 5404 2304 5459 αὐτῶν
2331 5398 2462 5469 ὦσι,
2492 5403 2587 5457 καὶ
2609 5401 2669 5454 οὑ
2701 5399 3005 5469 σύμμαχοι,
3038 5393 3168 5446 ποία
3209 5390 3395 5445 λοιπὸν
3424 5390 3601 5455 ἐλπὶς,
3632 5388 3666 5458 ἦ
3694 5385 3779 5439 διὰ

2119 5492 2230 5548 τῶν
2282 5491 2459 5562 ἔργων
2518 5486 2938 5558 ἐξομολόγησις;
2971 5482 3112 5550 Ὅρα
3165 5478 3223 5531 δέ
3275 5471 3364 5530 οἷα
3418 5476 3559 5546 μετὰ
3582 5471 3782 5562 μικρὸν

2124 5556 2332 5651 γίνεται
2360 5556 2513 5634 ’κακὰ
2537 5616 2551 5641 ,
2590 5556 2850 5630 τοιούτων
2894 5567 3135 5642 σημείων
3181 5564 3511 5636 γενομένων.
3547 5556 3782 5628 Τοιαύτη

2191 5827 2219 5869 ἀ
2246 5828 2380 5879 Unus
2404 5825 2459 5874 ού
2480 5822 2733 5873 κωλύεται.
