4108 6172
518 211 621 272 ἨΘ

519 337 706 385 contra
732 341 849 392 eos,
891 327 962 382 ita
988 333 1049 382 ιιι
1075 323 1201 380 nudi
1228 332 1282 380 et
1301 324 1468 378 saucii
1513 323 1808 395 effugerent
1851 323 1918 379 de
1944 323 2105 378 domo

521 423 634 478 illa.
666 423 751 478 17.
786 421 897 477 lloc
923 429 1102 476 autem
1135 427 1320 474 notum
1352 417 1552 473 factum
1596 427 1681 474 est
1705 417 1904 473 Iudaeis
1934 427 2101 488 atque

521 514 826 586 gentilibus,
868 513 958 584 qui
1011 511 1325 568 habitabant
1369 509 1590 580 Ephesi.
1624 529 1644 563 ι
1680 510 1842 581 Igitur
1867 509 2003 565 clam
2028 509 2102 563 fa-

520 606 753 671 ciebant,
780 605 979 662 deinde
1023 605 1292 675 divulgata
1343 611 1426 658 est
1467 602 1679 658 illorum
1705 601 2007 657 inﬁrmitas.
2036 599 2103 655 Et

518 698 697 751 cecidit
728 698 879 752 timor
903 712 1061 766 super
1088 711 1261 751 omnes
1309 695 1448 762 illos,
1491 704 1537 750 et
1561 693 1985 765 magniﬁcabatur
2003 710 2099 748 no-

517 807 630 844 men
655 787 868 842 Domini
892 786 1040 844 Iesu.
1068 787 1156 842 l8.
1203 785 1454 856 Multique
1479 786 1790 841 credentium
1821 784 2096 850 veniebant,

516 882 813 951 confitentes
839 890 886 934 et
938 880 1299 933 annuntiantes
1347 886 1490 932 actus
1544 894 1683 933 suos.
1737 877 1872 945 Quia
1903 886 2101 932 tantam

519 978 842 1043 potestatem
895 969 1187 1035 habebant,
1219 978 1279 1023 ut
1323 983 1422 1039 per
1474 967 1738 1024 daemonia
1792 969 1914 1022 talia
1957 968 2099 1023 face-

517 1074 661 1128 rent,
695 1063 890 1118 merito
911 1061 1208 1117 haecfiunt.
1235 1061 1322 1117 l9.
1357 1080 1376 1114 ι
1413 1059 1564 1115 Multi
1588 1068 1766 1115 autem
1799 1075 1864 1115 ex
1896 1059 1981 1125 iis,
2010 1059 2099 1130 qui

517 1159 731 1222 fuerant
753 1154 965 1210 curiosa
1011 1153 1238 1220 sectati,
1290 1152 1638 1208 contulerunt
1667 1150 1852 1214 libros,
1875 1158 1929 1206 et
1955 1165 2102 1206 com-

518 1249 802 1304 busserunt
838 1260 1020 1302 coram
1047 1244 1296 1300 omnibus
1323 1260 1337 1297 :
1367 1252 1420 1299 et
1448 1242 1774 1313 computatis
1827 1242 2014 1312 pretiis
2037 1241 2100 1296 il-

518 1341 712 1403 lorum,
762 1339 1091 1393 invenerunt
1119 1335 1402 1406 pecuniam
1447 1333 1793 1390 denariorum
1832 1333 2096 1404 quinqua—

515 1431 660 1500 ginta
695 1427 940 1482 millium.
969 1425 1059 1480 20.
1090 1425 1165 1480 lta
1193 1425 1403 1479 fortiter
1417 1421 1702 1479 crescebat
1725 1422 1950 1484 verbum
1979 1421 2094 1486 Dei,

513 1532 567 1578 et
585 1519 1020 1577 confirmabatur.
1055 1537 1074 1572 ι
1119 1517 1370 1573 Videntes
1408 1524 1586 1572 autem
1635 1529 1702 1572 ex
1730 1513 1814 1570 his
1840 1515 2097 1584 deinceps

514 1615 644 1669 nihil
675 1613 774 1668 sibi
803 1613 1052 1668 utilitatis
1103 1609 1240 1678 fore,
1284 1617 1606 1666 exusserunt
1647 1609 1851 1665 libros:
1884 1608 2096 1679 quando

512 1708 610 1777 ipsi
642 1706 912 1761 daemones
937 1704 1037 1760 hoc
1059 1703 1281 1759 faciunt.
1306 1703 1421 1758 Non
1446 1717 1576 1774 ergo
1593 1716 1786 1757 nomen
1815 1701 2090 1772 quidpiam

509 1797 654 1862 facit,
691 1797 790 1854 nisi
821 1812 942 1853 cum
986 1796 1089 1851 ﬁde
1117 1795 1346 1850 dicatur.
1399 1795 1543 1851 Bene
1572 1809 1700 1865 ergo
1719 1793 1965 1861 dicebat,
1994 1793 2095 1858 Qui

510 1886 672 1941 credit
699 1888 752 1940 in
772 1901 882 1954 me,
922 1887 1117 1958 majora
1159 1887 1306 1958 faciet
1341 1885 1361 1958 (
1379 1885 1541 1945 Joan.
1570 1885 1656 1942 M.
1686 1885 1823 1958 η),
1856 1885 1953 1940 has
1973 1902 2092 1940 unt-

511 1976 637 2031 bras
668 1977 963 2033 insinuans.
997 1976 1129 2031 Vide
1156 1976 1424 2047 quomodo
1462 1977 1626 2032 armis
1646 1985 1833 2033 contra
1886 1978 2092 2048 seipsos

513 2068 594 2121 nsi
624 2075 768 2122 sunt.
824 2066 892 2120 Et
937 2067 1243 2137 disputabat,
1290 2068 1486 2138 inquit,
1544 2069 1600 2122 in
1643 2069 1817 2126 schola
1865 2067 2092 2140 Tyranni

512 2161 778 2231 cujusdam
803 2175 893 2230 per
920 2177 1082 2215 annos
1109 2161 1260 2216 duos.
1290 2160 1393 2218 Ubi
1446 2160 1634 2220 ﬁdeles
1655 2169 1812 2220 erant
1832 2205 1848 2229 ,
1901 2162 2091 2220 admo-

514 2252 639 2306 dum
682 2261 836 2308 erant
877 2251 1084 2308 ﬁdeles.
1131 2254 1206 2308 lta
1236 2253 1368 2310 nihil
1398 2269 1647 2326 maguum
1686 2255 1945 2326 putabant
1970 2271 2091 2312 esse

507 2344 689 2399 Jesnm
715 2385 731 2411 ,
763 2345 1196 2417 quandoquidem
1239 2355 1294 2402 et
1331 2346 1554 2403 Paulum
1595 2347 1882 2415 addidere,
1915 2349 2087 2420 ipsum

505 2433 629 2489 hinc
681 2450 932 2506 magnum
985 2437 1260 2508 quidpiam
1310 2452 1432 2494 esse
1477 2447 1665 2508 putare
1719 2439 2085 2496 ostendentes.

505 2525 600 2581 llic
620 2526 803 2582 mirari
829 2527 994 2595 subit,
1023 2528 1294 2598 quomodo
1331 2529 1544 2586 daemon
1578 2529 1670 2586 ille
1696 2531 2089 2587 exorcistarum

502 2621 673 2674 errori
701 2635 808 2676 non
849 2630 1172 2692 cooperatus
1225 2633 1330 2689 est,
1372 2622 1467 2678 sed
1518 2623 1790 2694 redarguit
1828 2623 2003 2690 illum,
2034 2632 2090 2679 et

500 2724 719 2766 scenam
749 2726 936 2767 eorum
970 2713 1240 2782 patefecit.
1271 2713 1399 2767 Mihi
1433 2713 1644 2768 videtur
1667 2713 1822 2770 valde
1863 2729 2088 2770 succen-

500 2802 694 2868 suisse,
723 2817 787 2859 ac
811 2803 857 2858 si
887 2804 1007 2872 quis
1027 2803 1096 2859 de
1126 2805 1384 2860 extremis
1425 2805 1754 2875 periclitans,
1809 2821 1839 2862 a
1887 2808 2087 2864 misero

505 2893 739 2963 quodam
765 2902 820 2949 et
849 2909 1156 2950 mrumnoso
1182 2894 1464 2961 refutetur,
1495 2903 1551 2950 et
1575 2898 1806 2954 furorem
1829 2913 1982 2954 suum
2005 2907 2087 2954 to-

501 2993 611 3040 tum
639 2985 694 3041 in
715 2985 866 3041 illum
893 3001 1191 3044 exonerare
1219 2988 1371 3043 velit.
1402 2988 1481 3044 Ne
1502 2989 1779 3046 videretur
1804 2991 1947 3046 enim
1977 3008 2078 3048 no-

498 3092 623 3134 men
651 3077 779 3133 Jesu
827 3078 1124 3150 despicere,
1176 3079 1352 3149 primo
1401 3079 1576 3150 ipsum
1607 3081 1919 3148 confessus,
1955 3089 2083 3138 tunc

501 3178 821 3238 potestatem
850 3170 1072 3241 accepit.
1111 3163 1185 3227 Ut
1222 3181 1400 3226 autem
1431 3171 1694 3243 probetur
1737 3188 1844 3227 non
1891 3188 1957 3229 ex
1981 3173 2080 3229 de-

496 3261 706 3317 bilitate
738 3262 1114 3328 nominis,-sed
1142 3277 1208 3316 ex
1251 3261 1462 3316 illorum
1509 3261 1696 3318 fraude
1739 3270 1908 3325 totum
1939 3265 2080 3320 acci-

491 3354 659 3422 disse,
687 3369 785 3410 cur
809 3370 916 3409 non
961 3353 1128 3410 Paulo
1161 3354 1267 3409 tale
1301 3353 1575 3423 quidpiam
1602 3354 1874 3425 contigit?
1901 3354 1970 3408 Et
1997 3360 2077 3412 in-

489 3445 700 3509 siliens,
749 3444 941 3515 inquit,
988 3444 1137 3498 homo
1166 3444 1220 3498 in
1249 3443 1385 3498 illos.
1432 3443 1592 3500 Forte
1620 3444 1834 3500 discidit
1867 3445 2076 3502 illorum

487 3546 688 3602 vestes,
742 3547 798 3592 et
831 3538 1004 3606 capita
1033 3535 1312 3592 dilaniavit
1341 3553 1354 3588 :
1387 3535 1492 3591 hoc
1530 3535 1675 3590 enim
1716 3535 1971 3592 indicavit
1996 3538 2078 3594 di-

484 3643 641 3694 cens,
673 3627 950 3692 lnsiliens;
995 3627 1047 3682 id
1089 3637 1193 3692 est,
1240 3642 1364 3682 cum
1410 3627 1613 3697 impetu
1660 3629 1894 3694 irruens,
1922 3629 1990 3684 ita
2019 3641 2077 3688 ut

484 3713 609 3768 haec
635 3711 812 3767 facere
838 3721 1036 3780 posset.
1065 3711 1201 3780 Quid
1246 3711 1348 3766 sibi
1400 3713 1533 3778 vult,
1576 3711 1852 3767 Discedens
1872 3715 1935 3768 ab
1961 3716 2033 3769 eis
2053 3757 2069 3782 ,

479 3804 763 3874 segregavit
801 3802 1121 3872 discipulos?
1159 3801 1402 3870 Illorum,
1427 3802 1615 3873 inquit,
1645 3803 2071 3859 maledicentiam

479 3893 739 3950 succidit.
776 3893 890 3949 Hoc
931 3901 1114 3948 autem
1143 3891 1270 3948 facit
1312 3902 1362 3948 et
1393 3892 1652 3965 abscedit,
1704 3894 1827 3966 quia
1857 3896 2074 3951 nolebat

478 3985 703 4040 illorum
745 3983 998 4038 invidiam
1046 3981 1394 4050 succendere,
1425 3999 1600 4055 neque
1628 3985 1682 4040 in
1710 3986 1970 4056 majorem
1999 3987 2072 4042 ri-

477 4091 611 4133 xam
643 4076 884 4132 incitare.
912 4075 1045 4132 Illud
1072 4086 1272 4142 autem,
1323 4075 1663 4132 Fiduciatiter
1690 4080 1893 4150 agebat,
1915 4079 2068 4148 dicit,

475 4166 793 4236 significans
835 4166 1005 4236 ipsum
1051 4165 1117 4221 ad
1161 4165 1396 4236 pericula
1440 4176 1707 4238 paratum,
1751 4168 1949 4224 clarius
1971 4183 2071 4225 nec

475 4259 736 4330 dogmata
752 4257 1158 4313 obumbrantem
1178 4257 1497 4328 disputasse.
1521 4258 1658 4315 Hinc
1677 4259 1935 4316 discimus
1962 4275 2068 4315 non

479 4365 586 4406 nos
618 4348 918 4403 inuniscere
943 4361 1065 4402 cum
1095 4345 1370 4401 maledicis
1394 4389 1410 4415 ,
1441 4347 1534 4402 sed
1565 4348 1634 4402 ab
1665 4349 1774 4404 illis
1801 4349 2063 4406 abscede-

485 4459 565 4498 re.
599 4439 714 4494 Non
744 4438 1023 4496 maledixit
1045 4437 1193 4507 ipse,
1221 4452 1343 4492 cum
1399 4437 1541 4494 male
1567 4437 1813 4506 audiret,
1843 4440 1951 4495 imo
1967 4455 2067 4512 po-

482 4535 593 4589 tius
619 4532 856 4605 quotidie
879 4529 1203 4601 disputabat,
1234 4539 1288 4586 et
1315 4529 1416 4585 bac
1441 4530 1672 4586 maxime
1699 4532 1906 4588 ratione
1930 4534 2070 4590 mul-

483 4637 569 4680 tos
601 4624 702 4679 sibi
722 4622 1038 4690 concilians,
1065 4621 1209 4693 quod
1251 4623 1494 4692 quamvis
1521 4623 1662 4679 mala
1694 4623 1926 4693 audiret,
1959 4641 2066 4682 non

481 4715 789 4773 discederet
813 4729 986 4786 neque
1013 4723 1372 4786 separaretur.
1406 4714 1474 4769 Et
1502 4714 1752 4782 observa,
1783 4726 2066 4788 postquam

484 4811 711 4868 tentatio
741 4809 809 4864 ab
833 4809 1070 4864 externis
1086 4810 1336 4874 cessavit,
1366 4823 1396 4864 a
1425 4808 1762 4865 daemonibus
1789 4809 2010 4881 incepit.

556 4903 859 4958 Judworum
903 4903 1116 4956 caecitas.
1163 4932 1233 4943 —
1272 4901 1461 4957 Viden’
1518 4902 1813 4958 caecitatem
1879 4901 2066 4959 iudai-

483 4995 642 5049 eam?
672 4993 804 5048 Cum
841 4991 1084 5046 viderent
1117 5003 1296 5048 vestes
1337 4994 1454 5062 ejus
1490 5003 1798 5064 operantes,
1836 5010 1942 5050 non
1966 4994 2064 5050 ad-

487 5085 790 5141 vertebant.
821 5081 961 5152 Quid
998 5083 1100 5137 hoc
1135 5084 1306 5154 majus
1341 5100 1461 5141 esse
1513 5086 1719 5155 possit?
1761 5088 1832 5142 At
1867 5087 1972 5141 illis
2012 5087 2064 5141 in

488 5177 817 5232 contrarium
865 5189 954 5230 res
1008 5189 1161 5230 versa
1217 5185 1318 5230 est.
1368 5175 1425 5231 Si
1472 5178 1592 5246 quis
1643 5178 1924 5248 gentilium
1957 5194 2064 5234 non

486 5267 694 5334 credat,
723 5265 913 5320 videns
956 5263 1199 5319 umbram
1241 5263 1355 5318 haec
1377 5277 1712 5335 Operanlem,
1737 5268 1942 5323 credat.
1976 5268 2067 5325 Sic

489 5371 552 5412 ex
575 5374 660 5425 eo,
695 5357 833 5427 quod
868 5357 1066 5412 abillis
1095 5356 1430 5421 discederet,
1456 5359 1699 5415 maledici
1743 5368 1799 5416 et
1849 5362 1941 5432 qui
1969 5360 2065 5417 do-

489 5462 606 5516 gma
653 5450 1148 5515 calumniabantur,
1200 5458 1522 5519 superantur
1561 5452 1689 5521 (hoc
1734 5455 1877 5508 enim
1921 5456 2060 5509 viam

489 5542 717 5611 vocavit)
743 5559 756 5594 :
787 5541 874 5596 ille
898 5556 1026 5596 vero
1053 5540 1300 5604 discedit,
1329 5551 1386 5594 ut
1429 5557 1605 5611 neque
1633 5542 1879 5612 discipuli
1905 5559 2055 5600 sece-

494 5631 682 5693 dcrent
712 5652 880 5708 neque
913 5636 1030 5693 illos
1052 5635 1118 5693 ad
1171 5637 1301 5691 iram
1327 5635 1648 5706 concitaret,
1683 5637 1968 5693 ostendens
1994 5639 2062 5694 il-

1517 209 1579 265 IN
1619 208 1796 266 ACTA
1839 207 2360 266 arosrownun.
2404 181 2632 265 notuL.
2668 207 2807 265 xu.

3696 220 3798 276 290

2217 321 2298 376 los
2320 321 2519 393 ubique
2545 322 2774 379 salutem
2823 324 3106 394 repellere.
3151 327 3214 383 Et
3251 328 3363 400 jam
3407 331 3512 388 illis
3541 348 3646 388 non
3679 349 3798 393 sese

2213 422 2426 484 purgat,
2453 428 2520 469 eo
2544 414 2685 484 quod
2716 425 2908 486 gentes
2953 417 3150 490 ubique
3193 422 3494 480 crederent.
3526 425 3592 481 Et
3619 427 3794 498 dispu-

2213 511 2309 572 tat,
2351 518 2458 560 non
2505 507 2751 576 quemvis
2787 508 2962 563 locum
3009 525 3291 580 quaerens,
3347 515 3443 572 sed
3465 518 3555 572 ubi
3611 518 3795 574 schola

2210 605 2346 662 erat,
2371 598 2520 667 quasi
2547 599 2993 669 commodiorem,
3033 617 3098 658 eo
3137 605 3278 674 quod
3307 608 3377 662 ibi
3403 624 3795 681 congregaren-

2213 693 2318 742 tur.

2277 780 2331 835 2.
2366 781 2545 853 Papzn,
2577 793 2776 856 quanta
2799 787 3134 844 credentium
3171 791 3342 846 virtus
3366 833 3382 860 ,
3408 809 3570 864 quum
3599 804 3652 850 et
3674 795 3794 850 aliis

2207 887 2418 943 quoque
2447 876 2632 931 eadem
2665 877 2780 948 ipsa
2833 877 3014 935 facere
3046 881 3406 938 concedatur!
3435 896 3630 955 quanta
3662 903 3792 942 vero

2206 967 2420 1021 caacitas
2449 983 2660 1032 eorum,
2694 971 2784 1040 qui
2805 972 2966 1026 etiam
2985 971 3110 1027 dum
3141 973 3310 1030 virtus
3343 975 3427 1030 illa
3459 977 3794 1034 demonstra-

2207 1067 2387 1125 retur,
2416 1058 2470 1113 in
2515 1059 2888 1116 incredulitate
2930 1065 3237 1119 manebant.
3283 1065 3351 1121 Ut
3398 1067 3556 1138 igitur
3603 1069 3788 1124 Simon

2203 1146 2338 1204 lucri
2362 1164 2521 1206 causa
2546 1153 2776 1223 gratiam
2810 1153 3043 1224 Spiritus
3072 1157 3385 1227 quaerebat,
3416 1158 3496 1215 sic
3524 1171 3578 1216 et
3609 1160 3662 1215 hi
3693 1177 3788 1216 ea-

2203 1238 2327 1295 dem
2362 1239 2428 1296 de
2453 1255 2616 1297 causa
2657 1243 2891 1313 idipsum
2936 1245 3223 1302 faciebant.
3273 1248 3482 1318 Quanta
3526 1251 3786 1308 caecitas?

2203 1327 2273 1383 Et
2310 1344 2478 1400 quare
2529 1331 2730 1388 Paulus
2772 1349 2879 1389 non
2925 1335 3203 1407 increpat?
3231 1337 3364 1406 Quia
3402 1341 3576 1397 visum
3604 1341 3789 1398 fuisset

2204 1419 2306 1477 hoc
2327 1436 2394 1477 ex
2417 1422 2615 1479 invidia
2666 1425 2816 1493 ﬁeri;
2859 1426 2982 1482 ideo
3000 1443 3088 1484 res
3129 1430 3199 1484 ita
3231 1431 3596 1503 dispensatur.
3624 1435 3712 1492 Sic
3732 1446 3788 1491 et

2199 1511 2415 1570 Christo
2449 1515 2672 1584 accidit;
2711 1518 2804 1573 sed
2859 1527 2982 1576 tunc
3029 1537 3135 1577 non
3177 1524 3565 1595 impediebatur
3612 1531 3779 1601 (nam

2201 1614 2326 1662 tunc
2348 1607 2557 1663 initium
2583 1625 2760 1665 rerum
2785 1621 2900 1667 erat
2923 1611 2970 1686 ),
2995 1614 3254 1685 siquidem
3285 1626 3338 1673 et
3365 1617 3530 1674 ludas
3559 1620 3642 1674 fur
3671 1636 3777 1677 non

2198 1699 2589 1766 cohibebatur;
2639 1702 2876 1760 Ananias
2931 1719 3063 1762 vero
3113 1716 3168 1762 et
3207 1707 3469 1780 Sapphira
3520 1711 3781 1768 interfecti

2198 1799 2320 1843 sunt
2351 1806 2367 1849 :
2402 1791 2662 1862 multique
2679 1792 2848 1849 Judaei
2897 1794 3245 1865 obsistentes,
3279 1800 3408 1854 nihil
3434 1804 3576 1873 passi
3609 1813 3773 1871 sunt;

2197 1879 2412 1950 Elymas
2436 1897 2562 1937 vero
2593 1894 2893 1940 excaecatus
2932 1896 3033 1942 est.
3075 1887 3196 1944 Non
3225 1892 3382 1960 enim,
3416 1893 3608 1965 inquit,
3641 1899 3774 1964 veni,

2195 1979 2250 2022 ut
2271 1972 2495 2040 judicent
2521 1975 2786 2042 mundum,
2823 1976 2912 2031 sed
2936 1987 2990 2032 ut
3013 1979 3234 2034 salvetur
3278 1984 3496 2038 mundus
3522 1985 3701 2056 (Joan.
3726 1990 3778 2043 5.

2197 2062 2309 2134 l7).
2347 2063 2478 2120 Vide
2506 2080 2618 2120 rem
2648 2067 3030 2124 exsecrandam
3052 2089 3065 2126 :
3087 2069 3258 2128 Judaei
3286 2073 3460 2130 adhuc
3478 2088 3776 2147 manentes,

2195 2167 2261 2208 ex
2291 2153 2406 2224 ipso
2437 2156 2656 2212 nomine
2707 2158 2902 2213 lucrari
2947 2160 3232 2218 volebant:
3264 2164 3445 2235 itaque
3482 2169 3662 2224 omnia
3709 2171 3775 2226 ad

2193 2242 2418 2313 gloriam
2441 2254 2494 2300 et
2519 2246 2726 2302 lucrum
2771 2246 3057 2306 faciebant.
3105 2251 3353 2324 Undique
3378 2256 3500 2312 vide
3525 2257 3773 2318 homines

2194 2347 2301 2387 non
2333 2334 2402 2388 ita
2449 2350 2546 2406 per
2601 2338 2774 2405 utilia,
2831 2349 2890 2395 ut
2942 2356 3038 2411 per
3089 2343 3344 2400 terribilia
3397 2351 3660 2405 converti.
3695 2351 3779 2407 Ex

2193 2421 2468 2493 Sapphira:
2519 2431 2768 2500 exemplo
2807 2440 2986 2488 terror
3032 2434 3221 2491 incidit
3271 2437 3321 2491 in
3375 2438 3692 2509 Ecclesiam,
3724 2455 3780 2499 et

2192 2514 2278 2606 alii
2317 2530 2421 2570 non
2449 2517 2716 2574 audebant
2745 2535 2804 2576 se
2834 2522 3160 2594 conjungere
3202 2526 3306 2580 illis
3331 2529 3350 2599 (
3375 2528 3490 2583 Act.
3515 2532 3571 2587 5.
3596 2524 3666 2589 f3
3692 2535 3710 2606 )
3753 2553 3766 2588 ε

2193 2605 2280 2660 hic
2305 2606 2516 2662 sudaria
2539 2617 2592 2663 et
2618 2610 2948 2667 semicinctia
2971 2614 3307 2683 accipiebant
3330 2627 3384 2671 et
3408 2605 3771 2691 sanabantur;

2192 2706 2246 2752 et
2289 2705 2474 2766 postea
2517 2699 2810 2754 veniebant
2853 2711 2910 2756 ut
2955 2705 3344 2761 confiterentur
3385 2721 3602 2778 peccata
3657 2731 3772 2773 sua.

2193 2789 2272 2843 Ex
2303 2804 2388 2856 eo,
2419 2790 2560 2860 quod
2601 2790 2860 2860 insilirct,
2891 2795 3192 2850 ostenditur
3234 2797 3537 2856 dazmonnm
3583 2820 3774 2876 magna

2189 2879 2432 2950 quaedam
2461 2883 2561 2947 vis,
2589 2897 2710 2937 cum
2738 2894 2924 2940 contra
2958 2885 3200 2942 inﬁdeles
3229 2898 3410 2959 agunt.
3444 2892 3514 2947 Et
3539 2910 3636 2950 cur
3663 2913 3770 2954 non

2187 2969 2324 3025 dixit
2374 2971 2595 3042 spiritus
2640 2973 2848 3029 malus:
2878 2973 3008 3042 Quis
3051 2983 3137 3032 est
3184 2976 3383 3034 Jesus?
3423 2983 3518 3038 sed
3562 2985 3769 3044 inutilia

2186 3063 2352 3118 verba
2407 3065 2670 3134 protulit?
2721 3065 2986 3135 Timebat,
3047 3083 3116 3124 ne
3165 3069 3282 3140 ipse
3339 3086 3525 3142 pinnas
3570 3077 3769 3137 daret:

2185 3152 2393 3208 sciebat
2428 3154 2570 3208 enim
2609 3154 2769 3225 hujus
2797 3157 3031 3213 nominis
3083 3159 3281 3216 virtute
3317 3177 3633 3221 concessum
3665 3171 3766 3226 sibi

2183 3242 2366 3310 fuisse,
2404 3253 2460 3301 ut
2486 3246 2737 3303 illusores
2763 3248 2884 3304 illos
2905 3249 3279 3306 ulcisceretur.
3309 3254 3420 3310 Cur
3446 3268 3627 3314 autem
3657 3266 3762 3318 mi-

2181 3337 2290 3392 seri
2318 3337 2396 3392 illi
2424 3352 2529 3393 non
2558 3339 2812 3395 dixerunt
2838 3341 2910 3406 ei,
2935 3340 3220 3398 Credimus
3247 3343 3270 3397 Τ
3313 3345 3595 3406 Tintebant
3625 3352 3765 3408 Pau-

2183 3424 2293 3482 lum
2319 3442 2680 3498 :quamquam
2711 3429 2880 3487 multo
2924 3431 3184 3488 clariores
3217 3432 3378 3490 futuri
3407 3450 3581 3508 erant,
3608 3442 3652 3495 si
3680 3443 3768 3499 Jc-

2180 3532 2300 3573 sum
2351 3518 2634 3574 Dominum
2687 3521 3053 3592 agnovissent.
3103 3522 3172 3578 Et
3220 3525 3456 3597 alioquin
3511 3531 3582 3595 id,
3621 3537 3764 3604 quod

2181 3610 2443 3681 Philippis
2498 3613 2905 3684 contigit,illos
2955 3614 3280 3672 emendavit.
3335 3618 3414 3674 Tu
3457 3637 3584 3678 vero
3633 3627 3762 3683 mihi

2179 3701 2484 3768 considera,
2511 3718 2670 3773 quam
2717 3703 2993 3761 modestus
3040 3707 3144 3764 hoc
3185 3709 3304 3765 loco
3330 3712 3398 3768 sit
3427 3715 3678 3787 scriptor,
3709 3731 3764 3775 et

2176 3795 2450 3866 quomodo
2489 3793 2768 3851 historiam
2818 3797 2992 3853 solum
3032 3800 3266 3870 scribat,
3318 3819 3417 3861 nec
3456 3812 3762 3880 quempiam

2177 3895 2412 3942 accuset.
2446 3886 2559 3944 Hoc
2583 3889 2853 3958 apostolos
2899 3890 3172 3948 mirabiles
3197 3894 3476 3954 reddebat.
3509 3899 3579 3956 Et
3609 3907 3762 3974 cujus

2175 3986 2359 4033 essent
2383 3976 2476 4033 ﬁlii
2501 3978 2650 4046 dicit,
2678 3986 2731 4034 et
2760 3994 2954 4036 nomen
2977 3990 3027 4036 et
3057 3998 3362 4052 numerum,
3394 3987 3528 4044 dans
3552 3992 3638 4060 iis,
3672 3998 3760 4064 qui

2175 4080 2302 4125 tunc
2327 4079 2498 4137 erant,
2557 4081 2765 4126 certum
2811 4075 3136 4130 narrationis
3176 4092 3288 4132 suae
3335 4078 3611 4137 indicium.
3649 4086 3762 4143 Cur

2177 4173 2356 4217 autem
2393 4163 2688 4218 eircuibant
2709 4162 2831 4216 illi?
2861 4164 3021 4220 Lucri
3047 4180 3242 4234 causa,
3289 4171 3400 4223 non’
3438 4180 3492 4225 ut
3535 4175 3756 4232 verbum

2174 4254 2556 4308 annuntiarent
2585 4271 2600 4307 :
2630 4253 2902 4323 quomodo
2947 4255 3132 4310 enim?
3179 4256 3324 4314 Bene
3351 4269 3528 4317 autem
3569 4281 3754 4323 curre-

2173 4344 2303 4400 bant
2326 4352 2507 4413 postea
2532 4384 2547 4409 ,
2592 4343 2944 4414 praedicantes
2985 4362 3080 4414 per
3123 4362 3184 4403 ea
3236 4365 3356 4420 quae
3399 4355 3754 4424 patiebantur.

2173 4436 2352 4505 Quare
2382 4435 2484 4491 hoc
2509 4434 2792 4492 declarans
2817 4437 2892 4491 ait
2917 4455 2929 4491 :
2962 4435 3030 4490 Et
3054 4449 3229 4494 notum
3261 4445 3461 4511 factum
3486 4457 3558 4502 est
3583 4455 3747 4506 omni-

2174 4530 2267 4586 bus
2320 4539 2425 4584 tam
2492 4527 2693 4584 Iudaeis
2743 4545 2898 4600 quam
2953 4532 3258 4601 gentilibus,
3305 4539 3391 4604 qui
3465 4539 3757 4602 habitabant

2173 4622 2383 4693 Ephesi.
2415 4621 2624 4691 Nonne,
2645 4635 2852 4693 quarso,
2871 4623 3032 4678 etiam
3054 4639 3166 4692 eos,
3196 4627 3286 4697 qui
3313 4628 3559 4688 duriores
3579 4647 3751 4705 erant,

2180 4722 2499 4771 convertere
2519 4712 2737 4768 debuit?
2755 4709 2861 4769 Sed
2891 4729 2998 4770 non
3027 4719 3319 4786 convertit;
3353 4736 3453 4778 nec
3485 4725 3698 4782 mireris
3729 4746 3744 4782 ,-

2186 4806 2405 4863 malitiae
2431 4807 2574 4862 enim
2605 4805 2739 4859 nihil
2765 4815 2848 4861 est
2885 4807 3027 4878 quod
3075 4811 3413 4878 persuadeat.
3459 4816 3573 4885 Age
3601 4834 3750 4888 vero,

2182 4902 2286 4957 hoc
2314 4901 2699 4957 exorcistarum
2745 4915 2879 4971 opus
2909 4901 3185 4957 videamus
3213 4915 3423 4974 quantae
3461 4909 3531 4964 sit
3559 4914 3751 4982 nequi:

2174 4994 2284 5048 tiae.
2329 4991 2439 5046 Cur
2472 4999 2651 5046 autem
2697 4989 2799 5046 hoc
2839 4991 2940 5047 sub
2981 4991 3198 5048 Christo
3261 5011 3366 5050 non
3430 5001 3752 5072 contigerit,

2175 5085 2418 5152 alterius,
2443 5099 2551 5139 non
2580 5085 2859 5154 przescntis
2902 5088 3158 5156 temporis
3186 5097 3270 5144 est
3295 5089 3626 5162 disquirere;
3659 5113 3752 5152 ve-

2183 5193 2300 5232 rum
2341 5176 2482 5246 quod
2526 5176 2634 5246 jam
2687 5176 2907 5246 pulchre
2947 5187 3003 5234 et
3032 5179 3231 5235 utiliter
3259 5182 3468 5238 accidit.
3529 5184 3758 5248 Videtur

2173 5268 2315 5324 enim
2345 5267 2464 5320 illos
2493 5266 2745 5322 irridendi
2778 5283 2938 5322 causa
2985 5269 3086 5324 hoc
3109 5269 3300 5326 fecisse
3328 5287 3343 5336 ;
3378 5271 3602 5345 ideoque
3643 5277 3754 5347 ple-

2172 5367 2420 5414 ctuntur:
2443 5357 2513 5413 ita
2538 5368 2598 5412 ut
2618 5357 2839 5428 posthac
2870 5373 3028 5414 nemo
3045 5359 3270 5414 auderet-
3296 5369 3499 5418 tentere
3525 5365 3626 5421 hoc
3654 5384 3750 5424 no-

2174 5466 2295 5505 men
2324 5450 2585 5519 proferre.
2612 5449 2987 5506 lloc'ﬁdelium
3031 5451 3226 5506 multos
3265 5453 3333 5507 ad
3358 5455 3750 5517 confessionem

2173 5542 2417 5608 deduxit,
2441 5541 2544 5595 hoc
2570 5549 2623 5596 ct
2647 5542 2889 5597 timorem
2913 5541 3043 5614 ipsis
3071 5542 3328 5613 incussit,
3357 5547 3755 5622 maximumque

2179 5637 2279 5693 hoc
2303 5643 2672 5708 argumentum
2703 5635 2799 5690 fuit
2828 5635 2994 5692 Deum
3017 5639 3194 5693 omnia
3225 5651 3408 5698 nosse.
3431 5641 3748 5718 Priusquam
