4086 6164
391 288 488 345 29!

388 419 416 456 a
465 400 797 457 demonibtts
847 400 1331 473 redarguerentur,‘
1363 402 1570 471 seipsos
1593 402 1950 469 accusabant,

390 495 642 550 timentes
692 508 759 549 ne
809 491 993 548 eadem
1053 503 1396 562 paterentur;
1446 502 1502 550 et
1558 495 1680 564 jure
1727 495 1964 566 quidem.

387 584 614 652 Quando
634 585 777 640 enim
821 584 1093 654 adjutores
1130 583 1405 640 daemones
1426 628 1440 651 ,
1471 597 1813 641 accusatores
1850 587 1967 640 illo—

389 692 504 732 rum
537 686 712 743 eraut,
745 693 849 732 non
881 677 1228 732 auxiliatores
1248 719 1262 742 ,
1295 679 1470 747 qualis
1495 693 1620 748 spes
1664 690 1964 748 supererat,

387 771 487 824 nisi
513 769 782 825 confessio
819 785 914 839 per
951 768 1164 838 opera?
1201 769 1337 824 Vide
1376 779 1571 840 quanta
1605 771 1751 826 brevi
1781 784 1966 835 posma

386 861 523 915 mala
543 860 791 915 eveniant
826 867 946 930 post
975 868 1052 914 tot
1097 861 1229 914 facta
1255 861 1424 930 signa.
1483 860 1628 916 Talis
1658 865 1856 932 quippe
1883 874 1968 919 est

385 955 612 1009 humana
636 963 818 1007 natura
851 971 863 1008 :
897 953 1074 1007 statim
1094 953 1471 1008 beneﬁciorum
1502 953 1855 1010 obliviscitur.

452 1045 624 1100 Terrae
640 1055 801 1099 motus
821 1044 1278 1114 Constantinopoli.
1304 1075 1376 1084 —
1397 1047 1587 1101 Annon
1611 1047 1952 1114 meministis,

381 1137 609 1207 idipsum
670 1137 830 1190 etiam
880 1136 1077 1191 nostris
1132 1135 1463 1206 temporibus
1529 1136 1827 1192 accidisse?
1872 1138 1966 1193 Dic

380 1231 523 1284 enim
551 1230 678 1284 mihi
706 1248 719 1283 :
753 1244 929 1283 nonne
955 1243 1095 1282 anno
1117 1227 1395 1298 superiore
1421 1228 1694 1284 concussit
1723 1229 1864 1284 Deus
1889 1229 1967 1284 ci-

380 1323 598 1376 vitatem
657 1330 821 1376 totam
862 1321 978 1392 (a)?
1032 1321 1169 1389 Quid
1222 1320 1396 1376 vero?
1449 1337 1627 1378 nonne
1665 1337 1851 1378 omnes
1896 1324 1962 1378 ad

380 1413 699 1484 baptismum
721 1414 1085 1468 accedebant?
1109 1428 1288 1468 nonne
1312 1421 1655 1482 scortatores,
1689 1415 1881 1470 molles
1909 1424 1965 1471 et

377 1510 612 1580 corrupti
666 1509 930 1570 homines,
982 1507 1182 1562 relictis
1231 1505 1478 1563 domibus
1527 1516 1582 1563 et
1624 1507 1960 1576 habitaculis,

377 1601 621 1656 conversi
668 1609 721 1655 et
760 1599 833 1670 pii
885 1598 1060 1654 eii'ecti
1115 1603 1277 1653 sunt?
1326 1597 1426 1654 Ubi
1481 1609 1658 1654 autem
1696 1608 1803 1655 tres
1847 1601 1962 1655 dies

380 1692 729 1756 transierunt,
756 1704 942 1746 rursus
982 1689 1048 1744 ad
1080 1689 1355 1758 pristinam
1396 1691 1598 1745 reversi
1624 1698 1748 1745 sunt
1771 1691 1960 1761 nequi-

376 1783 523 1836 tiam.
551 1783 701 1838 Unde
730 1781 834 1836 hoc
859 1779 1161 1849 contingit?
1184 1777 1264 1833 Ex
1292 1779 1500 1848 ignavia
1533 1780 1719 1834 multa.
1755 1779 1960 1850 Ecquid

375 1873 588 1938 mirum,
608 1872 650 1926 si
675 1872 759 1926 ubi
778 1886 865 1926 res
887 1872 1237 1937 transierunt,
1261 1871 1476 1940 quando
1507 1871 1824 1940 imaginibus
1846 1887 1962 1940 per-

377 1975 538 2033 petuo
568 1962 905 2018 manentibus
932 1961 1035 2018 hoc
1071 1963 1246 2032 ipsum
1286 1961 1504 2017 evenit?
1542 1961 1672 2029 Qum
1701 1962 1752 2016 in
1786 1961 1959 2018 Sodo-

375 2055 496 2116 mis,
527 2053 611 2108 dic
635 2052 784 2119 mihi,
829 2068 1010 2107 nonne
1052 2061 1311 2122 perpetuo
1339 2052 1597 2105 manent?
1631 2050 1766 2116 Quid
1796 2052 1961 2121 ergo?

371 2163 437 2200 an
464 2146 620 2202 vicini
650 2154 930 2216 propterea
959 2144 1209 2200 meliores
1227 2143 1351 2199 facti
1375 2144 1532 2199 sunt?
1555 2144 1788 2200 Minime.
1821 2144 1959 2212 Quid

373 2251 428 2295 et
458 2241 594 2296 ﬁlius
624 2239 773 2295 Noe?
819 2255 1000 2295 nonne
1045 2239 1164 2293 talis
1213 2239 1374 2294 erat?
1414 2253 1594 2294 nonne
1635 2249 1830 2294 tantam
1861 2240 1960 2295 sub

371 2332 542 2386 oculis
593 2330 798 2386 habens
843 2329 1206 2394 solitudinem,
1255 2329 1426 2384 malus
1461 2341 1636 2384 tamen
1679 2330 1836 2384 erat?
1881 2328 1960 2385 Ne

374 2423 632 2479 miremur
675 2439 825 2493 ergo,
879 2422 924 2476 si
966 2421 1051 2476 his
1099 2423 1172 2476 ita
1223 2421 1389 2492 gestis
1441 2435 1548 2475 non
1591 2421 1952 2488 crediderunt,

369 2517 583 2587 quando
613 2516 728 2586 ipsa
759 2514 890 2571 ﬁdes
921 2514 1027 2569 illis
1067 2529 1211 2584 sarpe
1239 2514 1290 2568 in
1333 2513 1661 2568 contrarium
1693 2521 1749 2568 et
1775 2513 1826 2567 in
1857 2528 1955 2568 ne-

370 2608 594 2678 quitiam
623 2607 886 2673 vertitur;
919 2615 977 2660 ut
1004 2604 1220 2675 quando
1245 2604 1637 2660 daemoniacum
1659 2619 1781 2660 esse
1806 2604 1956 2660 dice-

368 2703 496 2756 bant
527 2701 618 2756 Dei
649 2699 863 2755 Filium.
885 2700 1072 2754 Annon
1105 2698 1297 2752 videtis
1324 2696 1425 2752 hoc
1461 2713 1603 2752 nunc
1626 2697 1786 2751 etiam
1806 2697 1954 2764 ﬁeri,

365 2807 418 2850 et
448 2794 642 2849 multos
667 2793 914 2849 homines
943 2791 1282 2862 serpentibus
1308 2790 1536 2858 similes,
1571 2790 1875 2847 incredulos
1901 2799 1958 2846 et

369 2889 606 2958 ingratos
629 2885 718 2956 qui
739 2886 906 2940 instar
925 2884 1225 2952 viperarum
1247 2896 1369 2938 cum
1388 2881 1645 2937 beneﬁcia
1663 2880 1951 2952 accipiunt,

367 2977 624 3033 beneﬁcis
650 2975 829 3032 infesti
876 2974 1042 3028 sunt?
1073 2973 1197 3027 Haec
1218 2989 1247 3026 a
1271 2972 1425 3027 nobis
1451 2971 1592 3026 dicta
1621 2980 1764 3038 sunt,
1799 2983 1855 3026 ut
1885 2987 1955 3027 ne

365 3069 485 3139 quis
510 3068 733 3121 miretur
755 3107 770 3132 ,
797 3063 942 3135 quod
970 3072 1046 3118 tot
1074 3063 1234 3118 editis
1265 3062 1432 3133 signis
1460 3077 1568 3116 non
1595 3075 1782 3118 omnes
1823 3075 1956 3117 con-

368 3158 506 3212 versi
527 3158 654 3211 sint.

437 3251 491 3304 5.
535 3248 742 3304 Nostris
767 3247 964 3318 quippe
1009 3244 1338 3316 temporibus
1366 3243 1679 3300 acciderunt
1712 3259 1797 3313 ea,
1830 3261 1951 3315 qua:

366 3341 580 3396 beatum
617 3339 870 3410 Babylam
898 3346 1147 3409 spectant
1169 3337 1242 3410 (b)
1271 3378 1286 3403 ,
1318 3352 1438 3409 quae
1465 3336 1818 3409 Jerosolymis
1853 3352 1948 3407 ge-

365 3445 446 3490 sta
473 3441 618 3496 sunt.
649 3449 767 3503 quae
796 3432 847 3486 in
874 3430 1242 3486 destructione
1283 3428 1626 3498 templorum,
1661 3443 1832 3498 neque
1871 3436 1952 3482 ta-

367 3539 488 3578 men
518 3538 705 3577 omnes
733 3521 981 3577 conversi
1032 3527 1174 3574 sunt.
1207 3518 1345 3587 Quid
1383 3533 1518 3588 opus
1544 3525 1628 3574 est
1653 3528 1831 3573 vetera
1859 3533 1948 3574 re-

365 3629 586 3669 censere
606 3613 630 3664 ‘l
653 3613 768 3667 Dixi
796 3612 968 3676 vobis,
997 3611 1121 3680 quid
1150 3625 1290 3664 anno
1313 3609 1556 3679 proximo
1586 3609 1860 3675 acciderit,
1895 3617 1950 3664 et

365 3719 522 3760 nemo
564 3703 828 3767 attendit;
860 3701 955 3756 sed
1001 3715 1184 3755 rursus
1232 3700 1485 3771 paulatim
1514 3699 1853 3756 deﬂuxerunt
1894 3710 1949 3755 et

364 3794 589 3864 collapsi
621 3802 764 3848 sunt.
805 3792 924 3848 Stat
941 3806 1158 3862 semper
1183 3791 1372 3846 caelum
1398 3791 1638 3847 clamans
1667 3807 1727 3848 se
1755 3791 1946 3846 Domi-

364 3902 492 3940 num
514 3885 730 3950 habere,
761 3892 816 3939 et
843 3883 944 3938 hoc
973 3885 1278 3938 universum
1300 3897 1419 3939 esse
1439 3882 1716 3953 cujusdam
1742 3883 1946 3952 opiﬁcis

365 3978 455 4049 (de
499 3977 700 4032 mundo
742 3977 990 4046 loquor);
1022 3986 1076 4030 et
1101 3975 1286 4030 dicunt
1314 3976 1533 4045 quidam
1566 3991 1672 4030 non
1703 3977 1775 4029 ita
1802 3991 1940 4032 esse.

361 4069 490 4137 Qua:
526 4069 666 4123 circa
713 4066 1056 4122 Theodorum
1105 4079 1245 4118 anno
1288 4064 1533 4134 proximo
1580 4073 1729 4134 gesta
1779 4073 1941 4132 sunt,

360 4175 518 4230 quem
549 4174 655 4214 nou
701 4156 1209 4227 obstupefecerunt?
1237 4156 1303 4210 Et
1343 4165 1521 4211 tamen
1552 4155 1686 4210 nihil
1717 4156 1944 4226 amplius

361 4251 554 4306 factum
573 4257 676 4316 est,
704 4249 795 4304 sed
813 4247 880 4304 ad
905 4257 1112 4318 tempus
1141 4248 1212 4318 pii
1240 4247 1441 4313 effecti,
1473 4262 1538 4303 eo
1568 4248 1765 4302 reversi
1795 4256 1940 4313 sunt,

360 4343 499 4409 unde
523 4342 770 4412 pietatem
795 4340 1044 4396 inierant.
1077 4339 1187 4393 l‘loc
1204 4339 1366 4395 etiam
1395 4338 1633 4395 llebrmis
1662 4349 1788 4394 tunc
1815 4354 1944 4394 con~

362 4436 475 4505 tigit
507 4453 520 4489 :
545 4435 665 4490 ideo
691 4434 900 4491 dicebat
928 4434 1222 4505 propheta:
1249 4432 1375 4488 Cum
1395 4435 1640 4488 occideret
1665 4451 1768 4501 eos,
1799 4451 1941 4505 qua:-

363 4527 538 4580 rcbant
575 4542 709 4591 eum,
747 4535 794 4580 et
833 4526 1205 4578 revertebantur
1244 4533 1290 4576 et
1320 4523 1548 4578 diluculo
1579 4525 1838 4578 veniebant
1873 4525 1941 4578 ad

363 4617 520 4671 Deum
551 4615 742 4686 (Psul.
783 4616 870 4669 77.
903 4613 1030 4685 ⁸54).
1064 4613 1272 4682 Ecquid
1301 4621 1512 4682 oportet
1552 4614 1824 4682 generalia
1852 4615 1939 4670 illa

361 4706 635 4776 proferre?
665 4715 795 4776 quot
822 4705 874 4758 in
917 4703 1134 4758 morbos
1170 4702 1508 4757 inciderunt?
1537 4711 1668 4773 quot
1713 4719 1938 4774 surgen-

357 4809 435 4853 tes
469 4787 692 4869 polliciti
745 4805 869 4851 sunt
895 4810 956 4850 se
985 4809 1163 4850 mores
1193 4796 1248 4850 in
1291 4796 1482 4850 melius
1525 4805 1842 4867 mutaturos,
1886 4808 1943 4856 et

360 4904 535 4947 tamen
577 4890 737 4945 iidem
769 4890 870 4960 ipsi
902 4890 1251 4944 manserunt?
1296 4889 1405 4945 Hoc
1445 4891 1676 4947 maxime
1705 4893 1940 4950 ostendit

359 4985 513 5040 nobis
541 4982 835 5038 naturalem
865 4991 1104 5037 nostram
1147 4983 1355 5039 arbitrii
1388 4984 1710 5051 libertatem,
1742 5002 1937 5058 repen-

355 5077 462 5130 tina
493 5090 683 5145 nempe
709 5075 956 5129 mutatio.
1005 5073 1134 5128 Nam
1179 5075 1224 5129 si
1262 5076 1520 5130 naturalia
1554 5078 1694 5132 mala
1732 5089 1935 5148 essent,

353 5169 568 5223 libertas
611 5181 716 5221 non
751 5176 896 5220 esset
934 5182 948 5216 :
980 5179 1099 5234 quae
1128 5165 1272 5220 enim
1301 5181 1368 5221 ex
1399 5177 1589 5223 natura
1617 5180 1670 5223 et
1696 5174 1937 5228 necessi-

355 5271 462 5317 tate
491 5261 656 5326 ﬁunt,
685 5267 894 5313 mutare
934 5271 1039 5312 non
1083 5272 1385 5328 possumus.
1438 5261 1597 5330 Atqui
1629 5270 1934 5333 mutamur,

353 5351 580 5422 inquies.
614 5352 805 5405 Annon
836 5347 1079 5404 videmus
1107 5349 1374 5404 interdum
1405 5364 1500 5405 eos
1523 5392 1539 5419 ,
1567 5353 1658 5424 qui
1686 5368 1716 5407 a
1748 5363 1937 5412 natura

415 5482 487 5551 (ᾳ)
506 5490 639 5532 nunc
677 5487 827 5532 terra:
852 5490 1034 5533 motum
1052 5520 1065 5542 ,
1089 5483 1174 5551 qui
1198 5496 1324 5551 anno
1346 5487 1601 5551 proximo,
1625 5500 1810 5551 nempe
1844 5489 1958 5546 599,

350 5546 616 5614 acciderat,
641 5558 776 5606 saepe
819 5554 1072 5596 memorat.
1113 5546 1182 5596 Ea
1222 5546 1289 5596 de
1333 5546 1389 5597 re
1414 5549 1462 5596 in
1481 5546 1595 5599 Vita
1612 5546 1935 5614 Chrysostomi

353 5612 754 5778 ἳεξῖᾗῑιῗέΐὲἒὲ
779 5674 1064 5720 enarrantur
1089 5671 1137 5719 in
1158 5669 1336 5721 Homil.
1355 5671 1420 5724 de
1442 5678 1485 5722 s.
1512 5672 1702 5736 Babyla,
1729 5682 1859 5725 Tom.
1879 5677 1930 5736 2,

377 5741 407 5776 υ
430 5763 443 5777 .
757 5764 767 5775 .

350 5739 443 5777 col.
473 5739 559 5778 aut
588 5739 640 5778 et
660 5740 767 5790 seq.

1133 285 1182 343 S.
1228 286 1502 344 JOANNIS
1548 286 2017 345 CHRYSOSTOMI
2057 289 2377 347 ARCIIIEP.
2417 292 2941 355 CONSTANTINOP.

3555 302 3665 357 ειη

2079 404 2280 461 habent
2323 416 2380 461 ut
2422 408 2673 477 videant,
2705 429 2814 482 pra:
2857 424 3003 470 metu
3031 419 3373 474 cxcmcatos‘l
3397 419 3660 487 Quoniam

2076 497 2206 552 illud
2248 509 2450 554 natura:
2479 510 2596 569 est,
2641 511 2697 556 ut
2722 505 3078 576 reprimatur,
3122 523 3243 564 cum
3273 520 3462 566 natura
3493 512 3659 568 altera

2073 589 2292 644 advenit
2337 609 2351 647 :
2400 592 2471 646 ita
2527 594 2819 649 secundum
2863 607 3108 654 naturam
3157 610 3396 657 nostram
3451 613 3552 667 cst,
3607 615 3662 658 ut

2074 686 2342 753 perterriti
2392 702 2499 741 non
2541 688 2834 744 videamus.
2891 690 3196 748 Secundum
3240 704 3484 750 naturam
3535 699 3659 752 item

2073 785 2176 842 est,
2207 787 2262 832 ut
2289 778 2492 848 majore
2519 779 2837 836 adveniente
2857 790 3023 849 metu,
3055 784 3190 840 alter
3221 796 3396 843 metus
3422 789 3656 843 recedat.

2073 864 2209 936 Quid
2237 868 2417 939 igitur.
2450 871 2657 941 inquies
2679 913 2695 940 ,
2724 872 2768 926 si
2795 877 3143 944 temperantia
3173 878 3465 933 secundum
3498 889 3660 934 natu-

2075 974 2186 1013 ram
2227 960 2318 1027 sit,
2374 969 2429 1016 et
2472 972 2648 1018 metus
2689 963 3025 1022 invalescens
3063 966 3208 1022 illam
3254 969 3474 1037 ejiciat?
3521 971 3657 1038 Quid

2073 1051 2265 1122 igitur,
2308 1054 2352 1108 si
2379 1055 2668 1111 ostendero
2691 1098 2706 1120 ,
2737 1072 2805 1113 ne
2843 1058 3054 1128 quidem
3099 1067 3225 1116 tunc
3251 1064 3511 1132 quosdam
3538 1079 3662 1121 esse

2073 1152 2452 1214 temperantes,
2484 1147 2577 1203 sed
2607 1148 2659 1202 in
2679 1157 2824 1204 metu
2853 1150 3016 1205 etiam
3044 1151 3350 1220 petulantes
3376 1157 3534 1210 esse?
3558 1157 3659 1211 hoc

2072 1238 2312 1292 naturale
2340 1254 2445 1293 non
2495 1248 2595 1295 est.
2630 1241 2714 1296 An
2758 1250 2939 1296 vetera
2980 1243 3195 1299 dicam?
3219 1261 3285 1300 an
3315 1249 3492 1302 nova?
3517 1249 3658 1315 Quot

2072 1329 2124 1383 in
2153 1329 2268 1398 ipso
2297 1330 2487 1385 timore
2504 1341 2819 1388 manserunt
2847 1333 3109 1404 ridentes,
3134 1345 3190 1392 et
3219 1337 3353 1392 nihil
3379 1341 3485 1394 tale
3506 1343 3649 1413 passi

2070 1421 2232 1476 sunt?
2261 1422 2370 1487 Dic,
2393 1437 2594 1492 quaeso,
2626 1424 2835 1481 Pharao
2863 1441 3040 1482 nonne
3069 1428 3250 1482 statim
3275 1440 3507 1486 mutatus
3541 1442 3650 1500 est,

2069 1522 2124 1569 et
2150 1513 2216 1569 ad
2247 1515 2520 1584 pristinam
2561 1517 2789 1572 recurrit
2816 1518 3154 1588 nequitiam?
3182 1519 3294 1574 Hoc
3321 1531 3500 1576 autem
3528 1522 3648 1577 loco

2068 1603 2441 1672 dtemoniacis,
2491 1607 2735 1677 quamvis
2774 1609 2875 1678 ipsi
2903 1623 3008 1664 non
3043 1610 3373 1681 ignorarent,
3403 1612 3652 1669 dixerunt

2069 1697 2380 1766 simpliciter
2408 1716 2421 1752 :
2461 1697 2560 1754 Per
2585 1697 2765 1754 Iesum
2793 1701 3090 1772 adjuramus
3115 1719 3200 1756 vos
3221 1745 3234 1768 ,
3272 1721 3419 1775 quem
3459 1707 3651 1776 praadi-

2068 1803 2146 1848 cat
2168 1792 2366 1847 Paulus
2392 1809 2410 1848 :
2433 1808 2602 1863 perea
2630 1795 2795 1860 enim,
2815 1811 2934 1866 quae
2959 1797 3305 1865 respondent,
3336 1801 3480 1868 ipsos
3505 1801 3644 1856 scire

2067 1885 2341 1955 probatur.
2387 1884 2570 1940 Jcsum
2612 1901 2743 1942 vero
2787 1887 2972 1942 dicunt
3013 1888 3090 1942 illi
3135 1889 3469 1958 simpliciter,
3518 1907 3641 1945 cum

2067 1977 2389 2047 Oportuisset
2444 1978 2649 2046 dicere,
2704 1979 3043 2036 Servatorem
3083 1981 3288 2047 mundi,
3325 1983 3415 2052 qui
3467 1997 3646 2038 resur-

2065 2070 2211 2125 rexit
2251 2087 2265 2124 :
2306 2069 2402 2125 sed
2444 2071 2735 2126 noluerunt
2781 2071 3024 2127 conﬁteri
3066 2073 3290 2144 gloriam
3339 2075 3473 2145 ejus.
3522 2075 3648 2133 Ideo

2066 2164 2336 2235 redarguit
2384 2165 2504 2220 illos
2542 2165 2778 2232 dzemon,
2809 2166 3050 2222 insiliens
3091 2167 3142 2222 iu
3181 2183 3276 2223 eos
3306 2169 3596 2239 dicensque
3628 2189 3644 2225 :

2063 2254 2241 2310 Iesum
2267 2255 2401 2322 novi,
2445 2266 2491 2309 et
2535 2254 2755 2310 Paulum
2783 2257 2926 2324 scio;
2967 2273 3031 2313 ac
3071 2258 3115 2313 si
3142 2258 3366 2327 diceret,
3404 2261 3515 2316 Vos
3542 2278 3647 2316 non

2065 2345 2302 2412 creditis,
2330 2345 2424 2402 sed
2455 2345 2546 2401 illo
2578 2345 2857 2402 abutentes
2883 2347 3101 2404 nomine
3137 2349 3238 2404 hoc
3261 2349 3457 2406 dicitis.
3490 2351 3650 2422 Igitur

2065 2440 2333 2493 desertum
2366 2436 2622 2508 templum
2646 2446 2766 2504 est,
2796 2448 3098 2508 expugnatu
3125 2438 3297 2495 facilia
3325 2456 3476 2498 arma
3505 2461 3518 2496 :
3551 2443 3650 2498 ita-

2064 2543 2168 2599 que
2210 2543 2318 2583 non
2360 2529 2491 2585 esus
2523 2542 2797 2601 prteeoncs
2828 2571 2844 2597 ,
2875 2530 3064 2599 inquit,
3096 2531 3192 2588 sed
3221 2532 3325 2587 mei
3352 2533 3504 2588 estis.
3533 2533 3647 2588 Ma—

2061 2633 2198 2690 gnus
2227 2618 2378 2675 furor
2397 2620 2676 2677 daemonis.
2705 2621 3014 2677 Putuissent
3033 2621 3149 2677 hcce
3174 2624 3401 2693 apostoli
3425 2623 3604 2680 facere
3625 2664 3644 2692 ,

2064 2713 2157 2769 sed
2217 2713 2432 2772 interim
2483 2729 2590 2770 non
2640 2713 2925 2770 faciebant.
2983 2714 3117 2771 Nam
3168 2717 3259 2786 qui
3310 2718 3648 2788 imperabant

2062 2805 2168 2861 illis
2206 2845 2222 2871 ,
2277 2806 2369 2876 qui
2422 2805 2547 2862 talia
2589 2805 2643 2862 in
2689 2805 2836 2876 ipsos
2865 2806 3246 2876 operabantur,
3275 2809 3447 2865 multo
3472 2810 3642 2881 magis

2063 2896 2192 2967 ipsis
2248 2898 2620 2968 imperassent.
2690 2897 2825 2955 Vide
2897 2899 3169 2970 quomodo
3213 2901 3425 2957 illormn
3487 2917 3645 2958 man-

2061 2988 2288 3046 suetudo
2354 2999 2684 3046 monstratur
2713 3032 2729 3060 ,
2777 2991 2919 3063 quod
2967 2991 3091 3061 illi,
3149 2993 3239 3064 qui
3284 2994 3642 3064 pellebantur,

2061 3080 2183 3135 talia
2213 3081 2506 3149 faciebant;
2538 3082 2812 3140 daemones
2851 3099 2980 3140 vero
3007 3127 3023 3153 ,
3064 3086 3258 3156 quibus
3302 3089 3641 3154 serviebant,

2057 3171 2348 3227 contraria.
2391 3171 2604 3242 Iesum,
2672 3174 2880 3245 inquit,
2939 3178 3076 3233 novi.
3136 3177 3282 3249 Ergo
3343 3180 3644 3238 erubescite

2057 3279 2174 3331 vos,
2198 3266 2286 3335 qui
2309 3265 2457 3320 illum
2477 3266 2752 3336 ignoratis.
2786 3268 2847 3321 Et
2868 3267 3087 3324 Paulum
3107 3272 3231 3325 scio.
3257 3271 3323 3327 Et
3348 3272 3449 3329 hoc
3473 3273 3641 3341 bene;

2057 3369 2278 3414 noverat
2321 3359 2465 3414 enim
2495 3361 2590 3416 Dei
2641 3376 2762 3417 esse
2809 3377 3130 3431 praeconem.
3163 3364 3366 3421 Deinde
3395 3367 3562 3422 insilit
3589 3369 3642 3422 in

2054 3464 2168 3516 eos,
2193 3458 2248 3506 et
2277 3460 2456 3506 vestes
2484 3450 2780 3519 dilacerat;
2809 3468 2872 3507 ac
2896 3454 2943 3508 si
2971 3470 3066 3524 per
3084 3469 3248 3526 opera
3273 3456 3475 3514 diceret
3502 3459 3603 3514 illis
3624 3476 3639 3514 :

2054 3539 2130 3595 Ne
2159 3540 2356 3610 putetis
2382 3557 2470 3598 me
2499 3541 2620 3597 ideo
2649 3542 2701 3598 id
2728 3542 2926 3610 facere,
2955 3544 3098 3615 quod
3129 3545 3250 3600 illos
3275 3556 3638 3603 contemnam.

2054 3629 2276 3701 Magnus
2307 3632 2468 3688 timor
2502 3631 2786 3712 dremonis.
2820 3634 2888 3689 Et
2912 3650 3008 3691 cur
3033 3650 3139 3691 non
3172 3623 3493 3695 sine°vcrbis
3522 3640 3640 3694 istis

2053 3731 2228 3778 vestes
2253 3738 2437 3779 eorum
2468 3723 2720 3780 discidit?
2749 3726 2821 3780 ita
2851 3727 2994 3781 enim
3021 3736 3075 3782 et
3103 3727 3338 3784 furorem
3368 3730 3641 3802 implevis-

2052 3825 2154 3881 set,
2177 3825 2231 3870 et
2254 3831 2497 3873 errorem
2521 3819 2811 3875 statuisset.
2843 3819 3108 3889 Timebat,
3143 3833 3201 3876 ut
3225 3822 3359 3891 dixi,
3392 3825 3634 3880 inacces-

2051 3921 2165 3962 sam
2210 3916 2529 3977 potestatem
2556 3917 2647 3964 :et
2667 3925 2771 3965 non
2797 3919 3001 3966 tantum
3029 3913 3308 3982 potuisset,
3339 3914 3384 3968 si
3409 3915 3510 3970 hoc
3531 3929 3638 3970 non

2050 3997 2291 4054 dixisset.
2323 3999 2457 4054 Vide
2487 4000 2684 4070 ubique
2708 4001 2981 4057 diemones
3008 4004 3274 4073 gratiores
3298 4047 3313 4072 ,
3344 4022 3502 4076 quam
3537 4007 3635 4062 ιυ-

2050 4086 2195 4142 dmos
2214 4126 2228 4153 ,
2256 4103 2356 4144 nec
2381 4089 2642 4145 audentes
2673 4090 3042 4147 contradicere
3061 4133 3076 4158 ,
3106 4093 3187 4147 vel
3219 4109 3476 4152 accusare
3504 4112 3633 4166 apo-

2050 4179 2216 4233 stolos
2237 4221 2252 4246 ,
2283 4195 2458 4250 neque
2483 4179 2779 4237 Christum.
2815 4182 2925 4238 Illic
2962 4182 3148 4238 dicunt
3177 4203 3190 4239 :
3220 4186 3422 4242 Scimus
3452 4198 3499 4243 te
3524 4191 3636 4260 quis

2049 4267 2159 4333 sis;
2189 4278 2279 4334 et,
2327 4269 2430 4325 Cur
2480 4271 2656 4325 venisti
2705 4272 2802 4326 huc
2845 4282 2964 4328 ante
3018 4284 3216 4345 tempus
3266 4286 3496 4348 torquere
3546 4295 3636 4335 nos

2051 4358 2262 4429 (Matth.
2294 4361 2348 4416 8.
2393 4360 2541 4434 29);
2579 4371 2634 4418 et
2671 4379 2904 4432 rursum,
2954 4367 3076 4424 Scio
3118 4378 3166 4423 te
3203 4370 3315 4438 quis
3342 4371 3432 4436 sis,
3465 4370 3636 4427 Filius

2050 4449 2146 4504 Dei
2175 4450 2365 4520 (Marc.
2396 4453 2448 4507 ‘l.
2489 4454 2582 4526 24)
2614 4473 2626 4507 :
2660 4455 2747 4511 hic
2773 4472 2902 4512 vero
2927 4500 2942 4526 ,
2994 4457 3068 4513 Hi
3109 4460 3335 4515 homines
3380 4464 3510 4517 servi
3541 4465 3634 4519 Dei

2047 4540 2235 4596 excelsi
2261 4553 2377 4597 sunt
2410 4545 2546 4616 (Act.
2580 4546 2666 4601 16.
2695 4548 2759 4602 17
2779 4545 2835 4620 );
2863 4557 2918 4604 et
2945 4564 3182 4620 rursum,
3211 4551 3389 4606 Iesum
3425 4557 3560 4618 novi,
3589 4567 3636 4610 et

2050 4629 2270 4686 Paulum
2297 4635 2422 4688 scio.
2449 4635 2669 4692 Multum
2700 4638 2842 4693 enim
2873 4640 3225 4698 formidabant
3253 4653 3306 4698 et
3338 4646 3634 4702 tremebant

2047 4733 2264 4780 sanctos
2291 4726 2431 4782 illos.
2462 4728 2626 4785 Forte
2648 4731 2768 4802 quis
2792 4742 3028 4787 vestrum
3052 4735 3298 4802 audiens,
3327 4740 3472 4808 cupit
3499 4739 3636 4795 hanc

2047 4813 2244 4872 habere
2282 4827 2623 4889 potestatem,
2673 4831 2730 4876 ut
2773 4839 2840 4878 ne
2882 4825 3059 4879 ausint
3103 4826 3319 4897 quidem
3364 4829 3636 4886 daemones

2044 4909 2301 4965 adversus
2355 4909 2501 4964 illum
2561 4914 2852 4982 respicere,
2903 4925 2957 4971 et
3010 4929 3228 4974 sanctos
3281 4920 3401 4976 illos
3455 4936 3518 4976 ea
3567 4923 3634 4977 de

2045 5015 2204 5058 causa
2235 5002 2419 5057 beatos
2443 5004 2722 5073 prmdicat,
2756 5009 2880 5078 quia
2907 5018 3108 5064 tantam
3131 5011 3367 5069 habuere
3398 5024 3635 5083 potesta-

2046 5103 2174 5149 tem.
2214 5093 2318 5149 Sed
2349 5095 2532 5150 audiat
2561 5095 2830 5152 Christum
2866 5101 3168 5158 dicentem:
3196 5103 3371 5160 Nolite
3390 5108 3630 5176 gaudere,

2044 5187 2163 5255 quia
2205 5185 2458 5240 damonia
2484 5187 2622 5242 vobis
2650 5188 2986 5260 subjiciuntur
3033 5191 3185 5263 (Luc.
3220 5195 3307 5250 10.
3335 5197 3427 5266 20)
3457 5213 3472 5263 ;
3507 5197 3630 5266 quia

2047 5277 2252 5332 sciebat
2275 5291 2466 5332 onmes
2494 5277 2740 5334 homines
2767 5283 2836 5337 ob
2879 5299 3072 5339 vanam
3112 5287 3336 5356 gloriam
3368 5303 3431 5342 ea
3477 5289 3544 5343 de
3575 5305 3630 5343 re

2045 5370 2277 5426 maxime
2325 5371 2606 5442 gavisurus
2642 5387 2784 5429 esse.
2830 5373 2963 5430 Nam
3005 5379 3050 5432 si
3100 5378 3176 5444 id,
3205 5379 3347 5449 quod
3376 5381 3630 5450 placitum

2045 5460 2155 5515 Deo
2176 5469 2260 5516 est
2281 5502 2298 5529 ,
2325 5464 2521 5532 quaeris
2545 5507 2562 5532 ,
2589 5474 2645 5521 et
2672 5466 2814 5535 quod
2844 5469 2899 5523 in
2943 5475 3212 5527 communi
3245 5473 3498 5541 prodest,
3526 5474 3627 5528 alia

2044 5552 2214 5621 major
2251 5562 2333 5609 est
2362 5556 2466 5610 via.
2509 5557 2626 5612 Non
2656 5558 2723 5612 ita
2754 5575 3002 5630 magnum
3033 5571 3115 5617 est
3161 5578 3190 5617 a
3222 5564 3467 5620 daemone
3495 5566 3628 5620 libe-

2044 5644 2184 5710 rari,
2216 5652 2275 5698 ιιι
2318 5660 2348 5700 a
2380 5655 2623 5717 peccato.
2657 5649 2880 5706 Dremon
2913 5667 3019 5706 non
3065 5652 3310 5723 impedit,
3343 5657 3626 5725 quominus

2047 5749 2270 5806 regnent
2300 5739 2553 5797 cazlorum
2586 5756 3011 5816 consequamur;
3041 5746 3149 5804 imo
3176 5759 3519 5820 cooperatur,
3547 5749 3625 5805 in-
