4108 6172
319 363 414 419 291

320 479 428 548 γὰρ
477 476 512 546 ἡ
576 470 885 544 ἀνθρωπίνη
940 466 1136 539 φύσις·

323 572 707 643 εὐεργετεῖται.

397 668 466 718 Ἥ
490 666 550 718 οὐ
574 660 876 735 μέμνησθε,
905 659 989 714 ὅτι
1015 656 1112 712 καὶ
1160 655 1254 710 ἐπὶ
1288 652 1398 707 τῶν
1421 651 1546 706 καθ’
1579 651 1731 722 ἡμᾶς
1766 647 1992 720 γενομέ-

327 777 432 813 νων
460 760 520 812 τὸ
545 758 674 812 αὐτὸ
702 756 860 810 τοῦτο
906 753 1163 823 γέγονεν;
1213 747 1353 804 Εἰπέ
1385 747 1494 818 γάρ
1523 763 1648 816 μοι,
1670 745 1732 799 οὐ
1765 745 1995 815 πέρυσιν

327 854 565 920 ἐτίναξεν
596 855 624 905 6
652 852 785 914 Θεὸς
805 851 906 922 τὴν
943 847 1100 902 πόλιν
1131 846 1342 908 πᾶσανς
1373 843 1438 895 Τί
1478 842 1600 907 δαίς
1632 840 1753 910 οὐχί
1795 840 1995 904 πάντες

327 951 418 1004 ἐττί¹
445 949 506 1003 τδ
531 948 786 1019 φώτισμα
824 945 1092 1016 ἐδραμον;
1131 940 1250 1011 οὐχὶ
1279 939 1467 1010 πόρνοι
1495 935 1592 990 καὶ
1629 933 1864 1007 μαλακοὶ
1902 933 1997 986 καὶ

327 1042 734 1115 διεφθαρμένοι,
756 1039 1033 1110 οἰκήματα
1063 1033 1294 1105 ἀφέντες
1322 1032 1416 1086 καὶ
1447 1031 1574 1094 τοὺς
1589 1029 1785 1092 τόπους
1822 1026 1880 1080 ἐν
1915 1020 1996 1090 οἷς

328 1139 630 1210 διέτριϐον,
705 1132 1107 1207 μετετέθησαν,
1177 1127 1274 1182 καὶ
1341 1125 1630 1195 γεγόνασιν
1704 1121 1994 1186 εὐλαϐεῖς;

341 1233 563 1305 Ἐπειδὴ
615 1232 673 1285 δέ
719 1233 870 1302 τρεῖς
919 1227 1124 1300 ἡμέραι
1187 1221 1498 1293 παρῆλθον,
1549 1217 1714 1272 πάλιν
1761 1216 1852 1269 ἐπὶ
1897 1215 1998 1286 τὴν

329 1328 536 1380 οἰκείαν
592 1323 892 1394 ἐπανῆλθον
938 1320 1156 1375 κακίαν.
1214 1315 1385 1370 Πόθεν
1440 1314 1497 1367 δέ
1551 1313 1707 1367 τοῦτο
1752 1313 1996 1381 γίνεται;

344 1419 480 1473 Ἀπὸ
513 1419 612 1490 τῆς
639 1417 838 1488 πολλῆς
893 1413 1141 1476 νωθείας.
1188 1409 1292 1464 Kal
1339 1408 1393 1462 τί
1439 1406 1772 1477 θαυμαστὸν,
1809 1408 1856 1460 εἰ
1886 1405 1995 1460 τῶν

335 1511 677 1582 πραγμάτων
711 1507 1122 1582 παρελθόντων,
1161 1507 1296 1558 ὅπου
1325 1519 1389 1573 γε
1417 1502 1524 1556 τῶν
1553 1501 1777 1554 εἰκόνων
1816 1500 1999 1572 διηνε-

336 1607 448 1671 κῶς
477 1606 752 1679 μενουσῶν
779 1605 840 1659 τὸ
872 1604 1005 1659 αὐτὸ
1050 1603 1292 1673 γίνεται;
1349 1599 1430 1653 Τά
1471 1600 1529 1653 ἐν
1579 1599 1852 1670 Σοδόμοις,
1877 1597 2000 1651 εἰπέ

338 1722 449 1777 μοι,
477 1705 598 1775 οὐχὶ
626 1701 854 1774 διηνεκῆ
896 1699 1156 1770 τυγχάνει
1170 1715 1185 1762 ;
1221 1696 1286 1750 Τί
1308 1691 1436 1761 οῦν;
1487 1694 1538 1748 οἰ
1585 1692 2004 1765 προσοικοῦντες

333 1798 441 1853 ἀπὺ
464 1797 667 1851 τούτων
695 1796 952 1866 γεγόνασι
993 1790 1273 1864 βελτίους;
1308 1788 1594 1858 Οὐδαμῶς.
1633 1787 1698 1840 Τί
1731 1786 1822 1840 δαὶ
1853 1788 1881 1840 6
1909 1784 2003 1838 τοῦ

335 1890 458 1944 Νῶε
514 1890 661 1956 υἱός;
720 1889 844 1960 οὐχὶ
903 1885 1141 1948 τοιοῦτος
1189 1879 1293 1955 ἦν;
1358 1881 1479 1952 οὐχὶ
1519 1882 1576 1934 ἐν
1609 1879 1765 1951 ὄψεσι
1794 1879 2006 1950 βλέπων

337 1985 568 2057 ἐρημίαν
589 1983 860 2053 τοσαύτην
903 1979 1074 2045 κακὸς
1115 1973 1219 2050 ἦν;
1254 1976 1348 2046 Μὴ
1373 1974 1438 2047 δὴ
1480 1973 1848 2045 θαυμάζωμεν
1887 1973 2006 2038 πῶς

1187 463 1398 535 ταχέως
1454 459 1869 515 ἐπιλανθάνεται
1915 454 1991 512 ὧν

239 2087 242 2090 ’
335 2079 437 2131 οὐκ
477 2077 807 2129 ἐπίστευσαν
861 2072 1068 2126 τούτων
1121 2069 1450 2140 γενομένων,
1507 2068 1643 2122 ὅπου
1697 2083 1762 2135 γε
1801 2067 1940 2138 αὐτὴ
1969 2070 2004 2138 ἡ

338 2172 526 2232 πίστις
555 2168 816 2231 πολλάκις
846 2169 925 2230 εἰς
943 2167 1253 2220 τούναντίον
1276 2164 1460 2225 αὐτοῖς
1485 2160 1897 2233 περιτρέπεται,
1929 2165 2009 2226 εἰς

341 2267 542 2321 κακίαν
561 2282 574 2296 ·
612 2260 724 2318 οἷον
754 2263 830 2326 ώς
849 2264 978 2316 ὅταν
1020 2257 1358 2332 δαιμονῶντα
1397 2255 1599 2326 λέγωσι
1627 2255 1720 2310 τὸν
1748 2256 1876 2309 Υίὸν
1912 2256 2007 2310 τοῦ

339 2358 498 2414 Θεοῦ.
550 2358 622 2411 Ἦ
663 2356 762 2427 οὐχ
815 2355 976 2426 ὁρᾶτε
1025 2355 1120 2408 καὶ
1174 2353 1270 2407 νῦν
1339 2351 1514 2405 ταῦτα
1570 2349 1863 2421 γινόμενα,
1917 2350 2011 2404 καὶ

335 2455 590 2526 ὀφιώδεις
627 2451 950 2524 ἀνθρώπους
999 2451 1160 2514 ϐντας
1199 2449 1450 2516 πολλοὺς,
1501 2448 1763 2511 ἀπίστους
1811 2463 1870 2500 τε
1915 2445 2011 2500 καὶ

336 2549 687 2620 ἀγνώμονας,
733 2548 782 2601 οἳ
809 2547 905 2601 καὶ
932 2548 1076 2602 κατά
1106 2545 1204 2610 τάς
1251 2545 1415 2616 ἔχεις,
1464 2546 1593 2600 ὅταν
1631 2543 2012 2599 ἀπολαύσωσιν

335 2647 700 2720 εὐεργεσίας,
745 2646 841 2699 καὶ
897 2641 1206 2713 θαλφθῶσιν
1241 2643 1343 2696 ὑπὸ
1377 2659 1560 2709 τινων,
1619 2641 1739 2694 τότε
1782 2635 2012 2692 λυποῦσι

335 2744 468 2808 τοὺς
499 2742 828 2814 εὐεργέτας;
864 2739 1050 2793 Ταῦτα
1080 2740 1213 2810 ἡμῖν
1257 2739 1491 2812 εἴρηται,
1533 2736 1622 2790 ἵνα
1661 2735 1734 2806 μή
1759 2750 1843 2796 τις
1880 2733 2014 2786 θαυ-

338 2837 498 2912 μάζῃ
557 2835 674 2900 πῶς
723 2833 980 2890 τοιούτων
1040 2832 1284 2904 σημείων
1341 2832 1648 2902 γενομένων
1712 2831 1771 2884 οὐ
1812 2829 2014 2892 πάντες

337 2930 712 3002 ἐπέστρεψαν.

406 3125 485 3191 γ’.
521 3119 650 3173 Ἰδοὺ
669 3117 777 3188 γὰρ
791 3115 1010 3171 ἐπὶτῶν
1027 3117 1235 3188 καιρῶν
1253 3116 1361 3170 τῶν
1382 3113 1661 3188 ἡμετέρων
1677 3113 1746 3168 τά
1769 3111 1908 3168 κατά
1928 3113 2016 3168 τὸν

335 3213 627 3287 μακάριον
650 3211 899 3267 Βαϐύλαν
918 3211 1128 3282 γέγονε,
1145 3211 1295 3286 [512]
1312 3213 1380 3267 τὰ
1400 3213 1540 3266 κατὰ
1563 3211 1632 3265 τά
1649 3211 2017 3283 Ἰεροσόλυμα,

331 3310 412 3362 τά
453 3307 599 3362 κατά
630 3309 732 3378 τὴν
761 3307 1080 3379 καθαίρεσιν
1117 3308 1226 3362 τῶν
1252 3306 1434 3379 ίερῶν,
1464 3307 1558 3361 καὶ
1596 3307 1656 3360 οὐ
1699 3306 1900 3370 πάντες
1929 3307 2022 3358 ἐπ-

331 3402 714 3474 έστρεψαν.Τί
728 3403 808 3456 δεῖ
825 3403 895 3456 τά
906 3403 1114 3457 παλαιά
1127 3403 1322 3473 λέγειν;
1342 3403 1572 3474 Πέρυσιν
1590 3398 1742 3456 εἷπον
1759 3403 1890 3472 ὑμῖν
1908 3395 2019 3456 οἷον

330 3500 568 3569 γέγονε,
602 3498 698 3552 καὶ
719 3498 894 3562 οὐδεὶς
924 3496 1248 3568 προσέσχεν,
1294 3496 1429 3551 ἀλλά
1449 3496 1614 3552 πάλιν
1640 3495 1783 3550 κατά
1824 3497 2020 3566 μικρὸν

333 3596 705 3669 ὐπερρύησαν
733 3597 828 3650 καὶ
869 3595 1188 3651 κατέπεσον.
1227 3593 1468 3665 Ἕστηκε
1500 3593 1764 3664 διηνεκῶς
1791 3595 1819 3647 6
1857 3594 2021 3664 οὐρα-

329 3696 429 3760 νὸς
463 3694 632 3766 βοῶν,
663 3693 746 3747 δτι
797 3691 1062 3763 δεσπότην
1125 3689 1260 3760 ἔχει,
1295 3690 1388 3742 καὶ
1435 3687 1678 3761 τεχνίτου
1729 3688 1873 3752 τινός
1907 3690 2024 3743 ἐστι

329 3791 459 3845 τόδε
492 3787 560 3843 τὸ
584 3789 691 3842 πᾶν
723 3785 848 3858 (τὸν
884 3786 1090 3857 κόσμον
1113 3783 1314 3855 λέγω),
1361 3785 1455 3838 καὶ
1484 3782 1699 3853 λέγουσί
1747 3800 1914 3849 τινες,
1940 3785 2024 3838 ὅτι

329 3887 482 3957 οὐχί.
528 3883 616 3937 Τά
657 3882 800 3937 κατὰ
845 3883 1120 3953 Θεόδωρον
1169 3882 1376 3935 ἐκεῖνον
1423 3879 1765 3951 γεγενημένα
1803 3879 2024 3950 πέρυσι,

329 3985 459 4036 τίνα
489 3981 601 4035 οὐκ
622 3979 884 4050 ἐξέπληξε
908 3996 923 4045 ;
955 3978 1066 4031 Kal
1089 3978 1238 4048 ὅμως
1265 3975 1415 4030 οὐδὲν
1438 3974 1600 4029 πλέον
1625 3975 1870 4044 γέγονεν,
1891 3975 2026 4032 ἀλλὰ

330 4080 477 4151 πρὸς
505 4077 708 4148 καιρὸν
735 4077 1018 4146 γενόμενοι
1060 4074 1330 4139 εὐλαϐεῖς,
1374 4072 1539 4127 πάλιν
1574 4073 1879 4145 ἐπανῆλθον
1903 4074 2026 4128 ὅθεν

329 4173 643 4243 γεγόνασιν
668 4171 935 4234 εὐλαϐεῖς.
961 4170 1132 4224 Τοῦτο
1163 4170 1259 4224 καὶ
1305 4171 1400 4224 ἐπὶ
1445 4169 1554 4224 τῶν
1591 4169 1860 4240 Ἐϐραίων
1906 4169 2027 4222 τότε

330 4269 552 4340 συνέϐη
577 4285 589 4297 ·
618 4267 698 4320 διὸ
723 4268 817 4320 καὶ
845 4267 1031 4335 ἔλεγεν
1057 4267 1086 4320 6
1114 4267 1400 4338 προφήτης
1423 4280 1440 4296 ·
1461 4265 1646 4318 Ὅταν
1673 4265 2028 4320 ἀπέκτεινεν

329 4364 602 4430 αὐτοὺς,
637 4363 770 4416 τότε
796 4361 1118 4432 ἐξεζήτουν
1144 4361 1353 4428 αὐτὸν,
1384 4360 1484 4416 καὶ
1520 4359 1898 4430 ἐπέστρεφον
1927 4360 2029 4416 καὶ

328 4457 636 4530 ὥρθριζον
677 4459 828 4526 πρὸς
856 4459 964 4512 τὸν
995 4457 1163 4511 Θεόν.
1210 4456 1324 4511 Kal
1360 4455 1416 4508 τί
1456 4456 1536 4509 δεῖ
1584 4455 1764 4525 λέγειν
1801 4457 1868 4510 τά
1893 4457 2028 4511 καθ-

332 4557 543 4620 ολικά;
583 4550 745 4607 πόσοι
782 4553 958 4616 νόσοις
1002 4551 1363 4624 περιέπεσον;
1420 4549 1577 4604 πόσοι
1637 4551 2031 4622 ἐπηγγείλαντο

335 4651 693 4712 ἀναστάντες
722 4649 922 4720 πολλὴν
942 4649 1042 4721 τὴν
1077 4646 1380 4719 μεταϐολὴν
1413 4646 1778 4718 ἐργάσασθαι,
1805 4647 1900 4702 καὶ
1922 4648 2027 4702 πά·

335 4749 426 4801 λιν
453 4749 505 4800 οί
564 4745 724 4800 αὐτοὶ
776 4744 1060 4814 γεγόνασι;
1093 4743 1264 4796 Τοῦτο
1309 4741 1544 4813 μάλιστα
1578 4739 1850 4796 δείκνυσιν
1896 4743 2029 4813 ἡμῖν

335 4843 442 4914 τὴν
507 4840 880 4912 προαίρεσιν,
935 4839 1030 4892 καὶ
1076 4837 1176 4908 τὴν
1233 4835 1547 4908 ἐλευθερίαν
1606 4835 1709 4905 τῆς
1755 4834 2031 4906 ἡμετέρας

338 4939 596 5008 φύσεως,
629 4937 665 5007 ἡ
691 4935 863 5005 ἀθρόα
896 4934 1184 5005 μεταϐολή.
1205 4933 1267 4986 Εἰ
1297 4934 1406 5006 γάρ
1445 4931 1651 5003 φυσικά
1676 4926 1746 5002 ἦν
1771 4931 1839 4985 τά
1859 4931 2028 4997 κακὰ,

336 5037 453 5089 οὐδ’
484 5037 558 5090 ἂν
587 5033 733 5103 αὐτη
760 5031 950 5100 γέγονε
970 5048 982 5059 ·
1011 5031 1120 5084 τῶν
1148 5030 1256 5102 γὰρ
1284 5030 1429 5085 κατά
1453 5030 1613 5099 φύσιν
1641 5031 1736 5084 καὶ
1783 5029 2029 5100 ἀνάγκην

336 5133 402 5185 οὐ
428 5128 728 5200 δυνάμεθα
767 5124 1151 5196 μεθίστασθαι.
1182 5125 1294 5178 Kal
1322 5125 1429 5197 μὴν
1451 5123 1847 5196 μεθιστάμεθα,
1872 5125 2026 5194 φησί.

339 5234 419 5286 Οὐ
446 5230 736 5302 βλέπομεν
755 5225 865 5300 γάρ
893 5241 1045 5288 τινας
1077 5223 1236 5294 φύσει
1264 5225 1362 5295 μὲν
1395 5225 1616 5296 ἔχοντας
1653 5224 1899 5296 βλέπειν,
1924 5228 2030 5280 ὑπὸ

338 5327 441 5382 τοῦ
484 5324 666 5396 φόϐου
691 5323 750 5376 δέ
775 5320 1216 5390 τυφλουμένουςς
1249 5319 1472 5389 Ἐπειδὴ
1499 5321 1592 5374 καί⁹
1631 5319 1787 5375 τοῦτο
1817 5322 2033 5390 φύσεώς

341 5428 465 5478 ἐστι
504 5416 919 5482 συστέλλεσθαι,
972 5417 1098 5472 ὅταν
1137 5415 1296 5486 φύσις
1339 5416 1497 5488 ἐτέρα
1547 5419 1858 5491 προσέλθῃο
1891 5419 2032 5474 ὥστε

341 5521 494 5575 κατά
517 5518 692 5590 φύσιν
721 5517 852 5587 ἡμῖν
883 5517 998 5569 ἐστι
1023 5513 1086 5568 τὸ
1118 5513 1516 5584 πεφοϐημένοις
1539 5514 1614 5585 μὴ
1637 5515 1872 5585 βλέπειν,
1891 5519 2031 5572 κατά

344 5617 514 5688 φύσιν
544 5615 607 5668 δέ
644 5613 740 5666 καὶ
788 5613 871 5676 τὺ,
936 5611 1177 5683 μείζονος
1226 5610 1671 5681 παραγενομένου
1717 5611 1880 5680 φόϐου
1904 5653 1918 5677 ,
1943 5615 2034 5666 τὸν

341 5715 541 5784 ἕτερον
601 5707 1029 5774 ὑπεξίστασθαι.’
1081 5708 1147 5762 Τί
1197 5724 1312 5776 ουν,
1359 5705 1425 5762 ἂν
1471 5707 1633 5778 καὶή
1683 5708 2028 5781 σωφροσύνη,

345 5812 508 5884 φησὶ,
539 5802 699 5862 κατά
731 5803 831 5875 μὲν
859 5803 1018 5874 φύσιν
1055 5798 1128 5880 ᾖ,
1160 5806 1188 5858 6
1215 5803 1272 5858 δέ
1310 5802 1473 5872 φόϐος
1525 5804 1800 5876 κρατήσας
1831 5803 2032 5874 ταύτην

409 5966 428 5992 ⁸
454 5964 617 6018 Alius
641 5960 716 6022 μὴ
750 5961 965 6022 φυσικόν.

1372 346 1440 402 ΙΝ
1477 345 1661 402 ACTA
1700 339 2237 399 APOSTOLORUM.
2276 341 2508 400 HOMIL.
2541 342 2676 399 XLI.

3648 344 3753 400 292

2094 457 2334 529 ἐκϐάλῃ;
2377 459 2442 511 Τί
2469 454 2584 526 οὖν,
2632 460 2697 514 ἂν
2745 459 2902 526 δείξω
2934 461 3083 527 τινάς
3116 459 3248 532 μηδέ
3275 459 3396 515 τότε
3425 458 3751 531 σωφρονιζο-

2095 554 2319 623 μένους,
2342 553 2477 607 ἀλλά
2506 555 2600 609 καὶ
2627 557 2684 608 ἐν
2708 555 2917 622 τούτοις
2943 559 3056 622 τοῖς
3086 559 3268 628 φόϐοις
3299 558 3459 622 ὂντας
3495 556 3719 628 ἰταμούς
3737 597 3752 622 ,

2091 650 2152 702 οὐ
2178 652 2406 719 φυσικὸν
2444 665 2470 693 ει
2497 652 2654 706 τοῦτό
2707 655 2874 710 ἐστιν.
2931 657 3083 710 Εἴπω
3127 657 3194 710 τὰ
3239 655 3476 721 παλαιάς
3507 655 3644 709 ἀλλὰ
3683 658 3754 708 τά

2091 747 2220 814 νέα;
2262 748 2427 801 Πόσοι
2456 749 2520 820 δὴ
2565 751 2623 802 ἐν
2660 748 2844 815 αὐτοῖς
2898 749 3126 814 ἐκείνοις
3180 753 3293 814 τοῖς
3352 750 3539 820 φόϐοις
3591 751 3755 804 ἐναπ-

2091 840 2310 911 έμειναν
2345 841 2628 909 γελῶντες,
2663 843 3038 913 χλευάζοντες,
3067 860 3162 898 και
3181 844 3330 897 οὐδὲν
3365 845 3562 899 ἔπαθον
3582 844 3757 898 τοιοῦ-

2090 949 2216 1001 τον;
2245 932 2381 986 Είπέ
2409 951 2521 1005 μοι,
2554 935 2796 1008 όΦαραὼ
2822 938 2922 990 οὐκ
2955 937 3160 1001 εὐθέως
3201 937 3511 1007 μεθίστατο,
3543 938 3637 991 καὶ
3663 937 3755 989 ἐπὶ

2089 1029 2186 1100 τὴν
2214 1030 2488 1102 προτέραν
2534 1033 2733 1086 κακίαν
2783 1033 3075 1105 ἀνέτρεχε;
3120 1031 3387 1086 Ἐνταῦθα
3426 1033 3504 1099 δὲ,
3530 1032 3755 1088 ἐπὶτῶν

2091 1126 2160 1179 τά
2205 1126 2456 1197 δαιμόνια
2508 1129 2774 1200 ἐχόντων,
2821 1131 2997 1183 καίτοι
3028 1131 3130 1184 οὐκ
3176 1127 3513 1198 ἀγνοούντων
3551 1130 3754 1195 αὐτῶν,

2093 1221 2481 1291 προσετίθεσαν
2511 1223 2701 1288 ἁπλῶς
2728 1225 2777 1277 οἰ
2811 1224 3080 1294 λέγοντες.
3125 1223 3234 1277 Τὸν
3276 1221 3510 1290 Ἰησοῦν
3531 1222 3757 1292 ὁρκίζο-

2089 1332 2204 1384 μεν
2224 1317 2400 1387 ὑμᾶς,
2446 1320 2519 1374 ὃν
2550 1320 2794 1387 Παῦλος
2833 1321 3158 1390 κηρύσσειο
3211 1318 3281 1372 δι’
3318 1311 3392 1372 ὧν
3421 1319 3533 1389 γάρ
3563 1319 3759 1373 ἀπολο-

2094 1409 2336 1480 γοῦνται,
2376 1415 2671 1481 δείκνυται,
2719 1417 2802 1469 ὅτι
2838 1415 3006 1470 ίσασι.
3037 1415 3142 1468 Τὸν
3173 1411 3381 1485 Ἰησοῦν
3411 1412 3468 1466 δέ
3509 1413 3761 1481 λέγουσιν

2095 1509 2290 1563 ἐκεῖνοι
2325 1509 2534 1574 ἁπλῶς,
2575 1511 2691 1564 δέον
2714 1511 2890 1564 εἰπεῖν
2918 1510 3010 1563 τὸν
3034 1510 3132 1580 τῆς
3149 1508 3478 1578 οἰκουμένης
3507 1508 3760 1578 Σωτῆρα,

2096 1602 2188 1656 τὸν
2208 1603 2518 1658 ἀναστάντα
2539 1619 2553 1632 '
2595 1603 2721 1657 ἀλλ’
2749 1603 2849 1656 οὐκ
2880 1601 3070 1674 ἤθελον
3105 1600 3439 1672 ὁμολογῆσαι
3468 1599 3566 1671 τὴν
3603 1600 3762 1665 δόξαν

2099 1697 2287 1752 αὐτοῦ.
2321 1697 2412 1750 Διὸ
2441 1699 2532 1750 καί
2585 1698 2794 1769 ἐλέγχει
2851 1697 3049 1760 αὐτοὺς
3105 1698 3134 1750 6
3180 1696 3388 1766 δαίμων
3419 1694 3764 1764 ἐπιπηδήσας

2101 1793 2305 1857 αὐτοῖς,
2351 1793 2446 1846 καὶ
2496 1792 2698 1846 εἰπών’
2765 1793 2878 1848 Τὸν
2915 1793 3158 1860 Ἰησοῦν
3199 1791 3489 1862 γινώσκω,
3530 1791 3626 1845 καὶ
3660 1793 3765 1844 τεν

2100 1886 2347 1941 Παῦλον
2364 1887 2708 1956 ἐπίσταμαι.
2746 1890 2892 1943 Ὠσεί
2913 1891 3097 1959 ἔλεγεν
3117 1905 3130 1920 ⁶
3162 1890 3352 1960 Ὑμεῖς
3380 1889 3440 1942 οὐ
3459 1887 3764 1952 πιστεύετε,

2102 1982 2232 2036 ἀλλ’
2265 1984 2709 2057 άποκεχρημένοι
2756 1985 2835 2058 τῷ
2885 1987 3110 2058 ὀνόματι
3143 1985 3318 2041 ταῦτά
3357 2004 3514 2057 φατε.
3550 1983 3766 2038 Οὐκοῦν

2103 2077 2307 2150 ἔρημος
2346 2081 2375 2134 6
2411 2080 2558 2147 ναὸς,
2606 2081 3079 2151 εὐκαταγώνιστον
3133 2085 3194 2137 τὸ
3242 2083 3465 2146 σκεῦος·
3499 2081 3639 2134 ὥστε
3664 2079 3767 2132 οὐκ

2103 2175 2227 2229 ἐστὲ
2255 2177 2518 2249 κήρυκες,
2567 2178 2696 2233 ἀλλ’
2742 2179 2890 2251 ἐμοὶ,
2927 2179 3113 2250 φησὶν,
3159 2178 3304 2233 ἐστέ.
3341 2177 3515 2239 Πολὺς
3545 2176 3574 2228 6
3600 2174 3769 2246 θυμδς

2103 2271 2195 2325 τοῦ
2226 2272 2498 2342 δαίμονος.
2547 2273 2838 2329 ’Πδύναντο
2879 2275 3051 2329 ταῦτα
3099 2275 3298 2337 αὐτοὺς
3359 2271 3694 2342 ἐργάσασθαι
3719 2271 3769 2323 οἱ

2105 2367 2410 2434 ἀπόστολοι,
2440 2368 2566 2423 ἀλλ’
2585 2369 2685 2424 οὐκ
2726 2370 2943 2425 ἐποίουν
2984 2371 3142 2436 τέως.
3173 2372 3236 2425 Οἱ
3267 2369 3377 2441 γὰρ
3407 2369 3514 2423 τῶν
3542 2369 3772 2440 ἐργαζο-

2107 2464 2288 2535 μένων
2314 2466 2510 2542 αὐτούς
2540 2464 2713 2522 ταῦτα
2746 2468 3096 2540 κρατοῦντες,
3127 2466 3310 2537 πολλῷ
3340 2459 3540 2537 μᾶλλον
3568 2462 3768 2519 αὐτῶν.

2109 2561 2252 2632 Ὅρα
2307 2560 2424 2624 πῶς
2463 2560 2736 2615 δείκνυται
2797 2562 2980 2616 αὐτῶν
3042 2565 3077 2633 ὴ
3133 2563 3424 2628 ἐπιείκεια,
3474 2561 3556 2614 ὅτι
3591 2559 3640 2612 οἱ
3675 2559 3773 2628 μὲν

2108 2655 2459 2725 ἐλαυνόμενοι
2477 2655 2705 2710 τοιαῦτα
2730 2657 2997 2722 ποιοῦσιν,
3029 2657 3080 2710 οί
3103 2657 3161 2710 δέ
3193 2655 3620 2727 θεραπευόμενοι
3659 2652 3774 2706 δαί-

2113 2767 2272 2821 μονες
2291 2750 2574 2803 τάναντία.
2606 2750 2718 2804 Τὸν
2756 2751 3022 2818 Ἰησοῦν,
3053 2755 3210 2821 φησὶ,
3244 2751 3535 2821 γινώσκω.
3561 2749 3773 2802 Οὐκοῦν

2111 2842 2438 2914 αἰσχύνθητε
2471 2845 2520 2897 οἱ
2541 2843 2692 2916 [515]
2721 2844 3036 2913 ἀγνοοῦντες
3061 2845 3237 2916 ὑμεῖς.
3267 2845 3376 2899 Καὶ
3404 2844 3509 2898 τὸν
3532 2841 3777 2898 Παῦλον

2109 2937 2453 3007 ἐπίσταμαι.
2500 2937 2697 3003 Καλῶς
2752 2939 2848 2994 καὶ
2903 2938 3097 2994 τοῦτο’
3144 2939 3260 3012 ᾔδει
3308 2941 3416 3011 γάρ
3467 2937 3603 2992 Θεοῦ
3646 2938 3778 2992 ὄντα

2113 3034 2348 3104 κήρυκα.
2373 3029 2506 3087 Εἶτα
2533 3033 2820 3103 ἐφάλλεται
2837 3034 2939 3087 ἐπ’
2959 3035 3178 3103 αὐτοὺς,
3210 3037 3304 3091 καὶ
3320 3037 3682 3110 διαρῤήγνυσι
3709 3037 3778 3088 τὰ

2114 3127 2338 3198 ἱμάτια·
2369 3127 2451 3182 δι’
2488 3122 2562 3183 ὧν
2600 3128 2774 3183 ἐποίει
2803 3130 3010 3197 αὐτοῖς,
3050 3129 3210 3183 τοῦτο
3249 3131 3530 3203 μονονουχὶ
3563 3131 3735 3196 λέγων
3760 3144 3775 3158 '

2113 3223 2206 3297 Μὴ
2257 3225 2536 3299 νομίσητε,
2588 3227 2670 3281 ὖτι
2714 3226 3070 3297 καταφρονῶν
3116 3226 3339 3281 ἐκείνων
3387 3227 3562 3282 ταῦτα
3618 3225 3777 3280 ποιῶ.

2116 3322 2291 3386 Πολὺς
2330 3323 2360 3376 6
2413 3321 2577 3392 φόϐος
2625 3321 2719 3375 τοῦ
2770 3321 3044 3392 δαίμονος.
3097 3320 3209 3375 Kal
3248 3321 3338 3375 διά
3391 3321 3444 3375 τί
3484 3321 3654 3392 χωρὶς
3670 3321 3782 3376 τῶν

2117 3418 2380 3490 ῥημάτων
2407 3417 2611 3472 τούτων
2657 3417 2718 3470 οὐ
2747 3415 3029 3487 διέρρηξεν
3062 3414 3240 3469 αὐτῶν
3264 3415 3336 3468 τὰ
3380 3415 3605 3486 ἰμάτια;
3639 3417 3783 3470 οὕτω

2115 3513 2225 3585 γὰρ
2252 3511 2319 3567 ἂν
2342 3511 2438 3564 καὶ
2465 3510 2556 3564 τὸν
2582 3508 2753 3579 θυμὸν
2778 3507 3087 3580 ἐπλήρωσε,
3124 3507 3218 3562 καὶ
3249 3507 3348 3578 τὴν
3377 3507 3596 3579 ,πλάνην
3621 3508 3784 3582 ἐστη-

2119 3624 2231 3661 σεν.
2271 3605 2569 3676 Ἐφοϐεῖτο,
2591 3606 2728 3676 ὅπερ
2756 3603 2914 3674 ἔφην,
2931 3602 3030 3674 τὴν
3053 3603 3346 3675 ἀπρόσιτον
3367 3604 3395 3644 ι’
3416 3603 3667 3675 δύναμιν,
3690 3605 3784 3659 καὶ

2118 3705 2218 3757 οὐκ
2245 3703 2311 3757 ἂν
2340 3701 2592 3756 τοσοῦτον
2655 3702 2896 3772 ἴσχυσεν,
2953 3700 3002 3754 εί
3055 3700 3130 3772 μὴ
3175 3699 3332 3754 τοῦτο
3353 3695 3528 3755 εἷπεν.
3561 3701 3703 3773 Ὅρα
3727 3701 3785 3756 δὲ

2077 3847 2094 3856 -
2120 3796 2398 3868 πανταχοῦ
2439 3797 2566 3861 τοὺς
2616 3795 2875 3867 δαίμονας
2928 3794 3464 3866 εὐγνωμονεστέρους
3504 3795 3612 3848 τῶν
3654 3796 3787 3848 Ἰουοι

2119 3893 2302 3959 δαίων,
2338 3891 2435 3946 καὶ
2460 3890 2520 3944 οὐ
2554 3888 2869 3962 τολμῶντας
2905 3890 3203 3956 ἀντειπεῖν,
3248 3892 3368 3944 οὐδὲ
3405 3891 3787 3963 κατηγορῆσαι

2127 3989 2237 4042 τῶν
2291 3987 2630 4053 ἀποστόλων,
2671 3987 2790 4040 οὐδὲ
2853 3986 2950 4041 τοῦ
3011 3988 3266 4058 Χριστοῦ.
3333 3987 3477 4040 Ἐκεῖ
3517 3987 3785 4056 λέγουσιν,

2127 4083 2384 4153 Οἷδαμέν
2435 4097 2510 4137 σε
2542 4082 2634 4149 τίς
2661 4078 2753 4135 εἷ’
2781 4082 2895 4148 καὶ,
2946 4080 3010 4135 Τί
3047 4077 3231 4151 ἦλθες
3258 4073 3376 4133 ὧδε
3426 4079 3540 4148 πρὸ
3571 4079 3784 4148 καιροῦ

2117 4177 2462 4242 βασανίσαι
2493 4175 2684 4245 mide;
2714 4175 2810 4228 καὶ
2847 4175 3030 4238 πάλιν,
3069 4172 3212 4229 Οἶδά
3249 4191 3325 4229 σε
3353 4175 3445 4240 τίς
3465 4171 3539 4242 εἷ,
3573 4176 3607 4229 6
3646 4175 3781 4240 Υίὸς

2064 4332 2068 4336 ι
2124 4268 2231 4323 τοῦ
2260 4268 2410 4322 Θεοῦ
2437 4284 2452 4299 ο
2479 4267 2713 4323 ἐνταῦθα
2764 4267 2844 4334 δὲ,
2896 4264 3073 4324 οὗτοι
3129 4271 3187 4323 οί
3238 4267 3535 4337 ἄνθρωποι
3576 4268 3788 4324 δοῦλοι

2124 4361 2228 4417 τοῦ
2265 4362 2411 4416 Θεοῦ
2461 4361 2571 4414 τοῦ
2623 4361 2895 4430 ὑψίστου
2937 4361 3058 4415 είσί
3105 4376 3120 4391 °
3170 4361 3264 4414 καί.
3320 4361 3503 4428 πάλιν,
3541 4362 3657 4418 Τὸν
3673 4363 3791 4433 μὲν

2136 4455 2380 4526 Ἰησοῦν
2402 4453 2694 4526 γινώσκω,
2734 4454 2963 4509 καὶτὸν
2989 4455 3239 4510 Παῦλον
3267 4455 3611 4527 ἐπίσταμαι.
3640 4458 3790 4514 Πάνυ

2125 4554 2233 4624 γὰρ
2252 4552 2587 4606 ἐδεδοίκεσαν
2617 4551 2712 4606 καὶ
2731 4551 2957 4624 ἔτρεμον
2987 4552 3114 4617 τούς
3143 4551 3331 4622 ἁγίους
3353 4551 3613 4618 ἐκείνους.
3637 4555 3790 4626 Τάχα

2124 4667 2209 4714 τις
2236 4650 2391 4721 ὐμῶν
2419 4649 2632 4705 ἀκούων
2654 4689 2669 4716 ,
2700 4649 2855 4704 ποθεῖ
2879 4649 2972 4705 ἐπί⁵
3006 4649 3209 4720 ταύτης
3239 4649 3494 4720 γενέσθαι
3512 4651 3612 4721 τῆς
3639 4650 3792 4716 ἐξουο

2127 4747 2268 4814 σίας,
2317 4745 2458 4800 ὥστε
2512 4747 2586 4818 μὴ
2634 4745 2893 4801 δύνασθαι
2932 4745 3192 4818 δαίμονας
3238 4747 3579 4802 ἀντιϐλέπειν
3621 4748 3789 4819 αὐτῷ,

2125 4844 2219 4898 καὶ
2243 4842 2534 4915 μακαρίζει
2571 4844 2697 4906 τοὺς
2735 4841 2926 4911 ἀγίους
2965 4843 3206 4907 ἐκείνους
3237 4842 3324 4897 διά
3343 4843 3532 4911 τοῦτο,
3561 4845 3642 4898 ὅτι
3666 4861 3793 4898 τοσ-
3819 4869 3822 4873 ·

2125 4939 2296 5010 αύτην
2346 4934 2490 5008 εἶχον
2545 4935 2719 5008 ἰσχύν.
2755 4936 2896 4990 Ἀλλ’
2921 4937 3165 4991 ἀκουέτω
3209 4937 3303 4991 τοῦ
3341 4938 3578 5010 Χριστοῦ
3604 4939 3793 5008 λέγον-

2126 5051 2215 5097 τος
2247 5047 2261 5064 ο
2291 5031 2388 5100 Μὴ
2412 5032 2673 5100 χαίρετε,
2699 5030 2788 5085 ὅτι
2811 5031 2883 5086 τὰ
2903 5031 3177 5102 δαιμόνια
3195 5031 3339 5102 ὑμῖν
3358 5031 3790 5088 ὑποτάσσεταιο

2127 5128 2316 5198 ἐπειδὴ
2347 5126 2462 5197 ᾔδει
2493 5125 2704 5190 πάντας
2749 5125 3068 5198 ἀνθρώπους
3107 5127 3342 5198 μάλιστα
3387 5126 3560 5198 τούτῳ
3585 5127 3796 5198 χαίρον-

2126 5241 2224 5286 τας
2256 5223 2346 5276 διά
2364 5221 2690 5286 κενοδοξίαν.
2728 5221 2792 5273 Εἰ
2817 5220 2925 5290 γὰρ
2957 5221 3018 5274 τὸ
3049 5221 3124 5292 τῷ
3160 5219 3280 5292 Θεῷ
3306 5231 3328 5259 ο
3373 5219 3561 5274 δοκοῦν
3613 5221 3796 5294 ζητεῖς

2130 5321 2225 5373 καὶ
2259 5318 2321 5372 τὸ
2357 5319 2510 5389 κοινῇ
2560 5315 2859 5388 συμφέρον,
2910 5315 3070 5388 ἐτέρα
3097 5317 3298 5388 μείζων
3337 5319 3482 5370 ἐστὶν
3509 5317 3646 5382 ὁδός.
3679 5317 3794 5374 Οὐκ

2129 5415 2274 5471 ἐστιν
2329 5414 2472 5468 οὕτω
2521 5414 2666 5485 μέγα
2716 5413 2968 5484 δαίμονος
3020 5411 3347 5478 ἀπαλλάξαι,
3403 5413 3479 5478 ώς
3521 5415 3795 5485 ἁμαρτίας

2130 5511 2433 5581 ἐξελέσθαι.
2459 5509 2684 5580 Δαίμων
2704 5510 2766 5563 οὐ
2793 5509 2992 5563 κωλύει
3021 5509 3296 5578 βασιλείας
3331 5509 3576 5579 οὐρανῶν
3612 5512 3796 5565 ἐπιτυ-

2129 5613 2267 5682 χεῖν,
2297 5607 2433 5663 ἀλλά
2461 5606 2555 5660 καὶ
2585 5604 2927 5676 συμπράττει
2947 5643 2963 5671 ,
2993 5607 3142 5660 ἀκων
3177 5604 3298 5676 μὲν,
3348 5608 3689 5678 συμπράττει
3714 5607 3796 5674 δὲ,

2132 5703 2571 5777 σωφρονέστερον
2606 5700 2701 5755 τὸν
2743 5701 2935 5772 ἔχοντα
2979 5699 3147 5754 ποιῶν
3174 5716 3188 5731 ο
3227 5700 3471 5772 ἁμαρτία
3512 5701 3567 5756 δέ
3596 5702 3796 5756 ἐκϐάλ-

2132 5803 2234 5856 λει.

2190 5977 2218 6019 ι,
2241 5956 2376 6009 Idem
2405 5959 2489 6015 τήν
2529 5956 2807 6021 ἀπόρρητον.
2877 5959 2898 5987 (⁵
2921 5954 3057 6009 Unus
3079 5955 3166 6019 γὰρ
3183 5956 3252 6017 τῷ
3272 5956 3382 6018 Θεῷ
