4108 6172
307 349 406 402 2ίό

371 457 433 512 δ’.
474 454 613 508 Ἀλλ’
647 454 902 523 ῖσωςέρεῖ
925 467 1026 514 τις’
1055 451 1146 521 Μὴ
1164 449 1372 518 γένοιτό
1401 466 1491 520 μοι
1522 447 1761 502 τοιούτου
1789 444 1972 514 τυχεῖν

301 541 707 615 σωφρονισμοῦ.
735 540 867 594 Οὐδὲ
901 538 1012 608 ἐγὼ
1046 538 1330 608 βούλομαι,
1361 537 1477 590 ἀλλ’
1507 536 1719 606 ἐτέρου,
1749 533 1857 587 ἀπὸ
1878 530 1972 584 τοῦ

306 631 474 686 πόθου
503 629 596 683 τοῦ
625 627 860 700 Χριστοῦ
886 627 1066 679 πάντα
1113 627 1308 678 ποιεῖν.
1338 624 1400 677 Εἰ
1431 623 1509 688 δὲ,
1549 623 1578 676 6
1621 621 1696 692 μὴ
1742 621 1971 689 γένοιτο,

307 718 549 790 συμϐαίη
609 718 702 770 καὶ
737 716 878 787 ὑπὲρ
906 714 1096 768 τούτου
1130 712 1490 785 παρακαλεῖν.
1523 712 1586 765 Εἰ
1617 711 1796 763 τοίνυν
1827 701 1981 770 οὗτος

311 809 410 878 μὲν
436 806 534 859 οὐκ
561 804 836 869 ἐκϐάλλει,
859 802 1044 872 ἐκείνη
1085 802 1142 854 δέ
1169 800 1438 864 ἐκϐάλλει,
1486 797 1548 852 τὸ
1569 797 1784 868 ἐκείνης
1808 796 1983 850 ἀπαλ-

306 891 469 956 λάξαι
497 891 741 963 μείζονος
766 889 1103 960 εὐεργεσίας.
1121 886 1330 941 Οὐκοῦν
1360 885 1564 954 ταύτης
1590 884 1982 954 σπουδάζωμεν

306 979 669 1034 ἀπαλλάττειν
693 978 820 1040 τοὺς
841 975 1068 1046 πλησίον
1104 974 1198 1029 καὶ
1221 974 1328 1045 πρὸ
1343 972 1453 1028 τῶν
1481 971 1869 1042 πλησίονὴμᾶς
1887 968 1985 1023 αὐ-

305 1066 452 1130 τούς.
482 1067 728 1136 Ἰδωμεν,
774 1064 848 1136 μὴ
870 1063 1099 1134 δαίμονα
1130 1062 1362 1133 ἔχωμεν·
1387 1059 1734 1130 ἐξετάσωμεν
1759 1057 1985 1121 ἑαυτοὺς

307 1153 554 1226 ἁκριὸῶς
565 1193 579 1206 .
599 1153 861 1223 Δαίμονος
875 1149 1254 1222 χαλεπώτερον
1267 1147 1509 1220 ἁμαρτία
1521 1164 1533 1179 ·
1547 1148 1752 1210 ἐκεῖνος
1767 1145 1866 1216 μὲν
1876 1144 1983 1216 γὰρ

310 1241 599 1303 ταπεινοὺς
637 1241 802 1293 ποιεῖ.
840 1240 912 1292 Ἢ
935 1238 1032 1309 οὐχ
1059 1237 1224 1310 δρᾶτε
1275 1237 1402 1300 τοὺς
1430 1234 1822 1306 δαιμονῶντας,
1857 1232 1983 1286 ὅταν

309 1327 676 1396 ἀνενέγκωσιν
702 1325 814 1379 ἀπὸ
865 1326 966 1397 τῆς
999 1325 1180 1391 νόσου,
1217 1323 1335 1387 πῶς
1371 1324 1478 1376 εἰσι
1528 1321 1814 1390 κατηφεῖς,
1867 1318 1986 1383 πῶς

313 1418 670 1490 σκυθρωποί;
703 1417 822 1479 πῶς
853 1415 1117 1486 αἰσχύνης
1148 1414 1216 1468 τά
1257 1414 1526 1484 πρόσωπα
1573 1413 1755 1468 αὐτῶν
1782 1413 1980 1483 γέμει;

313 1507 432 1570 πῶς
479 1507 602 1560 οὐδέ
659 1503 983 1573 ἀντιϐλέψαι
1034 1501 1342 1573 τολμῶσιν;
1401 1501 1543 1573 Ὅρα
1593 1501 1692 1572 την
1731 1502 1982 1556 ἀτοπίαν·

314 1595 514 1648 ἐκεῖνοι
545 1595 643 1664 μὲν
671 1593 813 1663 ὑπὲρ
843 1585 918 1646 ῶν
970 1591 1274 1660 πάσχουσιν
1321 1588 1687 1659 αἰσχύνονται,
1720 1589 1879 1660 ἡμεῖς
1928 1587 1986 1641 δὲ

315 1681 456 1752 ὑπὲρ
487 1673 561 1734 ὧν
584 1679 896 1752 πράττομεν
914 1677 1014 1731 οὐκ
1045 1675 1436 1748 αἰσχυνόμεθα·
1468 1678 1665 1731 ἐκεῖνοι
1691 1673 1986 1745 ἀδικούμε-

315 1787 394 1822 νοι
429 1767 729 1833 αἰδοῦνται,
760 1768 920 1836 ἡμεῖς
969 1763 1284 1826 ἀδικοῦντες
1320 1764 1421 1816 οὐκ
1448 1763 1764 1832 αἰδούμεθα’
1811 1762 1988 1816 καίτοι

311 1857 382 1909 τὰ
411 1855 634 1908 ἐκείνων
688 1854 790 1906 οὐκ
843 1851 1108 1922 αἰσχύνης
1138 1851 1285 1916 ἄξια,
1319 1850 1436 1904 ἀλλ’
1470 1849 1622 1902 ἐλέου
1656 1849 1750 1902 καὶ
1799 1849 1988 1918 φιλαν-

313 1943 565 2014 θρωπίας
598 1943 692 1996 καὶ
721 1939 1070 2010 συγγνώμης,
1109 1939 1202 1992 καὶ
1225 1935 1415 1990 πολλοῦ
1445 1936 1538 1989 τοῦ
1571 1935 1846 2006 θαύματος
1874 1936 1991 1990 ικαὶ

320 2029 530 2100 μυρίων
560 2028 669 2082 τῶν
713 2027 972 2090 ἐπαίνων,
1011 2027 1140 2079 ὅταν
1198 2025 1293 2078 καὶ
1320 2023 1546 2093 τοιούτῳ
1592 2023 1989 2089 προσπαλαίον-

317 2134 406 2180 τες
452 2116 689 2188 δαίμονι,
719 2113 924 2168 πάντα
967 2112 1310 2183 εὐχαρίστως
1361 2111 1590 2182 φέρωσι’
1649 2110 1717 2165 τὰ
1763 2111 1821 2166 δὲ
1854 2111 1992 2182 ἡμέ-

317 2221 450 2276 τερα
478 2205 713 2274 γέλωτος
761 2203 953 2267 ὅντως,
988 2200 1271 2272 αἰσχύνης,
1303 2199 1658 2271 κατηγορίας,
1698 2199 1993 2263 κολάσεως,

317 2292 610 2362 τιμωρίας,
642 2288 752 2344 τῶν
792 2289 1038 2359 ἐσχάτων
1076 2288 1263 2341 κακῶν
1290 2288 1386 2340 καὶ
1427 2286 1672 2356 γεέννης,
1703 2286 1818 2340 ἀλλ’
1848 2287 1995 2340 οὐδε-

315 2379 454 2448 μιᾶς
495 2376 647 2450 [514]
698 2376 826 2440 ἀξια
882 2373 1232 2445 συγγνώμης.
1272 2373 1458 2444 Ὁρᾷς,
1494 2374 1575 2426 ὅτι
1619 2372 1996 2445 χαλεπώτερον

322 2465 578 2535 δαίμοιρς
611 2463 892 2536 ἁμαρτία;
950 2464 1061 2515 Καὶ
1111 2465 1310 2516 ἐκεῖνοι
1361 2464 1458 2534 μέν
1508 2462 1568 2526 ἐξ
1597 2457 1672 2517 ὧν
1729 2463 1998 2533 πάσχουσι

326 2553 513 2610 κακῶς
544 2566 592 2617 ι,
626 2551 974 2622 κερδαίνουσι
1001 2551 1192 2624 κέρδος
1217 2550 1458 2605 διπὶοῦνο
1491 2550 1549 2604 ἓν
1572 2552 1672 2622 μὲν
1699 2550 1760 2604 τὸ
1783 2567 1996 2622 σωφρο-

325 2641 565 2705 νίζεσθαι
608 2641 702 2694 καί
739 2639 1164 2710 φιλοσοφώτεροι
1219 2633 1384 2707 εἶναι,
1425 2637 1678 2712 δεύτερον
1721 2638 1777 2694 δέ
1803 2637 1864 2692 τὸ
1899 2638 2000 2710 τὴν

327 2729 546 2782 κόλασιν
601 2727 840 2783 ἐνταῦθα
889 2729 996 2782 τῶν
1055 2727 1270 2782 οἰκείων
1327 2727 1738 2800 ἁμαρτημάτων
1795 2727 1998 2790 δόντες,

326 2815 556 2887 καθαροὶ
611 2815 745 2887 πρὸς
778 2815 869 2869 τὸν
920 2816 1199 2886 Δεσπότην
1229 2815 1506 2872 ἀπελθεῖν.
1560 2815 1674 2871 Καὶ
1703 2815 1812 2887 γάρ
1859 2815 2000 2885 ὑπὲρ

327 2903 520 2958 τούτου
574 2903 931 2976 διελέχθημεν
997 2904 1280 2970 πολλάκις,
1336 2904 1429 2957 καὶ
1478 2903 1763 2974 ἐδείξαμεν
1814 2905 1864 2970 ι),
1919 2904 2001 2957 ὅτι

326 2993 451 3058 τοὺς
498 2993 734 3047 ἐνταῦθα
769 2993 1186 3064 κολαζομένους,
1245 2993 1312 3046 ἂν
1362 2993 1719 3064 εὐγνωμόνως
1771 2993 1999 3064 φέρωσι,

330 3079 500 3134 πολλὰ
548 3081 658 3133 τῶν
693 3082 1114 3152 ἁμαρτημάτων
1155 3078 1508 3133 ἀποτίθεσθαι
1558 3079 1725 3143 εἰκός.
1763 3079 1897 3132 ’Λπὸ
1945 3080 2003 3133 δὲ

329 3167 440 3222 τῶν
484 3168 900 3239 ἁμαρτημάτων
944 3168 1110 3220 διπλᾶ
1158 3165 1227 3219 τὰ
1267 3165 1436 3229 δεινὰ,
1482 3165 1540 3218 ἓν
1575 3166 1672 3237 μὲν
1698 3166 1780 3220 ὅτι
1832 3184 2004 3239 προσ·

332 3257 624 3328 κρούομεν,
665 3257 852 3326 ἕτερον
906 3255 962 3308 δὲ
998 3255 1079 3307 ὅτι
1121 3254 1337 3326 χείρους
1373 3253 1658 3324 γινόμεθα.
1701 3254 2004 3326 Προσέχετε

329 3338 376 3412 ᾦ
415 3345 580 3414 λέγω.
634 3345 710 3398 Οὐ
745 3344 902 3397 τοῦτο
959 3343 1120 3414 μόνον
1162 3340 1495 3413 ἁδικούμεθα
1526 3341 1636 3396 ἀπὸ
1676 3341 1777 3412 τῆς
1826 3343 2007 3415 ἁμαρ-

331 3433 474 3497 τίας,
507 3434 591 3486 ὅτι
636 3432 1050 3502 ἁμαρτάνομεν,
1085 3429 1224 3483 ἀλλὰ
1249 3431 1348 3485 καὶ
1394 3429 1606 3501 ἕτερον,
1650 3429 1732 3482 ὅτι
1776 3428 1892 3495 ἐξιν
1919 3431 2006 3484 δέ-

333 3537 488 3591 χεται
514 3521 548 3590 ἡ
580 3519 754 3590 ψυχὴ,⁵
779 3515 892 3572 οἷον
938 3518 1015 3582 ὡς
1055 3519 1146 3571 ἐπὶ
1189 3517 1462 3588 σώματος’
1515 3517 1849 3590 σαφέστερον
1899 3520 2010 3592 γὰρ

335 3607 490 3660 ἐσται
533 3607 628 3660 ἐπί
679 3607 1078 3677 ὑποδείγματος
1123 3604 1438 3675 λεγόμενον.
1489 3605 1760 3678 Καθάπερ
1820 3605 1930 3678 γάρ
1982 3610 2012 3663 6

336 3693 577 3768 πυρέξας
602 3693 664 3746 οὐ
707 3692 867 3746 τοῦτο
913 3692 1075 3763 μόνον
1109 3691 1388 3763 ἡδίκηται,
1423 3693 1508 3748 δτι
1561 3697 1726 3759 νοσεῖ,
1762 3695 1878 3748 ἀλλ’
1927 3697 2010 3750 ὅτι

339 3779 485 3852 μετὰ
503 3779 600 3851 τὴν
650 3779 805 3832 νόσον
842 3779 1232 3850 ἀσθενέστερος
1279 3779 1490 3848 γίνεται
1533 3779 1738 3846 λοιπὸν,
1776 3781 1882 3835 κᾶν
1931 3783 2012 3844 εἰς

341 3869 533 3938 ὑγείαν
581 3866 866 3922 ἐπανέλθοι
896 3867 1004 3920 ἀπὸ
1030 3867 1186 3920 νίσου
1221 3868 1460 3938 μακρᾶςο
1493 3866 1638 3922 οὔτω
1668 3867 1731 3940 δὴ
1784 3868 1878 3922 καὶ
1921 3869 2013 3921 ἐπὶ

339 3957 438 4026 τῆς
490 3953 790 4026 ἁμαρτίας,
835 3953 939 4007 κᾶν
989 3953 1344 4025 ὑγιαίνωμεν,
1395 3953 1476 4008 ἐτι
1531 3954 1736 4025 πολλῆς
1783 3955 2014 4025 δεόμεθα

340 4047 441 4114 τῆς
475 4043 679 4115 ἰςχύος.
732 4042 840 4096 Ἴδε
879 4042 988 4114 γάρ
1023 4058 1117 4113 μοι
1148 4042 1445 4114 ὐὸρίσαντά
1476 4059 1619 4108 τινα,
1668 4043 1762 4096 καὶ
1803 4043 1880 4115 μὴ
1930 4063 2014 4100 τισ-

342 4133 691 4204 μωρηθέντα*
752 4131 813 4185 οὐ
852 4131 942 4184 διὰ
978 4130 1138 4184 τοῦτο
1189 4131 1348 4200 μόνον
1381 4131 1664 4204 δακρύειν,
1697 4132 1779 4186 ὃτι
1825 4133 1885 4187 οὐ
1917 4135 2013 4205 τῆς

345 4220 555 4291 ὕϐρεως
586 4219 745 4290 δίκην
803 4219 1063 4285 δίδωσιν,
1110 4217 1247 4273 ἀλλὰ
1297 4218 1392 4273 καὶ
1437 4218 1504 4272 δι’
1563 4219 1750 4291 ἐτερον
1798 4221 2014 4274 πενθεῖν

341 4307 511 4373 ἀξιον.
569 4309 729 4361 Ποῖον
778 4306 844 4379 δὴ
890 4305 1082 4373 τοῦτο;
1134 4307 1257 4361 Ὀτι
1310 4307 1772 4379 ἀναισχυντοτέρα
1821 4306 2013 4378 γέγονε

339 4395 528 4448 λοιπὸν
556 4395 590 4466 ἡ
623 4395 795 4466 ψυχή.
838 4394 1104 4448 Ἐκάστου
1135 4393 1244 4466 γὰρ
1285 4393 1394 4448 τῶν
1427 4395 1866 4466 ἁμαρτημάτων,
1921 4397 2016 4449 καί

341 4485 444 4555 τῆς
495 4485 772 4556 ἁμαρτίας
810 4484 1172 4554 ἐργασθείσης
1218 4483 1314 4536 καὶ
1343 4483 1722 4554 παυσαμένης,
1769 4485 2018 4538 ἐναποτί-

337 4574 494 4627 θεταί
544 4590 628 4636 τις
665 4573 824 4643 ἡμῶν
879 4573 957 4636 ἰὸς
1004 4574 1073 4643 τῇ
1097 4571 1266 4640 ψυχῇ.
1320 4571 1435 4623 Οὐκ
1481 4570 1699 4634 ἀκούεις
1750 4570 2017 4639 λεγόντων

341 4662 527 4724 τινῶν,
577 4663 707 4716 ὅταν
758 4663 825 4715 ἐκ
878 4661 1035 4715 νόσου
1079 4659 1394 4728 ὑγιὰνωσιν,
1445 4659 1526 4712 ὅτι
1560 4660 1675 4712 Οὐκ
1720 4658 1801 4712 ἔτι
1835 4660 2019 4733 τολμῶ

341 4750 492 4821 ὕδωρ
524 4751 702 4815 πιεῖν;
735 4747 916 4802 καίτοι
965 4763 1031 4815 γε
1080 4746 1320 4815 ὐγίανενο
1370 4745 1485 4800 ἀλλ’
1516 4747 1550 4815 ἡ
1592 4746 1746 4809 νόσος
1777 4746 1872 4799 καὶ
1895 4747 2019 4800 τοῦ·

342 4857 406 4895 το
461 4838 707 4908 ἠδίκησε.
761 4837 1021 4890 Κάκεῖνοι
1082 4835 1182 4906 μὲν
1233 4832 1418 4898 κακῶς
1470 4833 1796 4904 πάσχοντες,
1855 4835 2019 4906 εὐχα-

343 4926 644 4998 ριστοῦσιν·
685 4927 848 4996 ἡμεῖς
894 4925 952 4979 δὲ
984 4920 1044 4978 εὖ
1075 4923 1429 4994 πράττοντες,
1461 4923 1888 4996 βλασφημοῦμεν
1927 4925 2020 4980 τὸν

342 5016 500 5080 Θεὸν,
529 5015 625 5070 καὶ
657 5012 1163 5084 ἀποδυσπετοῦμεν·
1206 5011 1457 5076 πλείονας
1488 5011 1598 5084 γάρ
1644 5011 1825 5085 εὕροις
1855 5013 1922 5068 ἂν
1962 5016 2020 5068 ἐν

344 5105 504 5177 ὑγεία
563 5103 659 5157 καὶ
710 5102 924 5173 πλούτῳ
966 5101 1124 5156 τοῦτο
1171 5100 1480 5167 ποιοῦντας,
1545 5101 1578 5174 ἢ
1623 5101 1681 5155 ἐν
1731 5101 1892 5174 πενίᾳ
1926 5103 2018 5157 καὶ

343 5192 650 5265 ἀρρωστίᾳ.
715 5189 1016 5262 Ἐφέστηκε
1043 5189 1151 5262 γὰρ
1181 5192 1210 5244 6
1257 5189 1462 5262 δαίμων
1507 5190 1584 5254 ὡς
1611 5191 1801 5261 δήμιος
1851 5191 2020 5255 ὅντως

349 5281 580 5352 σφοδρὸς
629 5277 870 5335 ἀπειλῶν
921 5277 1112 5342 πολλὰ,
1161 5277 1412 5349 καθάπερ
1459 5289 1483 5317 ο
1538 5295 1622 5341 τις
1675 5278 2021 5347 παιδαγωγὸς

347 5373 439 5426 τὸν
497 5373 699 5444 ἱμάντα
752 5369 1049 5425 ἀνατείνων
1081 5406 1097 5434 ,
1165 5369 1260 5422 καὶ
1329 5369 1628 5440 οὐδαμόθεν
1686 5367 2020 5438 ἀναχυθῆναι

345 5461 548 5529 ἀφιείς.
586 5461 648 5514 Et
685 5459 741 5512 δέ
765 5475 912 5523 τινες
940 5455 1063 5528 μηδ’
1099 5453 1243 5510 οὕτω
1275 5457 1515 5528 νὴφοιεν,
1568 5455 1683 5510 ἀλλ’
1734 5450 1828 5509 οῦν
1886 5455 2025 5508 ἐκεῖ·

348 5565 429 5602 νοι
454 5547 658 5602 διδόασι
683 5547 711 5587 ἀ
748 5547 924 5618 δίκην.
963 5545 1037 5599 Οὐ
1085 5545 1281 5618 μικρὸν
1311 5545 1366 5598 δὲ
1399 5547 1492 5600 καί
1539 5544 1714 5599 τοῦτο’
1768 5542 2022 5614 καθάπερ
2072 5536 2095 5558 ⁹

348 5635 460 5706 γὰρ
515 5635 566 5687 οἰ
605 5634 802 5705 μωροὶ,
863 5633 1116 5706 καθάπερ
1173 5635 1223 5686 οἰ
1281 5632 1621 5704 μαινόμενοι,
1685 5631 1939 5700 καθάπερ
1972 5632 2022 5683 οἰ

411 5783 428 5806 ⁸
458 5783 708 5845 ιῐάσχουσι
730 5786 892 5837 κακῶς
912 5783 1057 5831 deest
1094 5785 1142 5831 in
1191 5797 1288 5832 uno
1329 5783 1518 5833 codice.
1607 5801 1636 5841 ι,
1657 5781 1750 5845 Καὶ
1779 5779 2017 5845 ἐδείξαμεν

349 5847 492 5894 ἀθεεὶ
515 5841 702 5891 ιη’ῐιιιο.
791 5848 810 5874 ε
840 5846 934 5906 Alii
979 5846 1181 5906 σφοδρὸς
1216 5847 1370 5893 πολλὰ
1399 5847 1563 5906 ,λέγων
1601 5841 1829 5906 καθάπερ.
1896 5842 1922 5879 (ί
1945 5844 2013 5906 Ilia;

353 5908 586 5956 timnmel.
615 5911 668 5952 el
687 5917 812 5966 unus
844 5905 952 5951 cod.
978 5917 990 5962 ;
1025 5903 1232 5965 Mdutﬁ,
1259 5912 1368 5966 post
1390 5904 1562 5964 Savi|.,
1591 5905 1645 5952 Εἰ
1670 5903 1720 5950 δέ
1739 5919 1858 5957 τινες
1905 5905 2014 5966 μηδ’

355 5970 479 6018 οᾶτω
499 5968 628 6029 vim,
657 5965 764 6014 οὐδὲ
787 5967 858 6014 ἐκ.
885 5967 1113 6014 δώσουσι.
1146 5965 1279 6014 Ευιτ.

1082 339 1140 394 S.
1187 334 1471 394 JOANNIS
1513 326 2004 390 CIIIWSOSTOMI
2045 325 2370 387 ARCHIEP.
2418 329 2966 388 CONSTANTINOP.
3643 327 3748 387 29$

2079 443 2265 507 παῖδες
2297 444 2396 498 οὐκ
2447 445 2802 498 ἀπαιτοῦνται
2864 442 3124 507 εὐθύνας,
3179 442 3351 505 οὕτως
3399 442 3518 496 οὐδέ
3578 437 3745 498 οὗτοι·

2078 530 2187 583 τῶν
2219 532 2327 601 γὰρ
2382 532 2482 585 οὐκ
2542 533 2600 584 ἐν
2657 530 2856 600 γνώσει
2908 530 3300 600 πραττομένων
3346 530 3524 594 οὐδεὶς
3579 529 3752 592 οὕτως

2079 619 2250 689 ώμὺς,
2292 618 2433 673 ὥστε
2485 621 2786 691 ἀπαιτῆσαι
2831 619 2987 690 δίκην
3033 619 3184 672 ποτέ.
3219 618 3364 688 Ἀρα
3417 617 3598 688 πολλῷ
3647 617 3756 670 τῶν

2082 707 2464 778 δαιμονώντων
2487 711 2668 781 χεῖρον
2697 706 3017 778 διακείμεθα
3045 709 3094 760 οἰ
3138 707 3564 778 ἁμαρτάνοντες.
3613 706 3755 759 Ἀλλ’

2083 796 2282 849 ὅτιούκ
2315 796 2639 867 ἀφρίζομεν,
2666 795 2788 850 οὐδέ
2831 795 3226 866 διαστρέφομεν
3268 794 3369 860 τὰς
3419 796 3610 866 κόρας,
3634 796 3758 849 οὐδέ

2084 882 2179 947 τάς
2208 885 2427 954 χεῖρας;
2460 882 2585 938 Εἴθε
2615 885 2672 936 ἐν
2697 884 2774 955 τῷ
2812 882 3024 954 σώματι
3077 883 3236 936 τοῦτο
3266 883 3634 954 ἐπράττομεν,
3663 884 3762 937 καὶ

2089 973 2164 1043 μὴ
2188 974 2244 1026 ὲν
2272 976 2338 1046 τῇ
2367 974 2533 1045 ψυχῇ.
2553 972 2743 1028 Βούλει
2771 991 2851 1028 σοι
2875 971 3033 1038 δείξω
3059 973 3236 1042 ψυχὴν
3260 972 3599 1042 ἀφρίζουσαν
3619 973 3759 1026 ἀκά·

2086 1060 2302 1132 θαρτον,
2343 1061 2438 1114 καὶ
2467 1061 2799 1133 διαστροφὴν
2832 1062 3095 1132 ὀμμάτων
3137 1060 3419 1128 διανοίαςς
3474 1061 3760 1130 Ἐννόησον

2084 1150 2209 1212 τοὺς
2227 1147 2612 1221 ὀργιζομένους
2649 1149 2743 1202 καὶ
2783 1147 3080 1219 μεθύοντας
3111 1146 3216 1200 ὐπὸ
3237 1145 3332 1200 τοῦ
3368 1145 3563 1217 θυμοῦ,
3589 1148 3760 1200 πόσου

2085 1237 2263 1310 ἀφροῦ
2309 1239 2410 1291 οὐκ
2446 1238 2859 1310 ἁκαθαρτὸτερα
2898 1236 3219 1291 ὲκὸάλλουσι
3263 1237 3511 1306 ρήματα;
3552 1237 3762 1299 Ὄντως

2085 1325 2275 1398 ὥσπερ
2305 1326 2514 1396 δυσώδη
2547 1326 2720 1379 σίελον
2742 1324 3126 1389 ἀποϐλύζουσι.
3151 1322 3261 1378 Καὶ
3285 1321 3539 1394 καθάπερ
3563 1324 3762 1378 ἐκεῖνοι

2087 1413 2279 1466 οὐδένα
2313 1413 2461 1467 ἴσασι
2483 1413 2590 1467 τῶν
2625 1412 2930 1484 παρόντων,
2973 1411 3145 1475 οὕτως
3173 1409 3296 1464 οὐδέ
3350 1403 3520 1464 οὗτοι.
3573 1411 3761 1464 Σκοτι-

2092 1500 2314 1572 σθείσης
2342 1501 2450 1573 γάρ
2475 1502 2659 1564 αὐτοῖς
2687 1501 2786 1573 τῆς
2808 1499 3047 1563 διανοίας
3073 1500 3166 1552 καὶ
3185 1498 3628 1570 διαστραφέντων
3653 1499 3762 1553 τῶν

2089 1589 2402 1661 ὀφθαλμῶν,
2427 1589 2487 1642 οὐ
2521 1589 2694 1658 φίλον.
2743 1589 2844 1641 οὐκ
2897 1586 3110 1659 ἐχθρδν,
3162 1587 3262 1640 οὐκ
3310 1587 3612 1658 αἰδέσιμον,
3659 1587 3764 1640 οὐκ

2090 1678 2584 1750 εὐκαταφρόνητον,
2616 1676 2750 1731 ἀλλὰ
2787 1675 2996 1739 πάντας
3022 1675 3208 1738 ἁπλῶς
3239 1674 3459 1745 ὁρῶσιν.
3497 1675 3610 1746 υύχ
3629 1675 3763 1744 ὁρᾷς

2090 1767 2286 1828 αὐτοὺς
2319 1765 2412 1818 καὶ
2440 1765 2737 1836 τρέμοντας
2789 1761 2944 1836 [515]
2994 1762 3246 1834 καθάπερ
3275 1761 3550 1827 ἐκείνους;
3621 1761 3763 1814 Ἀλλ’

2090 1855 2151 1906 οὐ
2184 1853 2441 1906 πίπτουσι
2470 1852 2681 1923 χαμαί;
2727 1852 2887 1906 Ἀλλὰ
2919 1853 2952 1922 ἡ
2980 1851 3126 1923 ψυχὴ
3179 1849 3359 1903 αὐτῶν
3391 1850 3564 1920 χαμαὶ
3588 1852 3765 1903 κεῖται

2093 1941 2186 1993 καὶ
2217 1939 2404 1994 πίπτει
2446 1939 2771 2010 σπαίρουσαο
2806 1941 2855 1992 εἰ
2900 1937 3009 2010 γὰρ
3047 1937 3186 2010 ὀρθὴ
3235 1939 3499 2008 εἰστὴκει,
3543 1938 3642 1990 οὐκ
3693 1938 3764 1992 ἃν

2093 2028 2298 2081 ἔπαθεν
2327 2029 2508 2081 ἐκεῖνα
2537 2025 2679 2098 άπερ
2705 2026 2926 2082 ἐπαθεν.
2964 2027 3035 2079 Ἥ
3063 2027 3124 2079 οὐ
3154 2027 3300 2079 δοκεῖ
3326 2043 3406 2079 σοι
3427 2025 3768 2096 καταϐεϐλη-

2098 2117 2268 2188 μένης
2326 2112 2462 2170 εῖναι
2505 2115 2706 2187 ψυχῆς,
2756 2117 2850 2170 καὶ
2895 2114 2995 2186 τὴν
3030 2113 3237 2170 οἰκείαν
3277 2115 3439 2185 νῆψιν
3484 2113 3765 2168 ἀπολωλε-

2096 2205 2254 2268 κυίας
2279 2215 2327 2270 θ,
2359 2205 2454 2258 καὶ
2489 2203 2525 2258 ἁ
2557 2203 2768 2257 ποιοῦσι
2792 2205 2887 2257 καὶ
2917 2203 3131 2272 λέγουσι
3156 2202 3447 2273 μεθύοντες
3472 2202 3550 2273 τῷ
3569 2201 3762 2272 θυμῷ;

2102 2292 2258 2344 Ἐστι
2287 2309 2338 2343 τι
2366 2291 2459 2344 καὶ
2487 2291 2672 2363 ἕτερον
2706 2290 2903 2361 μανίας
2953 2285 3090 2354 εἶδος
3124 2289 3312 2344 τούτου
3362 2289 3762 2360 χαλεπώτερον.

2099 2381 2257 2432 Ποῖον
2289 2378 2352 2450 δὴ
2371 2377 2528 2432 τοῦτο
2552 2397 2566 2446 ;
2599 2379 2769 2431 Ὅταν
2801 2379 2935 2448 μηδὲ
2965 2379 3184 2448 ἀφεῖναι
3211 2378 3310 2449 τὴν
3335 2376 3506 2450 ὀργὴν
3540 2377 3767 2447 ἀνέχων-

2099 2485 2209 2530 ται,
2242 2467 2376 2522 ἀλλὰ
2395 2467 2635 2540 τρέφωσι
2663 2469 2791 2538 παρ’
2824 2468 3036 2530 ἐαυτοῖς
3067 2465 3340 2520 οίκειακὸν
3377 2464 3628 2536 καθάπερ
3650 2464 3770 2517 τινά

2098 2556 2290 2628 δήμιον
2321 2556 2421 2627 τὴν
2447 2555 2832 2627 μνησικακίαν.
2859 2554 3066 2618 Αὐτοὺς
3092 2554 3200 2626 γὰρ
3229 2551 3482 2625 πρώτους
3509 2552 3770 2606 ἀπόλλυσι

2100 2645 2159 2697 τὸ
2189 2646 2548 2716 μνησικακεῖν
2569 2642 2819 2698 ἐντεῦθεν
2865 2643 2990 2716 ήδη,
3026 2643 3114 2696 ἵνα
3163 2642 3233 2696 τά
3269 2640 3532 2712 μέλλοντα
3586 2640 3766 2712 παρῶ.

2102 2733 2280 2804 Πόσην
2311 2732 2421 2804 γὰρ
2446 2732 2548 2786 οῐει
2602 2732 2835 2804 βάσανον
2881 2727 3020 2786 εἶναι
3077 2730 3350 2803 ἀνθρώπῳ
3400 2729 3773 2800 πεπληγμένῳ

2101 2822 2199 2892 τὴν
2226 2821 2425 2894 κίωχὴνν
2457 2820 2582 2876 καθ’
2622 2821 2858 2890 ἑκάστην
2892 2819 3104 2892 ἡμέραν
3143 2819 3434 2873 σκοποῦντι
3458 2819 3608 2881 ὅπως
3627 2818 3770 2888 ἀμύ-

2102 2926 2260 2980 νηται
2291 2909 2384 2964 τὸν
2413 2909 2636 2981 ἐχθρόν;
2672 2909 2942 2980 Πρότερον
2969 2909 3160 2961 ἐαυτὸν
3185 2906 3404 2972 κολάζει
3451 2906 3482 2958 6
3510 2905 3770 2972 τοιοῦτος,

2103 2998 2199 3052 καὶ
2228 3001 2552 3070 τιμωρεῖται
2578 2999 2847 3065 οἰδαίνων,
2874 2999 3008 3070 πρὸς
3030 2997 3219 3052 ἑαυτὸν
3251 2999 3578 3068 μαχόμενος,
3605 2997 3774 3068 ἐμπυ-

2105 3084 2407 3157 ριζόμενος.
2455 3086 2695 3156 Ἀνάγκη
2727 3085 2836 3158 γὰρ
2867 3085 3162 3150 διαπαντὸς
3205 3086 3456 3140 καίεσθαι
3513 3085 3665 3157 παρά
3693 3087 3775 3138 σοὶ

2103 3173 2165 3226 τὸ
2200 3171 2331 3244 πῦρ·
2365 3170 2460 3225 καὶ
2511 3170 2602 3224 τὸν
2634 3170 2869 3242 πυρετὸν
2920 3172 3014 3226 ἐπὶ
3041 3171 3296 3226 τοσοῦτον
3346 3171 3628 3238 ἐκτείνων,
3676 3172 3774 3224 οὐκ

2104 3260 2272 3330 ἀφίης
2306 3259 2692 3332 παρακμάσαι,
2728 3259 2824 3315 καὶ
2852 3258 3091 3331 νομίζεις
3149 3259 3342 3330 ἐκείνῳ
3367 3259 3569 3314 διδόναι
3597 3277 3648 3313 τι
3676 3277 3773 3313 κα-

2107 3349 2222 3416 κὸν,
2254 3348 2416 3412 αὐτὸς
2447 3348 2504 3402 δὲ
2562 3349 2788 3402 σεαυτὸν
2843 3349 3057 3420 τήκεις,
3101 3348 3400 3412 διαπαντὸς
3447 3347 3547 3418 τὴν
3603 3347 3778 3417 φλόγα

2106 3437 2464 3509 ἀκμάζουσαν
2496 3439 2698 3510 φέρων,
2729 3439 2824 3492 καὶ
2849 3436 3320 3492 διαναπαύσασθαι
3350 3437 3451 3508 τὴν
3475 3437 3651 3508 ψυχὴν
3678 3438 3778 3490 οὐκ

2109 3526 2235 3590 ἐῶν,
2271 3527 2385 3580 ἀλλ’
2414 3527 2838 3599 ἐκθηριούμενος
2861 3527 2968 3593 ἀεὶ,
3002 3526 3098 3582 καὶ
3120 3528 3178 3580 ἐν
3204 3528 3414 3599 ταραχῇ
3447 3525 3542 3580 καὶ
3589 3528 3648 3581 ἐν
3671 3543 3779 3597 χει-

2113 3613 2252 3685 μῶνι
2270 3614 2360 3666 τὸν
2386 3601 2645 3685 λογισμὸν
2683 3615 2840 3685 ἔχων.

2179 3709 2239 3756 ε’.
2273 3703 2338 3756 Τί
2360 3701 2564 3774 ταύτης
2592 3702 2972 3774 χαλεπώτερον
3004 3704 3104 3774 τῆς
3133 3702 3348 3775 μανίας,
3373 3701 3664 3765 διαπαντὸς
3691 3699 3780 3754 λυ·

2111 3789 2331 3845 πεῖσθαι
2361 3790 2454 3844 καὶ
2485 3789 2644 3845 οἰδεῖν
2673 3790 2770 3844 καί¹
2815 3791 3208 3862 φλεγμαίνειν;
3258 3790 3516 3844 Τοιαῦται
3567 3791 3676 3860 γὰρ
3727 3791 3780 3842 αἱ

2110 3878 2220 3932 τῶν
2259 3878 2614 3949 μνησικάκων
2643 3878 2836 3950 ψυχαί’
2889 3877 3017 3932 ἔνθα
3053 3878 3119 3933 ἂν
3173 3879 3358 3932 ἴδωσιν
3383 3878 3441 3932 δν
3502 3877 3781 3948 βούλονται

2110 3966 2444 4039 ἀμύνασθαι,
2497 3966 2700 4032 εὐθέως
2750 3968 3089 4039 ἐπλήγησανο
3129 3968 3197 4022 ἂν
3249 3967 3433 4038 φωνῆς
3485 3966 3780 4033 ἀκούσωσι,

2113 4054 2436 4118 κατέπεσον,
2467 4055 2781 4126 τρέμουσινο
2810 4053 2877 4108 ἂν
2906 4057 2999 4108 ἐπὶ
3029 4056 3219 4126 κλίνης
3270 4049 3393 4119 ὦσι,
3433 4055 3629 4126 μυρίας
3655 4055 3783 4106 ἐαυ-

2112 4146 2223 4206 τοῖς
2255 4142 2634 4214 ὑπογράφουσι
2661 4143 2954 4214 τιμωρίας,
2981 4143 3343 4214 ἀναρτῶντες,
3404 4142 3785 4212 βασανίζοντες

2115 4233 2328 4286 ἐκεῖνον
2349 4231 2443 4285 τὸν
2493 4230 2710 4302 ἐχθρόν’
2751 4232 2887 4303 πρὸς
2920 4232 2978 4286 δὲ
3034 4232 3267 4296 τούτοις,
3327 4231 3394 4286 ἀν
3441 4231 3537 4285 καὶ
3581 4230 3787 4284 εὐδοκι-

2119 4319 2324 4392 μοῦντα
2380 4318 2553 4385 ἴδωσι,
2591 4316 2754 4388 βαϐαὶ
2802 4320 2902 4389 τῆς
2956 4320 3256 4391 τιμωρίαςί
3297 4321 3468 4388 Ἀφες
3523 4319 3674 4390 αὐτῷ
3727 4318 3788 4370 τὸ

2115 4409 2441 4478 ἁμάρτημα,
2470 4406 2564 4460 καὶ
2589 4406 2898 4474 ἀπάλλαξον
2928 4409 3120 4461 σαυτὸν
3179 4406 3280 4477 τῆς
3313 4407 3570 4478 βασάνου.
3593 4406 3659 4458 Τί
3691 4406 3788 4477 μέ-

2116 4513 2224 4558 νεις
2245 4495 2536 4558 διαπαντὸς
2578 4495 2957 4566 κολαζόμενος,
2989 4496 3074 4550 ἵνα
3109 4496 3316 4549 ἐκεῖνον
3349 4495 3497 4561 am:
3555 4495 3789 4566 κολάσῃς

2117 4586 2214 4638 καὶ
2241 4585 2574 4656 τιμωρήσεις
2608 4584 2660 4638 τί
2702 4583 3132 4648 κατασκευάζεις
3163 4583 3379 4637 ἐκτικὸν
3409 4581 3593 4652 σαυτῷ
3629 4583 3789 4652 νόση-

2121 4688 2199 4742 μα
2237 4669 2257 4708 ί
2288 4686 2303 4736 ;
2347 4670 2400 4723 τί
2435 4669 2756 4742 βουλόμενον
2777 4669 3160 4740 ἀπαλλαγῆναί
3200 4686 3292 4723 σου
3319 4670 3409 4723 τὸν
3440 4669 3611 4740 θυμὸν
3656 4685 3787 4721 κατ-

2119 4757 2296 4829 ἐχεις;
2338 4758 2491 4830 Μηδέ
2527 4757 2719 4830 μέχρις
2748 4758 2986 4830 ἑσπέρας
3010 4757 3243 4829 μενέτω,
3271 4757 3436 4828 φησὶν
3478 4759 3506 4812 6
3560 4757 3784 4820 Παῦλος.

2122 4846 2389 4918 Καθάπερ
2434 4845 2544 4918 γάρ
2588 4844 2829 4918 τηκεδών
2862 4863 2947 4908 τις
2992 4846 3086 4898 καὶ
3117 4845 3235 4918 σὴς,
3295 4845 3440 4898 οὕτω
3489 4845 3590 4916 τὴν
3635 4844 3790 4914 ῥίζαν

2119 4935 2221 5005 τῆς
2250 4935 2524 5005 ἡμετέρας
2572 4932 2864 5006 διατρώγει
2922 4934 3181 4996 διανοίας.
3235 4933 3302 4986 Τί
3352 4931 3539 5004 θηρίον
3595 4935 3786 4986 ἐναπο-

2121 5023 2322 5087 κλείεις
2346 5023 2428 5086 εἰς
2455 5023 2524 5077 τὰ
2551 5022 2836 5092 σπλάγχνα
2859 5022 2928 5076 τά
2960 5021 3063 5091 σά;
3097 5022 3315 5076 Βέλτιον
3346 5022 3470 5090 ὅφιν
3502 5021 3535 5092 ῆ
3561 5021 3676 5092 ἔχιν
3700 5022 3792 5088 ἐγο

2122 5111 2335 5166 κεῖσθαι
2363 5113 2430 5182 τῇ
2456 5109 2678 5182 καρδίᾳ,
2725 5109 2758 5180 ἢ
2817 5108 2986 5181 θυμὸν
3024 5111 3118 5165 καὶ
3166 5110 3554 5181 μνησικακίαψ
3615 5112 3796 5163 ἐκεῖνα

2127 5200 2224 5270 μὲν
2253 5197 2360 5269 γὰρ
2387 5196 2588 5261 εὐθέως
2611 5197 2677 5250 ἂν
2702 5199 2854 5268 ἡμᾶς
2881 5198 3210 5269 ἀπήλλαξεν,
3238 5189 3395 5261 οὗτος
3416 5197 3475 5250 δέ
3508 5197 3659 5267 μένει
3685 5197 3797 5250 δια-

2125 5287 2348 5351 παντὸς,
2387 5287 2510 5350 τοὺς
2531 5285 2752 5348 ὀδόντας
2785 5287 3102 5359 ηέμπηγνὺς,
3153 5287 3246 5340 τὸν
3281 5287 3360 5341 ἰὸν
3397 5287 3644 5349 ἐντιθεὶς,
3673 5286 3798 5348 τοὺς

2122 5378 2390 5449 χαλεποὺς
2415 5374 2822 5446 ἐπιστρατεύων
2853 5385 2880 5424 ε
2907 5377 3220 5447 λογισμούς.
3260 5377 3422 5430 Ἀλλά
3447 5375 3620 5431 ταῦτα
3640 5373 3799 5436 ποιῶ,

2123 5467 2307 5537 φησὶν,
2329 5465 2416 5519 ἵνα
2449 5464 2525 5536 μὴ
2551 5463 2922 5536 καταγελάσῃ,
2955 5465 3041 5520 ἵνα
3071 5466 3146 5537 μὴ
3170 5466 3580 5536 καταφρονήσῃ.
3615 5461 3799 5516 ’Δθλιι

2123 5554 2376 5623 ἄνθρωπε
2405 5555 2499 5607 καὶ
2525 5553 2866 5628 ταλαίπωρε,
2890 5555 2955 5609 οὐ
2980 5554 3159 5626 βούλει
3193 5553 3667 5624 καταγελασθῆναι
3694 5565 3802 5602 πα-

2126 5642 2193 5714 ρὰ
2225 5642 2319 5696 τοῦ
2350 5641 2660 5706 συνδούλου,
2699 5643 2836 5696 ἀλλά
2873 5642 3174 5714 μισηθῆναι
3237 5642 3388 5714 παρὰ
3419 5640 3514 5696 τοῦ
3571 5638 3664 5691 σοῦ
3698 5640 3793 5689 As.

2207 5786 2230 5812 °
2259 5771 2377 5831 Alii.
2400 5771 2720 5829 ἀπολωλυίας,
2744 5773 2896 5822 male.
2968 5772 2988 5810 ί
3015 5773 3222 5833 Quidam
3270 5773 3474 5828 ἐκτῆκον
3509 5769 3692 5833 ενοι-,ιτὸνΔ
3728 5769 3799 5828 τῷ

2121 5828 2374 5895 νοσήματι,
2396 5828 2828 5896 (ιιιωηιεειὶοηοιι
2876 5828 3174 5896 ερετιιέηὼ,
3201 5841 3245 5884 ιε
3281 5833 3452 5883 morbo
3489 5828 3796 5896 quel‘aqiens.

2123 5903 2147 5941 ι
2173 5893 2274 5954 διε,
2296 5908 2406 5959 culp
2432 5893 2594 5959 codg..
2619 5897 2857 5946 Commel.
2901 5893 2956 5947 ει
2981 5897 3156 5959 Savil.,
3181 5898 3484 5958 scripsimus.
3515 5893 3800 5954 chnbatur

2126 5956 2470 6020 ἐκστρατεύων.
2521 5955 2657 6005 Ευιτ.
