4108 6172
293 331 394 386 293

292 446 432 499 vitus
461 442 695 515 quidem,
726 441 820 497 sed
851 451 1028 496 tamen
1053 449 1374 511 cooperator
1395 483 1410 508 ,
1437 441 1564 496 dum
1597 443 1877 497 continen-

293 536 483 592 tiorem
516 534 688 588 reddit
723 547 844 589 eum
873 547 1032 602 quem
1062 540 1288 602 occupat
1317 548 1331 584 :
1380 541 1655 602 peccatum
1685 548 1817 589 vero
1845 551 1877 590 e

292 641 456 696 regno
477 625 641 694 ejicit.

361 738 416 792 4.
447 736 645 790 Habere
670 745 935 806 peccatum
964 751 1114 804 quam
1141 733 1321 788 habere
1363 734 1640 789 dwmonem
1668 736 1876 807 gravius

295 840 390 886 est.
419 860 482 870 —
508 831 578 885 At
609 829 746 885 forte
775 829 920 884 dicet
960 827 1223 898 quispiam
1268 845 1282 880 :
1315 827 1465 881 Absit
1490 869 1506 894 ,
1535 837 1594 882 ut
1620 828 1699 882 sic
1724 842 1875 882 asse-

293 938 427 990 quar
452 921 858 977 continentiam.
893 919 1076 989 Neque
1104 933 1204 989 ego
1232 918 1412 985 velim,
1455 918 1549 974 sed
1578 919 1687 974 alio
1717 919 1876 975 modo

295 1023 348 1066 ut
377 1013 556 1067 omnia
591 1011 754 1066 facias
783 1026 850 1066 ex
874 1024 1062 1064 amore
1088 1009 1307 1064 Christi.
1335 1009 1392 1065 Si
1421 1025 1551 1065 vero
1581 1013 1702 1076 hoc,
1732 1011 1872 1081 quod

288 1104 445 1169 absit,
477 1104 751 1173 contingat
782 1143 799 1168 ,
827 1117 927 1172 pro
953 1102 1052 1156 hoc
1081 1111 1163 1156 est
1188 1101 1468 1157 orandum.
1496 1101 1550 1157 Si
1580 1103 1739 1173 igitur
1764 1101 1874 1156 da:-

288 1208 412 1248 mon
445 1209 551 1247 non
580 1193 744 1261 ejicit,
771 1200 1048 1261 peccatum
1077 1206 1203 1245 vero
1228 1191 1396 1260 ejieit,
1421 1191 1489 1244 ab
1519 1191 1620 1247 hoc
1651 1193 1870 1248 liberari

287 1285 460 1354 majus
505 1293 586 1338 est
615 1283 955 1338 beneficium.
991 1284 1128 1352 Ergo
1171 1282 1239 1335 ab
1266 1281 1368 1336 hoc
1395 1282 1694 1352 proximum
1736 1282 1870 1338 libe-

287 1376 394 1430 rari
420 1391 689 1442 curemus,
714 1383 768 1429 et
794 1385 915 1429 ante
936 1374 1262 1442 proximum,
1283 1388 1378 1427 nos
1411 1371 1871 1443 ipsos.Videamus

288 1482 354 1522 ne
391 1467 690 1522 daemonem
743 1467 1066 1531 habeamus,
1099 1465 1377 1535 diligenter
1424 1481 1522 1519 nos
1561 1467 1705 1536 ipsos
1732 1481 1866 1522 exa-

289 1559 574 1612 minemus.
607 1559 858 1612 Dazmone
886 1559 1107 1628 gravius
1135 1568 1218 1613 est
1246 1566 1523 1628 peccatum
1549 1572 1565 1624 ;
1601 1557 1690 1613 ille
1719 1574 1871 1655 ngm-

283 1665 390 1718 que
443 1650 673 1706 humiles
725 1650 928 1705 reddit.
986 1651 1178 1705 Annon
1233 1649 1428 1704 videtis
1465 1649 1866 1716 daemoniaéos,

282 1743 496 1813 quando
519 1759 548 1797 a
573 1743 757 1798 morbo
774 1752 1107 1803 recreantur,
1132 1758 1291 1812 quam
1313 1743 1421 1797 sint
1440 1742 1683 1811 demissi,
1707 1758 1867 1814 quam

285 1835 505 1888 mmsti?
534 1833 802 1904 quomodo
839 1834 1016 1888 vultus
1061 1834 1266 1904 pudore
1319 1833 1676 1900 suffundatur,
1733 1850 1868 1905 quo-

283 1927 441 1982 modo
468 1942 570 1981 non
599 1928 775 1981 ausint
805 1927 1055 1982 ohtueri?
1083 1927 1213 1982 Vide
1239 1926 1619 1982 absurditatem
1654 1943 1669 1979 :
1702 1926 1778 1981 illi
1801 1927 1869 1983 de

282 2019 348 2075 iis
373 2036 494 2088 qua:
536 2021 812 2090 patiuntur
859 2019 1228 2084 erubescunt,
1259 2035 1358 2074 nos
1401 2018 1469 2073 de
1499 2019 1632 2073 actis
1668 2017 1866 2074 nostris

279 2125 388 2165 non
416 2110 786 2165 erubescimus
832 2126 845 2162 :
876 2111 950 2164 illi
998 2109 1192 2179 injuria
1223 2108 1400 2166 affecti
1441 2119 1698 2164 verentur
1723 2150 1738 2176 ,
1769 2125 1867 2164 nos

278 2201 476 2270 injuria
503 2200 797 2254 allicientes
828 2215 932 2255 non
959 2215 1226 2255 veremur.
1256 2201 1416 2270 Atqui
1445 2199 1658 2255 illorum
1689 2210 1862 2256 status

282 2305 392 2343 non
422 2289 626 2359 pudore
656 2291 868 2359 dignus,
899 2289 994 2345 sed
1022 2290 1386 2346 misericordia
1414 2299 1468 2347 et
1505 2291 1860 2359 humanitate,

277 2383 476 2447 venia,
532 2381 882 2436 admiratione
933 2398 1156 2454 magna,
1213 2383 1504 2440 innumeris
1573 2385 1860 2453 laudibus,

277 2473 498 2543 quando
526 2489 646 2528 cum
693 2474 782 2528 tali
823 2473 1069 2529 daemone
1095 2484 1465 2530 concertantes
1489 2516 1505 2542 ,
1537 2477 1712 2531 omnia
1742 2491 1862 2531 cum

274 2566 569 2634 gratiarum
600 2565 810 2620 actione
837 2566 1106 2634 patiuntur
1136 2583 1148 2619 :
1182 2575 1362 2620 nostra
1402 2581 1532 2620 vero
1558 2565 1715 2636 digna
1737 2573 1864 2620 sunt

275 2658 409 2719 risu,
442 2657 663 2727 pudore,
693 2658 1054 2722 accusatione,
1086 2656 1370 2728 supplicio,
1400 2671 1579 2726 paena,
1609 2656 1887 2737 extremis-

273 2749 456 2815 malis,
511 2750 780 2818 gehetma,
834 2751 1085 2820 nullaque
1127 2750 1304 2803 venia.
1357 2748 1542 2803 Viden‘
1586 2757 1863 2818 peccatum

269 2839 521 2895 daemone
562 2840 798 2896 deterius
841 2841 1000 2896 esse?
1049 2841 1116 2895 Et
1153 2841 1232 2894 illi
1263 2838 1480 2909 quidem
1511 2853 1579 2894 ex
1609 2839 1674 2894 iis
1698 2880 1715 2907 ,
1743 2855 1863 2911 quae

267 2934 510 3001 graviter
546 2933 818 3003 patiuntur
849 2972 863 2996 ,
896 2931 1093 3001 duplex
1121 2931 1328 2985 lucrum
1357 2938 1631 3000 reportant
1657 2947 1670 2985 :
1699 2946 1860 2985 unum

265 3024 418 3094 quod
451 3023 855 3091 temperatiores
880 3021 988 3076 sint
1011 3031 1065 3075 et
1087 3021 1254 3091 magis
1283 3019 1604 3090 philosophi,
1635 3021 1859 3076 alterum

263 3116 444 3186 quod.
475 3129 595 3168 cum
637 3113 723 3167 hic
754 3122 1095 3182 peccatorum
1140 3127 1325 3182 ptenas
1351 3112 1615 3176 dederint,
1644 3113 1764 3185 puri
1792 3113 1858 3170 ad

261 3205 563 3262 Dominum
589 3203 836 3274 migrent.
866 3203 998 3258 Nam
1032 3203 1132 3257 hac
1158 3202 1226 3258 de
1252 3219 1311 3258 re
1341 3217 1482 3274 smpe
1511 3203 1859 3259 disseruimus

259 3309 318 3354 et
341 3297 711 3363 ostendimus,
734 3311 828 3351 eos
848 3295 938 3366 qui
967 3295 1053 3350 hic
1081 3295 1373 3365 puniuntur
1398 3337 1412 3360 ,
1442 3295 1486 3350 si
1516 3294 1746 3366 benigne
1773 3298 1855 3352 fe-

259 3399 432 3456 rant,
493 3404 736 3461 magnam
787 3397 1124 3459 peccatorum
1179 3388 1443 3442 sarcinam
1499 3388 1859 3445 verisimiliter

259 3481 569 3551 deponere.
601 3481 646 3535 A
675 3479 910 3550 peccatis
930 3490 1108 3534 autem
1133 3479 1364 3549 duplicia
1395 3479 1534 3534 mala
1560 3481 1814 3535 eveniunt
1840 3499 1854 3537 :

265 3589 438 3628 unum
496 3571 639 3642 quod
687 3571 1040 3637 offendamus,
1092 3571 1318 3626 alterum
1367 3569 1511 3642 quod
1561 3570 1857 3627 deteriores

263 3665 592 3721 evadamus.
625 3662 898 3718 Attendite
936 3660 1112 3717 dictis.
1157 3659 1272 3716 Non
1299 3660 1354 3715 in
1397 3659 1501 3716 hoc
1531 3669 1737 3716 tantum
1765 3663 1857 3717 Ire.

261 3755 450 3810 dimur
494 3769 526 3807 a
571 3762 813 3824 peccato,
862 3751 1002 3822 quod
1050 3765 1369 3821 peccemus;
1419 3749 1512 3805 sed
1540 3761 1594 3805 et
1637 3752 1688 3805 in
1727 3751 1851 3818 alio,

259 3850 408 3918 quod
437 3847 621 3902 anima
654 3847 889 3901 habitum
936 3845 1216 3908 admittat;
1246 3845 1384 3898 sicut
1424 3852 1479 3898 et
1505 3843 1556 3897 in
1583 3857 1810 3913 corpore
1838 3860 1852 3897 :

259 3940 466 3994 clarius
498 3938 642 3993 enim
686 3937 788 3993 erit
834 3936 958 3991 inde
986 3944 1253 4005 sumptum
1300 3935 1624 4004 exemplum.
1654 3934 1853 4001 Quem-

257 4031 562 4086 admodum
607 4030 746 4084 enim
785 4027 1090 4082 febricitans
1135 4043 1242 4080 non
1286 4027 1338 4080 in
1367 4026 1469 4081 hoe
1502 4026 1677 4081 solum
1705 4024 1855 4080 lazdi-

259 4129 370 4183 tur,
413 4121 564 4191 quod
605 4119 918 4181 iulirmetur,
947 4117 1040 4173 sed
1076 4118 1235 4172 etiam
1263 4116 1405 4188 quod
1452 4126 1571 4187 post
1611 4118 1853 4173 morbum

257 4212 331 4266 sit
363 4211 664 4277 infirmior,
691 4211 899 4266 etiamsi
941 4226 1006 4264 ex
1041 4209 1295 4265 diuturno
1337 4209 1527 4264 morbo
1567 4210 1618 4265 in
1659 4210 1853 4265 bonam

258 4297 637 4357 valetudinem
679 4300 861 4355 redeat
887 4316 900 4354 :
932 4303 1010 4354 sic
1039 4307 1092 4354 et
1115 4299 1183 4354 de
1213 4308 1430 4368 peccato
1455 4300 1760 4366 dicendum,
1794 4300 1862 4354 li-

256 4404 345 4450 cet
372 4409 661 4458 sanemur,
692 4393 864 4447 adhuc
894 4401 1072 4447 tamen
1093 4407 1312 4463 egemus
1358 4392 1688 4448 fortitudine.
1723 4393 1856 4449 Vide

257 4501 500 4556 namque
531 4485 661 4538 mihi
702 4483 1046 4554 quempiam,
1075 4483 1164 4551 qui
1207 4483 1529 4537 contumelia
1572 4483 1849 4549 effecerit,

258 4591 360 4632 nec
395 4589 594 4647 poenas
618 4574 827 4631 dederit
863 4594 876 4628 :
907 4589 1010 4630 non
1039 4573 1162 4628 ideo
1185 4574 1357 4627 solum
1383 4573 1665 4645 lacrymari
1689 4589 1854 4644 opor-

259 4677 358 4736 tet,
390 4667 546 4739 quod
574 4669 912 4723 contumeliae
945 4681 1128 4738 poenas
1154 4680 1261 4720 non
1287 4664 1537 4721 dederit?
1566 4665 1672 4721 Sed
1696 4667 1855 4722 etiam

259 4759 367 4814 alia
404 4759 478 4814 de
531 4772 694 4813 causa
727 4757 1035 4828 lugendum.
1085 4757 1302 4825 Quare?
1332 4757 1463 4825 Quia
1499 4757 1857 4828 impudentior

257 4848 496 4904 effectus
539 4855 624 4903 est
658 4849 887 4904 animus.
929 4848 1270 4919 Singulorum
1299 4849 1442 4903 enim
1473 4859 1812 4918 peccatorum
1838 4891 1852 4916 ,

255 4951 557 5012 postquam
595 4941 848 4996 delictum
895 4951 1172 5011 peractum
1199 4951 1281 4997 est
1319 4951 1374 4998 et
1415 4942 1680 5012 cessavit,
1712 4942 1856 4998 virus

257 5032 543 5100 quoddam
580 5030 632 5085 in
663 5031 838 5084 anima
863 5027 1136 5085 inseritur.
1168 5030 1283 5086 Non
1310 5031 1461 5087 audis
1491 5033 1752 5102 quosdam
1774 5032 1856 5088 di—

257 5132 476 5188 centes,
513 5116 799 5192 postquam
839 5135 867 5174 a
902 5120 1090 5176 morbo
1119 5123 1346 5177 recreati
1375 5133 1500 5177 sunt
1526 5141 1541 5178 :
1572 5122 1690 5179 Non
1718 5124 1855 5179 ultra

258 5214 433 5267 ausim
467 5227 668 5281 aquam
700 5211 925 5278 bibere;
955 5211 1078 5266 licet
1103 5213 1220 5266 sani
1248 5213 1391 5268 sint?
1418 5213 1512 5269 sed
1550 5216 1767 5270 morbus
1801 5215 1853 5270 in

260 5302 363 5356 hoc
403 5305 579 5358 etiam
624 5302 781 5356 laesit.
811 5302 876 5356 Et
926 5301 1001 5356 illi
1031 5301 1242 5372 quidem
1286 5301 1425 5356 mala
1471 5305 1632 5372 passi,
1658 5305 1856 5375 gratias

259 5403 462 5464 agunt;
519 5407 624 5448 nos
661 5403 840 5449 autem
872 5393 999 5448 dum
1042 5392 1180 5448 bene
1212 5392 1490 5460 habemus,
1538 5395 1702 5449 Deum
1744 5395 1856 5450 bla-

263 5487 649 5554 sphemamus,
678 5494 732 5540 et
773 5500 914 5555 aegre
940 5483 1162 5540 ferimus
1197 5501 1209 5538 :
1238 5483 1418 5552 plures
1444 5485 1586 5538 enim
1617 5486 1856 5540 invenias

262 5576 314 5630 in
348 5579 597 5632 sanitate
632 5591 694 5630 ac
721 5576 924 5632 divitiis
950 5575 1052 5632 hoc
1080 5584 1334 5646 agentes,
1363 5590 1521 5645 quam
1551 5576 1602 5629 in
1630 5591 1858 5646 pauper.

263 5674 375 5721 tate
396 5676 454 5722 et
481 5666 818 5722 infirmitate.
840 5667 1006 5722 Instat
1034 5669 1174 5723 enim
1202 5667 1409 5720 danuon
1445 5669 1592 5738 quasi
1614 5668 1852 5724 carnifex

252 5759 451 5818 ardens
498 5757 680 5814 minas
709 5759 996 5826 intentans,
1030 5761 1164 5814 sicut
1190 5757 1404 5827 quidam
1436 5758 1751 5831 pzedagogus
1779 5761 1856 5816 lo-

1281 327 1344 382 IN
1383 328 1557 383 ACTA
1592 328 2088 387 APOSTOI.ORUM
2152 332 2377 388 ΙΙΟΜΙΙ..
2421 335 2550 392 ΧΗ.

3473 350 3574 408 ‘29":

1987 461 2104 500 rum
2143 448 2373 519 erigens,
2419 461 2467 504 et
2496 467 2758 521 nusquam
2787 453 3076 514 deflectere
3105 461 3308 515 sincns.
3337 461 3489 528 Quod
3529 465 3574 521 si

1986 538 2076 608 qui
2099 555 2166 594 ne
2190 541 2259 594 ita
2290 541 2504 612 quidem
2544 545 2774 614 sapiant,
2821 563 2928 602 non
2955 549 3080 605 dant
3115 553 3190 607 illi
3220 570 3423 624 ptenas.
3457 557 3570 615 Non

1990 643 2178 698 parum
2209 642 2388 688 autem
2420 635 2521 690 hoc
2561 645 2662 691 est.
2699 637 2764 692 Ut
2790 639 2930 693 enim
2961 643 3129 709 stulti,
3161 654 3216 700 ut
3257 647 3467 714 furiosi,
3514 661 3571 705 ut

1985 721 2139 788 pueri
2191 738 2296 778 non
2344 724 2474 780 dant
2522 741 2705 794 ptenas
2726 769 2738 792 ,
2771 729 2850 784 sic
2881 747 3056 801 neque
3086 733 3137 788 hi
3172 753 3185 789 :
3215 751 3399 793 eorum
3427 742 3568 795 cnim

1983 826 2103 880 qua:
2131 812 2423 870 inscienter
2463 825 2579 870 acta
2609 827 2733 872 sunt
2759 860 2774 884 ,
2807 836 2966 876 nemo
2998 832 3102 878 tam
3135 827 3369 882 crudelis
3397 839 3479 884 est
3509 841 3567 885 ut

1985 916 2168 970 pcenas
2197 914 2424 974 repetat.
2452 907 2593 978 Ergo
2624 922 2908 978 peccantes
2935 914 3102 970 multo
3127 914 3363 972 deterius
3393 919 3566 977 af'l‘eCti

1982 1007 2167 1050 sumus
2211 1010 2372 1066 quam
2413 997 2756 1057 dmmoniaci.
2803 1002 2908 1059 Sed
2941 1022 3045 1061 non
3091 1023 3436 1078 spumamus,
3470 1030 3567 1071 nec

1983 1085 2210 1154 pupillas
2231 1085 2630 1159 distorquemus
2650 1093 2730 1148 vel
2760 1110 2948 1149 manus
2969 1096 2992 1150 ?
3021 1097 3229 1154 Utinam
3255 1101 3354 1157 hoc
3383 1103 3433 1157 in
3451 1119 3562 1160 cor-

1983 1189 2112 1244 pore
2157 1187 2495 1246 pateremur,
2530 1197 2634 1237 non
2678 1183 2730 1237 in
2779 1187 2954 1240 anima
2985 1187 3110 1244 {Vis
3157 1191 3249 1246 tibi
3282 1195 3561 1251 ostendam

1978 1265 2209 1320 animam
2255 1280 2614 1340 spumantem,
2661 1274 2949 1345 impuram,
2977 1290 3030 1334 et
3077 1281 3336 1338 distortos
3380 1287 3565 1343 oculos

1979 1357 2210 1411 mentis?
2248 1357 2433 1429 Cogita
2462 1362 2625 1418 iratos
2665 1375 2718 1419 et
2768 1369 2944 1425 furore
2987 1371 3187 1437 ebrios,
3223 1392 3325 1445 qua
3377 1395 3562 1449 spuma

1978 1465 2082 1503 nou
2137 1450 2489 1510 immnndiora
2535 1456 2810 1526 proferunt
2855 1461 3052 1517 verba?
3108 1466 3357 1522 Profecto
3404 1475 3554 1541 quasi

1977 1537 2220 1595 fluidum
2266 1553 2480 1613 sputum
2516 1547 2785 1604 emittunt.
2829 1551 2894 1606 Et
2942 1553 3079 1610 sicut
3128 1556 3202 1611 illi
3244 1537 3448 1614 nullum
3496 1578 3561 1618 ex

1979 1637 2330 1703 prmsentihus
2359 1651 2579 1709 norunt,
2612 1644 2689 1699 sic
2719 1661 2892 1718 neque
2921 1649 2993 1703 hi.
3024 1652 3384 1712 Obtenehrata
3411 1659 3557 1713 enim

1977 1724 2189 1780 illormn
2227 1739 2405 1784 mente
2431 1739 2485 1786 et
2510 1732 2750 1790 distortis
2775 1739 2949 1795 oculis
2973 1784 2987 1808 ,
3016 1758 3119 1798 non
3151 1749 3380 1803 amicum
3406 1793 3419 1814 ,
3454 1768 3560 1807 non

1977 1815 2272 1884 inimicum,
2306 1835 2412 1874 non
2443 1827 2806 1883 venerabilem
2837 1873 2850 1897 ,
2884 1847 2986 1886 non
3014 1833 3436 1909 dcspiciendum,
3467 1845 3558 1898 sed

1974 1921 2162 1962 omnes
2192 1925 2297 1963 uno
2343 1911 2538 1968 intuitu
2565 1929 2811 1973 cernunt.
2841 1920 2954 1976 Non
2988 1924 3137 1980 vides
3180 1927 3277 1983 hos
3326 1940 3558 1988 tremere

1973 1998 2108 2053 sicut
2139 1999 2262 2056 illos
2285 2001 2430 2059 ?Scd
2451 2020 2559 2061 non
2587 2008 2854 2066 caduntin
2885 2017 3127 2071 terram?
3158 2017 3352 2075 Verum
3379 2023 3556 2080 anima

1973 2083 2161 2146 eorum
2210 2093 2354 2149 humi
2389 2095 2534 2166 jacet
2559 2107 2615 2154 et
2639 2101 2781 2156 cadit
2811 2104 3078 2175 palpitans
3112 2130 3125 2165 :
3155 2112 3198 2166 si
3239 2114 3382 2169 cnim
3414 2126 3561 2172 recta

1971 2189 2156 2246 staret,
2187 2198 2290 2238 non
2321 2196 2594 2254 pateretur
2615 2190 2702 2246 illa
2729 2210 2846 2265 qum
2878 2199 3095 2266 patitur.
3132 2204 3325 2259 Annon
3365 2207 3552 2262 viden-

1973 2278 2056 2324 tur
2107 2273 2197 2327 tibi
2229 2275 2451 2346 abjecta:
2481 2294 2603 2335 esse
2642 2284 2836 2339 animae
2858 2327 2874 2354 ,
2902 2303 3019 2359 quae
3050 2290 3373 2362 vigilantiam
3405 2313 3555 2353 suam

1971 2363 2278 2432 perdiderit,
2307 2382 2368 2422 ea
2397 2383 2514 2438 qua:
2543 2372 2618 2427 illi
2644 2373 2826 2430 dicunt
2858 2387 2910 2432 et
2940 2377 3143 2436 faciunt
3169 2385 3350 2440 animo
3376 2387 3509 2443 ebrii
3533 2390 3556 2443 ?

1969 2454 2064 2508 Est
2113 2465 2166 2510 et
2213 2457 2356 2512 aliud
2399 2461 2590 2517 furoris
2637 2479 2807 2536 genus
2859 2467 2962 2525 hoc
2994 2473 3226 2542 gravius.
3275 2477 3552 2542 Quodnam

1971 2544 2100 2640 illud
2119 2547 2143 2600 ?
2163 2547 2385 2615 Quando
2404 2567 2578 2622 neque
2600 2557 2732 2611 iram
2756 2561 2952 2616 remitti
2982 2565 3268 2634 sustinent,
3293 2569 3386 2624 sed
3413 2571 3554 2640 apud

1968 2650 2028 2691 se
2053 2635 2239 2706 alunt,
2267 2642 2415 2709 quasi
2448 2643 2809 2702 domesticum
2837 2652 3142 2708 carnificem
3177 2635 3467 2713 ulciscendi
3495 2677 3554 2717 se

1969 2730 2331 2798 cupiditatem.
2388 2733 2514 2790 Illos
2557 2737 2698 2792 enim
2751 2741 2952 2808 primos
3003 2745 3118 2800 hare
3164 2749 3428 2817 cupiditas
3466 2752 3552 2808 hic

1969 2823 2162 2893 perdit,
2245 2835 2302 2881 ut
2342 2827 2516 2883 futura
2563 2841 2899 2901 praeteream.
2931 2835 3062 2890 Nam
3091 2850 3348 2907 quantum
3396 2852 3554 2912 putas

1967 2932 2089 2976 esse
2143 2928 2463 2977 tormentum
2511 2923 2743 2981 hominis
2793 2929 2972 2984 animo
3025 2933 3279 3001 perculsi,
3328 2936 3558 3008 singulis-

1966 3008 2156 3065 diebns
2183 3011 2494 3070 meditantis
2521 3057 2537 3084 ,
2565 3031 2676 3086 quo
2705 3027 2862 3086 pacto
2892 3019 3167 3077 inimicum
3215 3025 3503 3084 ulciscatur
3523 3032 3554 3085 ἲ

1966 3099 2150 3157 Primo
2206 3103 2444 3172 seipsum
2490 3107 2662 3175 punit,
2719 3118 2773 3162 et
2825 3109 3062 3166 inflatum
3107 3113 3308 3184 plectit,
3365 3129 3555 3176 contra

1963 3192 2196 3263 seipsum
2221 3209 2458 3265 pugnans
2479 3205 2533 3251 et
2556 3197 2823 3256 incensus.
2849 3200 3078 3260 Necesse
3098 3207 3239 3262 enim
3261 3217 3345 3265 est
3371 3211 3548 3281 ignem

1963 3298 2177 3356 semper
2221 3287 2273 3342 in
2323 3297 2374 3343 te
2398 3290 2590 3346 ardere
2623 3309 2636 3345 :
2671 3301 2726 3347 et
2755 3291 2944 3349 febrim
2977 3304 3182 3352 tantum
3230 3300 3508 3359 intendens
3529 3336 3566 3369 ,ν

1961 3387 2068 3428 non
2100 3375 2233 3431 sinis
2253 3376 2585 3445 decrescere,
2610 3393 2871 3454 putasque
2903 3393 2954 3440 te
2981 3386 3055 3441 illi
3085 3390 3280 3444 malum
3309 3391 3546 3462 inferre;

1964 3464 2078 3535 ipse
2106 3482 2232 3521 vero
2264 3469 2492 3539 teipsum
2523 3471 2792 3539 tabcfacis,
2825 3473 3094 3532 flammam
3119 3493 3334 3552 semper
3365 3484 3544 3555 vigen-

1963 3565 2069 3610 tem
2092 3568 2327 3629 gestans,
2351 3577 2453 3618 nee
2478 3563 2662 3620 sitiens
2697 3567 2929 3623 animam
2957 3571 3256 3640 quiescere,
3292 3576 3385 3632 sed
3413 3577 3544 3634 effe-

1962 3657 2114 3703 ratus
2135 3665 2368 3721 semper,
2392 3662 2445 3707 et
2471 3653 2521 3708 in
2549 3657 2952 3725 perturbatione
2970 3668 3028 3718 et
3046 3671 3362 3736 tempestate
3391 3683 3544 3724 men-

1963 3747 2068 3794 tem
2109 3742 2370 3800 retinens.

2032 3831 2086 3887 5.
2120 3833 2255 3900 Quid
2296 3835 2395 3891 hoc
2423 3837 2600 3894 furore
2628 3838 2882 3911 deterius,
2905 3857 3117 3916 semper
3137 3848 3204 3902 ita
3227 3849 3430 3917 dolere,
3461 3853 3541 3909 in»

1962 3921 2103 3992 flari,
2123 3927 2349 3984 ardere?
2372 3929 2526 3985 Tales
2551 3933 2693 3988 enim
2716 3945 2836 3990 sunt
2860 3937 3141 3994 vindictam
3170 3943 3544 4002 meditantium

1961 4017 2152 4072 animae
2181 4037 2194 4073 :
2227 4021 2313 4076 ubi
2343 4022 2570 4078 viderint
2595 4040 2739 4093 eum,
2771 4044 2930 4098 quem
2958 4031 3139 4086 ulcisci
3166 4037 3406 4105 cupiunt,
3433 4048 3544 4092 sta-

1964 4109 2057 4176 tim
2086 4113 2456 4180 concitantur;
2497 4117 2543 4170 si
2573 4133 2757 4174 vocem
2785 4121 3073 4189 audierint,
3105 4125 3377 4191 decidunt,
3426 4137 3542 4183 tre-

1963 4208 2154 4267 munt;
2190 4203 2236 4256 si
2282 4204 2334 4257 in
2365 4205 2504 4259 lecto
2527 4207 2864 4276 decumbant,
2905 4213 3053 4268 mille
3099 4215 3198 4268 sibi
3244 4217 3541 4288 depingunt

1961 4291 2180 4346 ultionis
2207 4309 2423 4363 genera,
2455 4299 2866 4367 suspendentes,
2907 4312 3218 4374 torquentes
3261 4309 3533 4368 inimlcmn

1964 4381 2109 4436 illum
2139 4399 2154 4435 :
2183 4383 2250 4438 ad
2282 4383 2416 4451 hmo,
2447 4386 2491 4442 si
2523 4387 2669 4442 illum
2701 4389 2906 4445 clarum
2929 4403 2982 4448 et
3011 4396 3356 4461 consuicuum
3385 4402 3535 4459 vide-

1963 4474 2090 4539 rint,
2125 4489 2295 4546 papae,
2324 4486 2581 4548 quantum
2607 4480 2923 4550 supplicium
2953 4485 2966 4539 !
3002 4485 3218 4543 Dimitte
3243 4490 3318 4544 illi
3351 4507 3543 4562 pecca-

1966 4573 2098 4632 tum,
2129 4575 2286 4637 teque
2313 4582 2341 4622 a
2374 4577 2638 4625 tormento
2674 4571 2867 4629 exime.
2899 4573 3008 4631 Cur
3033 4591 3248 4650 semper
3273 4583 3547 4641 cruciatus

1965 4673 2290 4727 perseveras,
2321 4670 2378 4716 ut
2403 4663 2549 4718 illum
2577 4667 2744 4721 semel
2773 4668 3044 4728 ulciscaris
3065 4680 3121 4727 et
3157 4677 3381 4744 punias?
3408 4681 3543 4751 quid

1964 4766 2118 4820 paras
2143 4753 2234 4808 tibi
2262 4753 2524 4811 hecticum
2555 4759 2800 4814 morbum
2817 4759 2847 4814 ?
2865 4777 2960 4818 cur
2978 4765 3213 4820 animum
3241 4777 3387 4826 tuum
3408 4772 3545 4830 Iibe-

1962 4844 2067 4898 rari
2106 4845 2374 4903 volentem
2401 4848 2656 4906 detines?
2704 4851 2781 4908 Ne
2818 4869 2986 4926 usque
3014 4857 3079 4913 ad
3110 4875 3388 4931 vesperam
3427 4882 3542 4921 ma-

1962 4943 2108 5002 neat,
2141 4935 2312 5008 inquit
2349 4939 2544 4994 Paulus
2574 4940 2783 5012 (Ep/tes.
2818 4943 2871 4998 4.
2899 4946 3013 5017 26).
3044 4947 3193 5004 Sict
3218 4953 3362 5008 enim
3392 4957 3548 5012 tabes

1960 5026 2208 5096 qumdam
2233 5037 2288 5084 et
2327 5031 2488 5097 tinea,
2535 5032 2611 5087 sic
2641 5036 2836 5090 mentis
2864 5049 3061 5093 nostrae
3101 5041 3337 5099 radicem
3377 5046 3542 5102 rodit.

1961 5118 2070 5174 Cur
2096 5119 2265 5174 feram
2302 5121 2532 5179 includis
2575 5123 2628 5178 in
2673 5126 2970 5184 visceribus
3001 5133 3150 5187 tuis?
3179 5133 3368 5192 Melius
3393 5150 3541 5196 esset

1961 5222 2262 5283 serpentem
2309 5221 2363 5268 et
2391 5214 2629 5284 viperam
2675 5216 2725 5272 in
2767 5220 2929 5276 corde
2963 5236 3104 5290 esse,
3132 5239 3293 5296 quam
3323 5229 3457 5284 iram
3481 5239 3540 5286 et

1963 5303 2250 5358 ulciscendi
2279 5303 2621 5374 cupiditatem
2651 5325 2665 5361 :
2695 5323 2816 5364 nam
2839 5310 2924 5365 illa
2952 5313 3157 5384 reptilia
3179 5318 3356 5372 statim
3385 5335 3415 5374 a
3438 5336 3534 5376 no-

1963 5395 2045 5450 bis
2067 5394 2447 5462 abscederent;
2477 5396 2591 5452 haec
2618 5407 2794 5454 autem
2835 5415 3048 5472 semper
3081 5414 3280 5471 manet,
3322 5423 3540 5480 semper

1962 5488 2214 5544 dentibus
2243 5489 2427 5554 laniat,
2468 5489 2613 5546 virus
2662 5491 2917 5560 immittit,
2947 5494 3291 5552 molestarum
3329 5502 3542 5571 cogita-

1941 5583 2165 5637 .tionum
2193 5583 2484 5638 exercitum
2511 5582 2774 5653 producit.
2803 5585 2872 5640 At
2896 5586 3009 5642 haec
3029 5586 3186 5657 facio,
3216 5589 3442 5662 inquies,
3469 5612 3539 5651 ne

1963 5688 2051 5728 me
2067 5674 2266 5740 rideat,
2297 5689 2364 5728 ne
2407 5683 2734 5731 contemnat.
2762 5675 2923 5733 Miser
2949 5679 3107 5734 homo
3136 5691 3533 5749 etmrumnose,

1963 5781 2067 5820 non
2092 5781 2168 5818 \‘IS
2191 5781 2220 5819 a
2247 5779 2505 5822 conservo
2530 5765 2762 5836 irrideri,
2785 5766 2883 5827 sed
2899 5769 3024 5827 odio
3045 5771 3231 5830 haberi
3252 5791 3280 5830 a
3311 5776 3543 5835 Domino
