4086 6164
501 294 609 352 995

504 419 595 463 ιιιο
624 402 681 458 ίῗ
711 415 813 456 non
846 398 925 455 vis
950 394 1150 466 despici
1178 409 1208 449 a
1238 408 1525 458 conservo,
1556 391 1648 447 sed
1678 389 1961 445 Dominum
1984 386 2079 441 de-

502 490 921 567 spicis?despici
963 488 1031 542 ab
1075 487 1166 541 illo
1203 501 1309 539 nun
1350 484 1569 554 pateris,
1612 482 1884 549 Deumque
1928 488 2081 549 putas

503 604 613 642 non
658 582 940 654 indignari,
978 577 1125 650 quod
1178 578 1351 647 ipsum
1396 574 1663 638 derideas,
1713 571 1853 641 quod
1909 571 2081 638 ipsum

502 691 746 747 Spernas,
775 673 901 728 dum
930 685 1034 725 non
1067 669 1146 723 vis
1177 668 1275 737 ipsi
1296 662 1700 734 obtemperare?
1730 660 1881 729 Quod
1904 668 2081 713 autem

506 772 592 824 ille
619 784 724 823 non
756 776 808 821 te
836 762 1114 825 dcrldcbit,
1149 760 1274 813 hinc
1301 755 1643 812 manifestum
1678 763 1779 808 est.
1828 751 1883 805 Si
1913 758 1966 804 te
2001 748 2083 802 ul-

502 858 743 923 ciscaris,
768 856 890 910 hinc
908 866 1131 921 magnus
1153 850 1310 914 risus,
1334 860 1555 916 magnus
1570 848 1939 912 contemptus;
1962 855 2083 894 nam

507 946 955 1021 pusillanimitatis
982 950 1065 998 est
1093 955 1228 1010 opus
1258 956 1270 992 :
1301 939 1344 993 si
1372 952 1502 992 vero
1522 933 1812 995 dimiseris.
1836 945 2084 1001 magnum

507 1040 860 1099 miraculum;
896 1030 1344 1105 magnanimitatis
1372 1028 1516 1083 enim
1558 1026 1662 1081 hoc
1708 1038 1841 1093 opus
1869 1032 1969 1077 est.
2020 1022 2087 1074 At

510 1134 622 1195 ille,
652 1128 879 1198 inquies,
915 1125 966 1179 id
995 1126 1222 1193 ignorat.
1253 1120 1399 1176 Sciat
1428 1117 1590 1181 Deus,
1614 1125 1672 1170 ut
1703 1113 1958 1184 majorem
1990 1110 2087 1164 ha-

510 1224 638 1276 beas
662 1217 985 1273 mercedem.
1012 1214 1066 1269 In
1100 1215 1272 1267 faanus
1312 1209 1455 1275 date,
1488 1206 1676 1276 inquit,
1709 1203 1795 1268 iis,
1838 1218 1869 1257 a
1899 1202 2089 1270 quibus

513 1313 643 1367 nihil
684 1313 926 1381 accipere
968 1307 1195 1377 speratis
1225 1303 1373 1377 (Luc.
1408 1302 1494 1356 14.
1527 1301 1635 1369 14).
1695 1298 1784 1353 Sic
1832 1294 2089 1351 beneficia

514 1413 826 1474 priestemus
869 1401 953 1464 iis,
984 1398 1074 1469 qui
1123 1411 1228 1450 non
1270 1394 1508 1449 sentiunt
1537 1405 1597 1444 se
1623 1387 1900 1443 beneficiis
1925 1384 2088 1451 affici,

514 1506 572 1551 ut
600 1512 664 1551 ne
694 1496 777 1549 vel
801 1492 1012 1548 laudem
1039 1488 1121 1544 vel
1142 1485 1342 1557 aliquid
1363 1483 1507 1539 aliud
1534 1481 1687 1537 nobis
1710 1478 2087 1551 rependentes,

514 1585 814 1643 mercedem
842 1582 993 1637 nobis
1023 1580 1282 1635 minuant.
1316 1576 1451 1630 Cum
1481 1573 1621 1627 enim
1654 1571 1785 1626 nihil
1812 1571 1879 1625 ab
1916 1568 2091 1622 homi-

517 1678 671 1732 nibus
693 1674 1006 1744 accipimus,
1030 1679 1159 1726 tunc
1175 1668 1377 1738 majora
1404 1683 1431 1718 a
1458 1666 1568 1720 Deo
1590 1662 1932 1732 accipiemus.
1956 1657 2092 1727 Quid

516 1778 692 1824 autem
721 1770 829 1823 risu
861 1765 1092 1834 dignius,
1119 1760 1246 1831 quid
1275 1758 1515 1828 frigidius
1539 1755 1713 1809 anima
1740 1768 1859 1824 qua:
1883 1765 2096 1818 semper

518 1858 763 1913 irascitur
791 1864 844 1911 et
875 1870 932 1910 se
961 1852 1074 1907 vult
1101 1850 1287 1905 ulcisci
1311 1849 1333 1901 *ἶ
1361 1846 1615 1902 Muliebre
1653 1859 1717 1898 ac
1745 1843 1948 1913 puerile
1974 1854 2096 1910 pro-

520 1948 745 2019 positum
769 1953 869 2001 est.
898 1943 1026 1999 Nam
1053 1952 1112 1995 ut
1133 1940 1223 1994 illa
1248 1946 1435 1995 contra
1469 1935 1752 1989 inanimata
1798 1933 1957 1987 etiam
1993 1930 2099 1984 ira-

517 2038 704 2103 scitur,
737 2034 860 2092 etsi
897 2032 1257 2104 pavimentum
1286 2043 1390 2083 non
1424 2024 1707 2096 percutiat,
1740 2038 1845 2077 non
1880 2022 2101 2077 remittit

517 2128 650 2183 iram
681 2143 694 2180 :
729 2127 799 2180 ita
828 2135 884 2179 et
909 2123 962 2177 hi
990 2137 1103 2188 eos,
1132 2120 1221 2191 qui
1245 2133 1302 2175 se
1327 2116 1649 2180 afflixerunt,
1675 2113 1858 2168 ulcisci
1888 2111 2095 2165 volunt.

518 2216 659 2287 Ergo
698 2226 751 2269 et
790 2213 890 2284 ipsi
939 2213 1049 2266 risu
1076 2209 1221 2280 digni
1252 2227 1266 2263 :
1308 2224 1429 2262 nam
1477 2207 1570 2261 irae
1617 2204 1916 2273 subjectum
1955 2216 2097 2267 esse,

521 2306 742 2377 puerilis
769 2314 852 2360 est
894 2304 1089 2368 animi;
1132 2302 1225 2355 ira:
1269 2300 1553 2370 imperare,
1601 2296 1805 2353 strenui
1850 2295 1950 2350 viri
1994 2305 2097 2350 est.

524 2399 667 2468 Ergo
697 2412 799 2452 non
846 2410 943 2450 nos
974 2393 1284 2460 irridcmur,
1332 2392 1375 2445 si
1428 2388 1726 2460 philoSOphi
1776 2386 1962 2451 simus,
2007 2384 2103 2441 sed

527 2491 625 2545 illi.
651 2488 767 2544 Non
799 2495 881 2542 est
910 2485 1039 2540 illud
1079 2480 1556 2551 contemptibilium
1585 2478 1883 2542 hominum,
1913 2491 1944 2530 a
1983 2492 2102 2546 pas-

524 2581 679 2636 sione
707 2593 815 2633 non
841 2575 980 2631 vinci
1012 2593 1024 2629 :
1058 2571 1533 2642 contemptibilium
1562 2566 1835 2623 hominum
1856 2574 1938 2622 est
1953 2574 2106 2621 exte-

522 2686 703 2725 rerum
753 2670 918 2724 risum
973 2667 1181 2730 timere,
1226 2667 1295 2719 ita
1327 2673 1383 2718 ut
1422 2663 1542 2717 ideo
1590 2660 1885 2725 extollaris,
1941 2658 2103 2713 animi

522 2763 711 2819 morbo
766 2760 1085 2831 subjiciaris,
1135 2757 1303 2813 Deum
1332 2756 1594 2819 offendas,
1641 2764 1696 2810 et
1732 2763 1783 2809 te
1809 2752 2101 2808 ulciscaris.

523 2855 649 2910 llaec
673 2869 798 2910 vere
836 2861 961 2908 sunt
988 2854 1095 2906 risu
1124 2850 1302 2921 digna.
1334 2848 1461 2903 Haec
1484 2861 1613 2917 ergo
1641 2845 1922 2916 fugiamus.
1955 2844 2107 2898 Dicat

522 2960 603 3012 se,
635 2946 722 3015 qui
755 2959 853 2999 nos
880 2942 1147 2997 sexcentis
1194 2940 1456 3010 impetivit
1499 2939 1672 3003 malis,
1718 2937 1847 2991 nihil
1892 2951 2104 3005 passum

523 3051 644 3091 esse
672 3035 796 3089 mali
827 3052 840 3087 :
871 3034 1015 3088 dicat
1051 3046 1132 3099 se,
1178 3032 1221 3086 si
1252 3032 1303 3084 in
1353 3045 1452 3084 nos
1498 3030 1688 3083 iterum
1729 3026 2104 3091 debacchetur,

525 3128 657 3184 nihil
685 3142 805 3183 esse
833 3140 1133 3197 passurum.
1177 3122 1291 3177 Non
1332 3123 1487 3177 aliter
1529 3128 1765 3176 nostram
1797 3118 2110 3188 praedicaret

525 3219 797 3283 virtutem,
846 3232 955 3271 non
987 3216 1088 3269 alia
1133 3221 1399 3284 quzcrcret
1441 3210 1618 3276 verba,
1668 3210 1715 3265 si
1761 3224 1859 3264 nos
1894 3208 2110 3264 laudare

526 3311 710 3373 vellet,
745 3324 902 3378 quam
935 3307 1071 3373 haec,
1102 3321 1221 3377 qua:
1250 3317 1307 3360 ut
1349 3319 1446 3358 nos
1477 3303 1716 3357 mordeat
1742 3300 1959 3372 profert.
1991 3300 2109 3356 Uti-

528 3417 649 3457 nam
676 3416 866 3456 omnes
891 3400 1007 3456 hinc
1044 3399 1112 3455 de
1145 3414 1232 3453 me
1260 3397 1502 3453 dicerent
1540 3413 1554 3449 :
1600 3395 1844 3465 Frigidus
1874 3395 2033 3449 homo
2059 3402 2113 3449 et

531 3495 695 3548 miser
718 3503 799 3548 cst
832 3512 847 3549 :
878 3506 1067 3547 omnes
1098 3492 1195 3561 ipsi
1228 3489 1602 3546 contumeliam
1632 3487 1884 3551 inferunt,
1917 3497 1970 3543 et
2000 3487 2113 3557 ipse

533 3583 665 3646 fert;
686 3596 872 3637 omnes
897 3582 1157 3646 insiliunt,
1186 3589 1240 3635 et
1260 3581 1348 3636 ille
1374 3594 1479 3634 non
1501 3594 1560 3636 se
1584 3579 1877 3635 ulciscitur.
1901 3577 2113 3634 Utinam

532 3672 790 3727 adderent
816 3688 831 3726 :
863 3670 1047 3741 Neque
1075 3673 1119 3725 si
1149 3671 1293 3735 velit,
1326 3678 1540 3740 potest;
1574 3678 1631 3724 ut
1660 3668 1789 3723 mihi
1826 3667 1941 3722 laus
1970 3676 2115 3723 esset

532 3778 561 3815 a
590 3763 715 3822 Deo,
741 3772 795 3817 et
825 3776 930 3816 non
957 3762 1024 3817 ab
1064 3760 1388 3816 hominibus.
1429 3760 1596 3825 Dicat,
1632 3757 1772 3830 quod
1818 3757 1887 3812 ob
1913 3756 2117 3811 timidi-

538 3862 699 3906 tatem
749 3868 857 3907 non
899 3868 998 3907 nos
1030 3852 1358 3908 ulciscimur.
1404 3851 1544 3906 Nihil
1590 3852 1694 3905 hoc
1736 3850 1891 3903 nobis
1938 3855 2115 3913 nocet,

536 3943 751 4013 quando
780 3945 920 4000 Deus
945 3945 1079 4010 scit;
1112 3944 1206 4000 sed
1243 3943 1553 3999 thesaurum
1582 3951 1819 3997 nostrum
1848 3941 1900 3994 in
1933 3939 2117 4010 majori

536 4099 766 4225 abigit,
781 4099 971 4162 tegunt,
1011 4098 1097 4149 sed
1117 4096 1231 4149 odio
1254 4095 1420 4149 haberi
1454 4108 1487 4147 ιι
1510 4094 1711 4148 Domino
1741 4101 1851 4155 tuo,
1875 4099 1919 4145 et
1942 4092 2001 4143 ab
2020 4092 2124 4158 ipso

1306 282 1366 339 S.
1393 278 1666 337 JOANNIS
1702 271 2174 334 CHRYSOSTOMI
2212 269 2525 327 ARCIIIEP.
2565 269 3093 329 CONSTANTINOP.

3663 276 3768 332 2'36

2185 385 2335 453 ponit
2361 384 2621 439 custodia.
2654 384 2711 440 Si
2742 386 2864 441 illos
2887 394 3212 455 spectemus,
3248 385 3315 441 ab
3344 386 3595 442 omnibus
3623 391 3767 444 exei-

2184 476 2395 531 demus.
2423 475 2501 531 Ne
2530 475 2809 531 videamus
2849 477 2975 548 quid
3016 477 3216 544 dicant,
3257 477 3352 532 sed
3388 478 3517 548 quid
3547 494 3647 535 nos
3670 480 3769 535 de-

2185 577 2322 622 ceat.
2351 569 2422 621 At
2467 568 2563 634 illi,
2592 567 2672 622 Ne
2701 584 2784 623 me
2810 569 2932 638 quis
2959 569 3199 636 irrideat,
3244 570 3511 640 inquiunt,
3547 587 3617 628 ne
3647 573 3769 643 qni—

2186 658 2309 711 dam
2339 656 2652 728 glorientur.
2685 657 2729 714 Ο
2767 659 3043 714 stultitiam
3072 660 3084 713 ι
3113 659 3283 716 Nemo
3309 661 3399 730 qui
3439 678 3527 718 me
3574 663 3773 719 laeserit

2187 765 2273 803 me
2313 748 2499 816 irrisit,
2547 749 2827 819 inquiunt;
2862 750 2912 804 id
2951 760 3055 815 est,
3092 751 3237 807 ultus
3263 768 3382 808 sum
3411 754 3583 809 illum.
3611 756 3771 827 Atqui

2194 841 2293 895 hac
2323 841 2390 897 de
2436 856 2597 897 causa
2656 842 2957 897 irridendus
2999 858 3091 910 es,
3131 845 3254 914 quia
3306 845 3479 913 ipsum
3522 846 3666 900 ultus
3692 863 3769 902 es.

2192 930 2470 988 Undenam
2512 928 2629 987 hinc
2660 932 2820 988 verba
2852 933 3066 989 inducta
3105 943 3251 1001 sunt,
3296 937 3467 1005 turpia
3506 946 3561 991 et
3596 939 3772 1007 perui-

2189 1022 2355 1089 ciosa,
2385 1038 2505 1094 qua:
2533 1023 2697 1078 vitam
2745 1035 2983 1079 nostram
3029 1033 3085 1080 et
3127 1026 3509 1096 rempublicam
3551 1029 3773 1083 subver-

2194 1112 2345 1168 tunt?
2376 1128 2574 1182 nonne,
2607 1116 2729 1184 quia
2760 1115 2871 1170 Deo
2898 1114 3237 1171 adversantia
3280 1117 3594 1188 loquimur?
3620 1120 3769 1188 Quod

2192 1205 2336 1260 enim
2376 1204 2483 1259 Deo
2511 1205 2688 1260 reddit
2712 1207 2992 1276 aequalem,
3023 1222 3215 1277 nempe
3255 1223 3361 1263 non
3389 1223 3448 1264 se
3474 1210 3676 1274 ulcisci,
3719 1212 3771 1269 id

2194 1305 2248 1350 tu
2276 1297 2439 1351 risum
2466 1306 2680 1366 reputas
2705 1312 2843 1353 esse.
2872 1297 3057 1353 Nonne
3090 1299 3208 1355 ideo
3248 1301 3358 1355 risu
3388 1302 3534 1372 digni
3568 1319 3769 1371 sumus,

2194 1400 2248 1444 et
2271 1389 2410 1459 apud
2437 1404 2535 1444 nos
2561 1389 2707 1460 ipsos
2748 1400 2801 1445 et
2828 1390 2966 1460 apud
2995 1392 3245 1462 gentiles,
3287 1393 3429 1463 quod
3478 1396 3550 1449 ita
3591 1407 3772 1451 contra

2197 1479 2360 1533 Deum
2394 1478 2717 1548 loquamur?

2276 1569 2502 1625 Historia
2537 1571 2724 1641 reperti
2771 1572 3012 1626 thesauri.
3042 1604 3111 1613 —
3141 1573 3275 1629 Volo
3312 1556 3586 1647 quidpiam
3625 1596 3777 1636 enar-

2198 1677 2319 1717 rare
2344 1662 2483 1732 apud
2512 1672 2718 1718 veteres
2755 1675 2983 1733 gestum,
3014 1680 3119 1720 non
3149 1667 3292 1721 circa
3334 1668 3488 1736 iram,
3518 1672 3612 1725 sed
3638 1673 3777 1727 circa

2200 1755 2500 1821 pecuniam.
2540 1753 2670 1808 Erat
2699 1754 2909 1809 cuidam
2938 1757 3218 1826 prmdium,
3248 1760 3515 1814 occultum
3557 1763 3778 1818 thesau-

2200 1861 2316 1900 rum
2347 1846 2568 1909 habens,
2612 1846 2780 1901 inscio
2810 1848 3046 1914 domino,
3077 1850 3217 1919 quod
3248 1852 3336 1906 ille
3363 1854 3597 1909 vendidit
3624 1875 3637 1910 :
3667 1873 3783 1910 eui-

2202 1946 2323 2007 ptor
2352 1953 2481 1992 vero
2508 1952 2627 1991 cum
2657 1937 2882 2003 foderet,
2906 1950 2963 1993 ut
2988 1940 3251 2008 plantarct
3272 1950 3326 1997 et
3350 1953 3579 2010 curaret,
3611 1946 3782 2014 depo-

2201 2030 2359 2084 situm
2389 2028 2695 2085 thesaurum
2736 2031 2957 2086 invenit.
2985 2032 3136 2101 Quod
3164 2050 3283 2089 cum
3314 2035 3585 2091 didicisset
3614 2039 3659 2092 is
3686 2040 3778 2108 qui

2201 2120 2533 2186 vendiderat,
2566 2122 2786 2178 veniens
2812 2133 3109 2192 emptorem
3139 2125 3360 2194 cogebat
3390 2136 3444 2180 ut
3473 2126 3782 2183 thesaurum

2203 2210 2472 2276 redderet,
2504 2210 2685 2268 dicens
2714 2227 2772 2267 se
2793 2213 3052 2282 przcdium
3076 2214 3397 2281 vendidisse,
3430 2232 3535 2271 non
3564 2216 3780 2272 thesau-

2204 2322 2343 2360 rum.
2374 2305 2468 2360 llle
2495 2314 2680 2360 contra
2719 2306 3006 2375 repellebat
3049 2322 3170 2361 eum
3201 2307 3403 2374 dicens,
3436 2324 3495 2363 se
3526 2310 3781 2379 praedium

2204 2414 2324 2455 cum
2356 2397 2606 2453 thesauro
2630 2399 2847 2463 emisse,
2874 2408 2929 2454 ct
2969 2413 3027 2455 se
3054 2400 3155 2454 hoc
3183 2400 3313 2455 nihil
3340 2416 3550 2456 curare.
3582 2402 3690 2457 Res
3733 2404 3783 2458 in

2206 2490 2351 2545 litem
2380 2490 2520 2543 inter
2560 2490 2749 2544 ambos
2780 2503 2933 2545 versa
2962 2499 3066 2556 est,
3117 2490 3210 2547 illo
3235 2490 3382 2546 reddi
3425 2493 3525 2548 sibi
3552 2495 3781 2560 volente,

2205 2581 2481 2652 alteroque
2533 2589 2780 2650 negante.
2834 2580 3131 2638 Incidcntes
3187 2592 3367 2638 autem
3420 2585 3472 2639 in
3517 2586 3785 2642 hominem

2207 2673 2508 2744 quempiam
2542 2671 2851 2742 litigabant;
2878 2672 3177 2743 deindcquc
3199 2673 3591 2744 interrogarunt
3614 2667 3799 2744 illum,

2207 2766 2293 2820 cui
2321 2764 2545 2822 deberet
2591 2765 2872 2821 thesaurus
2919 2766 3232 2835 adjudicari.
3262 2766 3356 2824 llle
3383 2784 3512 2825 vero
3532 2785 3639 2825 non
3669 2786 3792 2825 sen-

2211 2861 2428 2914 tentiam
2460 2858 2601 2924 tulit,
2628 2859 2866 2929 dixitque
2894 2873 2952 2913 se
2982 2860 3128 2914 litem
3152 2861 3448 2916 soluturum
3478 2878 3619 2927 esse,
3648 2864 3789 2933 quod

2212 2953 2325 3023 ipse
2353 2952 2598 3006 dominus
2625 2959 2785 3006 esset.
2818 2950 2885 3004 Et
2910 2950 3016 3005 illis
3044 2953 3401 3008 annuentihus
3430 2963 3653 3023 accepto
3676 2956 3792 3010 the-

2212 3060 2392 3111 sauro,
2423 3047 2701 3101 innumera
2732 3046 2926 3101 deinde
2961 3047 3097 3101 mala
3124 3062 3313 3117 passus
3349 3057 3454 3114 est,
3486 3057 3541 3103 et
3565 3064 3624 3103 re
3649 3048 3790 3103 didi-

2211 3139 2305 3205 cit,
2332 3139 2453 3209 jure
2483 3140 2602 3194 illos
2630 3139 2698 3194 ab
2739 3138 2841 3194 hoc
2877 3140 3215 3194 abstinuisse.
3250 3140 3362 3196 lloc
3405 3150 3459 3195 et
3484 3141 3629 3195 circa
3662 3141 3791 3195 iram

2216 3230 2328 3284 ﬁeri
2372 3238 2606 3299 oportet,
2636 3238 2697 3283 ut
2734 3240 2787 3285 et
2817 3245 2915 3284 nos
2963 3230 3369 3300 contendamus,
3402 3247 3510 3286 non
3546 3247 3666 3286 esse
3705 3248 3791 3286 su-

2214 3322 2460 3379 mendam
2484 3322 2758 3386 ultionem,
2779 3331 2834 3377 et
2853 3322 2942 3391 qui
2974 3322 3227 3377 laeserunt
3253 3322 3598 3388 contendant,
3630 3337 3791 3392 apor-

2216 3424 2329 3470 terc
2354 3429 2413 3470 se
2436 3428 2620 3483 poenas
2647 3414 2795 3468 dare.
2828 3415 2931 3470 Sed
2961 3414 3143 3469 forsan
3169 3416 3284 3471 htec
3322 3416 3543 3471 ridicula
3574 3417 3794 3470 videan-

2219 3518 2323 3561 tur.
2352 3506 2576 3574 Quando
2597 3506 2739 3561 enim
2767 3506 2881 3561 haec
2907 3507 3112 3561 insania
3130 3507 3416 3562 admodum
3439 3517 3683 3577 occupat,
3708 3509 3795 3576 qui

2221 3599 2460 3654 modeste
2488 3606 2651 3668 agunt
2674 3597 2983 3663 irridentur,
3006 3607 3060 3652 et
3080 3597 3215 3651 inter
3232 3599 3557 3652 insanientes
3581 3599 3795 3664 multos,

2219 3689 2309 3759 qui
2338 3704 2444 3742 non
2472 3689 2669 3742 insanit
2713 3687 2919 3742 videtur
2959 3687 3213 3742 insanire.
3251 3687 3609 3755 Quamobrem
3639 3689 3799 3743 obse-

2222 3796 2334 3847 cro,
2362 3782 2613 3845 feramus,
2642 3794 2846 3849 nosque
2886 3780 3276 3846 contineamus,
3304 3789 3360 3834 ut
3398 3781 3665 3848 possimus
3702 3780 3801 3833 hoc

2225 3870 2524 3941 pernicioso
2567 3870 2756 3925 morbo
2800 3869 2973 3937 liberi,
3019 3885 3241 3939 regnum
3285 3870 3535 3925 caelorum
3567 3870 3798 3939 assequi,

2223 3964 2390 4033 gratia
2420 3970 2474 4017 et
2504 3960 2935 4016 miserationibus
2963 3959 3217 4031 unigeniti
3248 3960 3387 4028 Filii,
3416 3961 3628 4029 quicum
3661 3960 3803 4014 Patri

2227 4064 2276 4107 et
2310 4050 2531 4121 Spiritui
2568 4058 2752 4104 sancto
2795 4049 2987 4119 gloria,
3021 4051 3323 4120 imperium,
3369 4052 3555 4117 honor,
3587 4066 3724 4105 nunc
3751 4058 3806 4105 ct

2227 4158 2457 4211 semper,
2487 4150 2541 4196 et
2569 4141 2621 4195 in
2652 4141 2844 4195 smcula
2873 4141 3212 4196 saeculorum.
3240 4142 3431 4196 Amen.

588 4270 3791 4295 Μ

1881 4350 2225 4413 HOMILIA
2266 4349 2462 4411 XLII.

541 4505 671 4560 Car.
708 4504 791 4559 l9.
823 4519 873 4555 v.
906 4504 997 4557 ει.
1048 4502 1145 4557 llis
1186 4512 1356 4557 autem
1394 4502 1623 4572 expletis,
1670 4499 1929 4570 preposuit
1978 4494 2125 4550 Pau-

617 4599 697 4651 lus
722 4598 772 4649 in
804 4594 1019 4665 Spiritu,
1052 4595 1267 4649 transitu
1312 4591 1614 4645 Macedonia
1652 4598 1698 4643 et
1725 4590 1915 4643 Achaia
1941 4588 2015 4642 ire
2035 4586 2129 4641 Je-

618 4684 945 4755 rosolymam,
976 4684 1146 4737 dicens
1170 4699 1189 4737 :
1232 4681 1505 4751 Postquam
1534 4681 1678 4749 {uero
1702 4680 1789 4747 ibi,
1826 4688 2019 4749 Oportet
2048 4694 2127 4733 me

619 4787 665 4832 et
697 4776 912 4831 Romam
942 4774 1128 4827 videre.
1152 4772 1242 4826 22.
1272 4772 1484 4825 Mittens
1509 4781 1675 4825 autem
1699 4770 1753 4823 in
1780 4769 2127 4823 Macedoniam

621 4870 749 4923 duos
777 4883 841 4922 ea:
866 4864 1261 4920 ministrantibus
1300 4864 1394 4918 sibi
1423 4862 1740 4918 Timotheum
1777 4872 1824 4917 et
1864 4862 2125 4927 Erastum,

620 4963 730 5032 ipse
749 4959 985 5015 remansit
1011 4957 1078 5010 ad
1098 4966 1292 5028 tempus
1312 4963 1364 5010 in
1395 4956 1535 5010 Asia.
1557 4955 1646 5010 25.
1681 4953 1840 5009 Facta
1865 4964 1936 5008 est
1962 4963 2129 5008 autem

620 5052 712 5108 illo
738 5061 959 5121 tempore
982 5049 1201 5102 turbatio
1227 5064 1325 5102 non
1354 5047 1562 5101 minima
1589 5047 1652 5100 de
1671 5046 1769 5099 via.

624 5144 677 5198 1.
721 5140 861 5196 Sat-is
890 5148 1128 5193 moratus
1161 5138 1213 5192 in
1245 5138 1333 5191 illa
1373 5139 1609 5203 civitate,
1645 5138 1760 5192 vult
1790 5136 1979 5192 iterum
2024 5135 2128 5189 alio

552 5234 823 5304 migrare:
850 5230 972 5285 ideo
1004 5230 1164 5283 mittit
1200 5228 1538 5283 Timotheum
1567 5238 1621 5284 et
1648 5229 1894 5285 Erastum
1926 5229 1979 5283 in
2020 5227 2130 5282 Ma-

552 5326 853 5390 cedoniam,
884 5323 999 5393 ipse
1029 5337 1157 5377 vero
1180 5329 1362 5377 manet
1382 5321 1600 5392 Ephesi.
1632 5321 1909 5390 Quomodo
1929 5331 2128 5384 autem,

554 5418 706 5472 initio
732 5417 922 5472 volens
944 5416 994 5470 in
1020 5414 1232 5486 Syriam
1264 5415 1433 5480 abire,
1482 5415 1534 5469 in
1564 5414 1924 5470 Macedoniam
1953 5428 2131 5469 rever-

557 5509 720 5562 titur?
747 5508 817 5563 Ut
850 5507 1098 5562 ostendat
1124 5522 1183 5561 se
1226 5522 1332 5561 non
1371 5505 1549 5561 omnia
1597 5522 1660 5560 ex
1691 5507 1902 5575 propria
1933 5506 2130 5560 virtute

558 5596 753 5651 facere.
777 5596 895 5652 Jam
925 5596 1206 5667 prophetat
1237 5595 1419 5650 dicens
1452 5612 1464 5648 :
1499 5592 1705 5664 Oportet
1736 5611 1813 5648 me
1840 5602 1885 5646 et
1915 5591 2131 5647 Romam

558 5685 745 5740 videre.
777 5685 892 5741 Hoc
918 5701 1045 5742 vero
1090 5686 1314 5742 fortasse
1349 5686 1495 5753 dicit,
1521 5694 1575 5739 ut
1604 5685 1908 5741 consoletur
1935 5698 2049 5752 eos,
2074 5697 2134 5740 ut.

2230 4494 2321 4565 qui
2359 4508 2463 4549 non
2510 4503 2724 4549 maneat
2751 4495 2987 4565 quidem,
3019 4496 3113 4553 sed
3161 4511 3346 4551 rursus
3376 4497 3588 4553 vicinus
3626 4511 3809 4552 eorum

2234 4585 2441 4640 futurus
2465 4586 2556 4652 sit,
2584 4593 2638 4640 et
2667 4586 2945 4656 prophetia
2964 4587 3341 4657 discipulorum
3365 4590 3573 4643 animos
3594 4590 3809 4644 excitat.

2235 4677 2369 4731 Hinc
2398 4676 2528 4732 mihi
2557 4676 2767 4732 videtur
2804 4678 3000 4748 Ephesi
3032 4678 3325 4735 Corinthiis
3366 4678 3601 4735 scribere
3641 4693 3705 4733 ac
3729 4679 3809 4733 di-

2233 4786 2355 4825 cere
2386 4788 2400 4824 :
2437 4769 2575 4824 Nolo
2618 4786 2703 4825 vos
2739 4771 2973 4841 ignorare
3012 4772 3075 4825 de
3118 4772 3439 4828 tribulatione
3477 4781 3670 4838 nostra,
3706 4786 3810 4841 qua

2235 4866 2369 4932 facta
2396 4873 2468 4916 est
2494 4863 2549 4916 in
2578 4863 2698 4917 Asia
2728 4862 2803 4933 (2.
2837 4862 2953 4917 Cor.
2980 4865 3031 4919 1.
3060 4864 3134 4935 8).
3166 4865 3297 4932 Quia
3326 4867 3469 4921 enim
3496 4866 3809 4936 promiserat

2233 4969 2292 5009 se
2322 4954 2634 5010 Corinthum
2678 4971 2798 5009 esse
2825 4964 3131 5024 venturum,
3178 4958 3321 5027 quod
3374 4973 3550 5013 moras
3594 4957 3813 5013 traxerit

2236 5060 2359 5101 sese
2386 5056 2593 5116 purgat,
2640 5057 2693 5102 et
2723 5048 3069 5103 tentationem
3114 5057 3405 5115 memorat,
3456 5066 3576 5119 qua:
3621 5050 3813 5104 Deme.

2239 5138 2398 5192 trium
2425 5145 2669 5207 spectant
2701 5155 2980 5194 enarrans.
3016 5140 3165 5195 llunc
3194 5142 3336 5196 enim
3368 5140 3672 5196 subindicat
3695 5156 3815 5196 cum

2235 5226 2363 5281 dicit
2383 5226 2742 5283 turbationem
2770 5243 2877 5283 non
2923 5229 3194 5284 minimam
3226 5230 3293 5286 de
3319 5230 3425 5285 via.
3450 5229 3654 5285 Rursus
3681 5231 3816 5301 peri~

2236 5319 2437 5386 culum,
2464 5333 2650 5374 rursus
2682 5321 2934 5375 turbatio.
2963 5321 3150 5377 Viden’
3178 5338 3337 5393 quam
3364 5322 3434 5378 sit
3453 5324 3819 5393 conspicuus?

2237 5411 2400 5467 Facta
2436 5423 2558 5467 sunt
2591 5413 2738 5482 signa
2769 5412 2998 5484 duplicia
3032 5432 3045 5469 :
3078 5414 3153 5468 illi
3192 5429 3318 5469 vero
3361 5414 3816 5469 contradicebant.

2237 5502 2326 5559 Sic
2359 5519 2451 5573 per
2476 5505 2652 5559 omnia
2696 5520 2784 5561 res
2822 5514 3198 5563 contexuntur.
3230 5507 3320 5561 24.
3365 5506 3651 5560 Demetrius
3691 5506 3824 5561 enim

2236 5595 2443 5664 quidam
2490 5595 2709 5661 nomine,
2756 5597 3103 5665 argentarius,
3151 5597 3341 5664 faciens
3388 5596 3522 5650 mdes
3561 5606 3820 5667 argenteas

2238 5686 2440 5755 Dianw,
2476 5688 2746 5755 prarstabat
2783 5688 3060 5758 artiﬁcibus
3107 5704 3207 5743 non
3254 5688 3505 5743 modicum
3548 5696 3814 5759 qturstum.
