4148 6152
383 326 485 381 297

384 448 516 518 περί
546 446 620 501 τὰ
671 441 915 497 τοιαῦτα
945 438 1220 510 ἐργάτας,
1270 434 1458 491 εἰπενυ
1511 437 1772 516 Ἄνδρες,
1811 436 2053 490 ἐπίστα-

1166 324 1225 382 5.
1266 321 1553 381 JOANNIS
1587 318 2079 380 CIIRYSOSTOMI
2115 316 2438 374 ARCHIEP.
2479 317 3031 376 CONSTANTINOP.

3603 317 3823 376 .298

2158 427 2311 504 ἦσαν
2326 434 2810 505 εὐκαταφρόνητοι,
2834 432 2912 496 ὡς
2958 433 3095 486 πᾶσι
3122 429 3464 502 προκεῖσθαι.
3505 429 3829 487 Ἀκούσαν-

387 512 519 598 σθε,
552 533 642 587 ὅτι
686 531 755 585 ἐκ
803 529 1020 595 ταύτης
1055 523 1166 593 τῆς
1192 525 1479 595 ἐργασίας
1522 512 1844 593 ἡέῠπορία
1885 521 2055 591 ἡμῶν
2155 535 2256 585 τες
2290 518 2378 584 δέ,
2426 519 2526 573 καί
2570 520 2877 590 γενόμενοι
2910 517 3169 586 πλήρεις
3189 516 3402 586 θυμοῦ,
3433 515 3621 586 φησὶν,
3651 515 3833 585 ἐκραο

388 622 539 675 ἐστι’
568 619 666 673 καί
695 614 960 685 θεωρεῖτε
979 613 1079 667 καί
1112 612 1384 674 ἀκούετε,
1419 609 1510 664 ὅτι
1530 611 1605 665 οὐ
1652 611 1847 680 μόνον
1882 609 2051 678 Ἐφέ-

387 724 526 771 σου,
552 705 714 761 ἀλλὰ
736 703 837 758 καί
859 700 1090 772 σχεδὸν
1108 698 1313 767 πάσης
1334 697 1446 767 τῆς
1483 698 1690 764 Ἀσίας
1739 701 1773 753 ό
1812 698 2055 764 Παῦλος

387 791 568 860 οὗτος
587 791 808 855 πείσας
834 786 1218 859 μετέστησεν
1247 784 1437 854 δχλον
1462 786 1695 849 ἰκανὸν,
1721 782 1936 854 λέγων,
1966 781 2055 835 ὅτι

390 885 513 937 Οὐκ
538 880 659 935 εἰσί
686 877 808 934 θεοί
836 878 891 931 οἰ
912 874 1012 929 διὰ
1038 872 1255 944 χειρῶν
1274 870 1600 941 ἀνθρώπων
1627 872 1943 942 γινόμενοι.
1973 871 2055 924 Οὐ

382 971 577 1039 μόνον
609 966 678 1020 δέ
697 963 876 1020 τοῦτο
905 961 1240 1017 κινδυνεύει
1266 958 1413 1029 ’ἡμῖν
1436 960 1502 1012 τὸ
1523 958 1705 1028 μέρος
1729 961 1816 1025 εἰς
1839 959 2054 1013 ἀπελε-

387 1056 543 1127 war
580 1051 805 1116 ἐλθεῖν,
833 1048 996 1105 ἀλλὰ
1040 1045 1143 1101 καί
1171 1049 1238 1100 τὸ
1275 1045 1386 1113 τῆς
1419 1044 1690 1117 μετά-1ης
1733 1044 1870 1110 θεᾶς
1898 1045 2058 1113 ἱερὸν

401 1139 742 1211 Ἀρτέμιδος
787 1140 874 1204 εἰς
910 1133 1095 1191 οὐδὲν
1140 1132 1520 1203 λογισθῆναι,
1543 1133 1793 1201 μέλλειν
1840 1130 1908 1184 δέ
1957 1131 2056 1185 καί

390 1221 806 1290 καθαιρεῖσθαι
865 1216 1458 1287 τὴν.μεγαλειότητα
1501 1213 1713 1282 αὐτῆς,
1744 1212 1825 1282 ἣν
1857 1213 1970 1280 ὅλη
2017 1215 2056 1282 ἠ

390 1309 569 1366 Ἀσία
600 1308 700 1362 καί
728 1307 767 1375 νὴ
794 1304 1115 1375 οἰκουμένη
1158 1304 1416 1359 σέϐεται.
1448 1299 1661 1365 Ποιῶν,
1692 1301 1848 1371 φησὶ,
1874 1301 2059 1366 ναοὺς

392 1394 689 1466 ἀργυροῦς
748 1391 1108 1462 Ἀρτέμιδος.
1141 1391 1254 1445 Καὶ
1298 1389 1417 1451 πῶς
1470 1387 1548 1441 ενι
1581 1389 1742 1451 ναοὺς
1787 1386 2061 1460 ἀργυροῦς

391 1480 681 1550 γενέσθαι;
717 1480 877 1542 Ἴσως
907 1478 983 1541 ὡς
1004 1476 1239 1548 κιϐώρια
1280 1475 1473 1548 μικρά·
1520 1474 1690 1547 πολλὴ
1720 1476 1832 1546 7&9
1857 1474 2060 1545 ταύτης

391 1566 461 1641 ἦν
482 1571 517 1639 ή
544 1568 681 1639 τιμὴ
707 1569 766 1621 ἐν
799 1565 1032 1636 Ἐφέσῳ,
1072 1566 1206 1619 ὅπου
1227 1565 1324 1618 καὶ
1348 1564 1411 1616 τὸ
1456 1563 1599 1635 ἱερὸν
1622 1562 1802 1617 αὐτῶν
1847 1564 2063 1634 ἐμπρη-

395 1657 523 1710 σθὲν
552 1655 726 1718 οὕτως
752 1652 1021 1723 ἐλύπησεν
1053 1652 1272 1718 αὐτοὺς,
1300 1652 1376 1715 ώς
1422 1649 1515 1704 τὸν
1547 1650 1908 1721 ἐμπρήσαντα
1966 1666 2062 1703 κε-

322 1772 327 1773 ί
393 1742 574 1796 λεύειν
602 1741 738 1814 μηδὲ
760 1740 985 1811 ὀνόματι
1006 1737 1285 1806 λέγεσθαι.
1316 1737 1461 1807 Ὅρα
1485 1736 1761 1808 πανταχοῦ
1782 1736 1882 1808 τὴν
1907 1736 2062 1789 εἰδω-

395 1828 710 1900 λολατρείαν
736 1827 846 1882 ἀπὸ
876 1825 1177 1898 χρημάτων
1202 1824 1515 1895 γινομένην.
1538 1825 1796 1878 Κάκεῖνοι
1814 1823 1905 1878 διὰ
1929 1824 2064 1894 χρή-

397 1935 570 1991 ματα,
592 1917 686 1970 καὶ
738 1908 892 1979 οὗτος
924 1913 1013 1968 διὰ
1040 1915 1316 1986 χρήματα·
1350 1911 1450 1982 οὐχ
1501 1912 1579 1974 ώς
1635 1911 1733 1981 τῆς
1784 1910 2064 1975 εὐσεϐείας

394 2001 812 2072 κινδυνευούσης
847 2002 1054 2063 αὐτοῖς,
1086 1998 1199 2053 ἀλλ’
1226 1998 1303 2061 ὼς
1321 1995 1417 2051 τοῦ
1457 1995 1729 2067 πορισμοῦ
1752 1996 1851 2068 τὴν
1878 1997 2067 2050 ὑπόθε-

398 2107 483 2145 σιν
513 2090 615 2143 οὐκ
651 2087 884 2159 ἔχοντος.
939 2087 1052 2141 Καὶ
1084 2083 1276 2138 σκόπει
1322 2081 1521 2136 κακίαν
1560 2081 1770 2153 ἀνδρόςο
1820 2080 2066 2154 Εύπορος

395 2174 467 2250 ἦν
510 2176 696 2242 αὐτὸς,
725 2174 823 2228 καὶ¹
849 2171 998 2242 αὐτῷ
1043 2172 1141 2242 μὲν
1172 2170 1234 2223 οῦ
1272 2168 1510 2250 τοσαύτη
1551 2167 1742 2238 ἔμελλε
1782 2166 1952 2240 βλάϐη
1981 2185 2069 2238 γε.

398 2249 588 2317 νέσθαι
633 2265 697 2315 ἐκ
729 2258 952 2327 τούτουζ
1000 2255 1230 2319 ἐκείνοις
1261 2254 1319 2308 δέ
1368 2249 1437 2326 ἦν
1482 2254 1676 2325 πολλὴ,
1710 2253 1807 2308 ἅτε
1844 2254 2069 2325 πένησιν

400 2345 523 2403 οῦσι
578 2347 675 2402 καὶ¹
703 2346 814 2402 ἀπὸ
842 2344 945 2415 τῆς
995 2341 1121 2397 καθ’
1148 2340 1361 2413 ἡμέραν
1401 2340 1662 2413 ἐργασίας
1696 2340 2066 2412 τρεφομένοις.

402 2436 516 2490 Καὶ
540 2435 690 2506 ὅμως
719 2426 864 2487 οῦτοι
886 2430 982 2502 μὲν
1003 2429 1153 2483 οὐδὲν
1177 2428 1445 2496 λέγουσιν,
1466 2425 1628 2491 αὐτὸς
1646 2426 1706 2481 δέ
1720 2443 1737 2459 ο
1784 2430 2070 2493 κοινωνοὺς

401 2524 461 2577 δὲ
502 2522 662 2584 ὄντας
691 2519 891 2583 αὐτοὺς
924 2514 1025 2589 τῆς
1062 2514 1281 2586 τέχνης,
1333 2515 1620 2579 κοινωνοὺς
1673 2514 1937 2586 λαμϐάνει
1975 2517 2071 2571 καὶ

401 2609 498 2663 τοῦ
532 2607 782 2680 θορύϐου.
817 2602 949 2660 Εἶτα
974 2603 1182 2658 καὶτὸν
1207 2601 1451 2657 κίνδυνον
1482 2601 1737 2673 ηὔξησεν,
1758 2603 2068 2673 ἐπαγαγὼν,

401 2696 485 2749 δτι
532 2692 880 2749 Κινδυνεύει
911 2689 1060 2760 ἡμῖν
1100 2688 1277 2744 τοῦτο
1318 2687 1385 2742 τὸ
1417 2687 1602 2758 μέρος
1622 2690 1710 2755 εἰς
1730 2688 2075 2760 ἀπελεγμὸν

399 2779 621 2836 ἐλθεῖν.
655 2778 825 2832 Τοῦτο
842 2776 951 2849 7&9
975 2775 1162 2848 σχεδὸν
1185 2775 1273 2829 διὰ
1304 2773 1496 2829 τούτου
1521 2775 1694 2847 δηλοῖ,
1719 2775 1803 2829 ὅτι
1840 2776 1950 2830 ἀπὸ
1972 2776 2074 2848 τῆς

401 2868 599 2938 τέχνης
625 2864 830 2935 ταύτης
858 2861 1239 2933 κινδυνεύομεν
1267 2861 1347 2926 εἰς
1376 2860 1536 2933 λιμὸν
1568 2863 1849 2933 ἐμπεσεῖν.
1879 2863 2073 2917 Καίτοι

401 2954 474 3009 τὰ
499 2951 768 3024 εἰρημένα
796 2949 960 3004 ἱκανά
990 2951 1071 3013 είς
1107 2947 1392 3003 εὐσέϐειαν
1421 2948 1619 3011 αὐτοὺς
1645 2949 1905 3017 ἀγαγεῖν⁶
1937 2948 2075 3004 ἀλλὰ

401 3038 741 3110 ταλαίπωροι
766 3052 910 3100 τινες
932 3035 1083 3098 ὄντες
1108 3034 1205 3088 καὶ
1226 3033 1450 3105 ψυχροὶ,
1476 3033 1916 3088 ἐπισυνίστανται
1941 3035 2077 3105 μᾶλ-

404 3128 520 3191 λον,
540 3126 638 3180 καὶ
658 3124 761 3178 οὐκ
779 3119 1072 3187 ἐννοοῦσιν,
1095 3120 1177 3174 ὅτι
1202 3121 1267 3174 Εἰ
1291 3123 1321 3174 ό
1346 3120 1631 3190 ἄνθρωπος
1658 3112 1813 3185 οὗτος
1839 3122 2077 3178 τοσαῦτα

411 3213 588 3285 ἰσχύει
620 3213 697 3276 ὡς
750 3209 1086 3284 μεταστῆσαι
1123 3207 1353 3272 πάντας,
1386 3207 1482 3261 καὶ
1534 3207 1830 3263 κινδυνεύει
1867 3208 1936 3263 τὰ
1966 3209 2077 3264 τῶν

408 3303 571 3369 θεῶν,
622 3301 809 3374 ἡλίκος
863 3302 893 3354 ό
941 3296 1133 3352 τούτου
1178 3295 1339 3361 Θεόςι
1391 3296 1488 3351 καὶ
1533 3295 1617 3349 ὅτι
1664 3294 1851 3369 Πολλῷ
1880 3297 2077 3368 μᾶλλον

408 3391 593 3445 ἐκεῖνα
624 3389 756 3459 ἡμῖν
799 3385 985 3451 δώσει,
1020 3384 1163 3455 ὑπὲρ
1189 3376 1266 3437 ὧν
1300 3381 1635 3453 φοϐούμεθα.
1662 3382 1801 3455 Ἤδη
1835 3400 2069 3456 προκατ.

409 3476 603 3531 ἐλαϐεν
646 3472 827 3528 αὐτῶν
853 3471 953 3535 τὰς
973 3470 1173 3543 ψρχὰς,
1196 3469 1394 3538 λέγων,
1416 3470 1500 3523 ὅτι
1541 3471 1663 3524 Οὐκ
1703 3469 1823 3523 εἰσί
1865 3472 1987 3526 θεοὶ
2022 3473 2079 3526 οἰ

410 3560 534 3617 ὑπὸ
586 3558 804 3630 χειρῶν
828 3556 1156 3626 ἀνθρώπων
1184 3556 1505 3627 γινόμενοι.
1546 3556 1691 3628 Ὅρα
1741 3556 1882 3630 ὑπὲρ
1936 3558 2080 3624 τίνος

411 3644 815 3716 ἀγανακτοῦσιν
849 3643 1107 3714 Ἕλληνες
1129 3657 1145 3673 ·
1180 3642 1371 3712 ἐπειδὴ
1402 3637 1576 3709 εἶπεν,
1611 3642 1696 3697 ὅτι
1731 3646 1796 3702 οι
1822 3643 1942 3700 ὑπὸ
1974 3645 2080 3701 ἀν-

413 3736 665 3804 θρώπων
700 3732 1021 3803 γινόμενοι,
1061 3730 1173 3784 οὐκ
1197 3729 1316 3783 εἰσί
1344 3729 1487 3784 θεοί.
1519 3729 1800 3800 Πανταχοῦ
1851 3731 1933 3795 εἰς
1981 3730 2080 3803 τὴν

412 3823 611 3893 τέχνην
631 3819 763 3874 ὠθεί
791 3818 884 3872 τὸν
907 3817 1084 3885 λόγον.
1109 3812 1241 3870 Εἶτα
1262 3816 1325 3869 τὸ
1353 3815 1587 3887 μάλιστα
1613 3817 1812 3881 αὐτοὺς
1833 3817 2081 3889 λυπῆσαν

416 3910 644 3981 ὕστερον
669 3907 874 3979 τίθησι,
901 3904 1077 3973 λέγων
1096 3919 1112 3935 ⁸
1164 3905 1248 3958 οὐ
1287 3904 1478 3973 μόνον
1495 3902 1567 3981 δέ
1598 3903 1774 3958 τοῦτο
1807 3903 1876 3956 τὸ
1905 3904 2084 3974 μέρος

412 3994 781 4052 κινδυνεύειν
826 3991 1099 4055 τουτέστι,
1144 3989 1266 4044 Τῶν
1320 3988 1421 4060 μὲν
1462 3988 1641 4043 ἀλλων
1689 3989 1863 4056 οὐδεὶς
1900 3990 2079 4061 λόγος,

413 4083 529 4139 ἀλλ’
558 4083 642 4137 ὅτι
662 4081 759 4136 καὶ
779 4079 841 4133 τὸ
859 4078 961 4149 τῆς
984 4076 1224 4149 μεγάλης
1250 4075 1378 4141 θεᾶς
1398 4076 1544 4148 ἱερὸν
1572 4076 1884 4148 Ἀρτέμιδος
1902 4078 2084 4133 κινδυ-

414 4171 561 4226 νεύει
619 4164 1023 4239 καθαιρεῖσθαι.
1081 4158 1218 4217 Εἷτα
1265 4163 1353 4216 ἴνα
1407 4163 1484 4234 μὴ
1529 4162 1656 4235 δόξῃ
1698 4165 2082 4237 χρηματισμοῦ

414 4261 602 4316 ’ἐνεκεν
627 4257 807 4326 λέγειν
840 4253 1036 4321 ταῦτα,
1067 4253 1168 4324 ὃρα
1189 4249 1244 4304 τί
1270 4248 1653 4324 προστίθησιν⁸
1691 4252 1804 4304 Ἦν
1824 4251 1866 4319 ἠ
1888 4251 2084 4306 om-

413 4351 570 4420 μένη
603 4344 857 4401 σέϐεται.
898 4341 1061 4413 Ὁρᾷς
1090 4338 1208 4403 πῶς
1227 4337 1393 4404 ἐδειξε
1423 4336 1594 4409 μείζω
1620 4336 1721 4408 τὴν
1748 4335 1844 4390 τοῦ
1870 4336 2083 4391 Παύλου

416 4436 671 4506 δύναμιν,
700 4432 909 4492 πάντας
941 4426 1160 4491 ἀθλίους
1193 4426 1288 4480 καὶ
1317 4421 1699 4494 ταλαιπώρους
1722 4423 1920 4487 αὐτοὺς
1945 4422 2083 4476 ἀπο-

418 4524 645 4589 φαίνων,
662 4519 790 4588 εῐγε
801 4517 1083 4588 ἄνθρωπος
1111 4514 1467 4584 ἐλαυνόμενος
1490 4512 1588 4566 καὶ
1618 4512 1938 4582 σκηνοποιδς
1958 4529 2085 4566 τοσ-

419 4610 564 4666 αῦτα
609 4606 873 4668 δύναται;
915 4603 1059 4673 Ὅρα
1088 4602 1220 4671 παρ’
1258 4598 1473 4670 ἐχθρῶν
1506 4597 1607 4663 τὰς
1638 4599 1942 4668 μαρτυρίας
1974 4600 2085 4663 τοῖς

420 4693 743 4754 ἀποστόλοις
779 4689 1089 4759 γινομένας.
1132 4687 1278 4739 Ἐκεῖ
1315 4686 1414 4756 μὲν
1441 4683 1647 4753 ἔλεγον,
1680 4683 1828 4738 Ἰδοὺ
1857 4688 2086 4756 πεπλη-

412 4782 646 4853 ρώκατε
661 4779 778 4847 τὴν
789 4776 1178 4843 Ἰερουσαλὴμ
1198 4771 1309 4840 τῆς
1329 4769 1580 4840 διδαχῆς
1599 4769 1766 4840 ὑμῶν
1782 4787 1796 4803 ·
1830 4770 2084 4840 ἐνταῦθα,

418 4871 503 4923 ὅτι
530 4865 755 4921 Μέλλει
786 4860 1192 4930 καθαιρεῖσθαι
1218 4857 1327 4927 τῆς
1357 4857 1693 4928 Ἀρτέμιδος
1723 4859 1762 4925 ἠ
1774 4861 2088 4928 μεγαλειό-

417 4971 550 5024 της*
564 4955 710 5017 τότε,
745 4953 811 5005 οι
860 4949 977 5019 τὴν
997 4946 1356 5018 οἰκουμένην
1383 4944 1529 5020 [519]
1552 4945 2087 5016 ἀναστατώσαντες

419 5044 640 5115 ἤκουον,
667 5041 750 5111 ὃτι
785 5032 961 5094 οὗτοι
994 5035 1094 5093 καί
1130 5033 1343 5089 ἐνθάδε
1398 5031 1668 5103 πάρεισιο
1689 5032 1805 5097 νῦν,
1841 5035 1924 5088 ὅτι
1949 5037 2086 5089 Κιν-

422 5129 660 5183 δυνεύει
686 5124 833 5196 ἡμῖν
858 5122 1036 5177 τοῦτο
1059 5121 1129 5176 τὸ
1147 5121 1330 5191 μέρος
1371 5122 1459 5188 εἰς
1487 5119 1830 5190 ἀπελεγμὸν
1866 5120 2083 5177 ἐλθεῖν.

421 5217 580 5271 Οῦτω
617 5214 712 5269 καὶ
759 5210 1000 5267 Ἰουδαῖοι
1051 5209 1143 5263 ἐπὶ
1173 5206 1268 5263 τοῦ
1317 5208 1555 5280 Χριστοῦ
1607 5208 1791 5280 ἔλεγον
1806 5223 1823 5240 ⁸
1866 5207 2085 5280 Ὁρᾶτε,

421 5301 513 5356 ὅτι
548 5304 583 5356 ό
614 5299 843 5369 κόσμος
881 5295 1075 5349 ὀπίσω
1098 5293 1282 5350 αὐτοῦ
1326 5293 1562 5364 ὑπάγει.
1603 5294 1700 5350 καί
1731 5295 2085 5352 ἐλεύσονται

423 5392 477 5442 οἰ
505 5385 774 5458 Ῥωμαῖοι
798 5381 897 5437 καί
926 5380 1182 5450 ἀροῦσιν
1197 5380 1369 5451 ἡμῶν
1391 5381 1506 5449 τὴν
1523 5383 1723 5439 πόλιν.
1766 5384 2089 5439 Ἀκούσαν-

422 5493 520 5543 τες
555 5475 624 5530 δέ
652 5473 838 5529 ταῦτα
872 5471 1275 5540 ἐπλήσθησαν
1302 5472 1514 5542 θυμοῦ.
1564 5474 1701 5527 Πότε
1728 5475 1757 5526 ό
1791 5473 1956 5545 θυμὸς
1997 5474 2089 5543 γέ-

422 5578 611 5631 γονεν;
636 5561 764 5614 ’θτε
799 5559 927 5630 περὶ
953 5559 1051 5630 τῆς
1077 5559 1394 5630 Ἀρτέμιδος
1430 5560 1691 5631 ἥκουσαν,
1723 5561 1811 5613 ὅτε
1837 5562 1966 5631 περὶ
1994 5561 2087 5614 τοῦ

424 5645 718 5717 πορισμοῦ.
750 5643 985 5698 Τοιαῦτα
1013 5645 1122 5716 7&9
1149 5646 1220 5699 τά
1251 5646 1358 5699 τῶν
1384 5646 1658 5717 ἀγοραίων
1690 5646 1819 5717 ἢθη,
1851 5647 1960 5701 ἀπὸ
1992 5648 2086 5701 τοῦ

423 5735 678 5803 τυχόντος
731 5731 1169 5800 συναρπάζεσθαι
1227 5734 1319 5786 καὶ
1364 5732 1704 5787 ἐκκαίεσθαι.
1766 5734 1862 5787 Διά
1915 5735 2087 5789 ταῦτα

427 5818 544 5892 μετ’
589 5814 886 5881 ἐξετάσεως
932 5816 1016 5870 δεῖ
1061 5820 1236 5873 ποιεῖν
1279 5818 1509 5873 πάν-ια’.
1544 5819 1686 5889 Ὅρα
1732 5819 1787 5872 δὶ
1847 5821 1961 5884 πῶς
1996 5824 2088 5877 καὶ

486 5940 503 5963 ⁸
526 5936 693 5987 Πάντα
718 5933 863 5983 deest
886 5932 935 5983 in
956 5947 1070 5985 uno.

2164 605 2265 666 ζον
2290 607 2566 675 λέγοντες
2591 622 2606 637 ’
2653 604 2898 675 Μεγάλη
2937 605 2978 673 ὴ
3022 606 3289 673 Ἄρτεμις
3340 602 3678 672 Ἐφεσίωνί
3724 605 3834 658 Καί

2162 692 2443 762 ἐπλήσθη
2467 692 2506 760 ἡ
2538 692 2716 758 πόλις
2735 692 2848 760 ὅλη
2873 689 2986 759 τῆς
3019 691 3378 760 συγχύσεως
3397 706 3413 721 ο
3456 689 3744 760 ὥρμησάν
3772 709 3838 745 τε

2163 779 2544 849 ὁμοθυμαδὸν
2591 781 2679 845 εἰς
2745 778 2813 832 τὸ
2868 777 3134 845 θέατρον.
3203 776 3714 845 Συναρπάσαντες
3770 777 3836 831 δὲ

2132 865 2350 919 νΓάτον
2383 868 2484 919 καί
2527 866 2924 935 Ἀρίσταρχον
2979 861 3351 928 Μακεδόνας,
3412 862 3837 932 συνεκδήμους

2164 953 2436 1017 Παύλου,
2465 953 2765 1007 εἵλκυσαν
2791 951 3032 1016 αὐτούς.

2236 1040 2303 1111 β’.
2321 1040 2531 1102 Ἀπλῶς
2547 1039 2710 1092 πάλιν
2723 1037 2938 1092 ἐπίασιν
2950 1037 3024 1100 ὼς
3042 1036 3070 1076 ι’
3083 1036 3177 1089 ἐπὶ
3208 1035 3439 1100 Ἰάσονος
3461 1036 3726 1103 Ἰουδαῖοι,
3743 1038 3839 1091 καὶ

2165 1125 2439 1197 πανταχοῦ
2472 1128 2656 1190 αὺτοῖς
2678 1125 2992 1196 πρόκεινται
3018 1141 3030 1153 ·
3062 1122 3233 1187 οὕτως
3261 1124 3414 1178 οὐδὲν
3446 1120 3591 1195 εἶχον
3619 1126 3836 1195 κόμπου

2166 1214 2338 1285 γέμον
2383 1214 2505 1266 ούδέ
2539 1213 2717 1283 δόξης.
2777 1210 2887 1265 Τοῦ
2918 1209 2987 1263 δὲ
3017 1211 3262 1264 Παύλου
3292 1210 3680 1280 βουλομένου
3710 1214 3838 1265 εἰσ-

2165 1299 2366 1354 ελθεῖν
2390 1303 2478 1364 εἰς
2518 1300 2626 1353 τὸν
2672 1297 2889 1366 δῆμον,
2940 1297 3052 1350 οὐκ
3083 1296 3225 1351 εἰων
3259 1295 3449 1350 αὐτὸν
3476 1299 3533 1350 οἰ
3556 1296 3835 1365 μαθηταί.

2173 1385 2339 1450 Τινὲς
2362 1384 2430 1437 δὲ
2452 1382 2573 1437 τῶν
2601 1382 2936 1452 Ἀσιαρχῶν
2962 1381 3132 1449 ὄντες
3158 1380 3320 1448 αὐτῷ
3347 1383 3536 1452 φίλοι,
3568 1381 3838 1451 πέμψαν-

2166 1488 2264 1538 τες
2291 1471 2441 1539 πρὸς
2467 1469 2655 1524 αὐτὸν
2700 1467 3086 1538 παρεκάλουν
3127 1467 3214 1538 μὴ
3242 1463 3457 1524 δοῦναι
3487 1467 3706 1522 ἑαυτὸν
3752 1469 3840 1532 εἰς

2167 1560 2236 1612 τὸ
2282 1559 2549 1625 θέατρον.
2611 1555 3050 1628 Παρακαλοῦσιν,
3082 1557 3163 1610 ὅτι
3209 1554 3441 1619 ἄτακτος
3489 1550 3630 1627 ἦσαν
3671 1554 3840 1625 δῆμος

2169 1644 2436 1714 ἀλογίστῳ
2470 1643 2621 1716 ῥύμῃ
2644 1645 2821 1698 πάντα
2847 1642 3176 1714 τολμῶντες.
3218 1644 3330 1696 Καὶ
3353 1644 3382 1695 ό
3418 1643 3628 1706 Παῦλος
3654 1643 3841 1695 πείθε-

2167 1748 2257 1786 ται
2283 1751 2296 1763 ·
2319 1732 2380 1785 οὐ
2418 1731 2529 1803 γὰρ
2553 1726 2622 1801 ἦν
2663 1731 2961 1798 κενόδοξος,
3013 1730 3134 1784 οὐδὲ
3163 1728 3465 1801 φιλότιμος.
3502 1730 3703 1784 Ἄλλοι
3724 1730 3845 1799 μὲν

2170 1815 2287 1873 οὖν
2314 1817 2469 1871 ἄλλο
2489 1834 2545 1870 τι
2573 1815 2817 1885 ἔκραζον
2839 1835 2854 1850 ο
2896 1814 2978 1888 ἦν
2999 1820 3112 1886 γὰρ
3150 1818 3190 1886 ἡ
3223 1817 3521 1884 ἐκκλησία
3550 1833 3843 1887 συγκεχυ-

2166 1905 2342 1976 μένη.
2376 1903 2628 1958 Τοιοῦτον
2655 1905 2765 1976 γὰρ
2793 1904 2855 1957 τὺ
2875 1903 3078 1975 πλῆθος
3096 1920 3112 1935 σ
3153 1903 3339 1968 ἁπλῶς
3363 1904 3552 1957 ἕπεται
3583 1903 3841 1976 καθάπερ

2172 1992 2287 2064 πῦρ
2319 1994 2399 2056 εἰς
2437 1991 2571 2063 ῦλην
2603 1993 2866 2064 ἐμπεσόν.
2897 1993 3008 2046 Καὶ
3041 1996 3095 2047 οἰ
3141 1993 3389 2059 πλείους
3414 1993 3527 2046 οὐκ
3557 1991 3841 2061 ᾔδεισαν,

2173 2079 2336 2145 τίνος
2371 2079 2578 2133 ἕνεκεν
2621 2080 3172 2147 συνεληλύθεισαν.
3218 2081 3320 2133 Ἐκ
3365 2078 3436 2133 δέ
3485 2078 3593 2133 τοῦ
3645 2079 3843 2149 ὕχλου

2173 2166 2574 2236 προεϐίϐασαν
2596 2164 3004 2235 Ἀλέξανδρον,
3038 2165 3460 2234 προϐαλόντων
3497 2164 3684 2219 αὐτὸν
3720 2162 3843 2218 τῶν

2187 2255 2501 2309 Ἰουδαίων.
2531 2253 2902 2325 Προεϐάλοντο
2941 2253 3184 2307 Ἰουδαῖοι
3225 2253 3606 2325 οἰκονομικῶς,
3629 2253 3717 2306 ἵνα
3737 2269 3843 2323 μη-

2175 2343 2265 2398 δὲν
2292 2343 2489 2413 ἔχωσιν
2532 2341 2758 2414 ὕστερον
2786 2341 3110 2411 ἀντιλέγειν.
3140 2337 3307 2406 Οὗτος
3337 2343 3432 2397 καὶ
3455 2341 3838 2414 προϐάλλεται,

2176 2433 2272 2486 καὶ
2298 2431 2613 2502 φθέγγεται,
2645 2431 2741 2485 καὶ
2758 2431 2835 2495 τί,
2859 2430 3044 2486 amur
3075 2432 3139 2486 '0
3158 2431 3228 2485 δέ
3249 2431 3637 2500 Ἀλέξανδρος
3666 2447 3844 2485 κατα-

2177 2519 2394 2586 σείσας
2445 2516 2523 2588 τῇ
2587 2517 2758 2587 χειρί,
2782 2518 3003 2587 ἤθελεν
3055 2517 3486 2589 ἀπολογεῖσθαι
3526 2516 3609 2584 τῷ
3653 2517 3839 2587 δήμῳ.

2190 2606 2570 2676 Ἐπιγνόντες
2617 2603 2708 2670 δέ,
2758 2604 2850 2659 ὅτι
2882 2603 3166 2671 Ἰουδαῖός
3200 2605 3354 2668 ἐστι,
3395 2603 3564 2675 φωνὴ
3607 2603 3843 2674 ἐγένετο

2173 2694 2286 2763 μία
2308 2693 2380 2747 ἐκ
2416 2691 2681 2760 πάντων,
2709 2693 2790 2758 ὡς
2810 2692 2912 2746 ἐπὶ
2935 2690 3094 2760 ὥρας
3124 2691 3236 2746 δύο
3256 2691 3618 2759 κραζόντων-ο
3652 2690 3846 2760 Μεγα-

2177 2782 2258 2848 λη
2295 2779 2335 2848 ἠ
2366 2780 2640 2848 ’Δρτεμις
2667 2778 2972 2848 Ἐφεσίων.
3023 2777 3255 2848 Πα”ιδικὴ
3287 2776 3458 2842 ὅντως
3507 2779 3542 2848 η
3599 2777 3811 2833 διάνοια
3824 2793 3842 2809 ο

2178 2865 2432 2937 καθάπερ
2476 2862 2821 2934 φοϐούμενοι,
2852 2862 2929 2935 μὴ
2962 2863 3160 2935 σϐεσθῇ
3187 2862 3249 2916 τὸ
3292 2861 3456 2927 σέϐας
3483 2862 3688 2927 αὐτῶν,
3716 2878 3842 2916 συν-

2181 2952 2320 3023 εχῶς
2348 2952 2536 3007 ἐϐόων.
2580 2952 2685 3005 Δύο
2711 2950 2808 3023 ἐτη
2842 2950 3096 3006 ἐκάθισεν
3123 2953 3264 3018 ἐκεῖ,
3293 2951 3389 3005 καὶ
3428 2952 3534 3024 δρα
3564 2950 3720 3005 πόσοι
3762 2950 3846 3005 ἐτι

2182 3038 2442 3110 Ἕλληνες
2473 3035 2640 3111 ἦσαν.
2671 3038 3084 3106 Καταστείλας
3129 3036 3199 3091 δέ
3239 3041 3274 3092 ὁ
3319 3036 3694 3107 γραμματεὺς
3738 3036 3848 3091 τόν

2183 3124 2389 3195 ὄχλον,
2423 3126 2649 3195 φησίν·
2689 3124 2940 3193 Ἀνδρες
2973 3122 3252 3194 Ἐφέσιοι,
3288 3125 3382 3191 τίς
3406 3125 3519 3194 γάρ
3545 3124 3718 3179 ἐστιν
3741 3122 3847 3178 ἄν·

2183 3215 2435 3281 θρωπος,
2494 3211 2563 3278 ὃς
2613 3212 2686 3265 οὐ
2723 3211 3003 3282 γινώσκει
3037 3211 3156 3280 τὴν
3181 3212 3474 3281 Ἐφεσίων
3498 3211 3681 3266 πόλιν
3713 3227 3850 3264 νεω-

2183 3304 2366 3370 κόρον
2396 3297 2593 3357 οὖσαν
2618 3299 2726 3370 τῆς
2748 3302 3020 3372 μεγάλης
3047 3300 3189 3368 θεᾶς
3222 3300 3547 3372 Ἀρτέμιδος
3599 3303 3697 3357 καί
3737 3302 3846 3357 τοῦ

2184 3387 2538 3455 Διοπετοῦς;
2582 3387 2770 3459 Τούτῳ
2821 3387 3022 3459 πρώτῳ
3063 3388 3156 3441 τὸν
3203 3387 3372 3459 θυμὸν
3410 3387 3589 3441 αὐτῶν
3632 3387 3840 3443 ἔσϐεσε.

2184 3475 2295 3530 Καὶ
2323 3473 2431 3529 τοῦ
2460 3474 2794 3540 διοπετοῦς.
2859 3473 3031 3529 Τοῦτο
3071 3474 3243 3543 λέγει,
3274 3474 3349 3536 ώς
3382 3473 3482 3528 οὐκ
3508 3475 3659 3539 δντος
3686 3473 3845 3544 δήλου

2186 3562 2279 3616 τοῦ
2312 3561 2656 3634 πράγματος.
2704 3560 2868 3631 Ἱερὸν
2896 3561 2954 3616 δὲ
2977 3561 3160 3633 ἕτερον
3196 3561 3337 3615 οὕτω
3383 3560 3629 3614 ἐκαλεῖτο
3662 3565 3850 3614 Διοπε-

2184 3647 2312 3712 τές’
2370 3649 2486 3720 ἠτοι
2510 3649 2573 3701 τὸ
2606 3647 2821 3702 εἴδωλον
2861 3647 3037 3702 τοίνυν
3090 3647 3193 3717 τῆς
3236 3647 3548 3721 Ἀρτέμιδος
3592 3648 3850 3713 Διοπετδς

2186 3733 2391 3802 ἐλεγον,
2432 3735 2508 3796 ὡς
2551 3734 2617 3789 ἐκ
2658 3734 2752 3788 τοῦ
2784 3734 2905 3798 Διὸς
2949 3735 3011 3788 τὸ
3041 3733 3306 3806 ὄστρακον
3337 3736 3512 3788 ἐκεῖνο
3539 3734 3846 3801 πεπτωκὸς,

2188 3822 2283 3875 καὶ
2327 3821 2425 3892 οὐχ
2470 3821 2577 3875 ὑπὸ
2621 3820 2910 3894 ἀνθρώπου
2952 3822 3240 3892 γενόμενον
3261 3837 3278 3854 ο
3325 3822 3360 3893 ἢ
3393 3822 3578 3893 ἓτερον
3626 3822 3849 3893 ἄγαλμα

2189 3908 2323 3980 παρ’
2361 3910 2547 3972 αὐτοῖς
2585 3908 2760 3973 οῦτως
2801 3909 3036 3979 ἐλέγετο.
3071 3909 3536 3979 Ἀναντιρρήτων
3592 3904 3706 3965 οὖν
3758 3910 3852 3963 όν-

2191 4012 2309 4051 των
2325 3996 2573 4061 τούτων,
2601 3996 2743 4050 δέον
2787 3997 2961 4051 ἐστίν
2999 3995 3157 4067 ὑμᾶς
3181 3995 3702 4066 κατεσταλμένους
3745 3999 3852 4052 ὐπ-

2190 4084 2417 4158 ἁρχειν,
2466 4082 2565 4136 καί
2621 4081 2815 4153 μηδὲν
2870 4086 3163 4153 προπετές
3216 4085 3537 4153 πράσσειν.
3602 4083 3855 4153 Ἠγάγεο

2190 4186 2253 4224 τε
2310 4168 2420 4240 γὰρ
2486 4167 2629 4235 τοὺς
2679 4167 2901 4237 ἄνδρας
2939 4171 3189 4236 τούτους
3205 4204 3223 4232 ,
3265 4170 3404 4224 οὔτε
3457 4170 3813 4238 ἰεροσύλους
3830 4211 3850 4235 ,

2190 4256 2330 4311 οὔτε
2376 4252 2904 4324 βλασφημοῦντας
2952 4254 3068 4323 τὴν
3118 4253 3265 4310 θεὸν
3309 4253 3496 4323 ὑμῶν.
3565 4255 3709 4327 ’Δρα
3789 4255 3856 4309 τὸ

2191 4345 2301 4399 πᾶν
2345 4341 2576 4413 ψεῦδος·
2633 4339 2804 4395 ταῦτα
2848 4341 2905 4396 δέ
2952 4341 3090 4413 πρὸς
3133 4343 3224 4397 τὸν
3271 4343 3472 4414 δῆμον,
3538 4343 3681 4399 ὥστε
3750 4347 3852 4400 κά-

2192 4431 2403 4495 κείνους
2473 4428 2910 4501 ἐπιεικεστέρους
2974 4429 3222 4500 γενέσθαι
3256 4470 3273 4498 ,
3340 4432 3525 4507 φησιν.
3605 4435 3676 4489 Εἰ
3735 4433 3856 4504 μὲν

2192 4517 2308 4577 οὖν
2328 4518 2657 4591 Δημήτριος
2675 4519 2775 4574 καί
2797 4521 2853 4574 οἰ
2873 4520 2996 4575 σὺν
3016 4520 3176 4586 αύτῷ
3191 4521 3450 4591 τεχνῖται
3469 4522 3684 4592 έχουσι
3703 4525 3855 4593 πρός

2194 4622 2327 4663 τινα
2353 4608 2560 4676 λόγον,
2588 4606 2855 4677 ἀγοραῖοι
2878 4606 3146 4678 ἄγονται,
3176 4608 3275 4663 καί
3304 4610 3637 4667 ἀνθύπατοί
3657 4615 3848 4667 εἰσιν·

2196 4692 2345 4767 [ειο]
2367 4693 2813 4763 ἐγκαλείτωσαν
2845 4694 3166 4762 ἀλλήλοις.
3194 4699 3264 4752 Εἰ
3287 4697 3356 4753 δέ
3388 4715 3444 4752 τι
3474 4700 3857 4769 περὶέτέρων

2190 4778 2514 4848 ἐπιζητεῖτε
2530 4821 2546 4846 ,
2574 4780 2644 4835 ἐν
2679 4780 2758 4850 τῇ
2795 4780 3027 4851 ἐννόμῳ
3064 4782 3365 4852 ἐκκλησίᾳ
3403 4786 3852 4854 ἐπιλυθήσεται.

2174 4866 2303 4922 Καὶ
2349 4866 2460 4936 γὰρ
2494 4865 2928 4935 κινδυνεύομεν
2971 4867 3351 4937 ἐγκαλεῖσθαι
3407 4871 3680 4940 στάσεως
3721 4874 3856 4941 περὶ

2194 4952 2305 5022 τῆς
2335 4951 2623 5024 σήμερον,
2657 4952 2920 5022 μηδενὸς
2944 4954 3138 5009 αἰτίου
3161 4955 3542 5030 ὑπαρχοντος
3562 4997 3582 5024 ,
3620 4960 3756 5028 περί
3781 4955 3857 5015 οὗ

2196 5039 2293 5112 [οὐ
2312 5038 2365 5112 ο]
2399 5039 2784 5110 δυνησόμεθα
2805 5039 3135 5097 ἀποδοῦναι
3157 5041 3343 5111 λόγον
3371 5043 3484 5113 τῆς
3502 5044 3862 5115 συστροφῆς

2195 5126 2438 5194 ταύτης.
2479 5125 2591 5183 Kal
2612 5125 2800 5182 ταῦτα
2825 5126 3033 5194 εἰπὼν,
3055 5128 3329 5184 ἀπέλυσε
3347 5131 3465 5199 τὴν
3494 5131 3856 5201 ἐκκλησίαν.

2198 5211 2462 5285 Ἔννομον
2499 5212 2815 5284 ἐκκλησίαν,
2861 5215 3027 5285 φησὶ,
3058 5214 3192 5269 διότι
3236 5219 3384 5288 τρεῖς
3415 5217 3706 5287 ἐκκλησίαι
3743 5219 3865 5287 ἐγί-

2194 5319 2348 5357 νοντο
2375 5302 2515 5356 κατὰ
2548 5303 2712 5373 νόμον
2740 5303 2862 5356 καθ’
2886 5304 3118 5358 ἐκαστον
3154 5305 3329 5377 μῆνας
3355 5305 3494 5374 αῦτη
3516 5306 3571 5359 δὲ
3597 5302 3666 5378 ἦν
3682 5310 3866 5378 παρά-

2194 5404 2378 5461 νομος.
2399 5386 2534 5443 Εἶτα
2565 5389 2660 5442 καὶ
2685 5389 2952 5460 ἐφόϐησεν
2974 5392 3171 5455 αὐτοὺς
3197 5391 3389 5447 εἰπών·
3415 5396 3867 5463 Κινδυνεύομεν

2193 5476 2571 5547 ἐγκαλεῖσθαι
2616 5477 2911 5545 στάσεως.
2946 5477 3087 5530 Ἀλλ’
3120 5478 3317 5550 ἴδωμεν
3359 5479 3565 5535 ἀνωθεν
3590 5482 3658 5534 τὰ
3707 5484 3868 5553 εἰρη-

2199 5564 2353 5633 μένα.
2390 5564 2486 5630 Ὠς
2505 5561 2573 5616 δὲ
2592 5563 2904 5633 ἐπληρώθη
2931 5565 3135 5630 ταῦτα,
3160 5566 3346 5636 φησὶν,
3375 5569 3540 5623 ἔθετο
3561 5571 3595 5622 ό
3616 5568 3864 5634 Παῦλος

2193 5646 2265 5699 ἐν
2320 5646 2400 5711 τῷ
2457 5648 2748 5716 Πνεύματι
2772 5685 2787 5710 ,
2851 5648 3104 5702 διελθὼν
3163 5649 3278 5719 τὴν
3327 5649 3701 5704 Μακεδονίαν
3756 5649 3866 5705 καὶ

2260 5878 2288 5916 1³
2322 5877 2537 5947 Ἐπίασιν
2558 5879 2622 5947 ως
2641 5878 3075 5947 igeoylegn.
3093 5942 3124 5947 __
3143 5883 3167 5912 ⁸³
3194 5881 3329 5933 Edili
3353 5886 3406 5932 el
3425 5893 3540 5931 mss.
3565 5882 3672 5947 περί
3693 5882 3749 5934 οὗ
3769 5881 3849 5940 οὗ.

2197 5940 2415 6002 quamvis
2439 5940 2635 6000 negatio
2654 5940 2703 5987 in
2727 5939 2896 5989 Bibliis
2918 5941 3060 5992 absit.
3092 5942 3222 5993 Εοιτ.
