4148 6152
432 386 530 442 ‘29?

431 501 517 558 25.
553 500 689 565 Quos
716 507 1013 558 convocans,
1041 499 1083 545 ct
1115 503 1196 543 eos
1242 488 1327 556 qui
1370 483 1658 556 hujusmodi
1683 489 1822 536 erant
1847 479 1998 549 api/i-

431 611 532 658 ces,
585 591 753 647 dixit:
791 588 916 653 Viri,
964 584 1102 640 scitis
1139 583 1256 652 quia
1287 596 1350 634 ea:
1381 579 1472 632 hoc
1501 576 1714 644 artiﬁcio
1752 582 1824 628 est
1861 571 2004 626 nobis

433 693 646 752 maestus
683 696 702 734 :
735 679 824 734 26.
872 687 916 730 et
957 674 1132 728 ridetis
1176 682 1222 726 et
1272 670 1496 730 auditis,
1543 666 1660 735 quia
1703 680 1804 718 non
1843 662 2004 716 solum

436 773 638 843 Ephesi,
662 771 750 824 sed
773 770 924 823 etiattt
953 764 1055 838 fere
1082 765 1234 818 totius
1271 761 1424 823 Λείαν,
1460 756 1655 811 Paulus
1680 755 1760 809 hic
1790 755 2006 808 suadens

429 865 602 918 avertit
633 863 828 916 turbam
855 859 1080 920 multum,
1114 856 1282 908 dicens
1310 866 1327 905 :
1361 851 1480 905 Non
1515 857 1630 904 sunt
1648 848 1740 910 dii,
1771 853 1857 916 qui
1896 861 1977 896 ma

430 955 570 1008 nibus
596 952 831 1006 humanis
870 951 1017 1019 ﬁunt.
1054 947 1144 1000 27.
1191 944 1311 998 Non
1351 943 1511 996 solum
1541 950 1702 993 autem
1732 939 1838 991 hare
1874 938 1998 1006 peri-

430 1043 683 1097 clitabitur
709 1041 851 1094 nobis
877 1056 1016 1110 pan,
1046 1054 1108 1091 ne
1131 1037 1186 1091 in
1215 1033 1610 1106 confutationem
1639 1031 1824 1093 veniat,
1856 1027 1943 1082 sed
1962 1036 2007 1079 et

431 1149 492 1188 ue
523 1147 722 1204 magna:
756 1132 865 1184 dea:
908 1129 1086 1181 Dianae
1124 1125 1360 1196 templum
1401 1138 1493 1192 pro
1533 1120 1692 1175 nihilo
1730 1126 2004 1187 reputetur,

432 1227 808 1292 destrueturque
843 1220 1082 1289 majestas
1106 1217 1234 1286 ejus,
1258 1231 1408 1282 quam
1432 1223 1537 1266 tota
1563 1212 1685 1266 Asia
1708 1220 1754 1266 et
1775 1209 1906 1263 orbis
1931 1224 2008 1261 co-

431 1316 510 1370 lit.
539 1312 774 1378 Faciens,
796 1311 984 1381 inquit,
1006 1307 1138 1363 cedes
1157 1316 1416 1375 argenteas
1441 1304 1640 1357 Biante.
1661 1302 1726 1356 Et
1741 1302 2008 1370 quomodo

433 1413 658 1475 possunt
710 1402 854 1457 :edes
896 1408 1164 1470 argenteae
1214 1395 1371 1451 ﬁeri?
1415 1394 1578 1449 Forte
1616 1393 1768 1462 quasi
1806 1391 2006 1445 ciboria

434 1511 594 1566 parva
620 1513 633 1548 :
665 1508 884 1565 magnus
913 1492 1052 1546 enim
1091 1491 1188 1558 ipsi
1220 1488 1392 1542 honor
1420 1494 1538 1540 erat
1567 1483 1784 1553 Ephesi,
1816 1483 1901 1538 ubi
1947 1482 2010 1535 il-

436 1588 605 1642 lorum
632 1587 849 1641 incenso
878 1583 1075 1651 templo
1101 1583 1172 1636 ita
1204 1579 1446 1643 doluere,
1474 1585 1531 1631 ut
1555 1591 1624 1632 ne
1653 1590 1846 1630 nomen
1887 1574 2005 1644 qui-

435 1676 554 1730 dem
581 1675 718 1744 ejus,
764 1674 853 1744 qui
896 1671 1269 1736 snccenderat,
1314 1667 1539 1738 proferri
1571 1667 1842 1736 juberent.
1877 1663 2010 1720 Vide

435 1765 628 1835 ubique
654 1763 1008 1818 idololatriam
1039 1777 1068 1816 a
1101 1760 1344 1831 pecuniis
1371 1768 1640 1814 constare.
1673 1756 1740 1810 Et
1782 1754 1858 1809 illi
1887 1770 2010 1823 pre-

435 1867 553 1927 pter
595 1857 866 1928 pecunias,
919 1863 974 1909 et
1011 1854 1098 1910 hic
1136 1863 1357 1924 pr0pter
1402 1849 1693 1920 pecunias:
1725 1863 1830 1902 non
1857 1847 2008 1916 quasi

438 1948 688 2016 religione
735 1946 1104 2016 periclitante,
1153 1943 1246 1999 sed
1291 1942 1441 2012 quasi
1481 1948 1685 2010 quaestu
1732 1937 2007 1992 materiam

439 2055 542 2093 non
572 2039 818 2093 habente.
863 2038 929 2092 Et
979 2035 1248 2108 perpende
1292 2034 1390 2088 viri
1434 2032 1838 2102 malignitatem.
1868 2028 2011 2098 Opu-

439 2132 612 2186 lentus
655 2131 745 2185 ille
773 2139 909 2196 eral,
940 2139 994 2184 et
1022 2128 1148 2183 hinc
1176 2127 1250 2182 illi
1285 2143 1388 2181 non
1421 2134 1620 2180 tantum
1649 2124 1900 2178 damnum
1933 2122 2014 2176 fn-

441 2230 616 2274 turum
643 2228 794 2285 erat;
839 2219 942 2273 illis
982 2233 1133 2280 vero,
1179 2225 1366 2287 utpote
1410 2215 1732 2286 pauperibus
1759 2213 2008 2277 multum,

441 2311 530 2382 qui
558 2309 750 2365 diurno
787 2317 993 2381 quatstu
1032 2309 1229 2364 vietum
1265 2309 1535 2379 pararent.
1566 2307 1815 2361 Attamen
1850 2304 1903 2358 hi
1936 2303 2019 2357 ni-

443 2402 516 2457 hil
567 2401 770 2468 dicunt,
822 2401 921 2456 sed
967 2401 1058 2456 ille
1100 2408 1302 2454 tantum
1335 2415 1350 2451 :
1383 2400 1516 2453 artis
1547 2412 1674 2454 vero
1717 2395 1850 2452 socii
1891 2409 2012 2449 cum

441 2499 661 2559 essent,
708 2491 964 2546 tumultus
1007 2498 1284 2545 consortes
1322 2489 1568 2544 assumit.
1616 2485 1816 2542 Deinde
1853 2485 2014 2540 etiam

444 2581 733 2652 periculum
761 2583 1120 2652 exaggeravit,
1151 2579 1332 2634 dicens
1356 2597 1369 2633 :
1397 2577 1524 2632 Ha'c
1545 2577 1855 2647 periclitatur
1876 2573 2018 2628 nobis

443 2690 582 2743 pars,
624 2689 686 2728 ne
712 2674 766 2726 in
800 2673 1196 2743 confutationem
1237 2670 1448 2724 incidat.
1494 2669 1604 2722 Hoc
1631 2667 1772 2722 enim
1804 2664 1915 2719 fere
1940 2664 2016 2718 si-

445 2761 693 2831 gniﬁcat:
721 2762 802 2817 Ab
830 2762 928 2816 hac
968 2770 1082 2816 arte
1104 2761 1164 2815 in
1206 2759 1398 2813 l'atnem
1429 2756 1603 2812 delabi
1637 2753 2014 2825 periclitamur.

446 2853 602 2922 Atqui
634 2861 882 2921 poterant
926 2851 1065 2906 dicta
1097 2851 1188 2905 illa
1216 2851 1361 2919 ipsos
1405 2847 1472 2902 ad
1507 2847 1659 2916 piam
1707 2844 2020 2914 religionem

447 2944 710 2998 adducere
734 2958 750 3008 ;
782 2941 877 2996 sed
909 2941 1089 2996 miseri
1118 2955 1181 2994 ae
1207 2941 1340 2993 viles
1365 2954 1486 2993 cum
1513 2945 1713 3002 essent,
1745 2939 2022 3005 insurgunt

449 3036 636 3107 magis,
669 3049 768 3089 nec
794 3034 1048 3103 cogitant,
1077 3033 1120 3087 si
1152 3031 1239 3086 hic
1268 3031 1428 3084 homo
1456 3029 1576 3083 talia
1614 3031 1799 3099 possit,
1830 3037 1887 3083 ut
1910 3043 2024 3082 om-

450 3141 545 3180 nes
574 3131 855 3178 convertat
880 3131 933 3176 ct
972 3121 1044 3176 dii
1083 3122 1468 3192 periclitentur,
1498 3128 1730 3188 quantus
1771 3118 1840 3174 sit
1883 3119 2038 3174 illius

451 3217 594 3270 Deus
627 3232 642 3268 :
671 3224 726 3269 ct
752 3213 892 3284 quod
921 3213 1088 3269 multo
1115 3214 1281 3283 magis
1309 3215 1424 3283 ipse
1449 3212 1604 3267 nobis
1626 3212 1712 3266 illa
1741 3211 1904 3276 dabit,
1929 3226 2024 3280 pro

451 3307 644 3376 quibus
686 3308 952 3361 timemus.
1000 3306 1116 3362 Jnm
1161 3313 1627 3376 prmoccupaverat
1663 3303 1872 3358 illorum
1911 3303 2024 3357 ani-

452 3413 569 3452 nios
595 3438 611 3464 ,
656 3397 882 3452 dicens:
932 3395 1052 3451 Non
1107 3406 1223 3450 sunt
1270 3397 1376 3462 dii,
1407 3397 1493 3467 qui
1521 3396 1749 3450 manibus
1790 3397 2024 3450 humanis

451 3489 604 3556 ﬁunt.
640 3486 770 3542 Vide
819 3501 915 3556 pro
953 3502 1052 3557 qua
1092 3502 1150 3542 re
1197 3487 1537 3557 indignentur
1583 3487 1811 3558 gentiles
1849 3505 1864 3542 :
1903 3489 2024 3557 quia

456 3578 708 3632 dixerat:
736 3576 835 3644 Qui
863 3578 924 3634 ab
951 3577 1235 3632 hominibus
1280 3578 1401 3648 [acti
1452 3586 1588 3644 sunt,
1635 3594 1735 3630 natt
1769 3585 1885 3630 sunt
1931 3576 2022 3630 dii.

455 3667 663 3736 Ubique
691 3667 742 3721 in
771 3681 941 3722 artem
983 3682 1286 3722 sermonem
1317 3667 1600 3722 convertit.
1646 3667 1846 3721 Deinde
1885 3666 2026 3736 quod

455 3761 684 3814 maxime
715 3761 766 3814 in
797 3764 1049 3830 angorem
1080 3760 1346 3829 conjicere
1373 3766 1600 3829 poterat,
1627 3759 1774 3824 dicit,
1808 3756 1928 3812 Non
1946 3774 2028 3812 so-

457 3849 562 3902 lunt
587 3850 693 3904 htec
713 3866 832 3920 pars
861 3851 1212 3918 periclitatur;
1240 3849 1292 3903 id
1323 3858 1425 3913 est,
1455 3849 1682 3903 aliorum
1708 3849 1862 3903 nobis
1885 3847 2028 3903 nulla

457 3957 582 3995 cura
605 3951 706 4007 est,
738 3941 830 3996 se‘l
858 3941 998 4011 quod
1043 3957 1246 4010 magna:
1272 3940 1388 3996 deae
1430 3941 1608 3996 Diana:
1640 3941 1893 4010 templum
1931 3941 2029 3997 de-

458 4033 590 4087 strui
623 4033 972 4102 periclitetur.
1007 4032 1205 4087 Dcinde
1227 4048 1294 4087 ne
1318 4032 1558 4088 videatur
1582 4033 1710 4087 lucri
1735 4048 1893 4088 causa
1918 4033 2032 4087 haec

458 4123 656 4190 dicere,
688 4123 808 4178 vide
828 4123 954 4192 quid
973 4122 1131 4177 addat
1156 4142 1169 4177 :
1191 4123 1354 4190 Quam
1379 4123 1512 4177 orbis
1532 4125 1670 4177 colit.
1697 4123 1883 4178 Viden’
1903 4139 2032 4193 quo-

461 4213 620 4267 modo
645 4213 898 4282 majorem
915 4213 1160 4269 ostendat
1179 4214 1328 4268 Pauli
1346 4215 1616 4280 virtutem,
1634 4229 1820 4268 omnes
1840 4230 2035 4267 ternm-

460 4319 623 4360 nosos
645 4315 702 4359 et
751 4306 975 4360 miseros
1001 4306 1120 4360 illos
1160 4306 1468 4371 ostendens,
1512 4307 1558 4360 si
1585 4304 1746 4359 homo
1776 4305 1957 4374 pulsus
1982 4313 2036 4358 et

463 4396 814 4451 tentoriorum
840 4397 1030 4450 artifex
1059 4396 1180 4449 talia
1213 4397 1426 4465 potest?
1467 4395 1598 4449 Vide
1629 4395 1932 4450 testimonia
1967 4393 2036 4448 de

461 4488 720 4558 apostolis
744 4488 812 4542 ab
838 4489 968 4558 ipsis
997 4488 1226 4542 inimicis
1255 4487 1482 4542 reddita.
1519 4487 1628 4542 lllie
1654 4486 1867 4556 quidem
1887 4486 2034 4539 dice-

461 4580 590 4635 baut
615 4597 629 4632 :
658 4579 789 4633 Ecce
811 4580 1028 4650 impletis
1049 4578 1333 4633 Jerusalem
1358 4577 1589 4630 doctrina
1615 4587 1775 4630 vestra
1797 4576 1935 4645 (Act.
1975 4577 2032 4631 5.

462 4670 588 4740 28);
615 4670 718 4734 hic,
751 4669 1000 4723 Futurum
1029 4679 1122 4735 est,
1149 4679 1203 4721 ut
1229 4668 1520 4722 destruatur
1543 4667 1728 4721 Diana:
1754 4669 1990 4738 majestas
2021 4682 2038 4721 :

467 4771 593 4815 tunc
616 4761 924 4822 audiebant,
955 4761 1057 4828 Qui
1085 4761 1427 4815 subuerterant
1457 4759 1626 4813 orbem
1655 4767 1923 4822 terrarum,
1958 4757 2039 4810 hic

465 4855 650 4909 adsunt
681 4853 842 4924 (ibid.
875 4855 962 4908 17.
1015 4857 1112 4923 6);
1165 4868 1326 4919 nunc,
1375 4852 1698 4906 Periclitatur
1744 4852 1886 4905 nobis
1934 4850 2041 4904 lucc

468 4963 588 5015 pars
609 4947 662 4998 in
693 4946 1079 5016 confutationem
1105 4947 1288 5000 venire.
1320 4945 1410 5001 Sic
1435 4943 1604 5000 Judaei
1634 4943 1701 4998 de
1717 4943 1937 4998 Christo
1956 4942 2042 4996 di-

467 5036 705 5090 ccbant:
745 5035 920 5090 Videte
960 5037 1093 5105 quod
1141 5038 1359 5090 mundus
1410 5045 1520 5105 post
1562 5036 1728 5106 ipsum
1752 5033 1933 5100 vadat;
1963 5043 2038 5099 et,

482 5127 686 5181 Venient
711 5127 946 5186 Romani.
967 5138 1013 5181 et
1033 5127 1205 5180 tollent
1225 5137 1444 5180 nostram
1473 5127 1716 5180 civitatem
1747 5125 1925 5194 (Joan.
1955 5127 2039 5181 η.

473 5219 562 5276 19.
585 5230 634 5273 et
665 5221 750 5274 Η.
782 5219 896 5291 48).
931 5218 1029 5274 llis
1056 5229 1219 5272 autent
1246 5220 1454 5286 auditis,
1498 5220 1677 5290 repleti
1704 5229 1817 5273 sunt
1851 5223 2040 5289 furore.

472 5309 628 5366 Unde
651 5309 799 5364 furor
824 5310 954 5365 ille?
979 5307 1199 5374 Quando
1224 5307 1289 5362 de
1317 5308 1478 5362 Diana
1499 5309 1798 5372 audierunt,
1831 5310 2046 5378 quando

473 5400 542 5454 de
574 5400 703 5454 lucri
725 5399 952 5470 jactura.
982 5398 1128 5454 Talis
1157 5397 1295 5452 enim
1340 5397 1629 5452 forensium
1667 5413 1784 5452 mos
1811 5409 1914 5464 est,
1941 5397 2044 5451 levi

474 5489 542 5543 de
567 5504 725 5546 causa
752 5491 921 5560 abripi
950 5499 1002 5545 et
1031 5488 1271 5544 accendt.
1300 5487 1500 5542 Idcirco
1519 5503 1637 5542 cum
1659 5488 1906 5543 examine
1932 5504 2047 5543 om-

478 5582 566 5636 nia
609 5593 734 5638 sunt
779 5583 1005 5653 agenda.
1039 5582 1170 5637 Vide
1212 5589 1390 5636 autem
1416 5595 1572 5650 quam
1601 5579 1926 5650 (lespiciendi
1953 5596 2045 5635 (ξς-τ

479 5683 619 5738 sent,
643 5674 730 5744 qtti
757 5675 824 5730 ab
841 5676 1094 5731 omnibus“
1110 5681 1594 5730 commoverentur.
1620 5674 1710 5730 28.
1741 5672 1840 5728 His
1863 5674 2048 5728 auditis

481 5763 656 5833 repleti
680 5775 794 5821 sunt
821 5765 920 5835 ira,
945 5774 992 5821 et
1011 5765 1432 5834 exclamaverunt,
1463 5762 1654 5836 Magna
1678 5763 1845 5819 Diana
1876 5763 2046 5837 Ephe-

1422 365 1484 424 IN
1529 364 1700 423 ACTA
1747 358 2262 418 APUSTOLORUM.
2307 354 2529 411 ηολιιι..
2575 353 2726 410 XLll.

3576 359 3678 412 298

2105 477 2326 530 siorttm!
2343 474 2432 528 9.9.
2463 472 2524 526 Et
2553 473 2756 540 impleta
2781 481 2849 524 est
2888 472 3060 528 civitas
3088 474 3427 552 confusione:
3453 487 3498 529 ct
3524 478 3680 544 impe-

2107 579 2208 621 tum
2239 570 2459 636 fecerunt
2487 582 2585 618 uno
2612 565 2779 617 animo
2804 563 2853 615 in
2876 564 3145 620 theatrum.
3170 565 3337 636 Ilaplo
3363 575 3532 620 autem
3553 566 3682 620 Gaio

2107 671 2151 711 et
2175 658 2463 711 Aristarcho
2496 655 2873 722 Macedonibus,
2930 653 3082 708 Pauli
3109 656 3392 722 comitibus,
3421 666 3684 710 traxerunt

2107 755 2242 801 :tios.

2175 838 2228 891 2.
2250 839 2377 893 Sine
2405 853 2562 893 causa
2582 853 2766 894 rursus
2793 839 3046 893 invadunt
3067 840 3200 893 sicut
3217 839 3463 895 Iasonem
3485 840 3680 906 Jndzei,

2109 938 2161 981 ct
2189 930 2379 998 ubique
2396 939 2518 984 sunt
2544 932 2710 1000 parati
2738 947 2752 985 :
2783 932 2850 984 ita
2876 932 3071 984 nullam
3097 931 3180 984 vel
3211 931 3398 1000 gloria:
3425 932 3508 986 vel
3532 932 3687 986 fama:

2112 1021 2370 1074 rationein
2403 1021 2689 1075 ltabcbant.
2724 1022 2813 1077 50.
2865 1021 3030 1074 Paulo
3063 1033 3228 1075 autent
3277 1021 3470 1076 volente
3497 1023 3688 1075 intrare

2110 1112 2163 1164 in
2201 1115 2464 1180 populum,
2515 1130 2616 1167 non
2660 1115 2989 1183 permiserunt
3037 1114 3294 1182 discipuli.
3333 1116 3422 1169 51.
3468 1115 3687 1182 Quidam

2111 1214 2276 1257 autem
2307 1205 2369 1258 de
2390 1207 2522 1258 Asia:
2544 1206 2875 1275 principibus,
2906 1207 2993 1275 qui
3017 1217 3156 1259 erant
3186 1207 3292 1275 ejus
3319 1207 3486 1269 amici,
3533 1209 3687 1262 mise-

2110 1305 2228 1348 runt
2257 1295 2324 1348 ad
2353 1312 2463 1348 eum
2491 1308 2743 1366 rogantes,
2776 1313 2838 1350 ne
2861 1314 2913 1351 se
2931 1301 3072 1351 daret
3099 1299 3151 1350 in
3181 1300 3450 1354 theatrum.
3481 1299 3691 1371 Rogant

2111 1387 2234 1454 quia
2285 1386 2548 1441 incondita
2595 1387 2746 1441 turba
2784 1398 2919 1456 erat,
2945 1404 3061 1459 quae
3085 1405 3229 1445 casco
3272 1392 3470 1463 impetu
3510 1394 3687 1448 omnia

2111 1479 2362 1533 audebat.
2406 1480 2473 1534 Et
2512 1480 2707 1535 Paulus
2750 1480 3086 1551 obtemperat
3129 1498 3347 1553 :ncque
3391 1487 3533 1540 enim
3574 1496 3692 1540 erat

2113 1585 2264 1624 vana:
2286 1571 2469 1639 gloria:
2515 1572 2740 1640 cupidus
2783 1572 2865 1626 vel
2912 1573 3244 1628 ambitiosus.
3273 1575 3360 1629 52.
3388 1577 3491 1629 Alii
3526 1577 3691 1646 itaque

2111 1661 2257 1714 aliud
2284 1661 2567 1715 clamabant
2595 1678 2614 1716 :
2640 1673 2744 1715 erat
2765 1664 2950 1733 quippe
2965 1665 3320 1735 incompositus
3353 1679 3526 1721 cretus.
3550 1669 3692 1724 Talis

2112 1759 2197 1806 est
2218 1750 2369 1805 turba
2391 1753 2599 1820 populi:
2631 1761 2829 1808 temere
2853 1757 3106 1824 sequitur,
3128 1757 3264 1810 sicut
3291 1759 3425 1827 ignis
3453 1760 3504 1813 in
3533 1760 3694 1830 stipu-

2115 1840 2219 1894 lam
2245 1841 2502 1897 iucidens.
2532 1842 2772 1914 Plerique
2803 1856 2966 1898 autem
2999 1847 3280 1901 nesciebant
3309 1867 3398 1902 cur
3430 1855 3693 1907 convenis-

2112 1932 2343 1985 πωλῶ.
2367 1930 2442 1984 De
2459 1932 2604 1984 turba
2617 1943 2782 1986 autem
2810 1934 3134 1990 detraxerunt
3176 1938 3540 2008 Alexandrum,
3575 1961 3697 2012 pro-

2115 2023 2414 2091 pellentibus
2447 2040 2560 2076 eum
2584 2023 2801 2079 Judazis.
2835 2026 3206 2097 Propcllebant
3231 2030 3398 2087 Judaei
3425 2051 3488 2088 cx
3516 2036 3693 2090 divina

2115 2113 2534 2181 dispensatione,
2586 2123 2642 2168 ut
2693 2115 2825 2169 nihil
2868 2129 3085 2186 possent
3125 2121 3260 2176 ultra
3305 2125 3694 2182 contradicere.

2117 2205 2216 2258 llic
2246 2206 2580 2275 propellitur,
2611 2208 2860 2279 loquitur,
2894 2223 2947 2266 et
2969 2214 3094 2282 quid
3121 2214 3262 2270 dicat
3286 2217 3432 2273 andi.
3466 2219 3696 2275 Alexan-

2116 2297 2209 2350 der
2232 2307 2397 2352 autent
2426 2315 2578 2352 ntanu
2603 2301 2799 2355 silentio
2846 2304 3119 2372 postulato,
3142 2305 3337 2361 uolebat
3376 2309 3589 2365 reddere
3612 2330 3698 2366 ra-

2119 2385 2303 2439 tionem
2329 2388 2538 2457 papula.
2562 2389 2651 2443 54.
2684 2390 2842 2457 Quem
2865 2402 2919 2446 ut
2945 2377 3545 2466 coguorerunlJudoeum
3567 2418 3695 2470 esss,

2117 2490 2218 2528 vos:
2255 2478 2389 2546 facta
2428 2488 2500 2531 est
2545 2495 2646 2532 una
2687 2483 2932 2550 omnium,
2960 2487 3107 2554 quasi
3133 2487 3202 2540 ad
3227 2488 3355 2543 duas
3402 2491 3554 2547 horas
3593 2494 3700 2548 cla-

2119 2569 2363 2622 mantium
2396 2586 2415 2623 :
2458 2569 2646 2642 Magna
2685 2572 2854 2627 Diana
2896 2575 3271 2645 Ephesiorum!
3296 2581 3524 2638 Puerilis
3574 2601 3702 2642 vere

2121 2672 2276 2714 utens
2307 2675 2322 2713 :
2349 2661 2501 2729 quasi
2548 2663 2817 2728 timentes,
2856 2680 2924 2720 ne
2968 2669 3392 2738 exstingueretur
3411 2675 3587 2728 cultus
3608 2692 3702 2731 co-

2122 2765 2267 2817 rum,
2291 2751 2596 2820 frequenter
2611 2753 2932 2808 clamabant.
2960 2756 3039 2810 Ad
3067 2757 3200 2811 duos
3229 2774 3399 2814 annos
3417 2763 3521 2818 illic
3540 2765 3700 2832 sedit,

2123 2851 2179 2898 et
2207 2842 2328 2898 vide
2371 2853 2499 2913 quot
2527 2844 2702 2900 adhuc
2734 2847 2980 2916 gentiles.
3011 2849 3102 2903 55.
3130 2849 3256 2903 Cant
3290 2863 3459 2907 autem
3483 2856 3705 2912 sedasset

2125 2934 2290 2987 scriba
2337 2935 2527 3002 turbas,
2565 2936 2692 2990 dixit
2723 2952 2742 2990 :
2772 2935 2879 2991 Viri
2923 2937 3153 3009 Ephesii,
3196 2943 3309 3012 quis
3331 2955 3403 2998 est
3447 2947 3706 3003 hominum

2124 3025 2212 3094 qui
2222 3023 2766 3093 nesciat,Ephesiorunt
2784 3028 3032 3082 civitatem
3054 3046 3250 3101 magna:
3269 3031 3450 3090 Diana:
3464 3053 3571 3093 esse
3587 3056 3708 3094 neo-

2127 3131 2298 3169 coram
2334 3126 2382 3169 et
2402 3115 2629 3186 Diopetis
2653 3119 2679 3172 .’
2703 3118 2813 3174 Hoc
2839 3122 3066 3188 primunt
3098 3123 3333 3182 furorem
3363 3129 3575 3186 illorum
3603 3148 3703 3189 ex-

2127 3206 2334 3261 stinxit.
2362 3205 2432 3260 Et
2454 3205 2700 3278 Diopetis.
2734 3210 2848 3267 lloc
2873 3213 3002 3268 dicit
3024 3255 3041 3282 ,
3069 3230 3191 3272 cum
3223 3235 3330 3274 non
3372 3223 3440 3276 sit
3480 3240 3564 3279 res
3591 3242 3707 3280 nta-

2128 3297 2340 3355 nifesta.
2393 3303 2550 3358 Aliud
2591 3318 2802 3360 sacrum
2852 3307 2922 3362 ita
2964 3311 3257 3366 vocabatur
3298 3314 3548 3386 Diopetes
3579 3337 3593 3374 :
3619 3322 3708 3377 vel

2130 3392 2326 3448 idolum
2357 3394 2537 3451 Diana:
2568 3397 2816 3465 Di0petes
2846 3401 3127 3470 vocabant,
3158 3406 3300 3474 quod
3326 3424 3389 3461 ex
3417 3409 3548 3465 Jove
3577 3422 3708 3466 testa

2131 3483 2218 3535 illa
2267 3484 2482 3553 delapsa
2527 3497 2689 3553 esset,
2721 3505 2820 3544 nec
2844 3491 2911 3565 ab
2938 3493 3152 3548 homine
3199 3497 3333 3552 facta
3358 3498 3544 3555 luisset
3579 3520 3592 3556 :
3622 3503 3710 3558 γυι

2130 3575 2272 3667 aliud
2301 3577 2500 3632 idolum
2530 3579 2668 3649 apud
2713 3582 2831 3636 illos
2857 3585 2936 3639 sic
2961 3587 3270 3642 vocabatur.
3299 3591 3390 3646 '56.
3422 3591 3547 3646 Cum
3592 3613 3712 3667 ergo

2132 3665 2209 3720 Itis
2236 3667 2513 3721 contradici
2549 3685 2651 3724 non
2700 3674 2874 3740 possit,
2907 3686 3100 3743 oportet
3129 3694 3216 3731 vos
3257 3681 3457 3736 sedatos
3506 3665 3714 3750 esse,vct

2133 3757 2262 3811 nihil
2281 3769 2461 3812 temere
2481 3776 2646 3830 agere.
2681 3761 2769 3816 37.
2795 3765 3092 3820 Addas-istis
3112 3770 3244 3822 enim
3272 3772 3403 3826 viros
3445 3774 3535 3827 hos
3557 3793 3714 3846 neque

2132 3849 2423 3920 sacrilegos,
2457 3869 2614 3922 neque
2658 3853 3057 3925 blasphemautes
3101 3859 3246 3915 deam
3284 3874 3518 3921 vestram.
3549 3868 3712 3940 Atqui

2136 3949 2300 3995 t0lutn
2327 3943 2660 4004 mendacium
2677 3955 2795 4032 est:
2823 3947 2920 4002 ista
2939 3958 3115 4004 autem
3143 3952 3208 4006 ad
3230 3956 3482 4024 populum
3499 3972 3716 4030 compe-

2135 4033 2388 4088 sccndum
2413 4035 2562 4093 dixit.
2581 4038 2669 4093 58.
2717 4038 2865 4107 Quod
2889 4043 2932 4094 si
2958 4041 3243 4098 Dentetrius
3264 4087 3279 4108 .
3307 4057 3354 4101 et
3384 4050 3472 4118 qui
3505 4067 3619 4103 cum
3653 4069 3713 4106 eo

2134 4133 2250 4177 sunt
2274 4127 2512 4194 artiﬁces,
2537 4129 2719 4183 habent
2747 4132 2984 4187 adversus
3002 4135 3220 4204 aliquem
3245 4154 3473 4204 causam,
3498 4157 3714 4195 conven-

2137 4224 2216 4266 tus
2240 4216 2460 4283 forenses
2474 4226 2711 4286 aguntur,
2725 4229 2771 4272 et
2797 4225 3119 4288 proconsules
3143 4235 3262 4278 sunt
3294 4241 3314 4279 :
3336 4240 3570 4283 accusent
3588 4232 3711 4286 invi-

2140 4318 2264 4355 cem.
2279 4303 2367 4357 ‘59.
2388 4305 2450 4359 Si
2467 4307 2591 4374 quid
2604 4318 2770 4361 autem
2796 4309 2859 4362 de
2877 4312 2991 4363 aliis
3009 4312 3153 4367 rebus
3166 4316 3410 4385 qttceritis,
3423 4320 3476 4372 itt
3491 4321 3716 4392 legitimo

2139 4397 2626 4450 convcntusoloetur.
2643 4400 2731 4454 40.
2753 4399 2890 4454 Nam
2907 4413 2953 4455 et
2979 4405 3323 4473 periclitantur
3340 4413 3489 4482 argui
3511 4416 3718 4471 seditio-

2141 4488 2218 4540 nis
2239 4488 2511 4555 hodiernae,
2530 4506 2645 4544 cum
2666 4493 2806 4547 nulla
2819 4495 2882 4547 sit
2899 4511 3069 4562 causa,
3092 4500 3225 4553 unde
3243 4503 3492 4570 possimus
3512 4507 3722 4564 reddere

2141 4581 2384 4634 rationent
2427 4582 2578 4652 hujus
2619 4585 2879 4640 tumultus.
2921 4585 2987 4641 Et
3032 4591 3108 4644 Itis
3134 4592 3281 4648 dictis
3323 4605 3503 4652 cretum
3549 4603 3718 4657 soluit.

2142 4669 2456 4740 Legitimum
2483 4687 2804 4731 conventum
2841 4678 2988 4734 dicit.
3031 4681 3163 4737 Nam
3211 4688 3505 4744 secundum
3545 4691 3714 4762 legent

2145 4772 2255 4820 tres
2309 4779 2603 4823 conventus
2650 4769 2846 4826 ﬁebant
2885 4773 3105 4844 singulis
3133 4779 3405 4835 mensibus
3434 4799 3450 4838 :
3479 4781 3565 4838 hic
3591 4801 3721 4840 vero

2144 4869 2440 4914 conventus
2488 4861 2797 4931 illegilitnus
2837 4876 2971 4920 erat.
3007 4868 3214 4924 Deinde
3255 4874 3442 4928 terruit
3485 4874 3606 4931 illos
3637 4877 3721 4931 di-

2145 4962 2272 5002 cens
2303 4966 2317 5002 :
2351 4947 2645 5004 Periculum
2689 4964 2792 5018 est,
2841 4971 2903 5029 ne
2951 4971 3244 5012 accusemur
3281 4961 3562 5017 seditionis.
3611 4964 3717 5020 Sed

2146 5040 2390 5108 superius
2416 5040 2556 5094 dicta
2585 5052 2906 5111 repetamus.
2947 5044 3044 5101 llis
3069 5049 3350 5118 completis,
3373 5052 3562 5123 inquit,
3596 5072 3721 5125 pro-

2148 5132 2312 5199 posuit
2338 5131 2537 5186 Paulus
2558 5133 2608 5186 in
2632 5133 2850 5202 Spiritu,
2876 5140 3087 5191 transitu
3117 5139 3418 5198 Macedonia
3438 5154 3484 5198 et
3503 5145 3722 5212 Achaia,

2146 5225 2220 5276 ire
2245 5221 2636 5293 Jerosolymam.
2665 5224 2776 5279 Non
2812 5226 2920 5296 jam
2954 5227 3184 5284 humana
3223 5234 3428 5289 ratione
3471 5236 3598 5305 agit,
3625 5238 3723 5292 sed

2149 5313 2481 5382 Spiritu,qno
2514 5316 2738 5371 transire
2759 5316 2998 5373 decrevit
3030 5341 3042 5372 :
3073 5321 3123 5374 id
3147 5323 3288 5376 enim
3313 5324 3412 5380 sibi
3434 5326 3544 5380 vult
3568 5327 3716 5392 illud,
3753 5344 3755 5346 ‘

2151 5401 2448 5473 Proposuit.
2476 5413 2531 5460 et
2570 5405 2658 5460 hic
2702 5418 2785 5463 est
2826 5409 3088 5468 dictorum
3132 5426 3342 5470 sensus.
3395 5415 3504 5471 Cur
3547 5428 3723 5474 autem

2150 5493 2326 5548 mittat
2371 5495 2709 5552 Timotheum
2740 5508 2794 5554 et
2837 5501 3104 5568 Erastum,
3153 5519 3259 5558 non
3303 5504 3477 5561 dicit:
3510 5509 3722 5565 videtur

2152 5594 2328 5640 autem
2373 5585 2502 5641 mihi
2546 5589 2704 5642 etiam
2750 5591 2815 5645 de
2863 5591 2966 5645 hoc
3004 5593 3128 5659 dici,
3157 5593 3226 5648 In
3250 5594 3470 5666 Spiritu.
3509 5598 3726 5672 Propter

2151 5678 2285 5745 quod
2325 5695 2427 5734 non
2468 5682 2777 5738 sustinentes”
2801 5686 3040 5754 amplius,
3065 5687 3256 5757 placuit
3293 5691 3434 5747 nobis
3472 5709 3725 5751 remanere

2156 5768 2384 5842 Athenis,
2414 5773 2533 5830 solis
2559 5774 2637 5845 (Ι.
2676 5773 2849 5832 Thess.
2884 5778 2936 5833 5.
2974 5780 3046 5852 l).
3083 5779 3150 5837 Et
3195 5781 3334 5852 vide,
3365 5783 3498 5845 duos
3527 5802 3595 5846 ex
3623 5790 3723 5846 nti-
