4086 6164
438 301 542 358 299

441 410 629 469 nistris
656 411 767 468 suis
794 409 961 476 misit,
979 415 1039 463 ut
1062 416 1116 465 et
1144 408 1429 464 adventum
1455 422 1608 463 suum
1638 407 2016 462 annuntiarent

439 515 496 560 et
514 504 868 574 promptiores
883 502 1002 557 illos
1030 500 1348 557 redderem.
1371 500 1596 555 Maxime
1614 501 1665 553 in
1691 499 1814 553 Asia
1831 513 2015 553 versa-

444 606 530 650 tur
548 612 564 654 :
583 604 641 650 et
664 594 857 649 merito
883 610 896 645 :
926 593 1035 648 illic
1050 593 1189 647 enim
1209 603 1557 661 eratmagnus
1578 590 2014 660 philosophorum

437 695 634 743 cretus.
662 686 726 741 Et
748 686 967 740 veniens
984 725 1002 751 ,
1034 699 1220 740 rursus
1246 685 1365 740 illos
1385 684 1754 754 alloquebatur
1783 702 1797 738 :
1824 698 2014 754 magna

439 779 635 850 quippe
661 777 769 832 illic
792 786 908 832 erat
927 777 1255 848 superstitio.
1298 776 1584 832 Demetrius
1612 779 1749 831 enim
1783 778 2010 847 quidam,

435 868 632 940 inquit,
661 867 977 936 argentarius
1000 866 1220 920 collectis
1246 866 1392 920 istius
1412 867 1535 920 artis
1554 866 1822 934 opiﬁcibus
1850 867 1979 919 dixit
1997 881 2017 920 :

448 959 579 1028 Viri,
605 959 749 1014 scitis
777 968 823 1012 et
845 957 1022 1012 uidetis
1045 968 1096 1011 et
1123 956 1346 1021 auditis;
1382 956 1453 1010 ita
1491 955 1831 1011 manifestum
1882 952 2014 1009 illud

437 1058 554 1105 erat
584 1064 600 1101 :
627 1047 765 1117 quod
790 1047 872 1100 hic
906 1044 1101 1100 Paulus
1132 1045 1350 1101 suadens
1389 1045 1623 1101 subuertit
1668 1047 1882 1100 multam
1907 1054 2015 1098 tur-

438 1142 571 1193 bam.
597 1137 777 1207 Itaque
797 1151 902 1191 non
926 1136 1208 1203 violenter,
1233 1138 1277 1190 si
1300 1135 1468 1191 suasit
1495 1154 1510 1192 :
1543 1137 1615 1191 ita
1647 1134 2019 1206 persuadenda‘

437 1228 627 1283 civitas
651 1235 752 1283 est.
783 1226 983 1282 Deinde
1012 1225 1227 1281 adducit
1265 1226 1339 1290 id,
1368 1226 1509 1296 quod
1552 1227 1669 1280 illos
1695 1224 2010 1280 mordebat:

440 1317 591 1385 Quod
611 1333 712 1371 non
740 1324 854 1370 sunt
874 1316 967 1382 dii,
989 1317 1074 1386 qui
1095 1316 1324 1370 manibus
1344 1316 1576 1370 humanis
1602 1316 1749 1385 ﬁunt.
1772 1316 1909 1383 Quid
1931 1326 2013 1372 est

440 1407 577 1463 hoc?
601 1406 891 1471 Subvertit,
919 1405 1111 1475 inquit,
1135 1415 1304 1461 artem
1331 1412 1593 1460 nostram.
1615 1405 1693 1460 Ne
1714 1422 1842 1461 vero
1865 1406 2012 1477 cogi-

437 1508 613 1556 tarent
638 1510 693 1555 et
718 1499 976 1565 dicerent,
1009 1497 1149 1568 quod
1196 1497 1348 1553 solus
1375 1496 1536 1552 homo
1581 1497 1704 1553 talia
1728 1498 1929 1568 possit;
1955 1506 2011 1554 et

435 1592 599 1662 quod,
629 1592 674 1647 si
699 1600 905 1646 tantum
928 1590 1117 1662 possit.
1142 1590 1217 1645 illi
1245 1590 1467 1660 obsequi
1483 1598 1728 1659 oporteat
1745 1607 1760 1644 :
1780 1589 2005 1647 addidit:

439 1683 604 1749 Quam
646 1691 749 1736 tota
777 1682 898 1737 Asia
935 1689 981 1734 et
1019 1679 1151 1735 orbis
1176 1680 1313 1734 colit.
1346 1679 1545 1735 Vocem
1575 1694 1723 1735 suam
1750 1680 2009 1749 putabant

431 1775 612 1831 divino
651 1775 872 1844 Spiritui
899 1774 1222 1839 obtuturam,
1259 1787 1382 1828 cum
1413 1771 1587 1829 Graeci
1627 1773 1777 1843 pueri
1802 1780 2003 1829 essent.

431 1869 508 1923 Ex
539 1868 660 1934 hoc,
691 1868 879 1938 inquit,
921 1866 1134 1937 opiﬁcio
1171 1866 1461 1921 lucramur.
1492 1866 1559 1921 Et
1586 1865 1632 1920 si
1660 1879 1727 1921 ex
1754 1865 1857 1921 hoc
1885 1865 2004 1935 opi-

429 1958 551 2013 licio
578 1957 731 2012 vobis
773 1957 978 2012 lucrum
1004 1958 1096 2023 sit,
1126 1956 1398 2027 quomodo
1442 1955 1605 2011 homo
1623 1955 1748 2010 vilis
1773 1955 2003 2011 suadere

427 2049 633 2119 potuit?
659 2048 926 2119 quomodo
952 2057 1112 2103 tanta:
1135 2046 1507 2103 consuetudini
1534 2047 1813 2116 praevaluit
1832 2047 1855 2101 τ
1874 2046 2002 2117 quid

426 2141 571 2206 fecit,
602 2140 727 2210 quid
757 2138 925 2193 dixit?
950 2138 1065 2193 Non
1092 2147 1173 2193 est
1201 2138 1374 2203 Pauli,
1415 2152 1519 2192 non
1550 2145 1632 2192 est
1656 2136 1777 2192 viri.
1807 2137 1876 2192 Et
1904 2140 2003 2194 hoc

426 2231 625 2286 sufﬁcit
648 2230 869 2295 dixisse,
902 2227 1024 2284 Non
1053 2238 1169 2284 sunt
1189 2228 1277 2282 dii.
1313 2228 1368 2284 Si
1394 2243 1520 2298 ergo
1542 2229 1611 2282 ita
1635 2226 1788 2283 facile
1808 2227 2001 2297 depre-

427 2321 683 2378 henditur
710 2320 868 2390 impia
894 2318 1107 2389 religio,
1132 2318 1242 2388 jam
1283 2318 1411 2373 olim
1440 2317 1743 2372 damnatam
1780 2326 1999 2387 oporte-

423 2413 543 2479 bat;
572 2413 618 2468 si
640 2428 769 2467 vero
790 2411 960 2465 solida
990 2411 1079 2475 sit,
1114 2424 1219 2465 non
1250 2417 1358 2463 tam
1385 2412 1491 2465 cito
1515 2407 1636 2463 tolli
1659 2417 1854 2478 potest.
1878 2408 2001 2464 Non

422 2504 574 2576 modo
602 2512 803 2570 autem,
825 2501 1014 2572 inquit,
1040 2503 1135 2555 hoc
1154 2500 1469 2571 periclitatur
1491 2499 1654 2554 nobis.
1683 2498 1842 2567 Quasi
1868 2497 1999 2568 quid

423 2595 595 2666 majus
620 2594 829 2658 dicens,
859 2592 961 2647 hoc
985 2590 1240 2647 subdidit.
1277 2590 1374 2647 His
1400 2590 1590 2644 auditis
1617 2591 1796 2662 repleti
1825 2592 2001 2661 furare

420 2685 705 2740 clamabant
746 2698 766 2737 :
806 2681 998 2752 Magna
1039 2681 1210 2735 Diana
1266 2678 1636 2751 Ephesiorum!
1676 2679 1735 2734 ln
1775 2678 1998 2750 singulis

419 2774 563 2833 enim
591 2771 895 2829 civitatibus
916 2770 988 2825 dii
1010 2769 1212 2841 proprii
1235 2777 1405 2825 erant.
1429 2770 1507 2824 Ac
1527 2770 1605 2824 sic
1624 2767 1795 2824 aﬂ'ecti
1821 2777 1994 2835 erant,

416 2864 566 2936 ψιδεὶ
591 2877 725 2919 voce
753 2875 847 2917 sua
878 2861 1077 2917 cultum
1104 2860 1222 2930 ejus
1250 2860 1609 2927 restituerent,
1637 2867 1693 2916 et
1718 2874 1836 2930 qua:
1859 2857 1996 2912 facta

417 2968 570 3015 erant
594 2956 968 3013 dissolverent.

488 3050 543 3104 ες.
571 3046 704 3102 Vide
735 3045 1060 3103 inconditam
1098 3042 1327 3098 turbam.
1361 3042 1528 3098 Paulo
1552 3051 1722 3099 autem
1744 3081 1760 3109 ,
1792 3043 1992 3115 inquit,

417 3139 612 3193 uolente
638 3137 829 3191 intrare
855 3136 907 3189 in
936 3134 1181 3204 papulum
1201 3172 1217 3200 ,
1248 3149 1350 3187 non
1377 3132 1709 3204 permiserunt
1736 3134 1990 3205 discipuli.

418 3228 617 3285 Paulus
636 3227 797 3298 igitur
817 3224 1022 3296 ingredi
1041 3223 1253 3278 volebat
1275 3222 1624 3279 concionandi
1651 3238 1810 3278 causa
1836 3243 1851 3280 :
1871 3239 1994 3295 per-

417 3318 761 3389 sequutiones
790 3317 931 3371 enim
970 3314 1036 3369 ad
1064 3313 1361 3369 doctrinam
1388 3313 1663 3383 captabat;
1705 3315 1798 3371 sed
1827 3315 1991 3372 disci-

405 3410 528 3481 puli
559 3424 663 3463 non
697 3404 1092 3477 permittebant.
1129 3403 1405 3474 Perpende
1436 3412 1634 3475 quanta
1662 3420 1787 3476 erga
1815 3407 1990 3477 ipsum

415 3514 630 3570 semper
648 3496 978 3569 providentia
997 3503 1230 3550 utantur.
1252 3496 1317 3548 Et
1337 3494 1405 3550 ab
1423 3494 1573 3549 initio
1596 3495 1769 3564 ipsum
1789 3496 1990 3553 eduxe-

414 3598 570 3656 runt,
611 3574 678 3644 ne
710 3587 925 3642 letalem
970 3585 1238 3655 acciperet
1264 3586 1467 3656 plagam
1498 3603 1513 3640 :
1540 3601 1860 3659 quamquam
1894 3604 1988 3646 au.

414 3680 640 3741 dierant,
655 3676 794 3748 quod
812 3684 1084 3747 oporteret
1098 3676 1268 3746 ipsum
1284 3677 1503 3733 Romam
1521 3678 1735 3747 videre;
1750 3688 1986 3739 attamen

411 3767 716 3841 prohibent.
745 3765 859 3821 Non
886 3766 1003 3822 sine
1029 3766 1357 3837 providentia
1381 3778 1558 3824 autem
1586 3772 1980 3841 praenuntiavit,

412 3876 483 3917 ne
506 3860 574 3917 de
595 3875 654 3916 re
677 3867 823 3932 gesta
849 3859 1209 3917 turbarentur.
1243 3855 1317 3915 Ita
1340 3861 1591 3919 nolebant
1616 3862 1764 3919 illum
1784 3863 1984 3934 ahquid

409 3952 538 4024 pati.
571 3949 639 4006 Et
666 3950 872 4020 quidam
909 3950 1192 4020 principum
1217 3950 1379 4019 Asiae,
1411 3952 1617 4023 inquit,
1643 3954 1887 4026 rogabam
1912 3957 1982 4012 it.

412 4043 540 4109 lum,
565 4061 629 4099 ne
651 4045 860 4098 intraret
881 4043 933 4096 in
964 4042 1233 4097 theatrum.
1265 4044 1574 4116 Promptum
1604 4047 1722 4116 ejus
1745 4049 1981 4112 animum

405 4134 650 4191 videntes
670 4128 1021 4190 obsecrabant
1049 4152 1064 4189 :
1088 4134 1223 4189 adeo
1242 4135 1387 4191 illum
1415 4135 1601 4193 ﬁdeles
1625 4152 1812 4195 omnes
1836 4155 1984 4195 ama-

413 4226 564 4282 bant.
612 4225 683 4281 Et
717 4239 844 4293 cur,
890 4225 1129 4296 inquies,
1169 4225 1471 4282 Alexander
1509 4228 1676 4286 voluit
1716 4233 1979 4290 rationem

407 4317 670 4374 reddere?
696 4332 822 4372 num
845 4327 899 4371 et
918 4317 1035 4387 ipse
1058 4318 1438 4375 accusabatur?
1462 4319 1528 4376 Ut
1552 4321 1762 4378 inventa
1785 4339 1981 4395 oppor-

405 4408 631 4463 tunitate
661 4416 828 4463 totum
854 4407 1208 4477 subverteret,
1233 4419 1287 4464 et
1311 4411 1489 4481 populi
1521 4410 1754 4469 furorem
1775 4416 1978 4473 exstin-

404 4507 613 4568 gueret.
663 4497 911 4553 Vidistin‘
958 4498 1191 4553 furorem
1244 4501 1670 4558 tumultuosum?
1728 4504 1870 4561 Bene
1922 4514 1978 4561 et

406 4587 727 4657 increpantis
755 4600 905 4643 more
931 4587 1104 4642 scriba
1131 4604 1147 4641 :
1173 4587 1298 4654 Quis
1328 4598 1422 4654 est,
1454 4588 1644 4660 inquit,
1674 4593 1762 4662 qui
1789 4596 1977 4651 nesciat

405 4677 745 4749 Ephesiorum
767 4676 1055 4731 civitatem?
1079 4675 1169 4732 Sic
1190 4676 1336 4742 dicit,
1365 4676 1432 4734 de
1459 4693 1564 4749 quo
1595 4681 1883 4751 timebant;
1914 4698 1977 4741 ac

402 4768 450 4823 si
474 4767 699 4831 diceret,
725 4763 914 4822 Nonne
939 4765 1115 4821 colitis
1141 4765 1323 4821 illam?
1349 4765 1533 4837 Neque
1555 4768 1707 4837 dixit,
1739 4770 1868 4839 Quis
1894 4784 1976 4833 est

401 4860 494 4931 qui
527 4872 633 4914 non
676 4857 886 4913 noverit
931 4857 1196 4912 Dianam?
1231 4857 1355 4924 sed,
1396 4858 1657 4915 Civitatem
1699 4871 1975 4932 nostram,

400 4952 521 5006 illos
544 4956 920 5020 compescens.
949 4945 1075 5004 Cum
1102 4964 1221 5020 ergo
1249 4948 1328 5004 Itis
1354 4952 1630 5006 contradici
1655 4969 1755 5008 non
1783 4955 1971 5025 possit,

398 5051 617 5114 oportet
630 5057 720 5096 vos
745 5041 943 5107 sedatos
968 5055 1092 5094 esse.
1122 5039 1198 5095 De
1224 5040 1309 5096 his
1336 5041 1638 5115 redarguit,
1664 5058 1726 5100 ac
1753 5046 1799 5102 si
1825 5046 1975 5103 dice-

400 5134 687 5201 retzuuid
716 5143 847 5200 ergo
873 5129 1146 5201 qumritis,
1186 5131 1337 5201 quasi
1372 5131 1488 5189 tunc
1518 5133 1718 5191 incerta
1756 5138 1974 5195 essent?

400 5225 576 5296 palam
607 5231 721 5290 est,
745 5220 1125 5277 contumeliam
1153 5221 1207 5276 iu
1232 5221 1386 5279 deam
1417 5224 1560 5281 illam
1586 5228 1834 5284 transire.
1869 5228 1970 5285 Re-

400 5315 611 5385 ligionis
629 5312 849 5370 obtentu
865 5310 1069 5367 lucrum
1085 5326 1238 5368 suum
1258 5311 1470 5372 ﬁrmare
1484 5317 1748 5381 volebant.
1769 5321 1972 5378 Deinde

399 5405 592 5460 leniter
611 5402 917 5475 perstringit
939 5417 1066 5469 eos;
1099 5403 1388 5463 ostendens
1408 5406 1528 5463 illos
1545 5408 1746 5481 absque
1766 5413 1973 5469 ratione

397 5489 734 5549 convenisse.
763 5489 834 5546 Et
857 5493 1006 5559 nihil,
1038 5493 1230 5565 inquit,
1266 5502 1448 5552 temere
1473 5514 1640 5569 agere.
1668 5499 1970 5559 Ostendens

400 5597 497 5639 eos
517 5583 811 5653 petulanter
836 5586 1029 5656 egisse,
1063 5585 1165 5641 hoc
1192 5586 1343 5645 dixit.
1373 5587 1522 5658 Quod
1539 5591 1583 5644 si
1611 5589 1897 5653 Demetrius
1921 5602 1969 5649 et

397 5672 486 5743 qui
513 5687 628 5727 cum
643 5687 702 5728 eo
721 5687 863 5743 sunt,
889 5677 1070 5732 habent
1094 5679 1332 5735 adversus
1358 5680 1574 5753 aliquem
1594 5698 1821 5753 causam,
1847 5699 1967 5756 pro-

1153 294 1207 351 S.
1243 292 1520 351 JOANNIS
1566 289 2038 349 CHRYSOS’I‘OMI
2087 291 2402 349 ARCHIEP.
2441 290 2968 350 CONSTANTINOP.

3592 293 3697 351 500

2118 405 2349 461 consules
2381 415 2518 461 sunt.
2549 405 2660 461 llac
2701 407 2771 461 de
2820 422 2881 463 re
2927 406 3140 479 culpat,
3170 415 3227 462 et
3252 405 3546 462 ostendens
3586 422 3695 463 non

2118 506 2369 567 oportere
2389 498 2718 568 privatorum
2738 498 3021 562 criminum
3040 513 3200 553 causa
3218 512 3558 554 communem
3582 502 3697 557 tieri

2117 594 2459 643 conventum.
2490 585 2630 641 Nam
2654 587 2937 656 periculum
2959 597 3052 654 est,
3084 588 3274 658 inquit,
3294 604 3358 642 ne
3381 603 3696 645 accusemur.

2120 676 2231 733 Hac
2256 693 2315 734 re
2344 679 2463 733 illos
2482 677 2537 733 in
2562 679 2832 749 angustias
2854 678 3092 748 conjicit.
3115 678 3243 733 Cum
3261 678 3404 734 malta
3429 681 3495 735 sit
3515 697 3696 748 causa,

2119 770 2287 839 inquit
2304 810 2320 834 ,
2363 769 2428 824 de
2461 786 2560 840 qua
2581 771 2835 839 possimus
2864 771 3016 840 hujus
3042 772 3284 827 tumultus
3307 771 3555 829 rationem
3580 773 3697 827 red-

2118 861 2256 915 dere.
2295 861 2429 916 Vide
2474 876 2629 931 quam
2681 861 2971 932 prudenter
3014 862 3098 918 vel
3146 861 3387 919 inﬁdeles
3432 864 3696 918 rationem

2118 950 2365 1016 reddant,
2407 961 2463 1006 et
2500 967 2660 1022 quam
2689 954 2978 1022 sapienter.
3025 954 3115 1009 Sic
3152 955 3389 1013 iuret-em
3416 955 3693 1014 exstittsit.

2120 1038 2188 1095 lit
2206 1046 2348 1099 enim
2368 1040 2526 1097 facile
2546 1044 2875 1109 accenditur,
2895 1043 3117 1114 perinde
3138 1044 3291 1100 facile
3314 1046 3688 1114 exstinguitur.

2118 1127 2187 1185 Et
2229 1131 2307 1185 his
2348 1132 2494 1186 dictis
2536 1142 2715 1193 coetum
2742 1133 2908 1188 solvit.
2950 1133 3137 1190 Viden’
3163 1135 3332 1191 Deum
3372 1137 3694 1196 mutationes

2121 1221 2450 1288 permittere,
2482 1238 2545 1278 ac
2571 1239 2666 1293 per
2693 1225 2809 1278 illas
2844 1224 3137 1293 discipulos
3158 1225 3397 1281 excitare
3420 1235 3477 1280 et
3506 1226 3694 1297 vigilas

2114 1313 2374 1381 reddere,
2414 1331 2478 1372 ac
2521 1315 2870 1374 ferventiores
2912 1316 3160 1373 efﬁcere?
3186 1317 3265 1372 Ne
3287 1333 3417 1389 ergo
3443 1319 3691 1375 concida-

2114 1417 2233 1458 mus
2260 1403 2312 1459 in
2345 1407 2729 1463 tentationibus
2754 1424 2767 1460 :
2792 1408 2907 1478 ipse
2943 1421 3171 1477 namque
3200 1408 3401 1465 exitum
3427 1408 3605 1478 dabit,
3633 1417 3693 1467 ut

2112 1495 2377 1563 possimus
2404 1498 2688 1554 sustinere.

2181 1583 2440 1641 zErumua
2464 1590 2651 1645 amicos
2678 1590 2909 1644 devincit.
2932 1590 3257 1661 Comparatio
3281 1592 3465 1655 domus
3488 1594 3691 1665 πυρεῖα.

2109 1690 2223 1728 rum
2256 1693 2371 1730 cum
2415 1678 2567 1734 domo
2616 1680 3052 1739 luctum—Nihil
3094 1682 3165 1737 ita
3206 1684 3410 1740 amicos
3451 1683 3689 1744 devincit

2109 1774 2166 1821 et
2204 1769 2479 1841 conjungit
2514 1780 2573 1826 ut
2604 1787 2876 1837 aerum;
2913 1773 3044 1837 nihil
3070 1775 3159 1831 -ita
3201 1773 3434 1835 ﬁdelium
3476 1775 3686 1841 enim

2107 1861 2421 1932 constringit
2447 1872 2503 1919 et
2530 1866 2771 1937 colligat;
2814 1868 2948 1927 nihil
2979 1869 3134 1931 nobis
3161 1869 3463 1929 doctoribus
3480 1884 3685 1939 oppor—

2108 1950 2309 2016 tunius,
2340 1960 2396 2007 ut
2424 1952 2564 2009 dicta
2592 1968 2776 2011 nostra
2795 1957 3096 2015 audiantur.
3118 1959 3342 2017 Auditor
3363 1959 3509 2015 enim
3533 1968 3683 2016 tranv

2110 2040 2276 2110 quille
2301 2057 2467 2113 agens
2502 2048 2681 2102 mollis
2704 2058 2790 2104 est
2814 2057 2872 2105 et
2907 2050 3158 2119 ignavus,
3198 2060 3253 2113 et
3287 2051 3511 2109 moleste
3536 2049 3681 2109 ferre

2105 2131 2312 2188 videtur
2332 2145 2633 2203 oratorem;
2666 2138 2718 2193 in
2744 2141 3002 2197 muttinis
3024 2157 3153 2198 vero
3177 2151 3233 2201 et
3250 2140 3511 2211 angustiis
3536 2141 3682 2210 portio.

2105 2229 2207 2287 tus,
2238 2223 2290 2277 in
2314 2226 2537 2291 multum
2561 2227 2810 2286 audiendi
2830 2228 3154 2289 desiderium
3173 2230 3379 2289 incidit.
3398 2229 3534 2291 Plaut
3553 2246 3683 2289 cum

2102 2313 2314 2383 angitur
2344 2316 2576 2384 animus,
2608 2318 2841 2389 undique
2868 2320 3287 2383 consolationem
3314 2321 3541 2389 quem;
3572 2336 3684 2382 non

2105 2403 2380 2461 minimam
2426 2417 2603 2462 autem
2657 2424 2835 2466 sermo
2884 2411 3042 2469 alla-rt
3085 2412 3527 2479 consolationem.
3570 2413 3685 2473 Cu!

2102 2506 2251 2562 ergo,
2281 2494 2511 2564 inquies,
2541 2495 2714 2552 Judaei
2739 2513 2859 2553 cum
2884 2499 3264 2571 amigcrettltlt'.
3303 2516 3376 2562 ex
3408 2500 3682 2571 pusillani-

2100 2581 2288 2646 mitate
2328 2599 2434 2640 non
2479 2586 2803 2653 audiebant?
2844 2589 2976 2658 Quia
3013 2590 3184 2647 Judaei
3221 2600 3415 2659 emit.
3466 2608 3682 2664 sum

2101 2671 2394 2749 imbecilles
2412 2686 2467 2731 et
2489 2678 2668 2733 miseri
2694 2696 2708 2733 :
2730 2679 2965 2750 alioquin
2983 2696 3113 2737 vero
3128 2696 3322 2753 magna
3343 2683 3414 2743 ibi
3434 2686 3679 2755 ntignstia

2099 2773 2245 2832 erat;
2276 2766 2433 2825 nobis
2450 2777 2625 2823 autem
2645 2769 2714 2826 de
2734 2769 2987 2829 mediocri
3008 2780 3092 2827 est
3109 2787 3307 2831 sermo.
3327 2773 3462 2833 Vide
3477 2791 3675 2849 porro:
3712 2844 3715 2847 _

2099 2856 2486 2924 exspectabant
2526 2857 2602 2912 illi
2643 2858 2856 2915 liberari
2882 2876 2913 2915 a
2942 2861 3095 2917 malis
3121 2864 3474 2932 praestitibus
3492 2904 3508 2927 .
3537 2875 3592 2920 et
3619 2865 3676 2923 in

2097 2945 2342 3013 graviora
2368 2946 2646 3005 innumera
2672 2948 3012 3006 incidebant:
3037 2952 3138 3007 hoc
3164 2962 3340 3014 autem
3361 2954 3677 3015 oculariter

2095 3036 2329 3091 animum
2371 3039 2423 3092 in
2463 3054 2750 3096 maerorem
2781 3042 2959 3097 trahit.
2990 3042 3267 3103 Erucium
3296 3060 3396 3104 nos
3419 3047 3488 3105 ab
3511 3049 3677 3119 huius

2097 3127 2279 3181 mundi
2305 3127 2497 3183 all'ectu
2526 3130 2843 3187 abstrahunt
2868 3150 2881 3187 :
2903 3135 3081 3191 statim
3110 3149 3240 3195 vero
3277 3148 3503 3197 mortem
3533 3140 3674 3208 peti-

2095 3230 2246 3281 mus,
2283 3232 2381 3275 nec
2421 3233 2605 3275 sumus
2630 3222 2873 3292 corporis
2897 3232 3190 3292 amatores;
3217 3227 3358 3298 quod
3390 3239 3471 3285 est
3498 3228 3674 3300 philo-

2095 3306 2300 3376 sophiae
2324 3322 2449 3377 pars
2476 3311 2729 3380 maxima,
2755 3327 2860 3368 non
2887 3313 3124 3375 deditum
3147 3332 3246 3376 nec
3263 3316 3527 3377 addictum
3549 3337 3672 3380 esse

2094 3400 2342 3469 praesenti
2373 3403 2515 3456 vitae.
2547 3402 2755 3458 Amicta
2780 3405 2959 3460 anima
2981 3423 3086 3462 non
3107 3408 3222 3464 vult
3238 3411 3421 3467 multis
3440 3413 3670 3482 ἣξει-ετξ,

2095 3490 2190 3546 sed
2216 3495 2605 3549 recreationem
2629 3504 2831 3552 tantum
2857 3493 3139 3569 quamdam
3164 3508 3220 3556 et
3237 3502 3470 3571 quietem
3493 3516 3669 3563 amat:

2090 3589 2295 3661 optata
2323 3584 2676 3663 praesentibus
2704 3587 2875 3657 eripi,
2905 3589 3116 3647 etiamsi
3139 3591 3275 3649 nihil
3306 3593 3449 3652 aliud
3474 3598 3568 3653 sit.
3596 3596 3669 3657 lit

2088 3686 2282 3742 corpus
2307 3673 2654 3746 defatigatum
2700 3687 2755 3732 et
2798 3679 2851 3733 in
2896 3681 3108 3739 miseria
3136 3697 3383 3752 versans,
3418 3702 3524 3742 neu
3556 3690 3669 3747 vult

2089 3777 2269 3819 amare
2296 3778 2397 3820 nec
2427 3768 2599 3821 ventri
2624 3768 2846 3833 servire,
2879 3770 2974 3825 sed
3002 3772 3277 3841 quiescere
3302 3783 3358 3831 et
3382 3777 3667 3848 tranquilla

2086 3867 2248 3924 agere
2278 3873 2292 3909 :
2321 3857 2400 3912 sic
2438 3867 2493 3912 et
2528 3858 2703 3912 anima
2746 3860 3039 3916 inmmeris
3077 3876 3342 3920 insectata
3382 3868 3565 3932 malis,
3594 3870 3663 3924 ad

2086 3944 2317 4013 quietem
2339 3956 2392 4000 et
2420 3948 2857 4018 tranquillitatem
2885 3949 3119 4007 festinat.
3140 3951 3257 4021 Illa,
3274 3957 3464 4026 quain
3483 3958 3665 4032 quiete

2085 4035 2213 4104 agit,
2245 4036 2456 4106 stupida
2477 4046 2577 4105 est,
2611 4040 2876 4108 turbatur,
2898 4042 3141 4100 sublimis
3167 4047 3363 4114 fertur;
3395 4048 3511 4111 hac
3533 4064 3666 4109 vero

2084 4126 2218 4182 nihil
2261 4126 2327 4181 ad
2379 4128 2522 4200 quod
2568 4129 2961 4195 inhiet,'uihil
3005 4134 3206 4192 ﬂuxum
3257 4136 3502 4208 habens,
3544 4148 3659 4197 tota

2082 4219 2495 4290 constringitur,
2533 4236 2635 4276 nec
2660 4223 2889 4280 sublitue
2913 4227 3056 4296 sapit
3074 4247 3090 4283 ε
3110 4235 3168 4284 et
3194 4229 3284 4285 illa
3304 4230 3515 4299 lor-tier,
3537 4232 3658 4289 hac

2083 4309 2337 4378 puerilior
2373 4319 2487 4376 est;
2535 4311 2619 4368 illa
2656 4313 2904 4383 gravior,
2955 4316 3069 4373 lucc
3111 4318 3300 4377 levior.
3340 4318 3413 4380 Et
3443 4321 3582 4379 sicut
3607 4323 3656 4379 si

2081 4401 2205 4471 quid
2232 4400 2294 4457 in
2320 4401 2632 4472 profundam
2654 4420 2844 4475 aquam
2866 4407 3087 4478 incidat,
3111 4412 3154 4465 si
3176 4411 3298 4468 lese
3313 4412 3386 4471 sit
3403 4411 3655 4471 “munt:

2082 4493 2160 4548 sic
2188 4503 2244 4549 et
2268 4495 2444 4549 anima
2487 4499 2539 4551 in
2569 4497 2816 4568 gaudium
2856 4502 3082 4561 multum
3118 4503 3383 4562 incidens.
3426 4505 3665 4565 laxius

2081 4596 2210 4638 vero
2231 4594 2446 4654 peccata
2471 4602 2503 4641 a
2526 4588 2694 4645 multa
2718 4591 2988 4660 voluptate
3015 4593 3167 4649 nobis
3188 4596 3318 4653 oriri
3340 4596 3528 4655 videre
3548 4612 3652 4659 αι.

2080 4673 2177 4741 Ει,
2224 4675 2270 4732 si
2318 4677 2527 4746 placet,
2573 4680 2763 4737 domos
2808 4682 2944 4739 duas
2984 4684 3392 4755 describamus;
3429 4689 3652 4746 alterum

2079 4764 2383 4835 nuptiarum
2407 4806 2423 4833 ,
2470 4767 2694 4826 alteram
2724 4771 2936 4831 luctus:
2962 4773 3013 4827 in
3046 4783 3328 4848 utramque
3350 4788 3538 4837 mente
3570 4782 3652 4837 in.

2076 4853 2381 4923 grediamur
2405 4873 2419 4912 :
2441 4857 2715 4917 videamus
2743 4870 2857 4916 utra
2902 4863 2973 4919 sit
2999 4864 3208 4923 melior.
3237 4865 3437 4929 Luctus
3458 4868 3649 4928 domus

2078 4943 2380 4998 invenietur
2403 4945 2739 5017 philosophia
2765 4950 2940 5019 plena,
2968 4952 3162 5010 domus
3187 4971 3316 5015 vero
3344 4961 3648 5030 nuptiarum

2078 5034 2426 5105 turpitudine.
2464 5037 2594 5094 Vide
2630 5047 3094 5116 namque:turpia
3136 5048 3246 5106 illic
3288 5050 3449 5109 verba
3490 5062 3648 5116 sunt,

2075 5124 2217 5178 risus
2260 5124 2586 5195 inconditus,
2623 5144 2838 5199 gressus
2874 5132 3237 5205 incompositi,
3279 5140 3442 5198 uestis
3470 5151 3532 5196 et
3570 5142 3649 5199 in-

2073 5226 2258 5268 cessus
2290 5215 2617 5286 turpitudine
2642 5219 2860 5289 plenus,
2884 5232 3071 5295 gestus
3098 5225 3307 5283 insania
3338 5236 3394 5283 et
3418 5228 3648 5289 stultitia

2073 5306 2238 5360 multa
2264 5325 2277 5362 :
2302 5307 2355 5363 in
2396 5323 2603 5369 summa
2634 5311 2766 5371 nihil
2808 5313 2903 5381 ibi,
2951 5329 3113 5386 quam
3144 5317 3293 5379 risus
3335 5328 3390 5377 et
3425 5319 3645 5377 derisit).

2073 5391 2189 5473 Non
2240 5395 2307 5451 de
2345 5397 2476 5475 ipsis
2514 5401 2713 5471 nuptiis
2750 5402 2904 5471 dico,
2946 5404 3115 5474 absit;
3154 5406 3251 5465 sed
3286 5407 3355 5465 de
3390 5409 3491 5478 iis,
3526 5426 3647 5481 quae

2073 5487 2286 5558 nuptias
2324 5491 2665 5549 comitantur.
2714 5494 2865 5552 Tune
2898 5506 3091 5553 natura
3128 5497 3490 5563 debacchatur
3515 5520 3528 5556 :
3556 5502 3646 5573 qui

2075 5575 2271 5633 adsunt
2299 5594 2365 5634 ex
2393 5579 2696 5643 hominibus
2729 5584 2885 5641 bruta
2920 5585 3090 5655 ﬁunt,
3134 5588 3225 5645 alii
3266 5600 3326 5647 ut
3360 5591 3483 5661 equi
3524 5586 3646 5647 hin-

2078 5667 2250 5739 niunt,
2269 5670 2359 5729 alii
2381 5682 2436 5728 ut
2454 5672 2588 5731 asini
2608 5674 2883 5733 calcitrant
2899 5693 2915 5734 :
2931 5692 3122 5751 magna
3141 5680 3437 5750 dissolutio,
3458 5696 3646 5753 stagna
