4086 6164
394 279 501 336 299

407 395 676 463 Ἀχαΐαν,
718 393 1079 463 πορεύεσθαι
1116 395 1205 461 εἰς
1258 393 1675 466 Ἱεροσόλυμα..
1698 395 1812 448 Οὐκ
1854 394 1936 448 ἐτι
1966 397 2066 449 ἀν-

394 483 684 553 θρωπίνως
715 483 950 538 ἐνταῦθα
973 486 1137 547 ποιεῖ,
1165 483 1302 538 ἀλλά
1334 485 1612 554 Πνεύματι
1637 524 1655 550 ,
1681 479 1727 553 ᾧ
1751 486 1847 538 καὶ
1878 485 2066 556 προεί-

392 569 517 622 λετο
541 569 792 623 διελθεῖν.
823 569 995 623 Τοῦτο
1029 570 1139 642 γάρ
1163 572 1277 624 ἐστι
1301 571 1390 635 τὸ,
1425 571 1654 637 Ἔθετο,
1683 573 1782 626 καὶ
1808 571 2062 644 τοιαύτην

389 658 420 710 6
449 656 605 724 λόγος
633 656 843 711 ἔννοιαν
867 656 1002 728 ἔχει.
1032 657 1191 721 Τίνος
1231 659 1289 711 δὲ
1323 658 1508 713 ἕνεκεν
1548 658 1869 712 ἀποστέλλει
1897 659 2065 730 Τιμό-

390 741 515 796 θεον
547 743 644 796 καὶ
667 744 964 814 Ἔραστον,
1009 745 1072 797 οὐ
1118 745 1298 814 λέγει’
1336 747 1459 816 ἐμοὶ
1507 746 1566 800 δὲ
1604 746 1751 800 δοκεῖ
1792 747 1887 800 καὶ
1935 749 2065 818 περὶ

389 829 586 883 τούτου
612 831 786 884 εἰπεῖν
809 830 892 895 τὸ,
946 832 1052 884 Ἐν
1084 833 1404 902 Πνεύματι.
1451 833 1551 887 Διὸ
1573 833 1785 902 μηκέτι
1813 833 2062 904 στέγον·-

389 935 510 984 τες,
544 917 963 987 εὐδοκήσαμεν
980 919 1450 988 καταλειφθῆναι
1473 921 1543 973 ἐν
1571 921 1846 988 Ἀθήναις
1865 923 2060 992 μόνοι.

391 1006 504 1058 Kal
529 1005 652 1073 ὅρα,
681 1004 775 1058 δύο
799 1005 908 1058 τῶν
936 1005 1330 1061 διακονούντων
1362 1007 1512 1078 αὐτῷ
1537 1007 1846 1072 ἀπέστειλε,
1876 1009 1975 1080 τήν
2003 1024 2064 1060 τε

390 1092 698 1162 παρουσίαν
771 1092 1103 1160 ἀπαγγεῖλαι
1173 1095 1268 1147 καὶ
1325 1094 1763 1166 προθυμοτέρους
1811 1097 2060 1167 ποιῆσαι.

391 1180 646 1235 Μάλιστα
685 1181 903 1235 πάντων
939 1185 1007 1254 τῇ
1043 1182 1197 1252 Ἀσίᾳ
1222 1183 1579 1255 ἐνδιατρίϐει·
1633 1184 1858 1248 εἰκότως
1879 1202 1894 1217 ·
1947 1185 2065 1238 ἐκεῖ

389 1268 502 1337 γὰρ
549 1263 619 1339 ἦν
663 1269 697 1338 ἡ
737 1266 907 1338 πολλὴ
942 1267 1145 1339 φατρία
1186 1269 1297 1322 τῶν
1345 1269 1670 1338 φιλοσόφων.
1723 1271 1834 1324 Kal
1867 1269 2058 1340 ἐλθὼν,

389 1357 556 1410 πάλιν
591 1357 777 1420 αὐτοῖς
814 1357 1082 1426 διελέγετο
1103 1375 1117 1389 ·
1161 1359 1254 1414 καὶ
1284 1359 1393 1430 γὰρ
1418 1360 1586 1432 πολλὴ
1608 1357 1676 1432 ἦν
1709 1362 1828 1415 ἐκεῖ
1852 1364 1885 1433 ἠ
1908 1362 2063 1416 δεισι-

387 1442 661 1513 δαιμονία.
716 1445 1045 1513 Δημήτριος
1102 1446 1214 1515 γάρ
1262 1464 1372 1512 τις,
1402 1449 1587 1519 φησὶν,
1627 1451 2059 1520 ἀργυροκόπος,

389 1532 803 1599 συναθροίσας
831 1532 974 1599 τοὺς
996 1533 1131 1602 περί
1166 1534 1238 1588 τὰ
1269 1537 1514 1591 τοιαῦτα
1556 1537 1831 1606 ἐργάτας,
1857 1539 2057 1593 εἶπεν·

395 1615 665 1684 Ἄνδρες,
687 1617 1021 1675 ἐπίστασθε
1039 1619 1140 1673 καί
1182 1622 1447 1690 θεωρεῖτε
1484 1625 1583 1677 καί
1605 1625 1856 1678 ἀκούετε
1873 1641 1890 1658 ο
1917 1623 2060 1678 οὕτω

391 1705 690 1777 κατάδηλον
735 1701 804 1776 ἦν
859 1705 922 1759 τὸ
976 1708 1290 1778 γινόμενον
1344 1710 1478 1766 Ὀτι
1531 1708 1732 1778 οὗτος,
1785 1713 1972 1781 φησὶν,
2022 1715 2057 1766 ό

393 1792 636 1855 Παῦλος
667 1793 890 1860 πείσας
913 1795 1295 1864 μετέστησεν
1315 1798 1526 1850 ἰκανὸν
1559 1797 1766 1866 ὄχλον.
1801 1799 1966 1851 ’Ὥστε
1998 1800 2059 1852 οὐ

395 1879 603 1948 βιαίως,
628 1881 676 1932 εἰ
705 1880 944 1933 ἔπεισεν·
968 1880 1110 1935 οὕτω
1141 1881 1224 1935 δεῖ
1245 1883 1452 1936 πείθειν
1482 1884 1658 1936 πόλιν.
1689 1879 1824 1938 Εἶτα
1858 1886 2054 1953 ἐπάγει

391 1967 530 2034 ὅπερ
547 1967 726 2019 αὐτῶν
758 1966 1091 2038 καθήπτετο,
1112 1969 1194 2022 ὅτι
1219 1971 1340 2023 Οὐκ
1365 1970 1482 2023 εἰσί
1506 1970 1627 2023 θεοὶ
1649 1973 1701 2023 οἰ
1721 1970 1819 2023 διὰ
1845 1970 2060 2040 χειρῶν

392 2054 710 2121 γινόμενοι.
735 2054 801 2105 Τί
825 2055 940 2106 ἐστι
970 2054 1159 2119 τοῦτο;
1199 2056 1539 2126 Ἀνατρέπει,
1571 2056 1724 2126 φησὶ,
1747 2057 1846 2127 τὴν
1865 2057 2060 2127 τέχνην

392 2137 495 2208 τὴν
528 2138 818 2210 ἡμετέραν.
869 2140 980 2192 Kal
1025 2141 1111 2193 ἵνα
1143 2142 1217 2212 μὴ
1242 2143 1554 2211 ἐννοήσωσι,
1587 2144 1680 2196 καὶ
1704 2141 1950 2207 εἴπωσιν,
1979 2144 2060 2195 ὅτι

396 2224 560 2291 μόνος
584 2223 862 2294 ἄνθρωπος
885 2226 1110 2279 τοιαῦτα
1157 2228 1351 2297 ἰσχύει,
1386 2229 1479 2281 καὶ
1509 2231 1557 2281 εἰ
1584 2228 1835 2282 τοσοῦτον
1864 2229 2057 2299 ἰσχύει,

393 2308 546 2379 αὐτῷ
567 2310 649 2362 δεῖ
673 2311 970 2377 πείθεσθαι,
991 2313 1299 2384 ἐπήγαγενσ
1326 2317 1434 2370 Ἢν
1469 2316 1580 2382 ὅλη
1615 2318 1653 2384 ἠ
1684 2317 1856 2370 Ἀσία
1888 2317 1988 2371 καί
2021 2319 2060 2386 ἡ

392 2396 710 2466 οἰκουμένη
757 2398 1014 2452 σέϐεται.
1050 2399 1162 2471 Τὴν
1186 2403 1368 2474 φωνὴν
1396 2403 1574 2456 αὐτῶν
1601 2403 1770 2473 ῷοντο
1800 2405 2064 2474 ἐπιτειχί-

394 2483 508 2546 ζειν
537 2483 614 2554 τῷ
645 2484 921 2554 Πνεύματι
950 2486 1028 2556 τῷ
1065 2486 1217 2558 θείῳ,
1251 2487 1403 2551 ὄντες
1435 2490 1622 2552 παῖδες
1640 2490 1922 2561 Ἕλληνες.
1966 2491 2062 2543 Ἐκ

391 2567 592 2640 ταύτης
644 2571 744 2640 τῆς
791 2573 1076 2642 ἐργασίας,
1129 2575 1315 2644 φησὶν,
1369 2577 1403 2645 ἡ
1440 2576 1666 2645 εὐπορία
1717 2578 1874 2647 ημῶν
1925 2579 2062 2630 ἐστι.

394 2656 504 2708 Kal
548 2657 596 2708 εἰ
644 2657 753 2710 ἀπὸ
779 2658 984 2728 ταύτης
1011 2659 1112 2728 τῆς
1141 2660 1403 2730 ἐργασίας
1425 2662 1657 2733 εὐπορία
1686 2663 1814 2732 ὑμῖν
1849 2663 2066 2732 περιγί-

393 2757 567 2806 νεται,
606 2742 725 2807 πῶς
753 2742 972 2798 ἐπεισεν
1005 2744 1289 2814 ἄνθρωπος
1333 2747 1589 2818 εὐτελής;
1645 2748 1762 2811 πῶς
1797 2751 2064 2820 τοσαύτης

393 2830 666 2901 ἐκράτησε
710 2831 1028 2903 συνηθείας;
1073 2832 1124 2886 τί
1168 2834 1336 2886 ποιῶν
1386 2835 1420 2903 ἢ
1447 2835 1500 2888 τί
1536 2835 1745 2903 λέγωνίς
1799 2836 1912 2890 Οὐκ
1947 2836 2062 2890 ἔστι

395 2916 631 2981 Παύλου,
666 2917 766 2971 οὐκ
797 2917 946 2973 ἐστιν
992 2921 1204 2991 ἀνδρός.
1259 2922 1368 2975 Kal
1410 2921 1568 2975 τοῦτο
1596 2925 1755 2993 ἀρκεῖ
1778 2924 1838 2976 τὸ
1867 2925 2061 2991 εἰπεῖν,

393 3005 476 3057 ὅτι
507 3006 632 3058 Οὐκ
673 3005 792 3059 εἰσί
819 3007 964 3060 θεοί.
992 3008 1054 3060 Εἰ
1085 3008 1183 3078 μὲν
1211 3005 1303 3062 οὖν
1333 3009 1508 3073 οὕτως
1539 3010 1852 3082 εὐφώρατον
1872 3011 1935 3064 τὸ
1965 3013 2064 3082 τῆς

393 3087 889 3151 ἀσεϐείαςει,πάλαι
922 3093 1512 3161 καταγνωσθῆναιέδει·
1543 3093 1669 3144 εἰδὲ
1702 3094 1940 3164 ἰσχυρὸν,
1967 3097 2064 3165 οὐχ

394 3174 578 3238 οῦτως
608 3176 958 3247 ἀναιρεθῆναι
986 3181 1216 3250 ταχέως.
1254 3183 1334 3233 Οὐ
1360 3182 1552 3249 μόνον
1582 3179 1670 3243 δὲ,
1708 3184 1861 3250 φησὶ,
1888 3182 2064 3236 τοῦτο

395 3263 735 3317 κινδυνεύει
769 3267 911 3334 ἡμῖν
953 3268 1020 3320 τὸ
1057 3270 1260 3336 μέρος.
1300 3269 1386 3331 Ὠς
1412 3269 1476 3339 δή
1519 3269 1571 3321 τί
1610 3287 1739 3322 ποτε
1773 3272 1954 3340 μεῖζον
1980 3270 2064 3322 λέ-

394 3365 528 3416 γων,
562 3349 719 3403 τοῦτο
746 3354 1042 3422 ἐπήγαγεν.
1076 3355 1474 3421 Ἀκούσαντες
1505 3355 1573 3408 δὲ
1630 3357 1727 3409 καὶ
1758 3359 2064 3426 γενόμενοι

395 3435 646 3502 πλήρεις
666 3441 853 3507 θυμοῦ
883 3441 1130 3509 ἔκραζον
1149 3459 1163 3473 ο
1211 3443 1452 3512 Μεγάλη
1509 3445 1548 3510 τ’,
1599 3444 1866 3513 Ἄρτεμις
1898 3447 2064 3514 Ἐφε-

395 3524 562 3576 σίων.
601 3526 759 3579 Kurd:
795 3527 950 3581 πόλιν
999 3529 1108 3600 γὰρ
1138 3530 1318 3593 αὐτοῖς
1343 3526 1483 3600 ἦσαν
1511 3530 1640 3583 θεοί.
1687 3533 1795 3584 Kal
1815 3532 1956 3585 οὕτω
1986 3533 2064 3585 δι-

395 3609 622 3676 έκειντο,
652 3613 727 3676 ὡς
751 3614 839 3667 διὰ
865 3616 962 3684 τῆς
990 3617 1173 3686 φωνῆς
1197 3616 1569 3687 ἀνακτώμενοι
1597 3618 1657 3671 τὸ
1689 3619 1851 3683 σέϐας
1872 3621 2060 3690 αὐτῆς,

393 3699 487 3751 καὶ
511 3699 578 3751 τὰ
605 3701 945 3771 γεγενημένα
976 3703 1319 3767 ἀναλύοντες.

462 3785 681 3856 τ’Ῑυρα
712 3787 942 3840 ἄτακτον
979 3789 1198 3858 πλῆθος.
1228 3791 1338 3844 Τοῦ
1360 3789 1428 3843 δὲ
1447 3791 1713 3857 Παύλου,
1745 3791 1898 3862 φησὶ,
1920 3793 2062 3856 ,βου-

393 3871 652 3938 λομένου
676 3874 974 3928 εἰσελθεῖν
1000 3878 1087 3940 εἰς
1119 3877 1226 3929 τὸν
1252 3875 1466 3945 δῆμον,
1492 3879 1604 3931 οὐκ
1623 3879 1762 3931 εἴων
1789 3879 1977 3933 αὐτὸν
2006 3883 2060 3934 οἰ

389 3959 650 4026 μαθηταί
655 4001 668 4011 .
700 3959 758 4012 '0
783 3961 882 4030 μὲν
906 3957 1000 4015 οὖν
1027 3961 1240 4026 Παῦλος
1265 3964 1516 4017 ἐϐούλετο
1540 3964 1802 4018 εἰσελθεῖν
1828 3966 2062 4037 δημηγο-

395 4043 560 4114 ρῆσαι
581 4061 594 4074 ·
615 4044 764 4116 [521]
788 4048 912 4110 τοὺς
939 4050 1047 4118 γὰρ
1077 4049 1350 4119 διωγμοὺς
1375 4051 1680 4122 ἐλάμϐανεν
1705 4055 1784 4116 εἰς
1804 4053 2061 4107 διδασκα-

393 4130 513 4184 λίαν
530 4148 545 4161 ο
569 4132 686 4184 ἀλλ’
711 4134 760 4184 οἰ
786 4133 1026 4204 μαθηταὶ⁸
1046 4137 1145 4189 οὐκ
1171 4139 1295 4190 εἴων
1312 4137 1492 4191 αὐτόν.
1521 4139 1740 4204 Σκόπει,
1765 4140 1907 4213 πόσῃ
1932 4143 2061 4210 περὶ

392 4217 556 4271 αὐτὸν
572 4219 796 4292 προνοίᾳ
825 4219 1115 4292 κέχρηνται
1148 4225 1444 4295 πανταχοῦ.
1469 4227 1578 4278 Kal
1603 4227 1661 4292 ἐξ
1683 4228 1860 4297 ἀρχῆς
1894 4229 2058 4282 αὐτὸν

390 4305 681 4376 ἐξήγαγον,
712 4306 852 4361 ὥστε
884 4309 958 4380 μὴ
983 4312 1112 4379 περὶ
1139 4311 1207 4364 τὰ
1229 4313 1420 4382 καίρια
1470 4312 1656 4365 λαϐεῖν
1682 4315 1781 4382 τὴν
1807 4314 2020 4384 πληγήν
2040 4327 2054 4341 ·

391 4391 570 4445 καίτοι
602 4409 665 4461 γε
715 4395 972 4463 ἥκουσαν,
1025 4398 1108 4449 ὅτι
1158 4398 1239 4450 δεῖ
1294 4400 1390 4451 καὶ
1433 4397 1650 4468 Ῥώμην
1701 4399 1857 4452 ἰδεῖν·
1909 4399 2058 4470 ὅμως

390 4479 711 4533 κωλύουσιν.
771 4483 1143 4553 Οἰκονομικῶς
1196 4484 1252 4536 δὲ
1299 4484 1679 4554 προαγορεύει,
1739 4485 1824 4537 ἵνα
1856 4486 1930 4556 μὴ
1981 4485 2056 4556 τῷ

384 4567 670 4637 γενομένῳ
697 4567 1089 4638 θορυϐηθῶσιν.
1119 4569 1306 4632 Οῦτως
1339 4570 1459 4622 οὐδὲ
1503 4569 1733 4639 πάσχειν
1786 4588 1838 4624 τι
1895 4573 2056 4626 αὐτὸν

389 4652 672 4706 ἐϐούλοντο
703 4655 752 4707 1⁸.
779 4656 888 4708 Kal
924 4655 1044 4709 τῶν
1075 4655 1380 4725 ἀσιαρχῶν
1407 4655 1475 4710 δέ
1493 4673 1655 4722 τινες
1676 4657 2057 4724 παρεκάλουν

387 4740 598 4804 αὐτόν,
628 4743 782 4811 φησὶ,
828 4744 915 4812 μὴ
971 4744 1266 4798 εἰσελθεῖν
1307 4746 1392 4808 είς
1437 4744 1503 4797 τὸ
1534 4744 1799 4812 θέατρον.
1843 4746 2057 4808 Εἰδότες

388 4826 558 4878 αὐτοῦ
588 4828 688 4898 τὴν
717 4829 1045 4898 προθυμίαν,
1075 4830 1417 4900 παρεκάλουν
1437 4847 1450 4861 ·
1499 4831 1641 4885 οὕτω
1669 4833 1868 4895 πάντες
1893 4833 2055 4886 αὐτὸν

387 4913 606 4978 ἐφίλουν
648 4917 696 4966 οἰ
738 4915 940 4968 πιστοί.
975 4917 1082 4969 Kal
1130 4919 1273 4982 τίνος
1301 4919 1506 4984 ἕνεκεν,
1537 4921 1772 4989 φησὶν,ό
1804 4920 2054 4984 Ἀλέξαν-

385 4998 514 5067 δρος
558 5001 808 5054 ἐϐούλετο
837 5003 1257 5071 ἀπολογεῖσθαι;
1299 5006 1372 5076 μὴ
1402 5007 1510 5076 γὰρ
1555 5007 1716 5069 αὐτὸς
1749 5007 2051 5077 ἐνεκλήοηῖ

388 5086 553 5138 Ὥστε
599 5089 787 5158 καιρὸν
836 5090 1033 5160 εὑρεῖν,
1065 5092 1158 5143 καὶ
1188 5091 1249 5143 τὸ
1283 5094 1386 5145 πᾶν
1417 5093 1787 5164 καταστρέψαι
1837 5096 1931 5146 καὶ
1963 5097 2056 5148 ἐκ·-

387 5172 588 5225 καῦσαι
617 5174 711 5227 τοῦ
761 5176 936 5246 δήμου
986 5177 1076 5229 τὸν
1122 5176 1310 5246 θυμόν.
1370 5175 1519 5240 Εἶδες
1566 5178 1735 5248 θυμὸν
1788 5179 2052 5248 όὶτακτον;

385 5259 585 5320 Καλῶς
611 5262 703 5313 καὶ
728 5262 1124 5331 ἐπιτιμητικῶς
1157 5265 1185 5316 ό
1221 5267 1602 5333 γραμματεὺς,
1632 5268 1728 5331 Τίς
1761 5267 1912 5328 ἔστιν
1946 5285 2053 5338 φη-

387 5344 493 5409 σὶν,
547 5346 614 5411 ὃς
667 5349 739 5401 οὺ
797 5347 1078 5418 γινώσκει
1125 5347 1240 5414 τὴν
1286 5349 1576 5417 Ἐφεσίων
1612 5354 1828 5414 πόλιν;
1865 5353 2055 5418 Οὕτως

385 5431 556 5484 εἰπὼν
602 5435 731 5504 περὶ
768 5427 828 5487 οὗ
860 5434 1179 5502 ἐφοϐοῦντο·
1213 5435 1343 5487 ὡσεὶ
1392 5435 1594 5503 ἔλεγεν·
1629 5439 1703 5492 Οὐ
1728 5439 2051 5508 θεραπεύετε

381 5519 587 5582 αὐτήνς
634 5521 744 5573 Καὶ
779 5523 880 5576 οὐκ
909 5520 1050 5587 εἷπε,
1094 5522 1191 5585 Τίς
1227 5523 1334 5593 γάρ
1387 5523 1556 5585 ἐστιν,
1592 5522 1649 5584 ὃς
1680 5524 1739 5575 οὐ
1797 5525 2054 5593 γινώσκει

384 5606 483 5673 τὴν
523 5606 818 5676 Ἀρτεμινς
860 5609 1016 5673 ἀλλὰ,
1049 5609 1166 5678 Τὴν
1189 5610 1369 5662 πόλιν
1414 5607 1514 5678 τὴν
1553 5611 1854 5681 ἡμετέραν-
1898 5611 2054 5683 θερα-

387 5689 568 5746 πεύων
625 5694 842 5757 αὐτούς.
891 5695 1360 5772 Ἀναντιρῥήτων
1396 5691 1510 5750 οὖν
1569 5698 1794 5752 τούτων
1843 5700 2051 5766 ὄντων,

448 5823 476 5852 ⁸
500 5824 637 5873 L'nus
657 5825 712 5873 τὸ
735 5833 818 5884 τῆς
841 5826 1078 5885 εὐσεϐείας

1161 5829 1188 5872 b
1219 5827 1352 5880 Idem
1393 5828 1737 5892 θορυϐηθῶσιν*
1762 5828 1863 5879 ἀλλ’
1901 5830 2050 5887 οὕτως

380 5885 589 5947 matr/3w
610 5903 655 5933 τι
678 5888 818 5935 αὐτὸν
841 5889 1072 5940 ἐϐούλετο.

1486 280 1554 335 IN
1595 277 1777 336 ACTA
1815 273 2352 336 APOSTOLORUM.
2388 271 2620 330 11051"...
2662 274 2820 331 XLII.

3737 284 3845 342 300

2165 391 2310 448 δέον
2345 390 2516 447 ἐστὶν
2562 389 2720 460 ὑμᾶς
2751 391 3274 463 κατεσταλμένους
3314 395 3627 465 ὑπάρχειν.
3656 397 3842 452 Ταῦτα

2165 479 2324 551 δῆθεν
2345 479 2584 548 ἐγκαλεῖ,
2623 479 2901 550 μονονουχὶ
2938 479 3111 548 λέγων
3131 499 3145 514 ·
3201 483 3266 536 Τί
3292 483 3470 538 τοίνυν
3502 484 3714 554 ζητεῖτε
3764 486 3842 551 ὡς

2169 566 2380 636 ἀδήλων
2410 565 2617 632 δντων;
2669 566 2926 637 φανερὸν,
2955 566 3032 631 ὡς
3073 571 3108 640 ἡ
3136 568 3294 642 ὕϐρις
3323 571 3403 634 εἰς
3428 571 3529 642 τὴν
3559 571 3678 626 θεὸν
3721 572 3841 627 δια-

2168 653 2366 708 ϐαίνει.
2423 653 2727 724 Πρόσίημα
2775 655 2874 725 τὴν
2907 653 3186 710 εὐσέϐειαν
3218 657 3498 712 ἐϐούλοντο
3528 661 3702 714 ποιεῖν
3746 659 3840 713 τοῦ

2164 741 2573 811 χρηματισμοῦ.
2604 737 2738 794 Εἶτα
2779 741 2964 812 ἠρέμα
2996 741 3333 799 καθάπτεται
3357 747 3557 813 αὐτῶν,
3601 747 3838 812 δεικνὺς,

2163 829 2246 882 ὅτι
2275 827 2578 896 ἀλογίστως
2622 829 2904 899 συνῆλθον.
2944 830 3055 884 Καὶ
3105 830 3322 900 μηδὲν,
3356 834 3510 904 φησὶ,
3547 834 3840 903 προπετὲς

2161 912 2465 982 σφάττειν.
2517 916 2764 980 Δεικνὺς,
2795 918 2878 970 ὅτι
2911 918 3201 990 προπετῶς
3255 917 3512 992 ἔπραξαν,
3560 921 3720 976 τοῦτο
3755 917 3838 975 εῖ-

2164 1017 2286 1054 πεν.
2316 1002 2384 1056 Εἰ
2407 1001 2526 1071 μὲν
2553 999 2667 1058 οὖν
2701 1003 3029 1073 Δημήτριος
3054 1005 3155 1060 καί
3202 1009 3256 1060 οἰ
3280 1006 3403 1060 σὺν
3427 1007 3587 1072 αὐτῷ
3625 1010 3842 1078 ἔχουσι

2163 1088 2314 1156 πρός
2358 1107 2493 1144 τινα
2524 1093 2733 1161 λόγον,
2785 1093 3120 1147 ἀνθύπατοί
3162 1096 3302 1148 εἰσι.
3338 1095 3448 1148 Kal
3504 1093 3662 1149 τοῦτο
3693 1096 3840 1163 λέγει

2163 1176 2434 1244 ἐγκαλῶν,
2458 1179 2552 1232 καὶ
2567 1179 2780 1242 δεικνὺς
2800 1181 2884 1234 ὅτι
2910 1183 3010 1234 οὐκ
3031 1181 3139 1234 ἔδει
3165 1182 3448 1236 ἰδιωτικῶν
3473 1183 3840 1253 ἐγκλημάτων

2162 1264 2350 1320 ἐνεκεν
2387 1265 2570 1336 κοινὴν
2603 1266 2901 1336 ἐκκλησίαν
2934 1268 3227 1324 ποιεῖσθαι.
3267 1269 3379 1322 Καί
3405 1269 3515 1339 γὰρ
3534 1269 3842 1325 κινδυνεύ-

2161 1369 2327 1422 ομεν,
2368 1352 2554 1421 φησὶν,
2589 1352 2990 1423 ἐγκαλεῖσθαι.
3025 1354 3211 1426 Τούτῳ
3259 1357 3466 1426 σφόδρα
3512 1356 3710 1421 αὐτοὺς
3761 1356 3841 1411 δι-

2159 1439 2462 1510 ηπόρησεν.
2514 1440 2774 1505 οὐδενός
2803 1443 3018 1505 αἰτίου,
3047 1444 3233 1512 φησὶν,
3272 1441 3672 1512 ὑπάρχοντος,
3703 1444 3840 1512 περὶ

2160 1520 2234 1580 οὗ
2268 1525 2651 1595 δυνησόμεθα
2679 1529 2871 1598 λόγον
2918 1528 3130 1584 δοῦναι
3168 1529 3279 1599 τῆς
3317 1529 3674 1600 συστροφῆς
3699 1531 3840 1585 ταύ-

2158 1627 2289 1678 της.
2325 1607 2466 1684 Ὅρα
2515 1614 2633 1678 πῶς
2681 1616 2730 1668 οἰ
2771 1615 2990 1670 ἄπιστοι
3037 1618 3318 1688 φρονίμως
3365 1617 3758 1687 ἀπολογοῦνται
3785 1628 3836 1684 ο,

2161 1701 2277 1764 πῶς
2322 1704 2579 1766 συνετῶς.
2613 1704 2800 1769 υῦτως
2847 1705 3038 1759 ἔσϐεσε
3082 1707 3174 1760 τὸν
3236 1706 3427 1779 θυμόν.
3480 1709 3693 1780 Ὠσπερ
3719 1707 3830 1780 γὰρ

2161 1787 2360 1858 ῥᾳδίως
2420 1789 2736 1855 ἐξάπτεται,
2793 1791 2934 1846 οὕτω
2985 1793 3078 1847 καὶ¹
3112 1794 3310 1864 ῥᾳδίως
3354 1794 3657 1850 σϐέννυται.
3725 1793 3838 1848 Καὶ

2159 1875 2346 1929 ταῦτα
2377 1876 2580 1941 εἰπὼν,
2611 1880 2884 1934 ἀπέλυσε
2909 1881 3023 1950 τὴν
3055 1882 3414 1950 ἐκκλησίαν,
3447 1881 3631 1953 φησίν.
3672 1881 3836 1952 Ὁρᾷς

2158 1962 2250 2014 τὸν
2292 1963 2426 2018 Θεὸν
2479 1965 2866 2036 συγχωροῦντα
2917 1970 3044 2032 τοὺς
3099 1969 3462 2040 πειρασμούς,
3499 1969 3592 2022 καὶ
3639 1967 3837 2036 διεγεί-

2163 2065 2324 2118 ροντα
2350 2052 2444 2104 καὶ
2464 2052 2834 2119 ἀφυπνίζοντα
2854 2057 2978 2118 τοὺς
3006 2056 3250 2127 μαθητὰς
3271 2055 3478 2118 τούτοις
3499 2055 3592 2108 καὶ
3614 2054 3836 2125 σφοδρο-

2160 2136 2353 2206 τέρους
2380 2138 2779 2210 ὲργαξόμενονς
2840 2141 2930 2212 Μὴ
2959 2143 3025 2212 δὴ
3051 2143 3483 2213 καταπίπτωμεν
3509 2145 3622 2216 τοῖς
3644 2156 3836 2211 πειρα-

2163 2227 2320 2293 σμοῖς
2338 2239 2353 2256 ⁶
2393 2226 2557 2290 αὐτὸς
2582 2227 2690 2298 γὰρ
2726 2229 2937 2299 ποιήσει
2963 2231 3056 2283 καὶ
3078 2229 3176 2302 τὴν
3202 2229 3422 2283 ἑκϐασιν
3454 2228 3548 2282 τοῦ
3577 2228 3836 2283 δύνασθαι

2163 2311 2504 2380 ὑπενεγκεῖν.

2231 2397 2396 2450 Οὐδὲν
2425 2398 2567 2453 οῦτω
2609 2401 2799 2470 φίλους
2837 2404 2984 2456 ποιεῖ
3016 2404 3110 2456 καὶ
3144 2406 3466 2475 συγκροτεῖ,
3507 2403 3582 2466 ὡς
3606 2402 3783 2471 θλίψις
3817 2417 3831 2431 ·

2161 2483 2312 2535 οὐδὲν
2332 2483 2475 2538 οὕτω
2498 2487 2678 2540 συνδεῖ
2706 2488 2798 2541 καὶ
2819 2489 3256 2559 ἐπισφίγγει·τῶν
3276 2489 3485 2544 πιστῶν
3503 2489 3603 2552 τὰς
3618 2489 3794 2559 ψυχάς
3814 2503 3832 2520 ⁸

2162 2569 2313 2622 οὐδὲν
2340 2573 2470 2640 ἡμῖν
2488 2576 2600 2636 τοῖς
2630 2574 2968 2638 διδασκάλοις
2992 2576 3163 2640 οὕτως
3195 2577 3498 2649 ἐπιτήδειον
3531 2576 3667 2647 πρὸς
3690 2575 3751 2628 τὸ
3766 2575 3837 2628 τὰ

2162 2659 2292 2727 παρ’
2314 2659 2468 2728 ἡμῶν
2490 2660 2764 2732 λεγόμενα
2785 2663 3097 2718 ἀκούεσθαι.
3134 2667 3222 2718 Ἐν
3245 2665 3345 2736 μὲν
3364 2664 3473 2735 γὰρ
3497 2665 3678 2718 ἀνέσει
3701 2679 3834 2731 τυγ-

2163 2746 2341 2813 χάνων
2387 2746 2682 2818 ἀκροατὴς,
2747 2749 2945 2820 χαῦνός
2994 2752 3055 2804 τέ
3119 2754 3235 2805 ἐστι
3290 2750 3382 2804 καί
3429 2749 3697 2821 ῥάθυμος,
3739 2748 3835 2803 καὶ

2162 2831 2495 2900 ἐνοχλεῖσθαι
2527 2834 2677 2887 δοκεῖ
2714 2838 2869 2906 παρά
2903 2836 2998 2890 τοῦ
3025 2837 3271 2905 λέγοντος
3305 2853 3321 2866 ’
3356 2839 3414 2892 ἐν
3442 2837 3498 2890 δέ
3531 2836 3708 2906 θλίψει
3740 2835 3834 2889 καὶ

2166 2920 2501 2991 στενοχωρίᾳ
2531 2923 2612 2984 εἰς
2636 2922 2836 2993 πολλὴν
2871 2923 3164 2994 ἐπιθυμίαν
3197 2924 3514 2995 ἀκροάσεως
3547 2923 3832 2992 ἐμπίπτει.

2164 3004 2680 3077 Στενοχωρούμενος
2727 3009 2837 3078 γὰρ
2876 3009 2974 3079 τὴν
3023 3009 3240 3079 ψυχὴν,
3286 3008 3625 3079 πανταχόθεν
3683 3009 3836 3079 ζητεῖ

2165 3091 2521 3162 παραμυθίαν
2566 3094 2666 3163 τῆς
2704 3094 2935 3164 θλίψεως
2970 3095 3148 3165 εὐρεῖν
3181 3112 3195 3126 ο
3219 3095 3281 3148 οὐ
3329 3096 3530 3166 μικρὰν
3579 3094 3636 3147 δὲ
3679 3096 3833 3166 φέρει

2174 3175 2332 3244 λόγος
2371 3179 2748 3249 παραμυθίαν.
2807 3181 2871 3234 Τί
2920 3178 3032 3246 οὖν,
3086 3181 3271 3252 φησὶν,
3323 3183 3371 3234 οί
3416 3181 3688 3249 ’1ουδαῖοι;
3716 3180 3835 3245 πῶς

2165 3263 2469 3334 θλιϐόμενοι
2507 3266 2615 3319 ἀπὸ
2639 3268 2737 3337 τῆς
2765 3267 3115 3339 όλιγοψυχίας
3140 3269 3240 3322 οὐκ
3271 3269 3502 3340 ῆκουον;
3547 3270 3668 3322 Ὅτι
3703 3270 3834 3322 ’ἰου-

2163 3350 2300 3402 δαῖοι
2337 3346 2499 3422 ἦσαν,
2531 3354 2581 3405 οἰ
2614 3354 2702 3406 ἀεὶ
2735 3355 2983 3418 ἀσθενεῖς
3021 3356 3115 3408 καὶ
3150 3357 3487 3427 ταλαίπωροι
3517 3373 3533 3389 ο
3565 3355 3743 3420 ἄλλως
3771 3373 3834 3412 τε

2163 3438 2256 3490 καὶ
2274 3438 2356 3490 ὅτι
2377 3439 2470 3491 καὶ
2487 3441 2604 3492 ἐκεῖ
2615 3441 2781 3511 πολλὴ
2795 3443 2826 3512 ἡ
2842 3441 3016 3511 θλῖψις
3042 3431 3131 3514 ἦν,
3153 3443 3285 3514 ἡμῖν
3307 3443 3362 3496 δὲ
3382 3442 3532 3515 [329]
3557 3443 3685 3514 περὶ
3706 3460 3834 3514 συμο

2165 3527 2363 3596 μέτρου
2391 3528 2420 3578 ό
2442 3527 2767 3601 λόγος.⁹¹ορα
2801 3529 2928 3600 γάρ’
2961 3530 3366 3601 προσεδόκησαν
3398 3529 3833 3584 ἀπαλλάττεσθαι

2161 3614 2271 3666 τῶν
2294 3617 2634 3687 κατεχόντων
2666 3619 2862 3682 αὐτοὺς
2891 3619 3078 3673 κακῶν
3103 3621 3324 3686 ἐκεῖνοι,
3358 3620 3453 3673 καὶ
3491 3619 3705 3690 μυρίοις
3729 3635 3830 3672 πε-

2165 3703 2410 3772 ριέπεσον
2448 3705 2648 3774 μᾶλλον
2681 3706 2874 3770 δεινοῖς
2902 3723 2917 3738 ο
2951 3705 3108 3761 τοῦτο
3145 3708 3202 3762 δέ
3241 3708 3340 3778 οὐχ
3377 3708 3452 3772 ὡς
3479 3709 3668 3777 ἔτυχεν
3696 3707 3831 3760 ἀπο-

2166 3792 2248 3858 ρεῖ
2266 3789 2465 3861 ψυχήν.
2490 3792 2558 3843 Αἰ
2585 3790 2792 3860 θλίψεις
2839 3793 3226 3864 ἁποσχίζουσιν
3278 3796 3427 3866 ἡμᾶς
3485 3795 3582 3864 τῆς
3615 3810 3830 3863 συμπα-

2162 3875 2310 3938 θείας
2335 3877 2432 3945 τῆς
2468 3876 2607 3948 πρὸς
2639 3879 2731 3930 τὸν
2773 3879 3018 3948 παρόντα
3045 3880 3250 3950 κόσμον
3279 3896 3294 3910 θ
3331 3880 3531 3943 εὐθέως
3582 3878 3714 3948 γοῦν
3737 3880 3829 3932 τὸν

2161 3961 2388 4016 θάνατον
2429 3964 2726 4034 αἰτοῦμεν,
2761 3967 2858 4019 καὶ
2895 3967 2996 4020 οὐκ
3031 3965 3199 4037 ἐσμὲν
3242 3967 3608 4037 φιλοσώματοι
3645 3983 3659 3998 ο
3691 3967 3828 4036 ὅπερ

2164 4049 2421 4117 μέγιστον
2466 4050 2786 4120 φιλοσοφίας
2850 4053 3019 4124 μέρος
3056 4054 3194 4128 ἐστὶ,
3247 4054 3321 4125 μὴ
3373 4054 3658 4122 κεχηνέναι
3692 4054 3828 4123 μηδέ

2162 4135 2546 4204 προσδεδέσθαι
2576 4141 2643 4209 τῇ
2685 4139 2934 4210 παρούσῃ
2972 4140 3106 4210 ζωῇ.
3147 4139 3214 4192 Ἠ
3254 4140 3544 4208 θλιϐομένη
3581 4139 3726 4210 ψυχὴ
3764 4140 3826 4193 οὐ

2173 4221 2423 4290 βούλεται
2483 4225 2615 4292 περὶ
2670 4224 2840 4278 πολλά
2887 4221 3047 4289 εἶναι,
3113 4224 3225 4277 ἀλλ’
3283 4224 3640 4287 ἀναπαύσεώς
3683 4243 3826 4289 τινος

2163 4310 2323 4376 μόνον
2349 4310 2443 4362 καὶ
2467 4309 2694 4378 ἡσυχίας
2723 4311 2826 4380 ἐρᾷ
2851 4325 2865 4340 ·
2893 4311 3177 4379 ἀγαπητὸν
3212 4310 3348 4381 αὐτῇ
3393 4311 3500 4363 τῶν
3544 4311 3826 4382 παρόντων

2160 4394 2560 4464 ἀπαλλαγῆναι,
2618 4395 2723 4448 κᾶν
2787 4395 2954 4466 μηδὲν
3013 4396 3198 4464 ἕτερον
3353 4397 3620 4468 Καθάπερ
3669 4397 3826 4466 σῶμα

2161 4482 2466 4552 πεπονηκὸς
2525 4483 2620 4536 καὶ
2673 4482 3088 4553 ταλαιπωρηθέν
3151 4483 3250 4536 οὐκ
3293 4483 3424 4553 ἐρᾷν
3469 4481 3733 4551 βούλεται,
3762 4485 3822 4536 οὐ

2158 4568 2564 4638 γαστρίζεσθαι,
2595 4569 2712 4622 ἀλλ’
2757 4569 3134 4623 ἀναπαύεσθαι
3190 4570 3286 4624 καὶ
3330 4571 3505 4641 ἡσυχῇ
3553 4570 3769 4624 κεῖσθαι
3804 4585 3821 4601 ⁸

2158 4654 2301 4708 οὕτω
2331 4657 2424 4708 καὶ
2469 4655 2613 4727 ψυχὴ
2662 4657 2878 4728 μυρίοις
2935 4657 3320 4728 ταριχευθεῖσα
3360 4655 3385 4695 ἀ
3419 4659 3630 4721 κακοῖς,
3687 4655 3823 4726 πρὸς

2158 4744 2464 4796 ἀνάπαυσιν
2499 4745 2593 4797 καὶ
2621 4744 2848 4814 ἡσυχίαν
2895 4745 3178 4812 ἐπείγεται
3231 4741 3389 4798 εἶναι.
3424 4746 3487 4798 Ἠ
3545 4746 3602 4796 ἐν
3640 4744 3822 4797 ἀνέσει

2157 4824 2290 4882 οὖσα
2321 4831 2601 4900 ἐπτόηται,
2639 4830 3016 4901 τεθορύϐηται,
3054 4830 3327 4901 μετέωρός
3374 4833 3523 4884 ἐστιν
3547 4847 3559 4859 ·
3588 4829 3729 4906 αὐτη
3763 4830 3822 4882 δὲ

2157 4915 2309 4969 οὐδὲν
2332 4917 2558 4986 κεχηνὸς
2581 4917 2777 4985 ἔχουσα
2823 4917 2942 4969 οὐδέ
2983 4917 3256 4988 διαρρέον,
3311 4917 3406 4988 ὅλη
3431 4918 3820 4986 συνέσφιγκται

2158 5002 2251 5053 καὶ
2279 5003 2430 5069 μένει
2463 5002 2863 5072 ἀμετεώριστος
2909 5019 2922 5034 ·
2960 5005 3048 5057 καὶ
3083 5006 3114 5074 ἡ
3167 5005 3263 5074 μὲν
3301 5005 3668 5077 ἀνδρειοτέρα,
3699 5007 3732 5077 ή
3763 5005 3819 5060 δὲ

2158 5087 2525 5158 παιδικωτέρα
2551 5089 2666 5142 ἐστί
2700 5106 2714 5120 ·
2751 5090 2844 5142 καὶ
2865 5091 2898 5160 ἡ
2923 5090 3021 5160 μὲν
3049 5090 3340 5163 βαρυτέρα,
3364 5093 3396 5162 ἡ
3417 5091 3474 5144 δέ
3499 5093 3816 5164 κουφοτέρα.

2159 5175 2266 5226 Καὶ
2297 5175 2548 5245 καθάπερ
2595 5177 2653 5226 ἐν
2693 5175 2870 5246 πολλῷ
2909 5176 3061 5229 ὕδατι
3113 5179 3350 5249 ἐμπεσόν
3393 5197 3444 5232 τι
3488 5178 3688 5248 κοῦφον
3719 5195 3818 5232 σα-

2155 5257 2373 5311 λεύεται
2400 5275 2415 5291 ι
2448 5259 2591 5312 οὔτω
2618 5261 2716 5313 καὶ
2753 5263 2834 5324 εἰς
2857 5262 3054 5334 πολλὴν
3095 5266 3268 5334 χαρὰν
3301 5265 3616 5334 ἐμπεσοῦσα
3648 5265 3814 5335 ψυχή.

2156 5347 2266 5399 Kal
2286 5347 2352 5400 τὰ
2380 5346 2611 5417 μέγιστα
2647 5349 2704 5401 δὲ
2731 5353 2860 5420 ἡμῖν
2902 5353 3271 5422 ἁμαρτήματα
3319 5353 3427 5405 ἀπὸ
3471 5353 3673 5423 πολλῆς
3697 5353 3816 5422 ἡδο-

2156 5433 2256 5501 νῆς
2287 5435 2627 5504 γεγενημένα
2681 5435 2777 5488 ῖδοι
2809 5454 2893 5499 τις
2938 5437 3024 5491 ἄν.
3075 5440 3186 5491 Kal
3233 5439 3282 5490 εἰ
3329 5438 3605 5508 βούλεσθε,
3639 5440 3817 5502 οἰκίας

2158 5520 2567 5591 ὐπογρὰψωμεν
2586 5522 2698 5586 δύο,
2727 5523 2828 5590 τὴν
2853 5525 2950 5594 μὲν
2981 5525 3322 5594 γαμούντων,
3349 5528 3448 5595 τὴν
3478 5526 3534 5580 δὲ
3565 5526 3816 5581 πενθούν-

2157 5623 2264 5659 των
2293 5621 2306 5633 ’
2343 5607 2671 5676 εἰσέλθωμεν
2717 5609 2795 5679 τῷ
2829 5611 2972 5682 λόγῳ
2994 5613 3130 5682 πρὸς
3163 5613 3460 5685 ἑκατέρους
3479 5611 3709 5684 ’ἴδωμεν
3733 5613 3817 5677 τίς

2155 5694 2300 5757 τίνος
2333 5693 2568 5763 βελτίων.
2600 5694 2971 5767 Εὑρεθήσεται
3004 5700 3111 5771 γὰρ
3137 5703 3170 5772 ἡ
3195 5703 3288 5755 τοῦ
3328 5701 3649 5766 πενθοῦντος
3675 5702 3815 5770 φιλο·

2161 5785 2348 5852 σοφίας
2405 5786 2669 5854 γέμουσα,
2722 5789 2755 5859 ἡ
2813 5789 2869 5842 δε
2923 5791 3016 5844 τοῦ
3065 5793 3367 5864 γαμοῦντος
3409 5791 3812 5862 ἀσχημοσύνης.

2225 5891 2248 5920 θ
2285 5889 2647 5952 Ἀπολογοῦνται
2671 5893 2813 5946 docsl
2833 5897 2881 5945 in
2906 5896 3208 5959 quibusdam.
3304 5899 3331 5938 (ὶ
3354 5897 3494 5950 Alius
3510 5893 3807 5960 ταραχθεῖσα.
