4086 6164
335 282 433 339 301

335 395 477 468 Ὀρα
530 395 639 465 γάρ
670 409 683 422 ⁸
716 391 915 464 αἰσχρά
979 392 1095 446 ἐκεῖ
1125 404 1153 433 ι
1205 393 1446 464 ῥήματα,
1495 392 1669 462 γέλως
1727 393 1983 459 ἄτακτος,

330 483 555 556 βήματα
576 481 930 550 ἀτακτότερα,
974 479 1140 551 στολὴ
1195 480 1292 534 καλ⁵
1347 480 1556 550 βάδισις
1602 479 1989 551 ἀσχημοσύνης

332 570 596 643 γέμουσα,
653 570 908 641 σχήματα
958 568 1160 639 πολλῆς
1209 567 1394 631 ἀνοίας
1443 569 1538 623 καὶ
1577 568 1789 639 μωρίας
1833 584 1848 601 σ
1891 570 1986 622 καὶ

331 658 470 721 ὅλως
493 656 641 711 οὐδὲν
660 657 847 729 ἕτερον
891 656 927 727 ἢ
979 655 1157 709 πάντα
1210 655 1382 724 γέλως
1422 655 1517 708 καὶ
1567 654 1884 724 κατάγελως
1916 654 1985 708 16

330 747 468 800 ἐκεῖ.
497 745 609 817 οὐχ
635 747 666 799 6
713 745 914 818 γάμος,
966 744 1128 814 λέγω,
1174 745 1248 816 μὴ
1294 745 1504 813 γένοιτο
1532 761 1547 774 ο
1582 743 1721 799 ἀλλά
1770 743 1839 797 16
1861 743 1992 816 περὶ

328 832 421 886 τὸν
456 831 653 902 γάμον.
697 830 1124 902 Ἐκϐακχεύεται
1166 830 1290 885 τότε
1328 832 1362 902 ἡ
1406 830 1599 900 φύσις,
1650 831 1823 900 ἀλογα
1867 830 1990 885 ἀντι

329 918 636 989 ἀνθρώπων
663 918 715 971 οί
739 918 1006 990 παρόντες
1033 917 1292 987 γίνονται,
1340 919 1390 971 οί
1437 918 1535 990 μὲν
1569 917 1644 980 ὡς
1680 918 1835 972 ίπποι
1858 934 1989 988 χρε-

330 1005 659 1079 μετίζουσιν,
679 1006 730 1059 οί
752 1005 809 1059 δὲ
839 1005 917 1070 ὡς
942 1005 1052 1060 ϐνοι
1070 1005 1379 1071 λακτίζουσι
1399 1021 1415 1038 ·
1436 1004 1605 1077 πολλὴ
1624 1006 1658 1077 ἡ
1675 1004 1919 1075 διάχυσις
1934 1004 1984 1071 ι’,

328 1092 501 1164 πολλὴ
533 1094 569 1164 ἡ
602 1092 865 1158 διάλυσις,
921 1092 1075 1147 οὐδὲν
1138 1092 1446 1159 σπουδαῖον,
1508 1093 1663 1147 οὐδὲν
1689 1094 1936 1162 γενναῖον
1966 1108 1982 1125 ·

327 1180 498 1253 πολλὴ
519 1182 640 1235 ἐκεῖ
662 1180 757 1235 τοῦ
787 1179 1032 1234 διαϐόλου
1059 1182 1094 1252 ή
1122 1179 1341 1251 πομπὴ,
1374 1179 1649 1251 κύμϐαλα,
1684 1179 1861 1244 αὐλοὶ,
1891 1180 1984 1235 καὶ

325 1267 546 1343 ᾅσματα
571 1267 829 1340 πορνείας
853 1268 1088 1339 γέμοντα
1110 1268 1205 1321 καὶ
1233 1267 1495 1338 μοιχείας.
1533 1267 1682 1322 Ἀλλ’
1708 1267 1807 1321 οὐκ
1836 1268 1982 1337 ἐκεῖ,

324 1355 455 1411 ἔνθα
474 1356 535 1411 16
551 1354 767 1423 πένθος,
786 1354 925 1410 ἀλλά
948 1354 1127 1409 πάντα
1150 1354 1390 1409 εὐτακτα
1408 1371 1423 1387 ο
1455 1353 1621 1425 πολλὴ
1642 1354 1752 1426 γὰρ
1773 1356 1807 1427 ή
1831 1355 1979 1428 σιγή,

321 1442 497 1515 πολλή
535 1446 569 1515 ή
596 1444 817 1515 ἡσυχία,
859 1441 1027 1512 πολλὴ
1074 1443 1109 1514 ἡ
1157 1442 1483 1514 καταστολὴ,
1527 1442 1680 1496 οὐδὲν
1725 1443 1980 1510 ἄτακτον,

323 1529 479 1584 οὐδὲν
506 1529 782 1601 ἄρρυθμον
805 1545 820 1562 ι
844 1528 899 1582 εῐ
922 1528 1006 1593 τίς
1026 1546 1081 1583 τι
1123 1528 1216 1582 καὶ
1255 1526 1573 1597 ἐφθέγξατο,
1618 1527 1799 1601 πάντα
1839 1527 1985 1598 φιλο-

326 1615 519 1685 σοφίας
544 1597 784 1689 γέμοντα
823 1616 1043 1686 ῥήματα
1074 1614 1377 1685 ἐφθέγξατο
1406 1628 1421 1644 °
1453 1615 1548 1668 καὶ
1576 1614 1637 1668 16
1662 1597 1983 1686 δὴ’θαυμα-

325 1704 473 1769 στὸν,
498 1703 582 1756 ὅτι
615 1702 756 1774 παρ’
780 1702 988 1756 ἐκεῖνον
1032 1703 1123 1756 16v
1165 1702 1355 1773 καιρδν
1403 1702 1504 1755 οὐκ
1555 1702 1745 1772 ἀνδρες
1795 1702 1978 1773 μόνον,

322 1788 459 1843 ἀλλά
482 1789 577 1843 καὶ
595 1789 784 1843 οίκεῖοι
807 1789 901 1843 καὶ
924 1791 1181 1859 γυναῖκες
1218 1788 1586 1859 φιλοσοφοῦσι.
1616 1789 1852 1859 Τοιαύτη
1871 1789 1981 1861 769

318 1878 354 1948 ἡ
375 1875 470 1931 τοῦ
496 1876 723 1939 πένθους
755 1875 936 1946 φύσις.
970 1875 1083 1931 Καὶ
1123 1876 1338 1931 δοκοῦσι
1386 1876 1485 1946 μὲν
1528 1876 1865 1948 παρακαλεῖν
1887 1875 1984 1929 τὸν

319 1960 640 2026 πενθοῦντα,
678 1963 847 2034 μυρία
893 1963 951 2017 δὲ
1008 1961 1335 2032 φθέγγονται
1373 1961 1616 2031 δόγματα
1661 1961 1978 2031 φιλοσοφίας

322 2049 498 2121 μεστά
525 2065 541 2081 °
569 2050 726 2120 εὐχαὶ
765 2047 969 2113 εὐθέως
1008 2047 1151 2103 ὥστε
1189 2048 1350 2119 μέχρι
1384 2046 1572 2100 τούτου
1609 2046 1825 2117 στῆναι,
1854 2096 1857 2097 ,
1883 2048 1979 2102 καὶ

320 2138 498 2193 ἱκανοὶ
522 2139 578 2193 οί
609 2139 702 2193 τὸν
745 2137 1092 2210 πεπονηκότα
1155 2135 1657 2208 παραμυθούμενοι,
1714 2136 1809 2190 καὶ
1869 2137 1977 2191 ἀπ-

320 2226 651 2298 αριθμήσεις
676 2226 782 2279 τῶν
797 2226 1020 2279 τοιαῦτα
1042 2223 1379 2279 πενθούντων
1398 2240 1468 2294 μυ
1477 2222 1609 2295 ρίαι.
1624 2222 1690 2275 Τί
1706 2223 1813 2294 γάρ
1829 2224 1977 2278 ἐστιν

317 2314 638 2386 ἀνθρωποςς
671 2313 785 2384 Τῆς
811 2312 1023 2382 φύσεως
1055 2311 1298 2376 ἐξέτασις
1320 2311 1418 2382 τῆς
1436 2309 1729 2382 ἡμετέρας.

386 2403 451 2456 δ’.
463 2402 529 2455 Τί
543 2401 720 2456 τοίνυν
735 2401 882 2454 ὲστὶν
896 2399 1200 2472 ἄνθρωπος
1215 2397 1321 2452 Τοῦ
1339 2397 1452 2468 βίου
1469 2397 1667 2467 καὶτῆς
1683 2396 1956 2461 εὐτελείας

319 2486 475 2564 [525]
512 2488 676 2543 αὐτοῦ
707 2487 1028 2560 κατηγορία,
1062 2485 1366 2556 ἀνάμνησις
1404 2484 1513 2538 τῶν
1543 2486 1601 2538 ἐν
1621 2483 1699 2554 τῷ
1728 2483 1975 2554 μέλλοντι

319 2575 683 2651 πραγμάτων,
729 2574 829 2644 τῆς
866 2573 1120 2644 κρίσεως.
1144 2573 1414 2635 Ἕκαστος
1467 2569 1648 2624 οἴκαδε
1681 2571 1972 2642 ἀναχωρεῖ,

321 2662 430 2717 ἀπὸ
461 2662 560 2734 μὲν
589 2661 767 2731 γάμου
798 2658 1154 2730 λυπούμενος,
1211 2659 1293 2714 ὅτι
1341 2657 1407 2730 δή
1461 2657 1624 2721 αὐτὸς
1677 2657 1753 2728 μὴ
1784 2658 1840 2709 ἐν
1879 2657 1972 2710 εὐ·

314 2749 530 2823 πραγίᾳ
571 2747 717 2802 ἐστίν
754 2763 771 2780 ο
820 2746 930 2802 61:6
962 2747 1021 2801 δὲ
1061 2745 1292 2810 πένθους
1324 2743 1626 2815 ἀνειμένος,
1681 2743 1764 2797 δτι
1795 2742 1860 2813 δὴ
1899 2742 1975 2814 μὴ

312 2837 538 2891 τοιαῦτα
593 2834 785 2902 ἔπαθε,
842 2834 936 2888 καὶ
974 2833 1075 2903 τὴν
1127 2831 1437 2903 φλεγμονὴν
1488 2830 1689 2892 σϐέσας
1757 2829 1976 2884 ἃπασαν

313 2923 577 2997 ἀπῆλθεν.
625 2922 787 2977 ’Λλλά
841 2921 932 2988 τί;
984 2919 1161 2983 θέλεις
1207 2918 1278 2973 τὰ
1325 2917 1708 2989 δεσμωτήρια,
1758 2918 1854 2971 καὶ
1905 2917 1975 2970 16

313 3009 518 3081 θέατρα
566 3006 1043 3077 ἀντεξετάσωμενς
1091 3005 1149 3057 '0
1201 3004 1301 3075 μὲν
1362 3003 1472 3073 γὰρ
1530 3001 1779 3071 θλίψεως,
1843 3004 1873 3056 6
1917 3003 1975 3056 δὲ

312 3097 508 3168 ἡδονῆς
533 3095 717 3158 τόπος.
748 3092 883 3164 Φέρε
938 3087 1031 3144 οῦν
1046 3130 1066 3169 ,
1115 3090 1314 3160 ίδωμεν
1342 3087 1411 3142 16
1448 3087 1507 3154 ἐξ
1530 3087 1805 3158 ἑκατέρων
1838 3104 1977 3159 συμ-

314 3186 589 3243 ϐαίνοντα.
636 3185 787 3239 Ἐκεῖ
831 3182 1115 3254 φιλοσοφία
1163 3179 1330 3251 πολλή
1364 3196 1379 3210 ο
1420 3178 1548 3233 ἔνθα
1593 3177 1704 3250 769
1744 3179 1971 3249 ἀθυμία,

312 3274 410 3332 καὶ
438 3272 725 3344 φιλοσοφία
748 3272 986 3332 πάντως.
1002 3268 1062 3322 '0
1088 3267 1195 3338 1:96
1215 3265 1404 3320 τούτου
1426 3264 1690 3332 πλουτῶν,
1711 3267 1740 3320 ὁ
1765 3267 1974 3337 μεγάλα

313 3362 521 3434 φυσῶν,
548 3360 645 3416 καὶ
682 3358 777 3413 τοῦ
833 3357 1089 3428 τυχόντος
1135 3353 1385 3418 ἀνέξεται
1427 3351 1811 3424 διαλεγομένου
1837 3354 1974 3425 πρὸς

311 3449 497 3512 αὐτὸν,
523 3447 617 3501 τοῦ
648 3445 813 3516 φόϐου
843 3445 938 3509 καὶ
962 3443 1062 3513 τῆς
1091 3441 1329 3512 ἀθυμίας
1352 3439 1600 3511 καθάπερ
1626 3438 1771 3504 τινος
1802 3441 1973 3511 πυρός

315 3523 669 3605 σφοδροτέρου
703 3529 1054 3593 ἐπιπεσόντος
1099 3526 1266 3582 αὐτοῦ
1306 3529 1374 3598 τῇ
1415 3526 1598 3599 ψυχῇ,
1637 3527 1735 3583 καὶ
1770 3529 1966 3600 μαλάτ.

310 3637 494 3683 τοντος
524 3620 583 3672 16
612 3617 844 3689 σκληρόν
871 3632 887 3648 ο
920 3616 1042 3669 τότε
1073 3614 1326 3677 ταπεινὸς
1346 3614 1571 3682 γίνεται,
1590 3615 1710 3669 τότε
1736 3616 1975 3687 σκυθρω-

313 3711 415 3770 πὸς
443 3719 492 3772 ο,
514 3706 637 3761 τότε
684 3706 784 3777 τῆς
842 3703 1143 3776 μεταϐολῆς
1209 3702 1523 3758 αίσθάνεται
1564 3703 1663 3775 τῆς
1690 3703 1968 3776 βιωτικῆς,

311 3797 434 3850 τότε
472 3795 732 3867 καρτερεῖ
772 3792 909 3864 πρὸς
967 3790 1162 3846 πάντα.
1205 3791 1296 3846 Ἐν
1341 3790 1399 3844 δὲ
1450 3791 1661 3863 θεάτρῳ
1692 3791 1871 3846 πάντα
1902 3794 1970 3847 τά

313 3882 552 3945 ἐναντία,
583 3880 776 3949 γέλως,
804 3878 1116 3949 αἰσχρότης,
1148 3877 1341 3949 πομπὴ
1365 3878 1662 3949 διαϐολικὴ,
1700 3879 1969 3949 διάχυσις,

310 3970 574 4041 ἀνάλωμα
601 3968 816 4040 χρόνου,
857 3967 952 4021 καὶ
975 3966 1188 4039 δαπάνη
1225 3967 1446 4038 ἡμερῶν
1479 3966 1730 4037 περιττὴ,
1783 3967 1970 4021 ἐπιθυ-

314 4059 443 4132 μίας
470 4057 671 4113 ἀτόπου
698 4055 1033 4126 κατασκευὴ,
1062 4055 1305 4125 μοιχείας
1330 4052 1550 4124 μελέτη,
1590 4054 1842 4127 πορνείας
1871 4071 1971 4123 γυ-

198 4188 203 4194 .
313 4150 557 4223 μνάσιον,
575 4146 866 4212 ἀκολασίας
890 4144 1275 4209 διδασκαλεῖον,
1298 4142 1578 4215 προτροπὴ
1594 4143 1966 4215 αίσχρότητος,

309 4238 545 4307 γέλωτος
588 4235 864 4302 ὑπόθεσις,
912 4233 1297 4305 ἀσχημοσύνης
1350 4231 1789 4303 παραδείγματα.
1827 4231 1968 4285 Ἀλλ’

309 4324 372 4379 οὐ
395 4323 457 4377 16
485 4323 856 4393 δεσμωτήριον
879 4319 1118 4374 τοιοῦτον
1144 4332 1159 4348 ⁸
1181 4318 1297 4373 ἀλλ’
1331 4318 1450 4373 ἐκεῖ
1472 4316 1965 4388 ταπεινοφροσύνῃ,

308 4413 679 4484 παράκλησις,
700 4409 1014 4480 φιλοσοφίας
1053 4404 1357 4479 προτροπὴ,
1401 4406 1674 4476 ὑπεροψία
1697 4405 1808 4461 τῶν
1848 4407 1968 4475 βιω-

309 4500 480 4556 τικῶν
529 4516 544 4531 ⁸
598 4498 773 4552 πάντα
802 4497 1109 4566 πεπάτηται
1164 4496 1258 4548 καὶ
1316 4495 1819 4565 καταπεφρόνηται,
1875 4495 1970 4548 καὶ

310 4585 563 4657 καθάπερ
612 4582 808 4653 παιδίῳ
848 4578 1197 4647 παιδαγωγὸς
1238 4581 1267 4632 6
1302 4578 1469 4645 φόϐος
1504 4580 1793 4649 ἐφέστηκε,
1830 4581 1967 4650 πρὸς

310 4674 489 4731 πάντα
505 4670 574 4723 τά
601 4668 789 4723 δέοντα
815 4665 1096 4736 ῥυθμίζων
1116 4664 1300 4717 αὐτόν.
1340 4663 1477 4717 Ἀλλ’
1500 4667 1548 4716 εἰ
1575 4663 1775 4734 βούλει,
1804 4666 1967 4721 πάλιν

311 4760 513 4830 ἐτέρως
565 4753 909 4823 ἐξετάσωμεν
931 4753 1057 4815 τοὺς
1111 4751 1308 4813 αὐτοὺς
1362 4750 1579 4814 τόπους.
1639 4750 1969 4826 Ἐϐουλόμην

311 4844 590 4914 συντυχεῖν
638 4838 909 4912 ἀνθρώπῳ
960 4837 1067 4891 61:6
1118 4836 1344 4908 θεάτρου
1395 4837 1656 4900 κατιόντι,
1708 4840 1802 4893 καὶ
1826 4841 1969 4913 ἄλλῳ

309 4928 419 4988 ἀπὸ
453 4922 824 4995 δεσμωτηρίου
874 4919 1092 4985 ἐξιόντι,
1138 4921 1234 4973 καὶ
1288 4914 1428 4982 εἶδες
1476 4919 1545 4973 ἂν
1598 4920 1693 4974 τοῦ
1745 4922 1844 4993 μὲν
1865 4925 1963 4997 τὴν

308 5014 487 5089 ψυχήν
525 5010 888 5082 ἐπτοημένην,
941 5006 1405 5081 τεθορυϐημένην,
1453 5006 1748 5081 δεδεμένην
1775 5011 1963 5078 ὅντως,

308 5103 406 5158 τοῦ
433 5102 491 5156 δέ
512 5098 824 5172 ἀνειμένην,
840 5094 1166 5165 λελυμένην,
1191 5094 1597 5167 ἐπτερωμένην.
1640 5097 1698 5152 Ὀ
1723 5099 1821 5169 μὲν
1861 5104 1969 5172 γὰρ

314 5189 423 5249 ἀπὸ
444 5187 538 5243 τοῦ
570 5184 799 5257 θεάτρου
824 5182 1116 5252 ἀναχωρεῖ,
1150 5184 1272 5244 ταῖς
1298 5181 1453 5254 ϐψεσι
1481 5182 1592 5235 τῶν
1631 5184 1751 5237 ἐκεῖ
1772 5203 1967 5255 γυναι-

315 5277 428 5333 κῶν
478 5272 810 5348 προσδεθεὶς,
860 5271 1062 5334 παντὸς
1116 5270 1337 5341 σιδήρου
1388 5270 1742 5343 χαλεπώτερα
1788 5276 1969 5346 φέρων

313 5347 511 5435 δεσμά,
532 5347 667 5427 τοὺς
685 5361 880 5424 τόπους
907 5360 1033 5422 τοὺς
1056 5359 1192 5424 ἐκεῖ,
1206 5358 1275 5411 16
1294 5358 1534 5429 ῥήματα,
1566 5360 1636 5413 τὰ
1671 5363 1928 5433 σχήματα
1953 5385 1966 5399 ο

316 5455 348 5511 6
382 5452 440 5508 δὲ
463 5440 570 5506 61:6
595 5448 990 5521 δεσμωτηρίου,
1021 5447 1238 5500 πάντων
1281 5446 1511 5511 ἀνεθεὶς,
1536 5447 1637 5501 οὐκ
1667 5448 1747 5503 ἔτι
1772 5453 1970 5525 ἡγήσε-

316 5554 408 5594 ται
431 5539 657 5609 πάσχειν
683 5553 735 5590 τι
755 5534 946 5596 δεινὸν,
977 5535 1088 5597 τοῖς
1116 5533 1224 5587 τῶν
1262 5532 1464 5603 ἑτέρων
1499 5532 1569 5586 16
1597 5534 1760 5588 αὐτοῦ
1795 5555 1972 5611 παρα-

316 5623 547 5681 ϐάλλων.
581 5624 703 5677 Ὀτι
729 5624 791 5675 οὐ
815 5622 1047 5686 δέδεται,
1090 5622 1253 5692 χάριν
1307 5619 1514 5674 είσεται
1562 5620 1771 5686 λοιπὸν,
1797 5641 1967 5681 κατα-

320 5710 577 5783 φρονήσει
608 5709 715 5761 τῶν
758 5708 1113 5777 ἀνθρωπίνων
1152 5709 1512 5779 πραγμάτιον,
1544 5708 1776 5773 πολλοὺς
1811 5712 1972 5768 πλουο

384 5793 751 5863 1311;360:231
790 5798 853 5863 ιιιΔ
897 5809 1011 5863 υηο,
1110 5797 1137 5835 ὶι
1182 5798 1235 5847 ιιι
1263 5798 1435 5847 eodem
1464 5798 1614 5854 πο)λὴ
1667 5798 1699 5851 ἡ
1757 5798 1971 5863 διάχυσις

324 5858 484 5911 deest.
549 5857 572 5886 ‘
587 5854 726 5906 Alius
742 5855 1139 5920 σκυθρωπότερος.

1098 276 1157 335 ε.
1196 273 1479 334 JOANNIS
1512 272 2000 335 CHRYSOSTOHI
2041 276 2362 337 ARCHIEP.
2400 280 2942 342 (.ONSTANTINOP.

3644 288 3753 346 509

2089 392 2318 461 τοῦντας
2336 397 2479 468 ὀρῶν
2506 398 2566 452 έν
2597 403 2924 471 συμφοραῖς,
2956 399 3126 456 πολλὰ
3154 400 3248 457 καὶ
3281 401 3495 473 μεγάλα
3516 402 3754 476 δυναμέ-

2089 496 2215 545 νους
2238 483 2332 537 καὶ
2358 483 2672 555 δεδεμένους
2697 489 2814 541 ἐκεῖ
2837 503 2853 519 ο
2879 487 2982 542 κάν
3000 488 3198 552 ἀδίκως
3216 506 3270 542 τι
3298 491 3468 562 πάθῃ,
3496 492 3591 546 καὶ
3613 493 3750 563 πρὸς

2091 564 2249 620 τοῦτο
2297 570 2627 640 καρτερήσει
2668 587 2683 601 ο
2724 572 2819 625 καὶ
2853 572 2964 644 γὰρ
3004 573 3097 627 καὶ
3127 575 3321 628 τούτου
3351 568 3523 630 πολλά
3543 579 3660 630 ἐκεῖ
3681 579 3751 632 τά

2094 653 2459 725 ὐποδείγματα
2486 674 2501 688 ο
2535 658 2616 722 είς
2640 657 2845 713 ἔννοιαν
2877 659 3156 713 ἐλεύσεται
3184 664 3285 733 τῆς
3314 662 3613 733 μελλούσης
3637 665 3751 735 κρί-

2089 754 2250 805 σεως,
2285 742 2380 796 καὶ
2414 743 2594 814 φρίξει
2624 746 2751 809 τούς
2772 745 2973 810 τόπους
3006 746 3240 801 ἐνταῦθα
3281 747 3442 819 δρῶν.
3475 750 3749 822 Καθάπερ

2087 824 2195 897 γάρ
2223 827 2456 884 ἐνταῦθα
2485 833 2544 885 έν
2570 832 2928 904 δεσμωτηρίῳ
2961 833 3469 906 συγκεκλεισμένος,
3499 837 3748 909 ἐπιεικὴς

2086 913 2224 985 πρὸς
2255 916 2463 981 πάντας
2501 919 2650 971 ἐστίν
2694 935 2709 951 °
2751 919 2895 974 οὓτω
2927 920 3166 974 κάκεῖνοι
3195 921 3302 992 πρὸ
3342 921 3446 993 τῆς
3483 925 3744 994 κρίσεως,

2087 1000 2196 1072 πρὸ
2220 1002 2320 1074 τῆς
2353 1004 2650 1076 μελλούσης
2679 1007 2911 1077 ἡμέρας,
2931 1007 3067 1080 πρὸς
3093 1013 3345 1077 γυναῖκα,
3368 1011 3506 1081 1:96;
3534 1012 3744 1077 παιδία,

2086 1087 2222 1158 1:96;
2252 1089 2381 1154 τοὺς
2409 1091 2629 1156 οίκέτας
2652 1092 2864 1148 έσονται
2893 1094 3308 1167 ἐπιεικέστεροι.
3342 1095 3497 1151 Ἀλλ’
3519 1098 3628 1152 61:6
3650 1100 3744 1154 τοῦ

2086 1173 2316 1247 θεάτρου
2335 1176 2434 1247 οὐχ
2453 1176 2649 1242 οὕτως,
2671 1178 2789 1233 ἀλλ’
2809 1180 3137 1253 ἀηδέστερον
3158 1181 3347 1252 ὄψεται
3366 1186 3465 1254 τὴν
3488 1189 3743 1254 γυναῖκα,

2084 1260 2178 1315 καὶ
2200 1261 2465 1335 δυσχερής
2487 1265 2624 1337 πρὸς
2654 1266 2781 1330 τοὺς
2812 1266 3045 1331 οίκείους
3071 1267 3245 1334 ἔσται,
3273 1267 3744 1342 παροξυνθήσεται

2084 1348 2222 1421 πρὸς
2252 1348 2323 1404 τὰ
2362 1352 2571 1418 παιδία,
2600 1353 3066 1427 ἐκθηριωθήσεται
3087 1356 3225 1427 πρὸς
3254 1358 3485 1424 πάντας.
3517 1361 3744 1430 Μεγάλα

2082 1437 2227 1491 κακά
2273 1437 2341 1492 τὰ
2405 1439 2609 1511 θέατρα
2655 1442 3064 1512 παρασκευάζει
3101 1446 3220 1507 ταῖς
3261 1444 3473 1510 πόλεσι,
3506 1447 3740 1517 μεγάλα,

2081 1525 2176 1578 καὶ
2203 1524 2323 1578 οὐδὲ
2346 1524 2504 1580 τοῦτο
2532 1527 2688 1598 ῐσμεν
2723 1529 2806 1583 ὅτι
2836 1530 3067 1600 μεγάλα.
3102 1530 3166 1584 Εἰ
3186 1529 3244 1584 δὲ
3273 1531 3378 1587 οὐκ
3403 1534 3741 1604 ἀπκάμετε,

2079 1609 2421 1683 ἐξετάσωμεν
2445 1611 2594 1685 [524]
2619 1614 2858 1680 καὶτοὺς
2883 1614 2978 1670 τοῦ
2998 1615 3231 1685 γέλωτος
3258 1619 3475 1683 τόπους,
3502 1620 3573 1673 τά
3607 1637 3744 1691 συμ-

2081 1697 2247 1752 πόσια
2282 1697 2461 1767 λέγω,
2487 1700 2615 1754 ἔνθα
2653 1702 2944 1772 παράσιτοι
2989 1705 3084 1757 καὶ
3110 1704 3342 1767 κόλακες
3369 1706 3464 1759 καὶ
3501 1706 3672 1778 πολλὴ
3706 1710 3742 1779 ἡ

2078 1786 2280 1857 τρυφὴ,
2315 1788 2411 1840 καὶ
2435 1787 2630 1852 τόπους
2658 1789 2894 1861 ἐτέρους,
2926 1789 3055 1844 ἐνθα
3094 1791 3258 1861 χωλοὶ
3301 1794 3398 1847 καὶ
3444 1792 3742 1865 ἀνάπηροι.

2079 1871 2247 1926 Πάλιν
2267 1874 2384 1926 ἐκεῖ
2402 1874 2501 1945 μὲν
2533 1874 2675 1946 μέθη
2694 1876 2790 1930 καὶ
2814 1876 2994 1948 τρυφὴ
3017 1878 3115 1931 καὶ
3136 1877 3399 1949 διάχυσις,
3425 1879 3661 1933 ἐνταῦθα
3678 1880 3742 1934 δὲ

2077 1958 2408 2018 τούναντίον.
2432 1960 2575 2030 Ὅρα
2599 1963 2693 2015 καὶ
2711 1962 2804 2015 ἐπὶ
2830 1962 2927 2016 τοῦ
2956 1962 3227 2034 σώματος,
3249 1965 3373 2019 δταν
3403 1963 3740 2037 φλεγμαίνει,

2078 2044 2207 2098 ὃταν
2226 2046 2458 2119 εὐπαθῇ,
2488 2049 2748 2120 ταχίστην
2797 2049 2910 2121 ἔχει
2962 2051 3097 2121 πρὸς
3138 2052 3290 2105 νόσον
3343 2053 3687 2122 μετάπτωσιν
3720 2071 3734 2084 ο

2079 2134 2205 2189 ὅταν
2231 2136 2288 2189 δὲ
2314 2138 2747 2208 κατεσταλμένον
2769 2134 2836 2213 ᾖ,
2870 2140 2969 2210 οὐχ
3008 2139 3202 2205 οὕτως.
3228 2141 3348 2194 Ἵνα
3378 2140 3436 2194 δὲ
3469 2142 3739 2211 σαφέστε-

2081 2241 2172 2295 ρον
2196 2225 2324 2296 ὑμῖν
2348 2226 2376 2279 ὅ
2395 2226 2538 2296 λέγω
2568 2229 2779 2298 ποιήσω
2804 2227 2831 2266 ά
2858 2265 2874 2292 ,
2900 2227 3042 2281 ἔστω
3072 2227 3233 2298 σῶμα
3280 2227 3401 2298 έχον
3433 2228 3566 2281 πολὺ
3597 2224 3740 2298 αἷμα

2077 2312 2173 2366 καὶ
2198 2311 2408 2383 σάρκας
2455 2312 2655 2378 πολλὰς
2693 2313 2789 2368 καὶ
2842 2314 3090 2385 σφριγῶν
3118 2330 3132 2345 °
3166 2313 3323 2369 τοῦτο
3369 2316 3466 2369 καὶ
3496 2316 3603 2370 61:6
3635 2316 3739 2387 τῆς

2077 2398 2346 2469 τυχούσης
2388 2398 2599 2469 τροφῆς
2633 2400 2867 2472 πυρετὸν
2911 2400 3201 2470 δυνήσεται
3227 2403 3427 2467 τεκεῖν,
3463 2402 3529 2455 ἂν
3556 2401 3740 2465 ἁπλῶς

2074 2486 2312 2558 ἀργήσῃ.
2360 2488 2541 2543 Ἔστω
2580 2487 2638 2543 δὲ
2685 2488 2870 2559 ἕτερον
2917 2487 3060 2558 λιμῴ
3113 2487 3316 2559 μᾶλλον
3376 2487 3600 2542 παλαίον
3642 2489 3741 2542 καὶ

2076 2571 2251 2641 θλίψει
2288 2589 2303 2604 ’
2345 2573 2502 2627 τοῦτο
2540 2573 2844 2628 δυσάλωτον
2898 2575 2992 2629 καὶ
3047 2572 3550 2642 δυσκαταγώνιστον
3601 2575 3739 2645 πρὸς

2074 2658 2407 2729 ἀρρωστίαν.
2429 2656 2578 2731 Αἷμα
2604 2661 2709 2716 κᾶν
2742 2661 2897 2730 ὐγιές
2998 2661 3056 2713 ἐν
3085 2662 3220 2731 ἡμῖν
3244 2699 3260 2727 ,
3283 2659 3360 2727 τῷ
3390 2660 3584 2731 πλήθει
3606 2661 3738 2713 πολ-

2074 2744 2230 2810 λάκις
2248 2745 2399 2800 νόσον
2454 2747 2639 2801 ἔτεκεν
2678 2762 2691 2777 ·
2730 2748 2797 2801 ἂν
2854 2748 2911 2801 δὲ
2966 2748 3146 2816 ὀλίγον
3194 2743 3266 2821 ᾖ,
3323 2747 3426 2800 κᾶν
3458 2747 3533 2819 μὴ
3562 2746 3736 2815 ὑγιὲς,

2073 2834 2307 2898 εὐκόλως
2332 2835 2766 2907 κατεργασθῆναι
2782 2834 3021 2889 δύναται.
3049 2834 3206 2889 Οῦτω
3225 2835 3290 2905 δὴ
3307 2833 3401 2889 καὶ
3416 2837 3508 2887 ἐπὶ
3533 2833 3733 2904 ψυχῆς,

2074 2927 2109 2996 ἡ
2130 2926 2228 2996 μὲν
2254 2926 2312 2978 ἐν
2344 2925 2525 2978 ἀνέσει
2548 2925 2642 2978 καὶ
2665 2926 2846 2995 τρυφῇ
2871 2923 3207 2994 ὀξυρρόπους
3237 2923 3349 2993 ἔχει
3374 2922 3509 2993 1:96;
3557 2923 3738 2994 ἀμαρ-

2071 3012 2191 3065 τίαν
2206 3012 2305 3075 τάς
2330 3012 2506 3089 ὁρμάς
2524 3027 2538 3041 ·
2561 3010 2776 3081 καὶγὰρ
2799 3011 3050 3071 ἀπονοίας
3066 3009 3228 3078 ἐγγὺς
3245 3010 3278 3078 ἡ
3298 3009 3517 3080 τοιαύτη
3536 3009 3736 3079 ἕστηκε

2072 3098 2168 3152 καὶ
2214 3097 2407 3168 ἡδονῆς
2446 3097 2539 3152 καὶ
2573 3096 2878 3160 κενοδοξίας
2917 3096 3013 3150 καὶ
3061 3095 3256 3164 φθόνου
3304 3096 3400 3150 καὶ
3434 3095 3737 3149 ἐπιϐουλῶν

2073 3185 2169 3238 καὶ
2199 3183 2569 3253 συκοφαντιῶν
2598 3199 2612 3214 ο
2641 3182 2756 3236 ἀλλ’
2788 3183 2886 3254 οὐχ
2933 3183 2966 3254 ή
3003 3183 3060 3236 ἐν
3088 3182 3263 3253 θλίψει
3289 3182 3382 3236 καὶ
3413 3182 3732 3252 αὐταρκείᾳ,

2071 3270 2209 3326 ἀλλά
2255 3272 2472 3325 πάντων
2514 3270 2719 3324 τούτων
2776 3270 3147 3339 ἀπήλλακταιξ
3185 3270 3315 3324 Ἰδοὺ
3378 3269 3540 3341 ἡλίκη
3580 3268 3734 3332 πόλις

2073 3360 2213 3431 ἡμῖν
2240 3361 2387 3416 ἐστιν
2411 3360 2445 3429 ἡ
2474 3357 2683 3429 μεγάλη
2705 3356 2863 3429 αῦτη.
2889 3358 3058 3410 Πόθεν
3082 3355 3176 3411 οὖν
3197 3357 3439 3411 τίκτεται
3464 3357 3536 3410 16
3554 3356 3730 3422 κακᾶς

2071 3448 2173 3501 οὐκ
2220 3445 2328 3500 61:6
2367 3445 2475 3499 τῶν
2521 3444 2923 3510 πλουτούντων;
2962 3445 3062 3498 οὐκ
3104 3443 3212 3497 ἀπὸ
3242 3444 3352 3498 τῶν
3395 3444 3729 3515 χαιρόντωνς

2072 3533 2231 3595 Τίνες
2252 3534 2331 3594 είς
2351 3530 2673 3602 δικαστήρια
2724 3530 2977 3597 έλκουσι;
3027 3529 3172 3594 τίνες
3205 3529 3393 3594 οὐσίας
3427 3528 3743 3583 διασπαθῶ-

2074 3634 2192 3685 σιν;
2226 3619 2275 3671 οί
2333 3617 2666 3688 ταλαίπωροι
2711 3616 2806 3673 καὶ
2854 3616 3280 3688 ἀπερριμμένοι,
3337 3616 3373 3688 ἡ
3427 3617 3478 3669 οί
3518 3615 3734 3687 μεγάλα

2073 3705 2353 3778 φυσῶντες
2378 3706 2473 3759 καὶ
2502 3705 2818 3777 χαίροντες;
2845 3705 2961 3759 Οὐκ
2982 3704 3129 3758 ἔστιν
3159 3703 3268 3758 61:6
3297 3704 3476 3775 ψυχῆς
3505 3703 3734 3773 τεθλιμο

2075 3793 2242 3865 μένης
2301 3795 2557 3862 γενέσθαι
2614 3808 2669 3847 τι
2720 3793 2910 3850 κακόν.
2977 3789 3130 3846 Οἶδεν
3179 3791 3353 3860 αὐτῆς
3383 3792 3448 3844 16
3487 3791 3677 3862 κέρδος
3701 3792 3736 3845 ό

2072 3879 2282 3942 Παῦλος
2313 3894 2327 3910 ⁸
2358 3880 2447 3934 διά
2474 3878 2633 3932 τοῦτό
2669 3893 2851 3949 φησιν’
2896 3877 2967 3933 Ἦ
3009 3878 3212 3945 θλῖψις
3238 3877 3552 3947 ὑπομονὴν
3588 3895 3737 3931 κατ’·

2069 3966 2382 4036 ερτὰζεται,
2434 3967 2474 4033 ἡ
2513 3966 2582 4018 δὲ
2635 3968 2907 4033 ὑπομονὴ
2963 3964 3241 4033 δοκιμὴν,
3292 3966 3331 4034 ἡ
3382 3963 3451 4018 δὲ
3512 3964 3731 4034 δοκιμὴ

2066 4051 2307 4117 ἐλπίδα,
2327 4052 2367 4119 ἡ
2390 4050 2458 4104 δὲ
2487 4050 2664 4114 ἐλπίς
2690 4053 2762 4104 σὺ
2808 4053 3219 4119 καταισχίνει.
3253 4051 3350 4122 Μὴ
3390 4051 3456 4121 δὴ
3493 4051 3733 4104 καταπί-

2071 4156 2294 4210 πτωμεν
2318 4139 2378 4192 ἐν
2404 4142 2523 4201 ταῖς
2550 4138 2809 4207 θλίψεσιν,
2839 4138 2951 4191 ἀλλ’
2985 4141 3043 4193 ἐν
3067 4141 3269 4193 ἅπασιν
3295 4139 3730 4211 εὐχαριστῶμεν,

2073 4226 2157 4280 ἵνα
2183 4243 2237 4280 τι
2264 4225 2612 4296 κερδάνωμεν
2655 4226 2819 4294 μέγα,
2864 4225 2951 4278 ἴνα
2983 4224 3432 4297 εὐδοκιμήσωμεν
3466 4228 3619 4297 παρά
3648 4227 3733 4297 τῷ

2069 4313 2189 4384 Θεῷ
2215 4312 2293 4383 τῷ
2321 4313 2419 4375 τὰς
2441 4311 2646 4381 θλίψεις
2680 4312 3068 4383 συγχωροῦντι.
3094 4313 3255 4381 Μέγα
3283 4312 3459 4383 θλίψις
3481 4314 3688 4382 ἀγαθόν
3714 4334 3730 4348 ·

2070 4399 2345 4457 καὶτοῦτο
2371 4398 2479 4453 61:6
2503 4399 2610 4453 τῶν
2649 4398 2850 4454 παίδων
2888 4399 2997 4453 τῶν
3031 4400 3311 4471 ἡμετέρων
3338 4400 3683 4472 μανθάνομεν
3714 4418 3729 4432 ·

2069 4488 2237 4559 χωρὶς
2267 4485 2376 4557 769
2405 4486 2634 4555 θλίψεως
2656 4485 2807 4540 οὐδὲν
2836 4485 2902 4538 ἂν
2928 4485 3088 4556 μάθοι
3120 4486 3408 4557 χρήσιμον.
3461 4488 3650 4560 Ἡμεῖς
3673 4490 3732 4543 δὲ

2074 4576 2272 4644 μᾶλλον
2329 4575 2508 4628 αὐτῶν
2554 4573 2788 4645 δεόμεθα
2839 4572 3088 4642 θλίψεως.
3153 4576 3216 4627 El
3269 4576 3378 4647 769
3414 4578 3600 4629 ἐκεῖνα
3620 4578 3731 4629 τῶν

2071 4663 2260 4716 παθῶν
2303 4660 2651 4734 ἠρεμούντων
2714 4662 2901 4726 αὐτοῖς
2934 4660 3114 4713 θάλλει
3167 4672 3191 4700 ⁸
3211 4700 3227 4724 ,
3279 4662 3461 4735 πολλῷ
3527 4663 3733 4733 μᾶλλον

2070 4753 2254 4821 ἡμεῖς,
2289 4748 2385 4801 καὶ
2407 4748 2639 4818 μάλιστα
2661 4747 2937 4809 τοσούτοις
2992 4749 3361 4818 συνεχόμενοι.
3404 4748 3544 4802 Ἀλλ’
3581 4752 3732 4821 ἡμᾶς

2075 4839 2273 4910 μᾶλλον
2308 4836 2688 4903 παιδαγωγοὺς
2724 4835 2865 4904 ἔχειν
2901 4836 3070 4906 ἐχρῆν
3106 4852 3120 4866 ο
3163 4837 3314 4909 παρὰ
3354 4838 3453 4907 μὲν
3481 4837 3589 4911 γάρ
3618 4840 3732 4893 τῶν

2072 4928 2277 4980 παίδων
2304 4924 2372 4977 τά
2397 4924 2767 4993 ἁμαρτήματα
2806 4923 2908 4977 οὐκ
2945 4924 3012 4976 ἂν
3044 4924 3256 4994 μεγάλα
3295 4925 3526 4993 γένοιτο,
3580 4927 3733 4996 παρὰ

2070 5017 2129 5071 δέ
2151 5013 2308 5087 ἡμῶν
2336 5012 2536 5082 σφόδρα
2565 5010 2791 5079 μεγάλα.
2828 5010 3179 5079 Παιδαγωγός
3197 5012 3254 5064 δὲ
3279 5013 3436 5083 ἡμῶν
3468 5015 3502 5083 ἡ
3531 5014 3730 5084 θλῖψις-

2070 5104 2227 5173 Μήτε
2258 5096 2349 5154 οὖν
2379 5096 2736 5162 ἐπισπώμεθα
2771 5095 2960 5167 αὐτὴν,
3000 5098 3096 5151 καὶ
3144 5097 3426 5168 παροῦσαν
3467 5102 3734 5169 γενναίως

2073 5192 2348 5260 φέρωμεν,
2394 5186 2481 5239 ἀεὶ
2520 5184 2726 5255 μυρίων
2775 5180 2942 5236 οὖσαν
2992 5184 3214 5253 ἀγαθῶν
3269 5188 3474 5252 αἰτίαν,
3508 5188 3596 5242 ἵνα
3637 5191 3734 5242 καὶ

2071 5278 2170 5343 τῆς
2195 5273 2345 5345 παρά
2371 5269 2465 5325 τοῦ
2504 5270 2638 5323 θεοῦ
2672 5271 2843 5341 ῥοπῆς
2872 5270 3294 5341 ἀπολαύσωμεν,
3328 5274 3421 5326 καὶ
3459 5274 3568 5327 τῶν
3598 5276 3736 5328 ἀπο.

2072 5363 2338 5433 κειμένων
2390 5358 2607 5427 ἀγαθῶν
2659 5362 2768 5421 τοῖς
2822 5359 3105 5426 ἀγαπῶσιν
3156 5359 3335 5424 αὐτὸν,
3407 5362 3464 5413 έν
3511 5361 3737 5431 Χριστῷ

2084 5448 2257 5519 ,Ιησοῦ
2274 5446 2351 5517 τῷ
2381 5445 2569 5515 Κυρίῳ
2591 5444 2767 5515 ἡμῶν,
2803 5446 2903 5516 μεθ
2921 5445 2934 5463 ⁸
2959 5441 3020 5502 οὗ
3041 5445 3120 5515 τῷ
3141 5446 3315 5516 Πατρὶ
3343 5446 3562 5517 ἅμα.τῴ
3590 5448 3737 5518 ἁγίῳ

2073 5536 2347 5606 Πνεύματι
2373 5533 2520 5598 δόξα,
2547 5535 2769 5603 κράτος,
2809 5534 2962 5604 τιμὴ,
2990 5532 3086 5588 νῦν
3125 5533 3220 5587 καὶ
3242 5533 3350 5600 ἀεὶ,
3376 5534 3474 5587 καὶ
3497 5535 3579 5598 είς
3600 5538 3733 5600 τοὺς

2073 5624 2274 5686 αἰῶνας
2300 5620 2409 5674 τῶν
2429 5619 2664 5675 αἰώνων.
2707 5621 2900 5692 Ἀμήν.

2135 5805 2177 5870 ξί-
2196 5805 2347 5870 Unus,
2374 5805 2539 5859 οῡ-ως.
2560 5806 2881 5870 ηξαφέσιερον
2923 5805 3004 5855 οὖν
3055 5806 3165 5870 ὑμῖν
3205 5804 3396 5856 norica)
3450 5799 3532 5851 τὸν
3565 5800 3733 5865 λόγον.

2082 5881 2105 5910 ε
2131 5868 2264 5920 Idem
2289 5867 2434 5915 αὐτοῦ
2480 5866 2692 5939 σφάλλει.
