4148 6152
555 335 649 394 om

553 446 991 506 confusiouiihil
1035 453 1344 508 strenuum,
1391 440 1526 496 nihil
1571 450 1888 509 generosum
1913 455 1926 487 :
1951 432 2116 487 multa

555 541 712 597 isthic
732 538 925 593 diaboli
951 551 1162 608 pompa,
1185 533 1447 607 cymbala,
1473 531 1636 596 tibiae,
1659 525 1862 584 cantica
1890 522 2122 582 fornicao

555 632 711 686 tionis
735 640 786 684 et
816 628 1062 683 adulterii
1084 627 1262 696 plena.
1287 626 1352 678 At
1383 623 1467 676 uhi
1497 623 1670 676 luctus
1690 628 1790 680 est,
1824 631 1929 670 non
1961 615 2119 674 item,

550 720 644 776 scd
673 722 846 773 omnia
875 719 1014 774 bene
1042 717 1284 772 ordinata
1311 732 1325 768 :
1349 729 1594 782 magnum
1618 711 1908 773 silentium,
1932 719 2118 774 magna

547 811 731 880 quies,
782 825 970 879 magna
1007 806 1299 870 demissio;
1337 805 1466 860 nihil
1507 801 1950 872 incompositum,
1990 792 2120 849 nihil

550 902 909 958 inordinatum
939 899 1027 954 :si
1070 899 1191 970 quis
1234 897 1517 968 loquatur,
1562 893 1723 948 verba
1769 885 2120 961 philosophia:

549 987 704 1064 plena
744 991 946 1057 fundit;
976 989 1221 1062 quodque
1259 988 1448 1043 mirutn
1478 995 1588 1050 est,
1622 984 1712 1038 illo
1743 992 1981 1050 tempore
2011 991 2120 1031 non

549 1084 648 1138 viri
680 1084 876 1146 solum,
910 1081 1004 1136 sed
1029 1080 1191 1136 etiam
1218 1077 1495 1133 domestici
1524 1084 1577 1130 et
1608 1073 1859 1128 mulieres
1888 1068 2120 1140 philoso-

551 1174 804 1244 phantur.
847 1172 994 1226 Talis
1031 1171 1171 1225 enim
1207 1180 1288 1224 est
1321 1169 1494 1223 lucttts
1520 1176 1729 1219 natura.
1774 1162 1840 1215 Et
1873 1159 2120 1214 videntur

545 1264 764 1333 quidem
791 1264 1058 1334 lugentem
1093 1260 1352 1316 consolari
1376 1301 1391 1325 ,
1421 1257 1646 1328 plurima
1670 1262 1845 1310 autem
1873 1253 2117 1322 dogmata

549 1353 826 1424 proferunt
863 1352 1208 1422 philosophiae
1245 1351 1422 1419 plena.
1461 1348 1655 1402 Preces
1693 1345 1903 1407 statim,
1939 1350 2000 1396 ut
2029 1341 2118 1396 hic

546 1447 701 1501 sistat
724 1445 962 1508 afﬂictio,
994 1444 1248 1512 multique
1273 1449 1399 1496 sunt
1425 1439 1514 1508 qui
1541 1436 1797 1490 afﬂictum
1829 1432 2116 1488 consolan-

547 1548 655 1604 tur,
682 1546 730 1592 et
761 1536 1186 1590 entnnerationcs
1214 1531 1362 1586 mille
1385 1530 1518 1584 fittnt
1535 1543 1742 1592 eorum,
1765 1525 1855 1596 qui
1877 1522 2118 1578 similiter

545 1629 744 1697 lugent.
792 1626 930 1692 Quid
970 1635 1052 1680 est
1087 1625 1230 1680 enim
1271 1621 1470 1676 homo?
1513 1619 1725 1674 Natura:
1764 1625 1962 1672 nostra:
1995 1628 2120 1684 per-

540 1718 774 1788 quisitio.

610 1812 664 1866 4.
699 1809 866 1864 Homo
884 1809 1006 1880 quid
1025 1809 1108 1862 sit.
1137 1805 1469 1862 Theatrorum
1497 1802 1850 1873 turpitudo.—-
1865 1797 2001 1868 Quid
2030 1805 2116 1852 est

538 1916 670 1972 ergo
692 1900 893 1954 homo?
915 1899 1048 1953 Vita:
1073 1909 1124 1953 et
1151 1897 1373 1953 vilitatis
1401 1896 1516 1966 ejus
1543 1893 1840 1956 accusatio,
1871 1903 2111 1944 comme-

541 1991 766 2046 moratio
814 1990 1111 2044 futurarum
1157 2003 1333 2043 rerum
1379 1995 1435 2041 et
1485 1983 1693 2054 judicii.
1740 1979 2113 2050 Unusquisque

538 2095 717 2138 autem
742 2081 947 2138 recedit
964 2081 1181 2136 domum
1209 2098 1223 2134 :
1253 2079 1341 2149 qui
1369 2093 1398 2131 a
1431 2076 1631 2146 nuptiis
1651 2115 1668 2140 ,
1696 2081 1941 2138 incestus,
1969 2069 2111 2142 quod

543 2192 654 2231 non
683 2192 770 2230 res
794 2191 1048 2246 prospera
1076 2175 1178 2238 sit;
1205 2172 1296 2242 qui
1322 2188 1353 2226 a
1384 2172 1523 2226 luctu
1541 2209 1557 2235 ,
1585 2169 1840 2223 remissus
1867 2175 1921 2221 et
1956 2165 2110 2234 quie-

542 2277 662 2332 tus,
690 2267 810 2337 quia
840 2283 944 2320 non
984 2266 1174 2320 similia
1218 2276 1406 2334 passus
1431 2270 1511 2317 est
1531 2301 1547 2326 ,
1589 2268 1646 2315 et
1669 2257 1815 2314 omni
1845 2257 2110 2312 exstincto

539 2357 732 2412 ardore
758 2355 1022 2410 discessit.
1071 2355 1178 2411 Sed
1223 2352 1387 2424 quid?
1431 2353 1510 2406 vis
1538 2364 1784 2406 carceres
1819 2357 1874 2404 et
1904 2347 2108 2402 theatra

535 2447 917 2504 conferamus?
961 2446 1057 2502 Ille
1099 2461 1325 2516 namque
1370 2458 1658 2508 aarunmae,
1691 2442 1779 2497 hic
1823 2439 2108 2510 voluptatis

534 2549 617 2596 est
651 2539 816 2594 locus.
852 2541 959 2605 Age
988 2530 1417 2606 ergo,videamus
1473 2549 1592 2605 qua:
1622 2548 1688 2588 ex
1715 2532 1953 2601 utrisque
1978 2543 2108 2585 con-

535 2632 758 2702 tingant.
803 2628 912 2684 Illic
943 2627 1277 2699 philosophia
1315 2628 1478 2681 multa
1507 2643 1522 2679 :
1552 2625 1641 2680 ubi
1679 2625 1820 2679 enim
1865 2637 2064 2677 mceror
2086 2661 2103 2687 ,

531 2721 605 2776 ibi
637 2721 855 2774 omnino
886 2718 1243 2789 philosophia.
1293 2717 1394 2782 Qui
1438 2725 1596 2770 antea
1640 2714 1791 2768 dives
1819 2723 1969 2777 erat,
2015 2710 2103 2780 qui

530 2810 816 2865 admodum
842 2809 1057 2864 inﬂatus
1080 2853 1096 2876 ,
1132 2807 1242 2878 jam
1269 2822 1301 2862 e
1340 2807 1497 2876 vulgo
1536 2803 1777 2874 quemvis
1805 2817 1864 2856 se
1910 2801 2104 2870 alloqui

531 2903 841 2970 permittet,
895 2908 1038 2954 metu
1087 2913 1427 2967 mteroreqne
1475 2898 1594 2966 igne
1637 2892 2011 2950 vehementius
2048 2891 2103 2946 iu

530 2995 763 3050 animam
789 2995 906 3064 ejus
930 2993 1200 3048 incidente
1224 3001 1276 3046 et
1307 2991 1555 3044 duritiem
1600 2988 1906 3043 emolliente
1935 3005 1949 3042 :
1978 2995 2104 3041 tunc

532 3085 749 3140 humilis
771 3125 788 3151 ,
816 3094 942 3138 tunc
971 3090 1194 3138 mmstns
1223 3081 1446 3146 evadet,
1480 3089 1604 3134 tunc
1645 3078 1953 3133 smeularem
1981 3091 2104 3130 mu-

533 3175 794 3229 tationem
819 3173 1040 3235 sentiet,
1078 3183 1202 3226 tunc
1227 3171 1378 3225 fortis
1404 3170 1504 3225 erit
1530 3168 1594 3222 ad
1621 3168 1819 3222 omnia.
1849 3165 1905 3220 In
1945 3165 2102 3220 thea-

533 3274 619 3318 tro
666 3274 840 3318 autem
873 3264 1049 3318 omnia
1081 3263 1344 3318 contraria
1390 3268 1542 3325 sunt,
1588 3261 1753 3324 risus,
1785 3256 2057 3328 turpitudo
2080 3299 2096 3323 ,

529 3371 722 3425 pompa
771 3355 1028 3410 diabolica
1050 3397 1065 3420 ,
1100 3353 1322 3420 eﬂ‘usio,
1352 3351 1641 3422 insumptio
1673 3351 1926 3420 temporis
1947 3391 1962 3416 ,
1997 3349 2099 3403 im-

527 3459 694 3515 pensa
763 3445 971 3500 dierum
1038 3445 1271 3509 inutilis,
1327 3451 1612 3513 apparatus
1678 3440 1744 3495 ad
1811 3440 2095 3496 absurdam

523 3537 1013 3606 concupiscentiam
1040 3575 1056 3602 ,
1104 3534 1347 3590 adulterii
1393 3535 1664 3589 meditatio
1692 3576 1707 3599 ,
1760 3533 2098 3587 scortationis

523 3628 892 3699 gymnasium,
943 3627 1365 3697 intemperantia:
1409 3626 1628 3690 schola,
1678 3623 1982 3679 adhortatio
2030 3622 2096 3676 ad

522 3721 944 3792 turpitudinem,
990 3722 1128 3775 risus
1171 3720 1416 3786 occasio,
1470 3718 1726 3774 fmditatis
1769 3717 2094 3785 exemplum.

525 3813 597 3865 At
621 3826 728 3866 non
761 3812 880 3867 talis
906 3819 991 3866 est
1017 3826 1234 3876 carcer;
1267 3810 1360 3865 sed
1407 3811 1512 3864 illic
1556 3809 1855 3871 humilitas,
1901 3806 2097 3880 exhor-

527 3904 658 3956 tatio
682 3945 697 3969 ,
728 3904 978 3958 stimulus
1006 3903 1072 3958 ad
1121 3902 1507 3972 philosophiam
1529 3943 1544 3968 ,
1581 3900 1912 3956 smcnlarium
1961 3915 2094 3954 con-

529 4005 760 4064 temptus
785 4014 799 4048 :
840 3994 1018 4048 omnia
1047 3995 1442 4060 conculcantur,
1466 3993 1643 4046 omnia
1677 3999 2020 4061 spernuntur,
2040 3997 2095 4043 et

526 4095 704 4142 metus
755 4087 904 4156 quasi
953 4102 1119 4156 puero
1169 4087 1486 4156 pardagogus
1535 4085 1723 4150 adest,
1773 4085 1838 4138 ad
1898 4083 2092 4139 decora

525 4177 702 4232 ottinia
728 4178 874 4232 illum
903 4178 1204 4232 instituens.
1238 4177 1342 4231 Sed
1371 4177 1414 4231 si
1441 4177 1517 4231 vis
1547 4177 1737 4230 iterum
1763 4174 1949 4229 eadem
1975 4174 2090 4228 loca

525 4267 626 4320 alia
658 4268 863 4322 ratione
892 4268 1251 4337 exploremus.
1298 4267 1500 4322 Vellem
1527 4282 1840 4321 occurreres
1877 4267 1992 4319 viro
2016 4280 2086 4318 ex

523 4358 734 4414 theatro
770 4360 1036 4427 venienti,
1064 4369 1118 4414 et
1140 4360 1228 4412 alii
1261 4359 1489 4426 cuipiam
1520 4373 1551 4411 e
1587 4373 1802 4412 carcere
1827 4358 2038 4412 exeunti
2074 4373 2086 4407 :

524 4449 841 4519 videresque
889 4451 1029 4504 illius
1076 4450 1305 4502 animam
1350 4448 1739 4511 fastidientcm,
1782 4447 2086 4509 turbatam,

523 4555 646 4593 vero
671 4542 932 4606 vinctam;
957 4540 1115 4604 hujus
1135 4553 1262 4592 vero
1282 4539 1532 4606 quietam,
1563 4537 1786 4590 solutam
1809 4575 1823 4599 ,
1845 4536 2084 4590 liberam.

522 4631 614 4685 ille
647 4646 872 4701 namque
904 4646 967 4685 ex
1014 4630 1222 4683 theatro
1249 4627 1480 4691 recedit,
1510 4627 1678 4680 oculis
1704 4636 1888 4694 captus
1933 4625 2086 4678 thea-

522 4723 730 4776 tralium
771 4738 954 4777 amore
993 4721 1310 4785 mulierum,
1360 4719 1502 4772 ferro
1532 4717 1832 4772 durioribus
1861 4716 2085 4770 vinculis

519 4813 840 4868 constrictus
863 4855 879 4880 ,
913 4814 962 4868 id
1013 4823 1126 4876 est,
1173 4813 1305 4866 locis
1349 4811 1510 4881 ipsis,
1553 4810 1730 4863 verbis
1752 4852 1766 4874 ,
1803 4809 2037 4880 gestibus
2069 4825 2082 4861 :

517 4904 604 4971 qui
637 4911 812 4957 autem
840 4918 872 4957 e
891 4917 1106 4957 carcere
1134 4903 1276 4966 exit,
1306 4900 1552 4955 ouiliihus
1579 4900 1783 4954 solutus
1803 4939 1816 4960 ,
1848 4913 1951 4951 non
1974 4897 2082 4966 jam

513 5011 575 5050 se
607 5006 753 5065 putat
779 4995 1048 5066 quidpiam
1083 4996 1220 5064 pati,
1251 5011 1344 5050 sua
1381 5010 1500 5049 cum
1526 4994 1715 5048 alienis
1743 5007 2079 5061 comparans.

513 5086 670 5158 Quod
706 5103 812 5142 non
855 5087 1062 5141 vinetus
1105 5088 1206 5152 sit,
1253 5087 1304 5140 id
1351 5103 1448 5156 pro
1489 5087 1656 5156 gratia
1704 5085 1953 5148 habebit,
2000 5099 2083 5138 res

518 5177 778 5234 humanas
801 5177 1093 5246 despiciet,
1124 5178 1318 5231 divites
1345 5179 1537 5231 multos
1567 5179 1752 5232 videns
1780 5180 1832 5231 ia
1861 5177 2084 5230 calami-

517 5271 752 5336 tatibus,
782 5272 872 5343 qui
917 5285 1034 5326 cum
1084 5271 1248 5324 multa
1295 5285 1586 5340 magnaque
1634 5271 1872 5340 possint,
1927 5268 2082 5323 isthic

511 5362 779 5432 ligantur:
809 5363 1015 5419 etiamsi
1042 5362 1168 5435 quid
1198 5361 1391 5432 injuste
1417 5362 1679 5432 patiatur,
1709 5362 1761 5416 id
1789 5362 2034 5417 tolerabit
2062 5378 2077 5417 :

1499 324 1568 400 {IN
1604 321 1783 378 ACTA
1821 313 2340 374 APOSTOLOBUM.
2384 317 2611 374 llOMIL.
2653 320 2812 378 XLII.

3707 327 3813 386 31.2

2225 427 2445 500 hujusce
2471 447 2698 504 namque
2726 435 2802 490 rei
2832 435 2998 490 multa
3025 435 3184 492 habet
3217 439 3500 509 exempla:
3533 447 3792 498 memoria

2230 530 2440 590 repetet
2464 523 2695 580 futurum
2718 524 2978 594 judicium
3000 567 3015 591 ,
3052 537 3106 582 et
3143 528 3526 593 exhorrescct,
3553 532 3677 586 dum
3713 535 3801 594 illa

2229 611 2343 665 loca
2387 613 2656 682 respiciet.
2700 614 2848 669 Sicut
2880 615 3022 671 enim
3055 616 3142 671 hic
3185 618 3236 670 in
3273 634 3488 674 carcere
3531 620 3802 680 inclusus,

2228 701 2374 754 mitis
2401 716 2525 772 erga
2552 718 2741 759 omnes
2764 712 2883 759 est:
2911 705 2992 760 sic
3019 713 3074 760 et
3098 706 3174 761 illi
3203 718 3328 762 ante
3352 709 3609 777 judicium
3633 751 3654 778 ,
3679 720 3803 765 ante

2227 789 2458 846 futuram
2511 793 2656 848 illam
2688 794 2828 850 diem
2849 835 2864 860 ,
2891 810 3016 866 erga
3045 812 3298 862 uxorem,
3327 813 3452 870 erga
3477 800 3645 867 filios,
3675 817 3798 872 erga

2226 880 2550 938 domesticos
2579 891 2737 938 erunt
2780 886 3190 941 mansuetiores.
3219 887 3325 942 Sed
3365 904 3394 942 a
3440 889 3652 945 theatro
3691 907 3798 944 non

2226 972 2304 1027 sic
2333 981 2711 1040 revertuntur;
2739 975 2832 1030 sed
2857 977 2938 1031 vir
2964 976 3302 1046 injuchndius
3325 980 3524 1035 videbit
3550 997 3796 1046 uxorem,

2225 1061 2388 1119 durus
2414 1065 2516 1120 erit
2537 1081 2661 1137 erga
2683 1067 3008 1124 domesticos
3028 1111 3041 1135 ,
3068 1086 3191 1141 erga
3217 1071 3355 1126 ﬁlios
3385 1087 3543 1142 asper
3562 1115 3578 1140 ,
3610 1073 3800 1130 effera-

2225 1155 2369 1210 bitur
2393 1157 2650 1215 adversus
2688 1176 2897 1216 omnes.
2931 1162 3118 1231 Magna
3151 1165 3286 1217 mala
3313 1166 3615 1233 civitatibus
3644 1166 3796 1221 thea-

2226 1253 2305 1299 tra
2335 1250 2580 1315 pariunt;
2628 1265 2814 1321 magna
2837 1294 2851 1313 ,
2887 1267 2987 1307 nec
3038 1254 3237 1308 scimus
3267 1264 3486 1324 quanta.
3535 1256 3590 1312 Si
3618 1267 3790 1313 autem

2224 1349 2330 1388 non
2366 1335 2657 1406 fatigamini
2679 1380 2696 1405 ,
2722 1341 3089 1396 examincmus
3137 1343 3224 1398 illa
3256 1345 3396 1399 risus
3423 1346 3538 1400 loca
3563 1387 3578 1411 ,
3609 1350 3788 1401 convi-

2221 1428 2306 1481 via
2337 1428 2458 1484 dico
2480 1471 2497 1497 ,
2527 1431 2616 1485 ubi
2643 1434 2858 1500 parasiti
2893 1442 2948 1487 et
2976 1435 3283 1492 adulatores
3313 1445 3368 1492 et
3403 1453 3611 1508 magna:
3655 1440 3797 1494 deli-

2220 1517 2318 1571 cia:
2340 1535 2354 1584 ;
2379 1528 2432 1573 et
2459 1520 2571 1575 loca
2601 1521 2703 1576 alia
2722 1562 2740 1588 ,
2765 1523 2852 1577 ubi
2884 1524 3057 1579 claudi
3085 1536 3139 1580 et
3163 1527 3353 1582 mutili.
3387 1529 3498 1585 Illic
3525 1531 3756 1587 ebrietas
3775 1576 3788 1595 ,

2220 1608 2426 1663 delicia:
2445 1651 2461 1672 ,
2505 1611 2730 1678 effusio;
2763 1612 2849 1668 hic
2875 1630 3001 1669 vero
3029 1618 3316 1671 contraria.
3352 1617 3484 1674 Vide
3513 1629 3567 1675 et
3595 1621 3646 1674 in
3676 1637 3795 1676 cor-

2221 1712 2351 1767 pore
2371 1739 2386 1764 ,
2415 1701 2629 1769 quando
2677 1704 2868 1774 pingue
2905 1715 2959 1759 et
2989 1716 3232 1778 vegetum
3262 1718 3340 1763 est
3369 1751 3384 1776 ,
3417 1720 3541 1766 tunc
3568 1713 3794 1768 celerius

2219 1789 2273 1843 in
2314 1790 2555 1844 morbum
2597 1792 2770 1858 cadit;
2818 1809 2938 1848 cum
2985 1811 3112 1852 vero
3154 1799 3466 1868 castigatum
3512 1811 3630 1866 est,
3685 1819 3790 1856 non

2219 1877 2365 1932 item.
2393 1878 2464 1934 Ut
2491 1890 2666 1936 autem
2697 1883 2748 1936 id
2771 1885 2920 1939 vobis
2949 1885 3143 1941 clarius
3168 1889 3428 1957 explicem
3457 1932 3472 1958 ,
3504 1891 3574 1945 sit
3597 1909 3790 1964 corpus

2217 1971 2475 2040 sanguine
2525 1979 2578 2026 et
2619 1973 2870 2029 carnibus
2913 1974 3048 2031 bene
3093 1978 3408 2033 instructum
3454 1996 3516 2035 ae
3559 1971 3786 2051 vigens:

2217 2061 2318 2116 hoc
2345 2061 2428 2116 vel
2471 2078 2536 2116 ex
2565 2063 2669 2118 levi
2713 2065 2832 2119 cibo
2864 2067 3060 2134 poterit
3104 2068 3156 2122 in
3201 2068 3390 2123 febrim
3437 2070 3672 2128 incidere
3697 2114 3711 2136 ,
3743 2075 3790 2127 si

2213 2152 2427 2222 quidem
2451 2153 2504 2208 in
2529 2154 2638 2208 otio
2658 2156 2746 2209 sit.
2781 2154 2862 2211 Sit
2882 2164 2936 2210 et
2963 2156 3104 2212 aliud
3127 2199 3142 2224 ,
3171 2158 3312 2230 quod
3339 2175 3460 2214 cum
3489 2159 3631 2217 fame
3657 2177 3785 2216 cou-

2213 2252 2382 2323 certe‘t
2424 2252 2479 2298 et
2524 2245 2815 2300 :erumnis:
2864 2245 2992 2301 illud
3041 2246 3111 2300 ab
3154 2249 3470 2318 a-gritudine
3517 2250 3787 2308 difficilius

2211 2336 2420 2404 capitur
2445 2344 2501 2390 et
2527 2345 2831 2406 superatur.
2857 2336 3083 2408 Sanguis
3108 2338 3230 2394 licet
3255 2354 3420 2395 sanus
3445 2342 3514 2395 sit
3534 2342 3586 2395 in
3608 2343 3782 2405 nobis,

2211 2440 2276 2480 ex
2305 2425 2655 2482 redundantia
2703 2443 2846 2499 szepe
2886 2430 3104 2486 morbos
3135 2431 3373 2500 peperit;
3413 2432 3460 2486 si
3503 2441 3680 2488 autem
3716 2436 3786 2487 sit

2210 2517 2453 2573 modicus
2472 2559 2488 2584 ,
2519 2534 2618 2574 nec
2647 2528 2824 2575 tamen
2853 2535 3038 2585 sanus,
3071 2521 3224 2577 facile
3252 2522 3430 2578 curari
3461 2532 3656 2592 potest.
3696 2524 3785 2579 Sic

2210 2616 2266 2662 et
2307 2607 2374 2662 de
2419 2609 2593 2662 anima
2623 2609 2943 2664 dicendum:
2976 2625 3094 2680 qua:
3139 2612 3192 2665 in
3237 2612 3349 2666 otio
3394 2621 3448 2666 et
3495 2600 3547 2666 in
3577 2613 3784 2667 deliciis

2209 2707 2324 2761 cst,
2369 2698 2436 2752 ad
2482 2707 2698 2766 peccata
2743 2700 2995 2769 proclivis
3042 2701 3253 2755 fertur:
3298 2717 3421 2756 nam
3465 2706 3783 2772 arrogantia:

2208 2790 2383 2844 vicina
2437 2799 2555 2857 est,
2599 2792 2893 2860 voluptati,
2940 2807 3090 2847 vana:
3144 2795 3364 2864 gloriae,
3395 2795 3647 2861 invidim,
3697 2797 3780 2849 in-

2208 2882 2359 2936 sidiis
2380 2923 2395 2948 ,
2427 2881 2790 2953 sycophantiis
2820 2901 2835 2937 :
2867 2892 2922 2937 at
2947 2897 3053 2938 non
3079 2898 3142 2939 ea
3163 2925 3176 2947 ,
3211 2900 3330 2953 quae
3355 2885 3408 2942 in
3449 2887 3705 2941 aerumnis
3729 2899 3784 2942 et

2208 2975 2509 3046 frugalitate
2532 2975 2710 3045 degit;
2735 2975 2849 3030 haec
2873 2976 3016 3032 enim
3043 2975 3111 3030 ab
3135 2977 3198 3031 iis
3227 2978 3474 3034 omnibus
3501 2977 3779 3033 liberatur.

2207 3065 2287 3119 En
2331 3080 2488 3136 quam
2532 3065 2707 3136 ampla
2737 3075 2820 3120 est
2846 3075 3027 3121 nostra
3066 3067 3272 3121 civitas.
3305 3067 3457 3124 Unde
3499 3068 3657 3138 igitur
3684 3084 3782 3122 na-

2205 3165 2428 3212 scuntur
2457 3157 2638 3211 mala?
2686 3172 2864 3212 nonne
2892 3171 2922 3210 a
2949 3157 3241 3213 divitibus?
3266 3173 3445 3213 annon
3475 3174 3504 3212 a
3535 3158 3775 3229 gauden-

2205 3251 2385 3305 tibus?
2414 3250 2640 3318 Quiuam
2672 3249 2738 3304 ad
2763 3249 3044 3305 tribunalia
3076 3250 3292 3307 trahunt
3314 3292 3329 3316 ,
3364 3251 3579 3321 quinam
3605 3249 3772 3306 facul-

2206 3351 2340 3396 tates
2383 3340 2722 3410 dilapidant?
2771 3356 2839 3394 an
2880 3341 3061 3395 miseri
3090 3350 3145 3396 et
3188 3340 3418 3411 abjeeti,
3466 3356 3534 3395 an
3565 3341 3638 3395 illi
3685 3342 3783 3408 qui

2203 3434 2424 3488 inultum
2457 3432 2708 3487 inﬂantur
2736 3441 2791 3487 et
2814 3431 3081 3502 gaudent?
3121 3431 3204 3486 Ab
3232 3433 3406 3484 anima
3438 3433 3489 3485 in
3520 3435 3777 3486 mrumnis

2203 3533 2451 3578 versante
2477 3538 2581 3578 non
2610 3532 2786 3592 potest
2809 3521 3005 3593 aliquid
3037 3523 3158 3576 mali
3189 3521 3340 3576 oriri.
3392 3521 3539 3576 Illius
3567 3521 3770 3574 lucrum

2201 3614 2352 3667 novit
2403 3613 2633 3679 Paulus;
2679 3613 2907 3684 ideoque
2935 3613 3104 3667 dicit:
3146 3611 3428 3665 Tribulalio
3481 3612 3783 3682 patientiam.

2201 3716 2469 3777 operatur,
2501 3707 2744 3777 patientia
2775 3706 3158 3776 probationem,
3194 3703 3422 3772 probdtio
3450 3719 3566 3757 vero
3594 3720 3733 3772 spem
3755 3745 3777 3767 ,

2199 3814 2313 3866 spes
2339 3806 2506 3850 autem
2534 3813 2632 3850 non
2660 3796 2922 3866 confundit
2967 3797 2985 3866 (
3018 3794 3167 3849 Rom.
3200 3795 3252 3849 5.
3280 3795 3408 3850 ’5-5
3525 3793 3603 3849 Ne
3648 3808 3776 3863 ergo

2199 3887 2542 3942 eoncidamus
2590 3887 2643 3940 in
2690 3889 2972 3952 mrumnis,
3022 3885 3114 3940 sed
3161 3887 3214 3940 in
3258 3885 3506 3940 omnibus
3573 3885 3773 3954 gratias

2198 3995 2451 4048 agamus,
2501 3989 2558 4034 ut
2611 3979 2836 4033 multum
2885 3978 3191 4055 lucremur;
3251 3987 3308 4032 ut
3351 3976 3559 4047 probati
3606 3975 3774 4029 simus

2197 4069 2342 4138 apud
2365 4070 2530 4123 Deum
2552 4109 2565 4132 ,
2587 4070 2672 4138 qui
2701 4083 2967 4123 mrumuas
2999 4067 3274 4137 permittit.
3302 4067 3546 4136 Magnum
3583 4072 3666 4119 est
3684 4064 3740 4116 af
3753 4093 3764 4102 -

2196 4159 2360 4214 ﬂictio
2385 4160 2580 4214 bonum
2608 4177 2620 4212 :
2649 4168 2704 4213 et
2731 4160 2830 4213 hoc
2854 4173 2883 4212 a
2909 4158 3089 4228 pueris
3110 4157 3308 4212 nostris
3335 4155 3625 4218 discimus;
3652 4168 3776 4206 iam

2197 4249 2316 4301 sine
2350 4249 2694 4317 castigatione
2724 4246 2854 4300 nihil
2881 4247 3011 4300 utile
3037 4261 3169 4314 puer
3191 4244 3457 4298 didicerit.
3503 4242 3611 4296 Nos
3643 4257 3772 4294 vero

2195 4337 2366 4406 magis
2387 4353 2543 4404 quam
2571 4336 2646 4390 illi
2674 4335 2962 4388 afflictione
2984 4349 3119 4403 opus
3139 4334 3416 4387 habemus.
3445 4332 3576 4386 Nam
3599 4334 3643 4386 si
3673 4334 3766 4394 illi.

2195 4441 2316 4480 cum
2347 4425 2508 4478 animi
2547 4433 2724 4478 motus
2750 4422 2919 4480 sedati
2950 4429 3106 4487 sunt,
3136 4416 3329 4476 ﬂorent
3355 4437 3370 4486 ;
3405 4421 3573 4475 multo
3598 4423 3768 4490 magis

2196 4532 2294 4572 nos
2321 4559 2338 4585 ,
2370 4533 2490 4572 cum
2533 4514 2764 4570 maxime
2816 4522 2892 4568 tot
2941 4513 3204 4584 tantisque
3247 4510 3604 4571 detineamur.
3665 4511 3769 4567 Sed

2192 4624 2294 4664 nos
2320 4609 2484 4678 magis
2532 4606 2832 4677 paedagogis
2857 4619 3075 4674 egemus
3101 4622 3115 4657 :
3143 4618 3426 4672 puerorum
3456 4603 3596 4656 enim
3640 4617 3758 4670 pcc~

2192 4709 2309 4754 cata
2356 4715 2461 4752 non
2507 4707 2650 4752 tanta
2689 4705 2844 4764 sunt,
2877 4704 3057 4750 nostra
3098 4709 3227 4750 vero
3259 4703 3472 4765 peccata
3510 4694 3761 4746 maxima.

2191 4789 2516 4858 Pmdagogus
2547 4796 2726 4842 noster
2765 4797 2846 4842 est
2892 4785 3126 4840 afﬂictio.
3163 4784 3241 4839 Ne
3268 4785 3446 4854 itaque
3489 4784 3632 4838 illam
3679 4792 3764 4835 at-

2193 4879 2464 4932 trahamus
2485 4918 2500 4944 ,
2525 4886 2579 4932 et
2608 4886 2924 4947 praesentem
2951 4876 3155 4929 fortiter
3179 4875 3415 4929 feramus
3434 4913 3452 4940 ,
3475 4889 3594 4943 qua:
3617 4889 3761 4927 sem-

2190 4985 2285 5040 per
2326 4977 2410 5024 est
2445 4969 2844 5023 innumerorum
2894 4981 3053 5020 causa
3107 4965 3408 5028 bonorum;
3457 4971 3518 5016 ut
3563 4971 3619 5016 et
3670 4962 3762 5016 Dei

2188 5059 2358 5127 gratia
2390 5057 2627 5110 fruamur
2646 5097 2662 5124 ,
2690 5065 2744 5110 et
2787 5055 2940 5109 bonis
2969 5070 3088 5123 qua:
3116 5053 3347 5120 reposita
3389 5060 3512 5106 sunt
3542 5051 3637 5117 iis,
3670 5051 3759 5119 qui

2188 5149 2414 5219 diligunt
2442 5148 2591 5201 illum
2615 5187 2630 5213 ,
2659 5147 2710 5200 in
2737 5147 2954 5201 Christo
2980 5145 3106 5200 Jesu
3137 5146 3362 5198 Domino
3390 5150 3574 5196 nostro
3595 5183 3610 5209 ,
3640 5145 3762 5210 qui-

2187 5253 2312 5292 cum
2367 5237 2514 5290 Patri
2564 5245 2618 5291 et
2665 5236 2886 5306 Spiritui
2937 5245 3160 5300 sancto,
3202 5235 3409 5303 gloria,
3441 5233 3760 5300 imperium,

2191 5327 2362 5382 honor
2388 5369 2404 5388 ,
2438 5343 2577 5383 llllllt;
2609 5337 2666 5385 et
2702 5343 2947 5400 semper,
2990 5337 3044 5382 et
3089 5326 3140 5380 in
3183 5326 3378 5380 sarcula
3419 5324 3764 5380 saeculorum.

2186 5419 2376 5476 Amen.
