4148 6152
1068 299 1158 375 ,8.
1196 297 1472 354 ἔΟᾹΝΝΙΒ
1507 295 1976 354 ςιιῐξῖεοετοηι
2015 292 2330 355 ARCHIEP.
2370 302 2895 362 CONSTANTINOP.

3522 315 3631 376 Μ

920 428 3605 463 “mw-ww

1703 502 2050 563 HOMILIA
2093 502 2319 567 XLIII.

368 641 496 698 CAP.
522 624 612 696 90.
643 640 696 694 v.
727 636 778 694 1.
822 620 1095 704 Postquam
1124 634 1288 685 autem
1319 629 1526 683 cessavit
1555 622 1824 692 tutnultus,
1853 624 1941 680 θο-

438 731 564 787 αιὶἱέ
595 722 789 784 Paulus
818 724 1086 796 discipulis
1126 722 1285 792 iisque
1311 720 1559 785 salutatis,
1593 717 1850 790 profectus
1875 716 1947 771 est

438 830 494 877 ut
523 824 612 876 iret
632 815 685 874 in
718 810 1096 874 Macedoniam.

438 914 492 969 1.
532 898 693 967 Multa
734 923 870 978 opus
908 910 1022 962 erat
1056 890 1421 974 consolatione
1461 902 1580 971 post
1618 892 1819 954 tantum
1864 892 1948 954 tu-

369 1006 615 1061 multum.
657 994 887 1057 lloc'ille
915 1004 1097 1062 curat,
1129 1005 1182 1051 et
1212 1003 1269 1049 ut
1295 992 1587 1064 discipulos
1619 982 1945 1056 consoletur,

370 1098 561 1168 migrat
590 1095 643 1149 in
669 1080 1032 1149 Macedoniam
1055 1127 1073 1154 ,
1104 1085 1299 1142 deinde
1326 1085 1380 1141 in
1407 1083 1684 1140 Graeciam.
1715 1082 1783 1137 Et
1807 1079 1947 1153 quod

369 1190 594 1244 multum
634 1182 753 1240 illos
789 1180 1091 1261 consulatus
1115 1179 1206 1245 sit,
1228 1176 1372 1232 audi.
1400 1170 1457 1231 2.
1490 1170 1613 1230 Cum
1638 1182 1804 1228 autem
1829 1182 1947 1242 per-

369 1276 675 1334 ambulass'ct
701 1285 869 1347 partes
893 1273 1030 1339 illas,
1059 1280 1107 1325 et
1135 1270 1430 1325 exhortatus
1458 1266 1634 1338 {uisset
1667 1281 1750 1320 eos
1789 1267 1949 1318 multo

368 1386 618 1433 sermone,
645 1365 780 1422 venit
812 1366 867 1420 in
894 1363 1165 1419 Gram-iam.
1197 1361 1251 1417 3.
1281 1360 1346 1414 Et
1370 1375 1485 1412 cum
1511 1358 1578 1413 ibi
1606 1359 1783 1427 fuisset
1809 1372 1951 1410 men-

368 1462 507 1518 sibus
536 1454 724 1522 tribus,
764 1473 877 1512 cum
918 1460 1079 1510 essent
1107 1450 1187 1507 illi
1219 1458 1422 1506 structae
1462 1449 1663 1504 insidia:
1687 1456 1719 1502 a
1751 1447 1950 1502 Juda'is

373 1554 668 1622 mmigaturo
703 1551 756 1602 in
790 1546 1029 1618 Syriam,
1061 1541 1333 1598 consilium
1372 1542 1513 1606 iniit,
1543 1546 1596 1593 ut
1626 1542 1951 1594 reverteretur

372 1661 461 1713 per
488 1637 865 1696 Macedoniam.
892 1634 947 1691 4.
975 1635 1251 1690 Comitatus
1280 1642 1353 1687 est
1381 1638 1548 1686 autem
1579 1647 1692 1685 eum
1716 1638 1871 1698 usque
1896 1628 1950 1681 in

369 1737 542 1790 Asiam
569 1730 791 1800 Sopater
815 1728 1113 1790 Berazensis,
1145 1718 1672 1781 Thessalonicensinm
1697 1739 1811 1777 vero
1829 1722 1949 1774 Ari-

367 1827 599 1880 starchus
638 1834 684 1877 et
722 1810 990 1877 Secundus
1024 1828 1070 1872 et
1101 1816 1263 1888 Gajus
1292 1816 1532 1871 Derbteus
1558 1824 1605 1868 et
1633 1810 1947 1878 Timotheus,

367 1916 547 1973 Asiani
576 1931 690 1971 vero
721 1911 973 1984 Tychicus
998 1919 1044 1965 et
1070 1905 1401 1977 Trophimus.
1429 1908 1484 1961 5.
1511 1904 1582 1958 Ili
1606 1921 1718 1958 cum
1739 1919 1952 1973 praeces-

364 2011 567 2074 sisseut,
592 2022 684 2061 nos
724 2009 1077 2072 exspectarunt
1105 1996 1399 2053 in'Troade.
1430 1984 1632 2051 Rursus
1656 2008 1951 2065 persequu-

368 2102 566 2154 tioncm
614 2096 812 2169 patitur
853 2113 882 2150 a
928 2093 1167 2165 ludatis,
1199 2101 1248 2147 et
1294 2090 1441 2144 venit
1469 2088 1522 2143 in
1565 2086 1947 2141 Macedoniam.

286 2194 297 2201 ‘
328 2180 361 2219 ⁷
367 2181 648 2259 Quomodo
687 2199 864 2244 autem
902 2181 1246 2241 Timotheum
1291 2178 1822 2237 Thessalonicensem
1865 2176 1950 2230 di-

367 2283 485 2337 cit?
515 2281 631 2335 Non
665 2266 770 2334 hoc
791 2277 923 2332 dicit
953 2292 969 2341 ;
1001 2262 1120 2340 sed,
1146 2272 1233 2339 Hi,
1262 2270 1453 2342 inquit,
1484 2277 1874 2341 prmcesserunt
1898 2268 1950 2320 in

372 2366 677 2435 Troadem,
736 2364 875 2423 viam
905 2366 982 2421 illi
1007 2373 1277 2435 parantes.
1314 2363 1366 2418 6.
1407 2360 1519 2415 Nos
1550 2375 1664 2415 vero
1690 2358 1950 2430 navigavi-

372 2480 487 2517 mus
523 2471 634 2533 post
676 2461 785 2514 dies
824 2459 1129 2529 Azymorum
1166 2472 1198 2509 a
1230 2452 1519 2525 Philippis,
1560 2461 1607 2506 et
1635 2452 1857 2506 uenimus
1886 2450 1955 2503 ad

370 2572 455 2609 eos
495 2553 749 2608 Troadem
792 2550 845 2606 in
882 2546 1057 2605 diebus
1088 2548 1338 2620 quinque,
1381 2544 1466 2600 ubi
1497 2544 1746 2600 demorati
1780 2560 1953 2598 sumus

370 2645 544 2699 άὶιύηδ
588 2654 797 2713 septem.
846 2642 976 2696 Nam
1024 2641 1232 2695 videtur
1271 2634 1400 2693 mibi
1440 2636 1589 2691 illum
1630 2634 1746 2691 dies
1789 2633 1953 2690 festos

371 2732 668 2804 transigere
695 2730 965 2786 curavisse
1005 2731 1058 2784 in
1092 2727 1297 2800 magnis
1334 2724 1576 2783 urbibus.
1620 2724 1661 2779 A
1693 2718 1953 2795 Philippis

369 2828 601 2896 navigat,
626 2826 713 2880 ubi
737 2840 822 2880 res
849 2824 931 2878 illa
964 2825 1105 2878 circa
1125 2835 1397 2877 carcerem
1423 2819 1742 2888 contigerat.
1772 2816 1952 2873 Tertia

369 2930 548 2972 autem
577 2915 694 2972 vice
727 2915 777 2969 in
808 2910 1172 2970 Macedoniam
1221 2911 1395 2977 venit,
1427 2919 1480 2965 ct
1508 2909 1733 2963 multum
1766 2907 1955 2963 toslili-

367 3004 521 3062 catur
561 3006 630 3062 dc
672 2992 1149 3074 Philippensibus;
1198 2998 1424 3070 ideoque
1472 2998 1581 3053 Illic
1624 2997 1953 3053 demoratur.

369 3101 423 3156 7.
456 3091 577 3156 Una
602 3108 770 3152 autem
794 3098 1137 3159 sabbatorum,
1160 3110 1277 3146 cum
1298 3092 1702 3146 convenissemus
1726 3089 1794 3142 ad
1815 3091 1959 3158 fran-

369 3189 590 3261 gendum
625 3205 829 3261 panem,
852 3182 1058 3240 'Paulus
1102 3183 1392 3253 disputabat
1448 3198 1564 3235 cum
1598 3182 1668 3235 eis
1692 3186 1955 3251 profectu-

370 3300 459 3338 rus
485 3300 508 3347 ;-
533 3283 881 3353 protraxitqne
912 3293 1191 3334 sermonem
1217 3291 1374 3346 usque
1409 3273 1461 3327 in
1489 3272 1708 3326 mediam
1739 3285 1954 3326 noctem.

372 3373 509 3428 Vide
548 3370 817 3443 quomodo
855 3368 1033 3423 omnia
1080 3364 1530 3437 poslltabercutur
1559 3362 1949 3433 prtedicalioui.

373 3465 690 3520 PentecOSte
726 3470 853 3516 tunc
898 3470 1049 3526 erat,
1082 3469 1136 3514 et
1183 3457 1298 3512 dies
1349 3446 1669 3518 Dominica;
1713 3454 1804 3509 ille
1830 3468 1958 3509 vero

372 3570 543 3624 usque
568 3552 633 3607 ad
656 3553 828 3608 noctis
846 3551 1125 3606 dimidium
1154 3562 1458 3602 sermonem
1489 3546 1788 3617 protraxit;
1823 3545 1958 3601 adeo

375 3645 759 3713 discipulorum
794 3643 1024 3698 salutem
1054 3638 1329 3709 cupiebat,
1364 3650 1422 3693 ut
1457 3653 1526 3693 ne
1555 3646 1714 3693 noctu
1742 3636 1958 3708 quidem

379 3742 578 3790 taceret
603 3752 617 3797 ;
648 3734 757 3789 imo
788 3744 912 3789 tunc
946 3733 1115 3801 magis
1143 3732 1455 3797 dissereret,
1488 3731 1629 3801 quod
1654 3732 1807 3802 quies
1835 3740 1960 3786 tunc

374 3836 543 3883 esset.
566 3824 696 3882 Vide
713 3841 867 3896 quam
892 3826 1113 3880 multum
1134 3823 1443 3891 dissereret,
1464 3823 1623 3879 etiam
1646 3831 1766 3894 post
1788 3823 1958 3894 ipsum

272 3935 299 3973 κ.
376 3933 547 3975 came
576 3929 802 3987 tempus.
832 3914 935 3973 Sed
968 3916 1160 3971 festum
1201 3915 1435 3971 turbavit
1459 3914 1720 3980 diabblus,
1748 3930 1848 3970 nec
1878 3925 1959 3969 ta-

380 4024 501 4064 men
532 4009 832 4079 przcvaluit,
865 4022 985 4063 eum
1017 4007 1312 4062 auditorem
1346 4007 1398 4060 in
1427 4020 1676 4060 somnum
1702 4004 1961 4060 demersit

378 4112 434 4158 et
457 4102 653 4172 deiecit
687 4120 699 4156 :
732 4099 875 4171 quod
898 4110 955 4155 ut
980 4098 1282 4170 contigerit,
1307 4098 1383 4153 sic
1409 4106 1622 4154 enarrat
1649 4084 1920 4168 pergendo
1944 4115 1957 4151 :

378 4196 428 4251 8.
470 4194 633 4249 Erant
656 4203 819 4247 autem
840 4192 1101 4262 lampades
1120 4191 1338 4260 capiosa:
1358 4190 1408 4245 in
1433 4187 1708 4254 caenaculo,
1743 4187 1826 4242 ubi
1851 4205 1963 4243 era-

381 4303 491 4340 mus
515 4278 823 4357 congrt-gati.
850 4285 902 4340 9.
931 4283 1122 4339 Sedens
1144 4292 1312 4336 autem
1331 4281 1537 4353 quidam
1557 4281 1846 4334 adolescens
1872 4296 1963 4333 no-

378 4380 514 4433 mine
539 4377 801 4449 Eutychus
829 4393 980 4448 super
1005 4376 1296 4446 fenestram,
1319 4390 1432 4427 cum
1462 4382 1765 4443 mergeretur
1786 4387 1963 4426 somno

378 4473 555 4543 gravi,
587 4473 874 4543 disputante
908 4470 997 4523 diu
1031 4468 1227 4533 Paulo,
1267 4467 1447 4521 ductus
1485 4481 1658 4519 somno
1700 4464 1876 4518 cecidit
1903 4465 1965 4515 de

382 4564 528 4619 tertio
557 4562 815 4616 caenaculo
845 4560 1077 4614 deorsum
1097 4600 1112 4624 ,
1143 4569 1189 4610 et
1219 4557 1443 4611 sublatus
1488 4565 1559 4608 est
1594 4565 1838 4607 mortuus.
1872 4554 1960 4607 10.

381 4656 510 4709 Cum
540 4655 871 4707 descendisset
907 4650 1119 4713 Paulus,
1151 4649 1372 4702 incubuit
1402 4664 1552 4715 super
1582 4663 1693 4698 eum
1713 4686 1728 4709 ,
1757 4655 1803 4698 et
1829 4663 1966 4699 com-

383 4748 561 4820 plexus
590 4745 716 4798 dixit
748 4760 766 4797 :
805 4738 978 4795 Nolite
1005 4740 1197 4792 turbari
1219 4756 1235 4802 ;
1265 4739 1435 4791 auium
1464 4737 1593 4789 enim
1628 4737 1737 4804 ejus
1774 4736 1826 4788 in
1856 4736 1966 4803 ipso

380 4847 477 4893 cst.
497 4836 524 4890 1
538 4836 555 4889 l
570 4874 584 4888 .
608 4833 893 4888 Ascendens
912 4848 973 4885 au
982 4839 1099 4895 tem,
1124 4833 1455 4900 [rangensque
1474 4842 1654 4896 panem
1673 4834 1717 4879 et
1733 4835 1965 4897 gustans,

381 4930 603 4999 satisque
638 4925 926 4996 alloquutus
958 4940 1115 4993 usque
1157 4923 1209 4975 in
1249 4922 1437 4986 lucem,
1482 4921 1555 4974 sic
1590 4921 1844 4991 profectus
1871 4930 1965 4977 est.

384 5022 475 5077 12.
503 5020 842 5076 Addnwunt
876 5026 1043 5070 autem
1077 5031 1287 5084 puerum
1322 5015 1600 5081 viventem,
1631 5022 1679 5065 et
1720 5011 1969 5067 consolati

384 5121 500 5168 sunt
525 5129 626 5167 non
649 5111 874 5165 minime.
891 5107 1043 5172 Vide,
1059 5121 1262 5177 qmeso,
1284 5105 1571 5171 theatrum,
1599 5112 1658 5158 ut
1682 5112 1834 5159 erant
1862 5119 1969 5159 una

385 5202 583 5258 coacti:
599 5199 948 5271 Congregatis
973 5197 1114 5251 enim
1140 5195 1432 5265 discipulis,
1476 5196 1677 5266 inquit;
1700 5196 1970 5267 etiamque

390 5296 599 5366 signum
647 5295 804 5364 quale
843 5290 1000 5345 fuerit
1038 5289 1420 5359 perpendezin
1468 5290 1698 5343 fenestra
1741 5304 1971 5359 namque

390 5385 651 5451 sedebat,
680 5383 885 5454 inquit,
915 5391 970 5437 ct
1014 5380 1329 5450 intempesta
1371 5390 1547 5436 nocte.
1580 5380 1810 5436 Tantum
1854 5390 1972 5437 erat

390 5475 692 5531 auditorum
725 5473 1073 5533 desiderium.
1109 5471 1497 5527 Erubescamus
1524 5485 1657 5536 nos,
1683 5471 1768 5541 qui
1799 5486 1971 5539 neque

394 5565 445 5618 in
473 5565 561 5621 die
587 5563 693 5619 hoc
720 5563 964 5621 iacimus.
996 5562 1101 5618 Sed
1133 5560 1348 5624 Paulus,
1380 5562 1605 5630 inquies,
1641 5573 1769 5616 tum.
1796 5560 1969 5615 disse-

391 5658 562 5710 rebat.
589 5654 728 5722 Quid
753 5655 1088 5709 dieis?Nunc
1116 5667 1327 5725 quoque
1354 5652 1547 5707 Paulus
1575 5651 1831 5715 disserit;
1862 5652 1972 5704 imo

390 5761 520 5805 vero
544 5761 716 5817 neque
744 5756 869 5801 tunc
892 5762 1062 5818 neque
1097 5762 1243 5803 nunc
1269 5745 1482 5813 Paulus,
1509 5742 1604 5800 sed
1624 5743 1888 5810 Christus,
1919 5751 1973 5795 ct

2053 640 2210 684 nemo
2243 626 2408 686 audit.
2442 630 2557 688 Non
2584 633 2823 715 fenestra
2853 648 2994 695 nunc
3019 649 3122 709 est,
3155 652 3260 697 non
3300 632 3491 713 fames,
3522 662 3630 703 non

2048 728 2268 776 somnus
2308 722 2667 793 interturbat;
2712 738 2765 784 et
2813 730 2991 787 tamen
3031 738 3137 788 non
3182 732 3477 794 audimus:
3521 755 3631 795 non

2048 816 2133 867 est
2158 815 2396 884 angustia
2426 812 2556 885 loci,
2590 832 2694 874 non
2723 820 2868 877 aliud
2897 818 3167 895 quidpiam
3194 826 3393 886 simile.
3434 828 3617 899 Quod-

2048 914 2154 972 que
2176 905 2368 960 mirum
2397 917 2481 963 est
2508 907 2723 967 etiamsi
2749 904 3063 972 adolescens
3085 926 3249 984 esset,
3274 926 3381 975 non
3408 922 3526 977 erat
3555 923 3631 991 pi-

2049 1006 2164 1063 ger,
2179 1002 2233 1050 et
2249 1002 2435 1054 somno
2457 1004 2705 1070 gravatus
2729 1010 2835 1060 non
2861 998 3129 1074 (incessit,
3143 1010 3317 1080 neque
3335 1000 3631 1083 perieulum

2049 1086 2375 1157 formidavit,
2395 1102 2463 1147 ne
2484 1086 2772 1150 laberetur.
2796 1090 2949 1165 Quod
2964 1100 3011 1155 si
3031 1099 3329 1159 donnitans
3347 1102 3629 1173 deciderit,

2051 1186 2119 1235 ne
2149 1176 2401 1249 mireris;
2442 1190 2614 1255 neque
2639 1187 2785 1244 enim
2815 1194 2881 1245 es
2920 1188 3127 1262 ignavia
3155 1194 3507 1265 domitabat,
3535 1198 3630 1254 sed

2050 1274 2115 1328 es
2141 1276 2343 1329 Ital.qu
2369 1276 2708 1335 necessitate.
2731 1279 2813 1335 Tu
2835 1284 2966 1338 vero
2990 1281 3320 1354 consideres,
3350 1287 3535 1356 velim,
3564 1288 3632 1344 il-

2050 1361 2133 1419 los
2162 1370 2310 1420 tanto
2335 1367 2515 1422 Studia
2539 1370 2717 1426 motos
2746 1369 2911 1428 fuiSse
2931 1413 2948 1440 ,
2978 1376 3035 1429 ut
3062 1374 3222 1431 etiam
3250 1375 3303 1432 in
3345 1372 3502 1434 tertio
3522 1392 3634 1436 ote-

2051 1455 2245 1512 naculo
2281 1467 2500 1528 essent;
2539 1461 2774 1519 nondum
2824 1463 2968 1521 enim
3007 1475 3125 1523 erat
3161 1468 3409 1526 ecclesia.
3457 1468 3635 1528 Nolite

2050 1546 2264 1616 turbari,
2290 1550 2458 1623 inquit
2482 1570 2497 1620 ;
2526 1554 2696 1609 anima
2717 1557 2850 1612 enim
2876 1555 2987 1623 eius
3006 1559 3061 1614 in
3081 1560 3197 1632 ipso
3216 1572 3311 1616 est.
3336 1558 3453 1618 Non
3475 1560 3630 1627 ditit,

2049 1637 2343 1711 Resurget,
2392 1644 2661 1701 suscitabo
2698 1646 2843 1703 enim
2893 1647 3082 1718 illum;
3114 1651 3208 1706 sed
3238 1653 3365 1724 quid
3391 1653 3417 1706 ?
3457 1644 3634 1710 Nolite

2052 1732 2262 1786 turbari.
2290 1731 2425 1790 Vide
2461 1752 2619 1806 quam
2649 1738 2718 1794 sit
2742 1754 2773 1794 a
2799 1738 2937 1796 fastu
2968 1741 3197 1810 alienus,
3228 1759 3385 1816 quam
3407 1741 3473 1802 ad
3497 1762 3631 1802 con-

2051 1823 2330 1879 solandum
2361 1842 2578 1896 pronus.
2607 1824 2916 1900 Ascendens,
2951 1833 3144 1905 inquit,
3174 1846 3221 1891 et
3261 1839 3499 1910 frangens
3536 1857 3632 1908 pa-

2051 1930 2163 1967 nem
2185 1925 2235 1969 et
2250 1922 2476 1986 gustans.
2502 1918 2611 1974 lloe
2625 1936 2926 1978 sermonem
2951 1924 3322 1995 interpellavit,
3346 1944 3445 1985 nec
3468 1929 3625 1985 laesit.
3714 1988 3722 1993 ἱ

2052 2001 2240 2059 Viden’
2263 2021 2431 2064 eterra:
2461 2008 2864 2081 frugalitatem?
2888 2012 2956 2070 Et
2975 2026 3185 2089 gustans
3203 2060 3219 2087 ,
3250 2017 3452 2092 inquit,
3479 2020 3627 2077 satis-

2051 2114 2148 2167 que
2167 2099 2457 2171 alloquulus
2488 2106 2641 2174 usque
2660 2104 2728 2160 ad
2747 2105 2930 2175 lucem,
2955 2108 3028 2165 sic
3053 2112 3308 2183 profectus
3325 2123 3415 2170 est.
3444 2113 3630 2171 Viden‘

2052 2190 2323 2257 quomodo
2347 2202 2729 2263 pernoctarent
2749 2194 2773 2251 τ
2794 2197 2952 2254 Tales
2970 2204 3124 2257 erant
3143 2217 3366 2270 mensae,
3386 2213 3446 2260 ut
3469 2203 3631 2261 sobrii

2052 2280 2295 2352 discipuli
2321 2284 2549 2352 abirent,
2574 2295 2628 2343 et
2652 2280 2718 2343 ad
2735 2288 3058 2347 audiendum
3089 2296 3342 2365 prompti.
3375 2296 3511 2364 Quid
3536 2299 3635 2354 nos

2052 2388 2081 2426 a
2109 2368 2330 2429 canibus
2357 2370 2698 2434 di'tl'erimus?
2726 2374 2914 2438 Videte
2940 2393 3195 2454 quantum
3223 2385 3295 2443 sit
3320 2386 3629 2447 discrimen.

2053 2463 2390 2520 Adduxerunt
2414 2472 2579 2522 autem
2603 2486 2815 2540 puerum
2840 2473 3083 2530 viventem
3108 2480 3149 2541 ⁸,
3180 2486 3229 2530 et
3248 2477 3497 2534 consolati
3516 2490 3633 2535 sunt

2053 2571 2154 2609 non
2193 2558 2413 2612 minime.
2454 2550 2698 2631 Magnam
2737 2564 3005 2636 accipiunt
3040 2545 3486 2636 consolationem,
3521 2580 3633 2627 tum

2053 2647 2173 2716 quia
2200 2648 2375 2704 vivum
2405 2656 2746 2724 acceperunt,
2772 2665 2882 2711 tum
2910 2656 3033 2726 quia
3058 2657 3270 2730 signum
3301 2657 3498 2724 factum
3528 2673 3632 2717 est.

2056 2733 2144 2794 13.
2168 2737 2279 2795 Nos
2294 2750 2458 2797 autem
2474 2744 2795 2802 ascendentes
2814 2750 2998 2814 navim,
3019 2752 3363 2823 navigavimus
3378 2755 3429 2808 in
3447 2752 3632 2822 Asson,

2054 2832 2174 2886 inde
2211 2836 2492 2904 suscepturi
2531 2833 2756 2894 Paulum
2797 2854 2817 2894 :
2844 2842 2916 2896 sic
2957 2843 3090 2896 enim
3134 2842 3451 2916 disposuerat
3493 2848 3632 2916 ipse,

2057 2941 2147 2993 per
2170 2933 2354 2979 terram
2380 2927 2475 2982 iter
2500 2932 2747 3000 facturus.
2775 2930 2863 2986 M.
2892 2930 3018 2987 Cum
3046 2942 3213 2988 autem
3238 2937 3634 2992 conuenissemns

2054 3017 2110 3069 in
2138 3014 2317 3083 Asson,
2335 3028 2595 3090 assumpto
2620 3037 2678 3076 eo
2698 3023 2920 3078 venimus
2937 3022 3234 3095 Mitylenen.
3259 3026 3413 3098 Sat-pe
3441 3025 3634 3083 Paulus

2056 3121 2086 3161 τι
2116 3108 2391 3179 discipulis
2419 3124 2746 3184 segregatur.
2783 3110 2922 3172 Ecce
2951 3131 3180 3188 namque
3215 3119 3325 3189 jam
3355 3120 3445 3175 ille
3471 3120 3633 3192 pedes

2058 3199 2162 3254 iter
2191 3197 2336 3269 facit,
2369 3201 2446 3257 illi
2476 3219 2605 3259 vero
2639 3205 2801 3261 navi:
2834 3202 2974 3277 quod
3005 3207 3174 3265 levius
3204 3218 3320 3266 erat
3348 3210 3452 3268 illis
3469 3211 3631 3280 cedit,

2057 3290 2198 3359 quod
2228 3290 2504 3349 molestius
2519 3292 2634 3365 ipse
2649 3298 2893 3352 assumit.
2916 3296 3086 3356 Pedes
3105 3299 3237 3368 ibat,
3257 3309 3366 3357 tum
3391 3312 3448 3357 ut
3470 3302 3634 3359 multa

2057 3382 2410 3454 dispensaret,
2436 3393 2546 3439 tum
2575 3395 2632 3441 ut
2651 3385 2872 3445 doceret
2892 3389 3033 3458 illos,
3056 3406 3126 3447 ne
3149 3390 3217 3447 ab
3241 3406 3299 3448 se
3323 3406 3661 3464 scpararen-_

2060 3480 2164 3528 tur.
2199 3470 2285 3529 15.
2316 3470 2383 3528 Et
2410 3475 2529 3530 inde
2553 3478 2864 3549 navigantes,
2893 3481 3118 3548 sequenti
3153 3483 3235 3538 die
3257 3484 3484 3540 uenimus
3508 3501 3631 3539 con-

2059 3572 2139 3618 tra
2163 3565 2344 3619 Chium
2371 3583 2390 3630 ;
2412 3570 2637 3634 sequenti
2656 3586 2769 3625 vero
2790 3572 3083 3641 appulimus
3102 3574 3338 3640 Samum,
3361 3585 3409 3631 et
3429 3593 3638 3631 manen-

2060 3667 2133 3711 tes
2159 3657 2386 3735 Trogylii
2403 3699 2418 3725 ,
2443 3661 2671 3730 sequenti
2695 3661 2778 3716 die
2804 3663 3027 3718 venimus
3059 3660 3310 3720 Miletum.
3341 3662 3477 3723 Vide
3502 3683 3637 3739 quo-

2061 3748 2222 3803 modo
2262 3749 2547 3807 festinante
2576 3748 2743 3807 Paulo
2783 3756 3038 3824 pergunt,
3067 3771 3166 3811 nec
3195 3772 3373 3813 moras
3401 3756 3637 3825 trahunt,

2061 3839 2154 3894 sed
2191 3849 2517 3911 praetereunt
2545 3841 2765 3898 insulas.
2797 3842 2884 3900 l6.
2914 3845 3260 3917 Proposuerat
3287 3850 3420 3903 enim
3445 3846 3641 3906 Paulus

2062 3932 2442 4003 transnavigare
2482 3931 2743 4004 Ephesum
2765 3974 2782 4001 ,
2827 3944 2884 3990 ut
2914 3952 3071 4008 neque
3114 3954 3257 3992 mora
3296 3938 3376 3993 illi
3421 3950 3548 3995 esset
3588 3943 3644 3995 in

2062 4023 2202 4076 Asia.
2234 4022 2527 4077 Festinabat
2565 4035 2734 4080 autem
2771 4026 2818 4081 si
2855 4028 3091 4097 possibile
3118 4029 3215 4084 sibi
3243 4041 3389 4100 esset,
3418 4026 3473 4087 ut
3509 4032 3642 4087 diem

2063 4111 2385 4169 Pentecostes
2407 4123 2574 4185 ageret
2596 4114 2948 4190 Jerosolymis.

2132 4204 2188 4257 9..
2229 4204 2358 4272 Quze
2389 4206 2503 4260 haec
2542 4206 2856 4285 festinatio?
2886 4204 3003 4265 Non
3043 4222 3260 4281 propter
3290 4212 3505 4279 festum,
3546 4215 3643 4270 sed

2066 4306 2281 4365 propter
2307 4295 2717 4354 multitudinem.
2747 4298 2916 4356 Simul
2943 4302 3158 4359 Judteos
3172 4312 3237 4358 ex
3263 4318 3330 4360 eo
3354 4305 3641 4369 alliciebat,

2064 4387 2203 4456 quod
2251 4387 2562 4445 festivitates
2601 4391 2842 4458 coleret;
2874 4393 3033 4448 simul
3070 4406 3126 4449 et
3170 4394 3417 4451 inimicos
3456 4412 3651 4466 rapere

2064 4478 2165 4532 sibi
2187 4479 2430 4550 cupiens,
2454 4480 2973 4539 l'estinabatvcrbum
2990 4487 3331 4543 annuntiare.
3354 4484 3490 4543 Vide
3514 4502 3652 4558 ergo

2066 4582 2320 4641 quantum
2361 4570 2562 4628 factum
2599 4575 2672 4628 sit
2711 4575 2954 4643 lucrum,
2999 4576 3247 4634 omnibus
3271 4579 3643 4648 pmsentibus.

2068 4661 2215 4719 Alias
2234 4678 2380 4727 vero,
2403 4680 2470 4719 ne
2497 4662 2712 4733 Ephesii
2745 4667 3157 4737 negligerentur,
3186 4665 3293 4722 alio
3317 4668 3647 4740 dispensavit

2068 4755 2248 4809 modo.
2277 4755 2381 4812 Sed
2404 4759 2649 4827 superius
2675 4758 2814 4814 dicta
2833 4770 3159 4830 repetamus.
3189 4760 3255 4815 Et
3274 4763 3535 4830 salutatis,
3561 4762 3647 4817 iu-

2068 4848 2201 4917 quit,
2226 4848 2518 4920 discipulis,
2543 4851 2801 4920 profectus
2827 4861 2933 4919 est,
2963 4863 3018 4904 ut
3041 4853 3136 4906 iret
3162 4853 3215 4906 in
3249 4846 3603 4909 Macedoniam
3632 4896 3648 4918 ,

2069 4946 2115 4992 et
2142 4940 2440 4993 exhortatus
2468 4956 2553 5021 eos
2576 4957 2803 4995 sermone
2839 4942 3023 5008 multo,
3045 4944 3180 4997 venit
3202 4943 3254 4997 in
3282 4942 3555 5000 Graeciam.
3585 4944 3655 4999 Et

2070 5029 2149 5084 sic
2178 5045 2391 5085 rursum
2422 5030 2717 5095 recreavit,
2761 5047 3008 5101 magnam
3039 5032 3174 5089 dans
3200 5035 3649 5090 consolationem.

2072 5119 2205 5176 Vide
2250 5121 2445 5193 ubique
2490 5118 2639 5176 illum
2696 5134 2946 5179 sermone
3003 5124 3180 5180 omnia
3238 5125 3654 5195 perﬁcientem,

2071 5229 2181 5269 non
2228 5228 2355 5269 vero
2393 5214 2579 5283 signis.
2612 5211 3010 5292 Nauigaturum,
3039 5217 3136 5282 ait,
3164 5214 3217 5269 in
3251 5215 3480 5288 Syriam.
3508 5210 3651 5272 Con-

2075 5305 2224 5359 tinuo
2251 5304 2404 5361 nobis
2440 5305 2585 5359 illum
2616 5306 2851 5360 ostendit
2873 5305 3214 5363 festinantem
3243 5307 3297 5364 in
3327 5308 3556 5379 Syriam.
3597 5307 3662 5365 in.

2073 5414 2228 5453 causa
2256 5409 2367 5453 erat
2390 5396 2627 5453 Ecclesia
2653 5406 2709 5452 et
2734 5397 3107 5471 Jerosolyma;
3134 5399 3214 5455 sie
3240 5398 3577 5456 desiderabat
3600 5411 3661 5457 et

2073 5504 2190 5558 qua:
2217 5487 2324 5542 illic
2345 5496 2497 5543 erant
2517 5487 2787 5543 ordinare.
2815 5488 2977 5559 Atqui
3005 5505 3111 5545 non
3130 5505 3326 5562 magna
3347 5490 3518 5549 Troas
3539 5504 3616 5546 es:
3640 5492 3681 5553 ι’

2074 5684 2662 5798 begfefgmuddumwu
2687 5694 2846 5740 autem
2877 5701 3091 5756 puerum
3128 5687 3359 5742 virentem
3377 5689 3588 5749 ,desunt
3608 5692 3687 5740 διν

2090 5780 2377 5814 ιιιιγυῡυωιο
