4086 6164
438 343 548 400 505

439 474 537 513 cur
565 468 692 527 ergo
735 469 830 525 per
869 459 1073 521 septem
1114 447 1228 503 dies
1261 447 1369 503 illic
1399 447 1654 502 manent?
1683 447 1863 515 Magna
1893 444 2002 498 for-

441 561 584 602 tasse
605 555 720 599 erat
754 541 1043 597 secundum
1073 539 1304 593 fidelium
1333 553 1630 592 numerum.
1666 537 1732 589 Et
1753 549 1872 589 cum
1900 535 2014 588 dies

441 648 646 708 septem
669 635 740 688 ibi
762 633 1067 696 mansisset,
1092 628 1335 699 sequenti
1361 639 1568 682 noctem
1597 629 1648 680 in
1674 625 1914 679 docendo
1939 625 2010 677 iu-

444 727 708 796 sumpsit:
735 725 806 778 ita
835 738 976 792 mgrc
1006 723 1121 790 ipse
1148 721 1217 773 ab
1259 720 1360 773 illis
1381 758 1396 783 ,
1430 718 1504 772 illi
1542 717 1609 770 ab
1645 717 1761 785 ipso
1795 713 2015 768 divelle-

445 820 654 872 hantur.
685 811 812 870 Cum
852 812 1248 866 conreuisscmus
1270 845 1285 875 ,
1333 807 1538 878 inquit,
1584 806 1652 858 ad
1679 803 2013 874 frangendum

445 924 645 980 panem.
686 906 766 961 Ab
793 905 911 974 ipso
939 913 1212 972 tempore,
1252 916 1358 971 quo
1382 899 1586 955 esurire
1621 905 2018 952 monstrabatur

351 1014 360 1018 ·
445 1003 570 1072 (nec
597 1007 714 1052 erat
743 996 870 1051 illud
899 990 1382 1063 intempestivum),
1405 1003 1585 1045 sermo
1603 1000 1810 1057 emptus
1833 998 2016 1042 exten-

443 1107 534 1145 sus
563 1100 682 1146 est:
715 1091 784 1142 ita
828 1097 884 1141 ιιι
923 1101 1042 1141 cum
1083 1101 1186 1140 non
1224 1084 1490 1154 przecipue
1529 1081 1906 1138 convenissent
1944 1079 2013 1133 ad

441 1181 760 1240 doctrinam,
790 1178 885 1233 sed
912 1177 978 1232 ad
1009 1174 1356 1246 frangendmn
1381 1189 1590 1244 panem,
1621 1172 1708 1224 ubi
1735 1173 1785 1224 in
1811 1183 2015 1224 sermo-

443 1289 568 1327 nem
619 1269 838 1335 incidit,
890 1268 1189 1323 doctrinam
1243 1265 1502 1320 extendit.
1561 1263 1694 1317 Vide
1748 1260 2016 1332 quomodo

446 1377 644 1416 utensze
668 1360 817 1414 Pauli
847 1373 1035 1413 omnes
1066 1357 1360 1427 participes.
1377 1362 1578 1410 essent.
1609 1353 1830 1408 Videtur
1852 1351 1977 1405 mihi
1997 1391 2014 1416 ,

445 1453 617 1520 ipsum
646 1449 712 1504 ad
746 1464 986 1503 mensam
1015 1447 1288 1503 sedentem
1315 1445 1648 1510 disseruisse,
1679 1459 1777 1499 nos
1815 1443 2017 1498 docen-

445 1552 551 1596 tem
595 1541 676 1594 his
704 1540 882 1594 omnia
928 1553 1049 1593 esse
1086 1536 1473 1607 postponenda.
1517 1535 1878 1605 Imaginamini
1916 1535 2016 1589 do-

445 1647 589 1686 mmn
621 1631 765 1684 illam
785 1672 800 1696 ,
833 1631 886 1684 in
913 1645 1014 1698 qua
1059 1627 1333 1696 lampades
1361 1635 1552 1691 erant,
1583 1625 1671 1679 ubi
1713 1626 1897 1689 turba,
1928 1625 2016 1679 ubi

445 1723 637 1780 Paulus
666 1723 873 1777 medius
900 1721 1224 1786 disserebat,
1256 1721 1343 1774 ubi
1373 1719 1632 1774 fenestras
1666 1719 1816 1773 multi
1853 1733 2016 1772 occu-

364 1832 369 1836 ·
447 1816 673 1884 pahant,
717 1824 774 1868 ut
799 1813 976 1866 tubam
1006 1812 1148 1866 illam
1179 1811 1458 1874 audirent,
1497 1819 1552 1866 et
1578 1810 1868 1880 gratiosum
1898 1809 2017 1862 vul-

447 1915 556 1958 tum
584 1904 922 1972 inspicerent.
954 1903 1148 1970 Quales
1176 1902 1341 1956 fuisse
1369 1902 1659 1965 auditores,
1689 1910 1738 1954 et
1767 1909 2017 1970 quantam

449 1995 570 2049 hinc
615 1994 886 2062 accepisse
945 1994 1269 2061 Voluptatem
1327 1992 1510 2060 putas?
1557 1990 1663 2044 Cur
1692 1999 1870 2044 autem
1922 2005 2018 2044 no-

447 2095 534 2139 ctu
571 2084 903 2139 diswrebat?
941 2084 1072 2148 Quia
1113 2085 1434 2150 migraturus
1471 2092 1582 2136 erat
1607 2123 1624 2146 ,
1648 2093 1835 2135 etnon
1883 2080 2017 2134 ultra

451 2175 621 2242 ipsum
651 2174 814 2227 visuri
841 2181 1036 2227 erant:
1072 2189 1255 2226 verum
1289 2173 1389 2226 hoc
1418 2187 1522 2225 non
1555 2172 1692 2235 illis,
1727 2181 1911 2240 utpote
1942 2172 2019 2226 in-

453 2264 792 2328 ﬁrmioribus,
822 2264 970 2325 dicit,
1001 2264 1092 2317 sed
1118 2265 1235 2317 aliis
1262 2263 1494 2321 dicebat,
1521 2263 1654 2328 Quin
1675 2272 1727 2316 et
1755 2271 2018 2330 patratum

451 2355 758 2409 miraculum
798 2355 850 2408 id
895 2354 1157 2409 efliciebat
1177 2396 1192 2419 ,
1222 2362 1279 2407 ιιι
1303 2368 1514 2421 semper
1542 2354 1711 2407 noctis
1739 2352 1880 2406 illius
1905 2368 2018 2406 me-

449 2446 672 2500 moriam
702 2455 999 2499 servarent.
1044 2443 1229 2514 Magna
1257 2445 1555 2497 anditormn
1584 2443 1826 2511 voluptas
1848 2484 1862 2505 ,
1901 2458 2020 2513 qua:

449 2535 608 2591 etiam
648 2536 996 2590 interturbata
1040 2534 1206 2604 magis
1238 2534 1459 2589 adaucta
1501 2533 1627 2597 fuit;
1657 2543 1816 2604 atque
1847 2535 1917 2586 ita
1967 2534 2018 2587 in

448 2625 683 2681 doctoris
701 2627 929 2696 gratiam
949 2640 1104 2679 casus
1126 2625 1214 2679 ille
1233 2624 1431 2679 evenit.
1458 2625 1704 2694 Alioquin
1728 2639 1855 2680 vero
1873 2624 2023 2694 igna-

451 2732 544 2770 ros
569 2731 758 2770 omnes
783 2716 875 2769 ille
899 2715 1270 2782 increpaturus
1295 2724 1430 2779 erat,
1463 2715 1553 2784 qui
1579 2723 1818 2768 mortuus
1842 2724 1944 2778 est,
1966 2725 2023 2769 ut

454 2806 672 2860 Paulum
703 2805 940 2860 audiret.
961 2806 1025 2860 Et
1050 2822 1164 2862 cur.
1191 2804 1398 2874 inquies
1417 2846 1430 2868 ,
1464 2803 1667 2873 singula
1697 2802 2023 2858 recenset’et

452 2897 590 2951 unde
618 2897 880 2960 venerint,
911 2907 964 2952 et
989 2911 1096 2966 quo
1125 2895 1422 2966 migrarint,
1454 2906 1509 2951 et
1532 2911 1698 2966 quare
1729 2897 1815 2951 ille
1839 2897 2023 2950 demo-

453 2999 598 3043 ratus
623 2989 688 3042 sit
711 3029 724 3053 ,
767 3004 829 3042 ac
867 3003 996 3056 quas
1032 2989 1190 3042 etiam
1220 2997 1394 3056 partes
1434 2986 1926 3056 prmternavigarit?
1957 2986 2024 3041 Ut

453 3079 666 3133 interim
696 3077 1000 3131 ostenderet
1025 3117 1040 3141 ,
1089 3076 1235 3130 illum
1268 3077 1492 3130 lentiore
1519 3090 1678 3130 cursu
1707 3076 2020 3144 navigasse,

456 3170 616 3238 idque
654 3169 880 3222 humana
904 3169 1132 3233 ratione,
1161 3177 1317 3235 atque
1340 3167 1500 3220 etiam
1532 3167 2020 3236 pneternavigasse.

460 3259 800 3326 Proposuerat
842 3258 971 3310 enim
1021 3260 1444 3327 prwternavigare
1496 3255 1788 3325 Ephesum,
1834 3265 1887 3309 ut
1934 3272 2025 3309 nec

458 3365 630 3409 mora.
673 3349 870 3417 inquit,
900 3349 976 3400 illi
1004 3357 1129 3401 esset
1159 3348 1211 3399 in
1236 3347 1376 3399 Asia.
1407 3346 1589 3403 Bene:
1619 3362 1724 3399 non
1764 3346 1903 3400 enim
1931 3360 2027 3415 po-

459 3440 678 3506 tuisset,
709 3440 751 3492 si
781 3439 871 3492 illo
891 3439 1144 3503 venisset,
1173 3437 1636 3507 pra-teruavigarc,
1668 3438 1789 3505 quia
1821 3436 2024 3491 noluis-

457 3538 537 3582 set
555 3529 872 3583 contristare
900 3529 1038 3594 illos,
1063 3529 1149 3599 qni
1177 3529 1346 3597 ipsum
1377 3527 1637 3596 precaturi
1663 3538 1813 3581 erant
1838 3536 1893 3581 ιιι
1914 3543 2026 3581 ma-

459 3631 624 3674 m-ret.
659 3619 756 3673 Vel
793 3620 891 3673 hac
933 3619 1001 3674 de
1039 3635 1199 3674 causa
1227 3628 1408 3683 certe,
1438 3620 1518 3671 vel
1546 3618 1684 3684 quod
1731 3617 2023 3672 festinaret.

462 3710 748 3765 Festiuabat
774 3713 926 3775 enim,
960 3711 1158 3780 inquit,
1191 3719 1245 3762 ut
1267 3711 1310 3763 si
1319 3708 1566 3776 possibile
1578 3717 1699 3761 esset
1727 3708 1858 3762 diem
1885 3707 2027 3762 Pen-

459 3812 662 3854 tecostes
700 3809 866 3871 ageret
907 3800 1258 3870 Jerosolymis.
1307 3799 1431 3853 Ideo
1472 3799 1628 3868 igitur
1666 3814 1882 3854 manere
1920 3815 2026 3855 non

458 3901 684 3963 poterat.
717 3891 848 3945 Vide
889 3872 1042 3944 illum
1075 3892 1235 3945 etiam
1283 3890 1510 3943 lmmana
1542 3890 1743 3944 ratione
1783 3890 2024 3956 moveri,

458 3999 673 4050 cupere,
705 3982 978 4046 festinare,
1003 3989 1058 4035 et
1080 3996 1221 4050 smpe
1246 3992 1484 4049 optatum
1517 3995 1621 4032 non
1646 3979 1878 4048 assequi.
1905 3979 2028 4034 ldeo

457 4083 632 4126 autem
665 4072 777 4125 hzrc
809 4071 960 4132 fiunt,
989 4081 1044 4123 ut
1083 4086 1150 4124 ne
1179 4079 1422 4140 putemus
1451 4084 1512 4123 ea
1544 4067 1704 4122 fuisse
1732 4085 1890 4138 supra
1925 4069 2027 4121 hn-

460 4178 669 4215 manam
719 4172 982 4214 naturam.
1029 4161 1209 4214 Sancti
1258 4161 1452 4229 quippe
1488 4167 1542 4212 et
1586 4159 1762 4226 magni
1811 4159 1885 4213 illi
1929 4159 2026 4213 viri

455 4255 696 4323 ejusdem
729 4263 912 4316 erant,
941 4254 1094 4320 cujus
1124 4267 1219 4306 nos
1239 4294 1252 4316 ,
1299 4261 1534 4314 ιιτιιιιιντιις
1568 4251 1804 4320 ejusdem
1835 4251 2028 4304 volun-

458 4347 580 4400 tatis
616 4362 720 4399 non
763 4346 929 4399 item:
962 4345 1188 4414 ideoque
1230 4359 1372 4411 sa-pe
1412 4341 1634 4412 gratiam
1667 4342 2022 4396 altrahebant.

456 4437 591 4491 Vide
616 4453 766 4507 ergo.
797 4448 990 4506 quanta
1023 4453 1116 4504 per
1139 4437 1342 4504 seipsos
1366 4435 1694 4503 provideant.
1728 4435 1851 4490 Ideo
1880 4435 2025 4489 dice-

455 4526 545 4580 bat
571 4544 584 4579 :
619 4525 703 4580 Ne
738 4526 912 4580 demus
941 4525 1269 4593 o/Tensionem
1297 4523 1571 4577 volentibus
1603 4525 1677 4594 (9..
1702 4524 1818 4578 Cor.
1840 4525 1893 4579 6.
1924 4527 1981 4595 5)
2006 4541 2021 4591 ;

457 4627 511 4669 et
535 4633 775 4680 rursum,
825 4618 891 4671 Ut
937 4634 1034 4670 non
1078 4616 1382 4684 vituperetur
1409 4614 1736 4668 ministerium
1779 4625 2025 4670 nostrum.

458 4705 596 4760 Ecce
622 4718 668 4760 et
702 4707 960 4775 inculpata
993 4707 1120 4769 vita,
1151 4719 1204 4760 et
1231 4708 1392 4757 multa
1424 4703 1764 4772 indulgentia.
1793 4704 1902 4758 lloe
1929 4720 2023 4776 ap-

457 4796 684 4865 pellatur
721 4798 1054 4860 wconomia,
1111 4796 1161 4849 in
1194 4795 1426 4850 culmine
1468 4803 1522 4849 et
1563 4793 1773 4864 fastigio
1814 4795 2026 4850 virtutis

453 4902 604 4950 esse,
636 4898 688 4942 et
715 4887 1068 4942 humilitatem
1101 4888 1376 4943 exhibere.
1411 4886 1477 4940 Et
1502 4886 1625 4940 audi
1654 4887 1919 4957 quomodo
1947 4886 2022 4954 is,

453 4977 542 5046 qui
573 4989 835 5047 praecepta
873 4978 1071 5033 Christi
1111 4979 1545 5043 transcenderet,
1578 4981 1815 5034 omnium
1847 4986 2024 5033 tamen

453 5067 785 5121 lnnnillimus
812 5076 975 5122 esset.
1010 5069 1248 5123 Omnibus
1277 5069 1445 5122 omnia
1468 5071 1630 5140 factus
1657 5085 1800 5134 sum,
1833 5069 2021 5139 inquit,

451 5167 504 5209 ut
532 5175 702 5210 omnes
733 5158 1049 5228 lucrifaciam
1077 5158 1153 5228 (Ι.
1183 5159 1302 5212 Cor.
1338 5159 1391 5213 9.
1431 5160 1547 5229 εὶ).
1585 5159 1725 5214 Idem
1771 5161 1927 5214 etiam
1970 5161 2022 5214 in

451 5247 682 5315 perienla
715 5264 775 5303 se
810 5249 1063 5312 immisit,
1106 5259 1163 5302 ut
1187 5249 1312 5302 alibi
1341 5249 1451 5302 ait:
1479 5249 1548 5302 In
1577 5237 1814 5318 patientia
1833 5252 2020 5312 multa,

455 5341 510 5392 in
529 5338 948 5400 tribulationibus,
975 5338 1027 5391 in
1053 5338 1443 5399 necessitatibus,
1472 5339 1524 5390 in
1546 5340 1811 5408 angustiis,
1840 5341 1890 5392 in
1913 5339 2023 5408 pla—

446 5428 545 5494 gis,
577 5427 631 5479 in
656 5429 939 5480 carceribus
965 5427 1053 5496 (2.
1080 5427 1196 5481 Cor.
1230 5427 1284 5481 6.
1315 5428 1368 5480 4.
1402 5427 1480 5495 5).
1516 5427 1734 5497 Magnus
1759 5430 1883 5483 item
1909 5439 2024 5484 erat

447 5516 565 5585 cjns
585 5533 738 5572 amor
765 5533 889 5588 erga
913 5517 1202 5573 Christum.
1228 5517 1336 5572 Nisi
1358 5519 1498 5572 cnim
1527 5521 1593 5572 ita
1618 5519 1820 5582 fuisset,
1844 5521 2021 5575 omnia

448 5607 717 5676 superﬂua
743 5608 918 5660 futura
945 5618 1115 5673 erant,
1139 5617 1191 5662 et
1214 5607 1656 5677 dispensationes,
1683 5616 1736 5662 et
1761 5608 2020 5678 inculpata

447 5698 554 5756 vita
575 5743 587 5755 .
623 5709 674 5757 ct
709 5699 960 5770 pericula.
997 5700 1121 5765 Quis
1148 5700 1450 5770 inﬁrmatur,
1485 5699 1686 5771 inquit,
1719 5709 1764 5754 cl
1798 5717 1886 5772 ego
1922 5719 2020 5755 non

1391 333 1458 389 IN
1497 332 1670 388 ACTA
1714 329 2230 387 APOSTOLORUM.
2275 327 2504 386 llOMlL.
2544 316 2742 384 XLIII.’

3589 329 3694 386 506

2118 443 2382 508 inﬁrmor.’
2405 444 2518 514 quis
2544 441 2923 497 scandalizatur
2940 483 2955 513 ,
2996 453 3044 497 ct
3082 460 3174 515 ego
3199 461 3297 499 non
3323 461 3444 499 uror
3471 445 3546 514 (ἓ.
3570 444 3694 502 Cor.

2126 534 2361 601 11.29)?

2189 627 2240 679 5.
2270 626 2453 679 Omnia
2500 636 2705 696 propter
2752 629 2936 697 fratres
2993 626 3272 682 adeunda.
3310 631 3445 682 bum
3487 628 3694 684 retribu-

2121 717 2191 770 tio
2227 715 2479 783 (fi/fertur,
2513 728 2724 787 erigetur
2744 717 3028 770 danunt.—-
3048 717 3171 773 llarc
3198 729 3251 773 et
3271 735 3368 774 nos
3387 760 3402 784 ,
3433 720 3694 782 obsecro,

2120 807 2280 861 verba
2311 823 2581 862 seetemnr
2601 849 2616 875 ,
2663 817 2718 859 et
2764 818 2980 878 propter
3009 809 3200 862 fratres
3230 819 3440 864 nostros
3469 810 3522 864 in
3553 809 3696 879 peri-

2119 897 2237 948 cula
2265 913 2362 950 nos
2387 897 2754 966 conjiciatuus.
2797 897 2922 951 Sive
2954 896 3088 966 ignis
3113 938 3129 962 ,
3159 897 3270 950 sive
3297 897 3493 952 ferrum
3517 899 3692 964 adsit,

2123 988 2347 1056 teipsum
2378 989 2584 1056 conjice
2604 1027 2620 1053 ,
2653 989 2876 1048 dilecte.
2909 1001 2964 1043 ut
2991 988 3288 1043 membrum
3321 997 3466 1042 tuum
3487 1001 3652 1042 eruas
3678 1003 3694 1042 :

2120 1079 2322 1147 conjice
2368 1089 2459 1146 te,
2506 1095 2573 1134 ne
2619 1081 2824 1135 timeas.
2883 1080 3183 1151 Discipulus
3225 1095 3285 1136 es
3333 1079 3564 1145 Christi,
3603 1081 3693 1149 qui

2122 1179 2338 1238 propter
2384 1169 2580 1225 fratres
2609 1185 2735 1224 suos
2773 1171 3004 1225 animam
3055 1172 3230 1240 posuit
3259 1190 3274 1226 :
3305 1170 3696 1240 condiscipulus

2120 1275 2179 1314 es
2225 1260 2393 1324 Pauli,
2423 1261 2510 1330 qui
2557 1261 2716 1314 millia
2775 1263 2878 1330 pati
2926 1261 3096 1316 voluit
3137 1276 3233 1331 pro
3281 1249 3506 1315 inimicis
3547 1269 3602 1314 ct
3637 1274 3697 1319 se

2122 1347 2548 1416 impugnautilnts
2568 1369 2581 1404 :
2603 1349 2720 1404 zelo
2742 1349 2994 1418 replearis
3013 1391 3028 1413 ,
3051 1351 3260 1404 imitare
3279 1349 3532 1420 Moysem.
3555 1348 3698 1403 Vidit

2123 1439 2212 1492 ille
2255 1439 2450 1508 injuste
2482 1439 2664 1492 hesum
2691 1449 2746 1494 et
2773 1440 2914 1492 ultus
2943 1449 3024 1494 est
3050 1455 3065 1492 :
3097 1439 3269 1510 regias
3299 1440 3520 1495 delicias
3561 1455 3696 1494 con-

2123 1531 2371 1599 tempsit,
2420 1539 2477 1584 et
2521 1542 2740 1600 propter
2785 1531 3013 1584 afﬂictos
3067 1530 3323 1601 profugus
3369 1532 3501 1595 fuit,
3535 1546 3694 1596 erro,

2120 1621 2358 1689 Cogttalis
2405 1619 2690 1675 deStitutus
2719 1629 2775 1674 et
2811 1620 2973 1675 domo
3001 1638 3015 1675 :
3047 1622 3100 1675 in
3145 1621 3316 1675 aliena
3366 1630 3507 1676 terra
3549 1621 3697 1690 degit

2122 1720 2268 1765 tanto
2313 1722 2589 1780 tempore,
2647 1727 2748 1766 nec
2797 1714 3034 1781 seipsum
3091 1711 3466 1782 reprehendit,
3521 1729 3696 1782 neque

2119 1802 2251 1856 dixit
2282 1820 2296 1853 τ
2327 1802 2462 1867 Quid
2493 1803 2593 1856 hoc
2610 1803 2730 1856 est?
2758 1802 2999 1872 Regnum
3026 1802 3275 1872 despexi;
3305 1811 3508 1858 tantum
3531 1803 3699 1858 hauo-

2122 1908 2232 1947 rem
2277 1903 2330 1948 et
2376 1894 2596 1964 gloriam
2628 1911 2642 1947 :
2673 1894 2834 1948 malui
2885 1896 3042 1949 laesos
3086 1895 3306 1961 ulcisci,
3354 1895 3511 1966 idque
3557 1898 3697 1952 Deus

2121 1983 2396 2052 despexit,
2447 1999 2617 2053 neque
2667 1984 2825 2038 modo
2874 2001 2960 2040 me
3007 1986 3059 2039 in
3108 1987 3389 2056 pristinum
3437 1988 3694 2042 honorem

2122 2090 2226 2129 non
2270 2075 2518 2140 reduxit,
2548 2075 2642 2129 sed
2670 2075 2832 2130 etiam
2876 2075 3223 2146 quadraginta
3261 2077 3416 2132 annis
3445 2076 3498 2131 in
3526 2078 3697 2132 aliena

2123 2175 2258 2221 terra
2285 2165 2440 2236 dego.
2473 2166 2612 2220 Bene
2639 2167 2842 2222 scilicet
2871 2184 2884 2220 :
2913 2183 3020 2222 non
3045 2169 3186 2223 enim
3219 2170 3518 2224 mercedem
3545 2186 3699 2224 acce-

2122 2258 2194 2328 pi.
2227 2258 2330 2312 Sed
2379 2259 2508 2312 nihil
2558 2258 2744 2313 horum
2796 2259 2878 2314 vel
2906 2260 3070 2325 dixit,
3103 2261 3188 2315 vel
3218 2262 3488 2331 cogitavit.
3532 2261 3621 2315 Sic
3644 2271 3700 2315 et

2123 2358 2179 2403 tu
2215 2348 2371 2402 facito
2405 2366 2418 2402 :
2450 2349 2689 2414 etiamsi,
2717 2348 2844 2403 dum
2896 2348 3151 2404 beneficia
3199 2359 3451 2420 pra-stas,
3499 2351 3697 2420 aliquid

2123 2440 2376 2510 patiaris,
2407 2440 2613 2494 etiamsi
2646 2440 2710 2494 ad
2743 2442 2966 2495 multutn
3015 2450 3256 2511 tempus,
3305 2457 3372 2496 ne
3413 2443 3700 2498 offendaris

2125 2543 2296 2599 neque
2325 2530 2556 2584 turberis
2587 2548 2601 2584 :
2634 2532 2854 2584 omnino
2897 2532 3200 2587 mercedem
3243 2533 3335 2586 tibi
3369 2533 3510 2587 Deus
3539 2535 3665 2588 retri
3685 2565 3698 2574 -

2125 2620 2271 2675 buet.
2299 2621 2507 2687 Quanto
2538 2621 2702 2691 magis
2741 2622 3022 2677 retributio
3049 2622 3292 2677 differtur
3310 2664 3326 2688 ,
3356 2633 3504 2678 tanto
3532 2625 3700 2694 magis

2124 2722 2384 2784 augentur
2414 2712 2634 2768 fleuera.
2669 2714 2969 2768 Habeamus
3006 2730 3134 2784 ergo
3159 2716 3390 2769 animam
3418 2717 3697 2770 commise-

2125 2804 2317 2857 rationi
2365 2803 2596 2858 deditam
2624 2845 2639 2869 ,
2685 2804 2972 2859 condol'ere
3024 2805 3281 2860 scientem
3321 2823 3334 2860 :
3374 2805 3504 2860 nihil
3560 2807 3698 2875 apud

2127 2909 2224 2948 nos
2245 2895 2310 2947 sit
2333 2893 2675 2950 inhumanum
2696 2896 2780 2950 vel
2802 2896 3036 2950 crudele.
3060 2895 3115 2951 Si
3141 2897 3270 2952 nihil
3292 2899 3464 2967 possis
3485 2897 3695 2964 alferrc,

2126 2983 2420 3054 lacrymare
2443 3025 2459 3048 ,
2507 2985 2823 3054 ingemisce,
2870 2988 2938 3039 de
2979 2985 3042 3040 iis
3071 3002 3188 3056 quae
3229 2986 3363 3041 fiunt
3388 2988 3508 3042 dole
3540 3007 3555 3044 :
3585 2987 3702 3042 hzrc

2133 3090 2239 3129 non
2269 3075 2362 3129 tibi
2393 3074 2587 3129 frustra
2616 3075 2828 3130 cedent.
2853 3075 2908 3131 Si
2936 3075 3034 3142 iis,
3059 3075 3148 3146 qui
3179 3091 3209 3130 a
3237 3076 3348 3130 Deo
3377 3078 3665 3146 puniuntur
3684 3117 3700 3140 .

2128 3165 2415 3223 c0ndolere
2458 3175 2703 3236 oportet,
2735 3166 2903 3222 multo
2941 3168 3109 3238 magis
3137 3168 3234 3234 iis,
3265 3167 3355 3238 qui
3379 3167 3447 3223 ab
3475 3168 3704 3223 homini-

2129 3261 2228 3315 bus
2270 3259 2462 3329 injuste
2519 3260 2808 3328 patiuntur.
2859 3257 2983 3313 Non
3038 3260 3454 3330 egrediebantur,
3503 3261 3699 3330 inquit,

2129 3351 2310 3406 xEnan
2335 3351 2403 3404 ad
2443 3349 2747 3421 plorandum
2775 3350 2980 3405 domum
3011 3367 3155 3405 suam
3181 3352 3416 3406 uicinam.
3444 3352 3703 3423 Accipient

2129 3443 2356 3499 dolorem
2396 3460 2487 3509 pro
2530 3459 2620 3509 eo,
2672 3443 2808 3513 quod
2847 3443 3228 3511 azdi/icavcrunt
3268 3445 3338 3497 ad
3381 3443 3701 3498 dcrisioncm.

2131 3531 2242 3588 llac
2267 3532 2335 3587 de
2363 3548 2422 3588 re
2446 3543 2660 3588 accusat
2689 3531 2936 3588 Ezechiel
2961 3573 2978 3599 ,
3003 3532 3144 3603 quod
3171 3547 3276 3588 non
3305 3533 3700 3588 condoluerint.

2129 3623 2266 3690 Quid
2296 3622 2464 3687 dicis,
2509 3621 2814 3693 prepheta?
2864 3623 3002 3677 Deus
3031 3623 3211 3692 punit,
3250 3632 3302 3678 et
3327 3638 3425 3692 ego
3453 3624 3705 3678 condole-

2133 3729 2245 3768 rem
2291 3712 2388 3778 iis,
2434 3714 2522 3782 qui
2566 3712 2892 3782 puniuntur?
2922 3713 3096 3768 Etiam
3132 3730 3147 3767 :
3181 3713 3284 3769 hoc
3324 3713 3467 3769 enim
3511 3714 3621 3769 vult
3658 3716 3704 3769 is

2133 3805 2246 3874 ipse
2267 3805 2356 3874 qui
2386 3803 2537 3873 punit
2561 3821 2575 3857 :
2600 3819 2774 3874 neque
2796 3805 2939 3859 enim
2963 3805 3054 3859 ille
3080 3804 3348 3874 puniendo
3368 3806 3667 3861 oblectatur
3685 3847 3700 3864 .
3720 3839 3733 3842 ο

2132 3896 2241 3951 imo
2271 3895 2444 3966 potius
2464 3894 2629 3950 dolet.
2663 3894 2795 3962 Quia
2827 3895 2987 3965 igitur
3016 3896 3104 3949 ille
3132 3899 3219 3965 qui
3249 3896 3400 3965 punit
3429 3913 3532 3950 non
3556 3897 3703 3951 laeta-

2134 3993 2252 4050 tur,
2282 3999 2456 4056 neque
2489 3994 2542 4040 tu
2586 3985 2805 4041 laeteris.
2833 3983 2940 4040 Sed
2970 3986 3014 4040 si
3055 3985 3228 4054 justo,
3273 3985 3514 4056 inquies,
3550 3990 3704 4056 puni-

2133 4087 2294 4132 untur
2311 4119 2326 4145 ,
2351 4093 2457 4132 non
2481 4077 2664 4132 dolere
2688 4086 2919 4146 oportet.
2951 4077 3368 4147 Etiam.propter
3391 4077 3493 4132 hoc
3518 4078 3705 4133 dolen-

2133 4169 2294 4233 dum,
2344 4167 2484 4236 quod
2535 4167 2678 4236 digni
2725 4167 2986 4236 supplicio
3029 4167 3128 4222 visi
3174 4166 3390 4221 fuerint.
3439 4167 3533 4220 Dic
3577 4181 3704 4221 vero
3746 4173 3757 4181 '

2134 4257 2260 4311 mihi
2279 4297 2293 4320 ,
2329 4271 2448 4311 cum
2476 4255 2672 4309 videris
2701 4255 2867 4308 lilium
2901 4263 3046 4309 tuum
3075 4256 3155 4310 uri
3182 4255 3266 4310 vel
3295 4256 3463 4310 secari
3488 4296 3502 4319 ,
3526 4272 3704 4312 nonne

2133 4347 2321 4403 doles?
2346 4345 2502 4402 Certe
2527 4347 2677 4402 doles
2695 4387 2710 4411 ,
2742 4356 2794 4401 et
2820 4362 2926 4400 non
2955 4347 3088 4402 dicis
3112 4347 3206 4402 tibi
3233 4346 3332 4416 ipsi
3359 4361 3374 4399 :
3403 4347 3537 4414 Quid
3565 4347 3704 4402 hoc?

2133 4438 2199 4493 ad
2227 4439 2507 4492 sanitatem
2553 4437 2719 4493 sectio
2766 4445 3008 4506 spectat,
3054 4446 3108 4492 et
3135 4451 3234 4508 pro
3279 4437 3594 4492 liberatione
3621 4451 3705 4494 est

2133 4530 2272 4583 ustio
2301 4545 2315 4583 :
2342 4536 2575 4582 attamen
2624 4542 2744 4581 cum
2774 4527 2927 4581 audis
2967 4527 3256 4582 ululantem
3281 4568 3297 4593 ,
3349 4541 3448 4582 nec
3491 4527 3704 4582 dolores

2134 4618 2429 4684 ferentem,
2471 4618 2664 4683 doles;
2711 4633 2808 4673 nec
2851 4617 3047 4673 sul‘licit
3074 4617 3160 4673 illa
3188 4619 3430 4673 sanitatis
3475 4633 3597 4688 spes
3636 4619 3701 4672 ad

2133 4709 2420 4764 tollendam
2457 4716 2662 4763 natura:
2709 4707 3186 4779 perturbationem.
3239 4709 3313 4763 lta
3356 4717 3410 4763 et
3455 4707 3507 4762 in
3553 4707 3701 4772 istis,

2133 4798 2340 4854 etiamsi
2380 4798 2445 4853 ad
2483 4799 2766 4854 sanitatem
2809 4798 3124 4867 puniantur,
3155 4808 3386 4853 attamen
3415 4799 3555 4854 circa
3588 4800 3705 4855 illos

2133 4888 2424 4945 fraternum
2447 4888 2691 4944 affectum
2718 4887 3092 4956 exhibeamus,
3119 4899 3498 4959 paternamun
3519 4890 3704 4944 volun-

2133 4990 2316 5036 tatem.
2339 4979 2616 5036 Scctiones
2642 4988 2696 5035 et
2723 4978 2958 5034 ustiones
2984 4988 3106 5034 sunt
3130 4994 3301 5050 pcenzn
3321 4995 3350 5032 a
3375 4980 3483 5034 Deo
3504 4980 3663 5034 illata:
3685 4997 3700 5045 ;

2132 5069 2224 5124 sed
2257 5070 2376 5124 ideo
2416 5068 2545 5123 llere
2582 5067 2871 5130 debemus,
2919 5068 3061 5138 quod
3106 5068 3474 5138 aegrotaverint
3499 5108 3516 5136 ,
3561 5070 3703 5139 quod

2131 5159 2220 5212 tali
2251 5173 2385 5226 opus
2428 5158 2706 5214 habuerint
2749 5157 3034 5212 medicina.
3079 5155 3137 5213 Si
3181 5159 3300 5228 quis
3349 5174 3447 5229 pro
3489 5160 3701 5212 coronis

2131 5253 2232 5306 hoc
2261 5251 2488 5319 patiatur
2511 5290 2526 5316 ,
2557 5259 2683 5304 tunc
2714 5264 2783 5304 ne
2822 5248 3038 5315 doleas,
3078 5259 3135 5302 ut
3163 5249 3360 5305 Paulus
3389 5258 3442 5304 ct
3468 5250 3656 5305 Petrus
3687 5269 3700 5306 :

2129 5342 2339 5410 quando
2369 5347 2542 5394 autem
2570 5339 2691 5409 jure
2717 5339 2805 5394 dat
2834 5352 3042 5408 poenas,
3077 5349 3204 5393 tunc
3230 5340 3544 5408 lacrymare,
3576 5349 3704 5395 tunc

2131 5431 2435 5500 ingemisce.
2469 5430 2625 5484 Tales
2668 5439 2820 5483 erant
2865 5429 3157 5500 prophetze.
3199 5427 3535 5497 Quapropter
3565 5445 3700 5484 unus

2131 5523 2340 5577 illorum
2380 5520 2511 5574 dixit
2540 5537 2552 5572 :
2586 5519 2684 5574 lfci
2714 5519 2836 5572 mihi
2859 5559 2874 5585 ,
2905 5517 3140 5581 Domine,
3179 5518 3362 5572 dolebis
3389 5529 3442 5571 tu
3469 5519 3704 5588 reliquias

2131 5612 2295 5666 Israel
2328 5612 2347 5682 (
2379 5609 2564 5664 Ezech.
2595 5610 2647 5664 9.
2677 5609 2793 5680 8)?
2834 5607 3135 5663 llomicidas
3174 5618 3228 5663 et
3265 5610 3518 5665 scelestos
3562 5625 3706 5680 saepe

2132 5703 2287 5775 plecti
2318 5701 2555 5758 videmus
2579 5740 2594 5768 ,
2627 5709 2679 5756 et
2721 5699 3019 5763 cruciamur
3055 5697 3421 5773 dolemusque.
3465 5699 3541 5758 Nc
3571 5697 3704 5754 ultra
