4148 6152
466 327 574 386 307

467 443 683 499 modum
710 433 1007 510 philosophi
1034 433 1209 490 simus
1225 435 1242 466 ⁸
1262 476 1278 501 ,
1301 435 1395 491 sed
1416 429 1822 491 misericordes,
1855 433 1913 479 ut
1937 421 2039 475 mi-

466 530 812 588 sericordiam
833 539 1221 596 consequamur
1244 539 1258 574 :
1284 520 1414 574 nihil
1442 519 1565 574 huic
1588 517 1730 571 bono
1755 531 1884 584 par:
1911 513 2044 567 nihil

467 623 538 678 ira
567 596 854 676 hmntmum
878 613 1112 672 ostendit
1135 613 1500 667 characterem
1519 650 1536 673 ,
1564 617 1620 661 ut
1647 605 2039 660 misericordia.

467 712 593 768 ideo
639 710 785 778 leges
830 705 1169 761 carniﬁcibus
1215 701 1392 755 omnia
1439 699 1783 768 permittunt,
1811 693 2041 762 judicem

461 809 721 872 cogentes
760 807 966 854 tantum
1012 809 1179 865 usque
1217 791 1283 846 ad
1325 791 1639 846 sententiam
1669 786 1894 849 ulcisci;
1925 784 2045 838 illos

465 901 598 948 vero
638 889 704 945 ad
752 903 887 957 opius
933 885 1186 940 eduetmt.
1237 882 1312 936 Ita
1357 880 1456 936 etsi
1498 881 1641 944 juste
1673 878 1798 940 ﬁat,
1828 881 2045 928 nonest

461 985 636 1038 animi
679 977 983 1050 philosophi
1019 977 1231 1046 punire,
1277 974 1369 1030 sed
1421 972 1531 1027 alio
1576 984 1715 1039 opus
1761 976 1845 1023 est
1877 983 1889 1019 :
1921 981 2042 1020 nam

469 1084 644 1140 neque
691 1071 832 1125 Deus
875 1083 968 1138 per
1007 1067 1239 1136 seipsum
1285 1063 1471 1132 punit,
1530 1061 1623 1116 sed
1668 1073 1764 1129 per
1803 1057 2040 1126 angelos.

459 1161 756 1216 Carniﬁces
799 1171 928 1228 ergo
968 1163 1093 1210 sunt
1130 1152 1345 1223 angeli?
1390 1151 1570 1214 Absit,
1609 1164 1714 1203 non
1746 1146 1847 1200 hoc
1883 1146 2040 1209 dico;

459 1248 564 1305 sed
601 1247 818 1302 ultrices
855 1252 1147 1316 potestates
1185 1248 1328 1296 sunt.
1359 1239 1493 1295 Cum
1523 1236 1756 1294 Sodoma
1786 1234 2040 1288 subversa

467 1347 584 1399 est.
629 1352 724 1407 per
770 1336 887 1390 illos
933 1332 1112 1388 omnia
1157 1329 1294 1384 facta
1337 1336 1501 1391 sunt;
1547 1323 1762 1396 quando
1821 1338 1940 1393 quae
1987 1320 2040 1376 in

461 1428 699 1500 Egypto
736 1425 1076 1488 acciderunt,
1123 1437 1220 1492 per
1261 1421 1382 1474 illos
1429 1418 1578 1473 item.
1627 1414 2038 1478 Immissionem,

471 1521 678 1590 inquit,
708 1534 797 1587 per
821 1515 1028 1586 angelos
1051 1512 1213 1567 malos
1238 1509 1421 1583 (Psal.
1455 1509 1544 1562 77.
1569 1506 1698 1577 49).
1741 1506 1874 1560 Cum
1915 1519 2044 1574 ergo

460 1624 685 1667 scrvare
702 1617 945 1677 oportet,
972 1620 1070 1675 per
1089 1604 1322 1672 seipsum
1351 1600 1452 1654 hoc
1481 1599 1604 1654 facit
1628 1616 1640 1652 :
1671 1598 1740 1652 ita
1765 1607 1818 1653 et
1846 1595 2038 1650 Filium

465 1715 624 1754 suain
655 1699 796 1753 misit
834 1696 900 1751 ad
939 1696 1166 1750 salutem
1209 1691 1421 1765 generis
1452 1690 1642 1748 nostri.
1677 1690 1744 1744 Et
1780 1704 1991 1742 rursum
2024 1703 2040 1739 :

471 1789 646 1854 Tune,
691 1788 885 1856 inquit,
932 1787 1096 1842 dicant
1139 1785 1334 1857 angelis
1360 1801 1379 1838 :
1405 1783 1717 1852 Congregate
1757 1781 1881 1833 mihi
1919 1796 2002 1833 eos
2026 1819 2040 1845 ,

459 1881 555 1950 qui
582 1879 775 1950 faciunt
795 1877 1134 1946 iniquitatem,
1163 1887 1208 1930 et
1232 1875 1412 1928 mittite
1442 1875 1494 1926 in
1523 1872 1775 1926 caminum
1811 1871 1828 1940 (
1853 1870 2040 1922 Matth.

469 1972 561 2025 15.
588 1971 677 2025 ll.
706 1970 774 2024 42
794 1972 834 2040 ).
869 1971 944 2026 De
967 1969 1127 2039 justis
1153 1984 1278 2021 vero
1311 1983 1416 2020 non
1445 1966 1521 2019 sic
1541 2005 1555 2030 ,
1589 1963 1682 2016 sed
1703 2005 1718 2029 ,
1751 1962 1851 2028 Qui
1870 1963 2044 2031 recipit

469 2079 592 2127 vos,
637 2078 714 2115 me
746 2061 922 2132 recipit
962 2060 1096 2131 (Id.
1148 2059 1236 2115 10.
1275 2059 1344 2114 40
1368 2061 1427 2128 );
1477 2069 1531 2112 ει
1567 2074 1809 2122 rursum,
1866 2055 2044 2127 Ligate

525 2194 541 2225 ¹
570 2192 642 2243 ita
661 2194 796 2243 'uxta
818 2191 958 2242 savlL
977 2189 1242 2255 legendum
1267 2197 1363 2251 est,
1386 2198 1541 2240 recte.
1563 2189 1614 2238 lu
1632 2188 1822 2239 Montef.
1845 2193 1898 2238 et
1913 2189 2046 2238 Com-

525 2253 639 2315 ehn.
656 2209 944 2315 Legitur"...
990 2253 1267 2303 cruciamur
1312 2252 1634 2314 detentusque,
1658 2264 1746 2302 nec
1789 2250 1996 2302 dicimus
2023 2263 2044 2303 :

459 2250 944 2314 melin.legitur.....
990 2250 1267 2303 cr'uciamur
1312 2252 1634 2314 detentusque,
1658 2264 1746 2302 nec
1789 2250 1996 2302 dicimus
2023 2263 2044 2303 :

470 2321 536 2364 Ne
563 2313 688 2363 ultra
709 2313 921 2363 modum.
943 2349 956 2363 .
977 2343 990 2358 .
1011 2345 1027 2361 .
1053 2347 1100 2364 ..

1203 320 1266 375 Β.
1293 315 1572 375 ΧΟᾹΝΝΙΒ
1607 307 2082 372 CHRYSOSTOMI
2120 307 2432 362 ARCIllEP.
2472 307 3002 366 CONSTANTINOP.

3614 314 3722 370 308

2143 436 2324 474 manus
2361 423 2472 490 ejus
2509 429 2556 475 et
2598 422 2775 490 pedes,
2816 431 2862 477 et
2899 423 3076 478 mittite
3111 423 3162 478 in
3199 425 3425 481 tenebras
3453 429 3723 486 exteriores

2147 513 2373 585 (Matth.
2411 512 2501 567 22.
2537 514 2656 583 l5).
2683 513 2818 568 Vide
2858 514 2965 568 illic
3004 529 3220 579 servos,
3263 517 3354 584 qui
3396 518 3722 576 ministrant.

2145 603 2278 655 Cum
2305 614 2484 656 autent
2519 602 2776 657 beneﬁcia
2809 604 3104 672 praestanda
3130 645 3146 668 ,
3177 605 3293 674 ipse
3321 617 3574 676 praestat,
3606 610 3722 678 ipse

2146 704 2299 746 vocat
2327 713 2340 748 :
2385 692 2826 760 Venite,benedicti
2852 693 3026 748 Patris
3053 695 3150 748 mei
3168 735 3182 758 ,
3214 698 3456 768 percipite
3485 711 3722 769 paratum

2148 784 2285 838 vobis
2331 799 2540 854 regnum
2585 783 2724 855 (ld.
2769 782 2860 838 25.
2901 785 2971 840 51
2991 783 3033 855 ).
3103 785 3329 852 Quando
3395 790 3716 858 loquendum

2146 883 2231 928 est
2273 889 2395 928 cum
2443 874 2747 940 Abraham,
2797 875 2910 944 ipse
2951 875 3140 930 venit:
3179 876 3394 946 quando
3437 880 3724 936 Sodomam

2146 965 2293 1018 abire
2337 974 2580 1033 oportet,
2629 980 2819 1020 servos
2868 965 3032 1021 mittit
3071 965 3232 1036 (Gen.
3286 967 3372 1023 19.
3425 971 3541 1039 1),
3587 972 3726 1026 sicut

2142 1053 2302 1125 jndex
2343 1055 2432 1123 qui
2475 1056 2764 1109 exsuscitat
2807 1057 3102 1126 punituros.
3137 1058 3204 1112 Et
3247 1074 3459 1116 rursum
3494 1080 3509 1116 :
3542 1061 3719 1133 Euge,

2147 1159 2285 1198 serve
2308 1145 2432 1198 bone
2469 1155 2515 1198 et
2545 1144 2744 1214 fidelis,
2771 1147 2888 1216 quia
2927 1163 3079 1215 super
3121 1164 3287 1218 pauca
3333 1151 3476 1218 fuisti
3522 1152 3720 1219 ﬁdelis,

2147 1251 2298 1306 super
2329 1234 2491 1288 multa
2520 1245 2566 1290 te
2589 1239 2888 1290 constituam
2913 1236 3126 1308 (Matth.
3155 1240 3251 1295 25.
3277 1239 3342 1294 21
3374 1243 3414 1308 ).
3441 1241 3578 1296 lluic
3604 1247 3726 1313 qui-

2148 1327 2268 1382 dem
2299 1328 2414 1397 ipse
2441 1327 2744 1389 benedicit;
2777 1329 2922 1382 illum
2952 1344 3077 1384 vero
3111 1330 3408 1400 improbum
3439 1349 3548 1388 non
3577 1335 3724 1404 ipse,

2148 1417 2240 1472 sed
2271 1417 2411 1471 servi
2455 1417 2637 1486 ligant.
2666 1417 2793 1472 ll:ec
2834 1433 2954 1472 cum
2985 1418 3253 1488 sciamus,
3286 1436 3354 1477 ne
3401 1424 3727 1490 gaudeanms

2147 1507 2216 1562 de
2239 1509 2302 1562 iis
2324 1548 2338 1572 ,
2363 1507 2450 1578 qui
2482 1508 2770 1577 puniuntur
2787 1548 2804 1574 ,
2828 1507 2924 1564 sed
2947 1509 3223 1565 doleamus
3247 1529 3262 1566 :
3292 1512 3390 1566 hos
3413 1513 3688 1583 lugeamus
3705 1557 3722 1581 ,

2151 1600 2249 1655 hos
2277 1597 2500 1656 ﬂeamus
2523 1639 2538 1665 ,
2572 1609 2630 1654 ut
2653 1609 2708 1654 et
2734 1599 2856 1656 ideo
2885 1601 3186 1657 mercedem
3235 1602 3545 1659 habeamus.
3575 1606 3726 1663 Nunc

2148 1708 2279 1749 vero
2305 1692 2456 1747 multi
2496 1691 2658 1748 etiam
2685 1691 2753 1747 de
2792 1693 2856 1747 iis
2878 1733 2895 1760 ,
2927 1693 3017 1761 qui
3044 1693 3242 1762 injuste
3280 1695 3419 1749 mala
3456 1697 3727 1765 patiuntur

2147 1786 2397 1857 gaudent.
2441 1786 2545 1841 Sed
2574 1801 2679 1839 non
2711 1785 2780 1839 ita
2805 1799 2902 1839 uos
2924 1783 3197 1851 iaciamus,
3227 1801 3546 1856 omnemque
3571 1804 3725 1844 com-

2149 1879 2542 1932 miserationem
2567 1877 2937 1939 exhibeamus,
2967 1886 3024 1930 ut
3049 1885 3101 1931 et
3118 1877 3214 1945 ipsi
3245 1893 3274 1930 a
3294 1877 3400 1932 Deo
3419 1880 3721 1933 misericor-

2149 1970 2290 2023 diam
2323 1982 2748 2038 consequamur,
2796 1967 2962 2036 gratia
3000 1975 3055 2022 et
3095 1967 3418 2037 benignitate
3456 1967 3724 2036 Uuigeniti

2149 2061 2283 2130 ejus,
2315 2059 2526 2128 quicum
2570 2060 2711 2113 Patri
2747 2067 2801 2114 et
2834 2058 3053 2126 Spiritui
3081 2053 3280 2112 sancto
3311 2058 3511 2128 gloria,
3550 2061 3726 2126 impe-

2149 2152 2304 2216 rium,
2337 2151 2511 2205 honor
2536 2191 2548 2214 ,
2581 2167 2720 2204 nunc
2745 2160 2798 2205 et
2835 2164 3048 2218 semper
3066 2189 3082 2216 ,
3110 2157 3168 2205 et
3202 2149 3259 2204 in
3285 2150 3480 2204 saecula
3502 2151 3728 2206 siticulo-

2148 2257 2288 2296 rutn.
2321 2243 2511 2297 Amen.

1836 2506 2180 2567 HOMILIA
2224 2507 2445 2567 XLIV.

467 2651 585 2706 (In
633 2648 704 2705 20
749 2663 800 2705 v.
843 2647 926 2705 17.
952 2651 992 2704 Α
1039 2650 1212 2706 Mileto
1241 2660 1406 2706 autem
1437 2653 1636 2707 mittens
1659 2651 1936 2723 Ephesum,
1965 2667 2054 2704 vo-

547 2744 678 2797 cavit
707 2742 1019 2816 presbyteros
1047 2742 1304 2799 Ecclesiae.
1331 2747 1416 2799 18.
1453 2747 1554 2810 Qui
1581 2763 1693 2799 cum
1717 2747 1962 2799 venissent
1987 2742 2055 2796 ad

545 2847 680 2900 eum,
711 2835 838 2888 dixit
863 2836 933 2889 eis
958 2851 977 2889 :
1013 2832 1112 2888 Vos
1136 2837 1273 2890 scitis
1297 2855 1328 2890 a
1358 2838 1522 2906 prima
1548 2838 1648 2898 die,
1674 2853 1772 2906 qua
1800 2837 2054 2906 ingressus

527 2935 658 2980 .sttm
701 2925 754 2978 in
799 2923 990 2989 Asiam,
1021 2927 1236 2995 qualiter
1286 2929 1539 2981 uobiscum
1568 2945 1656 2997 per
1681 2944 1832 2980 .onme
1859 2937 2052 2996 tempus
2091 2959 2094 2971 ι

545 3019 750 3086 fuerim,
775 3013 860 3070 19.
884 3019 1100 3069 serviens
1129 3015 1347 3069 Domino
1374 3017 1624 3070 vobiscum
1654 3027 1766 3068 cum
1791 3018 1927 3069 oumi
1958 3017 2054 3068 hu-

549 3106 762 3178 militate
788 3113 833 3158 et
863 3107 1034 3158 multis
1063 3105 1298 3175 (acrymis
1329 3116 1371 3158 et
1399 3104 1772 3169 tentationibus,
1795 3122 1909 3175 qua:
1932 3107 2054 3158 mihi

549 3195 840 3247 ceciderunt
867 3211 927 3249 ex
961 3195 1156 3249 insidiis
1184 3195 1504 3262 Juda'orum,
1533 3196 1622 3250 20.
1651 3198 1897 3266 quomodo
1928 3198 2052 3251 nihil

548 3285 880 3339 subtruserim
907 3286 1125 3350 utilium,
1153 3287 1274 3355 quin
1313 3287 1662 3339 annuntiat-em
1689 3287 1846 3352 vobis,
1883 3296 1928 3342 et
1956 3288 2051 3341 do-

550 3385 711 3429 cerem
738 3389 824 3428 ros
853 3375 1050 3445 publice
1088 3383 1135 3429 et
1166 3392 1256 3444 per
1296 3376 1505 3439 domos;
1534 3377 1623 3430 21.
1656 3378 1926 3444 testi/icans
1954 3377 2053 3431 Ju-

553 3467 679 3520 daeis
712 3473 858 3534 atque
884 3464 1149 3536 gentilibus
1175 3463 1226 3518 in
1254 3461 1418 3517 Deum
1458 3465 1815 3533 pwniteutimu,
1833 3478 1876 3520 et
1901 3469 2053 3538 [idem

553 3558 607 3610 in
631 3556 900 3610 Dominam
926 3566 1151 3610 nostram
1176 3556 1210 3608 J
1215 3571 1353 3610 esum
1379 3556 1650 3610 (.‘hristmn.

554 3647 607 3702 1.
642 3647 796 3702 Pauli
821 3649 1082 3702 modestia.
1113 3679 1185 3688 —
1214 3647 1343 3703 Vide
1369 3663 1525 3719 quam
1566 3658 1752 3718 urgeat
1794 3649 1861 3704 ad
1912 3667 2052 3720 pra:-

472 3737 953 3807 acrnavigaudum,
1008 3751 1105 3792 nec
1148 3740 1400 3808 negligat,
1443 3740 1548 3792 imo
1574 3740 1824 3795 omnilms
1873 3743 2050 3811 provi-

468 3828 625 3892 deat,
659 3841 938 3882 accersens
967 3822 1252 3898 principes,
1274 3840 1465 3884 etcum
1497 3831 1600 3886 illis
1627 3847 1928 3886 sermonem
1959 3832 2052 3887 ha-

471 3921 636 3974 lrens.
665 3918 726 3973 Et
754 3919 1099 3973 admiratione
1124 3919 1337 3988 dignata
1366 3929 1467 3984 est,
1492 3921 1759 3989 quomodo
1785 3922 1834 3974 in
1864 3938 2050 3977 ncces-

473 4013 638 4066 sitate
668 4012 868 4080 positus
898 4025 1081 4080 magna
1111 4011 1352 4080 quaedam
1378 4012 1442 4066 de
1473 4027 1531 4064 se
1561 4011 1790 4075 dicendi,
1831 4023 2051 4068 conetur

469 4102 740 4156 auodcstia
767 4100 1025 4157 uti.'Sicut
1057 4104 1195 4156 enim
1217 4102 1428 4156 Samuel
1454 4101 1742 4157 traditurus
1771 4105 2047 4174 imperium

393 4174 405 4186 ’
466 4194 648 4260 .‘Sai'tli,
675 4191 1018 4248 Judavisdicit
1043 4211 1056 4247 :
1092 4191 1230 4248 Num
1250 4195 1509 4263 quidpiam
1531 4212 1562 4247 a
1590 4195 1722 4247 vobis
1747 4195 1936 4266 accepi,
1965 4211 2050 4266 vos

466 4297 626 4340 uestes
650 4289 766 4340 estis
793 4295 839 4339 et
866 4287 1000 4341 Deus
1029 4288 1104 4359 (l.
1132 4287 1258 4357 Reg.
1279 4286 1365 4340 12.
1390 4285 1475 4356 5);
1499 4298 1548 4340 ει
1580 4285 1742 4339 David
1769 4300 1887 4339 cum
1918 4285 2049 4340 ﬁdes

467 4393 586 4432 sum
612 4378 894 4436 haberetur
913 4380 984 4444 cl,
1011 4380 1114 4434 ait:
1141 4379 1204 4432 In
1225 4380 1342 4433 ovili
1367 4396 1505 4434 eram
1529 4397 1737 4448 pascens
1762 4396 1872 4434 oves
1894 4380 2050 4450 patris

464 4473 613 4537 mei;
651 4482 840 4526 etcum
882 4473 1019 4526 venit
1071 4487 1251 4537 ursus,
1321 4475 1550 4526 manibus
1593 4474 1758 4540 ipsum
1807 4474 2050 4543 discerpsi

461 4561 564 4626 ill.
594 4563 718 4633 Reg.
749 4561 836 4616 171.
864 4563 951 4619 51.
990 4561 1081 4629 35)
1107 4581 1118 4616 :
1149 4571 1202 4615 et
1245 4564 1359 4630 ipse
1403 4564 1596 4616 Paulus
1624 4564 1914 4617 Corinthiis
1939 4565 2044 4617 ait:

471 4650 740 4721 Uns‘ipiens
760 4654 987 4722 [uicos
1023 4668 1101 4705 me
1134 4653 1363 4721 coegistis
1388 4651 1464 4722 (2.
1495 4651 1614 4704 Cor.
1649 4653 1734 4706 12.
1769 4654 1878 4721 10).
1910 4655 2048 4707 Deus

461 4755 691 4812 quoque
733 4741 1129 4810 idipsmn'facit.
1163 4757 1278 4794 non
1319 4741 1635 4808 simpliciter
1673 4739 1740 4795 de
1768 4741 1943 4811 seipso
1969 4743 2052 4797 di-

466 4849 610 4888 «cens
637 4852 651 4886 :
681 4833 776 4888 sed
804 4832 1014 4902 quando
1039 4833 1088 4887 ci
1109 4847 1225 4886 non
1258 4832 1509 4895 creditur,
1543 4832 1796 4886 beneﬁcia
1828 4833 2046 4901 profert.

465 4921 614 4979 ‘iiide
639 4931 766 4992 ergo
806 4923 929 4992 quid
959 4921 1048 4976 hic
1072 4924 1275 4977 faciat:
1329 4922 1501 4990 primo
1549 4922 1762 4976 illorum
1808 4924 2048 4977 testimo-

459 5018 621 5071 inium
650 5009 824 5080 affert,
850 5027 916 5069 ne
942 5023 1094 5082 putes
1125 5016 1237 5068 lucc
1284 5013 1348 5068 ad
1378 5011 1567 5067 fastum
1598 5014 1724 5082 dici,
1751 5022 1806 5068 et
1833 5013 2046 5069 audito-

477 5121 563 5162 res
587 5108 853 5162 dictorum
878 5115 1043 5162 testes
1065 5107 1308 5172 advocat,
1331 5106 1470 5175 quod
1495 5106 1713 5161 minime
1744 5107 1873 5176 ipsis
1899 5122 2047 5161 men-

460 5203 654 5254 iiatnr.
699 5193 832 5254 ﬂare
879 5197 1114 5253 doctoris
1169 5197 1338 5250 virtus
1369 5205 1485 5261 εει,
1528 5195 1741 5266 quando
1783 5197 2045 5252 bonorum

457 5298 694 5360 operum
721 5295 888 5345 testes
912 5287 1068 5343 habet
1083 5287 1403 5356 discipulos.
1431 5287 1689 5358 Quodque
1719 5288 1912 5343 mirum
1941 5297 2042 5352 est,

458 5389 578 5435 mnu
597 5389 753 5435 unam
771 5390 825 5436 et
845 5381 1068 5435 alteram
1085 5380 1224 5434 diem
1248 5379 1298 5432 in
1321 5379 1423 5433 hoc
1439 5379 1743 5449 insumpsit,
1762 5380 1854 5434 sed
1876 5394 2046 5434 annos

463 5473 752 5540 .plurtmos.
783 5469 890 5527 Vos
915 5473 1045 5526 enim
1091 5472 1251 5532 scitis,
1280 5471 1471 5541 inqttit,
1501 5472 1749 5540 quomodo
1784 5471 2048 5525 rvobistum

475 5579 564 5627 per
592 5573 740 5615 omne
768 5573 963 5632 tempus
991 5563 1193 5632 fuerim.
1221 5561 1354 5616 ‘Vult
1396 5561 1554 5631 igitur
1583 5561 1727 5630 ipsos
1757 5560 1958 5614 hortari
1993 5568 2048 5613 ut

460 5643 683 5707 ‘iortlter
704 5653 874 5707 ferant
905 5655 1103 5719 omnia,
1121 5667 1174 5708 et
1189 5655 1579 5723 separationem
1601 5667 1748 5707 suam
1768 5664 1818 5705 ct
1843 5652 2045 5705 luturas

467 5744 836 5812 Stcatatlon‘c‘s;
857 5751 924 5799 ut
943 5744 1007 5800 de
1029 5743 1207 5817 Moyse
1228 5754 1278 5801 et
1299 5745 1365 5802 de
1389 5743 1515 5801 .icsu
1535 5743 1785 5814 legimus.
1807 5741 1872 5797 Et
1898 5740 2042 5812 vide,

2158 2651 2280 2722 quid
2331 2651 2490 2706 addat
2541 2668 2556 2704 :
2607 2651 2868 2718 Quomodo
2926 2652 3176 2706 vobiscum
3229 2670 3316 2722 per
3359 2670 3506 2707 omne
3544 2663 3735 2718 tempus

2162 2744 2365 2813 fuerim,
2394 2743 2611 2796 serviens
2656 2742 2872 2796 Domino
2919 2759 3032 2795 cum
3077 2743 3216 2796 omni
3246 2744 3548 2796 humilitate.
3579 2743 3732 2809 Vide,

2159 2832 2285 2902 quid
2317 2834 2546 2887 maxime
2592 2833 2858 2902 principes
2887 2833 3114 2886 doceat:
3147 2831 3402 2897 0dientes,
3428 2834 3622 2902 inquit,
3648 2851 3735 2886 su-

2161 2899 2404 2992 perbiam.
2438 2922 2491 2977 ld
2537 2899 2677 2992 quod
2722 2899 2951 2976 maxime
2994 2923 3316 2991 principibus
3359 2899 3633 2991 competit,
3668 2940 3732 2977 eo

2159 3013 2302 3084 quod
2348 3013 2600 3068 facillime
2628 3014 2680 3066 in
2728 3013 3084 3084 arrogantiam
3115 3013 3384 3068 tollantur.
3415 3013 3539 3068 llarc
3567 3015 3732 3068 virtus

2159 3112 2242 3159 est
2272 3105 2533 3158 bonorum
2559 3103 2889 3175 hypothesis,
2911 3115 2966 3158 ut
2988 3114 3042 3158 et
3064 3103 3304 3158 Christus
3325 3104 3531 3158 dicebat
3551 3121 3566 3157 :
3591 3105 3734 3159 Beati

2123 3203 2132 3207 '
2159 3212 2405 3264 pauperes
2448 3195 2633 3265 spiritu
2665 3193 2874 3266 (Matth.
2918 3195 2971 3249 5.
3005 3195 3082 3265 ὅ).
3114 3194 3220 3247 Nec
3247 3195 3439 3257 solum,
3467 3195 3598 3249 Cum
3629 3195 3724 3248 htt-

2159 3287 2404 3352 militale,
2422 3287 2557 3341 dixit
2579 3303 2592 3351 ;
2623 3287 2737 3353 sed,
2759 3288 2883 3342 Cum
2903 3289 3039 3340 onmi
3065 3286 3363 3341 humilitate.
3389 3287 3567 3341 Multa:
3587 3289 3727 3343 enim

2157 3385 2280 3430 sunt
2304 3378 2510 3446 species
2551 3377 2900 3430 humilitatis:
2932 3387 3014 3431 εει
3042 3376 3315 3431 humilitas
3361 3378 3411 3433 iu
3449 3379 3630 3441 verbo,
3675 3378 3727 3431 in

2159 3481 2340 3534 opere,
2371 3481 2495 3535 erga
2544 3467 2828 3534 principes,
2873 3481 2998 3534 erga
3046 3465 3306 3520 subditos.
3339 3466 3509 3520 Vultis
3556 3467 3726 3520 dicam

2155 3559 2310 3612 Vobis
2338 3557 2652 3611 humilitatis
2679 3557 2904 3610 modos?
2933 3557 3069 3610 Sunt
3092 3557 3178 3624 qui
3206 3572 3328 3626 erga
3358 3557 3582 3611 humiles
3604 3567 3730 3610 sunt

2159 3649 2408 3714 humiles,
2441 3664 2563 3717 erga
2596 3648 2847 3701 sublimes
2895 3662 3025 3702 vero
3073 3645 3328 3701 sublimes
3357 3665 3371 3700 :
3403 3647 3505 3702 hoc
3549 3660 3726 3702 autem

2160 3754 2263 3792 non
2287 3747 2370 3793 est
2401 3739 2690 3792 humilitas.
2715 3737 2848 3792 Sunt
2873 3739 3034 3791 etiam
3059 3739 3144 3791 alii
3174 3754 3278 3792 non
3308 3738 3460 3804 tales,
3485 3738 3576 3792 sed
3604 3755 3726 3807 erga

2159 3840 2410 3900 utrosque
2433 3829 2783 3882 humilitatem
2812 3837 2864 3881 et
2890 3829 3270 3885 sublimitatem
3301 3838 3514 3885 servant
3543 3846 3556 3882 :
3583 3829 3726 3900 quod

2156 3922 2315 3974 etiam
2365 3921 2593 3974 maxime
2638 3919 2950 3974 humilitatis
2979 3931 3083 3975 est.
3137 3920 3394 3975 Docturus
3433 3936 3560 3989 ergo
3605 3921 3728 3974 illos

2160 4012 2306 4077 talia,
2343 4019 2497 4066 utne
2543 4011 2816 4066 videretur
2853 4022 3162 4081 arroganter
3189 4011 3385 4076 eﬁ'erri,
3423 4013 3569 4082 prius
3607 4009 3728 4064 func

2157 4103 2461 4158 daineutum
2494 4104 2662 4170 ponit,
2695 4103 3056 4172 suspicionem
3097 4102 3311 4156 tollens.
3343 4102 3474 4155 Nam
3517 4103 3560 4156 si
3603 4116 3726 4156 cum

2155 4192 2300 4247 omni
2329 4191 2628 4246 humilitate
2669 4193 2762 4258 lui,
2791 4193 2982 4261 inquit,
3022 4207 3126 4245 non
3153 4208 3216 4246 ex
3265 4193 3564 4260 arrogantia
3611 4191 3729 4246 lucc

2157 4282 2296 4336 dico.
2325 4282 2528 4336 Deinde
2559 4282 3019 4337 mansuetudinem
3049 4281 3303 4336 declarat.
3332 4281 3616 4347 Vobiscum,
3644 4282 3726 4335 in-

2157 4379 2290 4447 quit,
2322 4377 2748 4446 fuerionuserviens
2777 4376 3012 4438 Domino,
3043 4375 3163 4428 illos
3193 4375 3315 4429 boni
3346 4375 3523 4443 cperis
3551 4375 3729 4428 socios

2156 4466 2468 4522 ostendens.
2499 4467 2587 4520 Sic
2634 4466 2827 4531 ubique
2855 4465 3086 4520 societas
3111 4465 3246 4518 bona
3284 4473 3387 4518 est.
3412 4464 3727 4518 Communia

2155 4572 2283 4628 ergo
2319 4556 2444 4611 facit
2472 4557 2611 4610 bona
2639 4571 2822 4624 opera,
2854 4564 2908 4610 et
2938 4555 3068 4608 nihil
3103 4553 3203 4607 sibi
3233 4553 3416 4608 tribuit
3444 4553 3724 4608 eximium.

2155 4649 2293 4716 Quid
2321 4650 2487 4714 enim,
2515 4646 2764 4716 inquies?
2808 4662 2873 4699 an
2903 4656 3088 4701 contra
3122 4645 3285 4698 Deum
3313 4660 3569 4714 arrogans
3607 4659 3728 4700 esse

2156 4741 2361 4811 potuit?
2392 4740 2549 4807 Atqui
2576 4738 2728 4792 multi
2776 4747 2919 4801 sunt,
2949 4737 3036 4805 qui
3065 4745 3246 4789 contra
3289 4735 3432 4788 illum
3475 4749 3728 4803 arrogan-

2157 4841 2235 4884 tes
2263 4840 2386 4884 suut
2410 4847 2422 4882 :
2470 4829 2556 4883 hic
2586 4843 2714 4881 vero
2741 4842 2808 4881 ne
2835 4836 3018 4881 contra
3043 4827 3328 4895 discipulos
3355 4841 3481 4880 suos
3511 4825 3724 4892 quidem

2156 4936 2410 4990 arrogans
2431 4930 2566 4974 erat.
2591 4918 2702 4973 Hoc
2729 4918 2923 4970 honmn
2946 4919 3179 4970 doctoris
3203 4926 3284 4969 est
3308 4932 3462 4984 opus,
3483 4932 3546 4968 ex
3572 4916 3726 4967 bonis

2155 5013 2404 5080 Operibus
2431 5012 2541 5065 suis
2565 5008 2856 5078 discipulos
2896 5007 3180 5061 moderari.
3214 5008 3412 5062 Deinde
3456 5007 3723 5061 fortitudi-

2155 5118 2274 5156 nem
2325 5118 2475 5156 suam
2524 5100 2773 5162 ostendit,
2817 5114 2973 5166 quam
3015 5099 3239 5167 carptim
3296 5098 3552 5165 pra-terit.
3600 5096 3726 5148 Cum

2153 5194 2324 5246 multis
2367 5193 2604 5261 lacrymis
2647 5201 2693 5245 et
2726 5190 3095 5254 tentationibus,
3131 5204 3243 5258 qua
3283 5188 3408 5240 mihi
3435 5187 3728 5241 acciderunt

2155 5301 2217 5338 ea:
2245 5283 2444 5336 insidiis
2472 5282 2789 5335 Judarorum.
2822 5279 3010 5335 Vidcn'
3035 5278 3304 5349 quomodo
3331 5279 3396 5332 de
3434 5279 3598 5348 gestis
3624 5277 3726 5331 d0-

2153 5373 2297 5430 lcat?
2346 5374 2442 5428 llic
2471 5388 2598 5427 vero
2624 5371 3142 5426 commiserationcm
3168 5386 3316 5423 suam
3345 5369 3556 5425 videtur
3583 5368 3725 5420 indi-

2149 5480 2273 5518 care
2305 5481 2316 5515 :
2348 5463 2610 5518 mmrehat
2638 5463 2780 5516 enim
2811 5478 2907 5531 pro
2938 5461 3300 5530 pereuntibus,
3333 5476 3432 5529 pro
3462 5459 3727 5513 facinoro-

2150 5555 2222 5609 sis
2256 5572 2270 5608 :
2319 5570 2439 5608 nam
2478 5554 2546 5608 de
2591 5553 2690 5608 sibi
2737 5553 2894 5606 illatis
2924 5551 3078 5606 malis
3110 5550 3395 5622 gaudebat.
3427 5551 3554 5604 Erat
3577 5549 3723 5602 enim

2149 5664 2212 5703 ex
2257 5647 2466 5701 illorum
2500 5644 2687 5711 choro,
2714 5645 2804 5715 qui
2849 5644 3167 5715 gaudebant,
3199 5643 3320 5713 quia
3363 5642 3507 5712 digni
3556 5641 3722 5694 habiti

2148 5746 2299 5795 erant
2319 5752 2420 5806 pro
2435 5735 2796 5793 nominclcsu
2822 5734 3194 5793 contumeliam
3217 5734 3332 5804 pati
3359 5735 3493 5806 (Act.
3520 5732 3573 5788 5.
3599 5730 3718 5801 ﬂ).
