4086 6164
302 301 406 355 509

300 412 541 463 αἰώνιον
561 405 755 476 βάρος
775 404 961 472 δόξης
982 402 1391 474 κατεργάζεται
1414 403 1576 475 ἡμῖν.
1617 404 1777 457 Ἀλλά
1795 403 1966 456 ταῦτα

300 496 447 564 λέγει
505 492 828 566 μετριάζων.
906 491 1164 546 Ἐνταῦθα
1209 491 1266 544 δὲ
1327 491 1598 544 δείκνυσιν
1649 491 1812 544 αὑτοῦ
1867 491 1967 560 τὴν

301 583 574 654 ἀνδρείαν,
632 583 724 635 καὶ
774 579 835 633 οὗ
898 579 1148 633 τοσοῦτον
1202 579 1300 650 τὴν
1358 579 1636 650 ἀνδρείαν,
1698 579 1820 631 ὅσον
1868 578 1967 649 τὴν

1041 293 1098 348 S.
1140 289 1424 349 JOANNIS
1461 290 1949 353 CHRYSOSTOMI
1988 289 2309 350 ARCIIIEP.
2350 289 2894 348 CONSTANTINOP.

3628 289 3739 350 519

2072 402 2366 474 τικώτερον
2398 405 2595 472 λέγειν,
2645 406 2726 459 ὅτι
2760 403 3024 472 Καθαρὸς
3053 401 3168 474 ἐγὼ
3207 403 3326 458 ἀπὸ
3355 404 3461 459 τοῦ
3489 405 3740 474 αἵματος

2071 491 2344 546 πάντων
2401 492 2488 545 διὰ
2544 493 2700 545 τοῦτο
2741 493 3266 562 προκατασκευάζει,
3303 491 3396 545 καὶ
3443 491 3736 560 δείκνυσιν,

2071 580 2153 633 ὅτι
2182 579 2332 632 οὐδὲν
2360 578 2688 632 ἐλλείπεται.
2717 578 2870 631 Ἐπεὶ
2908 573 3000 631 οῦν
3024 578 3244 648 ἔμελλεν
3279 579 3462 643 αὐτοῖς
3493 581 3737 636 ἐπιτιθέο

302 671 582 740 ὑπομονήν
607 686 622 701 ο
677 668 808 721 ὡσεὶ
859 667 1043 736 ἔλεγεν
1063 683 1077 698 ·
1114 668 1394 736 Ἔπασχον
1440 667 1550 734 ἐγω
1591 666 1796 731 κακῶς,
1833 666 2012 742 ἀλλὰ,
2067 683 2154 719 ναι
2185 666 2246 718 τὸ
2272 665 2436 736 βάρος
2455 665 2598 718 ἅπαν
2619 664 2712 717 καὶ
2733 663 2792 716 τὸ
2813 664 3048 735 φορτίον,
3075 663 3336 734 πρότερον
3363 681 3493 718 κατε
3503 665 3738 736 μάλαξεν

304 757 423 827 μεθ’
455 756 608 826 ὑμῶν
633 773 646 787 ο
689 755 782 808 καὶ
811 754 870 808 τὸ
906 753 1098 817 δεινὸν,
1138 754 1219 807 ὅτι
1253 753 1357 806 ὑπὸ
1397 753 1683 808 Ἰουδαίων.
1723 753 1831 807 Θέα
1877 769 1967 823 μοι

300 843 534 903 ἐνταῦθα
587 842 914 916 χαρακτῆρα
971 841 1354 904 διδασκαλίας·
1417 841 1514 894 καὶ
1586 840 1686 912 τὴν
1746 841 1967 909 ἀγάπην

297 931 481 1002 τίθησι
523 933 620 984 καὶ
661 931 760 1000 τὴν
817 930 1088 1002 ἀνδρείαν.
1135 929 1233 994 Ὠς
1271 928 1452 984 οὐδὲν
1493 927 1964 996 ὑπεστειλάμην,

299 1019 453 1089 φησί.
485 1018 560 1070 Τὸ
615 1017 849 1086 ἄφθονον
903 1017 1144 1070 δείκνυσι
1197 1016 1284 1070 διά
1342 1016 1548 1070 τούτων
1585 1015 1743 1087 ὁμοῦ,
1777 1015 1870 1068 καὶ
1907 1015 1966 1068 τὸ

297 1106 511 1159 ἄοκνον.
542 1104 649 1158 Kal
671 1103 792 1157 τῶν
823 1105 1269 1173 συμφερόντων.
1301 1104 1496 1166 Καλῶς
1533 1103 1704 1166 οὕτως
1737 1098 1889 1154 εἶπεν
1913 1114 1962 1142 ιο

179 1219 184 1224 -
295 1183 365 1258 ἦν
386 1186 494 1258 γὰρ
523 1187 560 1240 ἃ
587 1187 686 1240 οὐκ
732 1187 838 1240 ἔδει
891 1186 1100 1256 μαθεῖν.
1139 1185 1349 1257 Ὠσπερ
1385 1186 1442 1238 δὲ
1481 1186 1542 1238 τὸ
1577 1184 1699 1237 τινὰ
1723 1183 1966 1255 ἀποκρύο

298 1273 546 1338 πτεσθαι,
588 1273 818 1342 φθόνου·
859 1272 1000 1327 οὕτω
1045 1273 1106 1326 τὸ
1145 1272 1325 1326 πάντα
1368 1271 1568 1340 λέγειν,
1623 1272 1826 1332 ἀνοίας.
1865 1271 1966 1324 Διά

294 1361 454 1415 τοῦτο
486 1361 817 1433 προσέθηκε,
854 1361 975 1414 Τῶν
999 1361 1448 1428 συμφερόντων,
1489 1359 1687 1430 δηλῶν,
1728 1360 1810 1412 δτι
1849 1359 1963 1412 Οὐκ

296 1443 451 1501 εἶπον
500 1449 680 1518 μόνον,
741 1447 876 1502 ἀλλά
919 1447 1012 1500 καὶ
1050 1447 1295 1513 ἐδίδαξα·
1346 1446 1444 1514 οὐχ
1487 1446 1563 1509 ὼς
1613 1446 1746 1500 αὐτὸ
1803 1446 1963 1499 τοῦτο

293 1535 714 1608 ἀφοσιούμενος,
752 1536 937 1606 φησίν.
973 1535 1099 1588 Ὅτι
1144 1535 1202 1588 δὲ
1238 1534 1394 1588 τοῦτο
1445 1534 1615 1603 δηλοῖ,
1679 1535 1845 1587 ἄκουε
1900 1534 1962 1586 τὸ

294 1623 426 1694 ἑξῆς
446 1641 463 1656 ο
503 1624 750 1694 ἐπήγαγε
783 1621 892 1691 γάρ
913 1637 928 1652 ⁸
962 1620 1233 1690 Δημοσίᾳ
1280 1619 1379 1674 καί
1426 1623 1554 1672 κατ’
1591 1620 1798 1683 οἴκους
1821 1635 1836 1649 ·
1863 1619 1962 1690 τὴν

297 1710 516 1783 μακράν
560 1709 974 1780 ταλαιπωρίαν,
1033 1706 1128 1762 καὶ
1185 1709 1284 1779 τὴν
1334 1707 1534 1778 πολλὴν
1579 1707 1815 1777 σπουδὴν
1870 1708 1963 1760 καὶ

294 1797 392 1869 τὴν
428 1796 723 1868 καρτερίαν
753 1794 1216 1866 ἐπιδεικνύμενος.
1243 1793 1787 1863 Διαμαρτυρόμενος
1825 1794 1962 1846 ἰου-

292 1883 486 1950 δαίοις
531 1900 595 1938 τε
642 1883 740 1938 καί
773 1883 1085 1949 Ἕλλησιν.
1119 1883 1252 1952 Οὐχὶ
1301 1882 1438 1952 πρδς
1470 1882 1635 1952 ὑμᾶς,
1665 1883 1821 1952 φησὶ,
1861 1883 1960 1952 μό-

291 1987 405 2032 νον,
441 1970 576 2024 ἀλλά
626 1968 720 2023 καὶ
759 1969 896 2040 πρὸς
931 1969 1221 2040 Ἕλληνας.
1263 1967 1526 2022 Ἐνταῦθα
1569 1969 1603 2039 ἡ
1637 1969 1920 2040 παρρησία
1942 1985 1956 2000 ⁸

291 2055 445 2130 [332]
471 2059 566 2112 καὶ
594 2059 698 2120 ὅτι,
722 2057 840 2111 Κᾶν
867 2057 1033 2128 μηδὲν
1065 2055 1384 2126 ὼςρελῶμεν,
1421 2055 1602 2124 λέγειν
1627 2056 1736 2108 δεῖ·
1764 2055 1826 2109 τὸ
1853 2056 1960 2127 γάρ

289 2143 764 2216 διαμαρτύρασθαι
791 2143 950 2197 τοῦτό
981 2145 1148 2208 ἐστιν,
1183 2143 1312 2196 ὃταν
1345 2141 1483 2214 πρὸς
1530 2142 1656 2206 τοὺς
1683 2143 1758 2213 μὴ
1794 2159 1955 2220 πρρσο

291 2230 511 2300 έχοντας
544 2230 813 2300 λέγωμεν·
859 2229 921 2283 τδ
962 2228 1070 2301 γάρ
1106 2227 1601 2300 διαμαρτύρασθαι,
1649 2228 1725 2292 ὡς
1765 2229 1858 2281 ἐπὶ
1897 2227 1960 2281 τὸ

291 2316 427 2370 πολὺ
469 2316 628 2370 τοῦτό
687 2319 825 2370 ἐστι.
894 2315 1383 2384 Διαμαρτύρομαι,
1442 2315 1660 2385 φησὶνό
1695 2316 1957 2383 Μωῦσῆς,

290 2402 401 2456 τὸν
425 2403 686 2470 οὐρανὸν
713 2401 811 2454 καί
836 2400 951 2468 thr
985 2400 1135 2470 τῆν·
1168 2401 1264 2454 καὶ
1293 2400 1388 2454 νῦν
1425 2400 1606 2464 αὐτὸς,
1639 2403 1960 2470 Διαμαρτυ-

281 2488 540 2556 ρόμενος
569 2486 876 2551 Ἰουδαίοις
901 2503 965 2540 τε
994 2485 1093 2540 καί
1115 2486 1370 2554 Ἕλλησι
1400 2486 1516 2554 thr
1542 2488 1631 2553 είς
1668 2486 1777 2540 τὸν
1809 2487 1960 2541 Θεὸν

282 2573 631 2643 μετάνοιαν.

359 2660 428 2731 β’.
443 2660 508 2713 Τί
531 2659 898 2731 διαμαρτύρῃς
923 2659 1083 2714 ’Ὥστε
1114 2658 1230 2730 βίου
1245 2659 1669 2731 ἐπιμεληθῆναι·
1691 2659 1831 2714 ὥστε
1858 2677 1956 2731 με·

284 2747 546 2818 τανοῆσαι
592 2751 688 2800 καὶ
738 2747 1056 2817 προσελθεῖν
1100 2747 1179 2818 τῷ
1217 2747 1356 2819 Θεῷ.
1390 2748 1524 2802 Οὐδὲ
1572 2748 1684 2821 γὰρ
1715 2750 1958 2802 Ἰουδαῖοι

285 2835 485 2906 ⁴ᾔδεσαν
512 2833 698 2897 αὑτὸν,
735 2833 824 2886 διά
849 2851 910 2886 τε
954 2834 1048 2888 τὸν
1091 2834 1220 2887 Υἱδν
1251 2836 1485 2903 ἀγνοεῖν,
1518 2834 1606 2890 διά
1631 2853 1692 2889 τε
1719 2836 1790 2890 τά
1819 2836 1958 2907 ἔργα

285 2924 380 2977 καὶ
398 2923 581 2977 πίστιν
605 2921 679 2993 μὴ
706 2922 850 2993 ἔχειν
871 2924 972 2995 τὴν
991 2926 1072 2987 είς
1099 2924 1190 2977 τὸν
1212 2923 1417 2994 Κύριον
1431 2923 1659 2994 Ἰησοῦν.
1685 2925 1841 2988 Τίνος
1865 2921 1958 2978 οὖν

283 3011 472 3064 ἕνεκεν
491 3009 662 3064 ταῦτα
679 3010 889 3078 λέγειςς
917 3011 1060 3074 τίνος
1086 3012 1272 3065 ἕνεκεν
1290 3011 1462 3064 ταῦτα
1486 3011 1955 3082 ὑπομιμνήσκεις;

285 3097 339 3149 τί
370 3097 594 3166 γέγονςς
639 3097 714 3167 μή
744 3113 795 3150 τι
822 3096 966 3166 έχεις
1003 3097 1286 3164 ἐγκαλεῖν;
1321 3098 1593 3171 Πρότερον
1625 3099 1958 3162 κατασείσας

285 3183 463 3234 αὐτῶν
491 3182 590 3252 τὴν
617 3182 875 3248 διάνοιαν,
910 3182 1032 3236 τότε
1077 3183 1306 3252 ἐπάγει·
1361 3185 1470 3238 Kal
1509 3185 1628 3238 νῦν
1671 3184 1800 3238 ίδοὺ
1843 3184 1958 3254 ἐγὼ

284 3267 600 3336 δεδεμένος
628 3266 710 3333 τῷ
742 3269 1040 3337 Πνεύματι
1066 3271 1388 3339 πορεύομαι
1415 3273 1504 3337 είς
1536 3271 1952 3343 Ἰερουσαλὴμ,

287 3353 360 3407 τὰ
389 3354 458 3407 ἐν
483 3353 638 3422 αὐτῇ
663 3355 1135 3422 συναντήσοντὰ
1159 3375 1263 3426 μοι
1305 3357 1392 3426 μὴ
1433 3359 1604 3425 εἰδώς
1623 3376 1638 3389 ·
1669 3359 1838 3428 πλὴν
1864 3360 1956 3414 ὅτι

284 3439 351 3493 τὸ
381 3441 622 3510 Πνεῦμὰ
657 3459 759 3510 μοι
789 3441 854 3496 τὸ
877 3442 1049 3512 ἅγιον
1081 3443 1232 3497 κατὰ
1269 3446 1453 3498 πόλιν
1479 3445 1952 3514 διαμαρτύρεται,

282 3527 485 3597 λέγον,
511 3530 598 3583 ὅτι
623 3529 816 3598 δεσμά
839 3548 915 3600 με
936 3532 1034 3586 καί
1055 3534 1295 3600 θλίψεις
1308 3531 1625 3600 μένουσιν.
1644 3534 1797 3588 Ἀλλ’
1816 3536 1956 3588 οὐδ-

287 3616 424 3682 ενὸς
459 3618 645 3685 λόγον
685 3617 996 3687 ποιοῦμαι·
1054 3617 1197 3672 οὐδὲ
1233 3619 1353 3688 ἔχω
1381 3618 1497 3687 thr
1518 3620 1733 3690 ψυχὴν
1758 3622 1967 3690 τιμίαν-

284 3701 539 3771 ἐμαυτῷ,
567 3703 649 3769 ὡς
685 3704 1000 3758 τελειῶσαι
1032 3703 1140 3759 τὸν
1168 3704 1393 3774 δρόμον
1415 3723 1534 3777 μου
1557 3708 1708 3776 μετὰ
1743 3708 1952 3778 χαρᾶς.

285 3790 384 3842 καὶ
409 3789 523 3856 thr
550 3789 883 3852 διακονίαν,
913 3789 994 3858 ἢν
1015 3793 1235 3846 ἔλαϐον
1254 3794 1415 3862 παρὰ
1447 3794 1554 3849 τοῦ
1591 3796 1812 3862 Κυρίου
1840 3798 1954 3864 Ἰη-

284 3875 426 3939 σοῦς
448 3875 951 3946 διαμαρτύρασθαι
980 3879 1046 3932 τὸ
1064 3880 1435 3949 Evam-utor
1457 3881 1566 3950 τῆς
1594 3881 1832 3951 χάριτος
1847 3882 1954 3937 τοῦ

287 3963 458 4019 Θεοῦ.
490 3964 589 4017 Διά
616 3965 858 4019 τίταῦτα
879 3966 1060 4034 λέγεις
1115 3968 1598 4038 Παρασκευάξωνιι
1630 3971 1826 4032 αὐτοὺς
1869 3971 1956 4024 ἀεὶ

287 4049 535 4120 ἑτοίμους
561 4046 696 4105 εἶναι
731 4053 866 4124 πρὸς
903 4054 1180 4118 κινδύνους
1214 4055 1308 4108 καὶ
1337 4055 1529 4125 δήλους
1579 4056 1677 4109 καὶ
1699 4055 1952 4128 ἀδήλους,

285 4137 384 4190 καὶ
417 4138 596 4192 πάντα
624 4138 700 4210 τῷ
729 4140 1005 4211 Πνεύματι
1035 4141 1338 4196 πείθεσθαι.
1363 4143 1614 4198 Δείκνυσι
1643 4145 1722 4209 δὲ,
1750 4147 1832 4200 ὅτι
1860 4148 1954 4202 ἐπὶ

289 4223 545 4293 μεγάλοις
570 4227 859 4296 ἀπάγεται.
911 4227 1088 4296 Πλὴν
1135 4228 1225 4282 ὅτι
1271 4230 1337 4282 τὸ
1375 4231 1618 4301 Πνεῦμα
1635 4251 1756 4301 μοι,
1797 4235 1952 4306 φησὶ,

285 4311 355 4364 τὸ
412 4311 583 4380 ἅγιον
626 4317 777 4368 κατὰ
823 4315 1008 4369 πόλιν
1048 4315 1520 4386 διαμαρτύρεται,
1568 4321 1770 4391 λέγον.
1833 4323 1954 4379 Ἰνα

285 4396 456 4470 δείξῃ,
484 4399 564 4452 ὅτι
595 4399 736 4455 έκὼν
756 4401 1073 4473 ἀπέρχεται,
1105 4405 1198 4458 καὶ
1224 4405 1309 4457 ῖνα
1334 4405 1411 4476 μὴ
1430 4405 1629 4477 δεσμὸν
1652 4409 1686 4478 ἢ
1704 4409 1952 4480 ἀνάγκην

286 4486 537 4556 νομίσῃς,
569 4487 630 4540 τὸ
663 4490 826 4542 Κατὰ
849 4489 1034 4542 πόλιν
1059 4484 1235 4544 εἶπεν.
1270 4489 1405 4544 Εἶτα
1454 4493 1671 4562 ἐπάγει,
1713 4495 1798 4550 δτι
1828 4499 1952 4551 Οὐκ

285 4572 404 4642 ἔχω
432 4575 629 4642 τιμίαν
660 4573 774 4642 τὴν
822 4574 1081 4642 ἐμαυτοῦ
1121 4576 1355 4644 ψυχὴν,
1390 4579 1471 4644 ὡς
1498 4580 1805 4635 τελειῶσαι
1845 4585 1954 4638 τὸν

283 4659 504 4729 δρόμον
528 4677 649 4729 μου
668 4661 818 4728 μετά
838 4661 1046 4729 χαρᾶς.
1075 4661 1174 4716 καί
1211 4663 1325 4730 τὴν
1347 4663 1678 4733 διακονίαν,
1712 4667 1792 4735 ἢν
1814 4671 1953 4724 ἕλα-

285 4751 394 4803 6’0r
421 4749 584 4816 παρὰ
613 4747 720 4802 τοῦ
758 4749 978 4816 Κυρίου
996 4749 1220 4816 Ἰησοῦ.
1240 4752 1403 4822 Ὁρᾷς
1433 4753 1516 4806 ὅτι
1545 4755 1645 4808 οὐκ
1679 4756 1950 4830 ἀποδυρο-

286 4834 450 4905 μένου
482 4830 552 4906 ἦν
575 4835 645 4889 τὰ
690 4835 932 4907 ῥήματα,
968 4837 1104 4891 άλλά
1139 4838 1518 4910 μετριάζοντος
1545 4841 1641 4894 καὶ
1668 4844 1951 4899 παιδεύον-

280 4939 374 4987 τος
421 4923 660 4988 ἐκείνους
698 4927 794 4977 καὶ
831 4926 1245 4998 συμπάσχοντος
1286 4929 1400 4990 τοῖς
1441 4930 1786 5001 γινομένοις;
1832 4933 1950 4990 Οὐκ

282 5005 458 5074 εἶπεν,
505 5011 589 5065 ὅτι
635 5011 947 5082 Ἀλγῶμεν,
986 5013 1199 5084 ἀνάγκη
1247 5014 1304 5068 δὲ
1360 5016 1579 5086 φέρειν’
1642 5019 1760 5074 ἀλλ’
1801 5023 1945 5085 οὐδε,

294 5095 586 5188 ᾟγοῦμαι.
609 5097 779 5152 Τοῦτο
796 5099 958 5153 πάλιν
973 5099 1143 5169 λέγει,
1164 5102 1264 5155 οὐκ
1288 5112 1310 5147 ς
1334 5103 1578 5188 ἐπαίρων
1599 5107 1812 5173 ἑαυτὸν,
1833 5110 1958 5188 ἀλλ’.

281 5183 524 5246 ἐκείνους
553 5184 840 5246 διδάσκων.
879 5185 968 5240 διὰ
996 5188 1094 5257 μὲν
1122 5187 1232 5242 τῶν
1259 5179 1541 5262 προτέρων
1569 5193 1668 5265 τὴν
1705 5213 1948 5250 ταπεινο-

283 5269 576 5342 φροσύνην,
606 5270 695 5325 διὰ
733 5271 790 5325 δὲ
815 5271 1019 5326 τούτων
1041 5273 1138 5345 τὴν
1159 5275 1430 5346 ἀνδρείαν,
1469 5278 1566 5351 τὴν
1600 5284 1910 5354 παρρησίαν
1929 5301 1944 5315 ·

281 5355 414 5442 (incl
434 5357 618 5426 ἔλεγεν
639 5375 650 5387 ο
683 5359 758 5413 Ού
787 5359 925 5428 φιλῶ
957 5361 1126 5434 αὐτὴν
1162 5363 1268 5434 πρὸ
1291 5364 1496 5434 ταύτης
1515 5384 1530 5397 ·
1555 5371 1947 5442 προτιμότερον

283 5441 522 5525 ἠγοῦμαι
540 5443 600 5497 τὸ
625 5445 844 5501 τελέσαι
869 5447 960 5501 τὸν
985 5447 1204 5520 δρόμον,
1226 5449 1288 5503 τὸ
1314 5451 1806 5525 διαμαρτύρασθαι.
1839 5441 1946 5511 Καὶ

281 5528 382 5582 οὐκ
409 5524 554 5595 εἷπε,
586 5533 854 5603 Κηρῦξαι.
885 5535 1131 5601 Διδάξαι·
1161 5536 1298 5592 άλλά
1321 5539 1404 5604 τί;
1435 5524 1943 5612 Διαμαρτύρασθαι

282 5617 350 5667 τὸ
369 5617 735 5687 Εὑαγε-ἐλιον
758 5620 867 5691 τῆς
888 5622 1130 5693 χάριτος
1160 5625 1267 5680 τοῦ
1299 5627 1468 5682 Θεοῦ.
1501 5630 1699 5684 Μέλλει
1740 5649 1794 5686 τι
1823 5649 1947 5704 φορ·

346 5738 374 5767 ⁸
397 5739 532 5816 Huic,
554 5743 715 5798 καλῶς
735 5746 884 5816 οὕτως
911 5748 1261 5816 εἶπινηᾶεβμηι
1279 5754 1327 5802 in
1351 5766 1448 5802 uno
1469 5753 1584 5816 Cod,
1652 5756 1679 5796 b
1705 5755 1821 5816 Alii,
1867 5759 1944 5807 διὰ

282 5813 320 5880 1_
314 5799 937 5880 ίὶῖοησῖᾎποξεασκιυάζὼν.
1006 5813 1028 5843 ε
1046 5799 1264 5874 ’ρυίάιηί
1282 5799 1440 5875 ὣέέί,
1463 5799 1690 5880 ἠγοῦμαι.
1789 5799 1942 5870 ’τοῦτδ

287 5860 429 5909 πάλιν
478 5860 566 5910 οὐκ
601 5860 819 5927 ἐπαίρων.

2066 753 2245 808 αὐτῶν
2273 755 2369 824 τὴν
2402 752 2661 815 διάνοιαν,
2690 751 2891 818 λέγων’
2946 751 3054 805 Kal
3102 751 3219 805 νῦν
3251 750 3380 804 ίδοὺ
3417 751 3535 822 ἐγὼ
3579 749 3736 816 οῖδα,

2066 842 2152 894 ὅτι
2172 843 2282 895 οὑκ
2303 841 2389 893 ἔτι
2419 841 2646 908 ὄψεσθε
2677 839 2742 892 τὸ
2775 839 3102 907 πρόσωπόν
3133 855 3273 906 μου.
3315 834 3448 892 Εἶτα
3481 839 3604 892 τότε
3632 842 3735 894 ἐπ-

2065 929 2242 999 ήγαγε
2279 927 2360 989 τὸ,
2401 927 2673 994 Καθαρὸς
2717 925 2831 995 ἐγὼ
2854 924 2971 978 ἀπὸ
3025 925 3132 978 τοῦ
3181 925 3429 992 αἳματος
3470 926 3730 984 πάντων.

2063 1015 2234 1085 Διπλῆ
2267 1015 2300 1084 ἡ
2329 1013 2474 1083 λύπη
2497 1027 2511 1041 ·
2563 1012 2624 1064 τό
2647 1029 2728 1072 τε,
2768 1011 2841 1063 Τὺ
2868 1011 3156 1082 πρόσωπον
3183 1011 3347 1064 αὑτοῦ
3366 1011 3466 1064 οὐκ
3496 1010 3578 1064 ἔτι
3602 1012 3735 1082 ὂψε-

2065 1100 2209 1166 σθαι,
2262 1101 2356 1154 καὶ
2412 1099 2494 1163 τὸ,
2555 1099 2763 1161 Αὐτοὺς
2809 1098 3035 1161 πάντας.
3075 1100 3199 1152 Οὐκ
3244 1098 3333 1151 ἔτι
3382 1097 3512 1168 γὰρ,
3543 1100 3731 1170 φησὶν,

2063 1186 2290 1254 ὄψεσθε
2323 1185 2392 1238 τὸ
2420 1186 2746 1252 πρόσωπόν
2777 1201 2896 1252 μου
2927 1184 3096 1252 ὑμεῖς
3141 1183 3383 1248 πάντες,
3415 1183 3486 1236 ἐν
3512 1179 3603 1250 οἷς
3633 1179 3732 1238 ’δι-

2061 1271 2253 1341 ἦλθον
2279 1274 2607 1341 κηρύσσων
2643 1272 2757 1338 thr
2790 1271 3137 1335 βασιλείαν.
3171 1270 3333 1322 Ὥστε
3353 1269 3575 1334 εἰκότως
3611 1271 3730 1324 δια-

2065 1359 2411 1432 μαρτύρομαι
2468 1360 2618 1429 ὐμῖν,
2676 1359 2770 1411 ἆτε
2830 1357 3025 1427 μηκέτι
3089 1356 3549 1426 παραγινόμενος,
3606 1357 3731 1411 Ὅτι

2060 1446 2319 1514 καθαρὸς
2362 1445 2476 1514 ἐγὼ
2533 1444 2684 1515 1555]
2729 1445 2850 1498 ἀπὸ
2899 1443 3005 1496 τοῦ
3043 1443 3289 1511 αΤματος
3336 1442 3600 1497 πάντων.
3645 1445 3730 1497 οὐ

2060 1535 2170 1604 γὰρ
2201 1532 2648 1600 ὑπεστειλάμην
2694 1531 2800 1584 τοῦ
2841 1531 2928 1600 μὴ
2961 1529 3310 1599 ἀναγγεῖλαι
3341 1529 3484 1599 ὑμῖν
3523 1528 3731 1585 πᾶσαν

2057 1621 2174 1689 thr
2193 1621 2440 1686 ,βουλὴν
2464 1619 2569 1672 τοῦ
2616 1619 2785 1673 Θεοῦ.
2823 1619 2987 1690 Ὁρᾷς
3009 1617 3125 1679 πῶς
3152 1617 3331 1687 φοϐεῖ,
3366 1618 3460 1670 καὶ
3488 1634 3730 1687 πεπονη-

2062 1708 2228 1778 μένας
2273 1706 2453 1760 αὐτῶν
2503 1705 2601 1769 τάς
2640 1704 2817 1775 ψυχὰς
2861 1705 2954 1759 καὶ
3013 1703 3377 1774 τεθλιμμένας
3424 1703 3730 1774 ἐπιτρίϐεις

2059 1795 2276 1858 Καλῶς,
2303 1795 2382 1846 ὅτι
2420 1795 2715 1862 ἀναγκαῖον
2752 1788 2839 1862 ἦν.
2877 1794 2959 1845 Ob
3004 1791 3113 1860 γὰρ
3141 1790 3594 1858 ὑπεστειλάμην
3621 1790 3733 1845 τοῦ

2052 1880 2140 1950 μὴ
2166 1880 2512 1949 ἀναγγεῖλαι
2556 1879 2720 1949 ὑμῖν,
2749 1879 2903 1949 φησὶ,
2936 1877 3145 1950 πᾶσαν
3186 1877 3299 1944 thr
3333 1877 3582 1945 βουλὴν
3620 1878 3734 1932 τοῦ

2062 1967 2230 2022 Θεοῦ.
2270 1968 2411 2038 Ἀρα
2446 1968 2474 2019 ὁ
2519 1966 2594 2037 μὴ
2620 1966 2817 2034 λέγων,
2861 1955 3161 2028 ὑπεύθυνός
3187 1966 3303 2017 ἐστι
3334 1964 3426 2019 τοῦ
3456 1965 3693 2035 αἵματος
3712 1980 3730 1996 ο

2056 2055 2322 2119 τουτέστι,
2353 2054 2452 2124 τῆς
2477 2053 2709 2123 σφαγῆς.
2751 2052 2917 2105 Οὐδὲν
2949 2051 3139 2105 τούτου
3181 2049 3573 2122 φοϐερώτερον.
3603 2051 3732 2105 Δεί-

2057 2159 2263 2206 κνυσιν,
2291 2143 2380 2194 ὅτι
2405 2143 2668 2202 κάκεῖνοι,
2689 2139 2753 2194 ἂν
2787 2139 2862 2210 μὴ
2893 2136 3144 2203 ποιῶσιν,
3185 2137 3478 2191 ὑπεύθυνοί
3501 2141 3606 2191 εἰσι
3632 2137 3730 2192 τοῦ

2056 2231 2306 2299 αἵματος.
2338 2228 2448 2282 Καὶ⁵
2474 2228 2621 2280 δοκεῖ
2653 2227 2751 2297 μὲν
2775 2225 3181 2294 ἀπολογεῖσθαι,
3212 2227 3451 2290 ἐκείνους
3472 2226 3527 2279 δὲ
3553 2226 3728 2294 φοϐεῖ.

2055 2315 2387 2383 Προσέχετε
2396 2309 2509 2368 οὖν
2522 2314 2756 2378 ἑαυτοῖς
2769 2313 2863 2367 καὶ
2879 2313 3055 2367 παντὶ
3066 2312 3147 2378 τῷ
3159 2315 3427 2382 ποιμνίῳ,
3439 2304 3563 2379 ἐνῷ
3575 2312 3733 2381 ὑμᾶς

2054 2403 2120 2455 τὸ
2141 2402 2383 2470 Πνεῦμα
2407 2402 2471 2454 τὸ
2490 2401 2662 2470 ἅγιον
2681 2399 2849 2455 ἔθετο
2869 2401 3244 2468 ἐπισκόπους
3266 2402 3604 2469 ποιμαίνειν
3616 2399 3731 2468 τὴν

2055 2490 2419 2557 Ἐκκλησίαν
2467 2489 2574 2543 τοῦ
2637 2489 2808 2551 Θεοῦ,
2846 2487 2926 2555 ἢν
2958 2487 3421 2556 περιεποιήσατο
3475 2488 3574 2542 διὰ
3620 2487 3729 2542 τοῦ

2057 2576 2209 2630 ίδίου
2237 2577 2503 2646 αἵματος.
2555 2576 2752 2647 ⁹ορᾷς;
2807 2574 2900 2627 δύο
2941 2574 3294 2646 προσέταξεν.
3352 2574 3490 2628 Οὔτε
3528 2571 3620 2628 οὗν
3664 2574 3729 2628 τὺ

2056 2664 2275 2734 ἑτέρους
2304 2663 2604 2736 κατορθοῦν
2636 2664 2795 2734 μόνον
2820 2662 2932 2733 ἕχει
2960 2679 3012 2715 τι
3045 2663 3234 2734 κέρδος
3253 2663 3570 2734 (Φοϐοῦμαι
3595 2663 3726 2734 γάρ,

2056 2750 2211 2820 φησὶ,
2231 2748 2318 2818 μή
2367 2766 2492 2815 πως
2515 2749 2728 2815 ἄλλοις
2755 2749 3022 2815 κηρύξας
3060 2751 3242 2815 αὐτὸς
3295 2749 3578 2818 ἀδόκιμος
3631 2747 3731 2818 τέ-

2053 2836 2284 2906 νωμαι),
2328 2835 2452 2889 οὔτε
2493 2836 2557 2888 τὺ
2585 2834 2778 2888 ἐαυτοῦ
2829 2835 2991 2905 μόνον
3042 2835 3442 2906 ἐπιμελεῖσθαι.
3504 2837 3564 2888 '0
3617 2836 3728 2906 γάρ

2054 2923 2293 2986 τοιοῦτος
2321 2923 2573 2992 φίλαυτος
2617 2923 2714 2976 καὶ
2763 2921 2823 2975 τὸ
2857 2921 3050 2976 ἑαυτοῦ
3092 2921 3244 2993 ζητεῖ
3274 2924 3458 2992 μόνον,
3487 2924 3584 2976 καὶ
3626 2921 3723 2976 τοῦ

2054 3010 2114 3063 τὸ
2141 3009 2402 3064 τάλαντον
2429 3007 2846 3080 καταχώσαντος
2883 3009 2994 3072 ῐσος
3026 3010 3160 3062 ἐστί.
3205 3009 3389 3063 Ταῦτα
3415 3009 3583 3077 λέγει,
3625 3008 3728 3063 οὒκ

2055 3097 2242 3169 ἐπειδὴ
2275 3097 2643 3168 προτιμοτέρα
2681 3099 2714 3167 ἡ
2742 3095 2987 3167 ἡμετέρα
3043 3097 3284 3168 σωτηρία
3314 3095 3404 3150 τοῦ
3451 3095 3724 3166 ποιμνίου,

2054 3184 2170 3237 ἀλλ’
2213 3185 2421 3254 ἐπειδὴ,
2468 3185 2596 3238 ὃταν
2648 3186 2858 3248 ἐαυτοῖς
2909 3185 3285 3255 προσέχωμεν,
3344 3184 3466 3238 τότε
3519 3184 3613 3236 καὶ
3663 3183 3726 3238 τὺ

2053 3272 2301 3343 ποίμνιον
2341 3272 2630 3342 κερδαίνει.
2676 3265 2847 3338 Ἐ’νῷ
2880 3271 3035 3342 ὑμᾶς
3073 3272 3142 3325 τὸ
3180 3272 3422 3340 Πνεῦμα
3449 3271 3515 3324 τὸ
3555 3271 3726 3340 ἅγιον

2051 3359 2219 3412 ἔθετο
2263 3358 2638 3424 ἐπισκόπους
2675 3359 3012 3428 ποιμαίνειν
3051 3358 3169 3426 thr
3210 3360 3580 3425 Ἐκκλησίαν
3616 3357 3725 3412 τοῦ

2055 3446 2225 3499 Θεοῦ.
2252 3446 2392 3517 Ὅρα
2425 3446 2584 3499 πόσαι
2613 3445 2850 3514 ἀνάγκαι
2871 3446 2924 3501 δ.
2969 3446 3126 3518 Παρά
3161 3445 3254 3498 τοῦ
3290 3445 3602 3516 Πνεύματος
3623 3444 3724 3515 τὴν

2053 3534 2383 3604 χειροτονίαν
2420 3533 2594 3604 ἔχετε,
2629 3531 2794 3605 φησί·
2835 3532 2993 3587 τοῦτο
3038 3533 3148 3603 γάρ
3193 3533 3310 3585 ἐστι
3361 3533 3444 3598 τὸ,
3488 3534 3718 3586 Ἐοετο.

2053 3621 2166 3674 Μία
2195 3620 2334 3692 αῦτη
2363 3621 2575 3691 ἀνάγκη
2597 3636 2612 3650 ⁸
2668 3616 2806 3679 εἶτα.
2839 3621 3183 3690 Ποιμαίνειν
3214 3619 3329 3688 thr
3356 3620 3725 3686 Ἐκκλησίαν

2052 3707 2159 3761 τοῦ
2187 3706 2357 3762 Θεοῦ.
2403 3707 2532 3761 Ἰδοὺ
2567 3707 2661 3760 καὶ
2683 3707 2912 3777 δευτέρα
2930 3722 2944 3737 ο
2982 3708 3075 3760 καὶ
3102 3705 3280 3778 τρίτη,
3306 3707 3430 3761 Ἦν·
3448 3722 3611 3776 φησιν
3639 3706 3722 3758 ὅτι

2054 3794 2516 3861 περιεποιήσατο
2546 3793 2646 3848 διὰ
2676 3795 2784 3848 τοῦ
2815 3793 2971 3848 ίδίου
2987 3795 3255 3862 αἵματος.
3306 3793 3447 3847 Πολὺ
3485 3793 3721 3846 δείκνυσι

2053 3879 2122 3933 δι’
2148 3875 2222 3934 ὧν
2251 3877 2370 3936 εἷπε
2398 3881 2576 3952 τίμιον
2615 3881 2678 3934 τὸ
2706 3882 2958 3952 πρᾶγμα,
2990 3882 3084 3933 καὶ
3107 3881 3188 3934 ὅτι
3213 3881 3310 3951 οὐχ
3339 3881 3479 3951 ὑπὲρ
3509 3879 3722 3950 μικρῶν

2052 3967 2082 4019 δ
2103 3967 2365 4030 κίνδυνος,
2392 3969 2447 4020 εί
2468 3984 2531 4035 γε
2549 3970 2576 4020 ὁ
2592 3968 2869 4036 Δεσπότης
2890 3967 3030 4038 ὑπὲρ
3056 3968 3154 4038 τῆς
3168 3967 3494 4035 Ἑκκλησίας
3519 3977 3566 4031 ο,
3597 3965 3720 4018 οὐδὲ

2050 4054 2147 4107 τοῦ
2173 4055 2403 4124 αἵματος
2429 4056 2682 4124 ἐφείσατο
2701 4054 2795 4107 τοῦ
2825 4054 3040 4120 ἐαυτοῦ,
3070 4057 3229 4124 ἡμεῖς
3244 4054 3300 4107 δὲ
3318 4054 3418 4124 τῆς
3443 4053 3552 4106 τῶν
3568 4052 3722 4106 ἀδελ-ι

2053 4141 2168 4210 φῶν
2228 4141 2500 4212 σωτηρίας
2551 4141 3020 4214 καταφρονοῦμεν.
3078 4141 3188 4196 Καὶ
3221 4143 3426 4205 ἐκεῖνος
3480 4141 3579 4211 μὲν
3635 4140 3722 4193 ἵνα

2053 4227 2281 4299 ἐχθροὺς
2309 4227 2640 4300 καταλλάξῃ,
2683 4229 2777 4281 καὶ
2803 4227 2864 4281 τὸ
2898 4224 3037 4299 αἷμα
3061 4228 3270 4300 ἐξέχεε·
3304 4229 3368 4282 σὺ
3397 4227 3452 4280 δὲ
3480 4227 3602 4280 οῦδέ
3637 4228 3722 4295 φί-

2052 4313 2177 4379 λους
2237 4315 2564 4385 γενομένους
2627 4315 2830 4385 ίτχύεις
2888 4319 3201 4386 κατασχεῖν.
3249 4313 3399 4385 Ἐγὼ
3444 4317 3554 4386 γὰρ
3589 4311 3723 4369 οἶδα

2052 4402 2249 4466 τοῦτο,
2274 4401 2364 4455 ὅτι
2383 4404 2836 4456 εἰσελεύσονται
2861 4402 3011 4472 μετὰ
3035 4402 3147 4470 τὴν
3168 4403 3376 4471 ἄφιξίν
3396 4420 3517 4472 μου
3545 4403 3719 4456 λύκοι

2046 4488 2256 4556 ,ϐαρεῖς
2281 4491 2368 4555 εὶς
2404 4488 2576 4557 ὑμᾶς.
2597 4490 2684 4558 μὴ
2710 4489 3043 4558 φειδόμενοι
3069 4487 3172 4542 τοῦ
3195 4490 3496 4558 ποιμνίου.
3550 4488 3720 4542 Πάλιν

2052 4576 2271 4631 ἄλλοθεν
2305 4578 2505 4641 αὐτοὺς
2531 4579 2848 4650 ἐπιστρέφει
2886 4580 2995 4632 ἀπὸ
3037 4579 3146 4632 τῶν
3174 4577 3482 4648 ἐσομένων·
3529 4576 3718 4645 ὥσπερ

2052 4665 2181 4719 ὅταν
2224 4663 2458 4735 ἀλλαχοῦ
2511 4665 2646 4738 λέγῃ
2668 4681 2685 4698 ο
2746 4668 2866 4720 Οὐκ
2898 4667 3069 4720 ἐστιν
3092 4665 3254 4735 -ήμῒν
3283 4667 3322 4734 ή
3374 4665 3539 4731 πάλη
3570 4663 3719 4732 πρὸς

2050 4747 2192 4820 alga
2218 4752 2316 4805 καί
2343 4752 2560 4821 σάρκα.
2586 4755 2712 4807 Ὅτι
2738 4755 3208 4823 εἰσελεύσονται,
3243 4753 3398 4824 φησι,
3424 4752 3574 4821 μετὰ
3605 4750 3718 4818 thr

2050 4838 2258 4907 ἄφιξίν
2281 4857 2401 4908 μου
2430 4841 2602 4893 λύκοι
2624 4839 2834 4908 ,βαρεῖς
2860 4843 2946 4906 είς
2976 4839 3149 4909 ὑμᾶς.
3179 4839 3410 4893 Διπλοῦν
3437 4840 3498 4892 τὸ
3524 4839 3712 4902 κακον,

2048 4927 2132 4980 ὅτι
2181 4944 2242 4980 τε
2281 4927 2445 4991 αὐτὸς
2495 4928 2556 4980 οὺ
2589 4928 2842 4999 πάρεστι,
2875 4929 2971 4980 καὶ
3002 4929 3085 4981 ὅτι
3115 4927 3292 4994 ἕτεροι
3345 4928 3712 4998 ἐπιθήσονται.

2049 5011 2116 5067 Τί
2145 5009 2238 5068 οὖν
2265 5014 2502 5087 ἀπέρχῃ,
2534 5015 2583 5067 εί
2611 5013 2767 5067 τοῦτο
2793 5015 3080 5086 προοῖδας;
3125 5015 3198 5068 Τὸ
3245 5014 3474 5085 Πνεῦμά
3522 5030 3589 5086 με
3627 5013 3716 5066 ’ἐλ-

2049 5119 2157 5164 κει,
2189 5101 2342 5171 φησί.

2119 5195 2189 5257 γ’.
2213 5190 2320 5243 Καὶ
2350 5189 2450 5260 δρα
2471 5205 2486 5220 ο
2508 5181 2605 5259 οὐχ
2622 5188 2806 5252 ἁπλῶς
2840 5185 2981 5253 εἷπε,
3005 5190 3211 5254 Λύκοι,
3229 5189 3364 5243 ἀλλά
3388 5188 3713 5260 προσέθηκε,

2050 5277 2282 5345 Πιιρεῖς,
2311 5276 2372 5329 τὸ
2396 5277 2622 5348 σφοδρὸν
2651 5277 2830 5330 αὐτῶν
2856 5277 2948 5330 καὶ
2979 5277 3174 5348 ἰταμὸν
3199 5278 3584 5348 αἰνιττόμενος·
3621 5277 3715 5330 καὶ

2048 5367 2109 5421 τὸ
2140 5368 2536 5438 χαλεπώτερον,
2575 5369 2655 5421 ὅτι
2696 5368 2893 5430 αὐτοὺς
2925 5367 3148 5431 τούτους
3179 5367 3238 5432 ἐξ
3265 5366 3442 5421 αὐτῶν
3479 5367 3716 5435 ἀναστή-

2047 5457 2238 5510 σεσθαι
2273 5457 2453 5525 λέγει·
2488 5457 2516 5509 ὃ
2541 5458 2634 5511 καὶ
2665 5457 2868 5527 σφόδρα
2905 5458 3020 5509 ἐστὶ
3063 5457 3222 5526 βαρὺ,
3251 5457 3380 5510 ὅταν
3411 5456 3506 5510 καὶ
3541 5455 3716 5527 ἐμφύ-

2047 5544 2159 5608 λιος
2188 5546 2217 5597 ὁ
2241 5545 2476 5613 πόλεμος
2595 5544 2706 5598 Καὶ
2737 5544 2914 5608 καλῶς
2947 5540 3088 5610 εἷπε,
3118 5545 3474 5611 Προσέχετε,
3499 5543 3715 5605 δεικνὺς

2047 5633 2512 5704 περισπούδαστον
2561 5633 2765 5704 σφόδρα
2811 5633 2872 5685 τὸ
2925 5634 3155 5703 πρᾶγμα
3207 5633 3536 5703 (Ἐκκλησία
3602 5632 3714 5702 γάρ

2126 5819 2154 5859 ἆ
2177 5821 2336 5870 Πόσαι
2360 5820 2559 5882 ἀνάγκαι
2594 5821 2736 5868 deos!
2783 5822 2832 5869 i1
2861 5831 2980 5882 uno,
3046 5822 3070 5851 ε
3093 5818 3278 5881 Verba,
3302 5817 3547 5876 Δεσπότης
3590 5815 3708 5880 ὕκζρ

2045 5887 2130 5940 τῆς
2159 5879 2467 5939 Ἐκκλησῐαςζ
2485 5883 2661 5932 desum
2689 5886 2736 5932 in
2761 5895 2858 5930 uno
2884 5879 2998 5930 (20d.
