4148 6152
439 349 542 406 509

443 466 510 520 Ιιζι
556 475 742 517 rursus
783 460 906 514 alibi
949 457 1118 512 dicit:
1156 456 1308 510 Nunt:
1360 455 1554 524 gaudeo
1597 454 1650 504 iu
1697 451 2010 519 passionibus

445 557 565 608 meis
594 571 684 622 pro
714 552 845 604 vobis
869 549 999 610 (Col.
1028 551 1079 603 1.
1101 548 1224 618 2b);
1249 555 1303 598 et
1329 561 1538 600 rursum
1565 559 1578 596 :
1614 541 1766 595 Nunc
1790 558 2014 594 momen-

443 657 590 698 tauea
610 643 788 698 levitas
813 640 1147 694 tribulationis
1168 654 1322 699 supra
1355 636 1556 688 modum
1577 645 1813 688 a’ternum
1836 633 2013 700 gloria:

438 737 638 802 pondus
663 743 898 805 operatur
937 731 1079 786 nobis
1107 729 1184 797 (2.
1214 729 1330 783 Cor.
1356 729 1411 782 4.
1444 729 1551 796 l7).
1579 725 1772 780 Verum
1802 726 1914 778 hare
1945 738 2008 776 cx

442 827 695 880 modestia
719 826 867 878 dicit.
884 823 982 877 llic
1003 831 1178 875 autent
1200 811 1430 874 ostendit
1454 816 1810 872 fortitudinem
1833 831 2006 880 suam,

441 938 536 972 nec
561 929 666 972 tam
685 917 1075 978 fortitudinem,
1099 929 1256 982 quam
1282 911 1606 981 patientiam,
1623 925 1685 965 ac
1709 910 1753 963 si
1775 909 1978 964 diceret
1993 925 2006 938 ·

441 1012 573 1064 Male.
603 1008 860 1078 patiebar,
890 1006 982 1059 sed
1024 1005 1293 1085 vobiscum
1327 1019 1340 1055 :
1372 1003 1618 1072 quodque
1664 1000 1878 1070 gravius
1906 1008 2006 1063 est,

438 1116 466 1152 a
496 1099 713 1154 ludatis.
743 1098 837 1151 llic
868 1097 988 1150 vide
1006 1095 1368 1148 characterem
1397 1092 1659 1144 doctrina:
1693 1109 1705 1143 :
1735 1099 1787 1143 et
1813 1089 2007 1142 carita-

441 1203 546 1244 tem
578 1191 725 1259 ponit
749 1198 804 1243 et
832 1187 1215 1242 fortitudinem.
1252 1185 1402 1250 Quod
1436 1183 1563 1236 nihil
1600 1181 2007 1250 subterfugerim,

441 1281 646 1350 inquit;
676 1280 883 1347 copiam
908 1278 1062 1331 simul
1089 1286 1142 1329 et
1170 1274 1502 1328 sedulitatem
1532 1270 1783 1326 ostendit.
1818 1270 2007 1322 Eorum

438 1386 553 1441 qua:
579 1369 724 1422 utilia
744 1377 924 1422 essent.
954 1367 1099 1420 Bene
1126 1374 1272 1418 certe
1309 1364 1443 1418 dixit
1475 1383 1488 1418 :
1529 1372 1683 1415 erant
1720 1361 1862 1416 enim
1890 1377 2009 1430 qua:

440 1462 648 1514 discere
687 1475 792 1513 non
823 1457 1118 1528 oportebat.
1155 1455 1222 1510 Ut
1260 1469 1388 1509 vero
1431 1453 1674 1522 qua-dam
1717 1453 2007 1514 occultare,

439 1552 656 1605 invidim
685 1551 888 1611 fuisset,
917 1550 993 1602 sic
1037 1548 1212 1601 omnia
1239 1546 1417 1600 dicere
1454 1545 1693 1598 stultitia:
1721 1562 1734 1596 :
1767 1543 1888 1597 ideo
1918 1543 2010 1594 ad-

437 1642 590 1705 didit,
643 1640 834 1694 Eorum
877 1655 990 1709 qua:
1035 1637 1183 1690 utilia
1233 1635 1752 1691 essent:ostettdens
1798 1648 1857 1687 se
1901 1646 2007 1686 non

437 1733 596 1785 modo
626 1731 844 1794 divisse,
873 1729 967 1783 sed
991 1729 1149 1781 etiam
1178 1727 1455 1788 docuisse;
1485 1741 1584 1784 nec
1611 1725 1760 1794 quasi
1793 1723 2008 1803 perfun-

437 1824 621 1877 ctorie.
655 1821 805 1889 Quod
854 1827 1030 1873 autem
1076 1817 1178 1872 hoc
1221 1815 1501 1886 signiﬁcet,
1539 1814 1663 1868 audi
1705 1813 2002 1883 sequentia,

439 1912 646 1965 Publice
673 1921 719 1964 et
748 1927 837 1981 per
866 1909 1041 1962 domos
1061 1923 1082 1972 ;
1121 1918 1176 1962 et
1217 1923 1465 1977 magnum
1519 1906 1755 1960 laborem
1802 1913 1856 1958 et
1895 1913 2007 1956 stu-

437 2005 579 2058 dium
605 2002 1160 2074 perseverantiamqne
1177 1999 1473 2053 declarans.
1494 1997 1788 2064 Tcsti/icans
1808 1995 2005 2048 ludatis

435 2107 584 2165 atque
593 2093 878 2164 gentilibus.
894 2092 1007 2145 Non
1021 2090 1171 2144 vobis
1187 2090 1356 2143 solum
1367 2132 1380 2156 ,
1399 2090 1588 2158 inquit,
1604 2087 1695 2141 sed
1711 2086 1869 2141 etiam
1886 2100 2008 2154 gen-

438 2187 637 2240 tilibus.
652 2185 748 2239 llic
765 2183 1008 2252 loquendi
1028 2183 1240 2237 libertas
1254 2181 1433 2236 adest:
1454 2178 1670 2234 Etiamsi
1688 2178 1820 2232 nihil
1839 2179 1999 2246 proli-

439 2281 662 2338 ciamns,
678 2278 769 2332 ait.
787 2275 964 2329 dicere
982 2283 1155 2327 tamen
1171 2280 1382 2340 oportet
1403 2288 1416 2324 :
1440 2270 1569 2324 illttd
1587 2271 1728 2324 enim
1747 2279 1830 2323 est
1852 2271 1968 2324 testi
1981 2300 2000 2310 -

440 2368 606 2430 ﬁcari,
623 2366 833 2435 quando
852 2381 954 2418 non
974 2363 1364 2419 attendentibus
1385 2361 1677 2432 loquimur:
1700 2375 1819 2413 nam
1845 2360 1998 2413 testi-
2022 2379 2037 2392 ο

435 2461 579 2514 ﬁcari
599 2458 699 2513 hoc
715 2466 770 2512 ut
787 2457 1069 2528 plurimum
1085 2455 1362 2524 signiﬁcat.
1374 2452 1565 2514 Testor.
1587 2451 1998 2521 inquitMoyses,

433 2551 612 2606 celum
635 2560 681 2604 et
698 2560 883 2603 terram
910 2545 1283 2620 (Dan.4.26);
1311 2555 1360 2599 et
1387 2559 1528 2598 nunc
1549 2543 1774 2598 Paulus:
1803 2540 2006 2609 Testili-

435 2661 555 2699 cans
581 2642 779 2698 ludatis
807 2654 956 2712 atque
978 2639 1245 2712 gentilibus
1271 2641 1322 2692 in
1352 2637 1513 2691 Deum
1563 2637 1926 2708 paenitentiam.

499 2734 555 2788 2.
593 2733 726 2800 Quid
773 2729 1101 2786 testiﬁcaris?
1129 2729 1198 2786 Ut
1222 2730 1342 2784 vitm
1365 2728 1598 2782 studium
1633 2725 1917 2787 habeatur,
1942 2733 2002 2778 ut

430 2823 792 2894 ptenitentiam
816 2832 971 2892 agant
988 2831 1042 2876 et
1063 2820 1129 2874 ad
1160 2821 1323 2874 Deum
1351 2817 1624 2872 accedant.
1645 2815 1828 2885 Neque
1856 2816 2000 2871 enim

427 2918 594 2972 Judaai
640 2925 898 2972 noverant
940 2915 1108 2977 illum,
1159 2913 1299 2984 quod
1331 2913 1521 2966 Filium
1569 2912 1892 2982 ignorarent,
1947 2918 2004 2966 et

429 3006 570 3076 qttod
599 3020 697 3058 nec
721 3019 882 3074 opera
913 3003 1171 3057 haberent
1197 3017 1297 3056 nec
1337 3001 1492 3056 ﬁdem
1525 3003 1575 3056 in
1606 3002 1883 3057 Dominum
1908 3003 2002 3058 Je-

428 3113 570 3152 sum.
614 3095 724 3150 Cur
765 3111 891 3165 ergo
921 3094 1036 3148 hare
1060 3093 1232 3149 dicis?
1274 3109 1370 3148 cur
1415 3093 1529 3148 h.ee
1575 3095 2002 3150 commemoras?

429 3186 554 3256 quid
605 3185 798 3238 factum
851 3185 970 3238 est?
1022 3199 1088 3236 an
1139 3184 1263 3252 quid
1318 3184 1678 3239 accusandum
1728 3185 1999 3253 suppetit?

430 3277 713 3346 Postquam
741 3276 953 3330 illorum
981 3284 1214 3330 mentem
1243 3275 1561 3344 exagitavit,
1605 3284 1732 3329 tunc
1769 3275 1949 3342 adjicit
1981 3292 1995 3328 :

432 3385 451 3417 ε
489 3367 579 3421 22.
613 3368 679 3421 Et
702 3382 838 3421 nunc
860 3382 986 3421 ecce
1010 3367 1251 3435 alligatus
1273 3384 1371 3435 ego
1396 3366 1618 3435 Spiritu,
1651 3366 1787 3420 vado
1827 3369 1878 3422 in
1904 3367 1988 3422 Je-

425 3459 682 3523 rusalem,
713 3474 832 3529 qua:
863 3459 914 3512 in
942 3474 1004 3513 ea
1030 3469 1250 3512 ventura
1276 3469 1398 3512 sunt
1425 3459 1555 3513 tuilti
1579 3461 1827 3530 ignorans
1861 3479 1874 3515 :
1902 3461 1995 3517 25.

426 3550 527 3605 nisi
553 3549 692 3620 quod
718 3550 946 3621 Spiritus
967 3559 1183 3604 sanctus
1205 3564 1301 3618 per
1328 3551 1572 3606 civitates
1600 3551 1726 3605 mihi
1756 3554 1998 3606 testifica-

429 3651 533 3709 tur,
581 3641 784 3707 dicens,
831 3639 1082 3710 quoniam
1139 3639 1348 3694 vincula
1388 3650 1442 3694 et
1490 3642 1860 3706 tribulationes
1910 3659 1997 3699 me

427 3739 661 3784 manent.
683 3729 774 3783 24.
799 3730 866 3783 At
892 3729 1018 3783 nihil
1050 3729 1238 3783 horum
1255 3744 1462 3794 vereor,
1486 3745 1660 3800 neque
1684 3732 1996 3786 itaauimam

427 3835 596 3874 meam
625 3821 909 3890 pretiosam
936 3821 1092 3888 facio,
1119 3831 1176 3874 ut
1196 3835 1564 3878 consummare
1579 3839 1790 3879 cursum
1817 3841 1990 3879 meum

425 3912 778 3981 eumgaudio,
809 3919 862 3965 et
908 3911 1280 3978 ministerium,
1323 3913 1462 3981 quod
1502 3917 1684 3985 accepi
1711 3931 1740 3969 a
1771 3917 1993 3972 Domino

425 4000 572 4063 lesll,
606 4011 662 4055 ιιι
685 4000 934 4055 testiﬁcor
957 4003 1290 4070 evangelium
1317 4004 1503 4072 gratia:
1535 4005 1649 4060 Dei.
1691 4023 1711 4059 ι
1745 4007 1858 4062 Cur
1885 4008 1997 4064 hare

427 4093 592 4146 dicit?
627 4092 691 4147 Ut
719 4093 835 4147 illos
864 4107 1078 4162 semper
1121 4104 1335 4163 paratos
1366 4095 1552 4151 reddat
1576 4096 1642 4152 ad
1683 4099 1912 4169 pericula
1942 4109 1999 4154 et

426 4181 630 4236 occulta
681 4192 735 4237 et
779 4181 1090 4246 manifesta;
1150 4185 1218 4238 ita
1278 4194 1333 4239 ut
1380 4186 1432 4241 itt
1478 4188 1726 4243 omnibus
1777 4190 1996 4258 Spiritui

427 4272 814 4341 obtemperent.
842 4273 1087 4329 Ostendit
1132 4287 1310 4330 autem
1349 4293 1409 4332 se
1454 4279 1519 4332 ad
1567 4296 1753 4350 magna
1781 4282 1992 4334 adduci.

430 4361 547 4415 Nisi
581 4363 713 4430 quod
751 4363 977 4432 Spiritus
1014 4375 1233 4425 sanctus.
1265 4367 1453 4436 inquit,
1486 4385 1576 4438 per
1615 4371 1834 4423 civitates
1875 4372 1999 4424 nti/ti

426 4455 741 4521 testiﬁcatur,
773 4456 963 4508 dicens.
1001 4455 1066 4510 Ut
1087 4456 1330 4511 oStendat
1365 4473 1422 4511 se
1449 4458 1716 4513 lubentem
1747 4459 1912 4525 abire,
1945 4470 2000 4515 et

429 4559 494 4597 ne
513 4545 774 4598 vinculum
795 4557 887 4598 aut
909 4546 1276 4600 necessitatem
1301 4563 1419 4602 esse
1442 4559 1614 4616 putes,
1637 4548 1740 4602 Per
1754 4550 1994 4618 civitates,

428 4635 574 4690 dicit.
605 4637 802 4692 Deinde
839 4638 1051 4707 subjicit
1083 4656 1096 4694 :
1131 4637 1251 4691 Non
1291 4641 1362 4693 ita
1403 4642 1673 4709 pretiosam
1720 4643 1852 4707 facio
1880 4645 1997 4696 ani-

428 4744 562 4780 ηιαιιι
588 4745 748 4781 nteant
785 4738 839 4782 ω
869 4746 1216 4784 consummare
1236 4746 1438 4784 cursum
1463 4747 1625 4784 meum
1646 4749 1758 4785 cum
1787 4736 1992 4803 gaudio,

427 4827 474 4870 et
498 4817 825 4871 ministerium
842 4819 994 4885 verbi,
1013 4820 1150 4891 quod
1167 4822 1339 4891 accepi
1355 4838 1386 4873 a
1415 4820 1633 4876 Domino
1651 4823 1684 4874 J
1691 4840 1791 4876 esu.
1822 4825 1999 4879 Viden‘

431 4923 536 4960 non
565 4907 900 4963 lamentantis
930 4924 1049 4964 esse
1077 4911 1258 4974 verba,
1293 4912 1385 4966 sed
1421 4913 1661 4968 modeste
1683 4915 1908 4982 agentis,
1937 4931 1999 4971 ac

424 4998 666 5052 docentis
688 4999 830 5066 illos,
859 5008 912 5054 et
934 5002 1368 5069 compatientisin
1398 5003 1460 5057 iis
1487 5020 1605 5072 qua:
1631 5002 1860 5058 ﬁebant?
1888 5006 1998 5058 Non

425 5091 581 5154 dixit,
613 5093 888 5158 Angimur,
937 5091 1030 5145 sed
1076 5095 1211 5150 ferre
1253 5110 1472 5150 necesse
1491 5103 1611 5160 est;
1663 5097 1756 5150 sed
1806 5112 1996 5165 neque,

428 5184 652 5237 Censeo.
681 5183 793 5237 Hoc
820 5184 944 5236 item
971 5183 1118 5249 dicit,
1157 5200 1262 5240 non
1290 5201 1408 5241 sese
1431 5189 1695 5245 extollens
1717 5231 1732 5253 ,
1765 5189 1858 5243 sed
1880 5190 2000 5243 illus

429 5273 648 5336 docens,
699 5290 792 5343 per
839 5275 1014 5343 priora
1068 5274 1280 5347 quidem
1327 5276 1696 5345 humilitatem,
1750 5295 1843 5347 per
1871 5269 2000 5333 lhtec

431 5378 558 5418 vero
581 5363 944 5419 fortitudinem
967 5373 1021 5417 et
1047 5364 1294 5434 loquendi
1321 5365 1620 5422 libertatem
1652 5384 1666 5420 :
1695 5383 1757 5422 ac
1782 5383 1825 5422 SI
1851 5367 1999 5423 dice-

432 5464 515 5510 ret
546 5474 559 5508 :
587 5455 703 5510 Non
747 5471 870 5513 amo
895 5456 1038 5509 illaut
1069 5471 1176 5524 pra:
1196 5454 1296 5509 hac
1329 5473 1342 5509 :
1369 5457 1650 5526 pretiosius
1677 5458 1847 5511 habeo
1871 5473 2004 5514 con-

433 5561 704 5603 summare
720 5564 936 5602 cursum
967 5557 1019 5603 et
1047 5548 1338 5603 testiﬁcari.
1366 5546 1474 5604 Nec
1497 5549 1648 5613 dixit,
1676 5549 1997 5618 Praedicare,

435 5638 670 5704 Docere;
699 5638 791 5692 sed
819 5639 987 5708 quid?
1012 5638 1296 5706 Testiﬁcuri
1336 5641 1643 5707 evangelium
1667 5643 1845 5710 gratiae
1881 5641 1996 5700 Dei.

434 5731 574 5799 Quid
597 5733 868 5788 molestius
897 5733 1134 5789 dicturus
1158 5741 1240 5788 est
1273 5749 1286 5788 :
1319 5730 1544 5786 Mundus
1570 5748 1660 5805 ego
1690 5750 1800 5788 sum
1818 5752 1848 5790 a
1875 5753 1999 5791 san-

1386 340 1452 396 lN
1489 337 1664 396 ACTA
1709 335 2228 393 APOSTOLORUM.
2273 335 2502 392 llOlllL.
2545 337 2730 394 XLIV.

3597 353 3702 408 3l0

2122 450 2274 518 guine
2300 451 2566 504 omnium:
2601 451 2718 505 ideo
2751 465 3015 524 pra-parat
3055 466 3105 510 et
3134 459 3366 514 ostendit
3407 463 3536 518 nihil
3569 468 3698 522 reli-

2123 556 2283 607 qumn
2313 556 2450 595 esse.
2484 542 2616 609 Quia
2648 545 2805 615 igitur
2827 548 2930 602 illis
2965 560 3127 602 totum
3158 567 3290 606 onus
3336 565 3388 609 et
3432 561 3696 616 sarcinam

2124 630 2470 701 impositurus
2509 645 2643 702 erat,
2691 638 2836 706 prius
2879 640 3089 697 illorum
3133 648 3365 704 animum
3413 654 3692 726 etnolbrit,

2124 720 2307 776 dicens
2338 740 2350 774 :
2379 723 2466 778 25.
2501 725 2654 780 Nunc
2677 745 2786 782 ecce
2811 746 2900 801 ego
2921 734 3024 787 scio
3043 774 3058 798 ,
3085 739 3218 805 quod
3246 757 3345 796 non
3375 747 3592 816 amplius
3622 720 3696 803 vi;

2131 810 2307 864 a’cbitis
2329 813 2508 880 facient
2533 834 2712 871 meum.
2744 820 2944 876 Deinde
2965 825 3197 881 subdidit
3229 846 3242 882 :
3272 810 3496 889 Mundus
3519 856 3630 892 sum
3654 859 3689 895 α

2120 901 2366 970 sanguine
2411 907 2654 958 amnium.
2685 908 2886 978 Duplex
2931 921 3011 966 est
3039 914 3212 982 dolor,
3239 925 3457 990 etquod
3500 925 3689 982 faciem

2121 991 2236 1058 ejus
2262 1009 2365 1046 non
2393 1006 2576 1051 essent
2601 997 2787 1065 visuri,
2817 1013 2868 1056 et
2898 1005 3038 1072 quod
3072 1008 3144 1061 illi
3171 1024 3378 1067 omnes.
3425 1015 3545 1070 Non
3574 1037 3688 1072 am-

2121 1083 2274 1152 plius,
2334 1089 2520 1156 inquit,
2569 1092 2795 1146 videbitis
2837 1098 3017 1166 faciem
3065 1117 3225 1154 meant
3270 1119 3356 1158 vos
3383 1122 3572 1171 onmes,
3600 1130 3692 1182 per

2118 1189 2242 1244 quos
2266 1179 2469 1231 transiri
2499 1183 2781 1248 praedicans
2807 1203 3034 1256 regnum.
3065 1191 3153 1244 26.
3185 1194 3362 1265 Itaque
3381 1198 3502 1266 jure
3541 1179 3690 1255 testi-

2122 1266 2253 1320 licor
2280 1269 2448 1336 vobis,
2483 1282 2664 1342 utpote
2690 1292 2794 1330 non
2829 1278 2962 1333 ultra
2994 1282 3290 1349 adfuturus,
3316 1290 3446 1353 Quia
3470 1294 3690 1347 mundus

2122 1372 2234 1409 smn
2285 1376 2317 1411 a
2357 1365 2599 1432 sanguine
2643 1369 2885 1422 omnium.
2915 1371 3004 1427 27.
3043 1372 3160 1428 Non
3200 1379 3330 1431 enim
3384 1381 3684 1452 subterfugi,

2118 1451 2383 1516 quominus
2429 1458 2778 1510 aunttntiarent
2823 1461 2956 1514 vobis
3003 1481 3199 1519 omnem
3227 1472 3526 1527 voluntatem
3555 1451 3683 1530 Dei.

2124 1541 2301 1610 Vides,
2322 1547 2590 1614 quomodo
2621 1558 2802 1614 terret,
2830 1564 2879 1606 et
2913 1554 3214 1614 laborantes
3245 1562 3451 1618 illorum
3481 1568 3689 1621 animas

2120 1632 2451 1705 afflictasque
2499 1641 2719 1694 atterit?
2768 1643 2931 1708 Bene,
2979 1648 3099 1716 quia
3155 1656 3506 1709 necessarium
3548 1669 3682 1712 erat.

2119 1722 2240 1776 Non
2266 1727 2397 1780 enim
2423 1728 2730 1802 subterfugi,
2783 1734 2979 1804 inquit,
3030 1742 3293 1803 quominus
3334 1750 3685 1802 annuutiarent

2117 1815 2251 1868 vobis
2278 1833 2473 1871 omnem
2502 1821 2804 1875 voluntatem
2832 1825 2943 1879 Dei.
2979 1827 3118 1898 Ergo
3139 1832 3228 1900 qui
3257 1849 3360 1888 non
3383 1835 3532 1903 dicit,
3563 1856 3687 1894 reus

2115 1916 2196 1960 est
2226 1911 2534 1978 sanguinis;
2590 1913 2640 1966 id
2670 1925 2771 1980 est,
2804 1921 2981 1973 czndis.
3024 1921 3164 1976 Nihil
3218 1925 3318 1980 hoc
3371 1931 3679 1986 terribilius.

2115 1995 2490 2068 Ostcudtteos,
2523 2003 2566 2056 si
2600 2021 2706 2059 non
2737 2007 2787 2060 id
2819 2007 3062 2074 fecerint,
3092 2030 3214 2067 reos
3241 2032 3361 2074 esse
3390 2023 3681 2090 sanguinis.

2118 2086 2183 2141 Et
2212 2088 2418 2144 videtur
2462 2093 2677 2162 quidem
2723 2099 2980 2154 rationem
3027 2103 3288 2172 reddere,
3335 2109 3454 2164 illos
3491 2086 3681 2168 autem

2117 2186 2297 2233 terret.
2331 2179 2421 2236 28.
2454 2185 2709 2240 Attendite
2743 2190 2897 2258 igitur
2918 2193 3054 2248 vobis
3087 2206 3132 2249 et
3171 2198 3396 2254 universo
3432 2204 3601 2273 gregi,
3631 2205 3682 2258 in

2113 2287 2210 2340 quo
2241 2288 2326 2325 ros
2347 2273 2570 2342 Spiritus
2590 2289 2791 2335 sanctus
2819 2286 2984 2351 posuit
3010 2288 3287 2360 episcopos,
3325 2303 3380 2344 ut
3416 2299 3686 2362 pascentis

2109 2357 2389 2414 Ecclesium
2408 2361 2522 2427 Dei,
2541 2383 2692 2436 quam
2712 2372 2966 2440 acquisivit
2987 2391 3075 2443 per
3095 2380 3352 2446 proprium
3367 2385 3679 2453 sanguinem.

2113 2447 2316 2503 Vides?
2365 2453 2477 2506 Duo
2523 2460 2794 2528 prtecepit.
2845 2461 3008 2531 Igitur
3051 2483 3221 2535 neque
3249 2471 3382 2525 alios
3411 2447 3682 2545 cdrrigere

2110 2538 2282 2592 solum
2314 2540 2473 2596 habet
2498 2547 2767 2616 quidpiam
2799 2550 2928 2606 lucri
2965 2555 3158 2622 (Timeo
3192 2561 3332 2616 enim
3354 2601 3370 2625 ,
3399 2538 3586 2634 inquit:
3618 2584 3684 2622 ne

2109 2628 2226 2682 aliis
2252 2632 2554 2698 prwdicaus,
2586 2637 2694 2704 ipse
2718 2641 2955 2706 reprobus
2975 2644 3157 2713 eﬁiciar
3183 2645 3256 2717 [l.
3283 2649 3399 2702 Cor.
3516 2655 3677 2726 27]);

2109 2733 2282 2789 neque
2321 2722 2401 2776 sui
2429 2725 2591 2779 solius
2635 2743 2814 2783 curam
2857 2730 3072 2788 habere.
3125 2735 3256 2790 Nam
3308 2741 3400 2808 qni
3445 2722 3677 2812 seipsinu

2109 2822 2272 2876 amat,
2301 2828 2420 2882 qua:
2448 2830 2542 2869 sua
2559 2827 2682 2872 sunt
2713 2829 2912 2875 tantum
2952 2827 3162 2892 quarrit,
3193 2837 3248 2882 et
3279 2829 3468 2886 similis
3495 2843 3575 2889 est
3602 2837 3675 2902 ei,

2109 2901 2198 2970 qui
2227 2904 2481 2960 talentum
2509 2906 2728 2962 defodit.
2762 2909 2886 2966 Hmc
2915 2913 3059 2976 dicit,
3092 2931 3194 2970 non
3222 2919 3364 2987 quod
3392 2901 3680 2990 pretiosior

2107 2995 2177 3051 sit
2201 3006 2380 3050 nostra
2405 2999 2549 3054 salus
2577 3017 2734 3070 quam
2763 3005 2939 3074 gregis
2963 3022 2977 3068 ;
3009 3006 3102 3061 sed
3129 3009 3272 3077 quia,
3295 3013 3339 3064 si
3369 3013 3519 3068 nobis
3548 3014 3678 3084 ipsis

2107 3086 2466 3152 attendamus,
2500 3099 2627 3144 tunc
2654 3101 2708 3145 et
2736 3109 2866 3161 grex
2902 3095 3108 3149 lucrum
3141 3099 3317 3154 habet.
3359 3099 3424 3155 In
3449 3120 3550 3173 quo
3589 3120 3677 3160 vos

2107 3175 2331 3244 Spiritus
2351 3189 2555 3233 sanctus
2591 3184 2757 3250 posuit
2797 3185 3076 3254 episcopos,
3114 3199 3166 3240 ut
3197 3193 3461 3258 pasceretis
3499 3193 3676 3251 Eccleo

2102 3267 2231 3321 siam
2249 3268 2366 3322 Dei.
2390 3270 2524 3327 Vide
2548 3283 2755 3341 quanta:
2786 3277 3144 3334 necessitates.
3171 3283 3212 3334 A
3240 3281 3436 3351 Spiritu
3463 3286 3676 3341 ordiua-
3710 3313 3712 3316 ν

2106 3358 2306 3416 tionem
2337 3360 2562 3429 habetis,
2597 3365 2766 3435 inquit
2793 3385 2806 3420 :
2839 3368 2888 3421 id
2915 3370 3059 3423 enim
3089 3371 3188 3425 sibi
3234 3375 3344 3428 vult
3383 3376 3531 3439 illttd,
3565 3376 3673 3432 Po-

2103 3451 2224 3504 suit.
2279 3451 2389 3507 Una
2431 3453 2544 3508 ha‘e
2587 3466 2670 3509 est
2723 3458 3054 3513 necessitas:
3087 3461 3298 3526 deinde,
3349 3464 3416 3518 Ut
3454 3469 3674 3536 pascatis

2104 3541 2386 3599 Ecclesium
2431 3545 2542 3600 Dei.
2583 3548 2722 3603 Ecce
2768 3558 2822 3604 et
2868 3551 3100 3606 secunda
3132 3563 3224 3608 :et
3273 3558 3454 3621 tertia,
3506 3559 3672 3623 Quam

2103 3637 2363 3703 acquisivit
2383 3639 2628 3708 sanguine
2652 3656 2766 3706 suo,
2794 3641 2984 3710 inquit.
3017 3641 3236 3698 Multum
3257 3648 3510 3710 ostendit.
3541 3650 3670 3705 dum

2104 3726 2232 3780 dicit
2261 3732 2547 3796 pretiosam
2579 3745 2728 3795 rem;
2762 3747 2859 3787 nec
2888 3734 2954 3787 de
2980 3736 3154 3804 parvis
3183 3737 3342 3791 rebus
3369 3753 3491 3795 esse
3521 3742 3664 3810 peri-

2103 3817 2304 3880 culum,
2338 3819 2600 3887 siquidem
2646 3821 2897 3876 Dominus
2940 3839 3036 3892 pro
3066 3826 3299 3880 Ecclesia
3331 3844 3503 3899 neque
3547 3846 3671 3885 sau-

2103 3909 2246 3978 guini
2279 3925 2377 3962 suo
2403 3912 2662 3980 pepercit,
2694 3928 2791 3966 nos
2829 3923 3003 3969 autem
3032 3917 3251 3973 fratrum
3289 3923 3512 3976 salutem
3544 3940 3673 3978 eou-

2104 4000 2410 4054 temnimus.
2435 4001 2500 4054 Et
2531 4002 2619 4056 ille
2643 4003 2876 4073 quidem,
2905 4015 2961 4059 ut
2989 4007 3232 4064 inimicos
3262 4014 3662 4080 reconciliaret,

2102 4094 2412 4163 sanguinem
2457 4094 2676 4160 cll'ndit;
2721 4107 2774 4150 tu
2830 4113 2956 4152 vero
2994 4115 3166 4170 neque
3209 4104 3410 4157 amicos
3439 4106 3670 4160 retinere

2105 4196 2274 4252 potes.
2301 4185 2390 4240 29.
2423 4186 2530 4256 Ego
2574 4189 2703 4241 cnint
2733 4191 2835 4242 scio
2863 4190 2989 4255 Itoc,
3018 4193 3152 4260 quod
3185 4193 3525 4262 ingredieutur
3561 4206 3671 4264 post

2102 4275 2453 4328 discessionem
2485 4292 2643 4328 nteant
2683 4277 2792 4344 lupi
2827 4294 3002 4346 graves
3046 4281 3096 4332 in
3127 4296 3231 4344 ros,
3279 4298 3378 4335 non
3413 4296 3670 4352 parcentes

2102 4366 2259 4434 gregi.
2307 4365 2506 4419 Rursus
2537 4365 2644 4416 alio
2693 4367 2850 4418 modo
2902 4367 3022 4421 illos
3064 4379 3274 4437 versat,
3303 4387 3330 4423 a
3365 4371 3583 4429 futuris:
3614 4387 3671 4432 ut

2103 4454 2314 4524 quando
2343 4454 2466 4507 alibi
2501 4454 2632 4508 dicit
2661 4471 2674 4507 :
2707 4453 2826 4507 Non
2855 4465 2926 4508 est
2951 4457 3091 4511 nobis
3127 4457 3262 4531 lucta
3286 4461 3523 4516 adversus
3551 4481 3672 4518 san-

2104 4546 2303 4615 guinem
2331 4555 2379 4598 et
2405 4561 2603 4597 carnem
2630 4545 2647 4615 (
2684 4543 2868 4615 fipln's.
2898 4545 2949 4602 6.
2983 4546 3049 4600 l2
3147 4547 3278 4613 Quia
3305 4551 3667 4622 ingrcdientur,

2107 4638 2295 4707 inquit,
2319 4647 2430 4708 post
2446 4638 2796 4691 discessionem
2824 4657 2981 4694 meam
3013 4640 3121 4712 lupi
3143 4658 3315 4712 graves
3335 4645 3387 4697 in
3424 4662 3526 4700 vos.
3560 4647 3666 4700 Du-

2106 4730 2222 4800 plex
2250 4729 2446 4782 malum
2477 4745 2491 4782 :
2520 4729 2660 4798 quod
2691 4730 2804 4798 ipse
2843 4746 2946 4783 non
2974 4731 3132 4797 adsit,
3160 4743 3215 4785 ct
3259 4735 3398 4804 quod
3437 4736 3668 4792 futttruttt

2104 4821 2174 4873 sit
2196 4831 2248 4872 nt
2274 4820 2360 4873 alii
2395 4820 2612 4873 instent.
2645 4819 2753 4874 Cur
2777 4835 2904 4890 ergo
2936 4822 3071 4888 abis,
3120 4823 3164 4877 si
3211 4825 3312 4879 hoc
3343 4827 3672 4895 pra-vidisti?

2105 4911 2334 4979 Spiritus
2355 4927 2440 4964 me
2471 4910 2651 4976 trahit,
2675 4911 2862 4981 inquit.
3368 4983 3370 4985 g

2175 5004 2226 5056 5.
2275 5002 2340 5055 Et
2376 5001 2514 5065 vide,
2550 5017 2652 5054 non
2697 5003 3010 5071 simpliciter
3038 5004 3191 5070 dixit,
3217 5004 3373 5076 Lupi,
3402 5009 3495 5063 sed
3524 5008 3675 5065 addi-

2105 5092 2201 5152 dit,
2229 5091 2433 5154 Graves,
2469 5092 3086 5147 illorumvehementiam
3111 5103 3165 5149 et
3186 5096 3530 5164 petulantiam
3551 5100 3678 5153 sub-
3767 5151 3775 5160 ,

2107 5184 2375 5247 indicans;
2404 5183 2897 5253 quodquegravius
2919 5195 3022 5248 est,
3052 5184 3150 5240 bos
3175 5201 3241 5241 es
3269 5187 3372 5243 illis
3398 5188 3525 5258 ipsis
3555 5203 3676 5244 sur-

2108 5285 2347 5330 rccturos
2373 5289 2492 5328 esse
2509 5275 2674 5334 dicit:
2703 5276 2844 5345 quod
2866 5287 3014 5331 certe
3039 5278 3408 5345 gravissimqu
3436 5289 3538 5345 est,
3557 5295 3677 5335 eum

2107 5367 2264 5421 civile
2307 5367 2588 5420 excitatur-
2619 5366 2838 5422 bellum.
2889 5367 2954 5421 Et
2995 5378 3140 5422 recte
3189 5368 3344 5433 dicit,
3394 5369 3676 5438 Attendite,

2107 5459 2394 5514 osmndens
2415 5475 2524 5512 rem
2552 5459 2779 5514 maxime
2793 5460 3080 5513 curandam
3107 5475 3228 5514 esse
3247 5459 3507 5530 (Ecclesia
3529 5478 3678 5515 nam-

2107 5565 2211 5620 qtte
2240 5547 2371 5616 est),
2397 5557 2449 5601 et
2469 5563 2716 5618 magnum
2745 5549 3035 5618 periculum
3064 5549 3340 5617 (sanguine
3361 5550 3503 5604 enim
3531 5550 3674 5606 illam

2109 5640 2376 5713 redemit),
2416 5655 2479 5696 ac
2520 5640 2743 5694 multant
2781 5640 3082 5710 duplexque
3127 5641 3342 5696 bellum.
3385 5641 3508 5698 Haec
3547 5659 3674 5715 ergo

2109 5733 2443 5808 signiﬁcavit,
2485 5730 2668 5788 dicens
2689 5749 2700 5782 :
2722 5730 2812 5788 30.
2847 5731 2908 5785 Et
2933 5748 2994 5787 es:
3022 5731 3157 5785 vobis
3189 5732 3312 5802 ipsis
3351 5745 3554 5807 surgent
3583 5733 3681 5791 viri
