4148 6152
319 357 322 360 λ
396 306 501 361 ειη

398 430 657 494 [agitantes
705 427 961 486 perversa.
1007 418 1062 462 ut
1108 404 1360 458 abducant
1410 393 1691 494 discipulos
1735 393 1967 494 postse.

411 479 632 574 Deinde,
658 479 779 579 quia
807 501 1090 557 :ulmodum
1124 497 1240 551 illos
1273 489 1482 552 terruit,
1512 499 1631 540 cum
1646 480 1833 583 .thtpos

405 571 490 661 aes
519 571 756 666 disi—ﬂet
797 611 862 650 ex
895 591 1022 661 ipsis
1051 593 1390 646 surrecturos
1425 591 1544 632 esse
1573 572 1661 667 qui
1693 571 1980 667 loqueren-

412 712 497 754 tur
529 661 774 764 perversa
799 707 814 742 :
837 685 984 756 ημθεὶ
1013 681 1238 750 ultodam
1267 679 1555 764 ttui'fl'filflei
1578 661 1971 764 (ἓξθτηξξθξιίίξθ

410 751 543 842 ιίιιιί
585 753 640 838 ει
685 751 805 852 qua-
847 751 1088 831 custodia
1141 767 1276 823 erit?
1321 761 1499 828 adjicit
1540 777 1554 812 ε
1598 756 1687 855 se.
1744 751 1982 855 Vigilare,

412 893 652 934 memores
680 845 812 941 (litati
842 886 930 939 per
959 863 1228 922 triennium
1263 873 1360 911 non
1387 850 1677 910 cessaverim
1710 845 1984 946 nocte-die-

322 1019 324 1021 ,
412 989 507 1042 qua
526 984 641 1026 cum
658 939 921 1034 ιάηνηδεει
954 970 1153 1034 mouere
1179 958 1575 1017 unumquemque
1597 951 1830 1042 vestrum.
1857 939 1985 994 Vide

415 1029 574 1131 quam
618 1029 826 1116 insolita
864 1029 1041 1107 dicat:
1071 1061 1192 1102 cum
1229 1040 1508 1110 lacrymis,
1555 1043 1708 1132 nocte
1753 1032 1984 1132 dieque,

416 1126 866 1218 unumquemque.
895 1141 1010 1199 Non
1043 1139 1184 1196 enim
1213 1135 1256 1188 si
1294 1133 1490 1190 multus
1524 1126 1764 1220 vidisset,
1793 1126 1872 1175 eis
1897 1135 1990 1220 pe.-

421 1241 702 1313 pcrcissct,
743 1235 838 1296 sed
874 1231 1078 1290 sciebat
1112 1227 1273 1285 etiam
1311 1239 1406 1292 pro
1450 1235 1552 1278 una
1597 1218 1987 1313 auium-omnia

417 1303 538 1389 esse
583 1329 842 1386 facienda.
882 1326 970 1380 Sic
1009 1335 1136 1390 ergo
1184 1319 1302 1372 i'lus
1341 1315 1498 1367 etiam
1545 1306 1838 1375 conjunxit.
1880 1303 1992 1356 llnc

418 1441 547 1481 vero
573 1422 831 1491 signiﬁcant
857 1435 870 1471 :
900 1414 1041 1470 Satis
1080 1421 1202 1466 sunt
1231 1423 1290 1462 ea
1313 1447 1326 1469 ,
1371 1421 1490 1474 qua:
1533 1401 1667 1462 feci;
1705 1413 1795 1466 per
1824 1395 1991 1491 trien-

420 1521 566 1575 nium
613 1487 818 1576 mansi;
871 1505 1168 1564 confirmati
1213 1509 1357 1559 sunt,
1402 1493 1734 1549 sufficienter
1786 1487 1992 1541 radices

423 1614 672 1663 fixerunt.
701 1602 826 1660 Cum
863 1597 1122 1667 lacrymis,
1157 1592 1342 1660 inquit.
1375 1585 1558 1641 Vidcu’
1582 1584 1846 1651 lacrymas
1874 1576 1993 1633 ideo

422 1697 720 1754 fundendus
748 1692 903 1748 esse?
931 1691 1058 1743 lla-c
1083 1694 1136 1740 et
1160 1698 1256 1746 nos
1279 1681 1552 1740 faciamus.
1583 1675 1697 1729 Non
1725 1673 1868 1727 dolet
1896 1669 1994 1720 im-

421 1790 618 1861 probus
643 1805 657 1841 :
681 1785 802 1840 dole
828 1793 916 1844 tu;
952 1779 1090 1834 forte
1129 1785 1182 1832 ct
1208 1775 1320 1844 ipse
1345 1769 1566 1863 dolebit.
1597 1765 1822 1863 lit-cum.
1851 1757 1995 1863 videt

423 1855 563 1951 ager
596 1877 860 1936 medicum
896 1871 1070 1924 cibum
1101 1874 1422 1925 sumentem,
1467 1859 1625 1917 etiam
1666 1855 1778 1921 ipse
1809 1855 1998 1951 incita-

537 1987 551 2023 :
583 1971 650 2024 ita
689 1977 742 2020 et
774 1965 860 2018 hic
896 1962 1030 2024 erit;
1063 1959 1105 2010 si
1137 1967 1187 2010 te
1220 1952 1412 2011 viderit
1436 1951 1724 2016 lugentem,
1755 1940 1994 2000 emolliu-

426 2071 546 2125 tur;
587 2059 759 2114 lienus
794 2053 876 2107 vir
921 2061 978 2109 et
1019 2048 1162 2102 mitis
1200 2045 1322 2098 erit.
1356 2039 1620 2102 Ntsricns,
1665 2034 1854 2102 inquit,
1885 2043 1999 2096 qua:

425 2155 546 2206 mihi
571 2159 807 2205 eventura
832 2147 951 2206 sint.
989 2140 1125 2207 Quid
1151 2135 1319 2206 ergo?
1357 2134 1543 2190 ideone
1574 2129 1720 2185 abis?
1747 2126 1958 2183 Minime
1981 2137 1997 2186 ;

426 2246 520 2301 sed
569 2244 735 2314 probe
772 2238 920 2298 scio,
971 2231 1112 2302 quod
1152 2228 1360 2290 vincula
1410 2235 1462 2279 ct
1507 2221 1872 2282 tribulationcs
1913 2231 1998 2271 me

428 2316 695 2390 maneant.
728 2328 878 2397 Quod
897 2325 1220 2380 lentz-tiones
1239 2335 1326 2376 me
1353 2315 1808 2386 exspectentums'i
1830 2330 1844 2378 ;
1863 2328 1999 2382 qua-

429 2426 509 2479 lus
549 2437 694 2485 vero,
737 2420 937 2482 nescio,
979 2414 1029 2468 id
1074 2411 1215 2483 quod
1254 2410 1467 2479 gravius
1505 2418 1640 2468 erat.
1686 2405 1763 2460 Ne
1807 2404 2000 2473 putetis

429 2531 558 2585 ergo
579 2527 664 2567 me
686 2511 1047 2580 deplorantem
1073 2506 1186 2559 lucc
1209 2503 1420 2564 dicere;
1445 2516 1550 2553 non
1580 2509 1682 2551 tam
1711 2497 1998 2566 pretiosam

432 2607 603 2661 habeo
643 2600 873 2661 animant
912 2614 1107 2654 meam.
1145 2595 1211 2651 Ut
1247 2595 1452 2650 illorum
1492 2592 1727 2648 animum
1767 2589 1998 2654 excitet,

431 2700 534 2756 hoc
563 2696 724 2758 dicit;
765 2704 926 2763 utque
949 2690 1170 2745 suadeat
1207 2688 1310 2742 illis
1337 2701 1444 2741 non
1470 2685 1632 2738 modo
1661 2699 1766 2736 nun
1793 2681 1998 2751 fugere,

431 2791 524 2854 sed
555 2788 716 2846 etiam
756 2785 966 2842 fortiter
1005 2783 1165 2838 ferre.
1199 2780 1322 2834 Ideo
1360 2793 1472 2832 rem
1513 2777 1653 2830 illaut
1685 2783 1839 2831 vocat
1879 2789 2002 2828 cur-

429 2897 546 2938 sum
585 2891 642 2936 et
679 2876 1052 2937 ministerium,
1101 2885 1208 2928 tum
1261 2879 1320 2925 ut
1353 2886 1420 2924 ex
1459 2883 1616 2922 uirsu
1663 2865 2000 2936 splendorem

429 2973 706 3034 ostendat,
747 2980 856 3023 tmn
907 2976 966 3020 ut
1006 2982 1070 3020 ex
1109 2963 1412 3023 ministerio
1461 2961 1718 3018 officium.
1767 2959 2004 3013 Minister

433 3081 572 3125 sum,
607 3062 805 3132 inquit;
837 3057 968 3112 nihil
996 3058 1112 3124 plus
1135 3054 1325 3108 habeo.
1359 3052 1480 3106 Illos
1498 3059 1674 3105 autem
1698 3049 2003 3116 consolans,

434 3171 502 3210 ne
530 3152 768 3215 doleant,
792 3147 933 3218 quod
947 3149 1065 3217 ipse
1089 3146 1229 3200 inale
1255 3145 1503 3213 patiatur,
1533 3141 1619 3200 ubi
1649 3141 1782 3196 dixit
1807 3155 1866 3195 se
1890 3142 2004 3194 time

433 3259 555 3299 cum
579 3240 772 3312 gaudio
796 3239 1081 3302 sustinere,
1110 3245 1165 3290 et
1187 3235 1414 3290 fructum
1439 3233 1690 3299 ostendit,
1722 3242 1845 3286 tunc
1864 3230 2004 3301 quod

435 3335 720 3392 molestum
746 3337 886 3394 erat,
916 3328 1138 3382 inducit.
1171 3326 1284 3381 lloc
1308 3334 1485 3384 autem
1513 3323 1662 3389 facit,
1705 3333 1761 3378 ut
1791 3338 1858 3377 ne
1887 3324 2006 3375 aui-

437 3439 578 3482 mttm
607 3422 820 3479 illorum
849 3420 1060 3474 obruat.
1094 3416 1372 3484 Quodnam
1398 3425 1576 3470 autem
1625 3414 1753 3468 illud
1783 3416 1904 3468 est?
1945 3414 2008 3466 Et

436 3531 500 3568 ea;
532 3511 667 3566 vobis
703 3511 828 3580 ipsis
863 3518 1128 3576 exsurgant
1167 3506 1265 3560 viri
1297 3507 1554 3575 loquentes
1582 3520 1830 3574 perversa.
1871 3505 2006 3570 Quid

439 3619 589 3672 ergo,
611 3595 807 3660 dixerit
832 3601 1116 3669 quispiam,
1150 3607 1423 3653 tantumne
1447 3605 1499 3653 te
1528 3598 1698 3667 ipsum
1739 3609 1911 3667 putas,
1952 3607 2010 3653 ut

440 3695 485 3747 si
516 3693 696 3754 abeas,
727 3706 825 3746 nos
849 3689 1177 3744 moriamur?
1202 3689 1317 3743 Non
1341 3689 1440 3743 hoc
1464 3689 1604 3756 dico,
1647 3690 1836 3759 inquit,
1867 3691 2008 3760 quod

441 3783 681 3840 absentia
711 3797 826 3842 mea
858 3782 910 3837 id
942 3781 1170 3846 efficiat;
1201 3782 1295 3837 sed
1324 3783 1485 3853 quid?
1504 3782 1784 3853 Insurgqu
1807 3784 2011 3853 quidam

442 3890 507 3928 ea;
538 3873 694 3928 vobis.
745 3872 858 3927 Non
907 3868 1069 3938 disit,
1112 3873 1335 3942 Propter
1379 3875 1760 3929 discessionem
1800 3890 2009 3941 meam;

445 3965 563 4029 sed,
595 3964 718 4022 Post
754 3964 1106 4022 discessionem
1138 3979 1342 4028 arcani;
1367 3965 1419 4018 id
1459 3974 1560 4028 est,
1601 3964 2010 4033 profectionem.

443 4055 774 4124 Quamquam
809 4055 918 4124 jam
941 4054 1074 4110 illud
1119 4065 1405 4121 evenerat;
1447 4069 1490 4109 sn
1522 4065 1700 4110 autem
1741 4065 2012 4124 evenerat,

445 4146 615 4202 multo
643 4146 811 4216 magis
843 4153 1028 4216 postea
1071 4156 1385 4201 eventurum
1426 4155 1560 4201 erat.
1590 4146 1714 4202 llrec
1740 4162 1902 4202 causa
1931 4163 2018 4203 se-

444 4240 644 4310 quitur,
698 4237 767 4294 Ut
793 4238 1044 4299 abstneant
1062 4238 1336 4310 discipulos
1353 4249 1466 4311 post
1493 4255 1566 4294 se.
1597 4238 1777 4310 Itaque
1801 4249 2019 4309 propter

449 4329 580 4384 nihil
621 4328 766 4386 aliud
809 4329 1042 4386 lmreses
1089 4339 1231 4397 sunt,
1260 4347 1418 4401 quam
1466 4340 1685 4401 propter
1723 4329 1845 4385 hoc.
1894 4331 2021 4385 Post

449 4421 694 4490 sequitur
720 4421 1014 4476 consolatio
1041 4439 1055 4476 :
1082 4422 1246 4488 Quam
1265 4423 1550 4492 acquisivit,
1581 4423 1769 4493 inquit,
1795 4439 1882 4491 per
1907 4438 2020 4490 pro-

451 4512 618 4580 prium
644 4513 958 4582 sanguinem.
979 4511 1034 4568 Si
1053 4513 1273 4582 preprio
1294 4511 1552 4581 sanguine
1574 4513 1867 4581 acquisivit,
1896 4527 2024 4580 pra:-

449 4600 650 4656 valebit
669 4609 838 4656 certe.
872 4598 1035 4654 Nocte
1054 4610 1101 4664 et
1129 4602 1211 4654 die
1232 4617 1333 4654 non
1356 4601 1563 4664 cessavi,
1594 4600 1784 4669 inquit,
1815 4617 1928 4654 cum
1954 4601 2026 4655 fa-

451 4696 639 4763 sryntis
675 4708 900 4746 moriens.
929 4691 1053 4746 ﬂare
1081 4692 1235 4746 nobis
1260 4691 1382 4760 jure
1409 4691 1685 4756 dicantur;
1713 4691 2027 4760 videturque

453 4785 670 4856 proprie
691 4799 871 4848 sermo
899 4785 1146 4839 doctores
1174 4793 1436 4852 spectare.
1468 4792 1551 4838 est
1577 4791 1754 4843 autem
1790 4794 1843 4836 et
1869 4784 2030 4838 disci-

454 4877 597 4949 pulis
621 4874 940 4929 communis.
983 4873 1064 4928 Ad
1089 4873 1214 4943 quid
1253 4873 1396 4928 enim
1437 4888 1537 4944 ego
1565 4873 1778 4944 loquor,
1809 4888 2024 4936 moneo,

457 4969 724 5038 lacryanor
747 4964 836 5020 die
863 4980 926 5020 ac
953 4974 1129 5029 nocte,
1152 4964 1195 5016 si
1216 4963 1506 5032 discipulus
1530 4979 1634 5018 non
1657 4964 2031 5034 obtemperat?

457 5058 535 5114 Ne
556 5066 703 5126 putet
730 5059 873 5112 enim
892 5056 1010 5126 quis
1029 5055 1082 5111 id
1102 5057 1232 5110 satis
1250 5071 1370 5110 esse
1394 5056 1462 5110 ad
1481 5056 1864 5123 defensionem,
1888 5057 2032 5128 quod

461 5149 532 5200 sit
553 5146 868 5216 discipulus,
901 5147 1026 5202 licet
1049 5161 1158 5200 non
1197 5146 1384 5211 cedat;
1418 5147 1538 5202 ideo
1569 5159 1844 5218 postquam
1873 5149 2031 5214 dixit,

462 5235 750 5305 Testiﬁcor,
780 5234 975 5305 pergit,
1005 5233 1126 5289 Non
1161 5236 1296 5289 enim
1337 5236 1613 5306 subterfugi
1641 5239 1905 5300 quominus
1938 5253 2035 5290 au-

466 5329 750 5384 nuutiarsm
786 5327 940 5385 soliis.
975 5325 1135 5398 Igitur
1163 5328 1268 5381 hoc
1309 5327 1483 5381 solum
1527 5328 1764 5382 doctoris
1801 5339 1903 5394 est,
1941 5343 2038 5382 an-

467 5420 733 5486 mmtiarc,
760 5419 1075 5490 praedicare,
1092 5419 1307 5484 docere,
1335 5434 1444 5474 nou
1464 5419 1856 5491 subterfugere,
1883 5429 2038 5476 nocte

467 5519 520 5568 et
549 5510 635 5568 dic
662 5513 976 5570 antiuntiare
1001 5529 1153 5572 zeum
1172 5523 1350 5568 autem
1381 5512 1464 5568 his
1492 5514 1743 5583 peractis,
1769 5514 1898 5568 nihil
1923 5514 2038 5583 plus

539 5641 557 5673 ⁸
594 5639 734 5704 Illud,
758 5655 868 5693 sum
891 5643 1133 5709 lacrymis,
1160 5645 1206 5696 in
1233 5659 1328 5700 uno
1345 5646 1504 5696 deest.

1117 285 1182 341 s.
1215 276 1490 337 .IOANNIS
1524 259 1993 329 CllttYSOSTOMI
2032 257 2350 314 ARClllEP.
2387 257 2917 316 CONSTANTINOP.

3568 269 3674 328 31‘}

2082 379 2274 444 agitur,
2303 384 2450 438 scitis
2479 385 2604 453 quid
2636 387 2895 458 reliquum
2938 388 3026 442 sit.
3057 387 3260 445 Deinde
3287 391 3390 446 alia
3426 395 3669 461 sequitur

2083 471 2323 527 defensio
2350 491 2362 526 :
2394 473 2565 533 Purus
2593 494 2704 530 sum
2743 495 2773 530 a
2802 481 3047 549 sanguine
3085 483 3330 536 omnium.
3365 483 3442 538 Ne
3472 488 3670 555 putetis

2087 579 2212 618 vero
2235 564 2348 619 hmc
2365 566 2519 624 nobis
2542 577 2745 622 tantum
2773 569 2876 624 dici
2899 590 2913 639 ;
2941 587 3062 626 nam
3085 588 3180 628 vos
3200 576 3360 628 etiam
3384 575 3471 631 hic
3489 593 3669 634 sermo

2084 666 2308 723 spectat,
2331 666 2388 718 ut
2401 659 2556 716 dictis
2569 661 2877 726 attendatis,
2892 672 2950 717 ut
2971 679 3037 718 ne
3053 679 3084 717 a
3102 668 3362 723 concione
3376 671 3664 726 recedatis.

2158 747 2346 802 Contra
2365 750 2633 808 theatrales
2660 753 2807 807 ludos
2832 763 2879 808 et
2907 764 3086 810 contra
3097 759 3408 826 juramenta.
3437 791 3512 803 —
3530 763 3667 830 Quid

2091 838 2315 891 faciam?
2357 840 2495 896 Ecce
2522 843 2761 911 quotidie
2801 845 3084 901 clamando
3121 849 3401 921 dirumpor
3429 855 3666 911 :Absce-

2089 929 2200 996 dite
2225 945 2254 984 a
2289 929 2545 998 theatris;
2576 943 2631 989 et
2655 936 2804 991 multi
2831 952 2929 993 nos
2959 939 3184 996 irrident
3208 960 3224 996 :
3247 942 3514 1002 abstinete
3537 963 3566 1002 a
3583 950 3668 1018 ju-

2092 1024 2369 1091 ramentis,
2410 1025 2479 1081 ab
2506 1029 2726 1083 avaritia
2751 1047 2764 1082 :
2789 1030 3065 1087 innumera
3098 1049 3397 1103 monemus,
3431 1049 3486 1093 et
3511 1057 3670 1097 nemo

2092 1114 2260 1176 audit.
2293 1119 2361 1170 At
2403 1126 2563 1172 noctu
2596 1120 2697 1174 hoc
2735 1135 2842 1176 non
2879 1124 3022 1192 ago?
3056 1124 3257 1180 Vellem
3302 1129 3463 1183 etiam
3507 1141 3666 1186 noctu

2096 1205 2196 1260 huc
2219 1206 2413 1273 facere,
2455 1216 2512 1264 et
2534 1209 2601 1264 ad
2631 1225 2846 1266 mensas
2877 1223 3105 1282 vestras,
3143 1218 3186 1270 si
3214 1219 3427 1287 quidem
3456 1220 3662 1288 liceret,

2095 1305 2148 1350 et
2165 1296 2290 1351 dum
2314 1313 2343 1356 a
2375 1300 2617 1368 plurimis
2644 1301 2855 1358 divisim
2887 1303 3128 1362 detinear
3157 1308 3368 1374 adesse,
3395 1322 3450 1367 et
3473 1328 3568 1368 vos
3595 1317 3671 1370 al-

2097 1386 2274 1456 loqui;
2311 1388 2409 1443 sed
2438 1391 2505 1457 si,
2537 1404 2656 1445 cum
2685 1393 2768 1447 vel
2795 1395 2964 1450 semel
2990 1397 3042 1450 in
3078 1396 3413 1455 hebdomada
3449 1418 3545 1458 vos
3573 1419 3671 1456 vn-

2095 1493 2300 1541 camus,
2331 1497 2523 1547 segnes
2563 1484 2713 1551 estis,
2759 1495 2812 1542 et
2839 1486 2931 1540 alii
2956 1488 3169 1556 quidem
3203 1506 3306 1546 non
3337 1497 3550 1562 venitis,
3583 1499 3669 1552 alii

2100 1587 2226 1627 vero
2251 1573 2380 1628 nihil
2401 1575 2531 1629 lucri
2555 1577 2849 1633 referentes
2884 1580 3042 1634 abitis
3068 1599 3081 1634 :
3108 1584 3233 1652 quid
3265 1599 3371 1640 non
3399 1586 3668 1654 faceretis,

2098 1663 2142 1716 si
2172 1663 2499 1733 frequentius
2527 1667 2628 1722 hoc
2653 1673 2971 1739 ageremus?
3006 1672 3142 1739 Quid
3179 1672 3473 1732 faciemus?
3500 1681 3670 1748 Multi,

2101 1762 2158 1812 ut
2185 1755 2322 1810 bene
2363 1758 2506 1822 novi,
2548 1774 2646 1814 nos
2677 1761 2920 1828 irrident,
2951 1764 3094 1832 quod
3132 1765 3200 1821 de
3245 1767 3431 1824 iisdem
3462 1786 3675 1841 semper

2101 1861 2404 1903 sermonem
2440 1849 2866 1913 habeamus:ita
2915 1871 3100 1910 sumus
3146 1860 3196 1913 in
3226 1859 3458 1918 fastidio.
3503 1864 3672 1932 Hujus

2103 1949 2276 1994 autem
2317 1942 2394 1995 rei
2440 1958 2545 1997 non
2583 1959 2680 2000 nos
2718 1945 2771 2000 in
2810 1961 2966 2002 causa
2996 1965 3202 2018 sumus,
3242 1955 3338 2008 sed
3381 1956 3668 2012 auditores.

2102 2029 2233 2084 Nam
2264 2031 2354 2101 qui
2381 2034 2515 2089 bene
2555 2036 2684 2105 agit,
2732 2052 2946 2107 semper
2988 2043 3182 2110 gaudet
3210 2043 3398 2098 eadem
3430 2044 3540 2115 ipsa
3577 2063 3672 2101 au-

2103 2122 2274 2186 diens,
2315 2139 2377 2179 ac
2419 2126 2462 2180 si
2491 2127 2674 2182 laudes
2712 2143 2837 2184 suas
2879 2131 3087 2186 audiret
3115 2134 3239 2204 :qui
3273 2149 3398 2190 vero
3438 2151 3544 2191 non
3569 2140 3679 2192 vult

2105 2223 2251 2268 recte
2277 2231 2455 2284 agere,
2489 2217 2730 2271 molestia
2758 2235 2817 2274 se
2847 2220 3024 2288 impoti
3048 2231 3228 2291 putat,
3258 2233 3313 2278 et
3339 2228 3382 2278 si
3402 2225 3485 2280 bis
3507 2228 3676 2281 solmu

2105 2303 2301 2368 audiat,
2335 2306 2530 2374 smpius
2555 2307 2766 2362 audisse
2796 2309 2898 2363 sibi
2920 2310 3150 2366 videtur.
3180 2311 3408 2368 Mundus
3439 2333 3573 2384 sum,
3602 2318 3681 2371 iu-

2104 2395 2239 2473 quit,
2266 2412 2298 2448 a
2326 2399 2568 2464 sanguine
2591 2401 2834 2454 omnium.

2175 2487 2230 2542 4.
2275 2488 2385 2542 lloc
2433 2489 2611 2545 dicere
2653 2492 2818 2547 Paulo
2856 2497 3220 2564 competebat;
3272 2513 3370 2555 nos
3409 2510 3586 2558 autem
3629 2503 3680 2557 id

2105 2576 2350 2646 proferre
2370 2595 2472 2633 non
2504 2581 2783 2649 audemus,
2810 2585 2951 2653 quod
2987 2588 3273 2643 multorum
3299 2591 3456 2647 nobis
3481 2597 3680 2648 conscii

2108 2667 2292 2722 simus.
2343 2669 2433 2724 Ille
2457 2672 2653 2742 quippe
2692 2675 2782 2744 qui
2810 2688 3023 2744 semper
3051 2679 3297 2747 vigilabat
3326 2691 3382 2736 et
3414 2683 3680 2748 adstabat,

2109 2759 2196 2829 qui
2241 2761 2417 2826 omnia
2466 2776 2564 2831 pro
2617 2763 2786 2820 salute
2831 2765 3216 2836 discipulorum
3263 2773 3578 2838 sustinebat,
3631 2776 3680 2828 id

2109 2859 2465 2919 congruenter
2492 2853 2671 2909 dicere
2699 2865 2934 2925 poterat;
2963 2873 3064 2913 nos
3102 2868 3281 2917 autem
3313 2862 3442 2917 illud
3486 2864 3682 2935 Moysis

2110 2939 2346 2998 dicemus
2370 2961 2384 2998 :
2412 2943 2586 2999 Iratus
2613 2957 2684 3001 est
2704 2949 2831 3001 mihi
2857 2948 3109 3006 Dominus
3132 2965 3336 3022 propter
3361 2972 3470 3024 vos,
3493 2960 3610 3028 quia
3632 2961 3684 3012 in

2111 3034 2270 3093 multa
2291 3049 2497 3108 peccata
2523 3042 2775 3095 adducitis
2814 3043 2966 3097 etiam
2995 3061 3085 3099 nos
3112 3045 3288 3114 (Deut.
3328 3048 3380 3102 3.
3407 3048 3522 3118 26).
3550 3050 3682 3106 Cum

2111 3138 2288 3184 autem
2315 3131 2495 3192 animo
2529 3130 2810 3188 deficimus
2839 3133 3081 3190 videntes
3116 3152 3213 3192 vos
3239 3139 3369 3192 nihil
3401 3140 3681 3209 proﬁcere.

2111 3234 2288 3274 annon
2319 3221 2490 3289 major
2522 3238 2644 3292 pars
2677 3225 2867 3279 virium
2896 3235 3202 3282 nostrarum
3247 3231 3520 3286 concidit?
3546 3233 3685 3300 Quid

2113 3313 2275 3376 enim,
2303 3328 2506 3382 quaeso,
2535 3313 2734 3370 factum
2764 3319 2886 3372 est?
2913 3320 3051 3376 Ecce
3082 3336 3178 3390 per
3209 3325 3435 3392 gratiam
3466 3326 3558 3381 Dei
3591 3344 3687 3382 nus

2111 3418 2322 3473 quoque
2359 3405 2644 3462 triennium
2692 3407 2800 3478 jam
2845 3409 3100 3467 habemus
3129 3413 3268 3485 (α),
3311 3431 3417 3471 non
3473 3419 3686 3487 quidem

2115 3509 2270 3551 nocte
2297 3508 2351 3553 et
2378 3500 2466 3554 die
2508 3500 2806 3569 hortantes,
2835 3505 2927 3558 sed
2956 3515 3075 3574 post
3103 3516 3210 3562 tres
3239 3524 3382 3579 sirpe
3417 3512 3554 3578 dies,
3594 3515 3687 3569 ali-

2114 3592 2327 3660 quando
2354 3603 2474 3662 post
2518 3607 2722 3666 septem
2750 3598 2854 3654 hoc
2879 3600 3152 3656 facientes.
3185 3604 3327 3670 Quid
3354 3609 3580 3678 amplius
3611 3609 3689 3663 fa-

2115 3693 2258 3737 ctum
2302 3687 2420 3739 est?
2447 3686 2836 3758 Ohjurgamus,
2887 3693 3222 3758 increpamus
3246 3739 3262 3764 ,
3310 3697 3686 3770 lacrymamur,

2117 3777 2378 3845 dolemus,
2409 3779 2509 3835 etsi
2539 3796 2644 3836 non
2670 3783 2864 3850 palam,
2893 3793 2948 3838 at
2977 3785 3029 3838 in
3055 3787 3236 3842 corde.
3275 3787 3382 3843 Illa:
3404 3801 3580 3845 autem
3610 3792 3691 3846 la—

2117 3881 2314 3938 crymas
2335 3869 2418 3924 his
2443 3871 2611 3926 multo
2639 3871 2870 3928 leviores
2898 3883 3055 3932 situt:
3077 3875 3180 3930 illa:
3211 3892 3438 3946 namque
3462 3880 3692 3946 aliquam

2119 3957 2420 4014 dolentibus
2443 3961 2672 4017 afferunt
2701 3964 3153 4031 consolationem;
3189 3967 3270 4021 hae
3298 3983 3426 4023 vero
3451 3969 3690 4024 dolorum

2120 4059 2315 4122 augent
2357 4060 2410 4108 et
2441 4054 2832 4124 constringunt.
2859 4057 2947 4111 Sic
2975 4058 3187 4126 quando
3213 4060 3330 4127 quis
3371 4061 3421 4114 in
3463 4076 3694 4116 mmrorc

2122 4140 2286 4211 degit,
2319 4159 2418 4198 nec
2446 4154 2620 4213 potest
2641 4145 2882 4202 dolorem
2906 4148 3120 4214 efferre,
3147 4165 3215 4205 ne
3236 4151 3478 4206 videatur
3509 4169 3696 4206 vanam

2125 4232 2345 4300 gloriam
2373 4243 2643 4302 appetere,
2685 4239 2886 4305 majora
2920 4241 3140 4308 patitur,
3171 4257 3329 4310 quam
3359 4244 3402 4296 si
3434 4243 3582 4297 illum
3621 4244 3700 4297 cf-

2127 4322 2309 4378 ferret.
2340 4324 2448 4380 Nisi
2480 4327 2597 4395 quis
2641 4343 2726 4383 me
2754 4339 2961 4399 putaret
3003 4347 3186 4386 auram
3237 4334 3558 4404 superﬂuam
3605 4351 3696 4388 ca-

2125 4425 2296 4483 ptare,
2329 4419 2565 4484 quotidie
2593 4435 2679 4474 tne
2707 4420 2917 4476 videres
2961 4421 3134 4477 fontes
3161 4424 3516 4494 lacrymarum
3546 4426 3702 4479 emit-

2129 4513 2277 4564 tere:
2305 4511 2490 4565 harum
2527 4526 2653 4566 vero
2695 4512 2925 4567 conscia:
2966 4525 3088 4567 sunt
3119 4513 3437 4570 domuncula
3481 4524 3536 4570 et
3573 4516 3701 4570 soli-

2131 4599 2277 4655 tudo.
2291 4599 2512 4673 \Credite
2534 4616 2762 4671 namque
2787 4603 2936 4671 mihi,
2968 4604 3034 4660 de
3061 4605 3230 4660 salute
3259 4619 3376 4660 mea
3398 4604 3700 4675 deSperavi,

2132 4701 2187 4743 et
2213 4690 2338 4744 dum
2368 4701 2544 4746 vestra
2571 4691 2748 4762 lugeo,
2782 4709 2885 4748 non
2918 4704 3072 4748 vacat
3099 4695 3235 4750 mala
3267 4710 3384 4751 mea
3411 4697 3698 4767 plangere:

2133 4781 2210 4834 sic
2234 4795 2328 4834 vos
2355 4781 2484 4834 mihi
2515 4781 2694 4835 omnia
2738 4783 2887 4837 estis.
2939 4784 2994 4838 Si
3032 4785 3257 4838 sentiam
3290 4800 3384 4840 vos
3429 4785 3482 4839 in
3510 4786 3706 4840 virtute

2135 4874 2336 4940 augeri,
2367 4888 2476 4940 prae
2503 4873 2772 4942 voluptate
2803 4875 2936 4927 mala
2982 4890 3098 4929 mea
3129 4891 3232 4930 non
3264 4877 3468 4942 sentio;
3515 4877 3596 4930 sin
3628 4877 3709 4930 ni-

2138 4962 2210 5017 hil
2238 4963 2497 5031 prolicerc
2519 4964 2750 5029 videam,
2777 4981 2884 5033 pra:
2914 4981 3143 5022 mmrore
3172 4984 3384 5022 rursum
3407 4986 3522 5023 mea
3551 4971 3707 5023 missa

2138 5051 2275 5106 facio
2299 5070 2310 5106 :
2333 5053 2485 5108 lactus
2512 5055 2726 5125 quidem
2749 5055 2992 5111 debonis
3013 5059 3224 5124 vestris,
3254 5061 3376 5133 licet
3397 5061 3538 5115 mille
3559 5059 3714 5113 malis

2139 5153 2395 5208 ottttstus;
2429 5155 2650 5200 mmstus
2693 5146 2760 5202 de
2803 5149 3066 5216 tristibus,
3109 5165 3227 5220 qua:
3253 5150 3403 5205 vobis
3444 5152 3712 5215 accidunt,

2141 5234 2239 5287 etsi
2267 5233 2542 5290 innumera
2573 5246 2753 5291 essent
2779 5241 3032 5306 prmclare
3059 5251 3204 5310 gesta
3249 5240 3398 5295 mihi.
3429 5241 3558 5306 Qua:
3593 5255 3717 5310 spes

2143 5325 2283 5378 enim
2311 5325 2535 5390 doctori,
2561 5342 2723 5398 grege
2751 5332 3042 5399 cor-rupto?
3066 5334 3237 5401 qualis
3270 5333 3396 5399 vita,
3427 5333 3597 5403 qualis
3625 5348 3720 5388 cx-

2144 5417 2440 5486 spectatio?
2469 5434 2588 5473 cum
2616 5434 2719 5490 qua
2751 5421 2941 5476 fiducia
2987 5424 3149 5478 stabit
3193 5433 3316 5479 ante
3343 5425 3547 5478 Deum?
3592 5425 3718 5494 quid

2102 5545 2108 5556 -
2145 5509 2320 5566 dicet?
2347 5510 2612 5568 Ponamus
2639 5515 2783 5569 enim
2810 5516 2981 5583 ipsum
3026 5530 3130 5570 non
3173 5515 3513 5586 reprehendi,
3547 5531 3722 5588 neque

2215 5647 2288 5710 (ιι)
2313 5655 2402 5699 Per
2425 5649 2683 5706 triennium
2707 5651 2982 5714 praadicavit
3005 5654 3388 5719 Citrysostomus.
