4148 6152
387 369 494 423 Καὶ
528 369 677 424 οὐδὲν
699 369 900 432 αὐτοὺς
924 369 1098 433 τοῦτο,
1125 371 1309 439 φησὶν,
1345 369 1550 440 ὠφελεῖ
1573 370 1691 423 οὐδέ
1724 371 1979 440 προΐστα-

317 474 422 518 ται,
455 458 538 510 ὅτι
592 458 746 510 αὐτοὶ
805 457 1172 528 ἀγρυπνοῦσιν
1202 459 1340 528 ὑπὲρ
1402 459 1510 510 τῶν
1562 457 1748 528 ψυχῶν
1789 456 1977 528 ἠμῶν;

313 544 454 596 Ἀλλ’
488 545 854 613 ἀγρυπνοῦσιν
875 544 950 606 ὡς
972 545 1128 613 λόγον
1148 543 1517 610 ἀποδώσοντες
1535 562 1547 574 ·
1583 546 1676 598 καὶ
1706 545 1851 596 δοκεῖ
1884 543 1982 612 μέν

312 647 424 683 τισι
463 631 618 684 τοῦτο
661 627 797 685 εἶναι
833 631 1082 703 φοϐερὸν,
1139 632 1261 701 ἐμοὶ
1313 629 1369 683 δέ
1413 629 1587 692 οὐδεὶς
1608 629 1799 683 τούτου
1823 629 1982 697 λόγος

315 716 456 788 μετά
503 719 598 786 τὴν
618 718 894 790 ὑμετέραν
927 719 1222 773 ἀπώλειαν.
1267 719 1368 770 ’Ἂν
1400 735 1459 770 τε
1481 717 1586 788 γὰρ
1613 717 1688 770 δῶ
1711 717 1887 785 λόγον,
1915 716 1981 770 ἀν

311 822 371 858 τε
407 809 479 878 μὴ
503 807 597 873 δῶ,
638 808 790 861 οὐδέν
822 825 912 878 μοι
945 808 1005 860 τὸ
1042 807 1252 876 ὄφελος.
1295 806 1509 858 Γένοιτο
1539 803 1776 875 σωθῆναι
1811 805 1978 873 ὑμᾶς,

314 897 406 949 καὶ
437 896 616 950 δοῦναι
645 897 798 964 λόγον
829 895 927 962 ἐμὲ
960 894 1026 948 δι’
1056 895 1199 964 ὑμᾶς
1219 911 1235 926 ο
1270 893 1412 964 ὑμᾶς
1466 891 1724 962 σωθῆναι,
1753 891 1846 944 καὶ
1879 891 1980 960 ἐμὲ

313 982 658 1051 ἐγκαλεῖσθαι
689 982 764 1045 ὡς
813 981 886 1052 μὴ
933 980 1296 1052 πληρώσαντα
1331 979 1399 1033 τά
1454 979 1584 1049 παρ’
1610 976 1869 1048 ἐμαυτοῦ.
1904 977 1979 1030 Οὐ

313 1069 421 1141 7&9
442 1069 539 1122 τοῦ
559 1069 624 1122 δι’
659 1066 794 1136 ἐμοῦ
831 1068 1066 1138 σωθῆναι
1100 1067 1242 1137 ὑμᾶς
1270 1065 1558 1136 φροντίζω,
1590 1064 1722 1118 ἀλλά
1750 1063 1842 1117 τοῦ
1876 1080 1980 1116 σω-

314 1157 471 1224 θῆναι
502 1156 660 1226 μόνον
688 1156 753 1208 δι’
783 1156 1128 1226 ὁτουδήποτε.
1161 1154 1275 1208 υύκ
1297 1153 1410 1207 ἴστε
1441 1153 1538 1225 τὴν
1557 1150 1846 1222 τυραννίδα
1871 1150 1981 1205 τῶν

313 1245 517 1312 ὠδινῶν
533 1242 639 1296 τῶν
666 1244 1069 1314 πνευματικῶν,
1093 1242 1210 1306 πῶς
1233 1242 1488 1312 μυριάκις
1516 1240 1689 1294 ἕλοιτο
1720 1240 1784 1293 ἂν
1815 1255 1980 1293 κατα-

315 1333 547 1400 κοπῆναι
576 1333 603 1384 ὁ
631 1330 814 1385 τοῦτον
832 1331 922 1384 τὸν
949 1331 1104 1384 τόκον
1124 1329 1398 1400 ὼδίνων,ἥ
1426 1327 1533 1380 τῶν
1558 1325 1858 1398 τεχθέντων
1880 1325 1979 1380 ἕνα

313 1418 685 1490 ἀπολλύμενον
720 1418 846 1472 ίδεῖν
879 1419 973 1470 καλ⁵
1000 1417 1426 1488 διεφθαρμένον;
1473 1414 1644 1470 Πόθεν
1673 1415 1819 1485 ὑμᾶς
1861 1414 1981 1468 πεί·

315 1523 512 1576 σομενς
544 1506 806 1577 ἑτέρωθεν
831 1505 928 1576 μὲν
971 1505 1288 1575 οὐδαμόθεν,
1319 1503 1426 1557 ἀπὸ
1461 1503 1519 1557 δὲ
1544 1502 1651 1557 τῶν
1679 1503 1979 1573 γινομένων

312 1592 382 1645 τὰ
413 1592 701 1664 καθ”ὐμᾶς
723 1592 898 1646 πάντα
923 1589 1326 1660 ἀπολυσόμεθα.
1358 1589 1645 1660 Δυνάμεθα
1698 1589 1791 1642 καὶ
1819 1589 1978 1660 ἡμεῖς

313 1680 620 1746 λέγειν,“ὄτι
667 1679 818 1732 οὐδὲν
847 1677 1283 1748 ὐπεστειλάμεθα
1304 1694 1316 1706 ·
1351 1677 1465 1731 ἀλλ’
1487 1678 1636 1746 ὅμως
1671 1674 1978 1747 ἀλγοῦμεν·

313 1770 406 1821 καὶ
436 1769 513 1822 ἔτι
547 1766 840 1837 ἄλγοῦμεν,
872 1766 1026 1836 δῆλον
1059 1764 1118 1830 ἐξ
1162 1757 1236 1818 ὧν
1275 1765 1442 1835 μυρία
1478 1763 1980 1834 κατασκευάζομεν,

311 1856 406 1908 καὶ
438 1853 824 1924 μηχανώμεθα.
860 1853 1051 1907 Καίτοι
1090 1869 1155 1922 γε
1176 1851 1307 1922 ἐνῆν
1340 1853 1479 1922 πρὸς
1508 1851 1653 1922 ὑμᾶς
1685 1849 1881 1914 αὐτοὺς
1901 1850 1980 1902 εί-

311 1945 461 1996 πεῖνο
503 1941 568 1994 Τί
606 1959 694 2011 μοι
755 1941 941 2012 μέλει;
993 1938 1103 2008 ἐγὼ
1141 1939 1202 1992 τδ
1255 1937 1493 2010 ἐμαυτοῦ
1526 1937 1832 2010 πεποίηκα,
1871 1935 1981 2006 ἐγὼ

309 2030 548 2100 καθαρός
581 2032 692 2100 είμι
720 2028 829 2082 ἀπὸ
853 2027 946 2082 τοῦ
970 2029 1231 2098 αἵματοςο
1263 2026 1378 2080 ἀλλ’
1396 2026 1497 2080 οὐκ
1528 2027 1688 2097 ἀρκεῖ
1709 2023 1868 2078 τοῦτο
1898 2024 1978 2088 εἰς

314 2118 682 2187 παραμυθίαν.
725 2117 808 2170 Ἐί
857 2133 923 2184 γε
956 2117 1082 2186 ἐνῆν
1109 2116 1209 2187 τὴν
1237 2113 1464 2185 καρδίαν
1489 2111 1647 2184 ἡμῶν
1671 2111 1974 2184 ἀναρρῆξαι

313 2206 405 2258 καὶ
452 2204 716 2269 ἐπιδεῖξαι
742 2216 794 2269 ι,
835 2203 1004 2257 εῐδετε
1031 2202 1098 2256 ἂν
1133 2201 1271 2273 μετά
1299 2201 1500 2272 πολλῆς
1519 2200 1667 2254 ἔνδον
1692 2199 1851 2262 ὄντας
1876 2199 1977 2268 τῆς

312 2292 650 2362 εὐρυχωρίας
689 2291 894 2352 πάντας
921 2291 1086 2358 ὑμᾶς,
1129 2290 1222 2343 καὶ
1253 2289 1515 2357 γυναῖκας
1537 2285 1629 2340 καὶ
1660 2287 1856 2350 παῖδας
1882 2287 1977 2340 καὶ

313 2378 531 2450 ἄνδρας·
557 2377 779 2448 τοιαύτη
801 2377 909 2447 7&9
937 2377 1086 2448 ήτῆς
1107 2375 1329 2447 ἀγάπης
1355 2374 1602 2446 δύναμις,
1627 2373 1721 2427 τοῦ
1748 2373 1974 2443 οὐρανοῦ

313 2466 694 2536 εὐρυχωτέραν
729 2467 874 2518 ποιεῖ
900 2465 996 2536 τὴν
1023 2463 1217 2536 ψυχήν.
1241 2464 1557 2532 Χωρήσατε
1584 2461 1760 2533 ἡμᾶς,
1792 2462 1975 2531 ἔλεγεν

310 2557 340 2606 ὁ
363 2553 572 2618 Παῦλος
590 2567 608 2586 ο
639 2552 858 2607 οὐδένα
883 2552 1275 2622 ἠδικήσαμεν,
1308 2554 1381 2606 οὐ
1404 2551 1868 2621 στενοχωρεῖσθε
1903 2550 1975 2604 ἐν

373 2642 403 2668 ’⁸
428 2639 581 2698 Unus,
623 2640 874 2704 ἀναρρῆξαι
905 2639 1083 2694 πάντας
1115 2642 1240 2702 ἡμᾶς
1258 2639 1338 2688 καὶ
1359 2638 1600 2694 ἐπιδεῖξαι.

1123 255 1180 308 S.
1221 252 1506 311 JOANNIS
1545 249 2034 310 CHRYSOSTOMI
2073 251 2392 311 ABCHIEP.
2432 250 2976 312 CONSTANTINOP.

3649 257 3756 315 ειι

2082 368 2244 438 ἡμῖν.
2290 369 2461 424 Τοῦτο
2489 369 2719 441 λέγομεν
2745 369 2840 424 νῦν
2878 370 2973 424 καὶ
3019 369 3178 440 ἡμεῖς
3200 388 3213 404 ο
3251 368 3550 440 Χωρήσατε
3585 371 3754 443 ἡμᾶς.

2083 457 2269 510 Πᾶσαν
2300 455 2397 527 τὴν
2417 457 2680 527 Κόρινθον
2707 453 2852 527 εἶχεν
2880 459 3085 520 ἐκεῖνος
3119 457 3177 510 ἐν
3201 458 3270 528 τῇ
3297 457 3498 530 καρδίᾳ
3523 459 3749 525 ἐαυτοῦ,

2081 545 2176 598 καὶ
2228 545 2379 614 ἔλεγε
2399 563 2415 578 ο
2471 547 2856 611 Πλατύνθητε
2904 546 3002 598 καί
3054 544 3224 614 ὑμεῖς
3243 562 3255 575 ·
3313 547 3386 599 οὑ
3454 563 3757 617 στενοχω-

2072 631 2298 700 ρεῖσθε.
2341 633 2479 686 Ἀλλ’
2498 633 2659 697 αὐτὸς
2679 633 2776 686 οὐκ
2801 633 2868 687 ἂν
2887 633 3064 703 ἔχοιμι
3093 631 3253 686 τοῦτο
3286 633 3465 702 λέγειν
3484 650 3500 665 ο
3554 631 3614 689 εὐ
3649 637 3758 705 7&9

2079 715 2218 786 οἶδα,
2241 721 2324 774 ὅτι
2356 721 2451 775 καὶ
2476 721 2632 792 ὑμεῖς
2659 721 2809 792 ἡμᾶς
2829 721 3079 788 ἀγαπᾶτε
3113 720 3208 774 καὶ
3237 723 3483 792 χωρεῖτε.
3518 722 3678 776 Ἀλλά
3702 725 3756 776 τί

2078 810 2142 862 τὸ
2165 808 2358 878 κέρδος
2385 809 2420 880 ἢ
2448 809 2550 878 τῆς
2577 809 2716 878 ἐμῆς
2748 807 2968 878 ἀγάπης
2992 806 3026 877 ἢ
3051 807 3151 879 τῆς
3180 807 3356 877 ὐμῶν,
3383 808 3512 862 ὅταν
3533 808 3594 862 τὸ
3616 811 3758 863 κατά

2079 893 2214 948 Θεὸν
2260 896 2393 966 ἡμῖν
2439 893 2516 966 μὴ
2561 896 2862 966 προχωρῇ;
2913 893 3173 958 Μείζονος
3202 894 3442 964 ἀθυμίας
3477 895 3754 958 ὑπόθεσις.

2081 981 2326 1046 πλείονος
2379 980 2558 1052 λύμης
2610 982 2856 1052 ἀφορμή.
2920 981 3086 1034 Οὐδὲν
3147 980 3253 1050 ἔχω
3301 981 3552 1048 ἐγκαλεῖν
3595 983 3753 1052 ὑμῖν·

2079 1068 2367 1138 Μαρτυρῶ
2394 1069 2505 1139 γὰρ
2533 1068 2696 1138 ὑμῖν,
2726 1067 2837 1134 ὅτι,
2857 1069 2910 1122 εί
2928 1067 3210 1129 δυνατὸν,
3238 1067 3382 1134 τοὺς
3410 1069 3758 1137 ὀφθαλμοὺς

2079 1154 2246 1226 ὑμῶν
2272 1155 2669 1224 ἐξορύξαντες
2699 1154 2776 1210 ἂν
2821 1153 3078 1208 ἐδώκατέ
3117 1171 3240 1223 μοι.
3291 1153 3640 1225 Ἱμειρόμεθα
3687 1156 3751 1207 οὐ

2083 1245 2242 1314 μόνον
2269 1243 2329 1297 τὸ
2346 1241 2698 1312 Εὐαγγέλιον,
2729 1243 2864 1296 ἀλλά
2891 1245 2985 1297 καὶ¹
3011 1240 3109 1307 τὰς
3140 1241 3347 1295 ἑαυτῶν
3375 1242 3552 1312 ψυχὰς
3570 1241 3754 1296 δοῦναι

2080 1331 2228 1400 ὑμῖν.
2259 1329 2564 1401 ⁴Ινιλούμεθα
2613 1331 2708 1383 καὶ
2757 1328 3048 1399 φιλοῦμεν·
3100 1327 3214 1383 ἀλλ’
3254 1328 3316 1380 οὐ
3353 1327 3513 1382 τοῦτό
3541 1329 3658 1381 ἐστι
3687 1328 3750 1380 τὸ

2080 1417 2427 1488 ζητούμενον.
2495 1417 2811 1490 Φιλήσωμεν
2854 1412 2947 1470 οὐν
2985 1415 3078 1469 τὸν
3128 1413 3363 1485 Χριστὸν
3413 1414 3442 1454 δ
3498 1415 3747 1488 πρῶτον·

2079 1505 2270 1579 πρώτη
2316 1507 2426 1579 γὰρ
2483 1507 2693 1578 ἐντολὴ,
2740 1505 3102 1577 Ἀγαπήσεις
3161 1506 3382 1574 Κύριον
3444 1508 3552 1560 τὸν
3607 1508 3754 1561 Θεόν

2081 1607 2198 1648 σου
2217 1609 2232 1624 ·
2261 1592 2509 1663 δευτέρα
2540 1593 2609 1647 δὲ
2639 1594 2815 1663 ὁμοία
2839 1591 3048 1661 αὐτῆς,
3073 1592 3180 1648 Kal
3211 1593 3318 1648 τὸν
3340 1594 3608 1661 πλησίον
3637 1610 3754 1648 σου

2082 1681 2164 1746 ὠς
2207 1683 2486 1736 σεαυτόν.
2513 1680 2624 1753 Τὴν
2674 1681 2932 1753 δευτέραν
2965 1679 3183 1752 ἔχομεν,
3231 1681 3332 1753 τῆς
3358 1679 3579 1753 πρώτης
3620 1683 3754 1753 ἡμῖν

2082 1770 2190 1824 δεῖ’
2243 1770 2341 1842 τῆς
2389 1769 2610 1842 πρώτης
2646 1769 2725 1823 δεῖ
2769 1768 2905 1840 μετά
2949 1769 3148 1840 πολλῆς
3189 1769 3291 1841 τῆς
3328 1769 3626 1841 ὑπερϐολῆς
3661 1769 3756 1824 καὶ

2084 1857 2209 1926 ἐμοὶ
2236 1857 2330 1911 καὶ
2362 1857 2510 1928 ὑμῖν.
2544 1856 2778 1928 Ἐχομεν
2803 1856 2996 1927 αὐτὴν,
3046 1857 3162 1910 ἀλλ’
3193 1857 3290 1928 οὐχ
3329 1856 3404 1919 ὡς
3429 1857 3561 1926 χρή.
3586 1857 3750 1926 Φιλή-

2087 1960 2271 2015 σωμεν
2295 1943 2456 1998 αὐτόν
2483 1958 2498 1974 ’
2549 1944 2662 1997 ῐστε
2694 1944 2856 2007 πόσος
2905 1944 3192 1998 ἀπόκειται
3235 1943 3422 2014 μισθὸς
3449 1945 3562 2006 τοῖς
3585 1941 3750 2013 φιλή-

2085 2047 2208 2083 σασι
2222 2030 2312 2084 τὸν
2327 2029 2579 2100 Χριστόν
2595 2030 2908 2102 φιλήσωμεν
2929 2031 3092 2085 αὐτὸν
3108 2029 3400 2102 θερμότητι
3419 2029 3616 2100 ψυχῆς,
3635 2030 3745 2094 ἵνα,

2081 2115 2182 2185 τῆς
2212 2117 2336 2187 παρ’
2369 2115 2530 2170 αὐτοῦ
2557 2117 2769 2180 εὐνοίας
2797 2116 3178 2183 ἀπολαύοντες,
3218 2114 3567 2186 διαφύγωμεν
3599 2114 3747 2188 [557]

2080 2204 2173 2257 τὸν
2202 2203 2444 2258 κλύδωνα
2475 2204 2568 2258 τοῦ
2599 2205 2864 2275 παρόντος
2893 2203 3031 2274 βίου,
3053 2204 3147 2258 καὶ
3187 2203 3297 2258 τῶν
3326 2203 3751 2274 ἐπηγγελμένων

2080 2290 2302 2359 ἀγαθῶν
2337 2293 2448 2354 τοῖς
2472 2290 2758 2359 ἀγαπῶσιν
2804 2290 2966 2346 αὐτὸν
2999 2293 3274 2362 ἐπιτυχεῖν
3306 2290 3750 2359 καταξιωθιῦμεν,

2080 2378 2262 2450 χάριτι
2291 2379 2386 2432 καὶ
2421 2377 2797 2450 φιλανθρωπίᾳ
2824 2378 2918 2433 τοῦ
2951 2377 3268 2449 μονογενοῦς
3311 2378 3478 2432 αὐτοῦ
3535 2377 3750 2441 Παιδὸς,

2082 2463 2203 2533 μεθ’
2226 2457 2288 2518 οὐ
2317 2463 2396 2534 τῷ
2422 2463 2596 2535 Πατρὶ
2620 2463 2736 2535 ἅμα
2762 2464 2838 2535 τῷ
2869 2466 3010 2537 ἁγίῳ
3039 2464 3315 2537 Πνεύματι
3350 2465 3497 2530 δόξα,
3528 2465 3748 2537 κράτος,

2076 2549 2234 2622 τιμὴ,
2251 2549 2345 2604 νῦν
2369 2551 2462 2604 καὶ
2475 2551 2582 2614 ἀεὶ,
2613 2551 2708 2605 καὶ
2720 2553 2796 2615 είς
2812 2553 2936 2614 τούς
2965 2552 3167 2617 αἰῶνας
3183 2553 3293 2608 τῶν
3307 2552 3532 2609 αἰώνων.
3555 2553 3747 2624 Ἀμήν.

2140 2636 2169 2676 ι)
2194 2635 2315 2699 Alii,
2339 2637 2641 2700 ζητούμενον.
2679 2637 2828 2688 Ἀλλὰ
2859 2639 2942 2688 τὸν
2985 2641 3192 2704 Χριστὸν
3212 2641 3505 2704 φιλήσωμεν.

1817 2840 2063 2896 ΟΜΙΛΙΔ
2102 2841 2236 2895 ME'.

315 2940 422 2994 Kal
440 2938 640 3010 tari»-
663 2937 1046 3010 παρατίθεμαι
1074 2948 1100 2976 ι
1131 2936 1307 3010 ὐμᾶς,
1330 2935 1603 3010 ἀδελφοὶ,
1629 2934 1709 3010 τῷ
1737 2933 1860 3010 Θεῷ
1882 2933 1980 2988 καὶ

385 2954 422 2993 ιι
451 2955 640 2994 τανυν
663 2954 1046 3006 παρατισεμαι
1074 2954 1100 2976 ιι
1131 2954 1307 3005 υμας,
1330 2954 1476 2990 ασελ
1563 2954 1603 3001 ι,
1629 2954 1709 3000 τῳ
1737 2954 1860 2999 υεῳ
1882 2954 1980 2988 και

385 3009 650 3082 τῷΑλόῖῳ
677 3006 788 3074 τῆς
831 3005 1068 3082 χάριτος
1107 3005 1311 3082 αὑτοῦ,
1346 2954 1784 3082 τῷἠὲιῗναμένφ
1820 3005 1980 3082 ἐπρι-

390 3074 734 3148 τιοδομῆσαι,
763 3077 859 3148 καὶ
890 3074 1101 3129 δοῦναι
1124 3075 1531 3143 κληρονομίαν
1559 3074 1702 3143 ὑμῖν
1732 3075 1802 3127 ἐν
1829 3074 1982 3129 πᾶσι

371 3151 509 3215 τοῖς
524 3144 950 3218 ’ἠγνασμένοιςκ

379 3245 456 3294 ·α’.
483 3238 658 3307 Ὅπερ
698 3232 1027 3287 ἐπιστέλλων
1049 3233 1213 3289 ποιεῖ.
1245 3229 1401 3284 τοῦτο
1415 3231 1512 3284 καὶ⁵
1549 3231 1928 3302 συμϐουλεύων
1964 3246 1977 3261 ο

315 3327 424 3384 ἀπο
443 3325 814 3397 παραινέσεως
841 3323 920 3385 είς
945 3320 1109 3390 εὐχὴν
1135 3319 1380 3390 τελευτᾷ.
1413 3319 1631 3390 Ἐπειδὴ
1653 3318 1762 3390 γὰρ
1784 3319 1980 3382 αὐτοὺς

319 3415 521 3485 σφόδρα
577 3410 832 3482 ἐφόϐησε,
882 3407 1076 3475 λέγων,
1123 3407 1204 3459 ὅτι
1253 3407 1440 3460 Λύκοι
1471 3403 1682 3474 ,ϐαρεῖς
1707 3407 1795 3471 είς
1827 3404 1982 3474 ὑμᾶς

318 3502 766 3558 είσελεύσονται
796 3513 813 3528 ο
849 3496 938 3548 ἵνα
973 3495 1048 3565 μὴ
1075 3492 1397 3564 καταπλήξῃ
1423 3495 1488 3564 τῇ
1515 3493 1724 3564 διανοίᾳ
1741 3493 1834 3547 καὶ
1854 3494 1982 3546 ἀπο.

317 3589 471 3658 λέση,
509 3590 613 3658 ὅρα
643 3585 744 3654 τὴν
775 3580 1145 3653 παραμυθίαν.
1170 3579 1280 3634 Kal
1314 3579 1524 3644 τανῦν,
1557 3580 1741 3650 φησίν.
1795 3579 1982 3644 Οὕτως

319 3672 464 3731 εἶπε.
497 3672 674 3743 δηλῶν
702 3671 790 3725 διὰ
835 3669 1046 3732 τούτου,
1093 3669 1174 3721 ὅτι
1215 3666 1403 3737 ὥσπερ
1451 3667 1554 3720 ἀεὶ.
1589 3668 1979 3737 Παρατίθεμαι

320 3763 494 3833 ὑμᾶς,
521 3757 794 3828 ἀδελφοὶ,
838 3753 920 3821 τῷ
974 3753 1096 3820 Θεῷ
1141 3754 1242 3809 καί
1276 3754 1357 3820 τῷ
1396 3755 1556 3824 λόγῳ
1591 3754 1703 3823 τῆς
1745 3754 1983 3824 χάριτος

320 3849 509 3906 αὑτοῦ
538 3863 551 3878 ’
581 3846 856 3910 τουτέστι,
895 3846 964 3915 τῇ
1009 3843 1192 3914 χάριτι
1229 3841 1414 3898 αὐτοῦ.
1465 3843 1576 3897 Καὶ
1603 3843 1784 3906 καλῶς
1807 3842 1980 3907 οὕτως

321 3935 510 3993 εἶπεν·
545 3930 652 3988 οἶδε
674 3930 804 4002 γὰρ,
838 3930 920 3984 ὅτι
975 3931 1009 4000 ἡ
1049 3930 1219 4000 χάρις
1273 3927 1454 3993 σώζει.
1492 3927 1736 3998 Συνεχῶς
1784 3928 1982 3992 αὐτοὺς

321 4023 726 4094 ἀναμιμνήσκει
785 4019 885 4088 τῆς
949 4017 1191 4088 χάριτος,
1243 4013 1691 4086 σπουδαιοτέρους
1715 4014 1883 4068 ποιῶν
1903 4016 1983 4080 ὡς

319 4111 620 4182 ὀφειλέτας,
677 4107 775 4160 καὶ
836 4103 1040 4158 πείθων
1097 4101 1334 4174 θαρρεῖν.
1379 4099 1462 4166 Τῷ
1489 4100 1802 4170 δυναμένῳ
1826 4102 1982 4169 ὑμᾶς

318 4194 804 4265 ἐποικοδομῆσαι.
842 4192 956 4246 Οὐκ
992 4184 1577 4259 εἷπεν,-οίκοδομῆσαι,
1607 4187 1710 4241 ἀλλ
1724 4189 1757 4254 ’,
1786 4189 1980 4243 Ἐποι-

320 4281 675 4351 κοδομῆσαι,
698 4279 916 4341 δεικνὺς
959 4277 1042 4330 ὅτι
1086 4275 1188 4345 ἤδη
1220 4271 1667 4346 ᾡκοδομήθησαν,
1717 4269 1849 4326 Εἶτα
1884 4274 1984 4346 τῆς

320 4374 533 4437 ἐλπίδος
560 4371 835 4441 ἀνέμνησε
872 4365 974 4436 τῆς
1013 4362 1346 4435 μελλούσης,
1389 4359 1557 4416 είπὼν
1587 4378 1601 4391 ·
1632 4360 1741 4415 Kal
1771 4361 1983 4416 δοῦναι

317 4461 461 4531 ὑμῖν
489 4455 895 4526 κληρονομίαν
931 4454 1001 4506 ἐν
1036 4450 1188 4507 πᾶσι
1226 4449 1349 4514 τοῖς
1394 4446 1800 4517 ἡγιασμένοις.
1851 4448 1981 4504 Εἶτα

320 4549 481 4604 πάλιν
521 4545 838 4616 παραίνεσις
889 4557 904 4572 ·
965 4539 1283 4607 Ἀργυρίου,
1347 4535 1532 4605 φησὶν,
1583 4536 1622 4601 ἢ
1653 4537 1911 4604 χρυσίου
1941 4537 1980 4605 ἠ

319 4631 638 4704 ίματισμοῦ
697 4626 948 4690 οὐδενὸς
993 4624 1364 4693 ἐπεθύμησα.
1400 4621 1511 4693 Ἰῖὴν
1571 4622 1725 4692 ῥίζαν
1767 4623 1983 4696 ἀναιρεῖ

318 4743 425 4778 των
473 4720 680 4782 κακῶν,
723 4717 822 4788 τὴν
860 4710 1244 4783 φιλαργυρίαν.
1304 4709 1636 4778 Ἀργυρίου,
1688 4709 1871 4778 φησὶν,
1940 4711 1980 4781 ἢ

318 4809 596 4882 χρυσίου.
629 4805 742 4857 οὐκ
774 4797 946 4865 εἴπεν,
983 4799 1095 4852 Οὐκ
1137 4796 1326 4850 ἔλαϐον
1363 4813 1374 4825 ·
1414 4794 1557 4858 ἀλλ’,
1593 4793 1745 4848 οὐδὲ
1772 4796 1981 4852 ἐπεθύ-

311 4913 500 4968 μησα.
556 4892 723 4946 Οὔπω
780 4889 920 4961 μέγα
974 4885 1151 4948 τοῦτο,
1203 4883 1265 4936 τὸ
1315 4883 1369 4936 δὲ
1421 4882 1558 4953 μετά
1611 4883 1766 4936 τοῦτο
1816 4885 1977 4954 μέγα.

328 4985 524 5055 Ὑμεῖς
543 4981 909 5041 ἐπίστασθε,
963 4974 1054 5028 ὅτι
1094 4971 1227 5039 ταῖς
1277 4973 1506 5042 χρείαις
1543 4987 1664 5040 μου
1705 4971 1804 5025 καί
1855 4973 1981 5040 τοῖς

314 5072 455 5131 οὖσι
482 5072 609 5143 μετ’
637 5067 786 5139 ἐμοῦ
814 5063 1202 5134 ὑπηρέτησαν
1241 5065 1300 5116 al
1333 5060 1526 5130 χεῖρες
1555 5056 1750 5118 αὗται.
1779 5063 1980 5118 Πάντα

317 5159 600 5225 ὑπέδειξα
635 5155 798 5224 ὑμῖν.
831 5154 920 5206 ὅτι
947 5151 1100 5206 οὕτω
1136 5149 1470 5215 κοπιῶντας
1495 5147 1586 5202 δεῖ
1613 5149 1980 5220 ἀντιλαμσά-

313 5254 524 5305 νεσθαι
567 5245 688 5300 τῶν
720 5239 1159 5298 ἀσθενούντων.
1194 5237 1336 5308 Ὀρα
1379 5235 1540 5290 αὐτὸν
1585 5233 1662 5304 τῷ
1717 5235 1865 5306 ἔργῳ
1891 5255 1979 5291 κε-

316 5339 608 5410 χρημένον,
628 5333 728 5388 καὶ
748 5331 847 5401 οὐχ
869 5326 1054 5391 ἀπλῶς
1073 5365 1087 5390 ,
1109 5323 1245 5380 ἀλλά
1269 5324 1563 5378 κοπιῶντα.
1591 5323 1726 5390 Ταῖς
1750 5321 1981 5393 χρείαις

313 5443 427 5495 μου
459 5423 557 5478 καί
585 5420 714 5487 τοῖς
752 5413 894 5474 οὖσι
910 5415 1054 5486 μετ’
1093 5411 1239 5484 ἐμοῦ
1270 5411 1662 5480 ὑπηρέτησαν
1691 5412 1751 5464 al
1785 5410 1979 5480 χεῖρες

314 5507 511 5566 αὗται.
544 5507 716 5562 Τοῦτο
772 5499 1156 5575 ἐντρεπτικῶς.
1197 5498 1310 5554 Καὶ
1341 5499 1465 5569 ὅρα,
1517 5495 1636 5560 πιῖις
1675 5495 1863 5562 ἀξίως.
1898 5499 1973 5549 οὐ

311 5600 424 5668 γὰρ
447 5593 569 5651 εἷπε
605 5594 918 5664 Χρημάτων
967 5591 994 5630 ι’
1049 5587 1302 5658 γενέσθαι
1345 5585 1627 5658 κρείττους
1675 5600 1692 5616 ·
1721 5582 1857 5638 ἀλλά
1884 5583 1972 5649 τίς

324 5680 899 5752 Ἀντιλαμσάνεσθαι
953 5678 1074 5731 τῶν
1129 5675 1566 5732 ἀσθενούντων.
1625 5673 1736 5742 Οὐχ
1787 5671 1975 5737 ἁπλῶς

374 5849 406 5880 ³
429 5846 584 5905 Dm,
605 5841 908 5906 παρατίθημι.
933 5841 961 5882 δ
984 5842 1101 5901 Alii,
1126 5840 1266 5897 ἀξίως
1287 5838 1444 5888 αὐτῶν
1465 5837 1552 5888 οὐκ
1573 5837 1675 5887 εἶπε
1695 5837 1970 5900 χρημάτων.
1993 5871 2038 5912 __.

2083 2933 2322 3000 πάντων,
2343 2935 2482 2990 ἀλλά
2499 2935 2605 2990 τῶν
2625 2934 2889 2990 ἀσθενῶν.
2913 2937 3333 3006 Μνημονεύειν
3351 2953 3416 2993 τε
3439 2939 3546 2994 τὸν
3563 2941 3751 3011 λόγον

2079 3021 2190 3075 τοῦ
2216 3024 2454 3090 Κυρίου,
2491 3023 2564 3077 δν
2591 3021 2720 3079 εἷπε
2739 3063 2755 3087 ,
2787 3024 2878 3078 ὅτι
2907 3024 3216 3094 Μακάριόν
3239 3025 3372 3081 ἐστι
3396 3025 3636 3097 μᾶλλον
3663 3029 3749 3082 δι-

2081 3107 2252 3163 δόναι
2275 3108 2314 3178 ἢ
2340 3110 2686 3180 λαμϐάνειν.
2721 3111 2838 3164 Ἵνα
2876 3112 2949 3183 μή
2983 3128 3068 3176 τις
3105 3112 3304 3187 νομίσῃ
3341 3114 3478 3187 πρὸς
3510 3116 3750 3178 ἐκείνους

2081 3196 2352 3269 είρῆσθαι,
2383 3199 2478 3251 καὶ
2505 3199 2674 3252 τύπον
2698 3197 2897 3252 διδόναι
2931 3198 3091 3254 αὐτὸν
3110 3238 3126 3262 ,
3160 3201 3297 3271 ὅπερ
3326 3201 3559 3272 ἀλλαχοῦ
3589 3219 3745 3272 φησι,

2081 3283 2266 3338 Τύπον
2296 3283 2527 3348 διδόντες
2555 3285 2703 3356 ὑμῖν,
2753 3286 2999 3357 ἐπήγαγε
3027 3285 3127 3357 τὴν
3172 3287 3448 3356 ἀπόφασιν
3493 3289 3589 3344 τοῦ
3617 3291 3748 3355 Χρι-

2083 3370 2232 3437 στοῦ,
2283 3372 2531 3442 λέγοντος
2559 3389 2575 3404 ·
2620 3373 2929 3444 Μακάριόν
2980 3375 3116 3429 ἐστι
3169 3375 3400 3432 διδόναι
3437 3377 3682 3448 μᾶλλον
3708 3379 3747 3446 ἢ

2079 3459 2426 3529 λαμϐάνειν.
2480 3458 2783 3531 Ἐπηύξατο
2842 3461 3023 3526 αὐτοῖς
3081 3463 3363 3535 παραινῶν
3407 3481 3424 3498 ο
3479 3466 3749 3519 δείκνυσιν

2079 3547 2213 3601 αὐτὸ
2241 3549 2337 3601 καὶ
2364 3546 2530 3620 ἔργῳ.
2579 3547 2690 3603 Kal
2734 3548 2922 3604 ταῦτα
2979 3551 3183 3614 είπὼν,
3225 3551 3353 3618 θείς
3405 3553 3480 3607 τὰ
3525 3553 3748 3622 ¹μόνατα

2079 3635 2267 3691 αὐτοῦ
2292 3635 2417 3690 σὺν
2444 3634 2636 3690 πᾶσιν
2684 3636 2908 3702 αὐτοῖς,
2955 3637 3342 3705 προσηύξατο
3367 3655 3382 3670 -
3412 3640 3512 3710 οὐχ
3540 3640 3746 3705 ἁπλῶς,

2079 3722 2217 3778 ἀλλά
2251 3722 2389 3795 μετά
2410 3722 2611 3795 πολλῆς
2637 3723 2737 3794 τῆς
2773 3723 3138 3789 κατανύξεως.
3174 3724 3351 3798 Πολλὴ
3387 3727 3422 3798 η
3461 3727 3747 3799 παράκλη-

2082 3828 2167 3877 σις
2189 3829 2206 3845 ο
2236 3810 2332 3866 καὶ
2353 3810 2432 3883 τῷ
2457 3812 2632 3865 είπεῖν
2679 3811 2758 3877 δὲ,
2803 3814 3200 3883 Παρατίθεμαι
3239 3813 3394 3884 ὑμᾶς
3420 3815 3501 3880 τῷ
3523 3816 3742 3882 Κυρίῳ,

2081 3899 2407 3970 παρακαλεῖ.
2447 3898 2722 3968 Ἐγένετο
2759 3898 2828 3952 δὲ
2878 3902 3186 3970 κλαυθμὸς
3229 3901 3432 3962 ίκανὸς
3476 3901 3742 3964 πάντων,

2080 3987 2181 4042 καί
2204 3985 2596 4053 ἐπιπεσόντες
2655 3986 2756 4040 ἐπί
2802 3987 2912 4040 τὸν
2960 3986 3267 4057 τράχηλον
3315 3987 3421 4042 τοῦ
3469 3989 3742 4054 Παύλου,

2082 4074 2236 4148 [3'58]
2256 4077 2622 4145 κατεφίλουν
2639 4075 2846 4140 αὐτὸν,
2867 4073 3248 4144 ὀδυνώμενοι,
3255 4074 3521 4146 μάλιστα
3543 4076 3641 4130 ἐπὶ
3664 4077 3747 4144 τῷ

2081 4164 2241 4234 λόγῳ
2264 4155 2313 4231 ᾧ
2346 4163 2566 4232 είρήκει
2591 4202 2607 4228 ,
2641 4162 2730 4217 ὅτι
2766 4161 2968 4217 οὐκέτι
2997 4163 3297 4232 μέλλουσι
3326 4163 3395 4218 τὸ
3424 4165 3748 4232 πρόσωπον

2081 4254 2268 4310 αὐτοῦ
2297 4253 2554 4323 θεωρεῖν.
2580 4254 2971 4323 Προέπεμπον
2994 4253 3062 4306 δὲ
3081 4253 3268 4308 αὐτὸν
3292 4255 3380 4319 είς
3411 4254 3478 4308 τὸ
3501 4253 3740 4310 πλοῖον.

2082 4337 2268 4408 Εἶπεν,
2309 4342 2392 4395 ὅτι
2432 4342 2896 4396 Είσελεύσονται
2943 4341 3120 4394 λύκοι
3149 4340 3361 4409 ,ϐαρεῖς
3389 4357 3404 4371 ·
3446 4336 3746 4407 εἶπενμὸτι

2082 4428 2350 4498 Καθαρὸς
2381 4427 2496 4500 ἐγὼ
2520 4429 2640 4484 ἀπὸ
2685 4429 2791 4483 τοῦ
2824 4429 3070 4498 αἵματος
3101 4426 3346 4481 πᾱντων
3366 4445 3380 4458 ·
3408 4427 3582 4481 ταῦτα
3611 4427 3743 4480 ἐκά-

2079 4536 2214 4590 τερα
2257 4518 2462 4590 φοϐερά
2509 4518 2603 4572 καὶ
2656 4517 2815 4571 ίκανά
2868 4517 3106 4588 λυπῆσαι
3150 4532 3165 4546 ’
3228 4515 3461 4587 μάλιστα
3493 4515 3550 4569 δέ
3583 4515 3745 4568 πλέον

2081 4606 2300 4661 πάντων
2320 4604 2475 4660 τοῦτο
2510 4605 2710 4668 αὐτοὺς
2752 4603 3000 4676 ὠδίνησε,
3033 4604 3092 4658 τὸ
3129 4603 3326 4674 μηκέτι
3351 4603 3484 4674 ὁρᾷν
3510 4601 3742 4656 ἀκοῦσαι

2081 4693 2246 4747 αὐτόν
2277 4708 2291 4722 ’
2325 4692 2419 4747 καὶ
2461 4691 2620 4745 τοῦτο
2655 4691 2825 4744 ἐποίει
2877 4691 2968 4746 τὸν
3017 4690 3254 4760 πόλεμον
3277 4687 3530 4759 χαλεπόν.
3564 4688 3746 4757 Προέ-

2081 4795 2320 4849 πεμπον
2348 4780 2436 4848 δὲ,
2462 4781 2644 4850 φησὶν,
2680 4779 2868 4833 αὑτὸν
2909 4781 2996 4846 είς
3027 4777 3094 4831 τὸ
3143 4776 3378 4831 πλοῖον.
3405 4775 3592 4838 Οὐτως
3622 4775 3742 4844 ἐφί-

2081 4865 2206 4920 λουν
2232 4867 2414 4933 αὐτὸν,
2440 4866 2582 4920 οὐτω
2613 4866 2872 4920 διέκειντο
2893 4865 3021 4937 περὶ
3059 4864 3242 4920 αὐτόν.
3289 4865 3386 4931 Ὠς
3411 4863 3480 4918 δὲ
3506 4863 3742 4933 ἐγένετο

2079 4952 2416 5022 ἀναχθῆναι
2442 4951 2598 5022 ημᾶς
2628 4951 3135 5017 ἀποσπασθέντας
3169 4951 3272 5006 ἀπ’
3311 4948 3530 5013 αὐτῶν,
3559 4951 3740 5003 εὐθυ-

2079 5041 2492 5111 δρομήσαντες
2525 5039 2790 5108 ἤλθομεν
2825 5042 2914 5105 είς
2937 5037 3053 5107 τὴν
3078 5038 3231 5101 Κῶν,
3265 5036 3341 5106 τῇ
3370 5035 3440 5090 δὲ
3468 5034 3616 5104 ἑξῆς
3653 5037 3741 5102 είς

2090 5128 2314 5190 Ῥόδον,
2347 5127 2624 5182 κάκεῖθεν
2657 5129 2744 5194 είς
2787 5125 3044 5196 Πάταρα.
3077 5126 3185 5180 Kal
3220 5124 3500 5194 εὑρόντες
3527 5121 3738 5177 πλοῖον

2077 5211 2375 5280 διαπερῶν
2396 5214 2483 5278 είς
2503 5213 2806 5280 Φοινίκην,
2837 5212 3150 5278 ἐπιϐάντες
3168 5211 3538 5281 ἀνήχθημεν.
3570 5209 3743 5264 Ἀνα-

2075 5299 2369 5370 φανέντες
2402 5299 2472 5352 δέ
2493 5299 2609 5365 τὴν
2637 5300 2901 5368 Κύπρον,
2946 5300 3044 5355 καί
3088 5299 3521 5364 καταλιπόντες
3546 5295 3744 5362 αὐτὴν

2074 5388 2405 5457 εὐώνυμον,
2458 5387 2754 5455 ἐπλέομεν
2785 5390 2872 5453 εις
2908 5387 3162 5456 Συρίαν,
3209 5384 3310 5440 καί
3357 5383 3744 5454 κατήχθημεν

2077 5475 2166 5536 είς
2203 5473 2407 5540 Τύρον.
2438 5475 2603 5543 Ὅρα,
2653 5470 2817 5544 ἦλθεν
2849 5475 2930 5538 είς
2974 5473 3205 5536 Λυκίαν,
3235 5471 3331 5526 καὶ
3355 5470 3632 5543 διαπερῶν
3661 5473 3744 5534 είς

2079 5559 2351 5630 Φοινίκην,
2385 5561 2484 5630 τὴν
2514 5561 2736 5631 Κύπρον
2772 5562 2952 5630 ἀφεὶς,
2995 5561 3076 5623 εἰς
3110 5559 3287 5630 Τύρον
3319 5557 3689 5613 κατέπλευσεν
3722 5573 3742 5589 ο

2078 5648 2253 5700 ἐκεῖσε
2276 5647 2385 5718 7&9
2411 5644 2479 5718 ἦν
2523 5649 2585 5701 τὸ
2637 5649 2819 5702 πλοῖον
2868 5647 3366 5716 ἀποφορτιζόμενον
3426 5643 3518 5698 τὸν
3549 5642 3738 5713 γόμον.

2079 5735 2250 5788 Τοῦτο
2277 5736 2424 5789 αἰτία
2443 5735 2538 5790 τοῦ
2571 5736 2824 5791 ἀπελθεῖν
2862 5737 2941 5797 είς
2974 5734 3167 5803 Τύρον.
3203 5733 3311 5788 Kal
3337 5732 3616 5802 εὑρόντες
3630 5744 3742 5798 μα-

2078 5821 2264 5892 θητὰς
2306 5822 2702 5895 ἐπεμείναμεν
2751 5823 2901 5894 πρὸς
2927 5824 3152 5889 αὐτους
3180 5821 3406 5893 ’ἡμέρας
3430 5815 3581 5873 ἑπτά
3603 5833 3616 5848 ο
3652 5817 3742 5873 ol-
