4148 6152
504 279 612 336 313

507 403 696 466 pcenas
721 385 872 451 dare,
899 381 996 439 sed
1024 395 1150 438 esse
1175 377 1431 435 mundum
1457 394 1488 434 a
1516 381 1773 450 sanguine
1805 375 2042 433 omnium
2075 396 2087 432 :

509 486 578 538 ita
604 492 817 550 quoque
841 472 1155 530 incurabilia
1185 471 1412 541 patietur
1442 488 1456 524 :
1488 471 1612 540 quia
1643 471 1768 526 licet
1793 479 1972 540 patres
1997 483 2095 539 pro

509 572 635 625 tiliis
660 583 767 622 non
797 561 1076 618 ineusaudi
1106 562 1235 626 sint,
1265 569 1442 614 tamen
1470 559 1655 614 dolent
1680 569 1733 614 et
1765 558 2089 614 cruciamur.

580 661 744 728 Quam
795 664 934 710 curet
983 651 1373 724 Chrysostomus
1423 652 1588 722 gregis
1634 651 1870 706 salutem.
1898 679 1970 690 —
1996 648 2092 705 Ni-

507 753 670 813 hilne,
716 748 948 818 inquies,
996 745 1130 815 ipsis
1163 743 1385 813 prodest
1416 744 1498 798 vel
1533 742 1918 814 patrocinatur,
1949 743 2092 813 quod

505 842 602 909 ipsi
643 839 867 908 vigilent
896 850 995 906 pro
1037 833 1319 889 animabus
1365 833 1606 888 nostris?
1640 832 1748 888 Sed
1786 833 2007 902 vigilant
2035 841 2093 887 ut

504 931 766 985 rationem
811 925 1071 982 reddituri
1103 923 1285 995 (Hebr.
1316 924 1403 977 13.
1437 924 1527 993 17)
1553 941 1566 977 :
1590 923 1732 993 quod
1774 923 2090 992 quibusdam

502 1020 714 1075 videtur
739 1032 860 1074 esse
887 1015 1158 1080 terribile;
1189 1013 1317 1068 mihi
1349 1024 1524 1068 autem
1553 1013 1655 1068 hoc
1680 1028 1824 1068 curze
1853 1027 1958 1068 non
1985 1023 2088 1080 est,

505 1115 549 1166 si
588 1125 683 1165 vos
721 1108 975 1178 pereatis.
1001 1107 1154 1170 Dem,
1204 1119 1308 1159 non
1338 1104 1462 1160 dem
1511 1106 1771 1160 rationem
1805 1103 1875 1158 de
1918 1104 2089 1169 vobis,

508 1203 638 1257 nihil
671 1200 800 1256 mihi
832 1199 962 1253 utile
1003 1207 1106 1252 est.
1154 1196 1363 1252 Utinam
1407 1197 1560 1251 vobis
1612 1196 1840 1251 salutem
1895 1196 2088 1260 nactis,

508 1295 632 1350 dem
683 1308 784 1363 ego
837 1290 903 1345 de
953 1289 1106 1344 vobis
1162 1289 1461 1354 rationem,
1518 1297 1572 1342 et
1624 1302 1850 1342 accuser
1880 1328 1895 1353 ,
1950 1285 2090 1356 quod

511 1386 742 1442 officium
796 1401 973 1440 meum
1037 1399 1145 1439 non
1209 1382 1558 1452 impleverim.
1624 1380 1740 1435 Non
1809 1382 1950 1434 enim
2020 1381 2092 1434 ita

509 1492 661 1544 curo,
698 1486 756 1531 ut
798 1492 893 1546 per
927 1491 1013 1532 me
1039 1490 1136 1530 vos
1162 1473 1470 1537 servemini,
1523 1481 1578 1526 ut
1610 1487 1740 1526 curo
1765 1512 1778 1535 ,
1810 1481 1868 1525 ut
1896 1487 1924 1524 a
1957 1487 2088 1541 qno-

510 1570 598 1625 vis
645 1568 950 1624 servemini.
1008 1567 1126 1623 Non
1191 1566 1361 1621 nostis
1429 1563 1780 1634 spiritualium
1847 1574 2089 1633 partuum

509 1659 868 1730 tyrannidem,
898 1657 1168 1729 quomodo
1207 1658 1272 1723 is,
1305 1659 1395 1728 qui
1428 1658 1498 1711 ita
1530 1657 1774 1724 parturit,
1806 1654 1998 1708 millies
2039 1656 2090 1708 in

509 1749 673 1805 frusta
699 1749 912 1806 concidi
936 1757 1202 1820 peroptat,
1234 1749 1410 1819 potius
1434 1762 1593 1818 quam
1623 1761 1783 1800 unum
1811 1760 1877 1800 ex
1900 1745 2092 1815 genitis

509 1843 682 1912 perire
706 1843 791 1897 vel
820 1842 1091 1912 corrumpi
1131 1839 1343 1896 videat?
1385 1839 1665 1897 Undenam
1713 1838 1765 1892 id
1791 1837 1941 1893 vobis
1971 1853 2093 1907 per-

509 1933 894 1988 suadebimus?
918 1933 1033 1988 Non
1057 1932 1164 1988 alio
1191 1931 1373 1997 modo,
1405 1945 1562 2000 quam
1586 1943 1650 1984 ex
1679 1928 1762 1994 iis,
1794 1943 1911 1998 qure
1942 1927 2091 1982 vobis

509 2026 848 2095 contingunt,
874 2023 1230 2078 absolvemur.
1256 2023 1548 2077 Possumus
1567 2029 1622 2075 et
1650 2034 1748 2074 nos
1768 2019 1967 2083 dicere,
1995 2032 2094 2072 nos

512 2115 645 2171 nihil
673 2113 1090 2184 subterfugisse;
1114 2122 1348 2170 attamen
1377 2113 1656 2168 dolemus:
1675 2120 1730 2166 et
1755 2109 1895 2181 quod
1922 2110 2094 2166 dolea-

514 2225 636 2264 mus
665 2209 789 2264 binc
815 2208 986 2278 palam
1005 2217 1106 2273 est,
1132 2207 1278 2278 quod
1309 2216 1450 2261 tanta
1477 2219 1728 2276 paremus
1752 2212 1807 2260 et
1826 2204 2095 2274 excogite-

518 2316 657 2356 mus.
679 2300 1008 2370 Quamquam
1029 2300 1382 2369 potuissemus
1401 2299 1552 2353 vobis
1573 2297 1752 2353 dicere
1772 2313 1787 2352 :
1806 2295 1944 2364 Quid
1964 2297 2094 2352 mihi

515 2409 659 2449 certe
701 2393 819 2448 est?
853 2408 954 2464 ego
994 2392 1136 2464 quod
1175 2407 1354 2449 meum
1394 2403 1510 2448 erat
1555 2390 1687 2455 feci;
1729 2404 1829 2460 ego
1865 2389 2096 2444 mundus

516 2499 632 2540 sum
672 2499 703 2539 a
743 2485 999 2556 sanguine
1023 2503 1038 2540 :
1061 2494 1118 2539 at
1147 2485 1248 2540 hoc
1289 2499 1394 2539 non
1439 2481 1638 2538 sufficit
1677 2481 1745 2536 ad
1771 2481 2093 2537 consolatio-

515 2592 658 2633 nem.
684 2576 739 2633 Si
769 2586 951 2648 posset
973 2592 1068 2634 cor
1091 2587 1335 2633 nostrum
1363 2575 1590 2632 discindi
1626 2583 1682 2631 et
1709 2583 1914 2646 patere,
1943 2573 2093 2628 vide-

515 2670 644 2726 retis
668 2685 764 2726 vos
792 2686 980 2726 omnes
1021 2671 1130 2726 illic
1170 2685 1292 2726 esse
1331 2671 1385 2725 in
1416 2684 1608 2741 magna
1632 2667 1933 2736 latitudine,
1979 2682 2097 2722 mu-

515 2760 692 2828 lieres,
733 2761 890 2828 ﬁlios,
920 2763 1100 2818 viros:
1125 2771 1271 2819 tanta
1300 2762 1498 2834 quippe
1534 2770 1617 2816 est
1640 2761 1874 2817 caritatis
1904 2761 2094 2826 virtus,

515 2856 744 2910 animam
767 2856 903 2911 catlo
923 2854 1168 2911 latiorem
1195 2853 1388 2911 reddit.
1420 2853 1597 2923 Capite
1621 2869 1734 2916 nos,
1767 2852 1935 2923 inquit
1958 2851 2095 2906 Pau-

1431 263 1496 322 ιη
1538 265 1718 324 ACTA
1758 264 2526 324 APOSTOLORUMJlOMIL.
2569 265 2728 324 XLV.

3681 274 3788 330 ΞΗ

2199 381 2314 443 Ius;
2345 381 2592 434 neminem
2633 381 2855 435 lauimus
2901 379 2976 452 (2.
3008 381 3128 437 Cor.
3159 383 3210 438 7.
3231 380 3312 456 2),
3346 401 3446 440 non
3483 400 3693 458 anguste
3734 392 3786 444 in

2197 470 2338 523 nobis
2367 473 2484 524 estis
2515 469 2535 539 (
2567 469 2702 524 Ibid.
2727 470 2782 526 6.
2813 471 2882 526 12
2916 473 2956 541 ).
2987 472 3097 528 Hoc
3131 483 3186 529 et
3227 489 3326 530 nos
3348 491 3491 533 nunc
3516 478 3744 536 dicimus
3773 501 3786 514 ·

2195 563 2382 633 Capite
2413 580 2532 620 nos.
2571 565 2760 621 Totam
2791 566 2844 622 in
2874 582 2934 622 se
2972 565 3292 626 Corinthum
3323 571 3414 627 ille
3445 570 3699 638 habebat,
3733 585 3790 628 et

2196 654 2410 710 dicebat
2448 673 2461 709 :
2501 655 2802 712 Dilatamini
2844 667 2892 711 et
2941 674 3028 714 uos
3069 675 3088 714 :
3129 677 3230 714 non
3279 663 3334 716 in
3382 665 3620 732 angustia
3667 666 3788 718 estis

2197 746 2215 815 (
2245 744 2383 800 Ibid.
2402 762 2447 800 υ.
2493 748 2580 804 13.
2611 749 2680 805 12
2707 749 2751 816 ).
2789 748 2898 806 Sed
2927 749 3030 805 hoc
3060 766 3166 805 non
3195 768 3296 822 ego
3324 752 3504 810 dicere
3534 769 3746 824 possem
3771 773 3786 809 :

2196 850 2319 890 nam
2341 836 2478 892 bene
2503 839 2649 906 novi,
2681 838 2823 910 quod
2846 854 2940 894 vos
2963 855 3050 896 me
3069 840 3302 912 diligatis
3326 851 3382 898 et
3403 845 3649 913 capiatis.
3677 843 3785 900 Sed

2198 927 2326 998 quid
2354 929 2485 984 lucri
2518 931 2601 986 vel
2627 946 2694 986 ex
2721 947 2838 987 mea
2866 933 2950 988 vel
2977 948 3043 988 ex
3076 942 3253 990 vestra
3279 934 3524 1001 caritate,
3565 936 3784 1007 quando

2195 1035 2279 1085 ea,
2313 1036 2431 1091 quae
2454 1022 2546 1077 Dei
2568 1033 2714 1089 sunt,
2744 1026 2798 1078 in
2822 1026 2974 1080 vobis
2997 1041 3101 1081 non
3127 1037 3276 1082 recte
3299 1028 3627 1095 procedunt?
3649 1029 3786 1087 Hinc

2196 1113 2414 1181 majoris
2455 1129 2613 1169 causa
2641 1114 2862 1180 doloris,
2913 1117 3132 1186 majoris
3161 1119 3415 1188 perniciei
3451 1120 3683 1175 occasio.
3729 1120 3784 1176 In

2199 1205 2344 1259 nullo
2375 1220 2591 1275 possum
2615 1222 2711 1262 vos
2736 1207 2984 1264 incusare
3015 1228 3029 1263 :
3052 1208 3233 1263 Testor
3252 1211 3384 1263 enim
3407 1211 3566 1278 vobis,
3594 1212 3784 1282 quia,si

2196 1297 2308 1364 ﬁeri
2350 1298 2629 1366 potuisset,
2678 1299 2852 1355 oculos
2891 1310 3082 1354 uestros
3131 1301 3385 1356 eruissetis
3432 1313 3479 1356 et
3524 1303 3785 1358 dedissetis

2196 1391 2322 1443 mihi
2348 1389 2490 1463 (Gal.
2523 1391 2578 1447 4.
2611 1392 2721 1465 15).
2751 1393 2998 1450 Vicissim
3023 1393 3274 1449 daremus
3304 1411 3408 1449 non
3437 1396 3597 1450 modo
3621 1411 3784 1452 evan-

2194 1485 2410 1553 gelium,
2438 1485 2530 1540 sed
2563 1487 2722 1541 etiam
2751 1472 2959 1542 anima's
2995 1498 3223 1544 nostras.
3258 1490 3514 1543 Amatnur
3560 1501 3610 1544 et
3657 1491 3782 1545 red-

2196 1589 2438 1630 amamus
2462 1592 2475 1629 :
2502 1583 2558 1630 at
2578 1591 2683 1630 non
2711 1575 2814 1632 hoc
2841 1578 3116 1646 quaeritur.
3165 1581 3421 1634 Amemus
3447 1596 3578 1651 ergo
3617 1582 3781 1635 Chri-

2197 1679 2337 1724 stum
2371 1671 2584 1739 primo:
2613 1669 2841 1724 Primum
2884 1671 3080 1741 quippe
3117 1673 3414 1726 mandatum
3453 1685 3566 1728 est:
3591 1673 3784 1746 Diliges

2197 1759 2473 1816 Dominum
2505 1761 2665 1816 Deum
2701 1773 2867 1818 tuum.
2898 1763 3191 1835 Secundum
3229 1773 3395 1817 autem
3425 1764 3542 1818 huic
3576 1765 3741 1819 simile
3763 1781 3783 1819 :

2201 1853 2266 1908 Et
2297 1855 2585 1924 proximum
2619 1865 2762 1909 tuum
2804 1855 2934 1909 sicut
2961 1855 3173 1926 teipsum
3212 1854 3232 1926 (
3259 1854 3447 1910 Matth.
3478 1855 3566 1911 22.
3593 1856 3778 1911 37-39.

2199 1947 2364 2002 Marc.
2397 1948 2484 2003 12.
2517 1948 2628 2019 '50).
2669 1947 2970 2004 Secundum
3003 1958 3268 2014 tenemus,
3297 1949 3473 2020 primo
3517 1949 3670 2002 nobis
3696 1961 3779 2002 est

2197 2055 2362 2108 opus;
2407 2039 2580 2109 primo
2614 2034 2900 2093 admoduin
2947 2053 3085 2108 opus
3124 2048 3226 2102 est,
3269 2048 3326 2094 et
3363 2037 3493 2094 mibi
3523 2048 3578 2094 et
3607 2038 3782 2093 vobis.

2199 2130 2466 2184 Habemus
2507 2129 2656 2194 illud,
2683 2129 2775 2185 sed
2823 2145 2927 2184 non
2974 2139 3030 2184 ut
3074 2137 3365 2199 Oporteret.
3397 2130 3686 2202 Diligamns
3723 2131 3786 2184 il-

2201 2222 2306 2277 lum
2339 2241 2353 2277 :
2381 2223 2530 2278 scitis
2555 2231 2750 2292 quanta
2780 2222 3010 2292 reposita
3055 2222 3126 2277 sit
3151 2237 3357 2283 merces
3389 2223 3471 2286 iis,
3515 2223 3602 2293 qni
3631 2221 3784 2275 Chri-

2199 2323 2340 2368 stum
2369 2313 2598 2382 diligunt
2626 2331 2639 2366 :
2667 2327 2908 2368 amemus
2937 2312 3090 2368 illum
3115 2328 3238 2368 cum
3267 2311 3477 2368 fervore
3506 2313 3691 2379 animi,
3725 2323 3786 2368 ut

2199 2397 2315 2467 ejus
2342 2397 2711 2452 benevolentia
2739 2395 3004 2464 fruentes,
3032 2396 3311 2466 praesentis
3339 2396 3463 2452 vitae
3493 2407 3784 2465 tempesta-

2201 2497 2306 2542 tem
2347 2487 2632 2559 fugiamus,
2680 2496 2736 2543 et
2784 2488 3048 2558 promissa
3087 2487 3435 2559 diligentibus
3476 2502 3598 2543 eum
3645 2489 3784 2544 bona

2199 2578 2456 2648 consequi
2484 2577 2790 2648 dignemur,
2818 2579 2990 2650 gratia
3033 2588 3089 2634 et
3129 2579 3499 2634 misericordia
3529 2579 3787 2648 unigeniti

2200 2671 2319 2742 ejus
2344 2669 2486 2734 Filii,
2515 2670 2730 2741 quicum
2762 2671 2907 2727 Patri
2945 2679 3001 2727 et
3031 2670 3250 2741 Spiritui
3278 2680 3462 2726 sancto
3485 2671 3788 2741 gloria.im-

2201 2763 2432 2833 perium,
2475 2761 2672 2828 honor,
2700 2775 2842 2818 nunc
2879 2769 2936 2817 et
2971 2775 3206 2832 semper,
3234 2769 3290 2817 et
3319 2763 3372 2818 in
3401 2763 3595 2818 saecula
3624 2776 3784 2819 sicca.

2203 2852 2398 2908 lorum.
2431 2853 2626 2910 Amen.

3669 3014 3751 3025 η’.

1832 3063 2172 3126 HOMlLIA
2217 3063 2410 3125 XLV.

521 3213 651 3269 Car.
677 3211 768 3268 20.
796 3227 849 3266 v.
877 3209 967 3266 32.
996 3208 1062 3264 Et
1085 3223 1218 3264 nunc
1236 3250 1251 3276 ,
1283 3211 1468 3280 fratres
1485 3249 1502 3275 ,
1538 3205 1830 3262 commendo
1859 3221 1946 3259 vos
1991 3203 2102 3259 Deo

593 3313 643 3362 et
671 3304 814 3361 verba
837 3301 1014 3375 gratia
1048 3302 1227 3376 ipsius,
1264 3301 1354 3376 qui
1383 3308 1545 3373 potest
1582 3298 1839 3371 adi/icore
1857 3337 1874 3367 ,
1908 3305 1954 3353 et
1977 3298 2099 3354 dare

597 3398 917 3456 hereditatem
943 3397 1078 3450 vobis
1101 3397 1154 3449 in
1180 3395 1513 3462 sanctiﬁcatis
1553 3393 1806 3448 omnibus.

595 3490 647 3545 1.
679 3489 779 3544 Per
819 3490 1036 3560 gratiam
1079 3487 1296 3541 salutem
1351 3486 1724 3556 consequimur.
1756 3513 1826 3525 —
1853 3482 2006 3552 Quod
2051 3483 2104 3537 in

525 3581 795 3654 epistolis,
825 3581 926 3636 hoc
953 3591 1010 3636 et
1034 3580 1086 3634 in
1119 3579 1362 3634 consiliis
1386 3579 1496 3649 agit
1528 3597 1541 3632 :
1568 3578 1635 3632 ab
1661 3577 2026 3633 admonitione
2053 3578 2104 3631 in

524 3674 822 3730 orationem
851 3670 1068 3727 desinit.
1107 3669 1242 3738 Quia
1267 3670 1412 3725 enim
1443 3669 1565 3724 illos
1591 3668 1744 3723 valde
1770 3669 1992 3733 terruit,
2027 3667 2110 3722 di-

526 3779 655 3821 cens
689 3783 703 3816 :
730 3762 869 3834 Lupi
888 3778 1063 3834 graves
1083 3763 1136 3814 in
1163 3777 1250 3815 vos
1275 3760 1656 3832 ingredientur;
1697 3774 1767 3815 ne
1795 3767 2108 3814 consterna-

527 3865 611 3911 ret
659 3863 714 3910 et
759 3853 1008 3923 perderet
1061 3851 1307 3916 animos,
1361 3850 1486 3905 vide
1539 3849 1985 3906 consolationem.
2042 3849 2111 3904 Et

526 3961 698 4012 nunc,
752 3943 940 4016 inquit.
990 3943 1066 3999 Ita
1107 3941 1276 4008 dixit,
1323 3941 1449 3997 hinc
1504 3939 1799 3997 ostendens
1843 3955 1904 3997 se
1953 3941 2105 4012 quasi

529 4052 741 4106 semper
791 4036 893 4090 hoc
921 4049 1099 4106 agere.
1127 4031 1434 4089 Commendo
1478 4047 1599 4100 vos,
1645 4033 1861 4100 fratres,
1901 4030 2011 4086 Deo
2063 4041 2111 4085 et

530 4128 676 4182 uerbo
717 4127 897 4198 gratia
942 4126 1136 4197 ipsius,
1165 4125 1216 4179 id
1263 4133 1383 4191 est,
1414 4125 1599 4195 gratias
1646 4123 1784 4195 ejus.
1822 4127 1996 4196 Atque
2039 4125 2109 4178 ita

533 4219 668 4274 bene
695 4218 829 4272 dixit
857 4237 870 4271 :
901 4224 1120 4272 noverat
1148 4215 1291 4270 enim
1313 4255 1329 4280 ,
1355 4213 1498 4286 quod
1529 4216 1702 4286 gratia
1731 4215 1908 4271 salvos
1931 4214 2108 4269 faciat.

533 4310 861 4380 Frequenter
888 4309 1016 4380 ipsis
1045 4309 1266 4379 gratiam
1295 4317 1720 4374 commemorat,
1760 4314 1822 4363 ut
1841 4307 2113 4364 debitores

533 4403 880 4460 studiosiores
903 4401 1136 4457 reddens
1159 4411 1214 4456 et
1245 4399 1518 4456 conﬁdere
1546 4399 1797 4456 suadens.
1828 4399 1929 4467 Qui
1954 4409 2114 4470 potest

534 4508 620 4549 sos
641 4495 1069 4564 superadi/icare.
1089 4491 1204 4546 Non
1233 4490 1367 4546 dixit
1382 4529 1400 4557 ,
1423 4487 1745 4554 Edificare;
1772 4489 1890 4557 sed,
1919 4489 2115 4560 Super-

534 4587 828 4656 tedi/ieare,
883 4584 1176 4640 ostendens
1231 4583 1379 4653 ipsos
1435 4581 1547 4651 jam
1594 4581 1884 4638 aediﬁcatus
1928 4581 2109 4638 luisse.

539 4679 737 4734 Deinde
770 4676 961 4732 futurae
1007 4675 1121 4746 spei
1166 4673 1410 4729 meminit
1451 4672 1680 4730 dicens:
1712 4670 1778 4726 Et
1817 4672 1940 4727 dare
1979 4673 2116 4728 vobis

535 4772 856 4827 hereditatem
897 4772 951 4825 in
999 4768 1326 4839 sanetiﬁcatis
1369 4766 1620 4822 omnibus.
1667 4766 1856 4822 Postea
1902 4781 2114 4822 rursum

536 4863 828 4920 admonitio
873 4881 887 4916 :
941 4863 1031 4917 33.
1073 4863 1386 4933 Argentum,
1427 4861 1624 4932 inquit,
1666 4860 1744 4914 vel
1785 4875 1968 4914 aurum
1994 4901 2010 4925 ,
2040 4862 2119 4916 "uel

537 4967 719 5011 uestem
761 4953 953 5009 nullius
997 4954 1274 5023 concupiui.
1321 4952 1574 5008 Radicem
1624 4951 1884 5006 malorum
1938 4950 2114 5016 tollit,

539 5046 833 5099 avaritiam.
868 5043 1148 5114 Argentum
1173 5082 1189 5108 ,
1220 5043 1420 5112 inquit,
1448 5043 1524 5096 uel
1571 5058 1772 5095 aurum.
1805 5040 1919 5095 Non
1949 5041 2081 5095 dixit
2100 5081 2116 5104 ,

546 5135 660 5190 Non
723 5135 937 5204 accepi,
989 5131 1084 5187 sed
1106 5173 1121 5198 ,
1173 5130 1352 5202 Neque
1393 5132 1677 5203 concupiui.
1721 5132 1968 5187 Nondum
2017 5131 2122 5186 hoc

542 5243 790 5298 iiiagnnm
820 5235 934 5290 est,
977 5223 1071 5279 sed
1117 5223 1262 5293 quod
1310 5225 1550 5293 sequitur
1588 5239 1859 5296 magnum.
1899 5224 1989 5280 34.
2020 5221 2122 5278 Vos

541 5321 710 5385 scitis,
737 5318 857 5388 quia
882 5314 1256 5370 necessitatibus
1283 5315 1408 5370 meis
1433 5325 1479 5370 et
1501 5316 1595 5382 iis,
1622 5319 1706 5386 qui
1747 5333 1942 5370 mecum
1964 5326 2081 5370 sunt
2102 5357 2120 5383 ,

542 5410 952 5463 ministraverunt
997 5421 1176 5460 manus
1214 5405 1344 5460 ista.
1387 5406 1477 5462 35.
1509 5406 1694 5460 Omnia
1720 5406 1916 5461 ostendi
1948 5407 2085 5462 vobis
2107 5445 2121 5470 ,

542 5499 782 5567 quoniam
799 5500 873 5551 sic
897 5496 1180 5551 laborantes
1203 5504 1398 5565 oportet
1422 5495 1672 5564 suscipere
1716 5495 1968 5562 inﬁrmos.
1997 5495 2126 5552 Vide

545 5588 696 5645 illum
721 5600 886 5660 Opere
921 5602 1174 5643 manuum
1207 5593 1465 5654 utentem,
1495 5599 1595 5642 nec
1622 5586 1831 5654 leviter,
1863 5585 1957 5642 sed
1986 5587 2128 5642 labo-

552 5685 784 5734 rantem.
811 5677 1208 5736 Necessitatibus
1249 5678 1372 5734 meis
1399 5687 1447 5734 et
1471 5678 1537 5737 iis
1561 5719 1578 5747 ,
1621 5677 1709 5748 qui
1754 5693 1946 5733 meeum
1973 5688 2126 5748 sunt,

2209 3205 2624 3260 ministraverunt
2665 3222 2846 3262 manus
2878 3207 3009 3264 istae.
3047 3206 3159 3264 Hoc
3200 3208 3539 3264 admonendo
3579 3209 3791 3266 dicitur.

2209 3296 2277 3355 Et
2307 3297 2428 3355 vide
2453 3312 2574 3356 cum
2611 3308 2808 3372 quanta
2854 3298 3155 3374 dignitate;
3205 3316 3310 3358 non
3351 3302 3494 3358 enim
3524 3302 3690 3366 dixit,
3725 3305 3798 3360 Ut

2211 3394 2450 3462 pecuniis
2478 3394 2782 3462 superiores
2813 3393 2954 3460 sint;
2982 3393 3077 3449 sed
3123 3393 3294 3466 quid?
3330 3395 3602 3466 Suscipere
3649 3396 3797 3465 inﬁr-

2210 3501 2337 3540 mos.
2365 3484 2480 3540 Non
2506 3485 2673 3554 dixit,
2704 3484 2905 3542 Omnes
2935 3527 2950 3551 ,
2982 3485 3110 3552 sed,
3139 3484 3404 3556 lnﬁrmos.
3444 3486 3513 3541 Et
3541 3487 3798 3544 recordari

2212 3576 2345 3629 uerbi
2396 3575 2639 3645 Domini,
2669 3577 2807 3646 quod
2840 3576 2973 3632 dixit
3017 3592 3039 3631 .'
3076 3574 3284 3632 Beatius
3330 3586 3403 3631 est
3443 3577 3598 3643 dare,
3645 3594 3800 3648 quam

2213 3667 2460 3735 accipere.
2505 3667 2584 3722 Ne
2609 3668 2728 3738 quis
2757 3677 2968 3739 putaret
2992 3667 3058 3723 ad
3090 3667 3213 3724 illos
3238 3669 3438 3724 dictum
3466 3683 3587 3726 esse
3609 3710 3626 3735 ,
3659 3680 3712 3724 et
3739 3685 3800 3725 se

2212 3759 2487 3828 exemplar
2529 3757 2635 3815 illis
2671 3757 2830 3823 dare,
2871 3769 2931 3815 ut
2971 3759 3095 3814 alibi
3135 3759 3210 3816 ait
3250 3777 3265 3814 :
3301 3759 3577 3830 Exemplar
3621 3760 3800 3816 dantes

2213 3850 2351 3904 uobis
2383 3847 2658 3923 (Philipp.
2691 3850 2744 3904 3.
2778 3849 2904 3920 17);
2934 3849 3114 3906 subdit
3135 3852 3455 3906 sententiain
3489 3852 3684 3906 Christi
3711 3852 3800 3906 div

2214 3939 2383 3996 centis
2407 3957 2423 3995 :
2447 3939 2654 3995 Beatius
2673 3951 2745 3996 est
2769 3940 2911 4006 dare,
2935 3957 3089 4010 quam
3115 3943 3360 4013 accipere.
3386 3943 3568 3996 Oravit
3587 3957 3802 4014 quoque

2215 4049 2377 4104 super
2418 4033 2524 4089 illis
2553 4048 2812 4100 monens,
2854 4033 3094 4104 illudque
3118 4048 3284 4106 opere
3313 4035 3567 4092 ostendit.
3611 4035 3700 4092 '36.
3734 4034 3803 4090 Et

2214 4139 2330 4176 cum
2368 4124 2478 4178 haec
2519 4125 2762 4188 dixisset,
2808 4124 2983 4195 positis
3011 4125 3223 4196 genibus
3265 4141 3381 4179 cum
3423 4123 3653 4179 omnibus
3699 4115 3802 4180 illis

2216 4218 2394 4272 orauit.
2418 4216 2601 4272 Oravit
2625 4259 2641 4283 ,
2669 4233 2776 4272 non
2808 4227 3095 4286 utcumque
3114 4258 3129 4281 ,
3157 4217 3252 4272 sed
3281 4232 3401 4272 cum
3439 4218 3604 4272 multa
3643 4232 3797 4272 com-

2216 4307 2526 4377 punctione.
2558 4307 2744 4376 Magna
2771 4307 3101 4372 consolatio;
3130 4317 3186 4363 et
3225 4323 3346 4362 cum
3374 4307 3610 4374 diceret,
3642 4309 3800 4364 Com-

2217 4398 2398 4453 mendo
2427 4413 2512 4453 σοι
2543 4397 2795 4465 Domino,
2826 4397 3226 4455 consolabatur.
3267 4399 3356 4453 37.
3390 4399 3609 4470 Magnus
3634 4410 3802 4455 autem

2218 4493 2366 4562 fletus
2397 4493 2562 4563 factus
2584 4499 2656 4546 est
2685 4491 2983 4552 omniunnet
3009 4491 3389 4560 procumbentes
3422 4503 3578 4560 super
3617 4491 3806 4545 collum

2225 4581 2395 4647 Pauli,
2417 4583 2775 4637 osculabantur
2795 4597 2931 4648 eum,
2957 4581 3046 4638 38.
3061 4580 3302 4649 dolentes,
3328 4582 3547 4637 utaxime
3565 4581 3616 4636 in
3639 4583 3805 4643 uerbo.

2217 4677 2353 4747 quod
2390 4676 2630 4740 dixerat,
2675 4675 2813 4748 quod
2859 4674 3084 4746 amplius
3125 4676 3306 4746 {aciem
3342 4677 3452 4747 ejus
3494 4691 3598 4730 non
3645 4685 3810 4730 essent

2219 4769 2393 4822 visuri.
2431 4767 2495 4823 Et
2539 4769 2854 4824 deducebant
2891 4784 3004 4822 eum
3042 4766 3112 4822 ad
3145 4784 3341 4826 navem.
3375 4767 3557 4833 Dixit,
3602 4766 3810 4820 Veniant

2221 4860 2333 4928 lupi
2376 4877 2551 4932 graves
2569 4878 2588 4926 ;
2634 4859 2805 4926 dixit,
2841 4857 3065 4914 Mundus
3093 4875 3185 4929 ego
3226 4875 3337 4914 sum
3365 4877 3396 4912 a
3424 4861 3670 4929 sanguine
3698 4874 3809 4912 om-

2223 4951 2406 5004 nium:
2435 4950 2548 5005 lucc
2571 4959 2799 5021 utraque
2827 4951 3103 5016 terribilia,
3135 4965 3254 5020 quae
3280 4961 3498 5021 possent
3520 4964 3810 5005 maerorem

2223 5043 2450 5109 afferre;
2500 5043 2730 5098 maxime
2757 5051 2935 5097 autem
2975 5042 3076 5098 hoc
3102 5043 3340 5098 omnium
3371 5057 3466 5098 eos
3502 5042 3806 5107 cruciabat,

2223 5132 2364 5202 quod
2395 5131 2702 5197 audissent,
2729 5147 2790 5188 se
2827 5148 2932 5189 non
2974 5133 3113 5189 ultra
3136 5134 3346 5189 visuros
3369 5133 3542 5204 ipsum
3570 5147 3691 5188 esse
3719 5149 3733 5185 :
3757 5142 3813 5188 et

2226 5221 2351 5276 hinc
2373 5237 2508 5293 agon
2537 5223 2903 5293 gravissimus.
2933 5222 3295 5290 Deduccbant,
3329 5224 3538 5295 inquit,
3570 5223 3716 5277 illum
3741 5224 3810 5276 ad

2226 5328 2425 5368 nauem.
2453 5313 2544 5370 Sic
2561 5313 2814 5370 amabant
2836 5315 3007 5381 illum,
3029 5315 3108 5370 sic
3126 5314 3301 5372 aﬂ'ecti
3323 5330 3444 5386 erga
3464 5314 3614 5370 illum
3635 5324 3813 5370 erant.

2229 5401 2382 5475 (Cap.
2413 5400 2522 5468 2|.)
2557 5405 2611 5459 1.
2642 5403 2769 5460 Cum
2796 5415 2965 5460 autem
2989 5405 3182 5475 factum
3209 5415 3356 5472 esset,
3383 5415 3437 5459 ut
3463 5405 3813 5476 navigaremus

2230 5497 2474 5550 abstracti
2498 5497 2560 5550 ab
2597 5499 2689 5566 eis,
2717 5509 2852 5553 recto
2876 5515 3026 5554 cursu
3053 5499 3275 5552 uenimus
3299 5499 3484 5566 Coum,
3515 5509 3561 5552 et
3590 5500 3816 5569 sequenti

2231 5589 2314 5642 die
2352 5585 2626 5656 Rhodum,
2680 5602 2728 5644 et
2779 5590 2900 5644 inde
2943 5589 3208 5644 Pataram.
3249 5589 3302 5645 2.
3336 5589 3406 5645 Et
3452 5591 3654 5646 inventa
3702 5595 3817 5646 naui

2233 5682 2515 5752 trajiciente
2535 5683 2587 5737 in
2617 5681 2890 5740 Phanicen
2905 5723 2926 5758 ,
2953 5699 3010 5738 ea
3033 5697 3304 5738 conscensa
3341 5684 3599 5740 soluimus.
3627 5683 3682 5740 3.
3710 5675 3809 5740 Ubi
