4148 6152
364 266 466 322 315

361 388 529 431 autem
554 374 795 447 apparuit
822 370 1040 442 Cyprus,
1073 370 1247 424 relicta
1273 365 1365 422 illa
1390 363 1456 417 ad
1482 362 1758 427 sinistram,
1791 359 1935 414 navi-

363 487 541 542 gamus
566 469 618 522 in
646 468 886 538 Syriam,
918 476 964 518 et
991 463 1214 517 venimus
1251 457 1465 530 Tyrum.
1498 453 1628 510 Vide
1657 472 1670 508 :
1700 452 1846 508 venit
1886 451 1938 505 in

364 561 608 631 Lyciam,
639 567 695 613 et
730 555 1010 626 .trajiciens
1039 554 1092 607 in
1124 550 1412 607 Plitenicen
1435 589 1451 614 ,
1496 545 1684 603 relicta
1730 544 1936 615 Cypro,

364 654 565 724 Tyrum
622 648 922 718 navigavit;
968 658 1093 700 nam
1121 642 1231 698 illic
1259 640 1409 695 navis
1436 634 1775 694 exoneranda
1802 641 1939 691 erat.

366 744 492 799 llaec
532 755 693 796 causa
733 738 834 794 fuit
861 753 957 793 cur
985 734 1188 806 Tyrum
1226 733 1382 789 irent.
1414 730 1466 785 4.
1509 726 1735 783 Inventis
1775 733 1944 779 autem

365 833 647 904 discipulis,
673 830 950 884 mansimus
974 826 1043 881 ibi
1071 824 1243 879 diebus
1266 829 1455 894 septem
1480 836 1498 875 :
1519 818 1604 890 qui
1621 817 1788 873 Paulo
1806 815 1947 870 dice-

372 925 491 979 bant
518 939 609 995 per
634 922 914 994 Spiritum,
944 933 1009 972 ne
1031 914 1319 971 ascenderet
1351 910 1749 981 Jerosolymam.
1776 905 1942 969 Vide,

369 1015 696 1085 prophetam
721 1012 795 1067 illi
819 1008 1158 1065 alﬂictiones.
1189 1003 1468 1060 Provisum
1510 1009 1691 1056 autem
1721 996 1849 1063 fuit,
1892 1003 1948 1049 ut

368 1116 425 1163 et
452 1107 527 1162 illi
553 1105 837 1167 dicerent,
883 1116 951 1157 ne
989 1099 1109 1170 quis
1151 1104 1360 1169 putaret
1403 1093 1520 1149 haec
1553 1090 1749 1147 frustra
1775 1096 1829 1143 et
1861 1088 1947 1158 ja-

377 1197 552 1254 ctandi
575 1210 735 1252 causa
752 1193 972 1250 Paulum
994 1191 1212 1247 dixisse.
1232 1189 1429 1244 lterum
1456 1192 1635 1240 autem
1661 1182 1767 1236 illic
1791 1194 1951 1234 oran-

374 1301 474 1353 tes,
503 1302 561 1344 se
586 1297 771 1341 mutuo
800 1284 1152 1353 reliquerunt.
1181 1279 1234 1335 5.
1264 1276 1330 1332 Et
1368 1274 1577 1347 expletis
1610 1272 1785 1326 diebus
1826 1285 1949 1340 pro-

376 1380 495 1451 fecti
519 1378 727 1433 ibamus
748 1418 764 1443 ,
794 1373 1154 1430 deducentibus
1179 1387 1271 1427 nos
1293 1368 1524 1423 omnibus
1560 1380 1674 1420 cum
1710 1362 1951 1418 uxoribus

372 1450 421 1524 et
440 1468 561 1539 ﬁliis
586 1484 743 1539 usque
766 1470 906 1539 foras
933 1465 1181 1518 civitatem
1206 1477 1224 1517 :
1255 1469 1304 1516 et
1331 1458 1508 1530 positis
1537 1457 1590 1511 in
1620 1456 1786 1509 littore
1809 1450 1954 1524 geni-

372 1561 463 1614 bus
512 1559 781 1613 oravimus.
825 1555 878 1613 6.
932 1553 1001 1610 Et
1059 1569 1175 1607 cum
1240 1548 1642 1621 valefecissemus
1707 1544 1951 1608 invicem,

377 1650 693 1704 ascendimus
721 1648 774 1701 in
814 1645 980 1701 navim
1018 1662 1036 1699 :
1068 1642 1148 1699 illi
1175 1658 1290 1698 vero
1331 1639 1587 1694 redierunt
1629 1637 1698 1692 ad
1724 1635 1950 1707 propria.

377 1744 429 1796 7.
464 1742 574 1797 Nos
601 1753 772 1799 autem
809 1738 1128 1811 navigatione
1159 1736 1358 1806 expleta
1385 1750 1416 1787 a
1445 1731 1578 1802 Tyro
1606 1729 1955 1784 descendimus

305 1900 309 1905 θ
377 1834 745 1890 Ptolemaida»:
765 1850 785 1899 ;
809 1841 858 1887 et
881 1829 1111 1888 salutatis
1136 1828 1401 1901 fratribus,
1428 1824 1706 1879 mansimus
1729 1821 1812 1874 die
1853 1836 1955 1874 uno

378 1926 518 1994 apud
538 1925 673 1979 illos.
705 1924 761 1982 8.
789 1921 1031 1997 Sequenti
1059 1936 1175 1975 vero
1201 1918 1283 1973 die
1306 1916 1519 1988 profecti
1545 1914 1768 1969 venimus
1790 1910 1959 1967 Cresa-

376 2032 536 2084 ream,
581 2024 629 2070 et
656 2014 872 2085 ingressi
904 2014 957 2080 in
984 2012 1190 2067 domum
1229 2007 1462 2078 Philippi
1486 2004 1806 2075 evangelista:
1824 2043 1841 2069 ,
1873 2002 1956 2071 qui

379 2118 485 2162 erat
504 2124 636 2163 unus
660 2122 725 2163 ea:
749 2114 960 2178 septem,
978 2103 1257 2165 mansimus
1279 2101 1419 2170 apud
1438 2098 1602 2153 illum.
1635 2096 1955 2160 Caesaream,

384 2199 574 2269 inquit,
606 2197 904 2261 venientes,
934 2194 1073 2264 apud
1103 2192 1428 2260 Philippum,
1461 2187 1550 2259 qui
1579 2195 1698 2242 erat
1719 2200 1854 2241 unus
1892 2200 1959 2241 ex

380 2298 613 2357 septem,
635 2286 951 2341 mansimus.
975 2283 1030 2339 9.
1062 2281 1199 2336 Huic
1224 2291 1393 2335 autem
1417 2288 1558 2333 eram
1593 2286 1808 2347 quatuor
1836 2275 1960 2345 filia:

383 2378 768 2447 propltetantes.
805 2375 909 2432 Sed
956 2389 1062 2430 non
1106 2373 1223 2429 ista:
1265 2370 1562 2441 praedicunt
1600 2366 1765 2424 Paulo
1788 2408 1803 2433 ,
1836 2366 1962 2420 licet

386 2469 789 2540 prophetarent,
819 2468 919 2523 sed
942 2466 1159 2538 Agahns
1183 2481 1196 2517 :
1228 2471 1284 2521 et
1306 2461 1574 2534 quomodo
1605 2459 1749 2517 audi.
1779 2458 1866 2516 10.
1895 2457 1962 2512 Et

386 2576 501 2613 cum
531 2575 842 2615 maneremus
865 2574 955 2629 per
987 2558 1094 2612 dies
1131 2556 1356 2625 aliquot,
1384 2553 1514 2608 venit
1540 2569 1572 2604 a
1607 2551 1793 2605 Judcea
1834 2565 1960 2618 pro-

384 2656 535 2725 pheta
555 2696 569 2720 ,
615 2653 814 2707 nomine
862 2649 1062 2720 Agabus
1090 2665 1109 2703 :
1141 2649 1227 2705 11.
1259 2658 1305 2701 et
1336 2661 1449 2700 cum
1490 2647 1700 2701 venisset
1725 2643 1793 2697 ad
1837 2658 1957 2710 nos,

384 2747 495 2801 tulit
520 2760 701 2799 zonam
724 2741 911 2797 Pauli:
927 2751 974 2797 et
993 2741 1210 2813 alligans
1230 2738 1324 2794 sibi
1348 2739 1498 2809 pedes
1516 2746 1561 2792 et
1578 2753 1772 2803 manus,
1797 2736 1924 2790 dixit
1943 2753 1961 2788 :

387 2837 511 2893 Hac
537 2837 657 2891 dicit
688 2835 908 2906 Spiritus
931 2844 1134 2890 sanctus
1158 2849 1175 2886 :
1206 2830 1401 2899 Virum,
1422 2832 1564 2902 cujus
1584 2839 1657 2886 est
1679 2846 1808 2884 sana
1833 2830 1959 2897 lucc,

390 2932 462 2982 sic
487 2926 770 2999 alligabunt
797 2927 848 2980 in
874 2922 1158 2979 Jerusalem
1182 2921 1376 2987 Iudici,
1409 2932 1455 2976 et
1485 2908 1682 2974 tradent
1702 2921 1753 2973 in
1784 2936 1962 2974 manus

381 3016 742 3089 gentium.Qui
763 3016 890 3071 olim
912 3014 1102 3069 famem
1131 3013 1574 3084 prmdixerat,hic
1600 3012 1674 3065 ait
1702 3027 1715 3064 :
1758 3010 1958 3076 Virum,

386 3111 533 3180 cujus
572 3118 643 3162 est
688 3123 819 3161 zona
861 3106 999 3172 haec,
1036 3106 1108 3160 sic
1150 3105 1448 3175 alligabunt.
1493 3103 1647 3172 Quod
1691 3101 1964 3175 propheta:

388 3199 684 3263 faciebant,
715 3198 886 3253 oculis
923 3196 1099 3253 futura
1129 3196 1491 3252 describentes
1519 3239 1532 3264 ,
1555 3212 1676 3252 cum
1707 3196 1774 3251 de
1798 3197 1965 3266 capti-

388 3291 549 3343 vitate
570 3289 819 3344 dicebant
845 3300 901 3344 ut
926 3288 1171 3345 Ezechiel
1196 3306 1212 3342 :
1244 3290 1344 3343 hoc
1363 3296 1420 3343 et
1444 3288 1543 3343 iste
1566 3287 1707 3349 fecit.
1736 3288 1797 3343 Et
1823 3286 1963 3357 quod

385 3397 544 3451 grave
574 3392 728 3438 erat:
758 3380 824 3436 In
858 3385 1038 3437 manus
1060 3381 1284 3453 gentium
1314 3381 1532 3435 tradent.
1569 3380 1653 3434 l2.
1681 3379 1830 3447 Quod
1852 3396 1965 3433 cum

392 3476 739 3538 audissemus,
771 3473 1075 3544 rogabamus
1103 3488 1195 3526 nos
1220 3480 1268 3526 et
1294 3471 1381 3543 qui
1410 3469 1508 3525 loci
1536 3469 1675 3524 illius
1703 3478 1873 3533 erant,
1905 3485 1967 3523 ne

388 3565 674 3619 ascenderet
703 3564 1094 3634 Jerosolgmam.
1131 3564 1194 3617 Et
1222 3562 1372 3616 multi
1403 3561 1645 3623 orabunt,
1676 3575 1744 3616 ne
1771 3561 1962 3625 abiret,

390 3671 560 3724 ineque
585 3655 663 3709 sic
687 3654 907 3709 audivit.
954 3655 1039 3709 15.
1074 3652 1357 3722 Respondit
1381 3668 1497 3707 vero
1522 3650 1720 3707 Paulus
1761 3668 1779 3707 :
1831 3652 1966 3719 Quid

395 3747 566 3816 facitis
589 3745 765 3813 ﬂentes
792 3754 838 3799 et
878 3743 1149 3814 afﬂigentes
1175 3758 1263 3797 cor
1289 3758 1452 3796 meum
1470 3743 1497 3796 7
1535 3741 1646 3812 Ego
1686 3741 1817 3794 enim
1867 3757 1967 3794 non

389 3838 554 3891 solum
582 3837 819 3907 alligari,
870 3835 959 3890 sed
997 3835 1151 3889 etiam
1189 3836 1318 3890 mori
1347 3835 1401 3889 in
1425 3832 1713 3888 Jerusalem
1760 3844 1967 3904 paratus

389 3946 498 3983 sum
526 3945 617 3997 pro
645 3930 846 3983 nomine
871 3927 1080 3983 Domini
1107 3926 1255 3985 Iesu.
1287 3929 1376 3983 M.
1406 3926 1473 3980 Et
1514 3943 1630 3981 cum
1667 3926 1713 3980 ei
1755 3925 1968 3980 suadere

391 4034 492 4074 non
534 4035 791 4089 possemus
814 4060 830 4083 ,
874 4018 1151 4089 quievimus
1174 4018 1440 4073 dicentes:
1470 4016 1717 4072 Voluntas
1759 4015 1967 4071 Domini

388 4113 501 4180 ﬁat.

456 4205 512 4259 2.
557 4203 759 4260 Vides?
796 4204 866 4262 Ut
890 4220 957 4260 ne
978 4204 1202 4271 audiens
1217 4213 1370 4276 putes
1393 4221 1458 4261 ex
1489 4206 1810 4261 necessitate
1836 4206 1967 4262 illud

388 4311 530 4361 esse,
560 4295 818 4366 Alligatus
842 4294 1045 4368 Spiritu
1069 4298 1240 4362 vado;
1267 4312 1406 4354 neve
1435 4298 1607 4368 ipsum
1639 4298 1969 4369 ignorantem

390 4386 641 4441 incidisse
667 4386 889 4452 eredas;
922 4387 1043 4443 ideo
1069 4387 1186 4443 huic
1224 4388 1604 4457 praedicuntur.
1640 4390 1710 4443 At
1753 4388 1826 4444 illi
1854 4393 1969 4458 qui-

388 4474 513 4531 dem
542 4475 735 4532 ﬂebam
763 4491 778 4541 ἶ
810 4475 900 4530 hic
929 4491 1056 4532 vero
1084 4477 1461 4533 consolabatur
1483 4477 1673 4533 dolens
1698 4479 1766 4533 de
1792 4479 1969 4549 lacry:

390 4566 493 4621 mis
529 4581 739 4622 eorum.
786 4564 924 4629 Quid
959 4567 1149 4636 facitis,
1181 4566 1374 4636 inquit,
1403 4568 1583 4637 ﬂentes
1613 4575 1657 4621 et
1699 4568 1970 4638 aﬂligentes

390 4675 480 4713 cor
506 4673 673 4711 meum
702 4657 727 4709 .9
750 4655 896 4712 Nihil
934 4656 1099 4712 Paulo
1124 4658 1389 4712 amantius
1418 4673 1433 4711 :
1463 4660 1586 4728 quia
1618 4656 1971 4728 lacrymantes

390 4749 606 4805 videbat
626 4791 641 4815 ,
670 4748 919 4816 dolebat,
950 4750 1039 4820 qui
1069 4751 1120 4805 in
1162 4749 1392 4820 propriis
1418 4750 1797 4806 tentationibus
1838 4750 1971 4806 nihil

393 4839 710 4911 patiebatur.
732 4839 816 4896 Ile
856 4840 910 4896 in
949 4839 1052 4899 hoc
1075 4840 1268 4897 lceditis
1290 4883 1306 4909 ,
1336 4840 1542 4912 inquit:
1577 4841 1830 4911 numquid
1872 4856 1971 4912 ego

390 4930 551 4984 doleo
572 4929 598 4982 ?
626 4928 776 4987 Tunc
803 4930 1161 5002 quieverunt,
1190 4930 1403 5002 quando
1435 4930 1605 4987 dixit:
1643 4930 1779 4999 Quid
1804 4933 1971 5003 facitis

390 5022 661 5092 afﬂigenles
687 5038 778 5076 car
807 5022 1017 5078 meum?
1045 5020 1217 5094 Super
1245 5023 1394 5078 vobis
1424 5022 1608 5093 ploro,
1636 5023 1826 5094 inquit,
1861 5039 1965 5078 non

391 5127 552 5182 super
584 5113 919 5182 lmssionibus
963 5115 1099 5169 meis
1132 5133 1144 5168 :
1178 5129 1274 5184 pro
1304 5113 1410 5169 illis
1437 5116 1598 5169 etiam
1640 5114 1778 5170 mori
1825 5115 1966 5169 volo.

391 5206 498 5263 Sed
523 5221 683 5277 supra
723 5207 863 5262 dicta
894 5217 1216 5277 repetamus.
1246 5207 1522 5279 Argentum
1558 5207 1634 5261 vel
1674 5223 1854 5261 aurum
1893 5208 1970 5262 vel

390 5299 796 5369 vestemmullius
821 5299 1084 5367 concupiui
1107 5340 1125 5367 ,
1155 5299 1326 5369 inquit
1352 5314 1367 5353 :
1395 5313 1481 5352 vos
1517 5298 1692 5363 scitis,
1721 5297 1840 5367 quia
1878 5313 1969 5351 ue-

389 5389 706 5446 cessitatibus
733 5395 855 5445 meis
879 5398 929 5445 et
953 5391 1038 5457 iis,
1068 5390 1154 5461 qui
1176 5405 1370 5444 mecum
1393 5397 1531 5454 sunt,
1562 5388 1970 5443 ministraverunt

395 5494 575 5533 manus
594 5481 724 5536 isne.
753 5481 867 5535 Non
898 5496 1025 5550 ergo
1043 5479 1286 5537 Corinthi
1312 5489 1515 5536 tantum
1556 5479 1656 5535 hoc
1682 5476 1921 5534 fecerunt
1949 5516 1966 5541 ,

390 5570 482 5637 qui
511 5574 927 5640 corrumpebant
951 5573 1259 5643 discipulos,
1280 5571 1374 5628 sed
1402 5573 1560 5628 etiam
1583 5571 1636 5626 in
1664 5569 1814 5625 Asia.
1835 5567 1972 5622 Nus-

394 5676 552 5727 quam
598 5664 700 5718 hoc
748 5664 991 5732 Ephesiis
1035 5666 1377 5735 improperat.
1422 5662 1643 5731 Quare?
1685 5660 1821 5729 Quia
1863 5674 1969 5716 non

1000 258 1056 314 S.
1096 251 1373 312 JOANNIS
1408 247 1884 307 CliRYSOSTOMl
1923 245 2239 303 ARCIIIEP.
2284 242 2815 300 CUNSTANTINOP.

3521 241 3627 296 316

2053 356 2235 411 incidit
2265 355 2320 410 in
2356 353 2746 410 necessitatem.
2787 350 2891 408 Sed
2920 359 2975 406 et
2996 349 3284 406 Corinthiis
3310 350 3476 406 dicit:
3503 351 3627 409 Non

2046 446 2265 516 infracta
2290 454 2363 500 est
2386 444 2622 513 gloriatio
2649 457 2758 497 mea
2783 443 2836 496 in
2856 440 3144 512 regionibus
3172 441 3381 495 Achaiae
3403 442 3480 510 (2.
3506 444 3626 498 Cor.

2049 539 2136 593 11.
2168 538 2236 592 10
2259 534 2299 608 ).
2330 534 2437 591 Nec
2461 533 2616 600 dixit,
2630 532 2748 590 Non
2775 531 2999 588 dedistis
3021 531 3184 598 mihi;
3213 532 3329 593 sed,
3352 531 3633 603 Argentum

2048 630 2124 683 vel
2147 644 2330 683 aurum
2359 627 2435 683 vel
2473 633 2653 682 vestem
2691 640 2793 678 non
2836 623 3135 692 concupiui;
3179 638 3247 678 ne
3275 622 3551 678 videretur
3578 625 3631 678 id

2049 734 2169 776 esse
2197 735 2283 786 eo,
2306 718 2449 788 quod
2477 718 2552 773 illi
2582 730 2686 772 non
2709 715 3006 770 dedissent.
3030 713 3214 784 Neque
3240 713 3395 779 dixit,
3426 713 3633 769 Nullius

2049 811 2327 880 concupivi
2356 808 2694 872 necessaria;
2725 816 2784 861 ut
2809 822 2877 863 ne
2904 805 3177 860 videretur
3207 805 3478 860 accusatio
3510 806 3630 859 illo-

2051 917 2167 957 rum
2189 916 2309 957 esse
2330 918 2346 959 ;
2377 900 2471 956 sed
2499 899 2628 955 illud
2646 897 2976 964 subindicat,
3007 912 3067 952 se
3085 896 3206 967 jure
3226 912 3335 953 non
3356 898 3632 967 accepisse

2051 992 2139 1062 qui
2174 1001 2229 1047 et
2257 992 2391 1046 alios
2420 990 2667 1045 nutriret.
2696 988 2832 1044 Vide
2857 1002 3016 1059 quam
3054 987 3295 1043 studiose
3320 996 3635 1057 Operaretur

2052 1094 2207 1140 nocte
2233 1092 2286 1138 et
2314 1083 2401 1138 die
2425 1082 2738 1152 colloquens
2761 1095 2883 1135 cum
2928 1079 3181 1150 lacrymis
3210 1121 3226 1147 ,
3256 1080 3496 1151 singulos
3535 1082 3631 1136 ad-

2054 1191 2294 1231 monens.
2318 1175 2502 1230 Omnia
2523 1175 2717 1230 ostendi
2738 1174 2894 1239 vobis,
2918 1173 3111 1243 inquit,
3141 1173 3378 1242 quoniam
3398 1174 3472 1228 sic
3494 1174 3634 1229 labo-

2054 1280 2221 1324 rantes
2249 1278 2444 1338 oportet
2481 1268 2737 1335 suscipere
2777 1267 3027 1335 inﬁrmos.
3071 1265 3184 1320 Hoc
3210 1280 3333 1320 cum
3361 1266 3585 1321 dixisset
3614 1306 3631 1332 ,

2054 1363 2245 1418 iterum
2275 1361 2516 1416 timorem
2541 1357 2780 1414 incussit.
2803 1357 2918 1413 Hoc
2934 1364 3112 1412 autem
3135 1355 3333 1411 indicat
3354 1376 3370 1410 -.
3391 1355 3509 1413 Non
3536 1373 3633 1427 po-

2058 1455 2207 1510 testis
2224 1453 2291 1508 ad
2312 1452 2661 1523 ignorantiam
2689 1449 2979 1520 confugere
3004 1465 3019 1502 :
3046 1449 3298 1520 operibus
3324 1449 3534 1505 ostendi
3556 1450 3633 1504 sie

2058 1557 2307 1616 oportere
2323 1546 2582 1600 laborare.
2601 1543 2711 1599 Nec
2727 1542 2867 1598 dixit
2881 1542 3078 1597 malum
3089 1557 3209 1597 esse
3225 1542 3498 1613 accipere;
3515 1543 3633 1607 sed,

2058 1638 2249 1693 melius
2277 1652 2398 1693 esse
2428 1653 2532 1691 non
2563 1636 2828 1705 accipere.
2858 1632 3110 1689 Memores
3139 1649 3266 1698 esse,
3300 1634 3493 1704 inquit,
3523 1650 3635 1688 ser-

2060 1730 2219 1783 monis
2237 1727 2480 1795 Domini,
2504 1743 2653 1797 quem
2675 1727 2802 1780 dixit
2825 1742 2844 1780 :
2873 1725 3077 1781 Beatius
3102 1733 3174 1780 est
3199 1725 3342 1793 dare,
3371 1742 3522 1796 quam
3545 1742 3634 1780 ac-

2059 1821 2241 1890 cipere.
2275 1819 2339 1874 Et
2373 1818 2586 1873 ubinam
2610 1817 2787 1873 dixit?
2814 1817 2974 1873 Forte
3008 1816 3136 1872 illud
3162 1817 3277 1873 sine
3305 1818 3504 1887 scripto
3524 1826 3634 1872 tra-

2060 1912 2308 1968 diderunt
2351 1910 2619 1983 apostoli;
2652 1912 2733 1965 vel
2775 1925 2841 1966 ex
2869 1909 2989 1965 aliis
3013 1910 3134 1981 quis
3159 1908 3409 1981 colligere
3441 1911 3626 1980 possit.

2062 2004 2272 2061 Etenim
2299 2002 2531 2059 ostendit
2584 2002 2829 2058 ﬁduciam
2862 2002 2914 2057 in
2959 2002 3213 2073 periculis
3235 2041 3252 2069 ,
3292 2003 3633 2058 commisera-

2063 2097 2259 2153 tionem
2286 2111 2411 2166 erga
2440 2095 2702 2162 subditos,
2731 2094 3028 2151 doctrinam
3052 2109 3176 2150 cum
3200 2094 3447 2166 loquendi
3476 2089 3636 2149 iiber-

2064 2197 2190 2253 tate,
2225 2187 2600 2255 humilitatem,
2631 2196 2996 2257 paupertatem
3024 2202 3038 2240 :
3070 2185 3173 2241 hoc
3199 2195 3377 2241 autem
3402 2194 3486 2240 est
3511 2199 3639 2254 pau-

2064 2290 2267 2352 pertate
2301 2281 2493 2352 majus.
2523 2279 2654 2336 Nam
2681 2281 2723 2334 si
2753 2279 2863 2334 illic
2892 2279 2997 2345 ait,
3039 2277 3209 2332 Vende
3245 2294 3359 2348 quae
3384 2278 3557 2341 habes,
3596 2277 3639 2330 si

2063 2374 2137 2428 vis
2174 2377 2421 2445 perfectus
2465 2389 2573 2430 esse
2610 2371 2823 2444 (Matth.
2862 2371 2948 2427 19.
2976 2370 3072 2441 21)
3107 2386 3123 2424 :
3162 2386 3286 2427 cum
3330 2386 3437 2427 non
3481 2369 3641 2424 modo

2065 2465 2196 2519 nihil
2237 2464 2482 2534 accipiat,
2508 2462 2603 2519 sed
2638 2462 2799 2518 etiam
2828 2461 2962 2516 alios
2991 2462 3228 2530 nutriat,
3256 2461 3384 2532 quid
3411 2461 3532 2515 huic
3562 2460 3638 2514 rei

2063 2555 2443 2611 conferendum
2461 2555 2484 2610 i
2504 2553 2714 2610 Primus
2732 2553 2928 2624 gradus
2948 2553 3107 2622 igitur
3126 2561 3228 2618 est,
3252 2566 3346 2607 sua
3372 2551 3638 2621 abjieere;
3666 2588 3671 2591 -

2062 2647 2327 2704 secundus
2347 2689 2363 2712 ,
2390 2646 2495 2703 sibi
2516 2644 2765 2702 sufﬁcere
2789 2664 2804 2710 ;
2833 2646 3041 2711 tertius,
3060 2644 3179 2700 aliis
3204 2658 3452 2715 quoque;
3480 2659 3641 2713 quar-
3748 2654 3757 2661 '

2066 2750 2169 2806 tus,
2202 2740 2577 2811 praedicantem
2608 2748 2661 2794 et
2693 2746 3008 2810 potestatem
3028 2738 3326 2808 accipiendi
3357 2738 3637 2794 habentem

2066 2833 2198 2888 nihil
2223 2833 2487 2903 accipere.
2524 2832 2704 2902 Itaque
2756 2831 2862 2896 iis,
2906 2831 2995 2901 qui
3037 2829 3170 2885 nihil
3209 2829 3505 2897 haberent,
3555 2830 3641 2885 hic

2066 2925 2233 2981 multo
2263 2925 2453 2979 melior
2478 2933 2612 2983 erat.
2650 2924 2727 2979 Ae
2755 2932 2902 2979 recte
2925 2922 3099 2989 dixit,
3135 2922 3224 2978 Sic
3259 2932 3452 2993 Oportet
3482 2925 3617 2978 susci

2068 3033 2183 3088 pere
2218 3016 2470 3086 inﬁrmos.
2523 3016 2635 3071 Hoc
2673 3017 2815 3071 enim
2865 3023 2949 3070 est
2994 3014 3473 3072 commiserationis
3517 3030 3639 3085 erga

2068 3110 2326 3176 infirmos,
2355 3125 2422 3167 ex
2452 3109 2682 3180 propriis
2709 3109 2836 3165 dare
2861 3109 3165 3175 laboribus;
3193 3124 3258 3164 ex
3285 3108 3474 3164 alienis
3495 3124 3640 3172 vero,

2068 3215 2174 3256 non
2204 3199 2366 3256 modo
2404 3215 2510 3254 non
2550 3199 2746 3255 bonum
2772 3242 2787 3266 ,
2820 3198 2913 3255 sed
2960 3199 3121 3255 etiam
3163 3198 3542 3271 periculosum.
3576 3198 3671 3252 Et:

2068 3291 2444 3360 procumbentes
2480 3305 2633 3360 super
2678 3291 2864 3344 collum
2902 3292 3033 3362 ejus,
3075 3290 3261 3360 inquit,
3293 3290 3497 3360 ﬂebant.
3531 3290 3643 3345 lloc

2070 3382 2279 3437 illorum
2311 3396 2434 3451 erga
2465 3380 2640 3451 ipsum
2671 3381 2916 3435 affectum
2949 3379 3286 3436 ostendebat.
3315 3379 3641 3435 Procumbe-

2070 3476 2195 3529 hant
2215 3482 2392 3529 autem
2421 3473 2473 3528 in
2489 3472 2707 3539 collum,
2732 3480 2914 3541 utpote
2937 3470 3027 3541 qui
3050 3479 3348 3541 postremos
3368 3469 3643 3539 amplexus

2069 3563 2258 3619 darent
2279 3603 2294 3625 ,
2323 3571 2377 3618 et
2415 3562 2634 3617 multam
2665 3577 2730 3616 ex
2770 3561 3030 3616 concione
3053 3559 3398 3615 dilectionem
3441 3560 3647 3614 hausis-

2071 3653 2578 3709 sentetamieitiam.
2608 3652 2738 3707 Nam
2764 3652 2811 3707 si
2833 3666 2951 3716 nos,
2976 3666 3097 3706 cum
3125 3650 3283 3722 vulgo
3301 3650 3643 3718 discedimus,

2072 3746 2493 3817 ingemiscimus,
2516 3744 2616 3801 etsi
2642 3747 2874 3800 sciamus
2918 3758 3016 3799 nos
3046 3744 3237 3799 iterum
3263 3752 3639 3806 conventuros,

2070 3838 2338 3909 quomodo
2368 3838 2439 3894 illi
2473 3852 2578 3894 non
2623 3836 2741 3893 sine
2767 3837 2966 3892 doloris
2990 3836 3179 3892 affectu
3219 3851 3248 3890 a
3281 3835 3443 3892 Paulo
3475 3835 3662 3889 avulsi

2073 3932 2312 3987 fuissent.
2339 3930 2460 4000 Ego
2472 3929 2691 3985 Paulum
2720 3921 2931 3999 quoque
2961 3927 3172 3984 ﬂevisse
3199 3936 3345 3998 puto.
3372 3925 3655 3993 Abstraeti,~

2073 4024 2260 4093 inquit.
2293 4022 2614 4078 Violentiam
2643 4031 2926 4087 monstrat,
2958 4037 3078 4078 cum
3114 4022 3283 4087 dicit,
3313 4022 3560 4076 Abstracti
3581 4021 3644 4075 ab

1972 4142 1981 4154 ι
2073 4110 2162 4162 eis.
2201 4108 2268 4162 Et
2291 4107 2525 4173 merito;
2555 4106 2607 4160 in
2652 4106 2828 4161 navim
2858 4106 3000 4160 enim
3028 4093 3104 4160 illi
3131 4105 3493 4161 conscendere
3536 4119 3646 4159 non

2074 4205 2337 4269 poterant.
2365 4196 2503 4265 Quid
2527 4204 2629 4264 est,
2664 4196 2818 4251 Recto
2842 4212 2992 4250 cursu
3018 4197 3243 4252 venimus
3268 4196 3322 4250 in
3346 4195 3503 4251 Coum
3529 4197 3554 4249 ?
3572 4198 3648 4252 Ac

2073 4293 2119 4347 si
2142 4290 2362 4355 diceret,
2384 4289 2497 4344 Non
2519 4288 2880 4354 circuivimus,
2901 4304 3073 4358 neque
3097 4288 3215 4344 aliis
3244 4288 3297 4343 in
3318 4288 3451 4345 locis
3472 4303 3648 4343 moras

2076 4385 2350 4442 traximus.
2381 4381 2622 4452 Sequenti
2648 4398 2765 4436 vero
2797 4382 2879 4436 die
2903 4382 3162 4436 Rhodum.
3210 4392 3219 4396 '

2151 4476 2618 4549 Peregrinationum
2667 4474 2817 4528 Pauli
2855 4473 3102 4529 recensio.
3124 4503 3194 4513 —
3220 4472 3354 4529 Vide
3399 4472 3652 4528 festinan-

2076 4577 2203 4621 tem.
2245 4565 2314 4620 Et
2354 4568 2555 4620 inventa
2592 4565 2708 4618 naui
2735 4565 3013 4634 trajiciente
3055 4564 3106 4618 in
3156 4560 3448 4618 PIuenicen.
3493 4562 3652 4617 Forte

2076 4661 2225 4714 navis
2253 4659 2360 4713 illic
2387 4670 2511 4713 tunc
2539 4666 2654 4712 erat
2680 4696 2698 4724 ,
2728 4665 2783 4711 et
2811 4657 2862 4711 in
2889 4670 3009 4711 eam
3048 4654 3476 4711 conscenderunt
3499 4695 3516 4717 ,
3543 4670 3650 4708 nou

2078 4754 2290 4808 inventa
2316 4751 2441 4816 alia,
2469 4765 2589 4819 qure
2612 4750 2716 4805 iret
2733 4748 3055 4804 Casaream.
3090 4746 3188 4803 Ubi
3212 4756 3384 4801 autem
3409 4748 3650 4818 apparuit

2077 4842 2276 4914 Cyprus
2293 4882 2312 4907 ,
2356 4841 2532 4896 relicta
2557 4840 2649 4894 illa
2673 4839 2739 4893 ad
2760 4841 3044 4894 sinistram.
3075 4839 3185 4895 Hoc
3219 4854 3325 4893 non
3349 4839 3465 4893 sine
3490 4852 3650 4893 causa

2074 4936 2273 4990 dictum
2299 4941 2402 4999 est,
2433 4931 2529 4988 sed
2556 4941 2614 4986 ut
2632 4931 2960 4994 ostenderet,
2983 4948 3052 4987 ne
3079 4946 3243 5002 prope
3266 4932 3482 5001 quidem
3509 4931 3651 4984 illam

2075 5024 2333 5080 accedere
2351 5023 2583 5078 voluisse
2601 5063 2617 5087 ,
2648 5037 2768 5077 cum
2799 5032 2945 5078 recto
2967 5036 3125 5077 cursu
3152 5023 3204 5076 in
3232 5021 3441 5093 Syriam
3469 5035 3655 5090 perge-

2077 5125 2196 5170 rent
2225 5132 2242 5169 :
2273 5114 2343 5168 ita
2368 5127 2563 5182 nempe
2595 5110 2901 5167 festinabat.
2929 5111 3134 5169 Deinde
3171 5110 3412 5166 Venimus
3439 5110 3652 5181 Tyrum,

2078 5205 2273 5276 inquit;
2297 5205 2607 5273 iuventisque
2626 5204 2909 5275 discipulis,
2940 5205 3218 5258 mansimus
3236 5218 3353 5258 cum
3376 5202 3500 5257 illis.
3522 5201 3654 5257 Cum

2078 5304 2258 5353 essent
2304 5309 2467 5365 prape
2508 5294 2894 5366 Jerosolymam
2919 5337 2935 5361 ,
2979 5310 3086 5350 non
3120 5296 3232 5365 jam
3261 5303 3484 5350 currunt
3507 5334 3523 5357 ,
3560 5290 3656 5346 sed

2078 5387 2243 5443 etiam
2269 5395 2486 5441 manent
2514 5385 2651 5455 apud
2692 5387 2884 5442 fratres
2910 5396 3120 5456 septem
3147 5384 3357 5442 diebus.
3392 5383 3524 5438 Vide
3545 5382 3654 5452 jam

2078 5476 2194 5532 dies
2232 5484 2532 5531 enumerat.
2576 5476 2707 5531 Post
2750 5478 2951 5548 Asyma
2986 5476 3053 5531 in
3078 5475 3356 5532 :Troadem
3395 5480 3658 5530 venerunt
3704 5492 3741 5513 ο

2079 5568 2269 5624 diebus
2309 5570 2588 5640 quinque;
2617 5568 2815 5625 deinde
2855 5569 2927 5623 ibi
2963 5568 3079 5623 dies
3122 5576 3371 5638 septem;
3426 5574 3657 5633 suauius

2082 5658 2196 5715 dies
2227 5657 2511 5715 duodecim
2541 5676 2556 5713 :
2588 5657 2781 5716 deinde
2806 5658 2861 5715 in
2885 5659 3102 5725 Assum,
3129 5656 3432 5731 Mitylenen,
3465 5664 3653 5712 contra
