4086 6164
376 398 486 457 515

378 530 534 581 τινες
562 513 643 580 τῷ
674 516 891 584 Παύλῳ
914 516 1128 586 ἔλεγον
1155 518 1251 573 διὰ
1276 519 1380 573 τοῦ
1413 522 1754 590 Πνεύματος
1790 521 1872 590 μὴ
1903 522 2047 576 dra-

379 600 611 656 ϐαίνειν
630 602 818 657 αὐτὸν
861 605 949 671 είς
988 604 1403 677 Ἰερουσαλήμ.
1439 608 1604 680 Ὅρα,
1641 608 2045 680 προφητεύουσι

377 690 623 744 κάκεῖνοι
673 689 772 754 τὰς
838 690 1065 761 θλίψεις.
1130 694 1504 765 Οἰκονομεῖται
1551 696 1643 749 καὶ
1693 696 1758 749 δι’
1816 696 2040 749 ἐκείνων

377 775 656 849 λεχθῆναι,
692 777 778 831 ἵνα
825 778 899 850 μή
933 797 1016 842 τις
1063 779 1262 852 νομίσῃ
1305 782 1490 846 ἁπλῶς
1531 782 1702 836 ταῦτα
1741 783 1920 853 λέγειν
1950 783 2042 836 τὸν

380 864 593 921 Παῦλον
612 865 708 921 καὶ
763 867 1091 938 κομπάζειν,
1138 868 1305 922 Πάλιν
1356 869 1413 923 δὲ
1462 870 1579 923 ἐκεῖ
1621 870 2043 942 προσευχόμενοι

379 950 686 1007 διαλύονται
724 953 833 1006 ἀπ’
858 952 1126 1025 ἀλλήλων.
1163 956 1300 1009 Ὅτε
1330 956 1399 1010 δὲ
1426 956 1662 1026 ἐγένετο
1699 956 1858 1028 ἡμᾶς
1875 956 2046 1027 ἐξαρ-

379 1040 544 1095 τίσαι
564 1040 671 1106 τὰς
692 1040 917 1110 ἡμέρας
934 1082 948 1106 ,
979 1041 1332 1110 ἐξελθόντες
1360 1044 1761 1115 ἐπορευόμεθα
1787 1057 2042 1116 προπεμ-

379 1129 621 1181 πόντων
646 1127 806 1199 ημᾶς
830 1127 1073 1183 πάντων
1105 1130 1229 1184 σὺν
1265 1132 1502 1201 γυναιξί
1535 1133 1633 1186 καὶ
1663 1132 1900 1198 τέκνοις
1936 1132 2046 1198 ἕως

379 1213 499 1280 ἔξω
526 1210 640 1284 τῆς
690 1217 943 1283 πόλεως,
997 1217 1097 1271 καί
1152 1216 1359 1286 θέντες
1397 1218 1469 1272 τὰ
1523 1220 1746 1289 γόνατα
1793 1219 1891 1273 ἐπὶ
1939 1218 2045 1272 τὸν

378 1302 684 1371 αἰγιαλόν,
715 1303 1205 1373 προσηυξάμεθα.
1251 1305 1361 1359 Καί
1413 1304 1831 1374 ἀσπασάμενοι
1863 1304 2045 1370 άλλη-

378 1393 555 1456 λους,
588 1389 881 1460 ἐνέϐημεν
905 1394 993 1457 είς
1013 1390 1079 1444 τὸ
1118 1392 1335 1446 πλοῖον
1357 1408 1374 1427 ο
1396 1392 1616 1446 ἐκεῖνοι
1650 1392 1719 1446 δὲ
1751 1391 2043 1461 ὑπέστρε-

377 1479 509 1545 ψαν
535 1479 625 1544 είς
659 1479 731 1532 τὰ
758 1477 898 1534 ἴδια.
934 1478 1135 1548 Ἡμεῖς
1167 1479 1236 1533 δέ
1280 1479 1390 1534 τὸν
1423 1479 1623 1534 πλοῦν
1648 1479 2045 1546 διανύσαντες

378 1564 500 1618 ἀπὸ
562 1566 769 1634 Τύρου,
822 1568 1287 1637 κατηντήσαμεν
1335 1570 1423 1634 είς
1467 1567 1839 1638 Πτολεμαΐδα
1881 1583 1895 1596 ⁶
1945 1567 2045 1621 καί

379 1652 802 1722 ἀσπασάμενοι
859 1654 1002 1722 τοὺς
1062 1655 1367 1726 ἀδελφοὺς
1391 1696 1405 1723 ,
1454 1655 1775 1732 ἐμείναμεν
1815 1654 2046 1725 ἡμέραν

373 1740 526 1808 μίαν
574 1742 722 1810 παρ’
785 1741 1009 1809 αὐτοῖς.
1080 1741 1159 1812 Τῇ
1204 1742 1274 1796 δέ
1323 1743 1612 1813 ἐπαύριον
1664 1742 2040 1810 ἐξελθόντες,

384 1827 649 1897 ἤλθομεν
692 1830 780 1895 είς
818 1829 1180 1898 Καισάρειαν
1204 1847 1219 1860 ·
1247 1830 1348 1884 καί
1395 1831 1777 1898 εἰσελθόντες
1828 1834 1916 1897 είς
1941 1831 2047 1886 τὸν

383 1915 550 1971 οἶκον
597 1919 896 1974 Φιλίππου
950 1921 1056 1974 τοῦ
1109 1920 1541 1990 εὐαγγελιστοῦ
1594 1919 1770 1987 ὄντος
1811 1920 1881 1974 ἐκ
1928 1919 2048 1974 τῶν

382 2004 549 2068 ἑπτὰ,
582 2005 902 2075 ἐμείναμεν
933 2008 1082 2076 παρ’
1107 2007 1289 2073 αὐτῷ.
1334 2009 1430 2071 Εἰς
1464 2007 1823 2079 Καισάρειαν,
1854 2008 2044 2078 φησὶν,

382 2091 649 2156 ἐλθόντες,
674 2093 824 2164 παρά
857 2094 1113 2164 Φιλίππῳ
1162 2095 1242 2166 τῷ
1280 2097 1344 2149 ἐκ
1389 2095 1496 2151 τῶν
1534 2096 1674 2150 ἑπτά
1723 2095 2040 2166 ἐμείναμεν.

387 2181 583 2247 Τούτῳ
604 2181 671 2234 δὲ
695 2178 859 2251 ἦσαν
878 2183 1199 2252 θυγατέρες
1219 2183 1515 2253 τέσσαρες
1539 2184 2043 2254 προφητεύουσαι.

399 2266 536 2320 Ἀλλ’
565 2268 663 2339 οὑχ
687 2261 843 2322 αὗται
875 2269 1202 2340 προλέγουσι
1251 2271 1329 2343 τῷ
1371 2271 1589 2342 Παύλῳ,
1625 2272 1799 2325 καίτοι
1834 2287 2045 2342 προφη-

382 2352 656 2418 τεύουσαι,
683 2354 807 2407 ἀλλ’
832 2355 1074 2424 ΙἈγαϐος
1115 2373 1128 2386 ·
1171 2358 1265 2411 καὶ
1292 2357 1458 2423 ὅπως,
1490 2356 1678 2411 ἄκουε.
1715 2357 2049 2426 Ἐπιμενόν-

381 2452 503 2488 των
524 2434 592 2489 δέ
614 2436 780 2506 ἡμῶν
807 2436 1031 2506 ἡμέρας
1072 2439 1323 2506 πλείους
1340 2481 1355 2505 ,
1397 2435 1586 2510 ἦλθεν
1612 2438 1731 2494 ἀπὸ
1757 2436 1866 2506 τῆς
1905 2439 2050 2494 Ἰου-

377 2517 554 2586 δαίας
592 2518 911 2591 προφήτης
941 2523 1188 2592 ὀνόματι
1227 2524 1476 2592 Ἄγαϐος
1509 2538 1523 2554 ·
1553 2521 1650 2577 καὶ
1680 2521 1874 2576 ἐλθὼν
1899 2521 2050 2591 πρὸς

377 2610 555 2680 ⁴ἡμᾶς,
582 2611 681 2665 καί
708 2610 857 2680 ἄρας
894 2611 1011 2680 τὴν
1060 2610 1249 2680 ζώνην
1302 2612 1408 2666 τοῦ
1442 2611 1686 2666 Παύλου
1707 2652 1723 2677 ,
1754 2608 1951 2677 δήσας
1986 2627 2050 2665 τε

375 2697 563 2752 αὐτοῦ
628 2697 831 2768 χεῖρας
888 2698 987 2752 καί
1055 2699 1267 2766 πόδας,
1323 2695 1454 2752 εἷπε
1508 2715 1520 2728 ·
1589 2697 1735 2752 Τάδε
1778 2697 1941 2768 λέγει
1984 2697 2046 2751 τὸ

379 2785 621 2854 Πνεῦμα
673 2786 742 2839 τὸ
786 2784 958 2854 ἄτιον
987 2802 1003 2817 ⁸
1041 2786 1152 2840 Τὸν
1208 2786 1417 2856 ἄνδρα,
1468 2782 1540 2843 οὗ
1594 2788 1769 2840 ἐστιν
1817 2787 1857 2854 ἠ
1900 2784 2049 2854 ζώνη

376 2872 551 2940 αὕτη,
602 2873 754 2926 οὕτω
799 2872 1104 2940 δήσουσιν
1151 2876 1239 2940 είς
1294 2874 1694 2942 Ἰερουσαλὴμ
1760 2871 2048 2937 Ἰουδαῖοι,

380 2959 481 3013 καί
519 2959 988 3029 παραδώσουσιν
1032 2963 1121 3029 εὶς
1171 2961 1373 3031 χεῖρας
1402 2962 1611 3017 ἐθνῶν.
1664 2962 1723 3015 '0
1762 2961 1933 3016 πάλαι
1959 2961 2052 3015 τὸν

377 3045 536 3117 λιμὸν
571 3047 835 3118 μηνύσας,
863 3045 1039 3113 οὗτος,
1077 3050 1189 3103 Τὸν
1225 3049 1436 3118 ἄνδρα,
1492 3051 1649 3121 φησὶ,
1688 3051 1926 3116 τοῦτον,
1978 3045 2050 3105 οὗ

375 3134 553 3189 ἐστιν
576 3136 615 3205 ἡ
639 3134 786 3204 ζώνη
819 3137 991 3205 αὕτη,
1024 3138 1176 3191 οὕτω
1203 3138 1524 3205 δήσουσιν.
1556 3139 1735 3211 Ὅπερ
1764 3140 1814 3192 οί
1850 3138 2052 3209 προφῆ-
2079 3124 2094 3133 ”

378 3243 473 3278 ται
506 3226 743 3287 ἐποίουν,
774 3226 894 3295 ὄψει
914 3228 981 3282 τά
1005 3227 1272 3298 γενόμενα
1303 3229 1735 3298 ὑπογράφοντες,
1766 3228 1895 3281 ὅταν
1922 3228 2051 3297 περὶ

379 3312 764 3383 αἰχμαλωσίας
812 3314 1012 3382 ἔλεγον,
1070 3315 1146 3378 ὼς
1196 3317 1224 3368 ὁ
1255 3315 1537 3386 Ἰεζεκιὴλ,
1594 3314 1749 3370 τοῦτο
1774 3316 1868 3369 καὶ
1899 3309 2054 3379 οὗτος

379 3402 632 3472 ἐποίησε.
665 3403 773 3456 Kal
797 3402 857 3456 τὸ
910 3402 974 3475 δὴ
1028 3402 1290 3473 χαλεπὸν,
1341 3404 1426 3456 ὄτι
1473 3406 1580 3467 Είς
1627 3402 1829 3473 χεῖρας
1861 3401 2054 3456 ἐθνῶν

380 3489 874 3558 παραδώσουσιν.
928 3489 1025 3556 Ὠς
1071 3488 1139 3543 δὲ
1176 3491 1526 3560 ἠκούσαμεν
1557 3490 1762 3554 ταῦτα,
1798 3502 2054 3559 παρεκαο

377 3578 608 3647 λοῦμεν
630 3576 801 3647 ἡμεῖς
832 3593 898 3631 τε
927 3577 1025 3631 καί
1065 3578 1124 3631 οί
1142 3578 1428 3640 ἐντόπιοι,
1450 3578 1556 3632 τοῦ
1582 3578 1670 3647 μὴ
1703 3579 2054 3633 ἀναϐαίνειν

379 3665 568 3719 αὑτὸν
596 3667 686 3732 είς
725 3665 1147 3735 Ἰερουσαλήμ.
1194 3666 1302 3720 Kal
1354 3667 1543 3720 πολλολ⁵
1588 3667 1936 3739 παρεκάλουν
1976 3668 2053 3738 μὴ

382 3752 660 3815 ἀπελθεὶν,
696 3752 790 3806 καὶ
829 3752 953 3806 οὑδὲ
992 3753 1166 3816 οὕτως
1203 3754 1538 3824 ὑπήκουσεν.
1584 3755 1903 3822 Ἀπεκρίθη
1930 3755 1999 3807 δὲ
2023 3759 2055 3808 ό

382 3839 624 3905 Παῦλος
652 3857 665 3870 θ
710 3839 776 3895 Τί
803 3841 1027 3896 ποιεῖτε
1063 3844 1380 3908 κλαίοντες
1424 3841 1522 3895 καί
1567 3842 2056 3911 συνθρύπτοντές

384 3925 539 3999 {359]
560 3945 680 3997 μου
704 3927 819 3997 τὴν
850 3929 1132 3997 καρδίαν;
1162 3929 1311 3999 Ἐγὼ
1334 3930 1444 4000 γὰρ
1475 3932 1546 3984 ού
1570 3931 1764 3999 μόνον
1790 3927 2052 3997 δεθῆναι,

382 4014 544 4068 ἀλλὰ
559 4015 658 4068 καί
675 4015 1094 4082 ἀποθανεῖνείς
1109 4015 1500 4086 Ἰερουσαλὴμ
1515 4016 1761 4086 ἑτοίμως
1774 4015 1892 4086 ἔχω
1906 4015 2057 4085 ὑπὲρ

386 4102 493 4158 τοῦ
530 4105 825 4174 ὀνόματος
872 4106 979 4161 τοῦ
1021 4107 1242 4176 Κυρίου
1283 4107 1508 4176 Ἰησοῦ.
1557 4106 1655 4175 Μὴ
1701 4107 2055 4177 πειθομένου

385 4192 460 4246 δὲ
488 4194 701 4261 αὐτοῦ,
758 4195 1163 4269 ἡσυχάσαμεν
1197 4196 1470 4263 εἰπόντες
1503 4211 1517 4225 ο
1564 4196 1633 4250 Τὸ
1674 4195 1904 4267 θέλημα
1947 4195 2059 4251 τοῦ

385 4281 609 4349 Κυρίου
648 4281 935 4353 γενέσθω.

460 4368 528 4438 β’.
569 4369 766 4441 Ὀρᾷς;
809 4371 895 4425 ἴνα
916 4371 990 4442 μὴ
1010 4370 1245 4436 ἀκούσας
1261 4371 1489 4443 νομίσῃς
1521 4371 1768 4444 ἀνάγκης
1796 4367 1936 4427 εἶναι
1975 4372 2054 4442 τὺ,

385 4457 709 4527 Δεδεμένος
740 4458 821 4524 τῷ
854 4461 1147 4529 Πνεύματι
1203 4461 1557 4529 πορεύομαι,
1597 4461 1730 4532 μηδέ
1761 4461 2058 4530 ἀγνοοῦντα

384 4542 549 4596 αὑτὸν
574 4545 861 4613 ἐμπεσεῖν,
887 4544 976 4599 διὰ
1023 4544 1184 4598 τοῦτο
1221 4543 1393 4598 ταῦτα
1437 4544 1781 4615 προλέγεται.
1833 4545 1987 4599 Ἀλλ’
2010 4549 2060 4601 οί

387 4630 490 4703 μὲν
516 4630 751 4694 ἔκλαιον,
783 4632 945 4696 αὐτὸς
963 4631 1020 4686 δὲ
1045 4631 1370 4704 παρεκάλει,
1388 4630 1572 4698 ἀλγῶν
1592 4632 1684 4685 ἐπὶ
1701 4634 1814 4696 τοῖς
1829 4632 2060 4705 δάκρυσι

382 4722 498 4783 τοῖς
535 4719 784 4773 ἐκείνων.
836 4720 900 4773 Τί
944 4719 1167 4774 ποιεῖτε
1207 4717 1338 4790 γάρ,
1380 4719 1542 4788 φησὶ,
1596 4722 1913 4788 κλαίοντες
1961 4722 2060 4775 καί

384 4805 880 4874 συνθρύπτοντές
903 4824 1025 4877 μου
1060 4805 1178 4876 τὴν
1204 4806 1498 4875 καρδίαν;
1527 4805 1694 4860 Οὐδὲν
1726 4806 1941 4861 Παύλου
1973 4826 2062 4878 φιν

384 4893 811 4966 λοστοργότερον
846 4910 862 4925 '
898 4894 983 4948 ὅτι
1029 4892 1178 4966 ἐώρα
1222 4893 1577 4966 δακρύοντας,
1600 4894 1759 4966 ἤλγει
1786 4897 1814 4949 ό
1847 4895 1923 4967 μὴ
1954 4896 2060 4950 πά·
2097 4944 2101 4948 .

387 4997 535 5050 σχων
558 4981 652 5035 ἐπὶ
673 4982 787 5045 τοῖς
810 4980 1034 5045 οίκείοις
1063 4983 1411 5054 πειρασμοῖς.
1453 4981 1586 5053 Ἐμὲ
1623 4983 1859 5037 ἀδικεῖτε
1882 4983 2057 5048 τοῦτο,

385 5067 549 5139 φησὶ,
571 5067 854 5132 ποιοῦντες
884 5084 899 5098 ’
938 5067 1015 5141 μὴ
1051 5067 1161 5140 γὰρ
1190 5069 1302 5137 ἐγὼ
1333 5068 1520 5138 ἀλγῶ;
1552 5070 1685 5125 Τότε
1728 5070 2056 5137 ἐπαύσαντο,

382 5156 474 5208 ὅτε
514 5148 638 5208 εἶπε
667 5171 683 5186 ο
719 5155 780 5209 Τί
812 5154 1033 5209 ποιεῖτε
1074 5156 1566 5224 συνθρύπτοντές
1605 5173 1724 5225 μου
1764 5156 1880 5226 τὴν
1918 5173 2058 5226 καρ-

382 5240 562 5306 δίανς
600 5243 715 5313 Ἐφ’
756 5242 888 5313 ὑμῖν
911 5242 1103 5309 κλαίω,
1140 5243 1326 5314 φησὶν,
1360 5241 1462 5296 οὐκ
1500 5243 1594 5296 ἐπὶ
1637 5245 1751 5309 τοῖς
1793 5243 2058 5315 παθήμα-

386 5347 474 5384 σιν
500 5347 515 5361 ·
549 5330 693 5402 ὑπὲρ
717 5330 826 5402 γὰρ
848 5330 1073 5384 ἐκείνων
1102 5331 1198 5382 καὶ
1228 5329 1518 5383 ἀποθανεῖν
1541 5329 2061 5403 βούλομαι.¹’1δωμεν

383 5417 440 5471 δὲ
472 5417 771 5472 ἀνωθεντά
808 5418 1099 5489 εἰρημένα.
1140 5417 1449 5488 Ἀργυρίου
1493 5417 1532 5486 ἢ
1578 5419 1835 5486 χρυσίου
1864 5418 1904 5487 ἢ
1936 5423 2068 5488 ίμα-

383 5504 627 5572 τισμοῦ,
675 5505 865 5574 φησὶν,
913 5502 1165 5571 οὐδενὸς
1220 5505 1573 5573 ἐπεθύμησα
1610 5521 1624 5534 ο
1657 5504 1828 5558 αὐτοὶ
1886 5506 2059 5573 γινώ-

384 5604 586 5655 σκετε,
619 5591 711 5645 ὅτι
732 5592 860 5658 ταῖς
887 5593 1117 5662 χρείαις
1140 5608 1261 5662 μου
1303 5590 1401 5644 καί
1432 5590 1557 5658 τοῖς
1595 5589 1735 5644 οὖσι
1761 5592 1890 5660 μετ’
1915 5591 2062 5661 ἐμοῦ

384 5679 782 5748 ὑπηρέτησαν
818 5683 879 5735 αἱ
932 5698 1128 5753 χεῖρες
1176 5674 1373 5736 αὗται.
1421 5679 1534 5732 Οὐκ
1591 5679 1698 5750 ἀρα
1727 5681 1783 5732 ἐν
1814 5679 2062 5751 Κορίνθῳ

386 5766 547 5821 τοῦτο
571 5769 902 5839 εἰργάσαντο
939 5770 1098 5839 μόνον
1128 5770 1177 5822 οἱ
1199 5766 1599 5840 διαφθείροντες
1634 5769 1758 5832 τοὺς
1790 5767 2059 5839 μαθητὰς,

387 5854 527 5907 ἀλλά
580 5855 677 5910 καὶ
724 5856 782 5909 ἐν
827 5856 1002 5927 Ἀσίᾳ.
1053 5856 1303 5929 Οὑδαμοῦ
1358 5855 1517 5910 τοῦτο
1565 5855 1814 5919 ὀνειδίζει
1868 5869 1893 5896 ι
1947 5858 2059 5920 τοῖς

402 5944 673 6013 Ἐφεσίοις
695 5946 943 6017 γράφων.
993 5945 1056 6000 Τί
1088 5947 1316 6018 δήποτε;
1367 5946 1490 5998 Ὅτι
1537 5945 1636 6000 οὑκ
1678 5946 1930 6002 ἐνέπεσεν
1980 5948 2058 6008 είς

459 6034 485 6068 ⁸
512 6030 670 6096 Unus,
688 6032 845 6087 Ἀσία·
873 6034 975 6084 ἀλλ’
1002 6034 1209 6099 οὐδαμοῦ
1227 6034 1368 6086 τοῦτο
1397 6036 1649 6092 ὠνείδιζον.

1360 374 1389 388 ⁶
1439 403 1508 459 1N
1539 404 1722 462 ACTA
1762 404 2300 463 Αροετοιοιιυιι.
2335 403 2569 464 IIOMIL.
2606 401 2761 460 XLV.

3702 402 3805 455 5H)

2152 520 2419 593 ἀνάγκην.
2466 519 2627 574 Ἀλλὰ
2648 520 2744 574 καὶ
2773 517 3081 591 Κορινθίοις
3107 517 3256 587 λέγει
3288 532 3304 551 '
3338 516 3459 573 οὐκ
3483 515 3710 586 ἐφράγη
3741 515 3807 568 τὸ

2151 610 2425 679 καύχημά
2454 626 2569 680 μου
2603 608 2673 661 έν
2715 606 2838 674 τοῖς
2872 609 3123 677 κλίμασι
3150 605 3257 675 τῆς
3297 606 3549 676 Ἀχαΐας.
3572 603 3684 657 Kal
3710 603 3808 655 οὑκ

2152 694 2328 763 εἶπεν,
2360 696 2474 749 Οὐκ
2502 694 2736 750 ἐδώκατέ
2783 712 2872 766 μοι
2901 709 2916 724 °
2946 694 3045 749 ἀλλ
3061 694 3099 758 ⁸,
3139 694 3441 764 Ἀργυρίου
3470 691 3507 760 ἢ
3546 688 3808 760 χρυσίου

2152 784 2190 853 ἣ
2225 784 2546 855 ἱματισμοῦ
2581 786 2692 839 οὐκ
2726 783 3095 852 ἐπεθύμησα,
3154 781 3241 834 ἵνα
3298 782 3375 851 μὴ
3434 779 3558 851 δόξῃ
3587 778 3809 831 ἐκείνων

2149 863 2288 922 εἶναι
2322 869 2383 922 τὺ
2406 869 2480 940 μὴ
2508 868 2707 923 δοῦναι.
2739 869 2849 921 Kal
2891 867 2989 919 οὐκ
3020 862 3202 927 εἶπεν,
3232 863 3457 926 Οὐδενὸς
3488 860 3810 932 ἐπεθύμησα

2148 955 2256 1010 τῶν
2294 955 2638 1025 ἀναγκαίων,
2674 955 2761 1009 ἴνα
2803 954 2878 1026 μὴ
2927 953 3053 1024 δόξῃ
3100 952 3260 1007 πάλιν
3318 947 3620 1020 κατηγορία
3672 943 3810 1001 εἶναι

2148 1044 2376 1097 ἐκείνων
2409 1060 2423 1075 ·
2461 1042 2597 1098 ἀλλά
2639 1040 2798 1097 τοῦτο
2831 1042 3149 1105 αἰνίττεται,
3197 1040 3279 1095 ὅτι
3312 1038 3536 1099 εἰκότως
3563 1037 3662 1089 οὑκ
3690 1034 3812 1089 ἐλα-

2149 1130 2242 1184 ϐεν
2264 1131 2429 1185 ὁπότε
2486 1130 2578 1185 καὶ
2638 1131 2858 1202 ἐτέρους
2893 1127 3142 1200 ἔτρεφεν.
3181 1127 3356 1198 Ὅρα,
3390 1122 3505 1187 πῶς
3529 1121 3812 1193 εἰργάζετο

2151 1217 2287 1287 μετά
2311 1216 2549 1287 σπουδῆς
2584 1217 2867 1290 ἄνθρωπος
2906 1216 3076 1271 νύκτα
3123 1216 3219 1269 καὶ
3257 1212 3467 1285 ἡμέραν
3498 1210 3813 1280 διαλεγόμε-

2146 1322 2237 1369 νος
2273 1305 2409 1375 μετά
2430 1304 2699 1378 δακρύων,
2729 1305 2825 1359 ἕνα
2862 1305 3092 1359 ἕκαστον
3131 1301 3417 1357 νουθετῶν.
3461 1299 3663 1356 Πάντα
3702 1300 3815 1351 ὑπ-

2146 1390 2348 1457 έδειξα
2365 1392 2525 1461 ὑμῖν,
2544 1392 2631 1446 ὅτι
2653 1392 2806 1446 οὕτω
2822 1391 3155 1457 κοπιῶντας
3170 1391 3262 1445 δεῖ
3274 1387 3813 1460 ἀντιλαμϐάνεσθαι

2146 1477 2266 1533 τῶν
2288 1479 2726 1535 ἀσθενούντων.
2777 1479 2946 1533 Τοῦτο
2990 1478 3181 1543 εἰπὼν,
3219 1477 3383 1532 πάλιν
3425 1475 3711 1547 ἐφόϐησεν.
3749 1475 3814 1525 ’0

2145 1568 2203 1624 δὲ
2233 1569 2398 1639 λέγει,
2432 1568 2588 1623 τοῦτό
2611 1573 2757 1622 ἐστιν
2785 1585 2800 1600 ·
2834 1570 2946 1623 Οὐκ
2997 1567 3149 1638 ἔχετε
3190 1570 3270 1631 είς
3324 1567 3545 1636 ἄγνοιαν
3572 1579 3817 1630 καταφυ-

2146 1658 2263 1725 γεῖν
2288 1674 2304 1688 ·
2338 1656 2590 1722 ὑπέδειξα
2614 1656 2705 1710 διά
2730 1658 2838 1709 τῶν
2876 1656 3074 1728 ἔργων,
3108 1657 3188 1710 ὅτι
3214 1656 3356 1711 οὑτω
3400 1653 3705 1716 κοπιῶντας
3738 1652 3818 1704 δεῖ

2145 1744 2492 1814 ἐργάξεσθαι.
2520 1745 2630 1797 Kal
2650 1745 2748 1799 οὐκ
2787 1741 2958 1807 εἶπεν,
2993 1745 3074 1797 ὅτι
3109 1744 3283 1798 κακὸν
3317 1744 3379 1797 τὸ
3410 1742 3625 1796 λαϐεῖν·
3659 1740 3812 1801 ἀλλὰ,

2150 1832 2356 1902 βέλτιον
2383 1833 2444 1886 τὸ
2498 1834 2577 1903 ’μὴ
2623 1830 2829 1888 λαϐεῖν.
2877 1836 3286 1902 Μνημονεύειν
3349 1848 3413 1886 τε
3460 1829 3569 1884 τὸν
3600 1830 3811 1896 λόγον,

2148 1922 2304 1991 φησὶ,
2327 1921 2434 1974 τοῦ
2475 1920 2716 1988 ΚιῬίου,
2749 1921 2821 1975 ὃν
2849 1917 2980 1975 εἷπε
3006 1937 3021 1953 θ
3054 1919 3364 1988 Μακάριόν
3407 1919 3538 1973 ἐστι
3573 1914 3817 1986 μᾶλλον

2148 2010 2383 2065 διδόναι
2416 2009 2455 2078 ἢ
2485 2008 2838 2077 λαμϐάνειν.
2862 2009 2971 2063 Kal
2996 2008 3098 2062 ποῦ
3126 2004 3310 2075 sla-xv;
3348 2007 3510 2070 Ἴσως
3552 2006 3816 2075 ἀγράφως

2150 2097 2476 2169 παρέδωκαν
2506 2097 2555 2149 οί
2580 2095 2907 2169 ἀπόστολοι]
2950 2095 2982 2167 ἢ
3018 2096 3079 2162 ἐξ
3121 2090 3196 2153 ὧν
3241 2097 3304 2152 ἀν
3328 2113 3410 2160 τις
3441 2092 3817 2162 συλλογίσαιτο

2148 2186 2325 2258 δῆλον.
2358 2187 2468 2241 Kal
2518 2185 2626 2257 γὰρ
2674 2183 2841 2249 ἔδειξε
2890 2185 2991 2255 τὴν
3043 2182 3354 2256 παρρησίαν
3383 2180 3482 2253 τὴν
3523 2180 3660 2252 πρὸς
3690 2182 3816 2242 τοὺς

2150 2273 2450 2337 κινδύνους,
2490 2272 2589 2343 τὴν
2621 2271 2964 2343 συμπάθειαν
2987 2270 3085 2341 τὴν
3119 2269 3255 2341 πρὸς
3285 2269 3414 2332 τοὺς
3455 2268 3815 2342 ἀρχομένους,

2148 2361 2249 2431 τὴν
2280 2360 2628 2415 διδασκαλίαν
2658 2359 2755 2430 τὴν
2786 2358 2923 2429 μετά
2969 2357 3301 2429 παρρησίας,
3338 2356 3436 2431 τὴν
3465 2369 3820 2422 ταπεινοφρο-

2152 2447 2335 2519 σύνην,
2383 2448 2480 2519 τὴν
2512 2446 2897 2519 ἀκτημοσύνην
2933 2460 2946 2475 ⁶
2982 2443 3142 2499 τοῦτο
3185 2444 3242 2498 δὲ
3288 2443 3380 2497 καὶ
3438 2437 3820 2512 ἀκτημοσύνης

2154 2536 2358 2606 μεῖζον.
2389 2535 2451 2588 Et
2488 2533 2594 2605 γὰρ
2630 2535 2764 2597 ἐκεῖ,
2799 2530 3096 2600 Πώλησόν
3126 2544 3280 2596 σου,
3329 2529 3483 2601 φησὶ,
3529 2528 3601 2581 τὰ
3633 2525 3822 2593 ὑπάρ-

2150 2638 2357 2691 χοντα,
2393 2622 2445 2675 εί
2467 2619 2659 2686 θέλεις
2701 2619 2927 2686 τέλειος
2973 2614 3130 2672 εἶναι
3162 2634 3174 2646 ·
3208 2617 3336 2671 ὃταν
3368 2615 3506 2688 πρὸς
3537 2615 3615 2684 τῷ
3653 2613 3820 2684 μηδὲν

2150 2706 2445 2777 λαμϐάνειν
2462 2705 2557 2759 καὶ
2581 2705 2798 2776 ἐτέρους
2814 2701 3073 2774 τρέφῃ,τί
3098 2702 3288 2756 τούτου
3315 2701 3427 2755 ἴσον
3452 2718 3467 2766 ;
3494 2696 3589 2763 Εἷς
3618 2698 3823 2769 βαθμὸς

2150 2795 2326 2848 τοίνυν
2351 2794 2500 2865 ῥῖψαι
2517 2792 2581 2846 τά
2599 2791 2783 2856 αὑτοῦ,
2801 2790 3073 2861 δεύτερος,
3093 2789 3273 2860 ἐαυτῷ
3294 2790 3579 2860 ἐπαρκεῖν,
3618 2787 3818 2857 τρίτος,

2153 2884 2248 2936 καὶ
2285 2881 2511 2952 ἑτέροις,
2576 2880 2855 2950 τέταρτος,
2896 2877 2970 2955 ,τὸ
3023 2873 3362 2948 κηρύττοντά
3422 2875 3518 2927 καὶ
3569 2872 3821 2937 ἐξουσίαν

2153 2968 2343 3039 ἔχοντα
2375 2967 2402 3007 ι)
2432 2965 2730 3037 λαμϐάνειν
2784 2962 2859 3035 μὴ
2917 2962 3214 3033 λαμϐάνειν
3264 2977 3278 2992 ο
3336 2961 3477 3015 ὥστε
3531 2958 3663 3012 πολὺ
3711 2957 3823 3010 τῶν

2151 3058 2473 3127 ἀκτημόνων
2522 3049 2675 3118 οὗτος
2714 3052 2937 3125 βελτίων
2980 3048 3069 3124 ἦν.
3110 3050 3220 3105 Kal
3245 3050 3428 3113 καλῶς
3462 3045 3633 3109 εἶπεν,
3661 3047 3823 3099 Οὕτω

2152 3144 2247 3200 δεῖ
2274 3141 2819 3212 ἀντιλαμϐάνεσθαι
2864 3138 2982 3194 τῶν
3026 3139 3462 3194 ἀσθενούντων.
3511 3133 3684 3188 Τοῦτο
3725 3133 3825 3204 μὲν

2152 3232 2264 3304 γὰρ
2284 3229 2623 3300 συμπαθείας
2643 3228 2743 3299 τῆς
2766 3228 2903 3299 πρὸς
2932 3226 3058 3289 τοὺς
3086 3223 3351 3290 ἀσθενεῖς,
3372 3220 3522 3294 [540]
3555 3221 3614 3273 τὸ
3637 3221 3701 3273 ἐκ
3715 3219 3825 3272 τῶν

2156 3318 2303 3373 ἰδίων
2328 3316 2511 3371 κόπων
2544 3314 2745 3368 διδόναι
2770 3331 2785 3345 ο
2820 3315 2880 3367 τὸ
2905 3314 2962 3367 δὲ
2990 3315 3054 3368 ἐκ
3077 3311 3185 3367 τῶν
3215 3308 3538 3381 ἀλλοτρίων,
3563 3308 3623 3361 οὑ
3662 3306 3821 3377 μόνον

2153 3405 2213 3459 ού
2256 3404 2441 3469 καλὸν,
2495 3401 2633 3455 ἀλλά
2674 3401 2770 3455 καὶ
2814 3398 3132 3468 ἐπισφαλές.
3166 3396 3276 3456 Καὶ
3322 3394 3715 3462 ἐπιπεσόντες
3743 3390 3826 3457 τῷ

2153 3493 2454 3562 τραχήλῳ,
2492 3492 2678 3562 φησὶν,
2718 3489 2905 3544 αὑτοῦ
2947 3488 3215 3542 ἔκλαιον.
3248 3483 3418 3538 Τοῦτο
3463 3481 3561 3553 τὴν
3583 3481 3826 3535 διάθεσιν

2153 3582 2253 3652 τὴν
2285 3580 2423 3651 πρὸς
2451 3579 2614 3632 αὐτὸν
2638 3576 2931 3632 δείκνυσιν.
2976 3574 3274 3628 Ἑπέπεσον
3302 3572 3359 3626 δὲ
3385 3572 3478 3625 ἐπὶ
3508 3571 3601 3624 τὸν
3623 3569 3828 3641 τράχη-

2155 3670 2268 3733 λον,
2289 3668 2385 3722 ἆτε
2416 3667 2650 3737 ὑστέρας
2672 3663 3013 3737 περιπλοκὰς
3044 3661 3527 3734 περιπλεκόμενοι,
3568 3660 3664 3712 καὶ
3694 3657 3825 3710 πολ-

2157 3756 2255 3828 λὴν
2286 3755 2395 3810 ἀπὸ
2420 3755 2521 3824 τῆς
2560 3751 2903 3824 δημηγορίας
2948 3750 3205 3813 λαϐόντες
3242 3747 3340 3820 τὴν
3375 3747 3599 3818 ἀγάπην
3628 3747 3722 3800 καὶ
3766 3743 3827 3796 τὸ

2157 3844 2397 3915 φίλτρον.
2426 3842 2490 3895 EE
2519 3840 2627 3909 γὰρ
2652 3840 2841 3903 ἁπλῶς
2865 3841 3026 3911 ἡμεῖς
3050 3840 3129 3893 ἀπ
3147 3840 3161 3860 ’
3205 3837 3447 3908 ἀλλήλων
3490 3835 3828 3905 διαλυόμενοι

2159 3932 2436 4003 στένομεν,
2474 3928 2650 3985 καίτοι
2687 3928 2922 3993 είδότες,
2968 3928 3050 3981 ὅτι
3099 3925 3492 3997 ἀποληψόμεθα
3540 3924 3824 3993 ἀλλήλους,

2159 4020 2277 4086 πῶς
2309 4019 2376 4075 ἂν
2412 4020 2616 4073 ἐκεῖνοι
2662 4016 2783 4071 τότε
2833 4015 3047 4071 Παύλου
3097 4013 3327 4077 ἀπαθῶς
3359 4010 3825 4080 ἁπεσπάσθησαν;

2172 4109 2315 4179 Ἐγὼ
2336 4109 2429 4163 καὶ
2453 4109 2546 4161 τὸν
2570 4106 2782 4161 Παῦλον
2816 4101 2975 4174 οἶμαι
3006 4104 3234 4159 κλαίειν.
3282 4098 3826 4163 Ἀποσπασθέντες,

2159 4198 2311 4268 φησί.
2338 4197 2591 4249 Δείκνυσι
2616 4195 2710 4248 καὶ
2745 4192 2844 4264 τὴν
2871 4192 2991 4263 βίαν
3030 4191 3109 4262 τῷ
3147 4192 3343 4253 εἰπεῖν,
3387 4184 3835 4241 Ἀποσπασθέν-

2161 4306 2250 4353 τες
2288 4288 2402 4342 ἀπ’
2429 4285 2649 4341 αὐτῶν.
2690 4284 2803 4338 Kal
2851 4284 3077 4346 εἰκότως
3109 4298 3122 4312 ·
3159 4282 3239 4344 είς
3282 4277 3392 4348 γὰρ
3419 4277 3518 4347 τὴν
3550 4275 3830 4329 θάλασσαν

2158 4376 2344 4429 λοιπὸν
2390 4373 2628 4444 ἐμϐῆναι
2661 4371 2861 4435 αὐτοὺς
2901 4370 3001 4423 οὑκ
3050 4369 3193 4438 ἐνῆν.
3222 4368 3287 4420 Τί
3331 4368 3496 4427 ἐστιν,
3535 4362 3832 4430 Εὑθυδρο-

2154 4465 2465 4534 μύσαντες
2505 4462 2784 4532 ἤλθομεν
2807 4462 2894 4526 είς
2926 4458 3042 4527 τὴν
3085 4455 3249 4521 Κῶν;
3295 4456 3439 4509 εΛντὶ
3470 4452 3590 4517 τοῦ,
3628 4452 3703 4505 Οὑ
3738 4468 3834 4504 πε-

2162 4550 2453 4624 ριήλθομεν
2488 4549 2610 4603 οὑδέ
2649 4546 3004 4618 διετρίψαμεν
3052 4546 3111 4599 ἐν
3164 4543 3372 4616 ἐτέροις
3395 4540 3603 4604 τόποις.
3643 4539 3720 4608 Τῇ
3763 4538 3833 4592 δὲ

2159 4637 2328 4707 ἑξῆς,
2361 4636 2546 4710 φησὶν,
2596 4637 2683 4702 είς
2734 4633 2945 4690 Ῥόδον
2975 4643 3024 4689 ο.
3052 4633 3201 4704 ’Ὀρα
3260 4630 3421 4685 αὑτὸν
3456 4626 3835 4699 ἐπειγόμενον.

2161 4726 2270 4780 Καὶ
2312 4725 2590 4795 εὑρόντες
2627 4723 2845 4778 πλοῖον
2885 4719 3177 4791 διαπερῶν
3214 4721 3301 4786 είς
3341 4718 3644 4785 Φοινίκην.
3680 4715 3836 4776 Ἴσως

2162 4815 2338 4869 ἐκεῖνο
2369 4813 2557 4868 αὐτόθι
2604 4810 2839 4882 διέτριϐε
2866 4827 2878 4840 ·
2913 4809 2993 4864 διὸ
3018 4811 3075 4862 ἐν
3109 4807 3258 4879 αύτῷ
3311 4806 3703 4868 ἐπιϐαίνουσιν,
3740 4803 3836 4871 οὐχ

2160 4900 2412 4973 εὑρόντες
2465 4900 2593 4955 ἀλλο
2642 4900 2721 4962 είς
2766 4897 3106 4968 Καισάρειαν
3138 4894 3531 4965 ἀπερχόμενον.
3590 4890 3838 4959 Ἀναφά-

2162 5002 2379 5053 ναντες
2425 4984 2494 5040 δὲ
2545 4984 2661 5054 τὴν
2700 4985 2961 5053 Κύπρον,
3020 4982 3120 5036 καί
3166 4978 3596 5045 καταλιπόντες
3643 4976 3839 5046 αὐτὴν

2163 5077 2495 5147 εὐώνυμον.
2524 5075 2693 5129 Τοῦτο
2751 5075 2851 5147 οὐχ
2895 5072 3080 5139 ἁπλῶς
3136 5072 3372 5144 εἴρηται,
3408 5071 3522 5126 ἀλλ’
3551 5073 3638 5125 ἴνα
3664 5070 3835 5142 δείξῃ,

2164 5168 2246 5220 ὅτι
2277 5166 2395 5218 οὑδέ
2429 5165 2596 5233 ἐγγὺς
2634 5163 2807 5233 αὐτῆς
2843 5162 3093 5233 γενέσθαι
3119 5161 3341 5233 ἠξίωσε,
3376 5158 3612 5216 κατευθὺ
3644 5158 3837 5213 πλέον-

2163 5274 2253 5320 τες
2281 5257 2382 5327 τῆς
2414 5254 2615 5324 Συρίας
2651 5272 2666 5285 ·
2701 5252 2875 5317 οὕτως
2915 5252 3194 5306 ἔσπευδεν.
3227 5247 3375 5305 Εἶτα
3414 5248 3511 5304 καί
3540 5247 3838 5317 κατήχθη-

2161 5362 2274 5416 μεν
2297 5345 2383 5409 είς
2413 5344 2620 5411 Τύρον,
2643 5343 2798 5412 φησὶ,
2832 5341 2931 5394 καί
2967 5341 3246 5410 εὑρόντες
3286 5336 3577 5408 μαθητὰς,
3608 5335 3838 5406 ἐμείνα-

2160 5450 2275 5502 μεν
2312 5429 2463 5498 πρός
2513 5430 2753 5495 αὐτούς.
2791 5430 2922 5482 Ὀτε
2944 5428 3168 5495 πλησίον
3232 5421 3372 5497 ἦσαν
3424 5423 3833 5495 Ἰεροσολύμων,

2164 5521 2262 5572 οὐκ
2283 5518 2360 5571 ἔτι
2390 5518 2694 5589 τρέχουσιν,
2731 5515 2867 5570 ἀλλὰ
2895 5518 2989 5569 xal
3015 5516 3230 5585 μένουσι
3265 5513 3416 5584 παρά
3454 5515 3565 5572 τοῖς
3588 5511 3835 5582 ἀδελφοῖς

2166 5606 2307 5659 ἐπτά
2336 5606 2569 5677 ἡμέρας.
2609 5604 2713 5656 Ἴδε
2751 5620 2840 5673 μοι
2895 5601 3077 5655 λοιπὸν
3135 5600 3228 5654 καὶ
3282 5599 3381 5663 τὰς
3412 5600 3645 5671 ἡμέρας.
3682 5600 3836 5653 Μετὰ

2166 5697 2232 5749 τά
2268 5695 2488 5763 ’Ἃζυμα
2510 5693 2589 5755 εἰς
2623 5689 2856 5762 Τρωάδα
2889 5684 3052 5760 ἦλθον
3083 5687 3165 5743 δι’
3218 5687 3436 5759 ἡμερῶν
3474 5688 3639 5740 πέντε
3665 5703 3677 5713 ·
3717 5681 3837 5739 εἶτα

2167 5787 2281 5839 ἐκεῖ
2335 5783 2473 5836 ἑπτά
2501 5797 2512 5809 ·
2545 5782 2644 5845 τὰς
2690 5780 2870 5844 πάσας
2912 5780 3118 5835 δώδεκα
3143 5784 3167 5805 ‘
3200 5775 3315 5833 εἶτα
3361 5780 3439 5842 εἰς
3485 5777 3582 5849 τὴν
3613 5778 3836 5842 Ἄσσον,

2227 5971 2251 6010 b
2282 5970 2434 6049 ld‘cm‘,‘
2460 5970 2538 6044 τόν
2579 5967 2895 6031 κηρύττοντα,
2920 5969 2997 6016 καὶ
3021 5967 3232 6025 ἐξουσίαν
3254 5968 3392 6031 ἔχειν.
3462 5966 3484 5996 θ
3512 5963 3629 6024 Alii,
3648 5960 3828 6010 τόποιςί

2179 6034 2277 6082 εἶτα
2303 6034 2363 6088 εἰς
2403 6032 2582 6081 Ῥόδον.
