4148 6152
322 386 426 450 317

324 517 404 579 εἰς
428 512 761 586 Μυτιλήνην,
786 508 1015 581 ἀντικρύ
1048 508 1203 571 Χίου,
1230 508 1312 570 εἰς
1340 505 1674 577 Τρωγύλιον,
1709 508 1787 569 εἰς
1808 506 1989 576 Σάμον

326 608 416 661 καὶ
444 607 524 670 είς
557 604 797 676 Μίλητον
821 618 837 635 ⁸
866 603 1152 656 δεκαοκτὼ
1186 599 1395 670 ήμέραι
1428 600 1483 652 αἰ
1528 598 1717 651 πᾶσαι.
1753 593 1883 651 Εἶτα
1910 599 1991 661 είς

326 698 474 761 Κῶν,
524 696 602 761 εἰς
636 695 834 761 Ῥόδον,
878 694 959 757 εἰς
1010 691 1259 762 Πάταρα,
1317 689 1489 743 είκοσι
1542 690 1638 743 καὶ
1691 690 1788 759 μία
1826 707 1841 720 ·
1870 684 1993 744 εἶτα

328 789 536 843 ἐκεῖθεν
566 788 646 842 δι’
692 785 916 857 ἡμερῶν
959 783 1119 837 πέντε
1163 782 1243 845 εἰς
1291 779 1486 851 Τύρον,
1542 777 1601 845 ἒξ
1647 781 1744 834 καὶ
1779 782 1952 835 εἴκοσι
1978 799 1992 814 ·

327 879 510 934 λοιπὸν
542 879 660 932 ἐκεῖ
696 877 836 930 ἐπτά
860 875 1154 946 τριάκοντα
1178 873 1271 927 καὶ
1311 874 1459 946 τρεῖς
1487 888 1502 903 ο
1544 869 1665 925 εἶτα
1695 874 1775 935 εἰς
1801 872 1997 926 Πτολε-

332 970 493 1039 μαΐδα
534 969 699 1041 μίαν,
723 970 1019 1039 τριάκοντα
1049 967 1318 1036 τέσσαρες
1337 981 1351 995 ·
1385 961 1503 1019 εἶτα
1547 966 1627 1028 εἰς
1658 965 1996 1035 Καισάρειαν

329 1064 546 1125 πλείους
573 1061 724 1132 μένει
762 1060 871 1113 τῶν
900 1059 1076 1113 ἄλλων
1108 1075 1124 1089 ·
1157 1059 1250 1113 καὶ
1276 1057 1401 1111 τότε
1442 1056 1627 1111 λοιπὸν
1667 1057 1876 1110 ἐκεῖθεν
1905 1056 1997 1109 αὐ-

329 1157 455 1217 τοὺς
483 1152 675 1220 ἀνάγει
696 1154 724 1205 ό
756 1151 1064 1222 προφήτης.
1102 1148 1290 1213 Οὐτως
1320 1149 1353 1219 ή
1389 1147 1741 1219 Πεντηκοστὴ
1766 1145 1997 1219 πληροῦ-

330 1265 439 1307 ται,
475 1248 567 1299 καὶ
612 1247 727 1298 ἐκεῖ
755 1243 923 1315 αὐτὴν
955 1244 1116 1297 ποιεῖ.
1155 1244 1299 1312 Ὅρα
1340 1242 1503 1297 αὐτὸν
1547 1243 1635 1295 ὅτε
1682 1243 1744 1295 τὸ
1774 1240 1999 1311 Πνεῦμα

329 1342 430 1391 οὐκ
456 1339 660 1391 ἐκώλυε
704 1335 1043 1406 πειθόμενον.
1078 1331 1262 1388 Εἶπον·
1294 1335 1392 1402 Μὴ
1424 1333 1543 1400 δῷς
1564 1334 1796 1388 σαυτὸν
1823 1334 1910 1399 είς
1930 1332 1999 1386 τὸ

331 1430 597 1499 θέατρον,
627 1429 720 1482 καὶ
748 1428 848 1481 οὐκ
877 1427 1044 1480 ἐδωκε
1076 1443 1090 1456 ·
1125 1425 1383 1489 πολλάκις
1403 1426 1566 1479 αὐτὸν
1596 1425 1880 1495 ἐξήγαγον,
1904 1425 2000 1478 καὶ

333 1522 557 1593 ἐπείσθη
595 1538 611 1553 ο
640 1519 727 1573 διὰ
767 1518 978 1590 θυρίδος
1013 1517 1174 1572 πάλιν
1204 1518 1373 1587 ἔφυγε
1402 1534 1416 1549 ο
1453 1518 1546 1571 καὶ
1584 1515 1679 1570 νῦν
1726 1516 1801 1573 ὼς
1824 1517 2000 1568 εἰπεῖν

338 1613 547 1686 μυρίων
576 1610 1060 1683 παρακαλούντων,
1102 1611 1194 1664 καὶ
1248 1610 1356 1663 τῶν
1387 1612 1446 1663 ἐν
1487 1610 1648 1681 Τύρῳ
1688 1611 1782 1663 καὶ
1803 1608 1914 1661 τῶν
1943 1609 1999 1660 ἐν

336 1703 661 1775 Καισαρείᾳ,
682 1704 776 1757 καὶ
798 1702 1097 1755 κλαιόντων
1119 1702 1212 1756 καὶ
1238 1701 1410 1771 μυρία
1432 1701 1809 1770 προλεγόντων
1828 1701 1998 1768 δεινά,

329 1795 431 1848 οὐκ
457 1794 729 1864 ἀνέχεται.
756 1795 864 1847 Kal
896 1793 1005 1866 μὴν
1028 1793 1125 1863 οὐχ
1158 1791 1345 1855 ἁπλῶς
1381 1791 1450 1845 τὰ
1492 1791 1641 1845 δεινά
1684 1791 1999 1863 προέλεγον,

332 1887 467 1941 ἀλλά
486 1886 573 1941 διά
598 1886 693 1939 τοῦ
720 1887 1035 1957 Πνεύματος
1057 1884 1371 1957 προέλεγον.
1401 1884 1464 1936 Εἰ
1493 1883 1674 1936 τοίνυν
1698 1883 1758 1935 τὸ
1778 1881 2004 1953 Πνεῦμα

331 1978 604 2042 ἐκέλευσε,
625 1979 714 2032 διά
740 1978 793 2031 τί
821 1977 1249 2045 ἀντεῖπονςὊτι
1276 1978 1378 2030 οὐκ
1416 1975 1616 2046 ᾔδεσαν
1646 1976 1790 2045 ἀπερ
1829 1975 2004 2027 ἐδόκει

332 2070 410 2141 τῷ
440 2070 742 2141 Πνεύματι.
776 2070 888 2124 Kal
937 2069 1115 2133 άλλως
1166 2069 1222 2123 δὲ
1272 2067 1391 2121 οὐδὲ
1414 2066 1514 2139 τὴν
1562 2066 1887 2137 παραίνεσιν
1915 2066 2004 2118 διὰ

332 2164 425 2217 τοῦ
458 2163 773 2234 Πνεύματος
802 2161 1104 2217 ἐποιοῦντο.
1136 2162 1209 2216 Οὐ
1230 2160 1340 2232 γάρ
1371 2159 1557 2224 ἁπλῶς
1588 2159 1735 2231 αὐτῷ
1765 2158 1831 2211 τὰ
1856 2157 2005 2211 δεινὰ

266 2316 275 2320 θ
335 2256 657 2327 προύλεγον,
683 2257 812 2310 ἀλλ’
839 2258 922 2311 ὅτι
952 2256 1219 2326 ἀναϐῆναι
1246 2255 1309 2308 οὐ
1331 2255 1459 2326 χρὴ,
1486 2253 1790 2322 φειδόμενοι
1814 2252 2001 2306 αὐτοῦ.

334 2350 497 2403 Μετὰ
527 2348 595 2401 δὲ
626 2348 692 2401 τὸ
730 2348 1038 2417 ἐξαρτίσαι
1074 2347 1182 2411 τὰς
1224 2347 1468 2415 ἡμέρας,
1518 2345 1649 2416 φησί
1686 2362 1699 2375 ·
1739 2345 2001 2410 τουτέστι,

337 2438 626 2510 πληρῶσαι
655 2454 669 2468 °
710 2438 924 2510 ἡμέρας
979 2438 1036 2491 δὲ
1091 2437 1240 2507 λέγει
1287 2438 1387 2501 τάς
1414 2436 1754 2506 τεταγμένας
1796 2453 1811 2468 ο
1864 2453 2005 2506 προ-

336 2534 693 2601 πεμπόντων
721 2530 880 2601 ἠμᾶς
904 2529 1146 2585 πάντων
1178 2531 1301 2585 σὺν
1342 2529 1581 2600 γυναιξί
1614 2529 1711 2583 καί
1746 2529 2001 2595 τέκνοις.

406 2622 633 2693 γ’.[5Η]
668 2622 802 2691 Ὅρα
827 2622 964 2692 πόση
998 2624 1030 2693 ή
1061 2620 1405 2693 παράκλησις
1435 2617 1521 2692 ἦν’
1549 2621 1640 2674 καὶ
1666 2619 1826 2674 πάλιν
1848 2621 2005 2690 εὐχό-

339 2729 489 2784 μενοι
519 2713 845 2767 διαλύονται.
883 2714 992 2765 Καὶ
1016 2714 1073 2765 ἐν
1096 2712 1416 2783 Πτολεμαΐδι
1447 2713 1576 2782 μίαν
1602 2711 1853 2782 μένουσιν
1874 2709 2014 2781 ἡμι-

338 2823 457 2876 ραν,
504 2808 560 2858 ἐν
599 2805 654 2858 δὲ
692 2805 1001 2877 Καισαρείᾳ
1056 2806 1297 2867 πλείους.
1349 2803 1459 2858 Καὶ
1508 2805 1597 2857 ὅτε
1647 2803 1879 2873 ἤκουσεν
1924 2802 2006 2856 ὅτι

338 2896 506 2968 μυρία
553 2897 702 2951 δεινά
751 2895 865 2967 ἔχει
919 2895 1134 2963 παθεῖν,
1196 2897 1319 2949 τότε
1381 2893 1684 2963 ἐπείγεται,
1752 2895 1853 2948 οὐκ
1914 2894 2008 2947 ἐπὶ

333 2992 459 3055 τοὺς
483 2990 760 3052 κινδύνους
819 2990 1030 3058 ῥίπτων
1099 2987 1323 3053 ἐαυτὸν,
1384 2984 1501 3040 ἀλλ’
1554 2985 1854 3055 ἡγούμενος
1911 2985 2005 3039 τοῦ

337 3082 652 3152 ῐινεύματος
690 3075 829 3132 εἶναι
867 3080 930 3132 τὸ
973 3079 1322 3152 πρόσταγμα.
1361 3078 1521 3133 Μετὰ
1561 3077 1758 3142 δὲτὰς
1784 3077 2007 3147 ἡμέρας

335 3176 555 3239 ταύτας
610 3171 1176 3240 ἐπισκευασάμενοι,
1242 3172 1427 3241 φησὶν,
1470 3170 1871 3240 ἀναϐαίνομεν
1920 3172 2007 3236 είς

347 3265 726 3333 Ἰεροσόλυμα
746 3280 761 3294 ο
788 3262 1055 3327 τουτέστι,
1085 3263 1153 3317 τά
1179 3261 1314 3333 πρὸς
1337 3262 1436 3333 τὴν
1473 3262 1782 3334 ὁδοιπορίαν
1813 3261 2006 3317 λαϐόν-

334 3376 445 3423 τες.
490 3354 803 3423 Συνῆλθον
827 3355 895 3409 δὲ
932 3355 1031 3409 καί
1062 3354 1180 3409 τῶν
1196 3354 1481 3425 μαθητῶν
1501 3355 1621 3409 ἀπὸ
1648 3356 2008 3424 Καισαρείας

336 3450 457 3503 σὺν
484 3449 647 3518 ἡμῖν,
672 3449 921 3518 ἄγοντες
945 3449 1079 3517 παρ’
1105 3440 1152 3514 ᾧ
1174 3444 1561 3516 ξενισθῶμεν,
1582 3446 1871 3501 Μνάσωνί
1892 3464 2008 3502 τινι

337 3543 597 3610 Κυπρίῳ,
652 3542 878 3610 ἀρχαίῳ
923 3538 1199 3610 μαθητῇ·
1232 3539 1570 3609 γενομένων
1616 3538 1685 3592 δὲ
1728 3537 1898 3608 ήμῶν
1922 3540 2009 3606 είς

347 3632 749 3700 Ἰεροσόλυμα,
782 3631 1057 3699 ἀσμένως
1107 3630 1394 3694 ἐδέξαντο
1443 3629 1603 3699 ἡμᾶς
1646 3632 1702 3683 οί
1731 3630 2005 3699 ἀδελφοί.

340 3723 449 3775 Καὶ
479 3723 598 3793 δρα,
624 3723 725 3775 οὐκ
762 3717 919 3775 εἶπεν
953 3722 1212 3790 Ἀγαϐος,
1244 3722 1325 3775 ὅτι
1371 3721 1583 3775 Παῦλον
1620 3722 1895 3793 δήσουσιν,
1924 3723 2009 3776 ἵνα

342 3813 416 3882 μή
466 3811 591 3883 δόξῃ
638 3813 700 3864 ἐκ
747 3812 1024 3883 συνθήκης
1062 3812 1282 3881 λέγειν’
1328 3811 1484 3879 ἀλλά,
1536 3812 1647 3867 Τὸν
1684 3812 1892 3880 ἄνδρα,
1935 3809 2007 3869 οὗ

336 3902 509 3955 ἐστιν
546 3901 585 3968 ἠ
636 3900 783 3969 ζώνη
828 3888 1002 3969 ιιῦτηξ
1032 3904 1175 3974 Ἀρα
1213 3903 1307 3956 καὶ
1359 3902 1535 3973 ζώνην
1578 3898 1741 3973 εἶχεν.
1789 3904 2009 3978 Ἐπειδὴ

339 3992 394 4042 δὲ
424 3990 522 4044 οὐκ
554 3992 739 4062 ἴσχυον
771 3995 979 4055 πεῖσαι,
1031 3992 1121 4046 διά
1174 3991 1337 4045 τοῦτο
1371 3991 1603 4057 ἔκλαιον,
1636 3987 1754 4047 εἶτα
1804 3995 2007 4066 ἡσύχα-

340 4099 458 4135 σαν.
516 4082 679 4153 Ὀρᾷς
719 4082 1071 4153 φιλοσοφίαν;
1131 4084 1264 4154 ὁρᾷς
1298 4083 1709 4153 φιλοστοργίαν;
1760 4085 2011 4157 Ἠσυχά-

339 4189 553 4241 σιιμεν,
607 4174 790 4244 φησὶν,
853 4175 1153 4241 εἰπόντεςο
1210 4175 1278 4228 Τὸ
1334 4174 1571 4244 θέλημα
1618 4176 1728 4231 τοῦ
1778 4179 2003 4246 Κυρίου

337 4268 611 4334 γενέσθω.
655 4269 951 4337 Ἀγοντες,
988 4268 1142 4339 φησὶ»
1181 4269 1316 4337 παρ’
1347 4260 1396 4333 ᾧ
1443 4267 1829 4339 ξενισθῶμδν⁹
1868 4271 2010 4341 Ἄρα

337 4360 434 4412 οὐκ
486 4360 566 4423 εἰς
623 4358 722 4430 τὴν
766 4357 1078 4428 ἐκκλησίαν.
1111 4358 1245 4410 Τότε
1292 4359 1392 4427 μὲν
1420 4358 1549 4429 γὰρ,
1592 4360 1681 4413 ὅτε
1738 4360 1879 4430 ὑπὲρ
1924 4360 2012 4413 δο-

338 4452 563 4521 γμάτων
606 4450 862 4522 ἀνῄεσαν,
903 4450 963 4501 ἐν
1011 4451 1079 4520 τῇ
1126 4449 1397 4520 ἐκκλησίᾳ
1439 4448 1771 4513 ξενίζονται·
1828 4449 1924 4503 νῦν
1956 4449 2013 4503 δὲ

337 4547 487 4618 παρὰ
522 4546 739 4620 μαθητῇ
795 4563 903 4599 τινι
948 4546 1184 4617 ἀρχαίῳ.
1240 4546 1493 4599 Δείκνυσι
1547 4545 1714 4599 πολὺν
1761 4546 1855 4599 τοῦ
1907 4564 2009 4619 κη-

340 4639 617 4707 ρύγματος
669 4636 763 4688 τὸν
819 4635 1008 4705 χρόνον
1062 4634 1277 4687 λοιπόν·
1336 4633 1461 4687 ὅθεν
1516 4651 1608 4704 μοι
1657 4635 1804 4689 δοκεῖ
1844 4637 2011 4691 πολλά

338 4734 430 4800 ἐτη
470 4726 785 4796 ἐπιτέμνειν
841 4726 899 4777 ἐν
948 4728 1066 4787 ταῖς
1091 4725 1358 4793 Πράξεσιν
1394 4716 1569 4789 οὗτος,
1626 4726 1694 4779 τά
1753 4733 2009 4781 κατεπεί-

336 4840 506 4893 γοντα
542 4821 702 4891 μόνον
740 4817 934 4887 λέγων.
970 4817 1036 4870 Τί
1082 4820 1220 4882 ἐστι,
1269 4819 1337 4874 Τὸ
1378 4818 1608 4889 θέλημα
1648 4821 1754 4874 τοῦ
1789 4822 2009 4889 Κιψίου

336 4912 632 4985 τενέσθω;
669 4907 895 4980 Κύριος,
958 4909 1144 4978 φησὶν,
1197 4910 1359 4973 αὐτὸς
1405 4910 1467 4965 τὸ
1520 4910 1750 4981 ἀρεστὸν
1780 4910 2009 4964 ἐνώπιον

337 5005 503 5061 αὐτοῦ
546 5006 784 5074 ποιήσει.
821 4999 1187 5074 Ἦσυχάζουσι
1234 5001 1289 5055 δὲ
1318 5004 1535 5064 ἐκείνοι,
1577 5001 1671 5056 καὶ
1713 5002 1813 5055 οὐκ
1840 5002 2007 5071 ἀναγ-

338 5100 615 5170 κάζουσιν.
667 5097 827 5159 Ἴσως
880 5094 1156 5156 συνεῖδον,
1208 5095 1291 5147 ὅτι
1344 5094 1405 5147 τὸ
1450 5094 1661 5166 θέλημα
1712 5090 1781 5165 ἦν
1829 5095 2004 5157 Θεοῦ,

336 5192 444 5251 ἀπὸ
482 5191 582 5262 τῆς
642 5188 855 5244 Παύλου
904 5185 1216 5259 προθυμίας
1264 5184 1420 5240 τοῦτο
1475 5186 1911 5257 στοχασάμενοι·
1947 5187 2007 5240 οὐ

335 5284 444 5354 γὰρ
478 5282 546 5337 ἂν
588 5282 733 5336 οὕτω
765 5277 977 5341 Παῦλος
1027 5276 1410 5353 προεθυμήθη,
1454 5276 1578 5331 οὐτε
1626 5278 1757 5342 Θεὸς
1800 5276 1866 5331 ἂν
1896 5278 2009 5335 εἶα-

342 5394 432 5435 cev
483 5377 513 5428 ό
568 5375 655 5430 ἀεὶ
722 5370 986 5429 κινδύνων
1044 5368 1369 5440 ἐξαρπάζων
1418 5367 1600 5422 αὐτόν.
1666 5368 1854 5431 Οὕτως
1909 5369 2010 5422 οὐκ

339 5469 619 5524 ὲῖὶούλοντο
685 5465 870 5538 βαρεῖν
931 5462 1031 5535 τὴν
1086 5461 1406 5529 ἐκκλησίαν,
1454 5461 1605 5525 ὄντος
1664 5461 1852 5533 ἐτέρου
1917 5461 2009 5514 τοῦ

340 5558 637 5624 ξενίζοντος
698 5559 916 5624 αὐτοὺς,
955 5556 1077 5612 οὐδὲ
1121 5555 1340 5626 ἀξίωμα
1389 5553 1653 5627 ἀπῄτουν.
1725 5552 2012 5623 Ἀσμένως

341 5649 518 5717 ἡμᾶς,
549 5651 737 5722 φησὶν.
776 5651 1146 5715 ἀπεδέξαντο
1175 5652 1229 5702 οἰ
1256 5648 1531 5717 ἀδελφοί.
1564 5645 1763 5700 Λοιπὸν
1789 5648 2010 5717 εἰρήνης

339 5736 407 5806 ἦν
444 5740 617 5807 μεστά
653 5741 723 5795 τὰ
754 5741 1060 5810 πράγματα
1086 5742 1153 5793 τά
1185 5741 1244 5792 ἐν
1282 5738 1552 5801 Ἰουδαίοις
1579 5750 1630 5801 ι,
1665 5739 1756 5793 καὶ
1793 5738 1891 5808 οὐχ
1937 5738 2012 5801 ἀς

344 5830 607 5900 πρότερον
635 5828 869 5897 πόλεμος
901 5826 987 5897 ἦν.
1039 5830 1316 5896 Ἄγοντες
1363 5826 1539 5896 ¹ἡμᾶς,
1590 5829 1744 5897 φησὶ,
1800 5829 1935 5897 παρ’
1964 5824 2011 5897 ᾧ

346 5918 734 5990 ξενισθῶμεν.
768 5918 975 5970 ΙΙαῦλον
998 5918 1231 5983 ἐξένισεν
1262 5920 1485 5981 ἐκεῖνος.

411 6033 431 6055 ⁸
460 6027 617 6085 ιἠυι,
635 6022 692 6069 τὰ
721 6022 969 6084 πράγματα
997 6022 1050 6067 τὰ
1080 6022 1141 6073 εἰς
1188 6020 1459 6076 Ἰουδαίους.

1163 388 1221 444 S.
1259 384 1544 443 JOANNLS
1579 382 2066 442 CHRYSOSTOMI
2104 381 2418 439 ARCHIEP.
2463 381 3008 439 CONSTANTINOP.

3655 376 3761 432 3|8

2170 502 2328 572 Τάχα
2383 518 2465 564 τις
2511 500 2664 572 ὐμῶν
2722 501 2865 573 ἐρεῖ·
2900 500 2968 553 Εἰ
3007 516 3089 562 τις
3132 496 3301 568 κάμοὶ
3348 496 3561 552 Παῦλον
3598 498 3762 552 ἐδωκι

2097 592 2320 659 ξενίσαι,
2371 593 2601 663 ἑτοίμως
2640 593 2706 646 ἂν
2747 592 2842 645 καὶ
2894 590 3031 661 μετὰ
3066 590 3265 661 πολλῆς
3310 589 3409 660 τῆς
3456 591 3767 661 προθυμίας

2096 685 2255 739 τοῦτο
2296 685 2548 754 ἐποίησα.
2589 685 2718 738 ’1δού
2768 684 2861 738 τὸν
2900 682 3114 736 Παύλου
3156 683 3433 754 Δεσπότην
3479 683 3658 750 ἔξεστί
3684 703 3767 740 σοι

2098 778 2322 845 ξενίσαι,
2362 779 2457 833 καὶ
2486 778 2546 831 οὐ
2582 776 2796 849 βούλει·
2839 776 2893 829 '0
2921 775 3029 846 γὰρ
3070 776 3414 845 δεχόμενος,
3442 777 3627 847 φησὶν,
3657 776 3769 835 ἕνα

2096 869 2217 924 τῶν
2259 868 2619 939 ἐλαχίστων,
2659 866 2762 938 ἐμὲ
2799 866 3054 937 δέχεται.
3081 867 3232 936 Ὄσῳ
3266 864 3332 920 ἂν
3370 865 3709 942 ἐλάχιστος
3738 871 3768 922 δ

2096 961 2343 1031 ἀδελφὸς,
2373 959 2613 1032 τοσούτῳ
2639 960 2839 1031 μᾶλλον
2863 962 2892 1014 ὁ
2931 959 3166 1031 Χριστὸς
3186 959 3252 1011 δι’
3285 959 3450 1014 αὐτοῦ
3473 961 3768 1031 παραγίνε-

2098 1072 2203 1109 ται.
2247 1056 2304 1108 '0
2343 1055 2445 1126 μὲν
2467 1055 2576 1125 γὰρ
2603 1054 2693 1108 τὸν
2722 1054 2900 1125 μέγαν
2930 1052 3240 1124 δεχόμενος,
3273 1052 3532 1116 πολλάκις
3558 1053 3651 1106 καί
3680 1054 3768 1108 διά

2099 1145 2406 1211 κενοδοξίαν
2436 1148 2618 1201 ποιεῖ’
2667 1147 2695 1198 δ
2749 1145 2808 1198 δὲ
2847 1144 2940 1198 τὸν
2971 1143 3185 1215 μικρὸν,
3232 1142 3491 1215 καθαρῶς
3541 1144 3629 1198 διά
3674 1146 3768 1199 τὸν

2100 1238 2355 1310 Χριστόν.
2390 1238 2610 1303 Ἔξεστί
2644 1254 2726 1292 σοι
2762 1238 2857 1291 καὶ
2898 1236 2988 1290 τὸν
3014 1236 3234 1307 Πατέρα
3274 1236 3480 1303 ξενίσαι
3516 1236 3610 1289 τοῦ
3640 1238 3769 1310 X9:-

2103 1332 2251 1396 στοῦ,
2285 1332 2379 1385 καὶ
2412 1332 2473 1384 οὐ
2515 1331 2713 1401 βούλευ
2741 1329 2926 1395 Ξένος
2957 1330 3065 1399 γὰρ
3092 1328 3280 1399 ἤμην,
3309 1330 3464 1400 φησὶ,
3496 1330 3592 1383 καί
3618 1345 3768 1384 συν-

2100 1421 2350 1491 ηγάγετέ
2398 1436 2513 1490 με·
2564 1421 2659 1474 καὶ
2698 1421 2878 1488 πάλιν,
2928 1421 3045 1490 Ἐφ’
3085 1418 3237 1473 ὅσον
3269 1419 3363 1472 ἑνί
3394 1421 3623 1473 τούτων
3650 1417 3769 1472 τῶν

2099 1513 2440 1581 ἐλαχίστων
2468 1513 2814 1580 ἐποιήσατε,
2840 1512 2968 1582 ἐμοὶ
2997 1512 3344 1581 ἐποιήσατε.
3376 1513 3498 1565 Κᾶν
3526 1512 3600 1582 μὴ
3620 1511 3768 1567 Παῦ-

2100 1606 2192 1667 λος
2220 1601 2277 1679 ᾖ,
2318 1605 2510 1669 πιστὸς
2542 1606 2599 1658 δὲ
2719 1605 2814 1658 καὶ
2860 1604 3106 1675 ἀδελφὸς,
3161 1605 3264 1659 κᾶν
3319 1605 3600 1675 ἐλάχιστος
3643 1601 3701 1676 ᾗ,
3743 1607 3772 1659 ὁ

2103 1698 2337 1770 Χριστὸς
2380 1699 2447 1752 δι’
2495 1696 2662 1751 αὐτοῦ
2715 1698 3099 1770 παραγίνεται.
3151 1697 3398 1763 Ἀνοιξον
3436 1697 3534 1766 τήν
3571 1698 3769 1761 οἰκίαν,

2103 1790 2376 1857 ὑπόδεξαι.
2420 1790 2474 1843 '0
2494 1791 2819 1861 δεχόμενος
2846 1789 3178 1861 προφήτην,
3205 1790 3356 1860 φησὶ,
3386 1788 3608 1858 μισθὸν
3630 1804 3773 1859 προ·

2104 1885 2300 1954 φήτου
2326 1884 2605 1953 λήψεται.
2637 1884 2845 1939 Οὐκοῦν
2878 1885 2972 1938 καὶ
2995 1886 3023 1938 ὁ
3064 1884 3295 1955 Χριστὸν
3329 1882 3641 1952 δεχόμενος,
3674 1884 3774 1956 λή-

2104 1976 2264 2044 ψεται
2296 1976 2484 2046 μισθὸν
2514 1976 2608 2030 τοῦ
2646 1977 2737 2031 τὸν
2777 1976 3012 2046 Χριστὸν
3042 1976 3357 2041 ξενίζοντος.
3402 1973 3493 2045 Μὴ
3550 1975 3772 2031 ἀπίστει

2104 2071 2215 2132 τοῖς
2257 2066 2405 2140 [352]
2443 2068 2683 2139 ῥήμασιν
2727 2068 2915 2132 αὐτοῦ,
2956 2067 3094 2121 ἀλλά
3139 2067 3299 2134 γενοῦ
3348 2066 3565 2130 πιστόςο
3610 2066 3774 2132 αὐτὸς

2105 2158 2277 2225 εἶπεν,
2312 2162 2393 2214 ὅτι
2416 2162 2492 2213 Δι’
2514 2162 2694 2216 αὐτῶν
2716 2160 2826 2231 ἐγὼ
2855 2160 3262 2233 παραγίνομαι·
3298 2159 3392 2212 καὶ
3423 2159 3511 2213 ἵνα
3543 2157 3619 2230 μὴ
3649 2158 3778 2213 ἀπι-

2108 2254 2259 2323 στῇς,
2308 2253 2401 2307 καὶ
2457 2253 2724 2324 τιμωρίας
2777 2251 2950 2324 ὁρίζει
2997 2254 3109 2315 τοῖς
3166 2250 3239 2322 μὴ
3294 2250 3624 2321 δεχομένοις,
3682 2248 3777 2302 καὶ

2104 2342 2269 2413 τιμὰς
2293 2345 2405 2405 τοῖς
2430 2344 2758 2414 δεχομένοις,
2790 2344 2889 2396 οὐκ
2920 2342 2986 2396 ἂν
3023 2341 3181 2410 τοῦτο
3204 2342 3459 2412 ποιήσας,
3493 2344 3541 2396 εἰ
3576 2342 3651 2413 μὴ
3683 2344 3777 2398 καὶ

2106 2437 2134 2488 ὁ
2155 2433 2405 2505 τιμηθεὶς
2434 2436 2530 2488 καὶ
2550 2437 2578 2487 ό
2615 2434 2894 2505 ὑϐρισθεὶς
2919 2433 3079 2497 αὐτὸς
3103 2428 3191 2504 ἦν.
3238 2432 3435 2496 Ἐδέξω
3470 2451 3559 2504 με,
3587 2434 3774 2505 φησὶν,

2108 2528 2188 2589 εἰς
2215 2526 2275 2578 τὸ
2334 2525 2424 2578 σὺν
2463 2526 2824 2603 καταγώγιον,
2858 2524 3079 2596 δέξομαί
3129 2542 3189 2577 σε
3240 2526 3319 2587 εἰς
3371 2525 3473 2595 τὴν
3501 2524 3778 2594 βασιλείαν

2107 2618 2201 2671 τοῦ
2236 2619 2450 2691 Πατρός
2483 2635 2585 2688 μου
2610 2634 2624 2648 ⁸
2658 2618 2857 2682 έλυσάς
2890 2635 2979 2689 μοι
3025 2617 3117 2671 τὸν
3168 2618 3348 2688 λιμὸν,
3389 2621 3536 2671 λύσω
3584 2634 3666 2671 σοι
3708 2616 3777 2669 τὰ

2109 2714 2513 2786 άμαρτήματα’
2570 2707 2709 2777 εἶδές
2769 2730 2836 2784 με
2880 2713 3183 2784 δεδεμένον,
3243 2717 3476 2790 ὁρᾶσθαί
3532 2738 3591 2773 σε
3642 2721 3780 2776 ποιῶ

2106 2807 2476 2877 λελυμένονδ·
2510 2806 2651 2871 εἶδές
2688 2824 2756 2878 με
2794 2807 2966 2875 ξένον,
3001 2810 3143 2864 ποιῶ
3194 2828 3255 2865 σε
3295 2812 3519 2880 πολίτην
3547 2814 3657 2867 τῶν
3682 2815 3777 2868 οὐ·

2109 2900 2317 2970 ρανῶνο
2360 2900 2567 2965 ἔδωκάς
2599 2919 2690 2971 μοι
2734 2902 2919 2974 ἀρτον,
2962 2901 3156 2972 δίδωμί
3207 2920 3289 2956 σοι
3334 2902 3613 2973 βασιλείαν
3662 2904 3778 2959 ὀλό-

2106 2990 2329 3062 κληρον,
2361 2992 2500 3045 ὥστε
2530 2992 2937 3064 κληρονομῆσαι
2966 2994 3063 3047 καλ⁵
3089 2997 3402 3064 κατασχεῖν.
3440 2994 3619 3047 Δεῦτε
3644 2994 3774 3068 γάρ,

2108 3085 2264 3155 φησί,
2312 3083 2807 3153 κληρονομήσατε
2844 3086 2960 3154 τὴν
2994 3087 3449 3157 ἡτοιμασμένην
3482 3088 3627 3158 ὑμῖν
3664 3090 3779 3154 ,βα-

2108 3178 2369 3231 σιλείαν.
2416 3178 2530 3231 Οὐκ
2567 3172 2709 3240 εἷπε,
2763 3178 2993 3244 Λάϐετε,
3041 3179 3198 3246 ἀλλά,
3251 3181 3777 3249 κληρονομήσατε,

2107 3267 2245 3340 ὅπερ
2301 3268 2393 3322 ἐπὶ
2442 3268 2552 3323 τῶν
2604 3270 2808 3341 κυρίως
2857 3271 3156 3340 κτωμένων
3229 3270 3470 3340 λέγεται,
3513 3272 3590 3337 ὡς
3651 3273 3779 3328 ὅταν

2106 3358 2386 3431 λέγωμενο
2436 3360 2566 3414 Τόδε
2618 3362 3055 3435 ἐκληρονόμησα.
3097 3363 3389 3434 Ἐποίησας
3439 3366 3518 3428 εἰς
3567 3365 3667 3435 ἐμὲ
3720 3367 3778 3421 ἐν

2108 3452 2357 3523 κρυπτῷ,
2392 3452 2502 3521 ἐγὼ
2532 3453 2752 3524 κηρύξω
2777 3455 2835 3507 ἐν
2860 3454 3079 3527 φανερῷ
3099 3471 3111 3483 °
3145 3456 3239 3509 καὶ
3264 3456 3330 3509 τά
3364 3456 3465 3527 μὲν
3498 3456 3567 3510 σά
3611 3456 3777 3525 λέγω,

2107 3546 2190 3599 ὅτι
2222 3545 2443 3616 χάριτος
2487 3540 2574 3616 ἦν,
2605 3546 2673 3600 τά
2720 3546 2777 3599 δὲ
2829 3548 2959 3617 ἐμά,
2997 3547 3238 3619 ὀφειλῆς.
3287 3548 3507 3619 Ἐπειδὴ
3550 3550 3658 3620 γὰρ
3692 3550 3799 3611 σὺ(

2110 3636 2293 3706 φησιν,
2322 3636 2493 3707 ήρξω,
2548 3637 2660 3706 ἐγὼ
2707 3637 2911 3709 ἕπομαι
2960 3640 3055 3693 καὶ
3112 3638 3390 3693 ἀκολουθῶ
3415 3660 3430 3675 ο
3460 3642 3560 3694 οὐκ
3594 3641 3781 3712 αίσχύ-

2110 3747 2272 3800 νομαι
2296 3730 2625 3801 ὁμολογῆσαι
2678 3729 2777 3795 τὰς
2811 3732 2893 3795 εἰς
2945 3732 3047 3802 ἐμὲ
3083 3732 3382 3802 γενομένας
3436 3732 3780 3802 εὐεργεσίας,

2108 3823 2228 3877 οὐδὲ
2266 3822 2427 3875 τίνων
2456 3840 2522 3891 με
2561 3822 2898 3893 ἀπήλλαξας,
2945 3822 3105 3892 λιμοῦ
3160 3825 3255 3878 καὶ
3307 3826 3643 3894 γυμνότητος
3684 3824 3780 3877 καὶ

2112 3914 2342 3984 πλάνης.
2392 3912 2541 3978 Εἷδές
2577 3932 2643 3984 με
2678 3914 2979 3984 δεδεμένον,
3035 3915 3134 3969 οὐκ
3188 3916 3308 3985 ὄψει
3344 3917 3403 3970 τὸ
3434 3916 3530 3986 τῆς
3553 3915 3780 3986 γεέννης

2111 4006 2257 4076 πῦρο
2291 4001 2428 4068 εἶδές
2482 4022 2549 4075 με
2602 4004 3011 4077 ἀρρωστοῦντα,
3044 4007 3144 4061 οὐκ
3191 4006 3311 4077 ὄψει
3345 4005 3412 4058 τὰ
3445 4005 3779 4076 βασανιστή-

2115 4114 2204 4166 ρια
2233 4097 2355 4151 οὐδὲ
2400 4098 2498 4161 τάς
2540 4099 2832 4169 τιμωρίας.
2866 4100 2930 4152 Ὢ
2966 4102 3147 4170 χεῖρες
3188 4098 3354 4163 ὅντως
3392 4098 3777 4171 εὐλογημέναι,

2110 4193 2167 4244 αἱ
2202 4189 2480 4252 τοιαύταις
2528 4191 2863 4260 οἰκονομίαις
2913 4190 3342 4261 διακονούμεναι,
3379 4192 3435 4244 αἰ
3490 4190 3780 4256 καταξιού-

2114 4291 2319 4353 μεναια
2373 4281 2664 4351 ὑπηρετεῖν
2709 4281 2787 4353 τῷ
2843 4282 3085 4354 Χριστῷ.
3141 4284 3309 4347 Πόδες
3369 4285 3450 4347 εἰς
3498 4283 3780 4353 δεσμωτή-

2113 4389 2206 4443 ρια
2259 4370 2564 4441 βαδίζοντες
2617 4371 2705 4426 διὰ
2756 4374 2851 4426 τὸν
2910 4374 3166 4444 Χριστὸν,
3223 4374 3460 4438 εὐκόλως
3514 4375 3778 4428 κατατολ-

2114 4463 2256 4533 μῶσι
2290 4464 2382 4517 τοῦ
2409 4464 2617 4535 πυρός⁴
2661 4465 2721 4518 οὐ
2774 4463 3109 4536 λαμϐάνουσι
3160 4470 3354 4537 πεῖραν
3402 4466 3513 4521 τῶν
3563 4467 3779 4537 δεσμῶν

2110 4557 2290 4626 χεῖρες
2343 4557 2400 4609 αἱ
2453 4556 2738 4628 δεδεμένον
2791 4558 2956 4611 αὐτὸν
3024 4557 3249 4612 ἰδοῦσαι.
3306 4557 3595 4621 Ἐνέδυσας
3649 4557 3779 4628 ἱμά-

2111 4662 2247 4709 τιον,
2296 4648 2390 4702 καὶ
2437 4648 2597 4720 ἐνδύῃ
2635 4650 2846 4720 ίμάτιον
2893 4650 3196 4719 σωτηρίου’
3242 4649 3429 4718 ἐγένου
3466 4652 3523 4701 ἐν
3565 4650 3779 4720 δεσμωο

2111 4740 2286 4809 τηρίῳ
2317 4743 2437 4811 μετ’
2476 4741 2663 4807 αὐτοῦ,
2706 4743 2799 4795 καὶ
2848 4742 2970 4813 γίνῃ
3020 4744 3078 4795 ἐν
3128 4741 3376 4813 βασιλεία
3428 4744 3545 4813 μετ’
3588 4740 3776 4795 αὐτοῦ.

2113 4832 2302 4887 Ταῦτα
2359 4834 2615 4905 ὁμολογεῖ
2667 4836 2769 4889 οὐκ
2823 4836 3243 4905 αἰσχυνόμενος,
3300 4834 3416 4888 ἀλλ’
3486 4834 3643 4898 εἰδὼς
3696 4835 3780 4888 ὅτι

2113 4925 2276 4978 αὐτὸν
2300 4926 2609 4996 ἐπεσκέψω.
2642 4926 2757 4980 Οὐκ
2794 4926 2910 4997 ᾔδει
2955 4928 3222 4996 ἀγγέλους
3279 4926 3500 4992 ξενίζων
3521 4928 3552 4979 ὁ
3586 4944 3783 4999 πατρι-

2112 5019 2326 5090 άρχης,
2387 5021 2481 5074 καὶ
2545 5019 2799 5085 ἐξένιζεν.
2848 5019 3272 5091 Δίσχυνθῶμεν,
3329 5020 3635 5091 παρακαλῶ
3660 5038 3673 5051 ’
3724 5021 3783 5074 ἐν

2115 5111 2435 5184 μεσημϐρίᾳ
2461 5112 2694 5182 ἐκάθητο
2745 5112 2832 5165 ἐπ’
2862 5111 3150 5182 ἀλλοτρίας
3173 5109 3269 5175 ὢν,
3302 5111 3437 5165 ὅπου
3471 5112 3592 5165 οὐδὲ
3630 5111 3781 5183 βῆμα

2112 5203 2274 5267 ποδὸς
2303 5201 2417 5274 εἶχε
2447 5203 2596 5270 ξένος
2629 5200 2720 5276 ἦν,
2752 5204 2848 5261 καὶ
2876 5204 3063 5271 ξένους
3085 5203 3323 5271 ἐξένιζεν
3373 5207 3402 5259 ὁ
3452 5203 3602 5269 ξένος
3623 5221 3636 5234 ·
3680 5224 3779 5259 που

2110 5297 2264 5367 λίτης
2295 5296 2401 5367 γὰρ
2428 5292 2496 5367 ἦν
2516 5296 2625 5349 τῶν
2654 5296 2918 5365 οὐρανῶν.
2945 5296 3042 5349 Διά
3070 5296 3227 5350 τοῦτο
3255 5296 3376 5350 οὐδέ
3419 5298 3513 5351 ἐπὶ
3546 5298 3648 5367 γῆς
3681 5296 3779 5364 ὢν,

2114 5389 2260 5456 ξένος
2304 5384 2393 5461 ἦν.
2440 5390 2633 5458 Ἡμεῖς
2669 5390 2880 5443 ἐκείνου
2913 5390 3008 5443 τοῦ
3056 5389 3209 5455 ξένου
3249 5389 3450 5460 μᾶλλον
3496 5390 3656 5455 ξένοι,
3706 5390 3785 5458 μὴ

2112 5485 2393 5553 δεχόμενοι
2424 5481 2624 5547 ξένους.
2656 5483 2771 5537 Οὐκ
2804 5478 2950 5553 εῖχεν
2981 5483 3183 5547 οἰκίαν,
3210 5484 3306 5537 καί⁵
3339 5484 3686 5552 καταγώγιον
3712 5480 3781 5553 ἦν

2112 5579 2261 5650 αὐτῷ
2305 5580 2339 5649 ἡ
2372 5579 2566 5650 σκηνή.
2593 5578 2704 5632 Kal
2743 5578 2845 5649 δρα
2876 5577 2937 5632 τὸ
2968 5576 3221 5645 δαψιλέςο
3264 5576 3464 5647 μόσχον
3504 5576 3647 5639 ἔθυε,
3689 5578 3782 5630 καί

2113 5676 2317 5747 ἄλευρα
2337 5674 2555 5744 ἐφυρεν.
2591 5674 2791 5728 ’Δκουε
2829 5671 2922 5731 καὶ
2952 5671 3014 5724 τὸ
3044 5669 3325 5741 πρόθυμον
3345 5687 3358 5700 θ
3384 5669 3449 5723 δι’
3471 5669 3666 5723 ἐαυτοῦ
3691 5670 3782 5724 καὶ

2112 5767 2211 5836 τῆς
2231 5766 2484 5833 γυναικὸς
2514 5763 2672 5823 τοῦτο
2705 5766 2865 5817 ποιεῖ.
2907 5762 3105 5817 Σκόπει
3127 5763 3220 5816 καὶ
3252 5762 3312 5815 τὺ
3338 5762 3544 5831 ἄτυφον
3566 5776 3580 5791 ο
3610 5777 3784 5835 προσ.

2115 5849 2266 5899 κυνεῖ
2288 5846 2378 5898 καὶ
2408 5843 2737 5914 παρακαλεῖ.

2197 5960 2225 5998 b
2254 5958 2405 6012 l’nus.
2450 5958 2713 6021 δεδεμένον,
2760 5959 2860 6021 δρῶ
2903 5975 2959 6007 σε
2999 5958 3265 6018 λελυμένον.
3382 5958 3405 5987 ⁸
3456 5954 3587 6007 Idem

2115 6026 2162 6071 αἰ
2188 6020 2399 6069 τοιαῦται
2425 6019 2685 6081 οἰκονομίαι
2712 6019 3098 6082 οἰκονομούμεναι
3120 6021 3164 6067 αἱ
3190 6035 3295 6083 κατ.
