4148 6152
550 314 655 371 517

544 431 758 490 Chium,
787 426 838 482 in
859 421 1186 497 Trogylium,
1213 422 1266 478 in
1296 423 1539 490 Samum,
1570 421 1841 491 Miletum;
1869 424 2121 479 dies-om-

546 537 642 578 nes
652 528 776 574 sunt
792 515 1087 573 octodecim
1106 534 1122 572 :
1140 523 1321 586 postea
1340 514 1394 569 in
1410 512 1595 580 Coum,
1618 515 1668 568 in
1685 514 1954 577 Rhodum,
1976 516 2127 570 Pata-

546 627 659 668 ram
686 627 701 675 ;
724 616 846 665 sunt
879 607 1060 678 viginti
1087 617 1140 661 et
1160 621 1265 661 una
1282 605 1398 660 dies
1423 606 1644 660 :deinde
1668 606 1861 661 istbinc
1888 622 1982 676 per
2007 607 2125 661 dies

506 705 777 799 )quinque
802 697 1039 799 Tyrum;
1069 705 1126 751 ut
1144 696 1270 799 lsint
1454 697 1634 766 viginti
1673 712 1765 799 sex
1798 714 1810 749 :
1837 696 1907 799 ibi
1940 707 2123 799 postea

544 800 746 864 scptem
786 790 902 845 dies
934 806 949 844 :
976 797 1098 843 sunt
1125 787 1241 842 dies
1270 786 1480 857 triginta
1512 798 1657 840 tres:
1691 785 2123 842 hinc-Ptolemai-

544 885 664 942 dem
687 897 791 938 una
819 882 942 945 die;
974 888 1097 935 sunt
1118 879 1327 948 triginta
1360 886 1583 948 quatuor
1608 898 1620 932 :
1647 877 1844 934 deinde
1869 878 2127 933 CmSarea:

544 984 723 1035 manet
744 974 984 1047 pluribus
1002 1012 1020 1039 ,
1047 986 1206 1043 quam
1245 970 1371 1025 alibi
1397 1012 1412 1036 ,
1438 970 1627 1025 diebus
1651 986 1667 1034 ;
1688 979 1738 1025 et
1767 982 1890 1025 tunc
1914 969 2126 1023 demum

547 1068 669 1125 inde
695 1066 818 1123 illos
844 1064 1063 1120 abducit
1096 1065 1377 1133 propheta.
1407 1061 1496 1117 Sic
1524 1064 1822 1130 completur
1846 1061 1959 1115 dies
1990 1060 2130 1115 Pen-

548 1168 802 1223 tecostes,
832 1167 887 1212 et
915 1155 984 1210 ibi
1008 1155 1150 1209 illam
1173 1154 1398 1223 peragit.
1427 1152 1555 1206 Vide
1583 1151 1755 1218 illum,
1775 1152 1987 1221 quando
2006 1152 2127 1220 Spi-

549 1252 684 1305 ritus
710 1263 816 1304 non
846 1246 1177 1318 prohibebat,
1206 1243 1613 1313 obsequentem.
1638 1242 1911 1307 Dicebant,
1944 1242 2024 1297 Ne
2045 1244 2131 1297 des

550 1352 597 1397 te
627 1343 678 1395 in
704 1342 951 1394 theatrum
970 1379 986 1404 ,
1014 1345 1068 1392 et
1097 1350 1202 1391 non
1233 1333 1379 1389 dedit
1408 1350 1422 1386 :
1453 1347 1597 1402 saepe
1625 1332 1773 1386 illum
1800 1332 2093 1387 educebant
2111 1373 2126 1394 ,

550 1444 602 1489 et
637 1447 840 1487 morem
884 1429 1088 1500 gessit:
1118 1441 1212 1496 per
1256 1425 1546 1480 fenestram
1598 1424 1789 1477 iterum
1831 1424 2047 1491 elfugit:
2079 1434 2133 1478 et

553 1540 693 1579 nunc
716 1566 732 1588 ,
763 1532 820 1577 ut
850 1524 918 1576 ita
945 1519 1117 1575 dicam
1138 1560 1153 1584 ,
1182 1515 1478 1573 innumeris
1502 1515 1814 1584 rogantibus
1843 1525 1892 1569 et
1917 1515 2040 1584 Tyri
2078 1525 2133 1570 et

551 1616 831 1679 Caesarem,
864 1610 1113 1667 flentibus
1147 1619 1201 1665 et
1247 1610 1525 1662 innumera
1567 1606 1749 1676 gravia
1793 1605 2132 1675 praedicenti-

550 1710 682 1771 bus,
734 1721 836 1761 non
873 1704 1053 1770 cedit,
1081 1701 1322 1771 quamvis
1348 1714 1453 1755 non
1494 1698 1654 1754 modo
1700 1699 1881 1769 gravia
1937 1697 2131 1769 praedi-

548 1809 728 1855 cerent
761 1838 777 1863 ,
825 1795 919 1851 sed
970 1796 1130 1850 etiam
1184 1809 1279 1864 per
1341 1791 1598 1862 Spiritum
1646 1789 2017 1861 praedicerent.
2078 1789 2130 1845 Si

548 1906 676 1963 ergo
716 1888 1124 1961 Spiritusjussit
1151 1927 1168 1954 ,
1207 1901 1305 1941 cur
1354 1881 1824 1941 contradicebant?
1850 1882 1983 1949 Quia
2035 1896 2131 1936 ne-

549 1985 787 2039 sciebant
837 1981 1067 2051 Spiritus
1118 1994 1360 2049 scopum.
1407 1976 1657 2047 Alioquin
1699 1991 1828 2031 vero
1879 1975 2131 2030 adhorta-

553 2078 750 2129 tionem
786 2074 929 2127 illam
962 2087 1056 2143 per
1082 2070 1340 2140 Spiritum
1372 2084 1477 2123 non
1510 2068 1793 2122 faciebant.
1824 2065 1941 2121 Non
1972 2067 2133 2121 modo

553 2167 693 2221 enim
719 2165 898 2235 gravia
926 2162 1288 2235 praedicebant
1306 2201 1322 2226 ,
1350 2161 1446 2217 sed
1472 2160 1775 2227 addebant,
1809 2174 1914 2215 non
1942 2175 2135 2216 ascen-

554 2258 786 2316 dendum
814 2274 956 2326 esse,
989 2265 1269 2329 parcentes
1304 2255 1400 2313 illi.
1435 2255 1500 2311 Et
1530 2257 1765 2327 perfectis
1792 2256 1968 2311 diebus
1992 2296 2008 2323 ,
2046 2257 2101 2312 in
2121 2290 2135 2302 -

554 2352 709 2423 quit,
738 2349 789 2405 id
833 2349 1172 2421 cst,expletis
1203 2365 1219 2402 :
1251 2348 1365 2404 dies
1392 2356 1568 2403 autem
1608 2347 1740 2403 dicit
1768 2347 2131 2418 praestitutus:

553 2441 911 2497 deducentibus
949 2456 1041 2495 nos
1064 2438 1293 2494 omnibus
1319 2454 1431 2493 cum
1460 2438 1699 2494 mribus
1722 2448 1771 2493 et
1802 2438 1990 2493 liberis.

622 2534 677 2589 5.
721 2532 852 2588 Vide
880 2540 1077 2603 quanta
1106 2531 1404 2588 consolatio
1423 2539 1601 2587 esset:
1626 2541 1680 2586 et
1708 2547 1895 2587 rursus
1920 2539 2139 2587 orantes

551 2624 891 2680 divelluntur.
916 2623 1088 2679 Etiam
1111 2622 1442 2679 Ptolemaide
1466 2638 1572 2678 uno
1591 2621 1680 2678 die
1706 2632 1943 2688 manent,
1961 2621 2139 2677 Caesa-

552 2730 657 2768 rea:
686 2728 811 2770 vero
842 2714 1084 2784 plurimis
1104 2712 1313 2769 diebus.
1338 2712 1404 2767 Et
1429 2711 1644 2782 quando
1670 2711 1871 2765 audivit
1898 2726 1956 2767 se
1985 2712 2138 2766 innu-

553 2821 698 2860 mera
724 2806 907 2875 gravia
932 2819 1212 2876 passurum
1236 2819 1360 2860 esse
1383 2845 1399 2869 ,
1430 2814 1556 2859 tunc
1596 2803 1843 2870 festinat,
1887 2820 1994 2859 non
2019 2818 2140 2860 sese

555 2900 606 2951 in
635 2897 872 2967 pericula
896 2896 1188 2966 conjiciens
1212 2937 1228 2963 ,
1255 2895 1350 2950 sed
1383 2902 1576 2965 putans
1604 2894 1832 2964 Spiritus
1854 2909 1975 2951 esse
2001 2911 2138 2965 prat-

553 2999 788 3058 ceptum.
818 2988 907 3044 15.
957 2985 1080 3042 Post
1125 2986 1233 3043 dies
1262 2995 1431 3042 autem
1461 2987 1553 3041 hos
1573 3028 1589 3053 ,
1626 2988 1795 3058 inquit
1817 3028 1831 3051 ,
1867 2988 2140 3058 praeparati

446 3150 451 3162 1
557 3081 947 3137 escendebamus
979 3082 1033 3135 in
1058 3079 1383 3145 Jerusalem;
1410 3080 1462 3135 id
1492 3090 1604 3146 est,
1638 3081 1871 3150 acceptis
1898 3082 1995 3146 iis,
2021 3097 2141 3151 qua:

557 3178 623 3229 ad
654 3176 755 3229 iter
778 3174 1077 3228 necessaria
1103 3183 1278 3230 erant.
1299 3172 1384 3228 l6.
1422 3170 1669 3227 Venerunt
1696 3184 1862 3226 autem
1885 3173 2141 3227 nobiscum

559 3277 604 3322 et
647 3283 712 3323 ea:
755 3264 1020 3337 discipulis
1056 3282 1090 3320 α
1135 3266 1364 3321 Ctesarea
1385 3306 1401 3331 ,
1434 3264 1741 3319 adducentes
1785 3281 1956 3320 secum
2000 3265 2142 3334 apud

558 3374 700 3427 quem
740 3357 1146 3427 hospitaremur,
1200 3354 1499 3411 Hnasonem
1544 3356 1811 3429 quemdam
1855 3356 2098 3429 Cyprium
2120 3397 2137 3423 ,

558 3451 820 3520 antiquum
849 3449 1176 3521 discipulum.
1222 3449 1309 3503 i7.
1342 3446 1410 3503 Et
1447 3463 1565 3503 cum
1590 3451 1894 3504 venissemus
1928 3448 2140 3503 Jeroso—

557 3541 746 3611 lymam
766 3579 781 3605 ,
810 3539 1019 3594 libenter
1043 3548 1343 3609 exceperunt
1369 3555 1460 3593 nos
1483 3541 1687 3610 fratres.
1738 3539 1805 3595 Et
1843 3539 1966 3596 vide
1989 3581 2005 3605 ,
2035 3556 2140 3595 non

558 3631 697 3686 dixit
720 3629 935 3702 Agabus
960 3648 972 3683 :
998 3629 1219 3685 Paulum
1243 3629 1500 3700 ligabunt,
1520 3643 1587 3684 ne
1608 3629 1882 3685 videretur
1902 3644 1969 3685 ex
1990 3639 2144 3699 pacto

560 3723 737 3777 dicere
762 3738 777 3788 ;
808 3721 925 3786 sed,
964 3720 1159 3787 Virum,
1182 3721 1332 3792 cujus
1360 3729 1432 3774 est
1462 3735 1593 3774 zona
1622 3720 1749 3775 hatc.
1782 3721 1923 3791 Ergo
1952 3736 2142 3778 zonam

563 3812 809 3868 habebat.
841 3810 976 3879 Quia
1004 3825 1135 3867 vero
1160 3810 1388 3866 suadere
1421 3824 1526 3865 non
1570 3819 1851 3880 poterant,
1885 3810 2005 3866 ideo
2049 3812 2143 3868 lle-

563 3906 708 3973 bant,
740 3904 935 3960 deinde
963 3896 1304 3975 quieverunt.
1336 3902 1496 3959 Vides
1524 3903 1914 3974 philosophiam
1944 3905 1967 3958 ?
1996 3904 2146 3960 vides

562 3998 759 4053 amoris
784 3996 1032 4053 all‘ectum
1053 3995 1079 4049 ἰ
1105 3995 1414 4064 Quieoimus,
1440 3996 1629 4067 inquit,
1661 3997 1905 4067 dicentes,
1948 3997 2145 4055 Volun-

564 4100 641 4146 tas
660 4089 868 4144 Domini
897 4089 1011 4159 ﬁat.
1042 4088 1381 4150 Adducentes,
1412 4089 1602 4159 inquit,
1629 4092 1771 4161 apud
1796 4108 1941 4161 quem
1966 4092 2145 4162 hospi-

562 4194 801 4237 taremur.
833 4180 997 4253 Igitur
1026 4196 1131 4236 non
1164 4182 1217 4237 in
1239 4182 1488 4239 ecclesia.
1521 4181 1671 4238 Tunc
1695 4184 1838 4238 enim
1862 4226 1876 4249 ,
1906 4199 2025 4239 cum
2048 4199 2146 4253 pro

563 4272 901 4343 dogmatibus
925 4271 1323 4338 ascendebant,
1358 4272 1409 4326 in
1440 4272 1669 4329 ecclesia
1701 4274 2143 4343 hospitabantur,

565 4378 703 4417 nunc
730 4378 858 4419 vero
885 4362 1024 4433 apud
1050 4361 1369 4431 discipulum
1396 4362 1679 4431 quemdam
1706 4365 2003 4434 antiquum.
2031 4364 2140 4419 Os-

567 4454 736 4510 tt-ndit
752 4454 859 4525 jam
882 4452 1045 4509 fuisse
1071 4454 1289 4524 longum
1320 4452 1714 4524 praedicationis
1739 4463 1946 4524 tempus
1971 4472 1985 4511 :
2008 4455 2148 4512 unde

566 4545 695 4601 mihi
722 4546 931 4601 videtur
952 4546 1004 4600 in
1031 4543 1181 4600 Actis
1207 4543 1407 4598 multos
1429 4557 1600 4599 annos
1629 4543 1925 4611 succidere,
1955 4554 2011 4601 et
2030 4561 2149 4616 qua:

566 4638 826 4709 urgebant
846 4646 1049 4692 tantum
1071 4634 1269 4690 dicere.
1298 4633 1436 4702 Quid
1462 4634 1562 4689 sibi
1585 4634 1695 4689 vult
1722 4633 1871 4701 illud,
1909 4634 2149 4692 Voluntas

565 4729 772 4785 Domini
799 4731 890 4800 ﬁat
910 4731 937 4785 ?
962 4730 1220 4786 Dominus
1243 4771 1261 4797 ,
1292 4729 1499 4801 inquit,
1541 4729 1681 4800 quod
1712 4729 1961 4799 placitum
1986 4739 2069 4785 est
2096 4731 2148 4785 in

566 4822 735 4877 oculis
754 4821 888 4886 suis,
911 4821 1091 4878 faciet.
1116 4822 1410 4889 Quiescuut
1436 4830 1616 4876 autem
1637 4820 1736 4888 illi,
1760 4836 1934 4893 neque
1955 4831 2150 4893 cogunt

567 4911 752 4967 illum:
779 4911 918 4967 forte
961 4913 1150 4983 gnari,
1192 4927 1314 4969 esse
1357 4913 1687 4968 voluntatem
1732 4913 1866 4982 Dei,
1895 4913 2038 4984 quod
2081 4929 2150 4971 ex

566 5004 715 5059 Pauli
754 5002 966 5059 fervore
994 5003 1364 5072 coniectabant
1394 5022 1406 5057 :
1441 5019 1561 5058 nam
1602 5003 1801 5075 alioqui
1838 5020 1943 5060 non
1973 5014 2149 5062 tantus

566 5098 715 5152 Pauli
763 5096 941 5152 fervor
980 5093 1215 5161 fuisset,
1254 5111 1429 5167 neque
1474 5098 1614 5152 Deus
1658 5097 2028 5166 permisisset,
2058 5098 2150 5168 qui

565 5203 781 5257 semper
811 5186 960 5241 illum
990 5201 1018 5238 a
1046 5185 1297 5255 periculis
1324 5194 1555 5241 eruerat.
1583 5186 1673 5243 Sic
1700 5187 1953 5244 nolebant
1970 5188 2148 5245 Eccle-

567 5283 661 5333 sia:
690 5282 840 5333 oneri
870 5293 1012 5345 esse,
1034 5291 1156 5331 cum
1177 5276 1312 5333 alius
1333 5287 1499 5343 esset,
1528 5280 1615 5347 qui
1638 5277 1758 5333 illos
1780 5280 2011 5349 hospitio
2030 5294 2150 5335 sus-

566 5373 792 5440 ciperet.
826 5385 1001 5441 neque
1027 5369 1286 5424 honorem
1315 5368 1619 5438 exigebant.
1649 5366 1882 5427 Libenter
1909 5411 1925 5437 ,
1958 5372 2145 5442 inquit,

564 5472 870 5533 exceperunt
911 5478 1003 5517 nos
1030 5462 1234 5532 fratres.
1278 5459 1387 5515 Res
1418 5469 1544 5515 tunc
1587 5460 1638 5514 in
1678 5475 1807 5531 pace
1830 5472 1981 5518 erant
2008 5463 2149 5534 apud

568 5554 785 5611 ἱειάωοε
812 5594 825 5617 ,
858 5568 959 5609 nec
994 5552 1192 5608 bellum
1217 5561 1277 5606 ut
1311 5551 1458 5620 prius
1485 5559 1619 5607 erat.
1645 5550 1897 5606 Ducentes
1922 5569 2033 5619 nos,
2066 5555 2147 5608 in-

566 5654 683 5715 qull
705 5684 722 5709 ,
746 5644 886 5714 apud
909 5661 1056 5715 quem
1098 5644 1488 5714 hospitaremur.
1522 5641 1742 5698 Paulum
1787 5642 1877 5699 ille
1923 5645 2150 5716 hospitio

567 5737 890 5815 excipiebat.

1504 307 1571 363 ΒΝ
1607 307 1786 363 ACTA
1832 308 2349 366 APOSTOLORUM.
2392 308 2618 366 llOMlL.
2664 308 2823 367 XLV.

3709 320 3808 378 δίς

2318 421 2654 494 Hospitalitas
2672 428 3145 483 commendatur.--
3164 432 3317 487 Dicet
3335 432 3555 490 fortasse
3578 448 3708 491 γεειι
3726 459 3810 493 III"

2234 515 2496 584 quispiam
2525 532 2537 566 ε
2560 512 2616 570 Si
2640 517 2756 586 quis
2776 518 2903 572 mihi
2934 517 3154 573 Paulum
3185 521 3414 590 hospitio
3438 525 3810 593 excipiendum

2233 604 2448 660 oﬂ‘erret
2469 648 2483 669 ,
2517 605 2567 660 id
2595 617 2834 677 prompte
2855 618 2909 664 et
2950 609 3199 666 alacriter
3229 616 3479 671 facerem.
3501 615 3639 671 Ecce
3671 619 3810 673 Pauli

2236 696 2515 752 Dominum
2540 698 2633 754 tibi
2660 698 2892 770 hospitio
2913 703 3157 772 excipere
3180 705 3321 772 licet,
3344 718 3398 763 et
3422 725 3526 764 non
3555 711 3629 765 vis
3653 730 3667 766 :
3694 728 3812 766 nam

2234 786 2346 840 ait:
2385 786 2484 853 Qui
2513 789 2722 859 suscipit
2763 806 2920 845 unum
2965 809 3029 847 ea:
3071 794 3149 848 his
3192 798 3411 853 minimi:
3435 843 3449 863 ,
3497 818 3583 857 me
3605 804 3814 872 suscipit

2235 876 2448 944 (Matth.
2479 878 2566 936 18.
2599 880 2653 935 5.
2686 879 2813 935 Luc.
2837 882 2889 939 9.
2921 884 3034 952 48).
3068 884 3279 954 Quanto
3319 892 3494 946 minor
3519 904 3599 949 est
3630 894 3812 962 frater,

2236 975 2384 1023 tanto
2429 970 2597 1040 magis
2642 971 2888 1030 Christus
2937 992 3033 1043 per
3082 978 3253 1047 ipsum
3298 983 3530 1041 advenit.
3561 986 3692 1042 Nam
3724 991 3812 1061 qui

2237 1074 2484 1129 magnum
2511 1063 2815 1133 quempiam
2843 1067 3059 1138 excipit,
3091 1084 3188 1138 per
3212 1088 3398 1127 vanam
3425 1089 3569 1146 saepe
3589 1078 3810 1149 gloriam

2238 1151 2287 1203 id
2315 1152 2424 1221 agit
2450 1169 2464 1217 ;
2496 1154 2586 1224 qui
2620 1170 2748 1211 vero
2793 1172 3014 1228 parvum
3034 1201 3052 1227 ,
3099 1176 3230 1231 pure
3278 1179 3492 1237 propter
3522 1169 3810 1226 Christum.

2238 1241 2384 1296 Licet
2408 1242 2497 1296 tibi
2528 1245 2687 1299 etiam
2713 1247 2922 1303 Patrem
2948 1248 3146 1306 Christi
3175 1256 3447 1324 excipere.
3482 1269 3533 1313 et
3565 1276 3669 1315 non
3696 1266 3774 1318 vis
3798 1283 3810 1318 :

2238 1349 2359 1387 nam
2390 1336 2493 1399 ait,
2530 1334 2728 1407 Hospes
2748 1356 2885 1394 erant
2925 1353 2971 1396 et
2997 1341 3269 1414 collegistis
3296 1363 3392 1411 me,
3422 1359 3476 1405 et
3506 1352 3718 1420 iterum,
3747 1354 3814 1411 In

2236 1437 2477 1496 quantum
2495 1430 2682 1501 fecistis
2698 1433 2787 1485 uni
2806 1449 2870 1487 ea:
2885 1433 2962 1488 his
2981 1437 3221 1500 minimis,
3246 1440 3370 1494 mihi
3390 1444 3576 1511 fecistis
3601 1444 3811 1514 (Matth.

2237 1517 2325 1572 25.
2358 1518 2445 1574 35.
2479 1519 2591 1589 40).
2624 1520 2737 1577 Etsi
2771 1522 2967 1579 Paulus
2995 1540 3101 1581 non
3132 1529 3221 1591 sit,
3254 1530 3298 1585 si
3331 1531 3501 1589 fidelis
3528 1537 3598 1590 sit
3627 1546 3681 1593 et
3708 1539 3814 1593 fra-

2240 1616 2324 1663 ter
2347 1650 2362 1676 ,
2384 1610 2591 1665 etiamsi
2630 1613 2881 1669 minimus
2905 1657 2920 1679 ,
2952 1615 3196 1673 Christus
3230 1628 3406 1676 tamen
3433 1638 3529 1693 per
3558 1626 3705 1681 illum
3727 1629 3817 1683 ad-

2240 1700 2403 1753 venit.
2433 1702 2591 1769 Aperi
2631 1701 2871 1772 domum,
2894 1705 3109 1778 excipe.
3137 1710 3239 1777 Qui
3274 1714 3451 1783 recipit
3480 1719 3775 1789 prophetam
3799 1762 3814 1787 ,

2240 1791 2449 1881 inquit,
2497 1795 2773 1849 mercedem
2819 1799 3079 1867 propheta:
3117 1802 3323 1872 recipiet
3351 1804 3371 1878 (
3399 1805 3485 1860 Id.
3537 1809 3625 1865 10.
3676 1809 3737 1867 bl
3771 1814 3814 1881 ).

2239 1879 2381 1951 Ergo
2402 1884 2489 1952 qui
2514 1885 2703 1955 recipit
2728 1886 3021 1953 Christum,
3046 1892 3270 1962 recipiet
3299 1898 3598 1954 mercedem
3620 1879 3815 1958 Christi

2238 1975 2651 2044 peregrinantis.
2680 1976 2758 2032 Ne
2802 1977 2958 2035 ﬁdem
3000 1997 3163 2054 neges
3198 1986 3376 2044 verbis
3403 1990 3521 2055 ejus
3541 2032 3556 2055 ,
3587 1992 3679 2047 sed
3703 2002 3819 2049 esto

2240 2065 2521 2122 conlidens
2553 2084 2565 2120 :
2597 2066 2711 2137 ipse
2754 2069 2920 2137 dixit,
2971 2072 3074 2128 Per
3119 2074 3237 2130 illos
3265 2092 3364 2147 ego
3391 2078 3653 2136 advenio:
3686 2093 3741 2138 et
3764 2094 3820 2140 ut

2241 2170 2310 2210 ne
2330 2155 2406 2212 sis
2434 2156 2740 2214 incredulus
2766 2199 2782 2225 ,
2812 2162 3128 2231 supplicium
3157 2164 3398 2222 decernit
3426 2185 3527 2224 non
3558 2174 3818 2243 recipien-

2243 2247 2404 2316 tibus,
2436 2247 2670 2306 honores
2702 2253 3087 2323 recipientibus
3116 2276 3129 2312 :
3164 2272 3271 2314 non
3302 2258 3402 2315 hoc
3432 2260 3687 2330 facturus,
3718 2268 3819 2321 nisi

2242 2334 2332 2391 ille
2364 2337 2445 2393 vel
2474 2337 2765 2397 honoratus
2804 2345 2885 2398 vel
2910 2348 3234 2403 contumelia
3266 2349 3488 2406 affectus
3518 2353 3629 2423 ipse
3655 2368 3811 2411 esset.

2239 2425 2529 2496 Suscepisti
2559 2445 2643 2485 me
2668 2473 2683 2497 ,
2714 2432 2922 2503 inquit,
2967 2436 3018 2491 in
3046 2436 3344 2494 diversorio
3373 2450 3503 2509 tuo;
3534 2447 3817 2516 suscipiam

2245 2524 2297 2571 te
2324 2517 2374 2572 in
2402 2532 2623 2588 regnum
2652 2520 2823 2577 Patris
2848 2525 2952 2579 mei
2982 2543 2995 2579 :
3026 2526 3229 2584 solvisti
3273 2529 3401 2585 mihi
3433 2531 3626 2589 famem
3655 2552 3669 2599 ;
3713 2538 3819 2591 sol-

2242 2620 2362 2660 vam
2422 2608 2514 2664 tibi
2563 2621 2824 2680 peccata:
2859 2613 3033 2671 vidisti
3082 2634 3170 2674 me
3228 2621 3510 2689 vinctum;
3565 2625 3729 2682 videri
3772 2638 3823 2684 te

2243 2695 2432 2754 faciam
2462 2701 2691 2757 solutum
2717 2704 2733 2735 ¹
2760 2721 2774 2757 :
2802 2704 2981 2761 vidisti
3006 2722 3092 2763 me
3121 2711 3456 2781 peregrinum
3490 2731 3505 2779 ;
3550 2714 3739 2773 faciam
3773 2728 3821 2775 te

2243 2791 2412 2848 civem
2437 2793 2688 2849 ctelorum
2716 2796 2949 2852 :dcdisti
2971 2799 3100 2854 mibi
3131 2814 3321 2870 panem
3346 2820 3360 2869 ;
3389 2803 3459 2859 do
3482 2805 3574 2860 tibi
3602 2822 3821 2878 regnum

2245 2892 2413 2940 totum
2439 2928 2453 2951 ,
2482 2895 2538 2941 ut
2563 2888 2689 2943 illud
2713 2888 2870 2945 heres
2895 2891 3125 2963 accipias
3148 2902 3205 2950 et
3224 2896 3521 2966 possideas.
3547 2902 3633 2955 Ait
3658 2906 3820 2969 enim,

2258 2972 2428 3030 Venite
2452 3016 2465 3036 .
2519 2978 2768 3047 possidete
2813 2989 3046 3050 paratum
3087 2984 3225 3039 vobis
3268 3002 3478 3058 regnum
3535 2991 3555 3062 (
3587 2990 3674 3045 Id.
3730 2994 3821 3053 25.

2244 3064 2357 3139 54).
2390 3066 2505 3123 Νοη
2536 3069 2687 3137 dicit,
2719 3072 3001 3144 Accipite;
3034 3073 3127 3130 sed
3148 3118 3162 3141 ,
3196 3075 3458 3134 Possidete
3491 3085 3675 3152 :quod
3698 3087 3823 3141 (Ιίθί-

2246 3169 2332 3213 tur
2354 3158 2423 3216 de
2448 3160 2535 3226 iis,
2564 3162 2655 3232 qui
2682 3175 2809 3218 vere
2836 3165 3151 3234 possident,
3185 3178 3243 3222 ut
3265 3185 3395 3224 cum.
3417 3173 3646 3229 dicimus
3669 3218 3684 3243 ,
3718 3179 3827 3232 Hoc

2245 3247 2545 3307 hereditate
2570 3250 2801 3321 possedi.
2830 3251 3027 3310 Fecisti
3057 3256 3183 3311 mihi
3216 3258 3279 3312 in.
3291 3261 3537 3329 occulto;
3567 3280 3665 3335 ego
3692 3282 3827 3338 pra:-

2246 3339 2434 3396 dicabo
2463 3342 2514 3396 in
2539 3342 2859 3399 manifesto:
2886 3356 2941 3400 et
2969 3353 3054 3400 tua
3082 3347 3294 3416 quidem
3326 3349 3469 3420 dico,
3495 3356 3616 3425 quia
3642 3359 3826 3427 gratia:

2248 3443 2404 3491 erant
2433 3453 2448 3503 ;
2480 3451 2596 3492 mea
2627 3452 2756 3492 vero
2781 3436 2944 3492 debiti
2976 3448 3119 3494 sunt.
3144 3439 3277 3511 Quia
3306 3444 3448 3498 enim
3487 3455 3541 3501 tu
3572 3451 3780 3520 coepisti
3810 3492 3823 3515 .

2248 3525 2452 3597 inquit,
2475 3541 2574 3599 ego
2600 3540 2829 3598 sequar:
2858 3544 2963 3584 non
2995 3529 3158 3600 pudet
3183 3547 3269 3589 me
3299 3531 3452 3591 fateri
3481 3538 3673 3595 collata
3700 3543 3826 3598 mihi

2248 3615 2527 3683 beneficia,
2558 3633 2656 3674 nec
2680 3634 2710 3673 a
2735 3620 2931 3691 quibus
2959 3637 3044 3676 me
3070 3622 3402 3693 liberaveris,
3433 3642 3463 3683 a
3493 3628 3648 3697 fame,
3676 3636 3828 3689 nudi-

2250 3716 2378 3774 tate,
2402 3723 2607 3765 errore.
2632 3709 2820 3767 Vidisti
2847 3727 2933 3766 me
2961 3713 3177 3784 ligatum
3204 3733 3219 3783 ;
3250 3732 3356 3772 non
3384 3719 3593 3776 videbis
3622 3724 3827 3794 gehen-

2250 3815 2331 3854 περ
2355 3800 2562 3870 ignem:
2590 3799 2767 3856 vidisti
2794 3816 2881 3857 me
2908 3803 3206 3872 infirmum;
3236 3823 3342 3864 non
3369 3811 3573 3867 videbis
3598 3823 3830 3871 tormen-

2251 3899 2304 3945 ta
2329 3906 2427 3947 nec
2454 3891 2733 3962 supplicia.
2763 3890 2810 3947 Ο
2837 3907 3029 3949 manus
3059 3911 3183 3952 vere
3212 3897 3529 3968 benedictae,
3557 3920 3675 3974 qtae
3703 3908 3827 3961 tali-

2250 3982 2350 4037 bus
2376 3983 2684 4038 ministeriis
2723 3983 3002 4051 serviunt,
3050 4002 3170 4058 qua:
3209 3989 3498 4061 dignantur
3528 3998 3832 4052 ministrare

2252 4071 2465 4126 Christo
2492 4073 2506 4125 l
2539 4073 2708 4127 Pedes
2729 4074 2780 4127 in
2806 4088 3050 4131 carceres
3078 4088 3281 4135 euntes»
3302 4092 3519 4152 prepter
3539 4084 3827 4152 Christum,

2252 4163 2405 4218 facile
2430 4173 2779 4219 contemnunt
2820 4166 3038 4235 ignem;
3079 4169 3285 4225 vincula
3332 4186 3437 4227 non
3486 4177 3833 4245 experiuntur

2252 4268 2444 4308 manus
2467 4293 2482 4317 ,
2510 4269 2630 4322 quae
2655 4253 2873 4323 ligatum
2910 4254 3058 4310 illum
3090 4257 3360 4316 viderunt.
3397 4263 3615 4319 Induiin
3646 4277 3830 4333 veste;

2253 4354 2308 4400 et
2335 4344 2571 4401 indueris
2593 4353 2739 4399 veste
2766 4344 2987 4401 salutari
3012 4365 3027 4401 ς
3060 4347 3205 4403 fuisti
3228 4365 3350 4406 eum
3380 4354 3472 4408 illo
3501 4356 3553 4410 in
3584 4373 3832 4425 carcere;

2252 4444 2307 4491 et
2329 4436 2380 4489 in
2408 4448 2572 4505 regno
2595 4448 2715 4490 cum
2751 4434 2844 4491 illo
2866 4436 2995 4492 eris.
3026 4436 3152 4494 Haec
3196 4443 3493 4499 confitetur
3508 4462 3612 4501 non
3644 4454 3835 4507 erube-

2254 4542 2429 4595 scens,
2447 4526 2540 4582 sed
2558 4526 2734 4583 sciens
2761 4535 2813 4583 te
2837 4526 2987 4584 illum
3015 4530 3279 4588 invisisse.
3302 4534 3590 4594 Nesciebat
3609 4543 3831 4610 patriar-

2253 4618 2352 4674 cha
2381 4633 2441 4673 se
2464 4619 2682 4689 angelos
2704 4619 2955 4690 excipere
2985 4621 3141 4692 (Gen.
3176 4624 3260 4680 18.
3288 4625 3363 4697 5),
3397 4636 3452 4684 et
3482 4639 3659 4687 tamen
3688 4636 3835 4689 exci-

2254 4712 2453 4781 piebat.
2496 4709 2891 4769 Erubescamus
2916 4754 2934 4782 ,
2967 4714 3196 4772 obsecro
3226 4736 3241 4773 :
3271 4719 3323 4774 itt
3355 4723 3578 4780 meridie
3617 4725 3836 4782 sedebat

2254 4804 2306 4858 in
2333 4812 2473 4859 terra
2502 4803 2698 4871 aliena,
2722 4803 2957 4860 nondum
2986 4807 3137 4877 pedis
3165 4811 3445 4882 vestigium
3465 4812 3695 4872 habebat
3715 4833 3839 4875 cum

2254 4899 2567 4969 peregrinus
2584 4906 2750 4965 esset,
2765 4907 2820 4955 et
2839 4900 3151 4970 peregrinos
3168 4903 3465 4974 excipiebat
3484 4909 3802 4980 peregrinus
3822 4929 3835 4965 :

2253 4994 2386 5047 civis
2413 4993 2558 5051 enim
2580 4994 2834 5050 caelorum
2863 5005 3002 5051 erat.
3046 4996 3173 5053 Ideo
3211 5012 3311 5054 nec
3338 5001 3651 5072 peregrinus
3679 5014 3795 5061 erat
3820 5047 3835 5072 ,

2254 5100 2375 5140 cum
2419 5085 2475 5142 in
2504 5093 2644 5142 terra
2677 5096 2840 5143 esset.
2886 5087 2997 5144 Nos
3042 5090 3213 5159 magis
3237 5106 3395 5160 quam
3444 5091 3534 5148 ille
3574 5094 3836 5167 peregrini

2254 5189 2439 5232 sumus
2460 5217 2476 5243 ,
2506 5176 2597 5247 qui
2635 5177 2946 5249 peregrinos
2984 5194 3091 5235 non
3118 5181 3432 5251 excipimus.
3466 5182 3694 5240 Domum
3731 5202 3836 5245 non

2258 5266 2522 5334 habebat,
2553 5276 2609 5322 et
2648 5267 3050 5324 tabernaculum
3093 5269 3196 5340 ipsi
3220 5270 3575 5330 diversorium
3605 5286 3740 5333 erat.
3771 5278 3837 5336 Et

2257 5358 2400 5426 vide,
2427 5372 2585 5428 quam
2613 5358 2791 5419 lautus
2818 5359 2888 5415 sit
2918 5378 2933 5414 :
2967 5360 3192 5416 vitulum
3223 5363 3497 5433 mactavit,
3525 5377 3583 5423 et
3610 5367 3832 5423 farinam

2257 5449 2491 5503 miscuit.
2539 5449 2677 5504 Audi
2717 5450 2982 5506 fervorem
3016 5469 3031 5505 :
3061 5466 3158 5521 per
3183 5467 3244 5507 se
3271 5463 3326 5508 et
3350 5469 3449 5526 per
3473 5470 3697 5515 uxorem
3740 5460 3839 5516 hoc

2259 5538 2400 5595 facit.
2431 5539 2710 5611 Perpende
2751 5555 2910 5610 quam
2948 5542 3020 5597 sit
3062 5556 3093 5596 a
3136 5542 3273 5601 fastu
3300 5543 3545 5607 alimus:
3569 5549 3759 5608 adorat
3786 5563 3839 5607 tu

2258 5635 2523 5691 obsecrat.

2326 5749 2342 5779 ⁸
2376 5755 2504 5809 Unus
2523 5748 2666 5812 legit,
2685 5744 2908 5800 videbotc
2932 5745 3158 5801 soluttun.
