4148 6152
321 261 426 321 519

392 375 446 431 4.
499 373 880 444 flospitalitatis
906 369 1239 424 cenditiones.
1265 396 1335 407 -—-
1353 365 1476 420 Hace
1503 365 1696 432 quippe
1721 363 1898 416 omnia

323 477 536 536 oportet
567 465 764 518 habere
793 476 917 516 eum
938 501 951 525 ,
983 459 1071 529 qui
1104 457 1415 527 peregrinos
1450 454 1648 522 excipit
1677 472 1689 506 :
1725 453 1900 508 ferro-

325 573 438 612 rem
465 597 482 623 ,
515 555 834 609 hilaritatem
859 595 875 620 ,
907 550 1301 608 liberalitatem.
1345 547 1580 616 Hospitis
1609 548 1751 601 enim
1781 547 1900 598 ani-

327 665 445 704 mus
471 648 737 704 erubescit
766 657 820 702 et
845 643 1186 716 pudibundus
1212 650 1294 696 est
1320 682 1337 705 ,
1371 650 1424 695 et
1451 641 1494 694 si
1521 653 1624 692 non
1652 637 1904 708 gaudium

329 746 592 793 monstret
621 746 897 806 exceptor,
931 734 1080 803 quasi
1105 733 1390 802 despectus
1416 729 1692 796 abscedit,
1741 743 1804 782 ac
1831 731 1910 782 sic

329 831 604 900 excepisse
625 829 865 884 deterius
891 837 971 880 est
993 867 1008 890 ,
1037 840 1194 896 quam
1219 825 1263 880 si
1297 838 1401 878 non
1429 825 1753 892 excepisset.
1785 821 1910 875 Ideo

329 925 549 985 adorat,
601 921 720 973 ideo
751 935 808 974 se
838 932 1088 986 excipere
1133 915 1302 980 dicit,
1345 915 1466 969 ideo
1510 914 1696 968 sellam
1727 911 1904 966 offert.

330 1016 462 1081 Quis
493 1014 634 1066 enim
664 1012 998 1074 dubitasset,
1035 1009 1220 1063 videns
1249 1008 1351 1060 hoc
1379 1007 1451 1060 illi
1480 1021 1616 1076 Opus
1635 1005 1780 1061 esse?
1807 1004 1912 1059 Sed

333 1121 431 1158 nos
463 1119 566 1157 non
598 1105 647 1156 in
677 1102 847 1156 aliena
878 1112 1018 1156 terra
1041 1114 1223 1154 sumus
1243 1100 1266 1152 ?
1289 1098 1395 1153 Sed
1419 1099 1462 1152 si
1487 1098 1735 1154 velimus.
1767 1107 1914 1164 pote-

334 1197 502 1249 rimus
526 1193 674 1249 illum
703 1193 919 1247 imitari.
950 1192 1090 1258 Quot
1114 1189 1354 1258 hospites
1383 1198 1598 1242 suntex
1625 1187 1914 1241 fratribus?

333 1286 429 1339 Est
457 1283 756 1340 conuuunis
784 1282 976 1337 domus
1005 1280 1248 1336 ecclesiae
1273 1319 1288 1344 ,
1320 1294 1481 1349 quam
1511 1293 1719 1334 xenona
1755 1293 1918 1331 voca-

334 1391 453 1429 mus
484 1392 497 1428 :
532 1375 742 1429 curiose
771 1372 1023 1444 inquirite
1051 1371 1210 1424 etiam
1239 1384 1335 1424 vos
1358 1409 1374 1434 ,
1421 1369 1607 1424 sedete
1636 1369 1701 1422 ad
1735 1369 1873 1423 fores
1900 1409 1914 1432 ,

338 1466 612 1520 venientes
639 1461 892 1534 suscipite
924 1479 938 1516 :
968 1463 1011 1515 si
1045 1477 1149 1514 non
1179 1461 1229 1513 in
1261 1459 1452 1514 domos
1481 1469 1690 1514 vestras
1715 1500 1728 1522 ,
1759 1460 1919 1513 aliter

339 1556 448 1610 illis
477 1555 774 1610 necessaria
803 1553 1155 1622 suppeditante.
1211 1551 1346 1618 Quid
1378 1551 1549 1620 ergo?
1580 1551 1814 1620 inquies;
1851 1567 1916 1604 an

339 1649 566 1702 ecclesia
605 1663 709 1701 non
753 1647 953 1701 habet?
985 1645 1195 1708 Habet;
1241 1644 1333 1698 sed
1365 1643 1490 1712 quid
1537 1643 1638 1696 hoc
1677 1643 1743 1696 ad
1785 1645 1920 1697 vos?

325 1744 406 1794 'an
425 1741 467 1792 si
491 1755 520 1792 a
547 1738 917 1794 communibus
943 1737 1186 1791 ecclesia:
1217 1736 1456 1805 pecuniis
1484 1734 1714 1801 alantur,
1751 1734 1799 1788 id
1834 1751 1920 1786 vo-

341 1831 426 1886 bis
459 1831 714 1899 prodesse
761 1829 1001 1898 poterit?
1045 1845 1110 1886 an
1161 1828 1204 1881 si
1235 1828 1371 1882 alius
1415 1837 1679 1894 precetur,
1731 1837 1782 1878 tu
1816 1841 1922 1878 non

341 1924 504 1979 debes
535 1923 785 1994 precari?
835 1937 932 1977 cur
975 1937 1080 1975 non
1125 1921 1261 1975 dicis
1295 1941 1308 1976 :
1341 1918 1481 1985 Quid
1512 1921 1700 1973 enim?
1747 1934 1922 1972 annon

341 2016 647 2071 sacerdotes
678 2014 1008 2084 precantur?
1036 2027 1130 2065 cur
1173 2025 1274 2080 ego
1303 2009 1514 2064 orabo?
1559 2013 1627 2062 At
1653 2024 1752 2078 ego
1776 2049 1790 2073 ,
1843 2009 1924 2060 itt-

342 2110 492 2178 quies
512 2147 532 2174 ,
561 2108 632 2164 do
656 2108 743 2163 isti
768 2148 784 2171 ,
812 2108 900 2176 qui
935 2120 1041 2159 non
1073 2112 1248 2172 potest
1275 2103 1364 2155 illo
1391 2102 1595 2155 venire.
1631 2101 1707 2154 Da
1735 2100 1923 2154 saltem

345 2201 416 2254 illi
450 2219 462 2253 :
494 2201 634 2270 quod
665 2199 806 2252 enim
836 2197 1126 2266 quaerimus
1156 2198 1256 2250 hoc
1281 2203 1395 2256 est,
1427 2202 1479 2247 ut
1507 2193 1725 2247 omnino
1754 2193 1925 2246 detur.

345 2289 481 2342 Audi
504 2289 630 2358 quid
656 2289 796 2341 dicat
825 2286 1015 2340 l’aulus
1044 2304 1056 2338 :
1088 2283 1152 2339 Ut
1174 2294 1218 2338 et
1240 2283 1321 2348 iis,
1344 2299 1456 2353 qua:
1476 2299 1587 2335 vere
1607 2283 1772 2336 vidua:
1791 2291 1928 2346 sunt,

347 2382 597 2452 sufficiant
624 2421 640 2446 ,
668 2389 714 2434 et
741 2396 802 2432 ne
829 2387 1064 2448 gravetur
1087 2378 1293 2431 ecclesia
1334 2379 1354 2446 (
1381 2377 1432 2430 1.
1457 2361 1590 2429 Tim.
1619 2378 1671 2430 5.
1703 2376 1771 2429 16
1797 2378 1835 2445 ).
1868 2373 1933 2428 Ut

353 2478 480 2541 vis,
534 2472 657 2536 fac;
707 2473 883 2527 solum
953 2471 1052 2525 fac.
1119 2470 1234 2540 Ego
1284 2484 1412 2524 vero
1487 2484 1590 2522 non
1645 2469 1806 2533 dico,
1868 2467 1935 2523 Ut

353 2581 460 2620 non
509 2573 762 2636 gravetur
801 2562 1071 2626 ecclesia;
1128 2561 1262 2626 sed,
1307 2559 1372 2616 Ut
1407 2571 1461 2614 tu
1504 2577 1607 2614 non
1655 2559 1932 2628 graveris:

355 2661 452 2714 hac
477 2657 619 2714 enim
646 2657 1052 2712 ratiocinatione
1081 2655 1211 2708 nihil
1239 2653 1434 2719 facies,
1463 2655 1638 2708 omnia
1667 2655 1714 2708 ei
1746 2653 1935 2708 remit-

357 2763 494 2806 tens.
528 2749 652 2805 Ideo
671 2765 956 2806 commune
981 2747 1312 2802 domicilium
1336 2756 1418 2802 est
1443 2749 1509 2801 ab
1531 2747 1769 2802 Ecclesia
1797 2747 1936 2801 assi-

355 2851 609 2913 gnatum,
641 2852 697 2895 ut
727 2840 842 2896 haec
883 2855 989 2894 non
1018 2839 1188 2893 dicas.
1228 2838 1334 2892 Sed
1365 2847 1608 2906 sumptus
1640 2837 1801 2891 habet
1845 2851 1937 2890 ec-

360 2936 525 2991 clesia
550 2975 565 3000 ,
593 2933 802 3004 inquies
827 2951 842 2988 :
864 2932 1118 3002 pecunias
1143 2931 1305 2986 habet
1329 2939 1383 2984 et
1408 2929 1631 2984 reditus.
1665 2929 1758 2982 Dic
1786 2927 1938 2992 mihi,

360 3043 428 3081 an
473 3022 716 3094 sumptus
745 3040 848 3078 non
882 3025 1073 3078 habet?
1102 3023 1468 3092 quotidianam
1516 3034 1805 3090 expensam
1838 3034 1941 3073 non

363 3118 564 3172 habet?
596 3116 791 3182 Etiam,
822 3115 1048 3184 inquies.
1081 3115 1191 3170 Cur
1215 3127 1344 3182 ergo
1369 3126 1472 3165 non
1502 3110 1722 3181 adjuvas
1745 3110 1947 3166 medio-

363 3212 606 3266 critatem
638 3209 796 3278 ejus?
841 3206 924 3262 Me
956 3206 1118 3274 pudet
1149 3205 1264 3259 haec
1289 3203 1471 3256 dicere
1501 3219 1514 3254 :
1545 3211 1799 3257 creterum
1841 3218 1946 3257 non

363 3317 516 3374 cogo.
545 3302 602 3358 Si
628 3302 746 3371 quis
775 3309 922 3370 putat
949 3299 1156 3354 lucrum
1186 3310 1308 3351 esse
1337 3309 1458 3365 qua:
1483 3293 1751 3358 dicuntur,
1791 3288 1950 3348 faciat

367 3397 466 3451 sibi
509 3394 896 3451 xenodocltium
938 3393 994 3446 in
1039 3392 1200 3444 domo
1236 3405 1253 3454 ;
1305 3387 1463 3441 isthic
1507 3386 1700 3441 lectum
1737 3395 1948 3453 statue,

370 3488 528 3541 isthic
568 3495 811 3539 mensam
844 3491 898 3534 et
948 3482 1243 3536 lucernam.
1286 3477 1567 3546 Quomodo
1608 3493 1712 3530 non
1757 3476 1950 3531 absur-

371 3577 496 3632 dum
525 3574 721 3638 fuerit,
749 3575 792 3626 si
821 3574 1036 3629 veniant
1066 3571 1261 3625 milites
1283 3612 1299 3636 ,
1332 3568 1531 3624 habere
1558 3584 1653 3623 vos
1683 3569 1951 3639 assignata

377 3667 671 3731 domicilia,
701 3679 943 3735 magnam
989 3678 1179 3732 gerere
1225 3677 1444 3724 curam,
1493 3662 1779 3732 omniaque
1828 3661 1955 3730 ipsis

375 3757 778 3812 subministrare
799 3797 813 3820 ,
862 3755 985 3826 quia
1016 3754 1090 3808 illi
1119 3754 1318 3809 bellum
1351 3755 1452 3809 hoc
1476 3755 1732 3810 sensibile
1767 3753 1955 3824 depel-

383 3853 496 3906 lunt
530 3867 544 3904 :
579 3849 816 3916 b05pites
846 3862 973 3902 vero
998 3889 1013 3914 ,
1053 3847 1138 3902 ubi
1179 3845 1541 3909 diversentur,
1575 3861 1684 3900 non
1715 3845 1958 3900 habere?

381 3943 540 3996 Vince
569 3939 870 3995 ecclesiam.
915 3937 1006 3993 Vis
1051 3951 1151 3992 nos
1198 3936 1395 3991 rubore
1440 3934 1803 4005 perfundere?
1848 3934 1960 3989 Hoc

381 4037 497 4088 fac:
530 4032 852 4088 liberalitate
878 4045 1072 4100 supera
1106 4047 1120 4084 :
1155 4028 1292 4084 habe
1322 4027 1649 4082 domicilium
1676 4036 1781 4096 quo‘
1811 4025 1964 4080 Citri-

377 4139 492 4180 sms
525 4124 824 4179 diversetur
852 4140 866 4180 :
895 4122 1016 4186 dic,
1043 4120 1170 4176 Haec
1212 4129 1298 4176 est
1335 4119 1524 4174 cellula
1563 4118 1801 4181 Christi;
1850 4116 1964 4171 haec

378 4219 568 4272 domus
597 4215 671 4270 illi
703 4215 935 4285 seposita
963 4222 1047 4270 est
1073 4231 1086 4265 :
1115 4213 1331 4270 etiamsi
1362 4213 1467 4267 vile
1492 4211 1821 4267 domicilium
1851 4210 1918 4264 sit
1944 4250 1960 4277 ,

383 4326 488 4363 non
532 4308 871 4379 dedignatur.
911 4307 1100 4362 Nudus
1130 4315 1186 4361 et
1229 4307 1422 4375 hospes
1459 4303 1704 4357 Christus
1730 4301 1962 4368 circuit,

385 4413 525 4458 tecto
551 4402 723 4456 solum
760 4416 926 4470 egens
956 4418 970 4454 :
1001 4401 1192 4456 saltem
1221 4399 1346 4453 huic
1375 4409 1565 4468 praesta
1599 4416 1614 4454 :
1647 4412 1716 4451 ne
1741 4397 1815 4450 sis
1840 4411 1963 4452 cru-

379 4492 515 4546 delis
541 4507 640 4546 nec
667 4490 988 4545 inhumanus
1009 4529 1024 4555 ,
1053 4505 1230 4558 neque
1255 4490 1306 4542 in
1335 4488 1496 4542 rebus
1523 4487 1872 4541 saacularihus
1895 4488 1966 4540 ita

381 4584 671 4639 vehemens
691 4623 708 4649 ,
740 4584 794 4637 itt
831 4582 1198 4650 spiritualihus
1225 4594 1356 4635 vero
1391 4578 1637 4648 frigidus.
1681 4578 1794 4632 Hoc
1815 4593 1964 4631 com-

383 4678 621 4730 mittatur
648 4675 846 4727 famulo
886 4672 1126 4726 omnium
1157 4670 1474 4725 ﬁdelissimo
1495 4711 1508 4732 ,
1557 4679 1612 4722 et
1639 4669 1684 4722 is
1709 4669 1926 4723 mutilos
1950 4711 1965 4736 ,

385 4766 699 4832 mendicos,
730 4774 785 4818 et
809 4778 904 4818 eos
930 4803 946 4825 ,
975 4762 1064 4832 qui
1106 4762 1223 4816 sine
1251 4769 1393 4815 tecto
1440 4768 1600 4824 sunt,
1646 4758 1968 4815 iutroducat.

383 4859 511 4915 llam
535 4858 656 4912 dico
676 4897 692 4923 ,
725 4869 783 4909 ut
815 4856 884 4912 ad
911 4855 1174 4927 pudorem
1203 4871 1466 4908 moveam.
1510 4853 1800 4925 Oporteret
1825 4856 1968 4909 enim

384 4967 602 5008 sursum
625 4951 769 5007 domi
800 4951 921 5005 illos
951 4950 1190 5018 recipere
1215 4966 1230 5012 ;
1269 4949 1353 5002 sin
1385 4949 1523 5002 nolis
1543 4988 1558 5015 ,
1587 4949 1776 5004 saltem
1807 4947 1968 5016 infra,

387 5046 475 5100 ubi
512 5044 661 5109 muli,
704 5043 791 5096 ubi
828 5041 1036 5108 famuli,
1060 5040 1330 5097 Christum
1355 5041 1550 5110 recipe.
1593 5040 1753 5096 Forte
1778 5041 1972 5097 exhor-

389 5138 598 5193 rescitis
623 5134 926 5202 audientes.
966 5133 1104 5200 Quid
1135 5149 1262 5205 ergo
1292 5174 1308 5200 ,
1338 5135 1386 5188 si
1413 5151 1480 5190 ne
1507 5135 1623 5191 hac
1647 5135 1860 5206 quidem
1891 5137 1969 5192 fe-

389 5231 615 5285 ceritis?
642 5231 779 5286 Ecce
803 5228 1008 5294 hortor,
1041 5243 1166 5284 ecce
1194 5228 1316 5285 dico
1350 5246 1363 5281 :
1397 5231 1508 5285 Hoc
1531 5231 1684 5286 vobis
1707 5246 1852 5286 cura:
1882 5232 1970 5285 sit.

397 5326 463 5379 At
487 5325 564 5380 sic
597 5339 700 5380 non
727 5323 929 5381 vultis?
955 5324 1096 5396 Ergo
1121 5323 1226 5380 alio
1253 5323 1412 5380 modo
1444 5323 1603 5381 facite
1628 5342 1639 5379 :
1665 5333 1790 5380 sunt
1820 5324 1970 5378 multi

1089 256 1147 310 S.
1185 252 1458 310 JOANNIS
1497 248 1960 307 CllliYSOSTOMl
2001 248 2312 304 Αιιωιιερ.
2354 250 2874 311 CONSTANTINOP.

3490 259 3593 312 520

2015 377 2274 431 pauperes
2305 365 2579 436 utriusque
2606 381 2765 423 sexus
2799 387 2811 421 :
2843 377 3118 437 segregate
3146 367 3365 422 omnino
3388 411 3402 428 .
3437 380 3490 423 ut
3525 372 3594 424 ibi

2011 452 2203 522 aliquis
2230 464 2443 510 maneat
2468 474 2480 508 :
2508 456 2577 510 sit
2607 457 2794 512 saltem
2825 459 3015 511 domus
3039 465 3220 512 custos
3250 475 3453 528 pauper
3485 479 3497 514 :
3530 463 3599 515 sit

2014 545 2105 598 tibi
2137 562 2315 601 murus
2343 557 2396 602 et
2422 562 2577 618 sepes
2601 591 2615 613 ,
2651 558 2854 603 scutum
2886 558 2941 604 et
2969 549 3142 604 hasta.
3188 549 3286 605 Ubi
3315 560 3398 605 est.
3458 552 3600 607 eice-

2015 653 2232 709 mosyna
2256 681 2269 704 ,
2299 655 2362 694 eo
2391 658 2493 696 non
2521 643 2680 696 audet
2704 642 2962 698 accedere
2987 643 3252 710 diabolus,
3280 660 3456 714 neque
3486 661 3598 699 ma-

2015 730 2122 783 lum
2156 733 2459 802 quodpiam.
2492 733 2602 794 Ne,
2637 749 2817 804 quaeso
2839 777 2852 797 ,
2883 734 3240 804 despiciemus
3273 747 3476 791 tantum
3511 739 3594 791 lu-

2015 835 2185 875 crum.
2215 821 2366 877 Nunc
2393 839 2518 876 vero
2542 826 2716 878 currui
2741 825 2952 894 quidem
2980 826 3280 896 assignatus
3308 827 3456 882 locus
3485 839 3587 896 est,

2016 921 2071 965 et
2091 913 2353 967 basternis
2374 914 2526 979 alius;
2550 915 2762 969 Christo
2782 925 2956 972 autem
2981 918 3178 971 erranti
3204 919 3402 974 nullus.
3429 921 3596 975 Abra-

2018 1003 2139 1056 ham
2192 1003 2276 1056 ubi
2311 1005 2422 1073 ipse
2467 1006 2750 1073 manebat,
2793 1006 2862 1060 ibi
2912 1007 3148 1077 hospites
3189 1009 3516 1079 recipiebat;
3546 1024 3599 1067 et

2018 1107 2150 1148 uxor
2175 1095 2326 1162 quasi
2355 1096 2545 1149 ancilla
2573 1097 2783 1160 stabat,
2814 1097 2886 1152 illi
2915 1114 3042 1152 vero
3071 1100 3219 1168 quasi
3249 1101 3468 1155 domini.
3498 1102 3598 1157 Ne-

2021 1183 2221 1253 sciebat
2243 1199 2298 1238 se
2319 1185 2610 1250 Christum,
2630 1201 2688 1241 se
2716 1188 2934 1256 angelos
2957 1188 3198 1258 recipere
3221 1205 3235 1250 ;
3261 1190 3305 1244 si
3331 1192 3598 1256 scivissct,

2021 1277 2200 1329 omnia
2225 1287 2512 1346 erogassvt.
2533 1277 2640 1332 Nos
2663 1295 2790 1333 vero
2815 1279 2935 1333 licet
2967 1281 3198 1334 sciamus
3218 1297 3247 1334 a
3269 1281 3422 1336 nobis
3449 1281 3602 1337 Chri-

2023 1377 2162 1420 stum
2191 1369 2382 1437 excipi,
2410 1385 2514 1423 non
2543 1379 2739 1424 tantam
2764 1371 3083 1427 exhibemus
3105 1388 3284 1428 curam
3305 1415 3320 1440 ,
3349 1387 3600 1445 quantam

2025 1460 2131 1523 ille,
2165 1461 2252 1528 qui
2284 1461 2501 1530 putabat
2522 1476 2581 1517 se
2611 1463 2855 1517 homines
2885 1464 3145 1532 recipere.
3180 1468 3248 1519 At
3277 1468 3429 1521 multi
3453 1479 3597 1536 sunt,

2026 1552 2271 1620 inquies,
2321 1553 2639 1623 deceptores
2681 1563 2735 1610 et
2782 1557 2991 1626 ingrati.
3037 1558 3102 1610 Et
3145 1557 3266 1612 hinc
3299 1561 3390 1614 tibi
3433 1561 3603 1630 major

2027 1656 2252 1707 merces,
2279 1643 2492 1711 quando
2514 1645 2723 1699 nomine
2748 1645 2945 1700 Christi
2971 1645 3188 1716 accipis.
3220 1648 3273 1703 Si
3310 1649 3450 1703 nosti
3482 1664 3604 1706 esse

2026 1731 2341 1802 deceptores
2361 1774 2376 1797 ,
2411 1749 2476 1787 ne
2508 1735 2682 1804 recipe
2713 1735 2894 1803 deuti;
2937 1738 3017 1792 sin
3049 1753 3152 1792 non
3185 1741 3356 1805 nosti,
3389 1755 3486 1794 cur
3522 1752 3600 1796 tc-

2031 1839 2176 1879 mere
2213 1826 2474 1879 accusas?
2525 1826 2646 1880 Ideo
2689 1827 2847 1894 dico,
2882 1827 3022 1883 Eant
3091 1831 3143 1884 in
3191 1830 3596 1886 xenodocltium.

2031 1917 2157 1982 Ουςυ
2188 1933 2316 1971 vero
2341 1918 2605 1987 defensio,
2640 1920 2851 1989 quando
2875 1936 2940 1977 ne
2967 1937 3059 1976 eos
3089 1922 3324 1992 quidem,
3351 1939 3482 1993 quos
3507 1939 3602 1978 no-

2031 2010 2239 2073 vimus,
2289 2011 2611 2080 recipimus,
2656 2011 2748 2066 scd
2796 2013 3042 2068 omnibus
3088 2016 3227 2071 fores
3274 2015 3604 2070 claudimus?

2032 2097 2112 2152 Sit
2131 2100 2323 2154 Christi
2352 2101 2717 2169 pandocheum
2748 2114 2928 2157 nostra
2955 2104 3145 2159 domus
3171 2125 3182 2159 :
3211 2114 3516 2174 repetamus
3543 2106 3608 2160 ab

2035 2189 2139 2245 illis
2160 2193 2475 2255 mercedem,
2509 2209 2613 2247 non
2643 2205 2943 2264 argentum,
2971 2196 3063 2249 sed
3089 2205 3142 2248 ut
3168 2196 3363 2251 faciant
3390 2197 3606 2252 domtnn

2037 2293 2271 2336 nostram
2299 2283 2496 2337 Christi
2529 2286 2921 2353 receptaculum
2956 2303 2968 2338 :
2997 2287 3482 2343 circumcursemus
3507 2306 3610 2343 un-

2038 2375 2220 2448 dique,
2255 2376 2546 2443 trahamus,
2576 2388 2821 2432 venatum
2850 2379 3174 2448 abripiamns
3201 2397 3214 2430 τ
3243 2380 3415 2450 majus
3449 2381 3614 2436 bene-

2039 2471 2213 2526 ficium
2243 2472 2566 2540 accipimus,
2607 2485 2764 2540 quam
2793 2471 2998 2524 damus.
3046 2471 3158 2525 Non
3185 2471 3346 2542 jubeo
3377 2481 3609 2527 mactare

2040 2565 2261 2619 vitulum
2295 2583 2308 2617 :
2341 2563 2408 2618 da
2439 2579 2628 2634 panem
2674 2567 2886 2634 egenti,
2941 2578 3140 2620 veSIcm
3183 2566 3362 2631 nudo,
3415 2575 3614 2620 tectum

2046 2658 2261 2727 hospiti.
2285 2656 2363 2713 Ne
2389 2666 2564 2711 autem
2595 2657 2708 2711 bare
2741 2668 3019 2726 praeteras,
3050 2657 3146 2711 Est
3172 2656 3495 2711 domicilium
3535 2671 3620 2712 ec-

2041 2750 2218 2804 clesia:
2262 2766 2583 2816 commune;
2629 2751 2753 2804 illuc
2812 2751 3038 2815 mittito,
3103 2759 3157 2804 et
3227 2760 3280 2804 tu
3334 2750 3619 2818 suscipies.

2044 2841 2174 2895 Nam
2233 2843 2322 2897 ille
2375 2844 2532 2896 etiam
2584 2857 2808 2906 eorum,
2856 2858 2972 2911 qua:
3011 2857 3039 2894 a
3090 2841 3299 2896 famulis
3343 2851 3459 2894 acta
3508 2840 3620 2894 fue-

2051 2946 2211 3002 rant,
2263 2935 2561 2989 mercedem
2610 2935 2809 2988 habuit.
2871 2935 2940 2987 lta
2992 2943 3145 2988 erant
3199 2932 3424 2988 instituti
3484 2932 3622 2986 illius

2048 3027 2199 3097 pueri
2240 3044 2252 3080 :
2285 3026 2611 3092 currebant,
2662 3041 2759 3080 nec
2807 3027 3210 3080 n'mrmurabant
3251 3025 3387 3079 sicut
3416 3025 3621 3090 uestri;

2050 3123 2171 3176 illos
2191 3123 2329 3176 enim
2359 3123 2473 3192 pios
2494 3121 2830 3177 reddiderat:
2854 3122 2902 3175 in
2933 3121 3126 3174 bellum
3154 3122 3330 3185 traxit,
3360 3135 3457 3175 nec
3482 3135 3627 3173 mur-

2053 3215 2353 3278 murabant;
2384 3215 2454 3268 ita
2480 3214 2778 3284 philosophi
2802 3224 2972 3268 erant.
3001 3213 3248 3267 Omnium
3272 3214 3416 3266 enim
3446 3226 3626 3266 curam

2057 3305 2280 3374 gerebat
2324 3313 2380 3358 ut
2408 3307 2489 3358 sui
2519 3305 2682 3374 ipsius
2711 3321 2725 3357 :
2756 3320 2818 3358 ac
2855 3305 2962 3358 fere
2985 3345 3000 3371 ,
3035 3314 3092 3358 ut
3119 3302 3220 3359 Joh
3250 3304 3463 3358 dicebat
3494 3321 3507 3356 :
3539 3303 3629 3357 St-

2056 3395 2240 3447 militer
2269 3395 2472 3465 formati
2503 3410 2674 3448 sumus
2701 3395 2751 3448 in
2777 3395 2950 3448 eodem
2978 3406 3142 3448 ventre
3171 3393 3292 3465 (Job
3333 3397 3424 3452 55.
3454 3397 3530 3468 6),

2130 3477 2527 3541 Domesticorum
2550 3504 2671 3540 cura
2697 3488 2945 3541 habenda.
2973 3517 3042 3527 -—
3067 3488 3248 3557 Itaqne
3275 3497 3330 3542 et
3360 3504 3457 3544 nos
3483 3506 3635 3547 cure-

2059 3598 2180 3637 mtts
2204 3581 2428 3635 salutem
2456 3589 2722 3647 nostram,
2750 3590 2803 3634 et
2847 3595 3092 3650 magnam
3120 3579 3410 3635 habeamus
3452 3582 3634 3638 dnmeo

2061 3679 2318 3729 sticorum
2351 3672 2785 3739 sollicitudinem,
2824 3681 2881 3726 ut
2907 3673 3013 3727 sint
3045 3672 3196 3741 probi
3226 3681 3279 3727 et
3308 3673 3493 3741 vigiles
3522 3693 3534 3726 :
3567 3677 3636 3728 sit

2063 3767 2222 3820 etiam
2253 3765 2578 3820 domesticus
2614 3775 2797 3818 noster
2840 3766 2890 3818 in
2921 3765 2984 3818 iis
3007 3805 3022 3828 ,
3054 3780 3172 3833 qua:
3201 3764 3265 3817 ad
3297 3763 3460 3818 Deum
3510 3779 3631 3833 spe-

2065 3869 2232 3924 ctant,
2261 3859 2552 3914 institutus.
2593 3857 2708 3912 Non
2728 3858 2828 3912 erit
2859 3865 3042 3927 postea
3071 3858 3238 3912 virtus
3268 3857 3417 3911 nobis
3446 3857 3634 3911 difﬁci-

2068 3952 2132 4006 lis
2155 3993 2170 4011 .
2203 3949 2246 4004 si
2277 3951 2398 4004 illos
2425 3949 2590 4019 probe
2620 3950 2978 4003 instituamus.
3017 3947 3167 4004 Sicut
3207 3949 3349 4002 enim
3378 3949 3430 4001 in
3455 3946 3594 4001 bello
3619 3990 3635 4016 ,

2069 4061 2188 4098 cum
2221 4044 2417 4098 milites
2443 4053 2567 4098 sunt
2592 4043 2730 4097 bene
2767 4041 2995 4095 ordinati
3023 4083 3038 4107 ,
3085 4041 3189 4095 dux
3221 4039 3376 4096 facile
3404 4050 3640 4112 pugnat;

2069 4145 2252 4191 contra
2285 4151 2410 4189 vero
2436 4175 2449 4196 ,
2482 4134 2525 4188 si
2555 4148 2659 4188 non
2692 4135 2761 4187 ita
2790 4133 2858 4186 sit
2891 4149 2904 4185 :
2937 4133 3111 4187 nautis
3142 4133 3267 4186 item
3296 4133 3654 4208 consentiens

2073 4229 2213 4282 libus
2238 4269 2251 4292 ,
2285 4225 2605 4296 gubernator
2647 4223 2797 4278 nullo
2839 4227 3050 4295 negotio
3084 4223 3439 4295 gubernacula
3469 4224 3639 4293 regit:

2074 4321 2143 4374 ita
2175 4319 2218 4372 si
2246 4318 2349 4372 sint
2379 4317 2558 4371 famuli
2585 4325 2727 4371 recte
2757 4316 3003 4380 instituti,
3039 4332 3142 4370 non
3175 4315 3330 4370 facile
3357 4316 3644 4370 exacerba-

2075 4411 2216 4465 beris
2240 4452 2255 4476 ,
2290 4427 2392 4463 non
2421 4409 2724 4479 ebjurgabis
2745 4449 2760 4474 ,
2795 4424 2897 4463 non
2930 4408 3176 4462 irasceris
3201 4448 3215 4471 ,
3244 4422 3351 4462 non
3381 4408 3643 4462 convicia-

2079 4503 2241 4556 beris.
2281 4501 2422 4556 Fieri
2450 4516 2661 4572 quoque
2693 4509 2904 4570 potest,
2958 4510 3015 4554 ut
3044 4500 3269 4556 famulos
3315 4501 3612 4554 reverearis
3637 4541 3654 4563 ,

2076 4595 2119 4647 si
2148 4595 2256 4647 siut
2284 4593 2624 4648 admirabiles
2657 4611 2670 4646 :
2700 4593 2905 4662 ipsique
2934 4601 2984 4646 te
3010 4591 3270 4661 jnvabunt
3290 4633 3306 4657 ,
3336 4599 3393 4646 et
3419 4592 3488 4645 ad
3516 4591 3655 4646 bona

2079 4684 2450 4738 bortabuutur.
2492 4683 2573 4738 Ab
2599 4683 2683 4738 his
2708 4692 2883 4737 autem
2913 4682 3158 4736 omnibus
3185 4683 3364 4737 omnia
3402 4683 3514 4739 Deo
3548 4683 3657 4752 pla-

2079 4775 2182 4830 cita
2204 4784 2378 4842 erunt,
2403 4784 2457 4830 et
2483 4775 2560 4829 sic
2591 4783 2698 4829 tota
2721 4775 2912 4829 domus
2935 4773 3242 4843 implebitur
3261 4774 3653 4838 benedictione,

2079 4879 2134 4926 et
2161 4870 2238 4924 sic
2260 4884 2323 4923 ea
2345 4911 2361 4935 ,
2390 4885 2506 4938 qua:
2539 4868 2646 4922 Deo
2674 4867 2918 4936 placent,
2954 4865 3207 4921 facientes
3232 4905 3250 4932 ,
3279 4881 3474 4936 magno
3509 4865 3654 4920 frue-

2080 4977 2200 5016 mur
2219 4975 2450 5030 superno
2473 4959 2722 5031 praesidio
2751 4978 2762 5014 :
2789 4958 2929 5028 quod
2952 4975 3057 5013 non
3079 4974 3268 5014 omnes
3291 4959 3502 5030 assequi
3529 4973 3652 5013 con-

2081 5053 2282 5122 tingat,
2333 5053 2499 5123 gratia
2548 5063 2604 5106 et
2681 5052 3008 5122 benignitate
3058 5051 3268 5107 Domini
3315 5052 3485 5107 nostri
3534 5051 3660 5106 Jesu

2080 5144 2317 5211 Christi,
2348 5146 2560 5214 quicum
2593 5144 2735 5199 Patri
2767 5154 2822 5198 et
2848 5142 3068 5214 Spiritui
3099 5153 3287 5198 sancto
3313 5144 3480 5214 gloria
3507 5185 3522 5208 ,
3558 5144 3656 5197 iut-

2081 5238 2285 5305 perium
2312 5278 2326 5302 ,
2365 5237 2556 5302 honor,
2592 5251 2730 5291 nunc
2756 5245 2811 5290 et
2839 5249 3070 5306 semper,
3103 5245 3158 5290 et
3185 5235 3237 5289 in
3265 5235 3460 5290 szecula
3485 5248 3656 5289 saecu-

2084 5330 2277 5384 lorum.
2317 5331 2508 5384 Amen.
