4086 6164
293 368 391 424 519

351 482 412 536 δ’.
432 479 617 535 Πάντα
661 480 757 550 γάρ
773 476 943 532 ταῦτα
959 478 1040 533 δεῖ
1057 478 1147 535 τὸν
1165 476 1441 546 ξενίζοντα
1458 479 1599 551 ἔχειν
1622 495 1633 508 ·
1661 480 1723 533 τὸ
1744 478 1943 549 πρόθυ-

291 587 402 641 μον,
452 568 514 620 τὸ
559 567 804 637 φαιδρὸν,
852 565 915 619 τὸ
945 565 1194 634 ἄφθονον.
1242 566 1304 619 Ἦ
1342 566 1450 639 γάρ
1491 566 1585 619 τοῦ
1621 566 1770 633 ξένου
1797 563 1944 636 ψυχὴ

287 655 506 727 ἐρυθριᾷ
526 655 619 708 καί
640 653 977 724 αίσχύνεται’
1003 653 1104 706 κᾶν
1128 654 1202 726 μὴ
1229 652 1347 724 μεθ’
1370 652 1673 724 ύπερὸολῆς
1698 651 1943 724 ἐπιδείξῃ

286 744 472 815 χαρὰν,
513 743 589 805 ὡς
626 740 913 814 ἀλογηθείς
947 740 1374 808 ἀπαλλάσσεται,
1415 741 1511 795 καὶ
1544 739 1730 793 λοιπὸν
1763 742 1943 812 χεῖρον

285 832 466 900 γέγονε
483 842 510 870 ι
531 828 625 882 τοῦ
658 828 733 900 μὴ
758 827 1118 894 ὑποδέξασθαι
1146 827 1208 881 τὸ
1232 827 1407 892 οὕτως
1435 826 1813 898 ύποδεχθῆναι.
1845 827 1944 881 Διά

285 922 432 977 τοῦτο
472 922 789 991 προσκυνεῖ,
830 918 919 972 διὰ
943 917 1102 973 τοῦτο
1134 918 1215 989 τῷ
1236 918 1378 989 λόγῳ
1404 919 1636 989 δέχεται,
1674 917 1763 972 διὰ
1786 916 1945 972 τοῦτο

284 1011 342 1080 τῇ
368 1006 627 1078 καθέδρᾳ.
655 1005 750 1069 Τίς
773 1005 882 1075 γὰρ
912 1005 978 1058 ἂν
998 1004 1277 1077 ἠπορήθη,
1299 1005 1455 1069 εἰδὼς
1475 1006 1558 1059 ὅτι
1596 1004 1756 1059 τοῦτο
1783 1004 1944 1077 ἔργον

283 1093 421 1164 αὐτῷ
449 1087 555 1165 ἦν;
613 1091 753 1145 Ἀλλ’
782 1092 884 1145 οὐκ
916 1092 1009 1145 ἐπὶ
1041 1090 1199 1163 ξένης
1227 1092 1394 1163 ἐσμὲν
1427 1094 1616 1165 ήμεῖς;
1672 1091 1812 1145 Ἀλλ’
1848 1093 1943 1146 ἐὰν

284 1181 535 1250 θέλωμεν,
579 1178 920 1249 δυνησόμεθα
959 1178 1124 1232 αὐτὸν
1174 1179 1538 1253 μιμήσασθαι.
1588 1180 1749 1234 Πόσοι
1802 1179 1942 1244 ξένοι

281 1270 378 1321 εἰσὶ
407 1267 518 1321 τῶν
545 1265 822 1335 ἀδελφῶν;
860 1267 1047 1320 Ἔστιν
1071 1266 1277 1337 οἴκημα
1307 1268 1483 1321 κοινὸν
1507 1270 1542 1339 ἡ
1575 1266 1854 1338 ἐκκλησία,
1882 1266 1942 1320 6v

282 1355 475 1422 ξενῶνα
508 1352 811 1424 καλοῦμεν⁹
852 1352 1276 1427 περιεργάζεσθε
1307 1354 1400 1407 καὶ
1435 1355 1612 1424 ὑμεῖς,
1644 1353 1942 1419 καθέζεσθε

281 1444 421 1513 παρὰ
462 1441 564 1505 τὰς
601 1440 792 1512 θύρας,
824 1442 950 1503 τοὺς
979 1441 1306 1511 ἐρχομένους
1338 1440 1663 1512 ὑποδέχεσθε
1682 1456 1696 1471 ’
1727 1441 1828 1495 κᾶν
1866 1442 1941 1512 μὴ

281 1530 469 1594 εἰςτὰς
495 1529 673 1592 οίκίας
698 1528 852 1599 ὑμῶν
881 1527 1168 1601 βούλησθε,
1200 1528 1315 1582 ἀλλ’
1346 1529 1549 1599 ἑτέρως
1571 1528 1638 1582 τὰ
1668 1527 1804 1599 πρὸς
1841 1528 1941 1593 τὰς

280 1617 453 1689 χρείας
492 1617 678 1679 αὐτοῖς
711 1614 861 1687 [545]
892 1615 1273 1687 χορηγοῦντες.
1305 1616 1369 1668 Τί
1398 1615 1536 1688 γάρ;
1571 1617 1605 1685 ή
1646 1615 1939 1687 Ἐκκλησία

279 1706 369 1759 οὐκ
396 1705 539 1776 ἔχει;
579 1703 765 1774 φησίν.
803 1704 990 1775 Ἔχει·
1030 1703 1167 1756 ἀλλά
1203 1702 1257 1755 τί
1296 1702 1456 1756 τοῦτο
1491 1702 1627 1774 πρὸς
1656 1703 1829 1773 ύμᾶςς
1864 1702 1939 1773 μὴ

279 1794 334 1847 τὸ
354 1793 456 1847 ἀπὸ
478 1791 591 1846 τῶν
619 1790 815 1845 κοινῶν
838 1790 942 1860 τῆς
983 1790 1310 1860 Ἐκκλησίας
1332 1789 1621 1861 τρέφεσθαι
1644 1790 1938 1861 χρημάτων

280 1881 485 1944 αὐτοὺς,
536 1878 696 1933 τοῦτο
740 1878 883 1949 ὑμᾶς
930 1877 1211 1949 ὠφελῆσαι
1260 1877 1512 1943 δύναται;
1567 1876 1642 1949 μὴ
1689 1877 1819 1947 γὰρ,
1873 1875 1939 1930 ἂν

280 1968 449 2038 ἔτερος
475 1963 724 2037 εῦχηται,
756 1965 820 2019 σὺ
845 1965 946 2018 οὐκ
971 1964 1203 2032 ὀφείλεις
1237 1962 1492 2033 εύχεσθαι
1514 1979 1528 2028 ;
1554 1962 1641 2015 διὰ
1668 1962 1722 2015 τί
1750 1963 1825 2033 μὴ
1852 1962 1940 2016 λέ-

281 2071 416 2123 γεις’
452 2053 507 2108 τί
546 2053 693 2125 γάρ;
728 2053 828 2107 οὐκ
858 2052 1107 2122 εὔχονται
1144 2053 1192 2105 οἰ
1228 2052 1423 2121 ίερεῖς;
1456 2048 1567 2119 ἐγὼ
1587 2049 1640 2103 τί
1674 2049 1935 2120 εὔχομαι;

291 2142 420 2195 Ἀλλ’
462 2140 595 2210 ἐγὼ,
638 2141 790 2211 φησί,
834 2139 1028 2209 δίδωμι
1059 2138 1137 2209 τῷ
1171 2137 1244 2209 μὴ
1284 2137 1565 2207 δυναμένῳ
1601 2136 1938 2207 καταχθῆναι

277 2232 404 2285 ἐκεῖ.
427 2230 527 2293 Δὸς
559 2228 660 2283 κᾶν
690 2227 903 2297 ἐκείνην
935 2226 996 2280 τὺ
1021 2226 1130 2297 γὰρ
1165 2225 1597 2294 σπουδαζόμενον
1625 2225 1756 2295 ἡμῖν
1785 2223 1939 2277 τοῦτό

277 2317 410 2378 ἐστι,
442 2314 506 2369 τὸ
542 2316 677 2379 ὅλως
718 2314 924 2369 δοῦναι.
963 2312 1249 2378 Ἄκουσον,
1297 2310 1350 2364 τί
1401 2322 1567 2381 φησιν
1614 2312 1643 2363 6
1692 2308 1934 2374 Παῦλος*

279 2403 399 2459 Ἵνα
427 2401 557 2469 ταῖς
577 2401 760 2468 ὄντως
781 2401 996 2472 χήραις
1014 2399 1343 2468 ἐπαρκέσῃ,
1379 2398 1479 2452 καί
1496 2397 1582 2466 μὴ
1608 2396 1869 2466 ,βαρῆται
1897 2398 1936 2466 ἡ

289 2490 631 2557 Ἐκκλησία.
679 2490 871 2554 Ὅπως
924 2488 1101 2558 βούλει
1160 2488 1407 2557 ποίησον,
1471 2486 1631 2556 μόνον
1690 2484 1934 2554 ποίησον.

287 2576 420 2644 Ἐγὼ
455 2578 511 2631 δὲ
546 2578 607 2631 06
647 2576 808 2644 λέγω,
840 2576 955 2629 Ἵνα
987 2575 1062 2646 μὴ
1094 2575 1331 2645 βαρῆται
1370 2576 1403 2644 ἡ
1449 2572 1764 2643 Ἐκκλησία,
1800 2571 1933 2638 ἀλλ’,

275 2664 390 2718 ἰνα
415 2664 487 2734 μὴ
516 2666 581 2718 σὺ
612 2664 753 2735 βαρῇ
772 2681 786 2695 ·
814 2663 892 2734 τῷ
915 2662 1023 2734 γὰρ
1046 2661 1290 2735 λογισμῷ
1318 2660 1493 2732 τούτῳ
1521 2660 1675 2713 οὐδὲν
1702 2659 1935 2731 ἐργάσῃ,

275 2753 442 2806 πάντα
475 2753 792 2823 ἐπιτρέπων
822 2753 981 2822 αὐτῇ.
1024 2750 1120 2805 Διὰ
1147 2750 1305 2803 τοῦτο
1339 2748 1518 2801 κοινὸν
1552 2745 1760 2816 οἴκημά
1788 2748 1937 2800 ἐστιν

276 2838 373 2891 ὑπὸ
401 2839 498 2909 τῆς
539 2839 861 2909 Ἐκκλησίας
895 2837 1298 2910 ἀφωρισμένον,
1331 2836 1418 2888 ἵνα
1456 2836 1529 2907 μὴ
1554 2834 1726 2888 ταῦτα
1748 2834 1934 2907 λέγῃς.

286 2925 414 2978 Ἀλλ’
457 2926 571 2998 ἔχει
608 2926 974 2996 δαπανήματα
1013 2926 1047 2995 ἡ
1102 2923 1418 2995 Ἐκκλησία,
1469 2922 1623 2990 φησί,
1679 2921 1938 2991 χρήματα

272 3012 378 3082 ἔχει
402 3017 497 3067 καί
541 3013 855 3084 προσόδους.
902 3011 1037 3065 Εἰπέ
1064 3029 1173 3082 μοι,
1198 3008 1530 3076 ἀναλώματα
1566 3007 1623 3060 δὲ
1660 3008 1761 3060 οὐκ
1793 3006 1933 3076 ἔχει;

271 3097 510 3169 δαπάνην
544 3099 604 3151 δὲ
648 3099 749 3151 οὐκ
781 3098 892 3167 ἔχει
926 3096 1335 3168 καθημερινήν;
1377 3096 1502 3160 Ναὶ,
1540 3093 1692 3164 φησί.
1734 3093 1799 3145 Τί
1843 3089 1938 3147 οὖν

269 3188 324 3238 οὔ
373 3186 593 3255 βοηθεῖς
628 3187 696 3255 τῇ
751 3184 977 3257 μετρίᾳ;
1021 3184 1357 3255 Αἰσχύνομαι
1400 3183 1498 3254 μὲν
1530 3181 1702 3236 ταῦτα
1725 3180 1934 3249 λέγων·

270 3272 408 3344 πλὴν
444 3272 562 3327 ἀλλ’
583 3271 738 3326 οὐδὲν
762 3272 1068 3341 ἀναγκάζω.
1102 3273 1169 3325 Et
1192 3288 1275 3335 τις
1307 3270 1519 3341 νομίζει
1553 3268 1935 3341 χρηματισμὸν

268 3353 404 3413 εἶναι
449 3359 520 3413 τά
565 3359 861 3429 λεγόμενα,
892 3362 1106 3431 ποιήσει
1139 3359 1316 3430 ἐαυτῷ
1350 3358 1671 3428 ξενοδοχείον
1705 3357 1798 3410 ἐπὶ
1837 3357 1935 3426 τῆς

269 3447 472 3511 οἰκίαςο
510 3449 712 3519 στῆσον
743 3449 861 3501 ἐκεῖ
888 3447 1098 3518 κλίνην,
1142 3447 1337 3518 στῆσον
1377 3447 1494 3499 ἐκεῖ
1531 3444 1808 3515 τράπεζαν
1842 3444 1937 3498 καὶ

270 3531 505 3605 λυχνίαν.
549 3533 675 3599 Πῶς
721 3535 829 3607 γάρ
875 3535 974 3589 ούκ
1013 3535 1230 3597 ἄτοπον,
1263 3535 1311 3587 εί
1357 3534 1456 3604 μὲν
1495 3532 1819 3604 στρατιῶται
1849 3530 1934 3584 ἐλ-

270 3620 426 3686 θοιεν,
459 3622 607 3692 ἔχειν
640 3622 784 3692 ὑμᾶς
817 3621 1235 3692 ἀποτεταγμένα
1271 3622 1564 3691 οἰκήματα,
1605 3621 1700 3673 καὶ
1734 3618 1937 3690 πολλὴν

270 3707 529 3761 ποιεῖσθαι
571 3708 675 3777 τὴν
711 3708 1047 3778 ἐπιμέλειαν,
1091 3707 1187 3761 καὶ
1220 3708 1397 3761 πάντα
1431 3706 1692 3777 παρέχειν
1730 3706 1933 3774 αὐτοῖς,

268 3793 446 3864 ἐπειδὴ
471 3795 566 3847 τὸν
590 3796 833 3866 πόλεμον
859 3797 989 3866 ὑμῖν
1019 3794 1286 3865 ἀμύνουσι
1318 3797 1507 3848 τοῦτον
1529 3794 1619 3846 τὸν
1645 3792 1900 3862 αἰσθητόν
1917 3806 1931 3821 ·

270 3881 387 3945 τοὺς
426 3883 482 3937 δὲ
528 3884 722 3949 ξένους
779 3883 851 3954 μὴ
887 3882 1031 3954 ἔχειν
1069 3884 1204 3936 ὅπου
1254 3882 1661 3954 καταμείνοιεν;
1697 3881 1936 3952 Νίκησον

268 3970 360 4039 τὴν
410 3971 768 4044 Ἐκκλησίαν.
801 3971 985 4025 Βούλει
1014 3972 1270 4042 ἐντρέψαι
1292 3973 1471 4043 ἡμᾶςς
1500 3970 1668 4024 Τοῦτο
1689 3970 1932 4038 ποίησον

269 4056 570 4128 ὑπερϐαλοῦ
623 4060 695 4129 τῇ
754 4058 1067 4130 φιλοτιμίᾳ·
1116 4058 1206 4129 ἔχε
1256 4060 1482 4128 οῖκημα,
1533 4056 1659 4110 ἔνθα
1706 4056 1936 4127 Χριστὸς

268 4145 664 4213 παραγίνεταιο
715 4146 857 4198 εἰπέο
909 4145 1080 4199 Τοῦτο
1127 4145 1188 4198 τὸ
1228 4145 1436 4199 κελλίον
1475 4142 1566 4197 τοῦ
1594 4141 1865 4215 Χριστοῦ·
1900 4144 1932 4212 ἡ

263 4231 402 4283 οἰκία
427 4232 568 4304 αῦτη
601 4231 760 4303 αὐτῷ
786 4232 1115 4305 ἀφώρισται.
1142 4231 1262 4285 Κᾶν
1291 4230 1631 4299 καταγώγιον
1729 4231 1822 4283 καὶ
1850 4230 1938 4281 εύ-

260 4315 425 4381 τελὲς,
453 4320 556 4373 οὐκ
585 4319 818 4390 ἀπαξιοῖ
846 4319 1054 4390 Γυμνὸς
1080 4318 1173 4371 καὶ
1196 4317 1344 4382 ξένος
1361 4318 1390 4370 6
1413 4316 1649 4388 Χριστὸς
1680 4316 1936 4385 περίεισι,

265 4405 418 4469 μόνον
449 4384 671 4477 σκέπης
694 4384 943 4476 δεόμενος
963 4421 978 4437 ο
1019 4405 1125 4460 κᾶν
1155 4404 1329 4474 τούτῳ
1366 4384 1574 4474 πάρεχε
1597 4406 1624 4446 b
1645 4420 1659 4433 ο
1695 4384 1768 4473 μῆ
1790 4400 1939 4471 ὠμὸς

259 4486 347 4542 ἔσο
378 4491 514 4561 μηδέ
544 4491 944 4562 ἀπάνθρωπος,
981 4491 1115 4562 μηδὲ
1139 4492 1198 4543 ἐν
1234 4490 1331 4560 μέν
1356 4492 1468 4552 τοῖς
1499 4489 1771 4558 βιωτικοῖς
1796 4487 1939 4541 οῦτω

259 4577 483 4648 σφοδρὸς
513 4578 631 4644 ἔσο,
665 4581 726 4633 ἐν
752 4579 809 4632 δὲ
832 4583 943 4643 τοῖς
969 4578 1362 4648 πνευματικοῖς
1381 4577 1606 4647 ψυχρός.
1632 4576 1815 4647 ,Ἔστω
1843 4575 1938 4629 καὶ

258 4664 364 4719 τῶν
401 4667 636 4721 οἰκετῶν
698 4669 728 4720 6
762 4666 1078 4737 πιστότερος
1119 4663 1275 4717 τοῦτο
1309 4662 1805 4732 ἐγκεχειρισμένος,
1845 4661 1938 4714 καὶ

258 4751 381 4814 τοὺς
400 4752 751 4825 ἀναπήρους,
777 4753 903 4816 τοὺς
927 4752 1197 4822 πτωχοὺς,
1218 4750 1343 4813 τοὺς
1365 4749 1626 4814 ἀστέγους
1648 4747 1934 4815 εἰσαγέτω.

262 4838 440 4894 Ταῦτα
463 4841 616 4911 λέγω
642 4841 784 4913 πρὸς
809 4840 1097 4911 ὲντροπήν.
1133 4838 1278 4893 Ἔδει
1311 4838 1412 4907 μὲν
1440 4835 1549 4906 γὰρ
1573 4835 1685 4889 ἀνω
1714 4835 1807 4887 ἐπί
1834 4833 1936 4904 τῆς

259 4928 428 4994 οἰκίας
450 4933 657 4995 αὐτοὺς
679 4930 958 5001 δέχεσθαι⁸
987 4932 1035 4982 εἰ
1063 4929 1120 4982 δὲ
1162 4928 1237 4999 μὴ
1271 4926 1469 4998 βούλει,
1501 4926 1606 4979 κᾶν
1628 4925 1799 4991 κάτω,
1832 4925 1935 4978 κᾶν

260 5013 381 5069 ἔνθα
401 5018 459 5072 αἱ
488 5019 739 5090 ἡμίονοι,
770 5016 871 5069 κᾶν
896 5015 1025 5068 ἔνθα
1051 5017 1099 5068 οἰ
1125 5015 1352 5074 οἰκέται.
1384 5013 1530 5077 δέξαι
1561 5011 1651 5065 τὸν
1681 5012 1932 5082 Χριστόν.

261 5102 405 5174 Τάχα
447 5106 715 5176 φρίττετε
767 5105 1075 5164 ἀκούοντες.
1134 5102 1199 5155 Τί
1249 5097 1363 5166 οὖν,
1401 5102 1528 5153 ὅταν
1577 5099 1711 5169 μηδὲ
1760 5097 1935 5151 ταῦτα

262 5189 478 5258 ποιῆτε;
538 5192 681 5245 ’ῐδοῦ
715 5189 987 5259 παραινῶ,
1028 5188 1137 5241 ἰδοὺ
1184 5187 1359 5254 λέγωο
1391 5187 1571 5238 Ἔστω
1614 5186 1743 5254 ὑμῖν
1777 5183 1936 5236 τοῦτο

262 5281 753 5346 περισπούδαστον.
825 5278 966 5330 Ἀλλ’
1018 5278 1078 5330 ού
1145 5273 1399 5347 βούλεσθε
1463 5273 1668 5337 οὓτως;
1726 5272 1935 5326 Οὐκοῦν

315 5412 590 5485 :Quidan},
628 5415 788 5485 χαρὰν
807 5413 1046 5485 ἀλογεῖται
1069 5413 1443 5485 καίἀπέρχετοιι,
1467 5410 1546 5457 καὶ
1570 5408 1727 5485 χεῖρον
1747 5409 1907 5469 γέγονε

261 5465 287 5505 δ
312 5465 443 5524 υιῖυδ
467 5465 605 5535 ροᾱί,
629 5465 821 5533 ἓκὲπης
868 5465 1014 5523 δέἶται
1049 5473 1202 5529 αὐτὸς·
1227 5465 1322 5520 κᾶζῖ
1337 5465 1477 5520 τοῦτο
1523 5465 1716 5532 πάρεχε.

1418 362 1487 418 IN
1525 339 1707 420 ACTA
1743 360 2286 420 APOSTOLORUM.
2316 363 2552 420 HOMIL.
2593 365 2752 422 xw.

3600 376 3706 433 520

2046 481 2247 552 ἑτέρως
2290 482 2572 551 ποιήσατε.
2624 482 2746 535 Εἰσὶ
2792 482 2975 538 πολλοὶ
3025 485 3253 559 πένητες
3302 489 3396 544 καὶ
3423 493 3701 563 πενιχροί·

2044 566 2343 637 ἀφορίσατε
2386 568 2452 622 δι’
2498 568 2620 622 ὅλου
2657 569 2837 640 μένειν
2878 572 2996 624 ἐκεῖ
3030 590 3166 628 τινα·
3225 575 3366 630 ἔστω
3399 576 3500 631 κᾶν
3535 577 3710 648 φύλαξ

2044 654 2143 723 τῆς
2173 654 2349 718 οἰκίας
2372 656 2401 707 6
2429 655 2600 726 πένης
2619 672 2631 685 ⁸
2673 655 2813 710 ἔστω
2844 674 2925 710 σοι
2962 660 3158 730 τειχίον
3194 664 3289 717 καί
3326 665 3706 738 περίφραγμα,

2045 739 2209 803 ἀσπὶς
2228 740 2322 793 καὶ
2346 740 2495 813 δόρυ.
2531 741 2701 795 Ἔνθα
2727 741 3084 817 ἐλεημοσύνη,
3110 746 3169 799 ού
3195 749 3368 822 τολμᾷ
3391 752 3709 823 προσελθεῖν

2043 827 2072 880 ό
2101 827 2363 895 διάϐολος,
2398 830 2518 885 ούδέ
2547 830 2675 887 ἀλλο
2708 849 2760 885 τι
2789 831 2895 886 τῶν
2928 833 3128 891 δεινῶν.
3162 836 3252 908 Μὴ
3284 837 3347 909 δὴ
3378 840 3707 912 περιίδωμεν

2043 916 2292 973 τοσοῦτον
2324 918 2532 990 κέρδος.
2576 919 2690 973 Νῦν
2720 920 2776 974 δέ
2814 922 3090 992 ὀχήματος
3121 924 3220 992 μὲν
3246 926 3408 990 τόπος
3432 929 3579 982 ἐστὶν
3602 931 3705 997 ἀφ-

2042 1004 2363 1076 ωρισμένος,
2389 1006 2484 1059 καὶ
2516 1006 2849 1078 βαστερνίοις
2882 1009 3098 1079 έτερος’
3137 1009 3215 1081 τῷ
3245 1010 3303 1064 δέ
3328 1013 3545 1084 Χριστῷ
3573 1016 3708 1069 πλα-

2045 1092 2269 1163 νωμένῳ
2307 1093 2427 1147 ούδέ
2460 1089 2558 1157 εἷς.
2618 1097 2676 1149 '0
2736 1096 2987 1170 Ἀϐραὰμ
3018 1097 3148 1152 ἔνθα
3198 1099 3361 1163 αὐτὸς
3386 1099 3543 1171 ἔμενε
3580 1105 3707 1168 τοὺς

2044 1178 2229 1244 ξένους
2254 1180 2547 1252 ὑπεδέχετο
2564 1200 2576 1213 ·
2607 1183 2758 1254 καὶὴ
2785 1184 2883 1253 μὲν
2907 1184 3047 1255 γυνὴ
3066 1187 3124 1239 ἐν
3148 1185 3298 1250 τάξει
3330 1186 3707 1258 θεραπαινίδος

2042 1268 2305 1339 εἱστήκει,
2355 1270 2554 1323 ἐκεῖνοι
2597 1270 2654 1323 δὲ
2703 1271 2761 1324 ἐν
2795 1270 2944 1336 τάξει
2970 1272 3264 1327 δεσποτῶν.
3317 1275 3431 1328 υύκ
3455 1274 3588 1346 ᾔδει,
3625 1277 3707 1330 δτι

2041 1354 2132 1408 τὸν
2160 1356 2392 1426 Χριστὸν
2425 1357 2640 1428 ἐδέχετο
2660 1373 2674 1386 ·
2709 1358 2811 1413 ούκ
2840 1359 2978 1431 ⁴ᾔδει,
3009 1361 3091 1414 δτι
3121 1361 3386 1429 ἀγγέλους
3405 1380 3420 1394 ·
3459 1362 3537 1427 ῶς
3569 1365 3622 1417 εί
3643 1381 3706 1432 γε

2042 1442 2177 1512 ᾔδει,
2200 1443 2377 1499 πάντα
2400 1443 2465 1497 ἂν
2490 1445 2776 1499 ἐκένωσεν.
2806 1447 2993 1516 Ἡμεῖς
3015 1447 3071 1500 δὲ
3091 1446 3241 1519 [5M]
3264 1448 3465 1512 καίπερ
3483 1449 3704 1515 εἰδότες,

2040 1530 2121 1583 ὅτι
2158 1530 2249 1583 τὸν
2277 1531 2514 1603 Χριστὸν
2536 1532 2820 1603 δεχόμεθα,
2847 1533 2968 1587 οὐδὲ
2991 1536 3258 1606 τοσαύτην
3282 1536 3706 1607 ἐπιδεικνύμεθα

2041 1618 2139 1688 τὴν
2172 1618 2427 1691 σπουδὴν,
2469 1622 2601 1691 ὅσην
2626 1623 2830 1686 ἐκεῖνος
2863 1622 2893 1675 6
2930 1622 3165 1693 νομίζων
3202 1622 3524 1693 ἀνθρώπους
3559 1625 3706 1695 δέχε-

2039 1695 2187 1760 σθαι.
2240 1706 2378 1759 Ἀλλ’
2411 1707 2657 1762 ἐπιθέται
2690 1709 2817 1773 εἰσὶ,
2853 1709 3008 1779 φησὶ,
3039 1709 3224 1764 πολλοὶ
3248 1711 3344 1765 καὶ
3366 1710 3703 1782 ἀγνώμονες.

2041 1792 2151 1844 Καὶ
2187 1792 2375 1849 τούτου
2404 1811 2485 1847 σοι
2522 1795 2721 1863 μείζων
2752 1797 2781 1849 6
2804 1794 3013 1866 μισθὸς,
3046 1797 3175 1851 ὅταν
3207 1796 3295 1852 διά
3324 1798 3385 1851 τὸ
3412 1797 3582 1869 ὄνομα
3610 1799 3704 1852 τοῦ

2038 1878 2275 1948 Χριστοῦ
2304 1879 2454 1952 δέχῃ.
2503 1882 2567 1934 Εἰ
2610 1882 2708 1951 μὲν
2754 1883 2863 1953 γὰρ
2910 1880 3057 1943 οῐδας
3101 1884 3262 1948 ὄντας
3307 1885 3583 1949 ἐπιθέτας,
3628 1887 3702 1958 μὴ

2037 1964 2191 2036 δέχου
2228 1966 2310 2029 εἰς
2338 1965 2435 2037 τὴν
2454 1966 2676 2044 οἰκίαν·
2705 1969 2751 2020 εἰ
2779 1968 2834 2021 δέ
2865 1969 2963 2023 ούκ
2987 1964 3153 2035 οἶδας,
3176 1970 3228 2024 τί
3252 1972 3439 2036 ἁπλῶς
3466 1989 3699 2044 κατηγο-

2041 2055 2189 2122 ρεῖς;
2232 2051 2331 2106 Διά
2360 2042 2519 2105 τοῦτο
2554 2052 2698 2122 λέγω
2733 2056 2813 2118 εἰς
2843 2054 2905 2108 τὸ
2928 2056 3247 2127 ξενοδοχεῖον
3278 2058 3519 2113 ἀπιέναι.
3568 2042 3703 2115 Ποία

2037 2136 2094 2191 δὲ
2124 2138 2411 2206 ἀπολογία,
2457 2139 2586 2193 ὅταν
2619 2139 2753 2211 μηδέ
2783 2140 2875 2205 οὓς
2906 2142 3082 2213 ἴσμεν,
3119 2144 3254 2215 μηδὲ
3285 2145 3506 2210 τούτους
3539 2146 3702 2216 δεχώ-

2042 2225 2202 2296 μεθα,
2236 2225 2350 2279 ἀλλ’
2378 2227 2759 2298 ἀποκλείωμεν
2788 2230 2922 2282 πᾶσι
2948 2231 3043 2293 τὰς
3073 2227 3275 2301 θύρας;
3316 2233 3496 2286 Ἔστω
3520 2234 3580 2287 τὸ
3607 2233 3701 2286 τοῦ

2037 2312 2274 2384 Χριστοῦ
2316 2315 2629 2385 πανδοχεῖον
2658 2314 2816 2386 ἡμῶν
2854 2316 2888 2387 ή
2923 2316 3099 2369 οἰκία’
3141 2317 3462 2389 ἀπαιτῶμεν
3506 2320 3702 2384 αὐτοὺς

2035 2399 2128 2452 τὸν
2160 2400 2369 2470 μισθὸν,
2406 2400 2481 2472 μὴ
2518 2401 2800 2473 ἀργύριον,
2830 2401 2968 2455 ἀλλά
2995 2402 3055 2456 τδ
3087 2403 3310 2474 ποιῆσαι
3336 2407 3468 2475 ἡμῖν
3498 2405 3703 2476 δοχείον

2038 2486 2130 2539 τοῦ
2165 2487 2402 2557 Χριστοῦ
2447 2489 2546 2558 τὴν
2596 2488 2807 2542 οἰκίαψ
2838 2490 3248 2562 περιτρέχωμεν
3288 2492 3586 2563 πανταχοῦ,
3620 2493 3704 2547 ἔλ-

2038 2589 2244 2642 κωμεν,
2276 2571 2612 2644 ἀρπάζωμεν
2640 2575 2739 2643 τὴν
2780 2575 2954 2646 θήραν
2973 2592 2986 2606 ·
3017 2576 3238 2646 μείζονα
3265 2578 3703 2650 εύεργετούμεθα

2037 2659 2070 2728 ἢ
2118 2658 2530 2729 εὐεργετοῦμεν.
2568 2661 2642 2712 Οὐ
2678 2660 2887 2714 κελεύω
2920 2661 3226 2715 καταθῦσαι
3264 2665 3495 2734 μόσχον’
3540 2665 3703 2735 άρτον

2035 2745 2123 2809 δὸς
2163 2745 2436 2810 πεινῶντι,
2469 2746 2681 2816 ἱμάτιον
2712 2746 2924 2817 γυμνῷ,
2961 2748 3171 2818 σκέπην
3204 2748 3282 2819 τῷ
3315 2748 3469 2819 ξένῳ.
3507 2751 3700 2803 Ἰναδέ

2040 2836 2115 2906 μὴ
2164 2834 2337 2888 ταῦτα
2393 2835 2744 2908 προφασίζῃ,
2797 2836 2983 2888 Ἔστιν
3027 2837 3232 2906 οἴκημα
3281 2837 3458 2891 κοινὸν
3496 2837 3558 2891 τὸ
3604 2839 3703 2908 τῆς

2050 2922 2377 2992 Ἐκκλησίας
2396 2940 2411 2955 ·
2452 2923 2570 2976 ἐκεῖ
2602 2922 2898 2987 κατάϐαλε,
2932 2922 3028 2977 καὶ
3060 2925 3125 2977 σὺ
3153 2923 3427 2988 ὑπεδέξω·
3455 2926 3577 2978 ἐπεὶ
3608 2927 3702 2979 καί

2036 3011 2144 3063 τῶν
2172 3010 2260 3064 διὰ
2290 3009 2399 3064 τῶν
2421 3010 2650 3064 οἰκετῶν
2678 3011 2978 3081 γινομένων
3004 3012 3206 3075 ἐκεῖνος
3230 3006 3342 3081 εἶχε
3365 3010 3458 3064 τὸν
3491 3012 3699 3083 μισθόν.

2037 3096 2221 3161 Οὕτως
2246 3094 2386 3169 ἦσαν
2409 3097 2834 3168 πεπαιδευμένοι
2849 3098 2944 3152 καὶ
2964 3098 3014 3151 οἰ
3042 3097 3231 3162 παῖδες
3258 3098 3421 3151 αὐτοῦ
3443 3116 3457 3130 θ
3483 3099 3703 3170 ἔτρεχον

2035 3183 2130 3237 καὶ
2154 3184 2255 3236 ούκ
2286 3184 2580 3253 ἐγόγγυζον
2607 3183 2858 3255 καθάπερ
2889 3185 2937 3238 οἰ
2973 3184 3235 3254 ἡμέτεροι
3266 3199 3280 3215 ·
3312 3184 3564 3250 εὐλαϐεῖς
3593 3187 3703 3258 γὰρ

2034 3272 2232 3335 αὐτοὺς
2252 3268 2318 3343 ἦν
2347 3271 2685 3343 πεποιηκώς.
2711 3272 2809 3336 Εἰς
2835 3271 3071 3344 πόλεμον
3092 3266 3270 3342 εἷλκε,
3304 3275 3399 3328 καὶ
3424 3277 3525 3329 οὐκ
3552 3276 3705 3345 ἐγόγ-

2034 3359 2229 3428 γυζον
2277 3360 2453 3424 οὓτως
2507 3356 2648 3431 ἦσαν
2699 3360 2999 3432 φιλόσοφοι.
3056 3360 3284 3416 Πάντων
3333 3363 3443 3434 γάρ
3504 3365 3705 3434 ὁμοίως

2037 3445 2351 3517 ἐπεμελεῖτο
2368 3446 2555 3519 ῶσπερ
2578 3447 2773 3501 ἐαυτοῦ
2791 3462 2803 3476 '
2842 3448 3124 3518 μονονουχὶ
3147 3447 3259 3517 γάρ
3283 3449 3427 3502 κατά
3456 3448 3550 3502 τὸν
3583 3450 3705 3502 Ἰὼϐ

2035 3530 2241 3599 ἔλεγεν,
2275 3531 2356 3583 ὅτι
2394 3532 2639 3601 Ὁμοίως
2665 3531 3055 3602 ἐπλάσθημεν
3083 3533 3154 3587 ἐν
3180 3533 3256 3602 τῇ
3278 3532 3435 3601 αὐτῇ
3467 3536 3702 3604 γαστρί.

2106 3618 2295 3671 Τοίνυν
2335 3620 2427 3675 καί
2453 3621 2615 3690 ἡμεῖς
2639 3620 3014 3691 φροντίζωμεν
3038 3619 3247 3673 ἑαυτῶν
3275 3622 3374 3691 τῆς
3402 3622 3701 3693 σωτηρίας,

2037 3706 2130 3760 καὶ
2157 3706 2357 3778 πολλὴν
2382 3706 2666 3777 ποιώμεθα
2689 3707 2798 3762 τῶν
2821 3704 3051 3763 οἰκετῶν
3073 3706 3173 3779 τὴν
3194 3708 3533 3778 ἐπιμέλειαν,
3557 3710 3705 3774 ὅπως

2035 3791 2245 3847 ἔσονται
2270 3794 2496 3864 χρηστοὶ
2521 3796 2614 3847 καὶ
2634 3795 2910 3865 ἐπιμελεῖς
2937 3806 2959 3834 ο
2986 3813 3000 3826 ο
3033 3796 3127 3849 καὶ
3151 3794 3293 3849 ἔστω
3318 3796 3415 3851 καὶ
3432 3797 3460 3848 6
3486 3795 3704 3867 οίκέτης

2036 3881 2193 3952 ἡμῶν
2220 3881 2654 3951 πεπαιδευμένος
2696 3882 2763 3936 τά
2791 3880 2885 3935 τοῦ
2920 3882 3076 3937 Θεοῦ.
3121 3883 3238 3936 Οὐκ
3272 3883 3426 3937 ἔσται
3448 3883 3732 3948 δύσκολος⁹

2035 3970 2167 4037 ἡμῖν
2204 3969 2235 4037 ἡ
2279 3966 2447 4039 ἀρετὴ
2488 3966 2692 4030 λοιπὸν,
2721 3967 2816 4023 ἐὰν
2861 3969 3102 4036 ἐκείνους
3133 3969 3512 4040 ρυθμίσωμεν.
3548 3969 3703 4024 Καθ-

2037 4055 2178 4125 άπερ
2200 4056 2259 4107 ἐν
2291 4054 2510 4125 πολέμῳ
2546 4055 2894 4126 στρατιωτῶν
2920 4056 3092 4109 ὄντων
3115 4056 3419 4119 εὐτάκτων,
3447 4057 3477 4108 6
3506 4072 3704 4126 στρατ-

2037 4141 2165 4212 ηγὸς
2198 4140 2394 4211 ῥᾳδίως
2444 4141 2690 4211 πολεμεῖ,
2732 4141 3041 4196 τούναντίον
3087 4141 3143 4194 δέ
3187 4141 3421 4210 γίνεται,
3455 4142 3587 4195 ὅταν
3627 4142 3702 4213 μὴ

2038 4227 2198 4281 τοῦτο
2277 4244 2290 4257 ·
2329 4228 2423 4279 καὶ
2453 4226 2666 4280 ναυτῶν
2691 4228 2749 4281 δέ
2786 4228 3173 4298 ὁμονοούντων,
3197 4228 3226 4280 6
3251 4228 3589 4300 κυϐερνήτης
3610 4229 3701 4282 εύ-

2040 4314 2210 4376 κόλως
2239 4315 2365 4376 τοὺς
2397 4312 2588 4376 οἴακας
2637 4313 3099 4385 μεταχειρίζεταιο
3133 4312 3278 4366 οὓτω
3306 4315 3400 4367 καί
3437 4313 3697 4381 ἐνταῦθα,

2039 4401 2133 4453 ἐὰν
2162 4398 2333 4462 οὕτως
2358 4392 2461 4453 ὦσι
2493 4400 2915 4469 πεπαιδευμένοι
2959 4401 3009 4453 οί
3039 4400 3270 4463 οἰκέται,
3320 4401 3382 4454 ού
3429 4402 3701 4474 παροξυν-

2039 4486 2179 4560 θήσῃ
2228 4485 2443 4558 ῥᾳδίως,
2497 4487 2597 4540 οὐκ
2656 4487 2999 4556 ἐγκαλέσεις,
3074 4487 3175 4541 οὐκ
3241 4488 3566 4561 ὀργισθήσῃ,
3638 4493 3699 4544 ού

2037 4574 2389 4646 λοιδορήσεις.
2434 4575 2622 4628 Ἔστιν
2659 4575 2793 4628 ὅπου
2826 4575 2921 4628 καὶ
2949 4576 3264 4649 ἐντραπήσῃ
3295 4576 3421 4640 τοὺς
3459 4578 3700 4641 οἰκέτας,

2038 4662 2132 4716 ἐὰν
2155 4655 2256 4715 ὦσι
2278 4661 2598 4733 θαυμαστοὶ,
2629 4662 2724 4716 καὶ
2754 4661 3232 4733 συναντιλήψονταί
3258 4680 3361 4728 σοι,
3380 4664 3483 4716 καὶ
3509 4680 3702 4732 παραι-

2038 4749 2249 4804 νέσουσι
2275 4749 2345 4802 τὰ
2370 4749 2600 4819 χρηστά.
2638 4749 2772 4805 Ἀπὸ
2789 4748 2846 4802 δέ
2869 4749 3075 4805 τούτων
3101 4750 3318 4805 πάντων
3349 4749 3527 4804 πάντα
3547 4749 3699 4804 ἔσται

2036 4837 2106 4890 τὰ
2131 4836 2211 4907 τῷ
2242 4836 2361 4907 Θεῷ
2399 4836 2678 4904 δοκοῦντα,
2719 4838 2810 4891 καὶ
2847 4836 2992 4892 οὕτω
3028 4841 3180 4893 πᾶσα
3213 4840 3247 4908 ἡ
3282 4837 3429 4892 οἰκία
3454 4837 3699 4905 εὐλογίας

2040 4923 2475 4995 πληρωθήσεται,
2513 4926 2606 4978 καὶ
2642 4924 2713 4977 τὰ
2762 4923 2841 4994 τῷ
2870 4924 2990 4996 Θεῷ
3030 4924 3331 4999 ἀρέσκοντα
3372 4924 3701 4995 διαπραττό-

2040 5028 2212 5081 μενοι,
2246 5010 2446 5081 πολλῆς
2484 5011 2867 5082 ἀπολαύσομεν
2895 5014 2997 5083 τῆς
3036 5011 3241 5067 ἄνωθεν
3270 5004 3699 5081 συμμαχίας,,ἦς

2036 5098 2243 5167 γένοιτο
2302 5097 2508 5161 πάντας
2560 5101 2706 5169 ἡμᾶς
2751 5101 3058 5170 ἐπιτυχεῖν,
3121 5099 3304 5170 χάριτι
3358 5099 3456 5150 καὶ
3511 5097 3700 5168 φιλαν‹

2037 5183 2252 5254 θρωπίᾳ
2282 5182 2376 5235 τοῦ
2407 5183 2612 5253 Κυρίου
2646 5185 2801 5254 ἡμῶν
2840 5184 3016 5256 Ἰησοῦ
3061 5183 3322 5255 Χριστοῦ,
3370 5182 3488 5254 μεθ’
3529 5177 3591 5239 οὗ
3619 5184 3698 5254 τῷ

2037 5269 2213 5339 Πατρί
2242 5268 2359 5338 ἅμα
2388 5268 2466 5340 τῷ
2499 5270 2640 5339 ἁγίῳ
2674 5271 2946 5341 Πνεύματι
2988 5271 3135 5338 δόξα,
3166 5270 3388 5340 κράτος,
3416 5268 3570 5342 τιμὴ,
3602 5269 3695 5324 νῦν

2034 5356 2130 5411 καὶ
2157 5359 2263 5422 ἀεὶ,
2297 5359 2391 5412 καί
2416 5361 2493 5421 εἰς
2516 5361 2641 5423 τοὺς
2672 5361 2874 5424 αἰῶνας
2903 5361 3012 5414 τῶν
3035 5362 3263 5416 αἰώνων.
3300 5360 3496 5431 Ἀμήν.
3554 5394 3562 5401 ·

2067 5454 2069 5457 ’
2100 5464 2123 5493 ο
2156 5464 2250 5511 Καὶ
2276 5462 2506 5523 ἐπιμελεῖς
2528 5464 2673 5513 deest
2698 5466 2748 5512 in
2780 5463 3088 5526 quibusdam.
