4086 6164
1223 345 1281 404 8.
1317 341 1602 400 JOANNIS
1635 337 2072 399 CHRYSOSTOI

2174 336 2481 394 ARCHIEP.
2519 337 2652 395 CON
2661 335 3062 396 STANTINOP.

3732 339 3843 396 32‘!

517 491 3734 530 ww

1840 596 1993 671 [3:5]
2026 597 2272 652 ouum:
2301 598 2450 665 Μςο.

415 705 494 777 Τῇ
514 707 583 760 δὲ
601 705 856 773 ἐπιούσῃ
873 701 1061 773 ἡμέρᾳ
1080 701 1270 770 εἰσῄει
1291 701 1324 754 ό
1339 697 1579 761 Παῦλος
1602 694 1725 748 σὺν
1752 692 1896 762 ήμῖν
1923 689 2074 759 πρὸς

492 776 788 832 Ἰάκωϐον.
820 772 1043 832 πάντες
1069 787 1132 824 τε
1161 768 1560 832 παρετένοντο
1588 766 1642 818 οί
1661 763 2071 832 πρεσϐύτεροι.

492 777 788 837 Ἰάκωϐον,
820 777 1043 839 πάντες
1069 787 1132 824 τε
1161 777 1560 838 παρεγένοντο
1588 777 1641 818 οι
1661 777 2071 831 πρεσϐύτεροι.

483 846 593 902 Καὶ
622 844 1057 913 ἀσπασάμενος
1083 841 1327 913 αὐτούς,
1360 832 1800 913 Δέξηγςῖτςᾼκαθ
1939 831 2075 910 ἐκαρ-

478 933 631 972 στον
660 910 749 968 ὧν
786 902 1078 979 ἐποίησεν
1108 914 1141 965 ό
1174 902 1318 975 Θεὸς
1351 907 1418 961 ἐν
1454 902 1579 972 τοῖς
1602 905 1805 959 ἔθνεσι
1828 902 1928 957 διὰ
1962 902 2075 969 τῆς

479 986 788 1049 διακονίας
812 983 1019 1038 αὐτοῦ.

482 1099 542 1146 α’.
580 1085 748 1154 Οὗτος
777 1093 806 1144 0
832 1088 1060 1157 ἀδελφὸς
1085 1082 1153 1157 ἧν
1181 1084 1272 1139 τοῦ
1302 1083 1509 1157 κυρίου
1531 1082 1625 1135 καὶ
1655 1079 1948 1157 ἐπίσκοπος
1967 1075 2074 1157 τῶν

420 1147 805 1234 Ἰεροσολύμων
821 1173 872 1223 ι,
907 1147 1055 1232 ἀνὴρ
1079 1147 1252 1228 μέγας
1287 1147 1742 1223 καὶθαυμαστός.
1783 1148 1926 1219 Πρὸς
1953 1147 2076 1200 τοῦ-

411 1268 504 1305 τον
532 1249 837 1322 εἰσέρχεται
866 1245 1097 1308 Παῦλος,
1129 1243 1317 1315 ὥσπερ
1346 1240 1439 1294 καὶ
1465 1240 1571 1311 πρὸ
1595 1237 1785 1292 τούτου
1819 1237 1914 1289 καὶ
1939 1235 2075 1305 πρὸς

410 1338 574 1392 αὐτὸν
628 1337 939 1408 πέμπεται·
997 1334 1092 1388 καὶ
1146 1333 1294 1394 ὅπως
1341 1329 1527 1384 ἄκουε.
1589 1325 1673 1396 Τῇ
1700 1325 1768 1380 δὲ
1815 1324 2072 1392 ἐπιούσῃ

411 1426 620 1496 ἡμέρᾳ,
644 1427 827 1495 φησὶν,
852 1423 1044 1493 είσῄει
1069 1424 1102 1476 ό
1122 1420 1362 1486 Παῦλος
1382 1418 1509 1474 σὺν
1523 1415 1667 1487 ήμῖν
1689 1415 1838 1485 πρός
1869 1412 2073 1469 Ἰάκω-

411 1516 538 1569 ϐον.
575 1515 714 1584 Ὅρα
736 1511 798 1566 τὸ
825 1512 1045 1579 ἄτυφον.
1072 1507 1303 1572 Πάντες
1330 1522 1396 1560 τε
1426 1501 1829 1574 παρεγένοπο
1851 1503 1907 1555 οί
1932 1515 2074 1570 πρε-

409 1601 702 1668 σϐύτεροι·
725 1598 824 1652 καί
844 1595 1278 1665 ἀσπασάμενος
1299 1593 1540 1658 αὐτοὺς,
1571 1589 1839 1660 ἐξηγεῖτο
1859 1589 1988 1643 καθ’
2005 1589 2076 1643 ἐν

409 1687 671 1742 ἕκαστον
698 1679 786 1740 ὧν
815 1684 1104 1752 ἐποίησεν
1130 1685 1164 1737 ό
1193 1681 1339 1748 Θεὸς
1365 1680 1434 1735 έν
1460 1679 1586 1745 τοῖς
1620 1678 1824 1732 ἔθνεσι
1849 1677 1946 1731 διὰ
1965 1675 2069 1745 τῆς

409 1774 718 1839 διακονίας
741 1771 948 1826 αὐτοῦ.
976 1770 1147 1824 Πάλιν
1167 1769 1351 1832 αὐτοῖς
1375 1768 1444 1821 τὰ
1463 1767 1569 1820 τῶν
1590 1765 1759 1820 ἐθνῶν
1783 1764 2071 1836 διηγεῖται,

407 1862 469 1915 06
491 1860 800 1929 κενοδοξῶν,
827 1859 901 1930 μὴ
935 1857 1162 1927 γένοιτο,
1189 1856 1326 1910 άλλά
1348 1855 1442 1909 τοῦ
1474 1852 1609 1908 Θεοῦ
1640 1852 1807 1906 θέλων
1825 1851 1924 1922 τὴν
1955 1849 2074 1919 φιλ-

409 1947 726 2021 ανθρωπίαν
779 1944 1142 2011 ἐνδείξασθαι,
1182 1945 1278 1998 καὶ
1315 1943 1513 2014 πολλῆς
1553 1941 1749 2003 αὐτοὺς
1795 1937 2072 2010 ἐμπλῆσαι

403 2038 602 2108 χαρᾶς.
648 2035 791 2107 Ὅρα
835 2033 967 2104 γοῦν
1014 2033 1132 2096 πῶς
1173 2031 1502 2094 ἀκούσαντες
1549 2029 1643 2083 καὶ
1679 2027 1929 2093 ἐδόξαζον
1980 2027 2071 2082 τὸν

409 2125 564 2180 Θεόν.
607 2124 722 2178 οὐκ
762 2124 970 2176 ἐκεῖνον
994 2119 1231 2190 ἐπῂρουν
1270 2117 1389 2172 οὐδὲ
1413 2115 1756 2187 ἐθαύμαζον·
1793 2113 1928 2170 ἀλλὰ
1961 2114 2072 2168 Τὸν

411 2209 562 2266 Θεὸν
587 2205 901 2273 ἐδόξαζον·
949 2204 1092 2258 οὕτω
1121 2203 1228 2274 γάρ
1255 2203 1551 2274 διηγήσατο
1581 2201 1656 2265 ὡς
1688 2199 2071 2269 ἀνατιθέμενος

408 2297 576 2369 αὐτῷ.
608 2301 672 2350 οι
701 2295 770 2350 δέ
809 2295 1186 2357 ἀκούσαντες
1209 2287 1491 2355 ἐδόξαζον
1525 2289 1632 2342 τὸν
1667 2287 1834 2351 Θεὸν,
1870 2287 2070 2341 είπόν-

409 2402 509 2450 τες
550 2382 712 2450 αὐτῷ
729 2399 743 2412 ·
790 2380 1053 2451 Θεωρεῖς,
1092 2377 1337 2447 ἀδελφέ,
1383 2377 1567 2431 πόσαι
1592 2375 1877 2445 μυριάδες
1912 2374 2072 2428 εἰσιν

421 2471 727 2528 Ἰουδαίων
765 2469 885 2524 τῶν
911 2463 1435 2522 πεπιστευκότων·
1466 2464 1559 2517 καὶ
1585 2463 1785 2526 πάντες
1821 2459 2068 2528 ζηλωταί

410 2559 515 2615 τοῦ
551 2559 740 2628 νόμου
786 2555 1148 2624 ὑπάρχουσι.
1195 2549 1640 2617 Κατηχήθησαν
1661 2548 1730 2602 δὲ
1766 2547 1900 2616 περὶ
1931 2548 2069 2612 σοῦ,

409 2649 498 2702 ὅτι
530 2646 914 2702 ἀποστασίαν
944 2641 1253 2706 διδάσκεις
1293 2638 1413 2694 ἀπὸ
1438 2639 1733 2704 Μωῦσέως
1755 2637 1898 2704 τοὺς
1920 2638 2072 2692 κατὰ

405 2736 479 2791 τὰ
509 2735 654 2802 ἔθνη
690 2731 920 2798 πάντας
968 2730 1320 2794 Ἰουδαίους,
1349 2725 1542 2796 λέγων
1570 2725 1658 2796 μὴ
1699 2724 2072 2795 περιτέμνειν

404 2819 629 2887 αὐτοὺς
655 2817 964 2883 τὰτέκνα,
989 2815 1145 2887 μηδέ
1181 2814 1308 2881 τοῖς
1329 2814 1496 2868 ἔθεσι
1533 2812 1898 2883 περιπατεῖν.
1927 2812 2071 2882 Ὀρα

405 2909 501 2963 καὶ
529 2908 681 2962 αὐτοὶ
707 2907 824 2978 μεθ’
849 2906 981 2977 δσης
1007 2903 1308 2974 ὑποστολῆς
1326 2902 1355 2945 δ
1387 2919 1567 2972 φασιν.
1608 2902 1721 2972 Οὐχ
1749 2901 1822 2964 ὼς
1850 2901 2072 2954 ἐπίσκο-

406 3013 507 3060 πος
533 2993 866 3057 αὐθεντικῶς
887 2991 1214 3060 διαλέγεται,
1249 2989 1363 3044 ἀλλ’
1387 2990 1551 3044 αὑτὸν
1581 2987 2071 3060 παραλαμϐάνουσι

406 3081 660 3136 κοινωνὸν
700 3081 799 3150 τῆς
835 3077 1062 3150 γνώμης
1085 3095 1103 3113 ·
1156 3077 1345 3149 ῶσπερ
1391 3077 1459 3131 ἂν
1491 3078 1541 3130 εί
1586 3075 1788 3138 εὐθέως
1829 3074 1921 3128 καὶ
1963 3074 2072 3128 άπδ

406 3167 706 3240 προοιμίων
749 3163 1201 3236 ἀπολογούμενοι,
1232 3163 1315 3217 ὅτι
1357 3163 1471 3217 Οὐκ
1518 3160 1872 3230 ἐϐουλόμεθα.
1904 3160 2069 3232 Ὁρᾷς

405 3255 502 3309 τοῦ
544 3255 867 3326 πράγματος
915 3251 1015 3324 τὴν
1064 3250 1334 3322 ἀνάγκην,
1379 3248 1626 3317 Θεωρεῖς
1665 3247 1870 3311 πόσαι,
1913 3247 2069 3319 φησὶ,

399 3341 688 3412 μυριάδες
729 3339 890 3395 είσὶν
925 3337 1232 3395 Ἰουδαίων
1261 3335 1382 3392 τῶν
1408 3337 1895 3392 πεπιστευκότων
1907 3351 1928 3400 ;
1962 3334 2074 3390 Καὶ

404 3433 504 3484 οὐκ
538 3423 712 3494 εἶπον,
766 3428 943 3492 Πόσας
993 3427 1258 3500 μυριάδας
1301 3427 1716 3497 κατηχήσαμεν,
1765 3423 1880 3477 ἀλλ’
1911 3422 2069 3477 Είσί.

405 3518 516 3573 Kal
554 3514 906 3588 οὗτοι,φησὶ,
946 3515 1171 3581 πάντες
1207 3511 1460 3582 ζηλωταί
1506 3511 1615 3566 τοῦ
1661 3511 1850 3580 νόμου
1879 3508 2070 3578 ὑπάρ-

408 3619 604 3674 χουσι.
633 3601 738 3656 Δύο
777 3602 970 3668 αἰτίαι,
1016 3600 1194 3655 καὶτὸ
1234 3597 1456 3670 πλῆθος,
1500 3597 1596 3650 καὶ
1623 3597 1656 3668 ή
1679 3597 1896 3668 γνώμη.
1933 3595 2071 3650 Οὔτε

407 3692 516 3763 γάρ
542 3693 590 3744 εί
623 3690 795 3759 ὀλίγοι
837 3685 999 3761 ἦσαν,
1035 3686 1445 3758 καταφρονῆσαι
1471 3685 1662 3757 ἐχρῆν,
1709 3682 1834 3736 οὔτε
1865 3683 1914 3736 εί
1943 3682 2072 3736 πολ-

407 3780 507 3844 λοὶ,
541 3781 637 3834 καὶ
677 3779 752 3848 μὴ
791 3778 989 3840 πάντες
1029 3775 1124 3829 τοῦ
1151 3775 1317 3844 νόμου
1344 3773 1672 3844 ἀντείχοντο,
1711 3771 1839 3843 περὶ
1875 3769 2071 3824 πολλοῦ

409 3866 700 3920 ποιεῖσθαι.
747 3863 878 3918 Εἶτα
920 3863 1013 3918 καὶ
1056 3863 1215 3934 τρίτη
1255 3860 1433 3914 αἰτία·
1479 3859 1589 3914 Καὶ
1628 3859 1798 3914 αὐτοι
1850 3857 2073 3926 πάντες

408 3953 865 4023 κατηχήθησαν,
905 3951 1060 4022 φησὶ,
1096 3947 1230 4018 περὶ
1263 3947 1402 4016 σοῦ,
1442 3946 1533 4001 ὅτι
1571 3947 1958 4002 ἀποστασίαν
1988 3947 2073 4001 δι-

406 4043 658 4108 δάσκεις
690 4040 809 4096 ἀπὸ
841 4036 1138 4103 Μωυσέως
1167 4035 1309 4102 τοὺς
1339 4035 1490 4088 κατὰ
1536 4033 1607 4088 τὰ
1656 4036 1802 4102 ἐθνη
1842 4033 2074 4101 πάντας

420 4128 770 4194 Ἰουδαίους,
797 4125 989 4196 λέγων
1009 4124 1097 4195 μὴ
1119 4122 1492 4194 περιτέμνειν
1517 4121 1742 4188 αὐτοὺς
1765 4122 1838 4175 τὰ
1864 4121 2069 4187 τέκνα,

402 4219 560 4291 μηδὲ
590 4218 716 4284 τοῖς
761 4219 927 4272 ἔθεσι
968 4212 1336 4285 περιπατεῖν.
1382 4212 1496 4267 οὐκ
1545 4205 1718 4276 εἷπον,
1763 4211 2068 4266 Ἤκουσαν·

363 4301 370 4306 ’
405 4307 563 4372 ἀλλὰ,
603 4304 1067 4375 Κατηχήθησαν,
1102 4302 1400 4368 τουτέστιν,
1431 4300 1787 4372 ἐδιδάχθησαν
1822 4300 1916 4353 καὶ
1954 4299 2074 4353 ἐπί-

411 4411 663 4458 στευσαν,
693 4393 784 4447 ὅτι
829 4391 1210 4448 ἀποστασίαν
1247 4387 1366 4444 ἀπὸ
1397 4388 1695 4455 Μωῦσέως
1742 4386 2070 4452 διδάσκεις,

410 4485 607 4554 λέγων
644 4482 731 4552 μὴ
771 4481 1145 4551 περιτέμνειν
1175 4479 1495 4546 αὑτοὺς’τὰ
1532 4478 1731 4543 τέκνα,
1757 4477 1914 4549 μηδέ
1950 4477 2075 4545 τοῖς

409 4573 575 4626 ἔθεσι
618 4569 982 4638 περιπατεῖν.
1033 4567 1204 4620 Τοῦτο
1255 4565 1446 4631 εἰπὼν,
1489 4567 1737 4634 ἐπήγαγε
1761 4576 1844 4604 οη
1865 4566 1926 4620 Τί
1962 4560 2076 4620 οὖν

408 4661 578 4721 ὲστι;
625 4656 869 4720 Πάντως
895 4653 992 4707 δεῖ
1030 4652 1264 4720 πλῆθος
1301 4651 1655 4707 συνελθεῖν·
1709 4652 2071 4709 ἀκούσονται

409 4746 541 4814 γὰρ,
575 4743 664 4796 ὅτι
690 4740 1014 4808 ἐλήλυθας.
1055 4740 1233 4795 Τοῦτο
1270 4735 1385 4794 οὖν
1412 4738 1676 4806 ποίησον
1710 4738 1746 4792 δ
1771 4754 1872 4793 σοι
1899 4741 2073 4810 λέγο-

404 4849 540 4902 μεν.
581 4830 668 4894 Ὠς
702 4827 1156 4900 συμϐουλεύοντες
1199 4826 1373 4881 ταῦτα
1393 4825 1663 4894 λέγουσιν,
1691 4826 1790 4897 οὐχ
1836 4827 1912 4891 ὡς
1950 4830 2072 4883 ἐπι-

409 4921 714 4984 τάττοντες.
735 4917 910 4973 Eia-2r
939 4917 1084 4987 ήμῖν
1103 4917 1318 4985 ἄνδρες
1345 4917 1659 4985 τέσσαρες,
1685 4917 1881 4986 εὐχὴν
1902 4918 2075 4988 έχον-

411 5026 510 5076 τες
560 5009 655 5078 ἐφ’
705 5004 952 5062 ἑαυτῶν.
1006 5006 1261 5070 Τούτους
1294 5003 1445 5076 [546]
1499 5003 1860 5072 παραλαϐὼν
1905 5007 2073 5077 arri:-

409 5101 589 5165 σθητι
623 5093 747 5149 σὺν
788 5092 1011 5159 αὐτοῖς,
1064 5091 1166 5146 καὶ
1211 5091 1569 5159 δαπάνησον
1602 5091 1695 5145 ἐπ’
1724 5092 1949 5159 αὐτοῖς,
1976 5095 2076 5148 ἵνα

412 5182 791 5252 ξυρήσωνται
832 5180 948 5247 τήν
989 5178 1284 5248 κεφαλὴν,
1323 5179 1420 5232 καὶ
1477 5177 1662 5248 γνῶσι
1705 5179 1948 5246 πάντες,
1985 5180 2076 5234 ὅτι

410 5266 500 5327 ὧν
539 5268 908 5341 κατήχηνται
941 5267 1076 5336 περὶ
1114 5266 1254 5330 σοῦ,
1282 5265 1462 5320 οὐδέν
1487 5265 1678 5332 ἐστιν,
1725 5268 1887 5322 ἀλλὰ
1911 5283 2073 5321 στοι-

415 5359 541 5429 χεῖς
586 5361 684 5415 καὶ
736 5357 919 5425 αὐτὸς
967 5355 1306 5428 φυλάσσων
1359 5353 1465 5408 τὸν
1497 5356 1703 5424 νόμον.
1744 5356 1930 5426 Ἔργῳ
1976 5356 2077 5426 τὴν

414 5447 706 5518 ἀπολογίαν
733 5447 958 5518 ποιῆσαι
983 5443 1132 5516 αὐτῷ
1165 5443 1644 5514 συμϐουλεύουσιν,
1672 5443 1731 5496 οὐ
1755 5442 1918 5512 λόγῳ.
1955 5444 2077 5497 Ἵνα

415 5535 812 5603 ξιφήσωνται,
850 5534 1005 5604 φησὶ,
1045 5531 1144 5587 καὶ
1184 5529 1370 5600 γνῶσι
1422 5530 1664 5595 πάντες,
1694 5527 1782 5583 ὅτι
1814 5524 1903 5582 ὧν
1941 5545 2076 5582 κατ·

412 5621 666 5690 ήχηνται
710 5621 845 5690 περὶ
888 5621 1025 5687 σοῦ,
1068 5619 1248 5675 οὐδέν
1287 5619 1475 5672 ἐστιν.
1511 5617 1624 5670 οὐκ
1661 5613 1832 5681 εἷπον,
1871 5616 1954 5670 ὃτι
1987 5617 2075 5667 Δι-

411 5707 650 5772 δάσκεις,
689 5706 824 5759 ἀλλὰ
865 5707 1265 5775 Κατήχηνται,
1317 5704 1478 5758 πάλιν
1507 5703 1569 5755 10
1608 5701 1962 5771 ἐδιδάχθησαν
1986 5700 2074 5754 διὰ

474 5817 498 5843 ⁸
526 5814 650 5862 Tres
670 5816 832 5872 eodd.,
856 5815 1006 5882 ρῦτος
1026 5813 1357 5882 ἐπίσκοπος-ἦν
1377 5814 1473 5882 τῷν
1488 5811 1862 5882 βίεροσολύμων.
1927 5811 1956 5852 1³
1981 5811 2066 5882 C9-

415 5875 511 5984 035
535 5878 954 5983 ιιηυὲασυστολὴς.
1024 5874 1361 5935 εἨωε,τοῦτο
1401 5874 1543 5921 εἰπὼν
1571 5873 1796 5935 ἐπήγαγε,
1823 5873 2003 5924 desunt
2021 5874 2070 5925 in

418 5951 447 5983 θ
516 5947 596 5984 em
619 5949 644 5982 ι,
712 5970 724 5981 .
1243 5947 1266 5965 ⁸

418 5947 596 5984 εοαεω
619 5947 724 5983 σου.
1243 5947 1266 5965 ⁸

2173 688 2364 742 τούτου
2397 688 2593 760 δηλῶν,
2635 688 2729 742 καὶ
2760 689 2844 742 δτι
2879 685 3166 755 Στοιχεῖς,
3194 684 3494 748 τουτέστιν,
3528 685 3592 742 ἐκ
3622 701 3847 756 περιου-

2175 774 2295 841 σίας
2323 777 2418 830 καὶ
2452 777 2616 841 αὐτὸς
2648 776 2956 845 φυλάττεις.
2987 775 3064 830 O6
3098 774 3205 844 γὰρ
3226 773 3290 844 δὴ
3319 772 3478 826 τοῦτο
3503 774 3664 844 μόνον
3683 769 3752 843 ἦν
3783 776 3844 828 τδ

2175 863 2626 933 σπουδαζόμενον,
2657 865 2706 916 εί
2732 862 2806 933 μὴ
2837 862 3056 932 ἐτέρους
3077 859 3340 924 διδάσκει,
3371 859 3484 912 ἀλλ’
3512 860 3594 913 ὅτι
3621 863 3713 914 καὶ
3740 861 3841 914 αὺ-

2172 951 2265 1013 τδς
2293 955 2470 1023 τηρεῖ.
2499 951 2566 1004 Τί
2587 946 2701 1017 οὖν,
2723 949 2790 1004 ἂν
2815 948 2885 1002 τὰ
2907 947 3035 1018 ἔθνη
3061 947 3327 1018 μάθωσιν,
3358 947 3419 1002 06
3446 947 3844 1017 σκανδαλισθή-

2175 1056 2380 1104 σονται,
2419 1039 2579 1111 φησί;
2605 1039 2760 1105 Πῶςς
2801 1039 2936 1093 ὅπου
2970 1037 3066 1090 καὶ
3115 1039 3276 1108 ἡμεῖς
3312 1037 3362 1090 οί
3410 1035 3519 1090 τῶν
3569 1037 3841 1091 Ἰουδαίων

2173 1128 2480 1186 διδάσκαλοι
2503 1128 2831 1199 ἐπέμψαμεν
2859 1127 2996 1198 πρὸς
3020 1125 3235 1190 αὐτούς.
3269 1126 3408 1195 Περὶ
3432 1125 3502 1180 δέ
3528 1124 3646 1180 τῶν
3665 1141 3840 1180 πεπιε-

2173 1217 2516 1272 στευκότων
2556 1215 2747 1272 ἐθνῶν
2794 1215 2966 1285 ’ἡμεῖς
3013 1213 3467 1284 ἐπεστείλαμεν,
3528 1215 3841 1281 κρίναντες

2168 1303 2364 1374 μηδὲν
2390 1302 2663 1358 τοιοῦτον
2699 1301 2902 1370 τηρεῖν
2937 1301 3178 1368 αὐτοὺς,
3213 1302 3268 1354 εί
3284 1299 3370 1370 μὴ
3412 1299 3840 1370 φυλάσσεσθαι

2173 1391 2397 1458 αὐτοὺς
2437 1391 2504 1445 τὸ
2545 1389 2940 1444 είδωλόθυτον
2963 1388 3064 1442 καὶ
3089 1387 3156 1442 τὸ
3189 1383 3331 1457 αἷμα
3361 1387 3459 1442 καὶ
3493 1387 3560 1440 τὸ
3587 1387 3840 1440 πνικτὸν

2174 1479 2272 1533 καὶ
2292 1479 2595 1548 πορνείαν.
2625 1476 2891 1530 Ἐνταῦθα
2915 1476 3303 1548 ἐντρεπτικῶς.
3327 1477 3392 1530 ‘0
3413 1476 3469 1529 δὲ
3489 1475 3658 1544 λέγει,
3681 1473 3839 1527 τοῦτὸ

2174 1568 2345 1622 ἐστιν·
2398 1567 2604 1638 ’Ὠσπερ
2648 1565 2810 1634 ἡμεῖς
2854 1563 3086 1628 ἐκείνοις
3135 1561 3500 1633 ἐπετάξαμεν,
3550 1561 3725 1615 καίτοι
3774 1578 3837 1628 γε

2187 1655 2459 1719 Ἰουδαίοις
2505 1644 2884 1724 κηρύττοντες,
2919 1651 3061 1706 οὕτω
3096 1651 3189 1705 καὶ
3215 1652 3301 1717 σὺ,
3327 1651 3503 1704 καίτοι
3533 1650 3709 1704 ἔθνεσι
3739 1668 3837 1719 κη-

2177 1742 2405 1814 ρύττων,
2444 1739 2762 1813 σύμπραξον
2806 1741 2956 1811 ἡμῖν.
2996 1739 3139 1810 Ὅρα
3164 1738 3254 1793 τὸν
3285 1738 3499 1792 Παῦλον
3519 1754 3534 1766 ·
3575 1739 3636 1792 οὐ
3665 1737 3835 1807 λέγει,

2179 1831 2287 1884 Καὶ
2320 1829 2425 1902 μὴν
2455 1829 2690 1901 δύναμαι
2721 1827 2985 1900 Τιμόθεον
3016 1829 3376 1900 παραγαγεῖν,
3397 1825 3457 1880 ὃν
3486 1825 3832 1897 περιέτεμεν·

2177 1917 2270 1970 καὶ
2298 1916 2403 1989 μὴν
2428 1915 2662 1987 δύναμαι
2687 1917 2872 1970 πεῖσαι
2901 1913 2981 1985 τῷ
3001 1914 3177 1986 λόγῳ·
3217 1913 3332 1968 ἀλλ’
3365 1912 3596 1983 ἐπείσθη
3625 1914 3836 1977 αὐτοῖς,

2174 2005 2266 2058 καὶ
2288 2004 2466 2058 πάντα
2489 2004 2712 2075 ἐποίησε
2734 2019 2748 2034 ·
2775 2003 3002 2074 καὶγὰρ
3021 2002 3162 2056 οὕτω
3189 2001 3501 2072 συνέφερεν.
3528 2000 3601 2054 Ού
3627 1999 3739 2070 γὰρ
3767 1995 3840 2070 ἦν

2175 2092 2288 2144 ἴσον
2306 2093 2386 2156 είς
2404 2090 3080 2160 άπολογίαν’καταστῆναι,
3106 2087 3199 2143 καὶ
3217 2087 3429 2150 οὐδενὸς
3449 2087 3648 2150 εἰδότος
3671 2090 3836 2156 ποιῆ-

2174 2195 2262 2233 σαι
2316 2177 2507 2234 ταῦτα.
2562 2177 2897 2232 Ἀνύποπτον
2942 2173 3011 2258 ἦν
3053 2175 3117 2230 τδ
3155 2175 3250 2230 καὶ
3277 2174 3642 2230 δαπανᾶσθαι.
3689 2174 3838 2229 Τότε

2171 2267 2532 2337 παραλαϐὼν
2557 2270 2591 2321 ό
2611 2266 2850 2334 Παῦλος
2874 2267 3018 2333 τοὺς
3043 2265 3288 2335 ἄνδρας,
3327 2263 3425 2319 και
3464 2261 3540 2332 τῇ
3579 2261 3836 2333 ἐχομένη

2171 2354 2359 2425 ἡμέρᾳ
2377 2355 2501 2409 σὺν
2515 2353 2715 2420 αὐτοῖς
2742 2354 3048 2424 ἁγνισθεὶς
3069 2353 3262 2423 είσῄει
3282 2354 3369 2419 είς
3388 2351 3456 2407 τὸ
3475 2352 3654 2417 ἱερὸν,
3676 2348 3836 2418 διαγ-

2172 2441 2404 2513 γέλλων
2426 2441 2541 2511 τὴν
2561 2440 2946 2510 ἐκπλήρωσιν
2975 2440 3094 2494 τῶν
3114 2438 3354 2510 ἡμερῶν
3377 2437 3484 2492 τοῦ
3517 2437 3835 2507 ἁγνισμοῦ.

2169 2532 2281 2597 ἕως
2319 2526 2392 2588 οὗ
2435 2529 2821 2599 προσηνέχθη
2861 2528 3014 2599 ὑπὲρ
3063 2529 3200 2595 ἐνὸς
3245 2526 3508 2581 ἑκάστου
3554 2522 3755 2578 αὐτῶν
3799 2525 3836 2591 ή

2172 2618 2506 2688 προσφορά.
2534 2616 2930 2687 Διαγγέλλων,
2955 2615 3221 2680 τουτέστι,
3251 2613 3666 2683 καταγγέλλων·
3697 2611 3837 2665 ὥστε

2171 2707 2333 2770 αὐτὸς
2352 2702 2420 2778 ἦν
2443 2709 2471 2760 0
2493 2705 2648 2776 δῆλον
2679 2703 2869 2759 ἐαυτὸν
2893 2703 3080 2756 ποιῶν.
3120 2703 3218 2769 Ὠς
3236 2701 3306 2756 δὲ
3321 2701 3581 2772 ἔμελλον
3601 2703 3660 2754 αἱ
3687 2700 3836 2754 ἑπτά

2171 2797 2382 2863 ’ἡμέραι
2406 2793 2852 2849 συντελεῖσθαι.

2244 2881 2459 2951 β’.”ορα
2474 2881 2589 2945 πῶς
2614 2880 2849 2952 μάλιστα
2869 2879 2931 2950 δὴ
2948 2880 3131 2942 αὐτοῖς
3153 2876 3476 2950 ἐγχρονίζει.
3499 2879 3564 2930 Ol
3585 2876 3705 2931 ἀπὸ
3728 2874 3841 2943 τῆς

2185 2968 2390 3034 Ἀσίας
2405 2967 2687 3032 Ἰουδαῖοι,
2714 2965 3071 3036 θεασάμενοι
3100 2965 3286 3019 αὐτὸν
3304 2965 3375 3019 ἐν
3403 2963 3481 3030 τῶ
3510 2962 3662 3033 ίερῷ,
3690 2981 3845 3019 συν-

2169 3055 2345 3124 έχεον
2369 3054 2565 3108 πάντα
2587 3054 2693 3108 τὸν
2715 3054 2920 3124 ὄχλον,
2953 3053 3051 3107 καὶ
3070 3049 3369 3106 ἐπέϐαλον
3398 3051 3491 3105 ἐπ’
3517 3051 3705 3106 αὐτὸν
3730 3051 3844 3114 τὰς

2172 3140 2393 3210 χεῖρας,
2429 3139 2766 3209 κράζοντες·
2813 3139 3055 3209 Ἄνδρες
3103 3139 3488 3206 Ἰσραηλῖται,
3522 3135 3804 3203 βοηθεῖτε
3825 3153 3838 3166 ·

2171 3227 2350 3296 οὗτός
2377 3231 2547 3284 ἐστιν
2588 3233 2622 3284 ὁ
2667 3229 2978 3298 ἄνθρωπος
3011 3233 3043 3284 ό
3085 3228 3235 3284 κατὰ
3263 3228 3370 3284 τοῦ
3397 3229 3552 3284 λαοῦ
3590 3228 3691 3283 καί
3730 3228 3840 3282 τοί

2171 3317 2359 3385 νόμου
2404 3317 2503 3370 καὶ
2536 3317 2643 3370 τοῦ
2686 3318 2873 3370 τόπου
2896 3317 3110 3370 τούτου
3147 3314 3381 3382 πάντας
3407 3315 3718 3386 πανταχοῦ
3751 3314 3845 3368 δι-

2171 3403 2445 3458 δάσκων·
2495 3404 2582 3458 ἐτι
2614 3421 2678 3458 τε
2708 3402 2808 3457 καί
2845 3403 3155 3471 Ἕλληνας
3185 3401 3506 3472 εισήγαγεν
3549 3405 3636 3469 είς
3662 3403 3730 3457 τὸ
3761 3406 3846 3458 ίε-

2164 3491 2301 3558 ρόν,
2328 3491 2425 3544 καί
2460 3491 2778 3546 κεκοίνωκε
2810 3490 2917 3544 τὸν
2940 3490 3110 3562 ἅγιον
3137 3491 3324 3545 τόπον
3347 3491 3581 3544 τοῦτον.
3612 3491 3751 3560 Ὅρα
3774 3491 3846 3544 10

2172 3572 2304 3648 ἦθος
2343 3577 2520 3632 αὐτῶν
2561 3575 2835 3648 πανταχοῦ
2869 3577 3201 3648 ταραχῶδες,
3242 3578 3336 3631 καὶ
3367 3577 3552 3641 ἁπλῶς
3593 3575 3845 3647 βοώντων

2173 3667 2231 3718 ἐν
2278 3664 2357 3735 τῷ
2407 3664 2573 3735 μέσῳ.
2625 3661 2819 3720 Ἦσαν
2869 3667 2979 3734 γὰρ
3029 3665 3353 3732 ἑωρακότες
3395 3666 3684 3734 Τρόφιμον
3733 3665 3847 3718 τὸν

2185 3751 2464 3822 Ἐφέσιον
2490 3752 2560 3805 ἐν
2584 3750 2660 3820 τῇ
2691 3753 2864 3806 πόλει
2901 3751 3022 3805 σὺν
3043 3750 3223 3817 αὐτῷ,
3247 3751 3320 3805 ὃν
3343 3750 3613 3821 ἐνόμιζον
3636 3751 3720 3804 ὅτι
3752 3756 3846 3818 είς

2172 3841 2239 3895 τὸ
2272 3839 2433 3909 Ιερὸν
2459 3837 2782 3909 εἰσήγαγεν
2815 3842 2848 3892 ό
2885 3838 3146 3904 Παῦλος.
3187 3839 3468 3908 Ἐκινήθη
3497 3856 3560 3894 τε
3589 3841 3626 3906 ή
3659 3843 3845 3906 πόλις

2173 3929 2307 3996 ὅλη,
2336 3927 2432 3981 καὶ
2457 3926 2691 3996 ἐγένετο
2722 3925 3032 3995 συνδρομὴ
3073 3925 3181 3981 τοῦ
3202 3927 3354 3982 λαοῦ
3375 3942 3388 3956 ⁸
3431 3927 3529 3981 καὶ
3563 3927 3846 3981 ἐπιλαϐό-

2166 4033 2337 4086 μενοι
2394 4017 2502 4070 τοῦ
2541 4015 2803 4076 Παύλου,
2865 4009 3071 4068 εἷλκον
3101 4014 3286 4068 αὑτὸν
3338 4014 3454 4078 ἔξω
3499 4015 3606 4068 τοῦ
3637 4014 3796 4081 ίεροῡ
3823 4029 3840 4043 °

2173 4103 2271 4156 καὶ
2308 4101 2528 4167 εὐθέως
2556 4103 2962 4169 ἐκλείσθησαν
3010 4104 3069 4154 αί
3098 4102 3288 4170 θύραι.
3323 4101 3562 4170 Ἄνδρες
3606 4103 3847 4170 Ἰσραη-

2171 4191 2350 4255 λῖται,
2381 4189 2682 4260 βοηθεῖτε,
2718 4189 2901 4259 φησίν.
2937 4185 3128 4256 Οὗτός
3173 4189 3343 4274 ἐστιν
3374 4192 3407 4243 ό
3444 4189 3753 4258 ἅνθρωπος
3805 4195 3842 4243 ό

2173 4279 2324 4334 κατά
2370 4278 2477 4333 τοῦ
2523 4277 2677 4334 λαοῦ
2709 4278 2809 4332 καί
2845 4276 2952 4331 τοῦ
3002 4278 3188 4347 νόμου
3218 4278 3315 4332 καί
3347 4278 3454 4332 τοῦ
3492 4278 3677 4332 τόπου
3704 4278 3846 4331 τού-

2172 4385 2300 4422 του.
2337 4369 2403 4420 Ἀ
2458 4366 2692 4437 μάλιστα
2717 4365 2916 4428 αὐτοὺς
2957 4363 3204 4436 ἐθορύϐει
3233 4367 3261 4418 0
3289 4365 3416 4427 ναὸς
3447 4367 3541 4419 καὶ
3573 4366 3602 4417 0
3650 4364 3841 4435 νόμος,

2173 4451 2345 4508 ταῦτα
2369 4451 2703 4523 προφέρουσι
2725 4452 2945 4504 ἐκεῖνοι.
2962 4451 3070 4504 Καὶ
3091 4449 3243 4504 οὐδὲν
3266 4448 3556 4504 ἐνεκάλεσε
3576 4451 3687 4514 τοῖς
3707 4451 3845 4502 ἀπο-

2175 4541 2380 4603 στόλοις
2401 4541 2430 4592 0
2461 4537 2672 4603 Παῦλος
2693 4537 2883 4591 παθὼν
2907 4537 3083 4591 καίτοι
3107 4535 3367 4601 τοσαῦτα,
3397 4536 3478 4590 ὅτι
3503 4537 3654 4588 αὐτοὶ
3674 4535 3842 4589 αἴτιοι

2173 4626 2378 4680 τούτων
2433 4625 2719 4695 γεγόνασιν
2749 4623 2925 4694 αὐτῷ·
2983 4621 3153 4687 οὕτως
3180 4618 3248 4693 ἦν
3291 4622 3682 4693 μεγαλόψυχος.
3729 4622 3842 4676 Καὶ

2175 4713 2380 4770 εἷλκον
2397 4714 2603 4776 αὐτὸν,
2637 4714 2821 4784 φησὶν,
2837 4711 2953 4777 ἔξω
2975 4711 3081 4765 τοῦ
3110 4709 3290 4779 ίεροῦ·
3315 4709 3414 4765 καὶ
3429 4711 3844 4777 ἐκλείσθησαν

2172 4805 2232 4856 al
2262 4803 2452 4872 θύραι.
2492 4799 2803 4854 Ἐϐούλοντο
2849 4799 2958 4869 γὰρ
2985 4798 3146 4852 αὐτὸν
3193 4797 3404 4852 ἀνελεῖν
3433 4796 3582 4870 [547]
3609 4796 3704 4849 καὶ
3749 4796 3844 4850 διὰ

2171 4888 2329 4943 τοῦτο
2354 4889 2458 4954 ἔξω
2489 4881 2691 4952 εἷλκον,
2715 4886 2854 4940 ὥστε
2885 4887 3022 4958 μετὰ
3056 4884 3300 4950 πλείονος
3325 4885 3508 4949 ἁδείας
3535 4882 3694 4937 τοῦτο
3719 4900 3845 4936 ποιε-

2173 4976 2322 5046 ἧσαι.
2364 4975 2714 5042 Ζητούντων
2745 4972 2814 5026 δὲ
2835 4972 3023 5027 αὐτὸν
3043 4972 3412 5037 ἀποκτεῖναι,
3441 4970 3628 5038 ἀνέϐη
3653 4969 3845 5038 φάσις

2173 5065 2252 5131 τῷ
2275 5064 2558 5134 χιλιάρχῳ
2585 5061 2692 5130 τῆς
2712 5062 2985 5132 σπείρας,
3008 5062 3095 5116 ὅτι
3119 5062 3230 5130 ὅλη
3253 5061 3620 5132 συγκέχυται
3633 5062 3844 5130 Ἰερου-

2173 5152 2378 5220 σαλήμ
2398 5169 2410 5181 ⁸
2479 5151 2547 5217 ὃς
2597 5150 2856 5218 ἐξαυτῆς
2915 5150 3275 5218 παραλαϐὼν
3329 5147 3692 5219 στρατιώτας
3742 5149 3846 5202 καί

2173 5237 2668 5308 ἑκατοντάρχους,
2693 5237 3059 5307 κατέδραμεν
3085 5237 3178 5291 ἐπ’
3210 5239 3451 5304 αὐτούς.
3485 5240 3550 5291 οι
3579 5235 3647 5290 δὲ
3681 5236 3845 5290 ίδόν-

2173 5341 2270 5387 τες
2296 5320 2403 5375 τὸν
2435 5323 2754 5389 χιλίαρχον
2776 5321 2872 5374 καί
2902 5321 3045 5386 τοὺς
3075 5319 3461 5388 στρατιώτας,
3492 5321 3845 5374 ἐπαύσαντο

2173 5412 2497 5475 τύπτοντες
2531 5408 2638 5462 τὸν
2693 5407 2958 5462 Παῦλον.
3019 5409 3154 5462 Τότε
3173 5407 3420 5478 ἐγγίσας
3448 5410 3482 5462 ό
3503 5409 3842 5478 χιλίαρχος.

2174 5495 2494 5549 ἐπελάϐετο
2557 5496 2764 5556 αὑτοῦ,
2803 5496 2898 5548 καὶ
2933 5495 3224 5550 ἐκέλευσε
3277 5493 3521 5564 δεθῆναι
3578 5495 3845 5550 ἁλύσεσι

2173 5578 2316 5633 δυσί
2336 5595 2349 5610 ·
2398 5581 2493 5632 καὶ
2527 5579 2913 5642 ἐπυνθάνετο,
2939 5580 3027 5642 τίς
3046 5579 3124 5633 ἂν
3139 5581 3232 5647 ειη
3261 5578 3359 5632 καὶ
3387 5579 3444 5632 τί
3478 5579 3608 5632 ἐστι
3631 5593 3842 5632 πεποι-

2172 5665 2350 5732 ηκώς.
2379 5668 2579 5720 Ἄλλοι
2608 5665 2676 5718 δὲ
2708 5666 2870 5721 ἄλλα
2902 5666 3088 5720 ἐϐόων
3123 5666 3194 5718 ἐν
3218 5664 3299 5730 τῷ
3327 5665 3510 5734 ὄχλῳ.
3551 5667 3662 5718 Καὶ
3693 5666 3841 5729 τίνος

2173 5753 2355 5806 ἕνεκεν
2389 5752 2594 5822 μέλλων
2647 5754 2807 5806 αὑτὸν
2845 5753 3138 5818 ἐξετάζειν,
3176 5753 3431 5806 ἐκέλευσε
3462 5752 3680 5822 δεθῆναι
3710 5753 3840 5805 ἁλύ-

2175 5857 2292 5892 σεσι
2337 5839 2488 5904 δυσί;
2559 5840 3056 5910 Παραμυθούμενος
3116 5841 3206 5894 τὸν
3255 5840 3428 5903 θυμὸν
3492 5840 3584 5894 τοῦ
3641 5839 3838 5908 δήμου.

2173 5929 2230 5983 Μ
2237 5926 2269 5998 ὴ
2297 5925 2630 5996 δυνάμενος
2663 5929 2731 5981 δὲ
2763 5927 2976 5998 γνῶναι
3003 5929 3068 5984 τὸ
3101 5927 3375 5998 ἀσφαλές
3407 5927 3503 5982 διὰ
3539 5927 3644 5982 τὸν
3666 5927 3845 5995 θόρυ-
