4086 6164
373 418 473 475 52!

375 537 1700 559 ‘ﬂ-mg_.—

415 533 937 560 ..——-—I—-

1324 416 1392 472 ΙΝ
1431 413 1606 471 ACTA
1649 411 2168 472 APOSTOLORUM.
2213 417 2438 475 llOillL.
2482 418 2662 478 XLVI.

1710 537 3361 565 Ἢ

3543 438 3648 494 322

3376 553 3630 572 Ἥ

1699 575 2046 638 ΗΟΜί-ΙᾸΑ
2087 576 2310 638 XLVI.

366 725 498 783 Cu.
559 724 652 781 2|.
691 739 747 778 ν.
792 723 881 779 18.
929 722 1172 790 Sequenti
1198 733 1367 777 autem
1410 723 1494 778 die
1542 723 1783 776 introibat
1815 722 1954 776 Pau-

439 820 522 873 lus
572 817 834 872 nobiscum
862 815 931 868 ad
953 814 1232 881 Jacobum,
1262 830 1531 884 omnesque
1558 816 1833 885 presbyteri
1861 815 1954 868 ad-

435 917 600 963 erant.
628 907 714 962 19.
738 906 877 974 Quos
903 921 1016 959 cum
1036 906 1322 971 salutasset,
1350 906 1588 959 narrabat
1615 922 1702 975 per
1725 903 1950 974 singula,

437 1015 551 1067 qua:
580 997 717 1052 Deus
739 1000 935 1068 fecisset
957 998 1008 1050 in
1029 995 1259 1068 gentibus
1287 1013 1375 1066 per
1401 997 1737 1050 ministerium
1767 998 1949 1066 ipsius.

441 1093 493 1146 t.
535 1091 632 1145 ilic
671 1089 834 1144 frater
871 1096 987 1143 erat
1028 1087 1235 1142 Domini
1263 1096 1317 1141 et
1343 1087 1627 1157 episcopus
1667 1087 1944 1158 Jcrnsoly-

365 1196 608 1246 nierum,
637 1179 719 1233 vir
748 1193 971 1249 magnus
991 1187 1046 1232 et
1065 1177 1345 1232 mirabilis.
1377 1176 1458 1231 Ad
1486 1175 1628 1231 hunc
1656 1177 1952 1247 ingreditur

366 1272 580 1336 Paulus,
609 1273 745 1326 sicut
771 1279 822 1324 et
848 1280 972 1323 ante
993 1268 1154 1324 etiam
1181 1267 1247 1322 ad
1271 1268 1422 1322 illum
1447 1267 1675 1322 mittitur
1700 1286 1713 1321 :
1739 1279 1790 1322 et
1817 1283 1951 1337 quo-

365 1365 562 1428 modo,
604 1362 747 1416 audi.
791 1361 1032 1429 Sequenti
1075 1369 1242 1414 autem
1286 1360 1406 1425 die,
1457 1359 1667 1430 inquit,
1713 1359 1950 1413 introibat

375 1457 573 1511 Paulus
603 1455 860 1508 nobiscum
890 1454 957 1506 ad
979 1453 1248 1506 Iacobum.
1292 1452 1422 1507 Vide
1451 1467 1608 1522 quam
1644 1452 1713 1506 sit
1742 1466 1769 1504 a
1813 1453 1945 1504 fastu

363 1548 590 1602 alienus.
634 1545 918 1614 Omnesque
947 1545 1221 1615 presbyteri
1251 1545 1485 1597 aderant.
1535 1543 1674 1611 Quos
1718 1559 1829 1596 cum
1859 1560 1942 1595 sa-

364 1637 592 1700 lutasset,
641 1635 877 1690 narrabat
933 1651 1024 1706 per
1062 1635 1262 1705 singula
1282 1675 1296 1699 ,
1328 1651 1440 1704 qua:
1484 1639 1667 1705 fecerat
1709 1634 1846 1688 Deus
1892 1634 1945 1687 in

361 1727 594 1799 gentibus
634 1743 726 1796 per
764 1725 1098 1779 ministerium
1138 1725 1320 1795 ipsius.
1364 1725 1558 1779 lterum
1603 1725 1705 1778 illis
1732 1739 1852 1793 qua:
1878 1724 1943 1780 ad

361 1829 550 1889 gentes
575 1817 886 1888 spectabant
911 1825 1163 1882 enarrat,
1196 1832 1304 1871 non
1331 1832 1482 1870 vanu.-
1512 1816 1695 1884 glnria:
1723 1815 1900 1870 studio
1925 1857 1940 1882 ,

362 1909 536 1976 absit;
568 1909 661 1964 sed
706 1919 764 1962 ut
807 1907 900 1963 Dei
927 1907 1266 1962 clementiam
1295 1907 1641 1974 ostenderet,
1685 1915 1740 1961 et
1776 1906 1942 1960 multa

361 1999 508 2070 ipsos
535 1999 783 2069 impleret
813 1997 1016 2054 laetitia.
1059 1996 1193 2052 Vide
1218 2012 1346 2068 ergo
1371 1997 1644 2068 quomodo
1660 1997 1943 2053 audientes

363 2095 530 2151 Deum
561 2094 939 2165 glorificarent.
978 2091 1092 2148 Non
1121 2091 1272 2146 illum
1298 2097 1608 2147 extulerunt
1647 2092 1732 2146 vel
1760 2091 1939 2145 mirati

361 2194 487 2241 sunt
509 2228 524 2253 ,
555 2187 648 2242 sed
678 2185 836 2239 Deum
863 2183 1213 2256 gloriﬁcabant
1239 2199 1257 2237 :
1289 2183 1359 2236 ita
1389 2197 1530 2238 enim
1564 2183 1855 2246 narrabat,
1885 2189 1941 2235 ut

363 2280 438 2334 illi
469 2295 581 2334 rem
604 2279 947 2334 adscriberet.
979 2277 1068 2332 20.
1103 2277 1166 2330 At
1195 2276 1272 2330 illi
1293 2293 1406 2330 cum
1432 2276 1711 2340 audissent,
1741 2274 1939 2345 magni-

361 2371 585 2434 ﬁcubant
601 2367 782 2433 Deum,
806 2369 1141 2435 dixeruntque
1163 2367 1208 2420 ei
1232 2383 1250 2420 :
1281 2365 1452 2432 Vides,
1477 2367 1660 2435 frater,
1685 2375 1805 2435 quot
1825 2374 1940 2418 sunt

357 2460 521 2513 millia
549 2461 601 2514 in
628 2459 842 2522 Iudaeis,
874 2460 971 2528 quis
989 2459 1348 2522 crediderunt;
1391 2468 1438 2513 et
1469 2475 1638 2513 omnes
1666 2458 1936 2512 tumulata-

356 2569 435 2605 res
448 2562 564 2604 sunt
588 2551 728 2622 legis.
762 2550 1041 2604 Audierant
1068 2559 1232 2602 autem
1257 2550 1319 2603 de
1343 2559 1408 2616 te,
1439 2550 1558 2620 quia
1581 2550 1935 2603 discessionem

356 2644 536 2697 doceas
561 2661 593 2697 a
622 2642 802 2712 Moyse
829 2660 934 2709 eos,
965 2644 1049 2709 qui
1077 2644 1207 2695 inter
1235 2651 1405 2712 gentes
1429 2651 1547 2695 sunt
1571 2682 1586 2704 ,
1627 2657 1800 2694 omnes
1836 2639 1939 2694 Ju-

355 2735 489 2788 dteos
510 2775 525 2796 ,
567 2734 738 2788 dicens
763 2750 848 2788 eos
877 2750 977 2787 non
1007 2733 1184 2786 debere
1208 2734 1567 2788 circumcidere
1598 2734 1732 2802 filios
1773 2750 1894 2789 suos
1917 2773 1933 2798 ,

354 2842 510 2896 neque
540 2825 618 2879 his
643 2823 1086 2878 consuetudinibus
1117 2824 1370 2878 incedere.
1414 2823 1546 2879 Vide
1586 2839 1707 2878 cum
1737 2834 1934 2894 quanta

357 2926 406 2971 et
449 2915 499 2970 hi
530 2915 790 2971 modestia
819 2916 1126 2986 loquantur.
1168 2914 1283 2969 Non
1317 2918 1466 2987 quasi
1497 2918 1780 2987 episeopus
1809 2934 1932 2972 cum

351 3009 673 3063 auctoritate
705 3007 964 3078 loquitur,
992 3008 1086 3083 sed
1116 3007 1262 3062 illum
1296 3009 1346 3062 in
1375 3009 1582 3063 consilii
1612 3010 1816 3064 socium
1843 3026 1933 3064 as-

351 3109 591 3162 sumunt;
616 3114 679 3154 ac
704 3100 747 3154 si
772 3099 948 3154 statim
975 3107 1028 3155 et
1053 3099 1120 3154 ab
1151 3100 1302 3155 initio
1332 3101 1593 3156 rationem
1623 3101 1930 3164 redderent.

352 3192 700 3260 dicerentque
727 3208 742 3244 :
773 3189 884 3246 Non
913 3191 1186 3246 vellemus.
1218 3192 1380 3247 Vides
1414 3194 1488 3248 rei
1519 3193 1933 3248 necessitatem?

366 3280 541 3345 Vides,
561 3281 820 3352 inquiunt,
838 3291 956 3352 quot
982 3283 1083 3338 sint
1110 3283 1271 3337 millia
1300 3284 1352 3336 in
1376 3283 1572 3338 Iudicis
1597 3285 1681 3353 qui
1707 3287 1932 3339 credide-

354 3374 507 3426 runt?
523 3372 631 3428 Nec
651 3373 851 3428 dicunt.
873 3373 1012 3441 Quot
1034 3374 1196 3429 millia
1220 3375 1624 3441 iustitucrimus,
1651 3376 1745 3431 sed
1774 3378 1925 3431 Sunt.

354 3462 422 3517 Et
449 3465 504 3517 hi
526 3503 544 3528 ,
595 3463 836 3534 inquiunt
858 3504 874 3530 ,
902 3481 1075 3520 omnes
1102 3466 1418 3520 aemulatores
1445 3475 1563 3521 sunt
1609 3467 1754 3538 legis.
1803 3469 1929 3523 Dine

352 3569 526 3610 causae
548 3563 691 3621 sunt,
719 3563 774 3610 et
795 3553 1074 3610 multitudo
1098 3565 1153 3610 et
1178 3558 1528 3625 propositum.
1559 3557 1741 3628 Neque
1762 3560 1929 3626 enim,

353 3646 397 3699 si
427 3645 577 3714 pauci
603 3644 847 3709 fuissent,
879 3646 1252 3701 contemnendi
1284 3657 1456 3711 erant;
1485 3664 1657 3718 neque
1684 3650 1728 3703 si
1754 3651 1928 3717 multi,

353 3744 408 3790 et
429 3751 534 3790 non
562 3750 748 3791 omnes
783 3735 953 3807 legem
981 3735 1362 3804 retinuissent,
1394 3754 1711 3808 magnopere
1739 3755 1935 3795 curan-

355 3825 478 3880 dum
505 3835 640 3882 erat.
681 3827 900 3883 Accedit
926 3836 982 3882 et
1011 3827 1165 3883 tertia
1194 3843 1351 3883 causa
1403 3847 1414 3882 :
1472 3847 1490 3881 ι
1543 3831 1605 3883 Et
1649 3831 1699 3884 hi
1744 3847 1931 3888 omnes

356 3917 527 3972 edocti
553 3926 681 3973 sunt
706 3917 774 3974 de
803 3927 856 3974 te
880 3959 896 3986 ,
924 3917 1097 3989 inquit
1117 3959 1132 3985 ,
1161 3919 1300 3989 quod
1328 3920 1707 3976 discessionem
1738 3922 1932 3979 doceas

356 4027 384 4065 a
415 4011 595 4084 Moyse
622 4026 717 4066 eos
743 4026 963 4078 omnes,
991 4011 1083 4082 qui
1110 4012 1250 4067 inter
1276 4023 1462 4083 gentes
1490 4024 1644 4076 sunt,
1672 4014 1887 4071 Judaaos
1912 4057 1928 4082 ,

357 4101 541 4158 dicens
567 4116 675 4156 non
700 4100 894 4158 debere
918 4117 1013 4158 eos
1037 4102 1420 4160 circumcidere
1449 4105 1581 4160 tilios
1607 4121 1733 4161 suos
1759 4123 1932 4177 neque

358 4193 410 4247 in
441 4192 914 4248 consuetudinibus
936 4192 1042 4248 illis
1068 4193 1334 4249 incedere.
1376 4213 1394 4246 ι
1425 4195 1538 4250 Non
1565 4197 1747 4252 dicunt
1773 4239 1787 4261 ,
1822 4201 1932 4253 Au-

354 4287 590 4350 dierunt;
615 4285 731 4352 sed,
756 4285 938 4340 Edocti
962 4295 1099 4354 sunt,
1128 4286 1177 4340 id
1202 4295 1313 4353 est,
1344 4287 1568 4342 instituti
1591 4299 1715 4343 sunt
1738 4300 1788 4344 et
1815 4305 1934 4344 cre-

355 4379 605 4434 diderunt
629 4418 644 4444 ,
687 4378 824 4448 quod
847 4377 1202 4432 discessionem
1227 4394 1258 4430 a
1286 4379 1462 4449 Moyse
1504 4380 1703 4445 doceas,
1760 4383 1932 4436 dicens

356 4487 456 4524 non
481 4470 657 4524 debere
698 4485 782 4524 eos
805 4469 1166 4524 circumcidere
1206 4471 1342 4538 filios
1362 4487 1499 4534 suos,
1545 4489 1701 4543 neque
1728 4476 1782 4527 in
1811 4492 1933 4529 con-

354 4561 701 4617 suetudinibus
717 4562 820 4615 illis
835 4561 1086 4616 incedere.
1110 4561 1238 4616 Post
1261 4562 1374 4617 haec
1400 4563 1663 4618 subdidit:
1682 4565 1769 4618 2‘2.
1795 4566 1931 4631 Quid

357 4670 475 4724 ergo
492 4653 616 4708 est.’
665 4652 847 4721 Utique
873 4662 1070 4722 oportet
1094 4655 1358 4707 convenire
1396 4654 1767 4710 multitudinem
1795 4674 1812 4712 :
1838 4677 1933 4713 au-

355 4748 492 4801 dient
518 4747 649 4800 enim
677 4754 723 4799 te
746 4745 954 4800 uenisse.
989 4743 1082 4798 25.
1113 4743 1226 4799 Hoc
1251 4762 1368 4816 ergo
1397 4751 1501 4818 fac,
1533 4750 1668 4818 quod
1692 4750 1780 4803 tibi
1803 4751 1931 4805 dici-

358 4855 486 4893 mus.
528 4838 690 4907 Quasi
719 4837 1000 4892 consilium
1027 4837 1216 4892 dantes
1256 4844 1358 4893 hoc
1393 4837 1609 4906 dicunt,
1643 4856 1750 4895 non
1779 4844 1928 4913 quasi

354 4933 698 5002 imperantes.
747 4948 766 4983 ι
798 4929 935 4986 Sunt
957 4929 1111 4986 nobis
1136 4930 1234 4985 viri
1261 4940 1494 5001 quatuor
1517 4943 1697 4988 votum
1728 4934 1930 4990 baben-

355 5031 435 5077 tes
459 5035 621 5092 super
641 5036 718 5077 se.
741 5021 831 5076 24.
860 5020 952 5075 llis
972 5023 1258 5092 assumptis
1280 5023 1550 5078 sanctifica
1578 5033 1630 5080 te
1653 5040 1772 5080 cum
1800 5026 1926 5092 illis,

351 5119 405 5166 et
436 5109 684 5180 impende
713 5111 764 5164 in
794 5109 899 5164 illis
923 5150 938 5174 ,
970 5120 1028 5164 ut
1056 5111 1245 5165 radant
1269 5113 1440 5182 capita
1470 5156 1484 5181 ,
1527 5124 1578 5169 et
1615 5115 1788 5170 sciant
1808 5131 1926 5168 om-

352 5218 446 5258 nes
469 5243 486 5268 ,
529 5202 652 5275 quia
685 5218 802 5273 quze
829 5201 896 5256 de
926 5212 978 5256 te
1005 5202 1291 5258 audierunt
1320 5203 1451 5259 falsa
1491 5217 1652 5273 sunt,
1698 5209 1787 5262 sed
1817 5224 1931 5261 atu-

352 5295 506 5351 bulas
533 5305 587 5349 et
613 5295 726 5364 ipso
752 5293 1062 5349 custodiens
1088 5295 1282 5364 legem.
1317 5315 1335 5349 ι
1379 5297 1680 5354 Consulunt
1705 5309 1760 5354 ut
1787 5317 1845 5354 re
1876 5310 1930 5355 et

349 5400 536 5455 opere,
567 5399 672 5438 non
701 5399 952 5439 sermone
979 5384 1351 5441 defensionem
1381 5397 1552 5457 paret.
1598 5387 1666 5443 Ut
1716 5391 1924 5461 radunt,

349 5475 556 5545 inquit,
586 5484 632 5528 et
661 5476 824 5528 sciant
854 5491 1025 5529 omnes
1049 5514 1064 5540 ,
1095 5474 1214 5544 quia
1243 5491 1356 5542 quae
1383 5477 1544 5529 edocti
1574 5487 1690 5530 sunt
1745 5481 1807 5532 de
1836 5489 1884 5533 te
1907 5521 1922 5545 ,

349 5567 482 5638 falsa
511 5575 650 5622 sunt.
689 5565 808 5621 Non
836 5567 1120 5633 dixerunt,
1152 5567 1231 5621 Tu
1262 5566 1424 5622 doces
1447 5607 1462 5631 ,
1493 5569 1589 5624 sed
1621 5571 1923 5638 Audierant,

347 5675 560 5716 rursum
591 5658 697 5714 hoc
723 5659 890 5714 verbo
919 5659 1227 5730 significans
1249 5700 1262 5724 ,
1294 5659 1470 5714 edocet
1514 5670 1639 5714 sunt
1663 5703 1678 5726 ,
1706 5672 1759 5716 et
1785 5665 1924 5732 quod

344 5751 609 5819 Ambulas,
637 5751 690 5805 id
716 5758 830 5814 est,
863 5767 926 5806 ex
954 5751 1239 5806 abundanti
1268 5752 1381 5821 ipse
1408 5767 1613 5808 serves.
1643 5753 1756 5809 Non
1781 5756 1925 5812 enim

351 5842 451 5900 ltoc
481 5844 658 5900 solum
689 5844 1026 5914 quaerebatur
1051 5889 1064 5906 ,
1095 5860 1161 5898 an
1188 5845 1322 5902 alios
1353 5845 1572 5902 deceret
1601 5889 1615 5913 ,
1647 5846 1739 5900 sed
1766 5847 1923 5901 etiam

2060 739 2127 777 an
2161 725 2273 794 ipse
2314 736 2573 781 servaret.
2614 727 2752 795 Quid
2799 744 2964 800 ergo,
3009 733 3053 787 si
3093 744 3280 804 gentes
3309 739 3632 805 didicerint,

2062 815 2264 884 inquit,
2299 831 2478 870 annon
2509 816 2884 873 oﬂendentur?
2913 821 3091 888 Quare
3115 865 3130 888 ,
3162 841 3284 880 cum
3340 845 3438 885 nos
3467 830 3639 887 Judaei

2059 904 2307 960 doctores
2335 905 2480 961 illum
2503 908 2568 961 ad
2597 918 2784 979 gentes
2808 912 3158 968 miserimus?
3186 916 3274 971 25.
3306 936 3324 968 ι
3357 920 3431 974 De
3457 921 3521 975 iis
3547 937 3644 975 au-

2060 1003 2165 1049 tem
2185 1034 2202 1060 ,
2235 996 2320 1065 qui
2348 995 2690 1053 crediderunt
2716 1017 2782 1055 ex
2813 1003 3060 1072 gentibus
3080 1046 3095 1068 ,
3135 1021 3232 1059 nos
3275 1011 3590 1078 scripsimus
3613 1055 3628 1079 ,

2057 1089 2406 1148 decernentes
2436 1110 2503 1149 ne
2528 1096 2654 1165 quid
2677 1096 2980 1167 hujusmodi
3007 1101 3328 1170 observent,
3359 1107 3451 1162 sed
3473 1110 3638 1164 absti-

2056 1192 2217 1238 neant
2245 1183 2312 1237 ab
2341 1185 2406 1238 iis
2429 1226 2443 1251 ,
2477 1202 2594 1256 qua:
2628 1188 2901 1246 immolata
2933 1203 3058 1248 sunt
3090 1195 3246 1252 idolis
3273 1238 3288 1263 ,
3321 1213 3350 1252 a
3380 1203 3640 1270 sanguine

2056 1281 2109 1326 et
2134 1272 2395 1332 sull'ocato
2417 1287 2471 1330 et
2500 1277 2875 1336 fornicatione.
2913 1303 2930 1336 ι
2963 1284 3059 1339 Hic
3083 1290 3352 1344 monendo
3381 1291 3633 1361 loquitur:

2055 1365 2169 1419 vult
2207 1377 2384 1421 autem
2426 1368 2608 1426 dicere
2632 1412 2647 1436 ,
2680 1372 2746 1428 Ut
2791 1389 2889 1429 nos
2935 1376 3064 1446 ipsis
3107 1383 3460 1452 pra-cepimus
3485 1425 3500 1451 ,
3531 1389 3630 1442 etsi

2052 1458 2248 1514 .ludaiis
2275 1463 2624 1531 prmdicantes
2657 1485 2668 1518 :
2697 1467 2775 1521 sic
2804 1476 2858 1522 et
2885 1477 2940 1522 tu
2964 1511 2977 1530 .
3011 1471 3110 1525 etsi
3138 1474 3388 1542 gentibus
3434 1479 3630 1546 prtedi-

2061 1567 2191 1617 ces,
2240 1569 2532 1624 cooperate
2577 1558 2874 1614 nobiscum.
2918 1561 3150 1616 Observa
3201 1564 3418 1621 Paulum
3463 1587 3476 1622 :
3529 1587 3632 1624 non

2051 1642 2214 1708 dicit,
2256 1644 2476 1699 Possunt
2519 1647 2700 1718 utique
2740 1649 3081 1707 Timotheum
3127 1654 3434 1725 adducere,
3467 1675 3628 1728 quem

2049 1733 2356 1788 circumcidi
2381 1777 2395 1800 ,
2427 1746 2481 1790 et
2509 1751 2720 1805 possum
2749 1739 2850 1795 hoc
2873 1756 3124 1799 sermone
3147 1748 3505 1814 persuadere;
3532 1751 3626 1805 sed

2049 1825 2436 1894 obtemperavit
2464 1829 2571 1891 eis,
2606 1839 2659 1885 et
2696 1832 2872 1886 omnia
2919 1834 3040 1889 fecit
3073 1855 3087 1890 :
3116 1840 3312 1893 etenim
3342 1842 3420 1896 sic
3461 1859 3624 1911 expe-

2049 1913 2247 1969 diebat.
2274 1917 2386 1970 Non
2407 1920 2549 1972 enim
2580 1920 2718 1974 idem
2747 1933 2864 1978 erat
2885 1928 3142 1982 rationem
3167 1930 3346 1985 verbis
3372 1931 3618 2002 reddere,

2047 2014 2102 2060 et
2130 2007 2340 2062 nemine
2379 2011 2594 2065 conscio
2627 2012 2727 2067 hoc
2771 2014 2962 2070 facere.
3005 2017 3324 2088 Suspicione
3366 2026 3625 2093 carebat,

2047 2097 2186 2166 quod
2217 2099 2373 2152 etiam
2404 2101 2756 2170 impenderet.
2803 2105 2892 2160 26.
2949 2106 3088 2162 Tunc
3113 2109 3314 2167 Paulus
3354 2112 3627 2185 assumptis

2046 2187 2185 2252 tiris,
2220 2199 2420 2258 postera
2445 2192 2527 2246 die
2555 2195 2853 2262 puri/iratus
2881 2213 2993 2250 cum
3023 2199 3126 2253 illis
3145 2241 3160 2267 ,
3190 2203 3392 2258 intravit
3418 2207 3470 2259 in
3498 2218 3624 2262 tem-

2046 2281 2224 2354 plum,
2255 2285 2561 2339 annuntians
2601 2287 2934 2356 expiationem
2971 2290 3162 2345 dierum
3213 2297 3583 2364 puriﬁcationis
3607 2340 3622 2364 ,

2045 2373 2202 2427 donec
2227 2373 2493 2440 offerretur
2511 2393 2604 2446 pro
2628 2394 2726 2430 uno
2752 2395 2949 2449 quoque
2973 2396 3144 2435 eorum
3170 2385 3377 2438 oblatio.
3411 2389 3623 2443 Annuu-

2043 2465 2202 2530 tians,
2248 2465 2348 2521 hoc
2373 2476 2489 2532 est,
2537 2469 2813 2524 declarans
2843 2490 2855 2528 :
2890 2473 3067 2544 itaque
3095 2475 3206 2545 ipse
3235 2491 3348 2533 erat
3381 2482 3468 2551 qni
3499 2496 3621 2538 sese

2043 2558 2382 2613 manifestum
2415 2561 2654 2616 faciebat.
2695 2563 2783 2618 27.
2823 2563 2950 2620 Cant
2975 2577 3139 2621 autem
3168 2582 3358 2640 septem
3388 2575 3493 2629 dies
3508 2579 3621 2646 jam

2041 2651 2286 2720 implendi
2312 2663 2498 2707 essent.

2111 2741 2165 2794 2.
2208 2741 2339 2796 Vide
2356 2743 2626 2810 quomodo
2659 2745 2993 2810 potissimum
3027 2750 3078 2802 in
3128 2750 3233 2806 illis
3264 2764 3522 2810 moratur.
3571 2757 3620 2812 li

2040 2833 2126 2902 qui
2150 2844 2291 2887 erant
2321 2850 2384 2887 ex
2413 2835 2535 2888 Asia
2563 2834 2597 2888 .1
2604 2835 2757 2902 udeei,
2802 2854 2913 2890 cum
2938 2839 3174 2895 vidissent
3201 2861 3313 2898 eum
3337 2847 3389 2898 in
3410 2851 3615 2917 templo,

2039 2925 2410 2979 concitaverunt
2437 2935 2590 2979 totam
2622 2928 2838 2991 turbam,
2872 2939 2919 2982 et
2948 2931 3226 2999 injecerant
3253 2936 3303 2989 in
3329 2937 3474 2992 illum
3506 2958 3618 2995 nta-

2040 3032 2153 3080 nus,
2185 3015 2462 3070 clamantes
2491 3016 2616 3072 :28.
2656 3018 2766 3072 Viri
2807 3018 3056 3076 Israelin
3074 3065 3088 3087 ,
3131 3025 3366 3096 adjuvate
3393 3047 3412 3084 :
3440 3033 3522 3085 hic
3546 3044 3620 3087 est

2039 3107 2219 3169 homo,
2251 3107 2337 3177 qui
2373 3109 2616 3162 adversus
2657 3111 2899 3180 populum
2939 3123 2986 3166 et
3031 3115 3190 3185 legem
3215 3127 3262 3170 et
3288 3120 3454 3174 locum
3486 3125 3619 3179 hunc

2037 3212 2209 3250 omnes
2256 3197 2440 3268 ubique
2482 3199 2695 3263 docens,
2739 3201 2948 3270 insuper
2987 3214 3033 3256 et
3076 3207 3285 3274 gentiles
3332 3211 3532 3265 induxit
3564 3216 3616 3268 in

2040 3287 2280 3356 templum
2300 3330 2314 3348 ,
2339 3297 2386 3341 et
2412 3288 2616 3342 violarit
2643 3299 2870 3343 sanctum
2899 3293 3059 3345 locum
3084 3296 3254 3349 istum.
3289 3299 3419 3355 Vide
3440 3319 3618 3358 mores

2039 3393 2222 3433 eorum
2250 3377 2444 3448 ubique
2472 3378 2829 3443 turbulentos,
2858 3381 3106 3452 ipsosque
3131 3387 3180 3438 in
3209 3389 3386 3443 medio
3415 3399 3618 3449 temere

2038 3467 2347 3524 clamantes.
2381 3469 2471 3524 29.
2511 3467 2750 3522 Viderunt
2799 3470 2931 3524 enim
2960 3471 3292 3546 Trophimum
3344 3480 3618 3551 Ephesium

2037 3559 2090 3613 in
2113 3561 2308 3613 civitate
2332 3576 2444 3614 cum
2489 3561 2630 3632 ipso,
2661 3580 2808 3632 quem
2851 3565 3222 3623 wstimauerant
3259 3571 3396 3640 quod
3419 3573 3472 3628 in
3503 3587 3617 3628 tem-

2040 3654 2178 3723 plum
2208 3655 2564 3712 introduxisset
2594 3659 2810 3717 Paulus.
2843 3662 2932 3718 30.
2965 3663 3322 3736 Commotaque
3350 3679 3421 3722 est
3447 3671 3618 3723 civitas

2039 3752 2144 3796 tota
2165 3784 2179 3809 ,
2205 3753 2250 3797 et
2275 3748 2412 3814 facta
2450 3757 2522 3800 est
2549 3753 2812 3806 concursio
2843 3755 3020 3825 papuli
3051 3773 3069 3810 :
3096 3767 3142 3810 et
3183 3759 3619 3828 apprehendentes

2043 3833 2285 3901 Paulum,
2310 3837 2588 3893 trahebant
2603 3858 2718 3895 eum
2746 3854 2890 3897 extra
2915 3847 3155 3916 temp/um
3179 3865 3197 3901 :
3227 3859 3271 3902 et
3295 3851 3466 3904 statim
3485 3851 3620 3904 (lau-

2037 3943 2109 3982 διε
2135 3939 2252 3982 sunt
2289 3930 2485 3999 ianute.
2540 3931 2647 3985 Viri
2689 3931 2974 4002 Israelita,
3019 3938 3295 4007 adjuvate,
3355 3941 3616 4010 inquiunt.

2042 4019 2142 4074 Hic
2175 4031 2245 4075 est
2268 4021 2416 4076 homo
2443 4024 2528 4089 qui
2555 4024 2792 4079 adversus
2828 4028 3070 4097 populum
3104 4038 3149 4081 et
3173 4032 3329 4099 legem
3363 4036 3414 4084 et
3454 4033 3619 4086 locant

2037 4111 2208 4166 istum.
2241 4111 2369 4178 Qua:
2401 4112 2519 4168 illos
2551 4116 2783 4171 maxime
2804 4117 3119 4182 turbabant,
3159 4119 3412 4186 templum
3443 4131 3498 4175 et
3537 4123 3617 4176 le-

2038 4219 2156 4272 gem
2177 4245 2191 4268 ,
2229 4203 2341 4258 lucc
2368 4205 2654 4273 proferunt
2694 4208 2789 4261 illi.
2822 4207 3004 4276 Neque
3049 4209 3244 4263 Paulus
3268 4211 3382 4264 haec
3411 4213 3618 4280 patiens

2039 4295 2106 4350 de
2135 4296 2219 4350 bis
2249 4296 2346 4349 etsi
2397 4298 2556 4350 tantis
2601 4299 2871 4366 apostolos
2899 4300 3202 4363 accusavit,
3235 4301 3373 4368 quod
3431 4303 3528 4370 ipsi
3565 4303 3616 4358 in

2039 4402 2196 4442 eausa
2249 4387 2436 4441 horum
2480 4397 2703 4442 eosrnt:
2753 4390 2888 4443 adeo
2932 4399 3047 4444 erat
3109 4392 3498 4460 magnanimus.
3553 4394 3618 4447 Et

2041 4481 2302 4534 trahebant
2327 4496 2467 4543 eum,
2500 4479 2670 4549 inquit
2693 4519 2710 4544 ,
2740 4489 2882 4533 extra
2908 4481 3150 4549 templum
3175 4498 3194 4536 :
3223 4491 3268 4536 et
3296 4483 3484 4536 clausa:
3501 4495 3618 4539 sunt

2039 4574 2228 4637 iamne.
2259 4570 2522 4625 Volebant
2565 4570 2705 4625 enim
2738 4571 2884 4624 illum
2930 4572 3264 4636 interficere;
3315 4572 3434 4627 ideo
3476 4575 3617 4628 foras

2041 4663 2186 4717 illum
2214 4661 2515 4725 trahebant,
2544 4669 2603 4715 ut
2628 4676 2746 4715 cum
2773 4663 2973 4730 majore
2998 4663 3206 4717 licentia
3236 4665 3335 4718 hoc
3361 4665 3614 4720 facerem.

2039 4755 2126 4810 51.
2157 4754 2504 4821 Qutcrentibus
2550 4764 2716 4807 autem
2763 4754 2868 4807 illis
2898 4771 3010 4806 eum
3041 4755 3302 4822 occidere,
3333 4759 3616 4811 nuntiatum

2039 4855 2110 4899 est
2127 4845 2325 4898 tribuno
2342 4845 2583 4908 cohortis,
2605 4844 2739 4914 quod
2759 4853 2863 4898 tota
2883 4845 3277 4912 confunderetur
3290 4846 3576 4902 Jerusalem
3594 4865 3614 4902 :

2039 4938 2128 4992 52.
2161 4937 2261 5004 Qui
2288 4937 2454 4990 statim
2487 4937 2762 5005 assumptis
2789 4936 3029 4989 militibus
3057 4944 3103 4988 et
3128 4937 3500 4991 centurionibus
3525 4939 3611 4990 de-

2039 5030 2192 5081 currit
2216 5027 2284 5080 ad
2309 5027 2443 5080 illos.
2486 5027 2586 5090 Qui
2613 5043 2725 5079 cum
2757 5027 2992 5080 uidissent
3038 5025 3292 5080 tribunum
3322 5037 3368 5080 et
3395 5029 3577 5082 milites
3597 5069 3613 5093 ,

2037 5129 2350 5174 cessaverunt
2374 5127 2629 5187 percutere
2665 5117 2907 5172 Paulum.
2942 5120 3029 5173 53.
3066 5117 3210 5171 Tunc
3254 5120 3494 5172 accedevs
3520 5122 3614 5171 tri-

2039 5212 2200 5266 bunus
2228 5210 2561 5281 apprehendit
2601 5227 2746 5273 eum,
2789 5221 2836 5263 et
2863 5211 3012 5278 iussit
3039 5227 3152 5264 eum
3191 5209 3398 5280 alligari
3428 5211 3621 5262 catenis

2039 5301 2232 5354 duabus
2263 5315 2282 5353 :
2307 5310 2354 5352 et
2383 5299 2721 5369 interrogabat
2764 5300 2876 5370 quis
2911 5309 3038 5353 esset
3067 5308 3112 5351 et
3135 5299 3258 5368 quid
3290 5299 3502 5368 fecisset.
3525 5300 3603 5352 δι.

2038 5393 2140 5445 Alii
2165 5401 2333 5444 autem
2355 5389 2497 5442 aliud
2535 5389 2818 5442 clamabant
2853 5390 2906 5440 in
2935 5389 3099 5442 turba.
3129 5387 3198 5441 Et
3225 5404 3320 5441 cur
3344 5388 3622 5442 examina-

2039 5492 2190 5535 turus
2241 5495 2362 5533 eum
2404 5479 2558 5548 jussit
2592 5479 2742 5546 ligari
2787 5481 2992 5532 catenis
3033 5477 3277 5531 duabus?
3323 5475 3387 5532 Ut
3435 5478 3612 5546 populi

2038 5570 2272 5625 furorem
2303 5570 2587 5638 mitigaret.
2626 5568 2687 5620 Et
2723 5585 2834 5620 cum
2864 5584 2966 5620 non
3009 5576 3174 5635 posset
3202 5577 3389 5620 certum
3431 5583 3614 5636 cogno-

2040 5681 2175 5720 scere
2199 5679 2302 5732 prte
2331 5661 2546 5714 tumultu
2566 5699 2581 5726 ,
2612 5659 2758 5723 iussit
2789 5659 2906 5712 duci
2933 5675 3046 5713 eum
3091 5659 3144 5712 in
3192 5669 3376 5712 castra.
3417 5660 3503 5714 33.
3553 5659 3614 5714 lit

2039 5775 2150 5810 cum
2181 5755 2385 5835 renispet
2412 5753 2478 5806 ad
2501 5751 2688 5822 gratim
2710 5793 2724 5814 ,
2753 5751 2998 5822 contingit
3028 5760 3085 5805 ut
3114 5762 3400 5819 portaretur
3423 5769 3455 5805 a
3477 5754 3612 5806 mili-

2041 5851 2164 5902 tibus
2191 5856 2388 5916 propter
2420 5847 2516 5897 eim
2542 5844 2714 5914 populi
2741 5860 2755 5896 :
2793 5845 2880 5900 56.
2929 5845 3222 5915 sequebatur
3267 5848 3397 5900 enim
3441 5849 3611 5902 μηνίτί-
