4148 6152
515 383 630 440 525

520 504 645 555 tudo
690 501 901 571 populi,
956 500 1229 555 clamans:
1259 490 1400 552 Tolle
1436 513 1570 551 eum.
1611 496 1747 564 Quid
1795 507 1910 560 est,
1958 492 2099 549 Tolle

523 593 676 647 eum?
699 593 812 646 Mos
839 600 954 648 erat
982 590 1183 646 Judans
1205 632 1221 653 ,
1249 599 1432 644 contra
1463 603 1579 655 eos,
1605 603 1739 658 quos
1762 588 2096 651 damnarent,

520 681 595 737 ita
624 683 806 753 loqui,
838 692 896 738 ιιι
920 691 977 738 et
1000 691 1191 738 contra
1216 681 1488 736 Christum
1515 679 1789 747 fecerunt,
1819 680 2096 747 dicentes,

518 771 666 827 Tolle
701 775 885 840 illum;
937 775 1040 829 hoc
1082 783 1163 829 est
1188 814 1203 837 ,
1248 773 1317 828 de
1355 789 1577 829 numero
1616 772 1908 827 viventium
1955 771 2093 827 dele.

517 863 745 930 Quidam
771 879 904 918 vero
932 864 1117 919 dicunt
1141 906 1155 930 ,
1189 864 1240 918 id
1271 877 1389 919 esse
1417 862 1559 933 quod
1586 862 1723 933 apud
1752 877 1852 919 nos
1872 878 1937 919 ex
1983 861 2097 918 Ro—

517 970 673 1010 mana
700 955 1086 1012 consuetudine
1122 957 1318 1010 dicitur
1351 973 1364 1010 :
1394 955 1623 1011 lmmitte
1651 956 1797 1010 illntn
1826 956 1877 1010 in
1924 955 2093 1026 signa.

515 1048 607 1102 '57.
645 1046 710 1102 Et
737 1064 852 1105 cum
877 1050 1102 1119 capisset
1136 1049 1188 1102 in
1210 1060 1377 1103 castra
1397 1049 1570 1102 induci
1607 1046 1824 1114 Paulus,
1864 1048 1984 1101 dicit
2008 1046 2100 1101 tri-

516 1138 650 1192 buno
677 1154 698 1193 :
728 1138 789 1193 Si
813 1139 925 1193 licet
950 1139 1076 1193 mihi
1120 1138 1256 1210 loqui
1299 1140 1367 1193 ad
1403 1149 1469 1195 te.
1514 1137 1648 1194 Cum
1700 1150 2001 1209 gestaretur
2043 1139 2095 1195 in

519 1228 794 1298 gradibus,
816 1231 944 1299 petit
960 1229 1209 1300 quiddam
1233 1230 1449 1286 tribuno
1474 1231 1673 1287 dicere.
1708 1231 1773 1285 Et
1799 1231 1918 1287 vide
1938 1246 2096 1301 quam

528 1330 805 1376 mansuete
834 1338 848 1372 :
879 1319 941 1375 Si
961 1321 1084 1374 mihi
1110 1321 1225 1374 licet
1251 1321 1389 1390 loqui
1415 1323 1484 1375 ad
1509 1332 1576 1384 te,
1605 1321 1792 1391 inquit.
1824 1321 1923 1389 Qui
1947 1321 2093 1387 dixit,

518 1407 694 1465 Grazce
721 1411 853 1465 nosti
871 1412 897 1465 Ρ
922 1411 1010 1468 '58.
1047 1410 1232 1467 Nonne
1258 1422 1311 1466 tu
1338 1428 1389 1466 es
1413 1410 1693 1485 ngyptius
1716 1456 1733 1481 ,
1762 1414 1849 1484 qui
1875 1423 1993 1468 ante
2005 1415 2097 1468 Itos

517 1503 623 1556 dies
661 1503 928 1557 tumultum
956 1505 1254 1570 concitasti,
1283 1515 1327 1559 et
1359 1505 1577 1559 eduxisti
1600 1507 1657 1559 in
1685 1505 1935 1561 desertum
1966 1523 2095 1577 qua-

520 1603 635 1648 tuor
663 1595 825 1648 millia
851 1596 1071 1650 virorum
1096 1597 1438 1652 sicariorum?
1466 1598 1563 1655 Hic
1604 1598 1887 1669 {Egyptius
1937 1599 2096 1656 homo

515 1694 650 1743 erat.
682 1684 922 1753 quaedam
950 1685 1212 1742 innovatis
1240 1698 1295 1742 et
1324 1688 1631 1743 seditiosus.
1660 1689 1772 1744 Hac
1798 1689 1864 1746 de
1892 1705 1952 1745 re
1975 1704 2096 1747 sese

514 1786 705 1847 purgat
730 1776 945 1845 Paulus,
968 1786 1023 1832 et
1047 1777 1202 1834 dictis
1228 1781 1338 1834 suis
1361 1781 2094 1850 tollitsuspici0ttem.Verum

517 1869 761 1936 superius
788 1867 925 1922 lecta
958 1880 1281 1938 repetamus.
1329 1871 1464 1925 Sunt
1508 1873 1691 1937 nobis,
1742 1873 1953 1942 inquit,
1999 1874 2095 1928 viri

509 1970 726 2028 quatuor
744 1971 912 2015 votum
936 1961 1170 2015 habentes
1195 1979 1348 2032 super
1375 1980 1429 2017 se
1451 1980 1468 2017 :
1493 1964 1570 2018 his
1589 1966 1863 2034 assumptis
1880 1966 2095 2035 puri/ica

510 2061 559 2106 te
582 2068 697 2106 eum
721 2054 844 2107 illis.
875 2053 955 2109 Ad
985 2054 1099 2110 haec
1125 2070 1228 2110 non
1258 2056 1516 2111 obnititur
1562 2057 1754 2112 Paulus
1777 2098 1793 2124 ,
1839 2057 1933 2112 sed
1981 2073 2094 2112 mo-

511 2157 624 2196 rem
649 2145 806 2213 gerit.
838 2144 988 2200 Unde
1015 2145 1192 2216 palam
1240 2155 1323 2201 est
1363 2145 1467 2202 hoc
1507 2163 1612 2203 non
1662 2149 1964 2203 necessario
2012 2148 2091 2203 fa-

511 2232 761 2288 ciendum
794 2235 1255 2306 fuisse(ideoque
1293 2238 1612 2307 persuadent
1653 2238 1808 2309 illi),
1849 2239 1944 2294 sed
1990 2238 2094 2294 hoc

516 2340 610 2392 per
635 2326 989 2381 meonomiam
1020 2337 1076 2382 et
1119 2327 1502 2398 indulgentiam
1548 2328 1745 2385 factum
1786 2345 1926 2386 esse.
1975 2330 2090 2386 Non

508 2422 627 2468 erat
658 2430 786 2483 ergo
814 2417 914 2471 hoc
942 2416 2089 2491 przedicationisimpedimentum,siquidem

509 2513 564 2556 ct
591 2505 814 2574 apostoli
844 2506 958 2561 lucc
989 2508 1091 2561 illis
1120 2512 1446 2565 statuebant.
1487 2510 1602 2566 Hoc
1650 2512 1829 2582 itaque
1865 2513 2088 2583 dispen~

509 2610 633 2651 sans
654 2638 669 2663 ,
705 2598 815 2666 ipse
844 2607 1019 2654 tamen
1050 2601 1262 2656 Petrum
1289 2601 1544 2672 deinceps
1568 2603 1813 2669 incusat;
1847 2620 1947 2659 nec
1975 2605 2093 2661 sine

510 2701 669 2739 causa
701 2686 800 2742 hoc
833 2687 956 2743 fecit
989 2707 1002 2743 :
1036 2706 1155 2744 nam
1182 2691 1322 2761 quod
1350 2691 1437 2746 hic
1462 2693 1662 2749 fecerat
1692 2694 1837 2764 ipse,
1879 2694 1981 2750 hoc
2019 2695 2090 2751 ibi

511 2777 701 2831 Petrus
728 2788 908 2834 tacens
935 2788 987 2834 et
1014 2781 1292 2837 stabiliens
1322 2781 1513 2852 dogma
1561 2798 1738 2838 suum.
1778 2783 1896 2839 Non
1947 2785 2089 2842 dice-

509 2867 636 2923 bant
668 2887 681 2921 :
712 2870 828 2925 Non
855 2883 1068 2942 oportet
1092 2875 1321 2943 gentiles
1348 2874 1575 2944 docere;
1605 2891 1778 2947 neque
1799 2918 1816 2940 .
1845 2876 2089 2935 Sufﬁciat

504 2960 647 3030 quod
676 2978 780 3016 non
809 2964 1130 3033 praedicetur
1150 2965 1259 3021 illic
1287 2983 1302 3020 :
1331 2967 1426 3022 sed
1456 2977 1671 3036 Oportet
1699 2968 1827 3039 quid
1856 2972 2087 3040 amplius

506 3049 685 3107 facere
704 3094 718 3116 ,
747 3065 806 3106 ut
833 3053 1258 3122 persuadeantur
1289 3057 1364 3109 illi
1396 3066 1445 3111 te
1478 3058 1649 3127 legem
1672 3058 1967 3119 custodire.
1995 3064 2090 3115 At-

506 3144 822 3212 temperatio
869 3156 953 3198 est
991 3159 1080 3199 res
1128 3145 1253 3214 illa,
1305 3160 1373 3200 ne
1419 3146 1629 3202 timeas.
1676 3148 1744 3202 Et
1779 3149 1900 3205 vide
1936 3166 1950 3200 :
1984 3167 2088 3208 non

506 3234 650 3303 prius
686 3235 1012 3305 persuadent
1041 3236 1117 3290 illi
1143 3278 1159 3305 ,
1189 3253 1347 3308 quam
1376 3249 1766 3309 repraesentem
1790 3252 1845 3298 et
1871 3258 2087 3302 meone-

504 3327 663 3381 miam
694 3338 747 3383 et
775 3329 1001 3384 lucrum.
1033 3329 1106 3385 Et
1130 3331 1271 3400 quod
1301 3329 1649 3405 Jerosolymte
1680 3336 1860 3403 fieret,
1893 3338 2087 3394 tolera-

503 3417 610 3472 bile
639 3430 775 3474 erat.
809 3420 921 3475 [loc
941 3421 1102 3491 igitur
1131 3420 1219 3477 hic
1251 3421 1412 3477 facito
1433 3463 1450 3489 ,
1482 3432 1539 3478 ut
1570 3424 1698 3480 illud
1728 3438 1878 3482 extra
1909 3429 2087 3485 civita-

503 3516 607 3563 tem
639 3510 774 3565 hanc
813 3511 907 3565 tibi
946 3509 1124 3567 facere
1168 3512 1344 3567 liceat.
1394 3511 1536 3567 Tunc
1583 3512 1783 3572 Paulus
1809 3558 1825 3584 ,
1875 3519 2082 3588 inquit,

500 3602 776 3671 assumptis
806 3602 927 3656 viris
950 3603 1176 3673 sequenti
1220 3604 1322 3657 die.
1366 3602 1480 3661 Non
1530 3604 1770 3674 distulit,
1802 3609 1894 3663 sed
1923 3626 2086 3681 opere

503 3699 807 3745 monstrans
834 3708 893 3746 se
926 3708 1235 3763 persuasum
1262 3711 1383 3752 esse
1406 3736 1422 3763 ,
1466 3701 1693 3753 assumit
1725 3716 1821 3756 eos
1864 3704 2084 3772 quibus.

500 3794 622 3835 eum
647 3795 707 3836 se
740 3782 1114 3849 purificaturus
1137 3796 1253 3841 erat
1282 3804 1295 3840 :
1328 3789 1458 3842 tanti
1489 3788 1716 3845 fervoris
1743 3800 1825 3846 est
1861 3807 2080 3850 (Econo-

501 3871 605 3923 mia
639 3872 963 3943 hujusmodi.
993 3876 1057 3930 Et
1082 3878 1371 3947 quomodo,
1406 3879 1634 3950 inquies,
1666 3881 1834 3938 Judaei
1860 3885 2079 3957 Asiatici

500 3961 750 4029 viderunt
773 3964 920 4021 illum
952 3967 1004 4022 in
1035 3970 1270 4038 templo?
1293 3970 1597 4028 Verisimile
1621 3983 1705 4029 est
1739 3990 1832 4032 eos
1875 3977 2081 4049 aliquot

499 4052 686 4109 diebus
713 4055 871 4110 isthic
900 4067 1143 4114 versatos
1167 4075 1309 4116 esse.
1348 4061 1479 4117 Vide
1505 4072 1682 4119 autem
1711 4081 1822 4121 rem
1851 4083 1917 4123 ex
1971 4070 2081 4125 dis-

495 4150 806 4218 pensatione
829 4150 1056 4221 quadam
1083 4151 1280 4209 factam
1310 4169 1452 4211 esse.
1477 4155 1764 4227 Postquam
1790 4161 1933 4216 enim
1957 4177 2078 4232 per-

491 4241 635 4297 suasi
662 4241 872 4297 fuerant
892 4242 1081 4308 Judazi,
1117 4255 1241 4301 tunc
1265 4247 1550 4319 insurgunt
1576 4250 1628 4304 in
1658 4251 1808 4307 illum
1841 4272 1855 4307 :
1883 4263 1938 4310 et
1965 4271 1997 4311 e
2017 4272 2077 4313 re

491 4330 741 4399 quidem,
771 4342 826 4387 ut
851 4349 918 4389 ne
944 4335 1019 4389 illi
1046 4336 1206 4391 etiam
1233 4338 1286 4392 in
1312 4337 1487 4408 ipsum
1516 4339 1871 4413 insurgerent.
1905 4344 2072 4416 Adju-

490 4430 635 4490 vate,
667 4423 931 4493 inquiunt,
960 4425 1056 4479 viri
1079 4426 1346 4483 Israelita.
1380 4432 1455 4484 Ac
1481 4430 1527 4485 si
1555 4432 1675 4503 quis
1718 4442 1878 4503 captu
1927 4434 2070 4491 difﬁ-

487 4511 604 4565 cilis
631 4512 894 4568 ineorum
931 4529 1119 4570 manus
1146 4517 1459 4586 incidisset,
1489 4520 1740 4590 Adjuvate
1760 4564 1776 4588 ,
1805 4524 2069 4596 inquiunt.

487 4601 589 4657 llic
609 4614 680 4658 est
705 4644 719 4669 ,
759 4606 846 4675 qui
872 4607 1052 4674 ubique
1078 4624 1250 4665 onmes
1272 4611 1435 4665 docet.
1460 4611 1577 4667 Non
1611 4613 1713 4668 Hic
1733 4617 1911 4673 solum
1936 4660 1953 4686 ,
1992 4622 2072 4676 in-

485 4693 707 4765 quiunt,
735 4694 831 4750 sed
872 4695 1087 4767 Ubique.
1116 4699 1252 4754 Tum
1302 4702 1461 4757 etiam
1508 4708 1779 4762 accusatio
1826 4710 2001 4780 major
2038 4727 2069 4769 a

487 4785 860 4854 praesentibus.
884 4788 964 4843 Ad
986 4789 1119 4857 haec,
1142 4790 1410 4863 inquiunt,
1450 4793 1756 4866 Profanavit
1783 4804 2026 4874 templum
2048 4848 2066 4875 ,

484 4876 619 4931 viros
637 4878 848 4948 gentiles
869 4879 1133 4937 inducens.
1175 4885 1334 4955 Atqui
1379 4890 1542 4943 etiam
1591 4889 1785 4948 Christi
1828 4903 2069 4968 tempore

486 4967 847 5025 ascenderunt
877 4970 1187 5041 adoraturi;
1220 4976 1314 5031 sed
1338 4977 1390 5032 hi
1420 4978 1709 5049 loquuntur
1735 4984 1803 5041 de
1832 4986 1896 5043 iis
1918 4967 1949 5055 ,ί
1974 4991 2065 5060 qui

481 5076 589 5117 non
616 5062 875 5117 adorandi
906 5078 1065 5120 causa
1087 5067 1392 5124 veniebant.
1420 5068 1490 5125 Et
1515 5086 1845 5146 assumentes,
1871 5078 2055 5151 inquit,

480 5151 706 5208 Paulum
730 5194 745 5219 ,
776 5154 1039 5209 trahebant
1066 5156 1214 5212 illum
1237 5164 1396 5229 foras.
1420 5161 1697 5233 Perpende
1721 5209 1736 5233 ,
1785 5185 1816 5225 a
1865 5174 2064 5243 templo

479 5243 694 5313 t-jiciunt
727 5244 883 5300 illum
909 5262 925 5297 :
956 5261 1129 5317 neque
1154 5249 1298 5304 enim
1331 5251 1468 5307 ultra
1512 5254 1719 5326 legibus
1763 5260 1845 5316 vel
1895 5264 2064 5320 tribu-

480 5334 688 5390 ualibus
713 5350 848 5405 opus
880 5335 1186 5405 habebant;
1219 5341 1447 5413 ideoque
1480 5345 1626 5401 illum
1658 5352 2056 5418 percutiebant:

477 5424 552 5479 sic
582 5440 673 5495 per
706 5428 884 5483 omnia
918 5429 1128 5485 feroces
1166 5442 1221 5487 et
1258 5436 1560 5503 petulantes
1605 5450 1749 5494 sunt.
1793 5443 1886 5499 Ille
1932 5461 2061 5503 vero

479 5522 601 5569 tunc
628 5510 843 5585 quidem
876 5533 982 5574 non
1007 5534 1128 5577 sese
1155 5527 1427 5594 purgavit,
1456 5529 1552 5583 sed
1580 5540 1800 5600 postea;
1847 5546 1902 5592 et
1937 5537 2061 5606 jure

477 5604 690 5673 quidem
723 5624 736 5661 :
767 5623 893 5665 tunc
920 5612 1062 5667 enim
1085 5628 1154 5670 ne
1182 5616 1708 5692 audissentquidem.
1736 5625 1803 5679 Et
1825 5640 1924 5681 cur
1940 5604 2058 5684 tela-

478 5695 733 5761 mabant,
768 5695 910 5754 Tolle
936 5704 1099 5758 eum?
1134 5705 1451 5776 Timebant,
1505 5727 1572 5767 ne
1618 5714 1891 5781 effugeret.
1949 5718 2056 5777 Sed

480 5784 630 5851 vide,
659 5801 780 5841 cum
809 5802 1003 5858 quanta
1043 5794 1301 5853 modestia
1348 5800 1544 5857 Paulus
1569 5818 1688 5858 cum
1738 5807 1951 5866 tribuno
1973 5811 2052 5868 lo-

1239 383 1300 440 S.
1338 379 1608 447 JO.\NNIS
1645 378 2128 441 ειιιιγευετυδιι.
2153 381 2464 437 Αιιαιιιει».
2506 383 3033 445 ευΝεΤΑΝΤιΝοΡ.

3696 397 3798 454 εει

2208 503 2421 564 quatur.
2463 497 2598 564 Quid
2647 499 2787 554 enim
2836 500 3001 556 dicit?
3052 502 3114 558 Si
3160 503 3284 557 mihi
3333 505 3447 559 licet
3479 505 3681 577 aliquid
3706 511 3800 564 tibi

2206 587 2416 641 dicere?
2444 588 2516 643 Ita
2545 599 2661 644 erat
2690 590 2906 647 humilis
2928 632 2945 658 ,
2994 603 3051 647 ut
3104 592 3301 664 ubique
3348 598 3595 655 modeste
3637 616 3800 672 agere

2204 679 2388 735 sciret.
2421 679 2608 737 Nonne
2636 692 2690 737 tu
2713 700 2786 747 es,
2815 684 3014 756 inquit,
3045 685 3324 758 Egyptius
3352 688 3460 745 ille.

2275 773 2330 829 5.
2380 772 2513 829 Vide
2560 774 2945 847 malignitatem
2990 779 3209 835 diaboli.
3254 782 3519 853 Deceptor
3571 796 3690 842 erat
3741 798 3797 842 et

2204 859 2560 929 pnestigiator
2582 858 2865 934 Aigyptius
2894 863 3014 930 ille,
3044 873 3099 919 et
3121 867 3372 936 sperabat
3410 884 3469 924 se
3516 886 3610 939 per
3641 871 3790 926 illmn

2204 962 2316 1003 rem
2346 947 2753 1006 obscuraturum
2783 966 2902 1008 esse
2921 994 2938 1019 ,
2965 963 3020 1009 et
3045 954 3144 1011 hos
3173 956 3319 1012 illius
3347 960 3614 1016 scelerum
3662 977 3789 1017 eon-

2203 1048 2375 1094 sortes
2422 1040 2688 1110 reddere,
2731 1054 2785 1099 et
2820 1042 3092 1103 Christum
3139 1065 3333 1120 nempe
3390 1061 3447 1108 et
3491 1057 3789 1122 apostolos.

2201 1126 2305 1183 Sed
2337 1130 2466 1185 nihil
2492 1132 2697 1203 potuit,
2727 1134 2834 1190 imo
2859 1134 2985 1192 hinc
3029 1139 3362 1208 Splendidior
3411 1148 3608 1200 veritas
3652 1147 3789 1203 facta

2202 1230 2287 1275 est
2308 1259 2324 1286 ,
2358 1220 2488 1276 nihil
2518 1237 2586 1278 ex
2611 1223 2807 1282 diaboli
2837 1227 3098 1285 machinis
3124 1230 3274 1299 lzesa,
3308 1236 3416 1289 imo
3461 1237 3627 1308 magis
3670 1241 3790 1296 illu-

2198 1322 2385 1368 strata.
2413 1315 2545 1371 Nam
2571 1317 2614 1372 si
2646 1320 3058 1390 praestigiatores
3087 1339 3192 1380 non
3223 1325 3449 1382 fuissent
3468 1371 3483 1396 ,
3504 1345 3567 1384 ac
3595 1332 3788 1391 deinde

2200 1401 2253 1457 hi
2282 1405 2566 1473 vicissent,
2599 1410 2735 1465 forte
2781 1411 3015 1481 StISpicio
3059 1411 3249 1469 fuisset
3284 1432 3445 1473 :cum
3491 1431 3667 1477 autem
3709 1424 3784 1478 illi

2200 1497 2607 1566 apparuissent,
2659 1499 2711 1554 hi
2757 1501 3018 1557 vicerunt.
3068 1503 3179 1560 Hoc
3229 1516 3409 1564 autem
3440 1510 3633 1567 mirum
3682 1526 3781 1570 est.

2200 1586 2324 1644 Ideo
2384 1605 2643 1660 apparere
2700 1607 2804 1649 non
2850 1594 3240 1663 prohibentur,
3287 1608 3344 1653 ut
3387 1611 3441 1656 et
3488 1604 3567 1658 sic
3619 1606 3786 1676 magis

2201 1677 2434 1750 fulgeant
2465 1700 2478 1735 :
2508 1691 2563 1735 ut
2589 1682 2748 1737 etiam
2777 1683 2902 1739 alibi
2951 1684 3115 1752 dicit,
3153 1686 3220 1744 Ut
3261 1691 3348 1759 qui
3393 1692 3594 1762 probati
3644 1706 3781 1765 sunt,

2200 1773 2456 1843 manifesti
2483 1774 2609 1842 ﬁant
2641 1777 2659 1846 (
2690 1778 2742 1831 1.
2774 1775 2891 1831 Cor.
2944 1778 3032 1834 11.
3083 1778 3150 1836 19
3180 1782 3220 1852 ).
3253 1782 3381 1839 Tale
3429 1786 3701 1855 quidpiam
3732 1798 3786 1845 ct

2200 1860 2454 1917 Gamaliel
2506 1864 2716 1920 dicebat
2772 1885 2787 1922 :
2832 1867 2963 1923 Ante
3007 1869 3099 1925 hos
3133 1872 3238 1926 dies
3274 1877 3491 1930 surrexit
3541 1875 3782 1934 T/tcudus

2200 1952 2351 2023 (Act.
2375 1954 2429 2009 5.
2457 1953 2582 2026 56).
2607 1956 2838 2014 Sicarios
2861 1976 2988 2016 vero
3015 1963 3227 2032 quidam
3254 1965 3434 2021 dicunt
3463 1983 3583 2024 esse
3607 1986 3779 2040 genus

2199 2043 2462 2101 latronum
2485 2089 2501 2113 ,
2529 2047 2607 2104 sic
2637 2051 2934 2121 appellatos
2966 2069 2996 2108 a
3022 2055 3212 2124 gladiis
3236 2099 3250 2123 ,
3281 2074 3413 2129 quos
3457 2062 3736 2131 gestabant
3759 2106 3774 2130 ,

2197 2133 2335 2190 sicas
2366 2134 2538 2193 dictos
2563 2139 2819 2196 Romanis
2841 2158 2854 2195 :
2879 2144 2970 2198 alii
2999 2160 3128 2201 vero
3154 2157 3380 2218 putant,
3424 2166 3488 2206 ex
3540 2170 3639 2208 una
3681 2155 3777 2211 Ju-

2197 2222 2432 2280 dacorum
2456 2238 2600 2283 secta
2627 2229 2810 2290 fuisse.

2271 2313 2542 2386 Magorum
2583 2322 2838 2394 prtestigia
2865 2327 3213 2395 apostolorum
3250 2331 3509 2390 miraculis
3536 2337 3781 2407 majorem

2195 2406 2296 2476 uim
2320 2408 2599 2465 contulere.
2634 2412 2800 2468 Secta:
2822 2412 3365 2479 Iudaeorum—Tres
3392 2406 3625 2498 namque
3658 2441 3781 2485 sunt

2196 2496 2334 2566 apud
2378 2498 2523 2566 ipsos
2550 2510 2712 2557 secta:
2732 2545 2746 2569 ,
2777 2504 3202 2575 Pharisaeorum,
3235 2496 3655 2572 Sadducaaornm
3676 2560 3692 2584 ,
3725 2531 3780 2575 et

2197 2586 2521 2644 Essenorum
2552 2592 2643 2662 qui
2684 2603 2738 2650 et
2776 2593 2956 2652 Sancti
3000 2610 3254 2657 vocantur
3293 2604 3439 2676 (hoc
3486 2609 3630 2664 enim
3679 2611 3779 2666 sibi

2195 2677 2306 2733 vult
2328 2677 2429 2736 hoc
2452 2698 2648 2739 nomen
2683 2686 2909 2762 Essem)
2933 2730 2950 2755 ,
2979 2689 3137 2762 idque
3163 2693 3234 2748 ob
3258 2695 3381 2751 vitae
3417 2700 3775 2758 sanctitatem.

2198 2767 2357 2825 Iidem
2388 2788 2518 2829 vero
2541 2784 2592 2830 et
2622 2774 2812 2834 Sicarii
2838 2780 3003 2850 dicti,
3031 2784 3173 2854 quod
3221 2796 3405 2844 essent
3447 2791 3658 2848 zelotae.
3701 2794 3778 2852 Ne

2195 2876 2324 2933 ergo
2353 2865 2630 2924 doleamus
2659 2873 2797 2940 quod
2829 2883 2990 2929 sectae
3015 2877 3141 2945 sint,
3176 2889 3369 2936 cumet
3389 2883 3776 2952 pseudochristi

2196 2950 2428 3024 fuerint,
2458 2959 2545 3028 qui
2577 2956 2791 3015 Christo
2820 2963 3057 3021 insidiari
3091 2950 3413 3041 voluerunt,
3454 2982 3510 3029 et
3550 2976 3777 3032 antehac

2194 3053 2249 3098 et
2276 3056 2491 3115 postea,
2528 3058 2583 3104 ut
2612 3052 2959 3111 obscurarent
3001 3056 3174 3113 illum.
3208 3058 3312 3117 Sed
3362 3065 3560 3121 veritas
3611 3067 3777 3140 fulget

2193 3145 2246 3190 et
2272 3137 2518 3207 Splendet
2546 3142 2756 3214 ubique.
2789 3145 2903 3203 Hoc
2928 3155 2983 3203 et
3011 3150 3396 3221 pr0phetarum
3422 3171 3538 3214 πεγο
3580 3137 3775 3218 factum

2192 3240 2274 3282 est
2307 3244 2323 3283 :
2352 3230 2565 3287 luerunt
2618 3237 3130 3310 pseudopropheton,
3159 3253 3214 3299 et
3241 3249 3352 3302 veri
3384 3263 3451 3305 ex
3498 3264 3774 3323 compara-

2192 3318 2336 3375 tione
2364 3324 2530 3393 magis
2577 3326 2918 3398 effulgebant.
2975 3331 3183 3389 Etenim
3227 3339 3445 3396 morbus
3494 3318 3771 3401 sanitatem

2191 3414 2533 3480 conspicuam
2562 3414 2722 3481 facit,
2771 3430 2826 3474 et
2878 3424 3111 3478 tenebra:
3154 3426 3364 3498 lucem,
3415 3436 3768 3505 tranquillita-

2191 3507 2405 3572 temque
2433 3513 2736 3577 tempestas.
2763 3511 2880 3568 Non
2910 3525 3130 3584 possunt
3153 3520 3378 3589 gentiles
3410 3523 3769 3597 dicere,quod

2190 3588 2267 3645 illi
2313 3593 2633 3666 deceptores
2676 3610 2732 3657 et
2774 3588 3193 3677 prmstigiatores
3233 3611 3471 3668 fuerint:
3506 3588 3768 3675 illi'e'nim

2188 3685 2416 3740 convicti
2464 3698 2609 3745 sunt.
2654 3691 2767 3749 Hoc
2816 3695 2978 3751 etiam
3014 3697 3185 3772 Moysi
3232 3704 3427 3759 accidit
3448 3720 3471 3756 ἐ
3502 3710 3772 3767 concessit

2189 3773 2331 3831 Deus
2359 3786 2418 3833 ut
2445 3783 2582 3854 magi
2613 3795 2817 3854 essent,
2850 3804 2916 3844 ne
2945 3805 3132 3863 magus
3163 3805 3439 3865 putaretur
3464 3813 3585 3857 esse
3621 3802 3769 3874 Moy-

2186 3883 2272 3924 ses
2306 3887 2320 3924 :
2352 3874 2597 3941 permisit
2637 3886 2697 3932 ut
2736 3877 2993 3941 docerent
3033 3898 3221 3940 omnes
3246 3928 3262 3954 ,
3295 3899 3545 3958 quantum
3589 3895 3765 3964 magia

2186 3973 2397 4033 poterat
2420 3968 2788 4039 comminisci;
2836 3974 2971 4029 ultra
3017 3985 3196 4033 autem
3246 3995 3351 4036 non
3399 3981 3764 4056 deceperunt,

2184 4058 2278 4113 sed
2307 4058 2406 4130 ipsi
2438 4075 2558 4116 sese
2587 4063 2756 4120 victos
2781 4066 3013 4123 confessi
3041 4080 3186 4127 sunt.
3215 4071 3358 4129 Nihil
3384 4075 3538 4132 nobis
3566 4088 3767 4135 nocent

2182 4147 2529 4219 deceptores;
2555 4154 2665 4209 imo
2700 4171 2799 4211 nos
2825 4159 3071 4216 meliores
3096 4162 3346 4232 reddunt,
3378 4168 3421 4221 si
3447 4169 3566 4238 quis
3591 4179 3766 4227 atten-

2182 4242 2311 4297 dere
2337 4243 2482 4299 velit.
2528 4245 2664 4312 Quid
2704 4247 2904 4319 igitur,
2952 4253 3193 4324 inquies,
3234 4256 3279 4311 si
3329 4240 3540 4315 illdrum
3578 4262 3764 4332 gloria:

2180 4346 2458 4394 consortes
2482 4338 2693 4394 simus?
2722 4341 2835 4397 Non
2859 4343 3002 4413 apud
3031 4361 3128 4401 nos
3155 4347 3381 4419 gloriam
3407 4350 3637 4421 habent,
3664 4356 3763 4413 scd

2176 4425 2318 4495 apud
2348 4440 2477 4495 eos,
2504 4430 2594 4499 qui
2613 4429 2817 4500 judicio
2845 4449 2952 4489 non
2979 4438 3182 4496 valent.
3211 4437 3291 4495 Ne
3333 4442 3556 4500 multum
3605 4461 3765 4504 cure-

2179 4532 2297 4573 mus
2325 4521 2504 4590 populi
2527 4535 2734 4590 auram,
2763 4540 2835 4582 ne
2875 4526 3011 4584 ultra
3040 4545 3199 4601 quam
3227 4542 3435 4603 oportet
3483 4538 3628 4593 illam
3675 4557 3764 4597 se-

2177 4616 2402 4662 ctemur.
2438 4610 2548 4666 Deo
2572 4612 2819 4684 vivimus,
2848 4632 2955 4673 non
2994 4618 3329 4688 hominibus;
3360 4625 3412 4680 in
3450 4628 3586 4681 czelo
3630 4644 3761 4686 con-

2174 4715 2484 4771 versamur,
2514 4720 2618 4759 non
2646 4708 2699 4760 in
2730 4716 2867 4763 terra
2897 4728 2910 4763 :
2941 4710 3048 4767 illic
3077 4714 3258 4770 bravia
3286 4728 3342 4773 et
3363 4722 3587 4790 praemia
3611 4721 3759 4781 labo-

2173 4808 2292 4847 rum
2333 4804 2639 4852 nostrorum
2688 4798 2900 4868 jacent,
2943 4803 3069 4859 inde
3114 4805 3303 4864 laudes
3344 4821 3754 4882 exspectamus,

2173 4884 2295 4939 inde
2324 4900 2573 4943 coronas.
2606 4891 2842 4948 Eatenus
2879 4909 3131 4951 curemus
3168 4896 3450 4969 homines,
3491 4915 3755 4974 quatenus

2174 4993 2241 5033 ne
2264 4993 2447 5033 ansam
2475 4980 2580 5036 illis
2608 4983 2962 5052 praebeamus.
2988 4986 3144 5055 Quod
3174 4990 3221 5045 si
3267 4992 3424 5048 nobis
3464 5009 3571 5050 non
3611 5011 3753 5067 pra:-

2169 5071 2419 5128 bcntibus
2438 5114 2454 5140 ,
2484 5073 2562 5130 illi
2590 5076 2858 5132 voluerint
2889 5087 3091 5136 temere
3118 5091 3174 5138 et
3217 5082 3414 5141 frustra
3456 5101 3712 5145 accusare
3732 5131 3751 5157 ,

2168 5164 2470 5233 rideamus,
2504 5182 2610 5224 non
2642 5168 2930 5238 ploremus.
2980 5173 3059 5229 Tu
3110 5177 3332 5245 provide
3382 5180 3522 5235 bona
3569 5196 3750 5238 coram

2169 5257 2279 5313 Deo
2308 5265 2365 5313 et
2393 5256 2699 5315 hominibus
2732 5279 2746 5314 :
2776 5263 2821 5318 si
2850 5274 2903 5319 te
2929 5264 3065 5320 bona
3096 5269 3431 5338 providente,
3460 5272 3549 5329 ille
3578 5274 3752 5330 iaces-

2165 5357 2286 5416 sat,
2331 5364 2399 5405 ne
2428 5365 2605 5406 cures.
2633 5352 2810 5409 [labes
2834 5358 3080 5426 exempla
3108 5360 3163 5415 in
3208 5360 3522 5431 Scripturis.
3576 5364 3749 5419 Num-

2163 5439 2288 5506 quid
2340 5440 2473 5495 enim
2526 5442 2810 5499 hominibus
2855 5449 3044 5503 suadeo
3080 5466 3149 5504 an
3178 5449 3288 5506 Deo
3314 5452 3335 5526 (
3358 5451 3477 5509 Gal.
3515 5456 3569 5509 1.
3601 5456 3705 5527 10)
3726 5458 3751 5508 ‘l

2166 5533 2365 5604 inquit;
2391 5550 2456 5590 ac
2482 5551 2690 5592 rursum
2720 5556 2736 5593 :
2767 5538 3077 5597 Hominibus
3109 5546 3412 5613 suademus,
3444 5546 3552 5602 Deo
3576 5558 3746 5604 autem

2163 5626 2421 5695 manifesti
2444 5644 2616 5682 sumus
2643 5626 2663 5702 (
2693 5628 2749 5683 2.
2772 5630 2889 5686 Cor.
2919 5632 2973 5688 5.
3005 5634 3065 5688 11
3096 5635 3135 5704 ).
3171 5634 3239 5690 Et
3277 5636 3521 5694 Christus
3567 5638 3634 5694 de
3682 5640 3748 5693 iis

2161 5723 2250 5792 qui
2277 5721 2648 5777 offendebatur
2672 5723 2881 5781 diccbat
2905 5741 2918 5778 :
2951 5726 3077 5782 Sine
3098 5728 3242 5796 illos,
3268 5733 3423 5787 duces
3464 5740 3585 5788 sunt
3625 5732 3748 5785 cwci

2165 5829 2409 5868 ca‘corum
2439 5813 2667 5883 (Matth.
2700 5812 2788 5874 i5.
2836 5815 2977 5887 ﬂ);
3028 5834 3094 5877 ac
3134 5835 3391 5880 rursum:
3435 5821 3523 5880 Va:
3569 5822 3741 5880 vobis.
