4148 6152
264 233 376 287 325

260 357 392 417 σον,
421 350 711 404 ἐκέλευσε
757 347 1002 415 ἄγεσθαι
1049 346 1235 399 αὐτόν
1261 347 1348 410 είς
1379 343 1494 411 τὴν
1529 345 1934 414 παρεμϐολήν.

259 442 405 495 Ὀτε
446 438 520 492 δὲ
543 438 781 507 ἐγένετο
823 435 921 489 ἐπὶ
970 436 1111 502 τοὺς
1140 433 1541 501 ἀναϐαθμοὺς,
1567 432 1794 498 συνέβη
1826 433 1931 497 βαι

256 526 584 589 στάζεσθαι
615 524 802 580 αὐτὸν
823 523 943 578 ὑπὸ
974 521 1093 575 τῶν
1124 518 1499 588 στρατιωτῶν
1525 519 1621 573 διὰ
1649 519 1762 587 τὴν
1786 518 1938 584 βίαν

256 614 372 669 τοῦ
404 614 594 684 ὄχλου
613 629 626 643 ο
684 611 1000 679 ἠκολούθει
1044 608 1173 679 ατὰρ
1227 606 1295 661 τὸ
1346 606 1581 675 πλῆθος
1629 606 1735 661 τοῦ
1782 606 1937 661 λαοῦ

258 700 499 771 κράζων,
528 695 660 766 Λίρε
684 699 889 752 αὐτόν.
927 696 993 750 Τί
1026 698 1195 759 ἐστιν,
1230 688 1372 763 Αἶρε
1412 693 1636 758 αὐτόν;
1678 692 1839 757 Ἔθος
1869 688 1938 765 ῆν

259 788 545 851 Ἰουδαίοις
572 786 693 840 καθ’
726 780 802 839 ὧν
834 784 901 838 ἂν
933 782 1296 854 ἀπεφαίνοντο
1321 781 1480 836 τοῦτο
1508 781 1707 851 λέγειν,
1739 782 1815 845 ὡς
1843 781 1939 836 καὶ

260 876 358 930 ἐπὶ
383 875 477 931 τοῦ
500 874 737 947 Χριστοῦ
770 874 833 928 τὸ
859 872 992 926 αὐτὸ
1024 871 1303 941 φαίνονται
1325 870 1603 935 ποιοῦντες
1631 872 1726 925 καὶ.
1750 870 1938 938 λέγον-

259 982 378 1031 τες,
400 960 579 1033 Ἆρον
601 963 819 1019 αὐτόν’
870 960 1172 1024 τουτέστιν,
1212 958 1308 1013 Ἐκ
1335 957 1440 1011 τῶν
1462 956 1679 1022 ζώντων
1714 957 1938 1029 ποίησον

262 1052 465 1123 ἀφανῆ.
499 1051 656 1115 Τινὲς
684 1050 763 1112 δὲ,
799 1049 828 1102 6
860 1050 991 1120 παρ’
1012 1049 1145 1118 ἡμῖν
1166 1046 1385 1115 λέγουσι
1414 1045 1557 1099 κατὰ
1585 1043 1683 1115 τὴν
1707 1044 1940 1115 Ῥωμαῖ-

262 1140 368 1211 κὴν
419 1139 725 1211 συνήθειαν,
758 1138 848 1190 Ἐν
886 1139 999 1198 τοῖς
1046 1135 1249 1204 σίγνοις
1299 1132 1461 1187 αὐτὸν
1511 1131 1741 1203 ἔμϐαλε,
1780 1131 1939 1186 τοῦτο

262 1223 405 1281 εῖναι
427 1226 509 1289 τὸ,
532 1221 670 1293 Αἶρε
687 1224 893 1278 αὐτόν.
927 1220 1185 1277 Μέλλων
1209 1221 1278 1274 δὲ
1301 1223 1387 1286 εις
1408 1219 1523 1288 τὴν
1552 1218 1938 1288 παρεμϐολὴν

260 1312 614 1383 εἰσάγεσθαι
639 1315 672 1365 ό
712 1310 972 1375 Παῦλος,
996 1306 1157 1377 λέγει
1186 1305 1267 1372 τῷ
1293 1306 1598 1375 χιλιάρχῳο
1634 1308 1701 1360 El
1733 1304 1937 1370 ἔξεστί

258 1418 359 1469 μοι
411 1399 604 1453 εἰπεῖν
635 1415 689 1451 τι
721 1397 874 1465 πρὸς
911 1395 985 1449 σέ
1004 1412 1023 1458 ;
1074 1394 1198 1447 Ἐπὶ
1238 1396 1364 1457 τοὺς
1394 1391 1745 1462 ἀναϐαθμοὺς
1778 1392 1938 1463 φερόα

266 1505 450 1559 μενος,
476 1487 620 1553 ἀξιοῖ
649 1486 784 1558 πρὸς
801 1485 892 1538 τὸν
921 1484 1399 1554 χιλίαρχονείπεῖν
1425 1498 1499 1535 τι.
1548 1480 1657 1534 Καὶ
1688 1480 1789 1552 ὅρα
1821 1480 1937 1543 πιῖις

263 1575 542 1637 ἐπιεικῶς·
564 1575 634 1628 Εὶ
656 1572 864 1637 ἔξεστί
880 1588 978 1637 μοι
999 1569 1188 1623 εἰπεῖν
1208 1587 1260 1622 τι
1287 1568 1438 1637 πρὸς
1460 1566 1566 1633 σέ;
1588 1566 1773 1638 φησίν,
1792 1568 1845 1619 '0
1868 1567 1939 1620 δὲ

262 1664 381 1732 ἔφη
402 1679 415 1691 ’
456 1661 800 1729 Ἑλληνιστὶ
828 1658 1176 1729 γινώσκεις;
1217 1659 1336 1709 Οὐκ
1353 1654 1468 1723 ἄρα
1500 1654 1582 1709 σὺ
1608 1651 1664 1709 εί
1697 1658 1730 1708 ὁ
1760 1656 1935 1724 Αίγύ-

263 1762 457 1818 πτιος,
481 1754 515 1806 ό
551 1750 664 1819 πρὸ
685 1750 915 1804 τούτων
942 1747 1061 1801 τῶν
1093 1747 1331 1816 ἡμερῶν
1347 1744 1802 1810 ἀναστατώσας,
1837 1744 1935 1798 καί

262 1837 573 1909 ἐξαγαγὼν
590 1840 679 1904 είς
707 1838 824 1905 τὴν
852 1837 1079 1905 ἔρημον
1116 1835 1259 1899 τοὺς
1282 1834 1802 1902 τετρακισχιλίους
1828 1831 1934 1885 ἄν·

264 1925 412 1994 δρας
428 1926 548 1979 τῶν
569 1926 893 1994 σικαρίων;
924 1916 1093 1987 Οὗτος
1108 1924 1138 1976 6
1162 1919 1457 1991 Αἰγύπτιος
1477 1932 1504 1961 ι
1538 1919 1824 1990 ἅνθρωπός
1854 1937 1937 1985 τις

264 2011 651 2083 νεωτεροποιὸς
699 2010 894 2078 γέγονε
946 2010 1041 2063 καὶ
1096 2007 1448 2077 στασιαστής.
1499 2006 1641 2077 Πρὸς
1666 2005 1731 2076 δὴ
1779 2005 1939 2059 τοῦτο

264 2098 614 2167 ἀπολογεῖται
636 2099 665 2151 6
687 2096 919 2163 Παῦλος,
947 2096 1042 2148 καὶ
1069 2096 1137 2148 δι’
1162 2089 1239 2149 ὧν
1266 2090 1419 2149 εἶπεν
1448 2094 1650 2162 ἀπάγει
1679 2094 1780 2162 τῆς
1809 2094 1940 2148 ὑπο-

258 2187 392 2256 ψίας
428 2187 609 2240 αὐτόν.
645 2186 873 2256 Ἴδωμεν
904 2184 963 2238 δὲ
986 2183 1195 2240 ἀνωθεν
1225 2184 1295 2237 :6
1321 2182 1726 2253 ἀνεγνωσμένα.
1762 2183 1940 2236 Εὶσίν

261 2275 411 2345 ἡμῖν
438 2273 675 2343 ἄνδρες,
700 2274 854 2343 φησὶ,
880 2272 1179 2341 τέσσαρες
1202 2269 1396 2341 εὐχὴν
1415 2271 1663 2337 ἔχοντες
1682 2270 1773 2339 ἐφ’
1801 2270 1939 2325 ἐαυ-

260 2363 419 2416 τῶνο
469 2362 720 2428 τούτους
765 2359 1152 2430 παραλαϐὼν,
1181 2359 1495 2429 ἁγνίσθητι
1540 2358 1665 2411 σὺν
1709 2357 1935 2423 αὐτοῖς.

262 2450 409 2521 Πρὸς
442 2448 686 2519 δήτοῦτο
708 2448 808 2501 οὐκ
840 2447 1153 2501 ἀντιπίπτει
1180 2446 1209 2498 6
1235 2444 1462 2511 Παῦλος,
1491 2443 1627 2498 ἀλλά
1666 2445 1933 2500 πείθεται.

264 2536 427 2589 Ὅθεν
451 2536 628 2607 δῆλον,
660 2536 741 2589 ὃτι
766 2536 828 2590 06
857 2533 1283 2606 προηγουμένως
1305 2531 1413 2585 ἔδει
1451 2531 1611 2585 τοῦτο
1636 2535 1810 2586 ποιεῖν
1834 2532 1936 2605 (διὸ

262 2625 358 2678 καὶ
388 2624 666 2677 πείθουσιν
695 2621 901 2694 αὐτόν),
926 2622 1042 2676 ἀλλ’
1067 2622 1148 2675 ὅτι
1172 2621 1455 2691 οίκονομία
1487 2620 1550 2674 :6
1570 2621 1806 2691 πρᾶγμα
1843 2622 1936 2674 καὶ

263 2711 669 2780 συγκατάϐασις
710 2709 799 2783 ῆν.
845 2711 960 2765 Οὐκ
1007 2711 1117 2782 ἀρα
1168 2710 1380 2779 ὲγκοπὴ
1434 2707 1530 2761 τοῦ
1581 2708 1937 2779 κηρύγματος

261 2800 419 2855 τοῦτο
451 2797 538 2872 ῆν,
598 2802 733 2855 ὅπου
781 2817 844 2868 γε
881 2800 973 2852 καὶ
1031 2799 1185 2851 αὐτοὶ
1212 2797 1566 2867 ἐνομοθέτουν
1596 2796 1829 2859 ἐκείνοις
1870 2797 1938 2851 τὰ

258 2889 507 2944 τοιαῦτα.
535 2889 705 2943 Τοῦτο
728 2888 908 2942 τοίνυν
928 2886 1227 2957 οἰκονομῶν
1249 2886 1345 2939 καὶ
1368 2886 1531 2947 αὐτὸς
1551 2884 1744 2955 Πέτρῳ
1767 2885 1937 2953 ἐγκα-

260 2977 345 3030 λεῖ
381 2975 640 3046 ὕστερον·
683 2977 778 3028 καὶ
825 2976 926 3045 οὐχ
975 2974 1162 3037 ἁπλῶς
1213 2972 1345 3026 αὐτὸ
1403 2973 1566 3027 ποιεῖ.
1619 2971 1798 3043 Ὅπερ
1829 2973 1955 3044 γὰρ·

259 3062 500 3117 ἐνταῦθα
526 3063 783 3133 εποίησεν
836 3060 1018 3124 αὐτὸς,
1053 3059 1211 3112 τοῦτο
1266 3058 1473 3129 Πέτρος
1498 3058 1617 3112 ἐκεῖ
1644 3059 1811 3126 σιγῶν
1844 3060 1938 3113 καὶ

260 3149 428 3204 ἱστῶν
462 3147 629 3203 αὑτοῦ
654 3148 714 3201 τὸ
755 3148 950 3219 δόγμα.
986 3147 1094 3201 Καὶ
1122 3148 1222 3200 οὐκ
1244 3140 1419 3211 εἶπον,
1453 3146 1536 3199 ὅτι
1572 3147 1648 3201 06
1682 3145 1787 3219 χρὴ
1811 3146 1939 3212 τοὺς

256 3236 408 3291 κατὰ
439 3237 509 3290 τά
568 3234 695 3306 ἔθνη
738 3234 1030 3295 διδάσκειν.
1066 3233 1185 3287 οὐδὲ
1235 3234 1419 3302 Ἀρκεῖ
1462 3233 1524 3285 :6
1572 3232 1647 3304 μὴ
1703 3234 1938 3305 κηρῦξαι

260 3324 414 3378 ἐκεῖ*
463 3322 600 3376 ἀλλὰ
640 3323 722 3375 δεῖ
753 3323 846 3376 καὶ
896 3321 1076 3374 πλεῖόν
1122 3337 1176 3373 τι
1232 3321 1473 3390 ποιῆσαι,
1507 3320 1595 3374 ἵνα
1641 3320 1938 3376 πεισθῶσιν

262 3412 483 3472 ἐκεῖνοι,
502 3410 582 3463 ὃτι
613 3409 900 3479 φυλάττεις
927 3409 1017 3462 τὸν
1045 3408 1227 3478 νόμον.
1264 3407 1678 3476 Συγκατάϐασις
1706 3408 1771 3461 :6
1796 3410 1938 3481 πρᾶο

262 3499 382 3569 γμά
429 3500 564 3564 ἐστι,
604 3498 769 3569 μηδὲν
800 3498 1062 3570 φοϐηθῇς.
1124 3498 1235 3552 Καὶ
1263 3497 1384 3567 ὅρα,
1422 3497 1484 3550 06
1523 3497 1787 3569 πρότερον
1816 3498 1937 3553 πεί-

265 3584 448 3639 θουσιν
486 3585 646 3639 αὑτὸν
674 3584 723 3649 ι’,
748 3584 855 3649 ἕως
907 3584 997 3639 τοῦ
1032 3585 1207 3639 είπεῖν
1234 3584 1335 3654 τὴν
1372 3584 1681 3655 οἰκονομίαν
1719 3585 1937 3656 πρῶτον

263 3673 360 3726 καὶ
392 3672 457 3726 :6
489 3671 697 3743 κέρδος.
732 3672 842 3726 Καὶ
871 3671 932 3726 τὸ
960 3673 1019 3725 ὲν
1052 3670 1442 3743 Ἱεροσολύμοις
1470 3671 1527 3725 δὲ
1558 3670 1717 3726 τοῦτο
1740 3676 1953 3741 ποιεῖν,-

264 3760 513 3830 φορητόν.
549 3760 780 3830 Ποίησον
812 3760 990 3814 τοίνυν
1013 3759 1170 3814 τοῦτο
1195 3759 1447 3824 ἐνταῦθα,
1475 3760 1563 3814 ἵνα
1588 3760 1683 3833 ἐξῇ
1716 3776 1799 3814 σοι
1832 3761 1938 3829 ἔξω

264 3850 438 3900 ποιεῖν
488 3849 681 3901 ἐκεῖνο.
742 3850 879 3902 Τότε
937 3849 1318 3916 παραλαϐὼν,
1372 3848 1558 3918 φησὶν.
1612 3850 1646 3902 ὁ
1695 3848 1955 3917 Παῦλος·

261 3934 407 4000 τοὺς
430 3935 654 4004 ἄνδρας
697 3934 772 4005 τῇ
796 3935 1054 4005 ἐχομένῃ
1088 3936 1295 4005 ἡμέρᾳ.
1334 3937 1449 3990 Οὐκ
1476 3936 1787 4002 ἀνεϐάλετο,
1820 3938 1935 3992 ἀλλ’

263 4022 413 4093 ἔργῳ
436 4024 650 4088 δεικνὺς
673 4023 775 4095 τὴν
796 4024 989 4089 πειθὼ,
1013 4025 1432 4098 παραλαμϐάνει
1461 4026 1578 4098 μεθ’
1606 4021 1683 4082 ὧν
1715 4027 1937 4101 ἔμελλεν

261 4111 597 4179 ἁγνίζεσθαι.
647 4111 901 4166 Τοιοῦτόν
933 4114 986 4165 τί
1020 4116 1135 4166 ὲστι
1168 4112 1368 4185 θερμὸν
1410 4115 1444 4186 ἡ
1474 4116 1776 4187 οἰκονομία.
1825 4117 1949 4171 Καὶ¹

262 4196 402 4261 πῶς,
430 4199 613 4267 φησὶν,
638 4200 689 4252 οί
715 4200 822 4253 ἀπὸ
850 4201 948 4272 τῆς
963 4201 1145 4267 Ἀσίας
1160 4201 1398 4256 Ἰουδαῖοι
1426 4198 1564 4258 εἶδον
1584 4204 1745 4258 αὑτὸν
1767 4206 1825 4259 ἐν
1854 4205 1935 4277 τῷ

262 4284 393 4356 ἱερῷ
409 4304 423 4352 ;
446 4285 604 4349 Εἰκὸς
620 4282 689 4357 ἦν
710 4288 908 4351 αὐτοὺς
928 4289 1142 4360 ἡμέρας
1160 4291 1313 4353 τινάς
1328 4290 1445 4343 ἐκεῖ
1458 4287 1774 4362 διατρίϐειν.
1791 4293 1935 4365 Ὅρα

257 4373 316 4427 δὲ
353 4372 470 4436 πῶς
498 4374 592 4427 καὶ
615 4375 895 4446 οἰκονομία
923 4376 982 4429 τὸ
1008 4379 1302 4448 γενόμενον
1339 4375 1490 4449 [548]
1518 4373 1587 4449 ἦν
1606 4394 1622 4410 ·
1657 4378 1794 4449 μετὰ
1825 4380 1934 4451 γὰρ

256 4459 321 4512 τὸ
354 4460 640 4531 πεισθῆναι
660 4461 787 4525 τοὺς
820 4462 1124 4531 Ἰουδαίους,
1153 4464 1276 4518 τότε
1309 4463 1659 4518 ἐπιτίθενται·
1689 4464 1930 4533 είκότως,

258 4546 348 4600 ἶνα
373 4545 448 4617 μὴ
468 4548 711 4601 κάκεῖνοι
737 4550 1155 4604 συνεπιθῶνται.
1182 4550 1480 4617 Βοηθεῒτε,
1504 4551 1689 4621 φησιν,
1718 4550 1939 4622 ἄνδρες

258 4633 647 4701 Ἰσραηλῖται.
711 4637 809 4701 Ὦς
852 4655 997 4702 τινος
1037 4639 1378 4709 δυσθηράτου
1437 4638 1531 4692 κα)⁸
1571 4639 1933 4711 δυσχειρώτου

257 4723 380 4783 ταῖς
426 4722 649 4777 ἐκείνων
698 4725 1030 4793 ἐμπεσόντος
1073 4726 1233 4798 χερσλ⁸
1252 4760 1273 4791 ,
1326 4726 1635 4794 Βοηθεῖτε,
1694 4728 1928 4790 λέγουσι.

255 4806 497 4874 Πάντας
523 4812 833 4882 πανταχοῦ
865 4810 1045 4881 οὗτός
1076 4815 1250 4870 ἐστιν
1280 4818 1315 4870 ό
1340 4815 1663 4871 διδάσκων.
1697 4819 1810 4872 Οὐκ
1842 4820 1929 4871 ὲν-

255 4896 431 4950 ταῦθα
458 4898 639 4967 μόνον,
682 4902 867 4970 φησὶν,
890 4901 1026 4957 ἀλλὰ
1063 4904 1401 4974 Πανταχοῦ.
1454 4900 1586 4959 Εἶτα
1614 4906 1761 4977 καὶὴ
1794 4924 1928 4961 κατ-

258 4984 457 5054 ηγορία
510 4984 710 5055 μείζων
736 4987 845 5041 ἀπὸ
869 4988 976 5041 τῶν
999 4990 1301 5059 παρόντων.
1337 4992 1468 5046 Ἔτι
1526 4991 1613 5053 δὲ,
1649 4993 1799 5062 φησι,
1828 4995 1928 5048 καὶ

259 5073 653 5142 κεκοινώνηκε
684 5073 753 5128 τό
780 5074 961 5142 ἱερὸν,
989 5076 1212 5144 ἄνδρας
1242 5078 1551 5146 Ἕλληνας
1573 5079 1925 5151 εἰσαγαγών.

258 5158 370 5212 Καὶ
401 5160 508 5231 μὴν
532 5162 627 5215 καὶ
647 5162 739 5214 ἐπὶ
769 5162 862 5216 τοῦ
884 5162 1123 5233 Χριστοῦ
1145 5164 1417 5235 ἀνέϐησαν
1438 5167 1925 5239 προσκυνήσοντες*

257 5246 393 5300 ἀλλὰ
418 5250 542 5313 τοὺς
570 5252 675 5304 οὐκ
698 5249 765 5304 ἂν
793 5251 1083 5322 ἑλομένους
1108 5253 1489 5324 προσκυνῆσαι
1516 5249 1663 5309 οὗτοι
1687 5256 1926 5325 λέγουσι.

256 5335 367 5389 Kal
398 5336 821 5409 ἐπιλαϐόμενοι
846 5339 956 5395 τοῦ
991 5341 1257 5416 Παύλου,
1291 5343 1477 5413 φησὶν,
1502 5339 1709 5398 εζλκον
1743 5345 1931 5398 αὐτόν

198 5485 205 5491 ,
257 5422 390 5487 ἔξω.
426 5425 660 5480 Σκόπει·
692 5427 800 5481 61:6
825 5428 920 5483 τοῦ
962 5429 1109 5502 ἱεροῦ
1140 5428 1495 5483 ἐκϐάλλουσιν
1517 5430 1708 5483 αὐτόν’
1742 5429 1927 5483 οὐκέτι

258 5510 363 5579 γὰρ
386 5511 568 5583 νόμων
599 5512 812 5569 ἐδέοντο
842 5516 965 5571 οὐδὲ
994 5517 1388 5589 δικαστηρίων·
1433 5516 1513 5569 διὸ
1564 5516 1659 5571 καὶ
1698 5515 1924 5573 humor

256 5597 449 5652 αὐτόν·
503 5598 647 5655 οὕτω
690 5601 777 5656 διὰ
813 5607 1030 5659 πάντων
1065 5605 1348 5674 φαίνονται
1387 5603 1606 5676 θρασεῖς
1652 5603 1803 5669 ὄντες
1834 5607 1929 5660 καὶ

259 5685 457 5755 ίταμοί.
496 5687 554 5740 Ὀ
586 5688 641 5741 δὲ
679 5690 798 5743 τότε
858 5694 957 5763 μὲν
995 5694 1094 5746 οὐκ
1139 5692 1540 5765 ἀπελογήσατο,
1576 5692 1801 5765 ὕστερον
1830 5693 1886 5746 δέ
1911 5711 1924 5724 ·

313 5789 330 5871 ἦ
362 5791 517 5871 96:0;
544 5796 568 5841 6
602 5797 869 5871 Αἰγύπτιος,
900 5804 946 5848 in
970 5815 1065 5850 uno
1086 5800 1245 5849 deest.
1316 5799 1342 5839 b
1370 5798 1502 5849 Idem
1529 5798 1657 5861 θοὰ,
1679 5798 1734 5848 ού
1753 5798 1925 5861 πρότο-

257 5866 334 5915 ρον
357 5868 665 5914 παραινιυσιν
689 5866 845 5909 αὐτον.

1276 228 1342 283 ΙΝ
1383 226 1565 284 ACTA
1606 226 2147 284 APOS'I‘OLURUM.
2191 227 2425 285 HOMIL.
2469 228 2650 285 XLVI.

3613 228 3714 285 52.!

2044 345 2284 408 εἰκότως·
2307 347 2425 399 τότε
2454 347 2561 420 γὰρ
2587 347 2695 401 066‘
2720 346 2788 402 ἂν
2815 348 3071 420 ἥκουσαν.
3092 351 3203 406 Καὶ
3230 349 3285 405 τί
3310 351 3512 423 δήποτε
3555 353 3717 427 ἔκραο

2014 429 2155 495 -ζον,
2191 428 2328 499 Αἶρε
2369 433 2592 497 αὐτόν;
2629 433 2971 503 Ἐφοϐοῦντο,
3008 437 3084 508 μὴ
3138 437 3393 512 διαφύγῃ.
3442 439 3578 495 Ἀλλ’
3616 441 3719 512 ὅρα

2053 519 2170 589 μεθ’
2224 522 2354 590 ὅσης
2412 521 2705 593 ὑποστολῆς
2754 522 3059 591 διαλέγεται
3106 526 3136 576 6
3187 524 3399 591 Παῦλος
3444 526 3522 596 τῷ
3568 528 3717 598 χιλι-

2049 608 2223 679 άρχῳ.
2275 608 2339 660 Τί
2409 609 2517 679 γάρ
2571 626 2736 680 φησιν
2771 622 2844 674 c;
2909 611 2976 663 El
3025 610 3233 676 ἔξεστί
3266 631 3370 683 μοι
3414 615 3608 670 είπεῖν
3665 635 3717 672 τι

2044 695 2196 763 πρὸς
2251 697 2362 759 σός
2420 696 2685 751 Τοσοῦτον
2736 692 2806 769 ἦν
2854 699 3141 762 ταπεινὸς,
3197 699 3279 754 ὅτι
3328 701 3423 755 καὶ
3482 702 3718 774 μετριά-

2044 781 2158 846 ζειν
2216 782 2332 853 ᾔδει
2396 782 2683 854 πανταχοῦ.
2753 785 2874 839 Οὐκ
2904 782 3018 852 ἄρα
3066 784 3148 839 σὺ
3193 783 3267 851 εἴ,
3298 781 3482 859 φησιν,
3525 793 3559 845 ό
3601 792 3713 845 A‘l-

2044 870 2313 941 γύπτιος;

2111 963 2182 1025 γ’.
2203 959 2342 1030 Ὅρα
2370 958 2703 1029 κακουργίαν
2722 958 2989 1014 διαϐόλου.
3008 958 3284 1013 Ἀπατεὼν
3306 955 3373 1032 ῆν
3398 962 3602 1026 ἐκεῖνος
3622 964 3715 1017 καὶ

2043 1045 2175 1115 γόης
2206 1048 2234 1099 6
2264 1046 2581 1115 Αἰγύπτιος,
2614 1048 2707 1101 καὶ
2735 1047 3101 1120 προσεδόκησε
3134 1047 3444 1113 συσκιάζειν
3473 1048 3561 1102 διὰ
3588 1051 3713 1104 τού-

2042 1149 2135 1186 του
2167 1133 2263 1188 καὶ
2302 1133 2593 1198 κοινωνοὺς
2621 1136 2795 1187 ποιεῖν
2830 1133 2939 1187 τῶν
2972 1134 3165 1206 ἐκείνῳ
3203 1135 3588 1207 προσηκόντων
3631 1140 3715 1206 ἐγο

2044 1220 2337 1291 κλημάτων
2381 1221 2476 1276 καὶ
2521 1222 2612 1274 τὸν
2642 1220 2876 1292 Χριστὸν
2909 1222 3153 1286 καὶτοὺς
3182 1221 3517 1287 ἀποστόλους
3542 1240 3556 1253 ·
3597 1224 3713 1278 ἀλλ’

2042 1308 2194 1362 οὐδὲν
2243 1308 2484 1380 ίσχυσεν,
2530 1308 2644 1362 ἀλλ’
2684 1310 2833 1380 ὅμως
2881 1308 2961 1362 ἔτι
3020 1308 3375 1381 λαμπροτέρα
3407 1311 3629 1379 γέγονεν
3679 1313 3713 1382 ἡ

2043 1394 2289 1466 ἀλήθεια,
2322 1395 2473 1448 οὐδὲν
2506 1395 2917 1464 παραϐλαϐεῖσα
2968 1398 3082 1460 τοῖς
3110 1396 3204 1449 τοῦ
3250 1396 3496 1451 διαϐόλου
3534 1415 3711 1469 μηχα-

2043 1483 2299 1553 νήμασιν,
2332 1481 2468 1537 ἀλλὰ
2518 1484 2611 1537 καὶ
2652 1483 2850 1553 μᾶλλον
2878 1482 3161 1554 λάμψασα.
3221 1483 3284 1536 Et
3331 1484 3430 1554 μὲν
3476 1484 3585 1555 γὰρ
3637 1485 3713 1555 μὴ

2040 1565 2182 1639 ἦσαν
2234 1569 2450 1641 γόητες,
2490 1567 2610 1624 εἶτα
2637 1565 2783 1625 οὗτοι
2832 1571 3117 1641 ἐκράτουν,
3140 1571 3281 1642 τάχα
3308 1572 3373 1625 ἄν
3402 1587 3486 1635 τις
3512 1572 3709 1625 ὲπελά-

2044 1658 2195 1710 ϐετοο
2248 1659 2336 1710 ὅτε
2384 1657 2442 1711 δὲ
2499 1657 2593 1712 καὶ
2649 1660 2847 1712 ἐκεῖνοι
2884 1657 3193 1728 ἐφάνησαν,
3235 1653 3381 1713 οῦτοι
3428 1660 3709 1729 κρατοῦσι,

2042 1744 2199 1799 τοῦτό
2226 1747 2342 1799 ἐστι
2369 1745 2431 1799 τὸ
2455 1746 2786 1816 θαυμαστόν.
2815 1747 2906 1801 Διὸ
2928 1748 3022 1801 καὶ
3043 1748 3276 1818 φανῆναι
3297 1747 3358 1801 06
3393 1747 3710 1813 κωλύονται,

2043 1833 2131 1886 ἵνα
2174 1834 2269 1887 καὶ
2318 1832 2461 1887 οὕτω
2514 1833 2717 1904 μᾶλλον
2786 1832 3069 1905 λάμψωσιν
3089 1851 3103 1866 ο
3155 1833 3343 1910 ῶσπερ
3407 1827 3561 1898 οὗτος
3617 1838 3713 1889 καὶ

2044 1920 2278 1991 ἀλλαχοῦ
2339 1920 2517 1993 λέγει·
2567 1921 2691 1976 Ἵνα
2731 1924 2786 1975 οι
2840 1920 3073 1991 δόκιμοι
3122 1922 3367 1992 φανεροὶ
3404 1922 3708 1993 γένωνται.

2042 1990 2265 2062 Τοιοῦτό
2293 2025 2347 2062 τι
2365 1990 2508 2080 ἦνξὸ
2530 2008 2625 2063 καὶ
2661 1990 3004 2080 Γαμαλιῆλος
3039 1990 3245 2078 ἔλεγεν,
3271 2010 3352 2064 ὅτι
3402 1990 3523 2077 Πρὸ
3574 2012 3711 2064 τού-

2042 2113 2161 2149 των
2194 2095 2313 2150 τῶν
2339 2095 2577 2165 ἡμερῶν
2602 2096 2830 2165 ἀνέστη
2859 2095 3104 2163 Θευδᾶς.
3131 2098 3271 2162 Τοὺς
3312 2097 3370 2151 δὲ
3406 2098 3708 2169 σικαρίους,

2041 2184 2091 2236 οἱ
2135 2183 2235 2254 μὲν
2266 2183 2425 2252 γένος
2467 2201 2519 2257 τι
2550 2183 2763 2257 λῃστῶν
2820 2201 2984 2254 φασιν
3008 2185 3206 2250 αὐτοὺς
3242 2182 3406 2249 εἶναι,
3434 2183 3578 2238 οὔτω
3616 2202 3713 2238 κα-

2040 2269 2335 2342 λουμένους
2377 2256 2931 2343 ἀφ”ῶνίὲπεφὲροντο
2979 2272 3170 2342 ξιφῶν,
3207 2272 3374 2327 σικῶν
3399 2272 3711 2345 λεγομένων

2042 2358 2193 2428 παρά
2225 2359 2549 2431 Ῥωμαίοις·
2607 2360 2658 2414 οί
2701 2359 2758 2413 δὲ
2804 2362 2901 2433 τῆς
2946 2362 3076 2431 μιᾶς
3105 2361 3370 2433 αἱρέσεως
3426 2360 3525 2433 τῆς
3578 2361 3709 2433 παρ’

2053 2443 2349 2516 Ἑϐραίοις.

2114 2534 2274 2604 Τρεῖς
2307 2532 2418 2605 γάρ
2444 2535 2551 2604 είνσι
2596 2535 2727 2606 παρ’
2747 2534 2930 2599 αὐτοῖς
2978 2535 3218 2606 αἱρέσεις
3249 2536 3306 2588 αἱ
3345 2536 3580 2605 γενικαὶ,
3606 2538 3711 2591 Φα-

2048 2624 2267 2692 ρισαῖοι,
2297 2621 2661 2687 Σαδδουκαῖοι,
2698 2622 2793 2675 καὶ
2818 2622 3088 2691 Ἐσσηνοὶ,
3110 2624 3161 2675 οί
3214 2623 3303 2676 καὶ
3330 2624 3506 2677 ’Ὀσιοι
3525 2624 3710 2693 λέγον-

2045 2726 2134 2762 ται
2158 2707 2339 2779 (τοῦτο
2373 2708 2482 2778 γάρ
2510 2709 2627 2760 ἐστι
2657 2708 2718 2761 τὸ
2757 2709 3007 2779 Ἐσσηνοὶ
3045 2708 3235 2779 ὄνομα)
3273 2709 3363 2762 διὰ
3388 2712 3448 2763 τὸ
3473 2711 3566 2763 τοῦ
3594 2712 3711 2782 βίου

2044 2798 2238 2867 σεμνόν
2261 2812 2277 2827 ο
2322 2798 2370 2850 οἱ
2414 2796 2568 2850 αὐτοὶ
2594 2795 2649 2848 δὲ
2679 2796 2773 2850 καὶ
2793 2797 3036 2867 Σικάριοι
3066 2796 3155 2848 διὰ
3182 2796 3243 2849 τὸ
3286 2793 3425 2851 εἶναι
3450 2798 3709 2869 ζηλωταί.

2040 2885 2133 2957 Μὴ
2170 2884 2348 2938 τοίνυν
2372 2883 2645 2953 ἀλγῶμεν,
2676 2883 2759 2937 ὅτι
2777 2884 3017 2953 αἱρέσεις
3037 2884 3195 2946 εἰσὶν,
3225 2884 3357 2937 ὅπου
3391 2886 3486 2940 καὶ
3524 2886 3715 2957 ψευδό-

2041 2990 2248 3047 χριστοι
2271 2972 2466 3044 καὶτῷ
2491 2970 2711 3043 Χριστῷ
2736 2970 3020 3026 ἐπιθέσθαι
3048 2973 3321 3043 ἠθέλησαν
3337 2975 3429 3027 καὶ
3458 2976 3564 3048 πρὸ
3591 2977 3715 3031 τού-

2038 3083 2133 3120 του
2163 3066 2255 3120 καὶ
2291 3063 2429 3137 μετὰ
2461 3062 2639 3127 τοῦτο,
2692 3060 2835 3115 ὥστε
2891 3063 3204 3117 συσκιάσαι.
3246 3062 3389 3116 Ἀλλ’
3418 3065 3451 3134 ή
3483 3064 3713 3136 ἀλήθεια

2038 3153 2244 3225 λάμπει
2272 3151 2365 3206 καὶ
2397 3149 2644 3221 διάδηλός
2686 3150 2803 3203 ἐστι
2843 3148 3142 3220 πανταχοῦ.
3172 3149 3344 3204 Τοῦτο
3373 3152 3468 3205 καὶ
3491 3153 3713 3208 ἐπὶτῶν

2040 3238 2333 3311 προφητῶν
2378 3238 2608 3308 γέγονε·
2657 3235 2912 3305 γεγόνασι
2963 3235 3426 3308 ψευδοπροφῆται,
3462 3239 3558 3293 καὶ
3603 3240 3716 3295 ἀπὸ

2042 3328 2385 3399 συγκρίσεως
2412 3324 2612 3397 μᾶλλον
2629 3324 2900 3395 ἔλαμψαν.
2927 3325 3037 3378 Καὶ
3070 3324 3180 3395 γὰρ
3203 3327 3236 3395 ἠ
3259 3327 3415 3389 νόσος
3439 3326 3538 3398 τὴν
3569 3328 3714 3397 ὑγεί-

2040 3434 2107 3471 αν
2121 3414 2361 3486 φανεράν
2385 3413 2646 3477 δείκνυσι,
2668 3412 2843 3466 καὶτὸ
2861 3411 3049 3474 σκότος
3070 3414 3130 3464 τδ
3142 3412 3278 3480 φῶς,
3301 3413 3395 3467 καὶ
3419 3414 3518 3486 τὴν
3539 3416 3713 3487 γαλή..

2039 3512 2137 3576 νην
2179 3505 2209 3558 6
2256 3500 2486 3575 χειμών.
2534 3502 2649 3555 Οὐκ
2700 3500 3022 3566 ενι,είπεῖν
3082 3501 3209 3563 τοὺς
3248 3500 3550 3574 Ἕλληνας,
3628 3503 3713 3557 δτι

2041 3591 2232 3646 πλάνοι
2256 3590 2350 3644 καὶ
2372 3585 2750 3661 γόητεςῆσαν·
2786 3588 2982 3641 ἐκεῖνοι
3012 3586 3122 3659 γὰρ
3144 3587 3505 3660 ἠλέγχθησάν.
3544 3590 3715 3645 Τοῦτο

2041 3681 2137 3737 καὶ
2161 3679 2256 3734 ἐπὶ
2282 3678 2563 3741 Μωῦσέως
2587 3675 2782 3746 γέγονε
2802 3694 2816 3707 ·
2855 3675 3232 3747 συνεχώρησεν
3252 3678 3281 3730 6
3299 3676 3432 3740 Θεὸς
3448 3677 3577 3742 τοὺς
3604 3678 3712 3749 μά-

2039 3785 2193 3839 γους,
2213 3767 2303 3822 ῖνα
2336 3765 2411 3838 μὴ
2443 3764 2615 3837 μάγος
2636 3763 2922 3833 ὑποληφθῇ
2942 3764 3200 3834 Μωῦσῆς·
3217 3764 3400 3818 εῖασεν
3420 3766 3619 3830 αὐτοὺς
3634 3765 3714 3820 δι-

2039 3856 2195 3922 δάξαι
2219 3855 2426 3917 πάντας
2443 3852 2606 3923 μέχρι
2623 3851 2793 3904 πόσου
2809 3852 3013 3921 μαγεία
3026 3850 3448 3923 [549]φαντάσαι
3465 3852 3710 3909 δύναται·

2039 3943 2351 4016 περαιτέρω
2370 3943 2429 3998 δὲ
2456 3942 2558 3995 οὐκ
2584 3940 2897 4011 ἠπάτησαν,
2921 3939 3037 3993 ἀλλ’
3064 3939 3219 3994 αὐτοὶ
3239 3940 3340 4012 τὴν
3374 3936 3544 4013 ἧτταν
3562 3942 3713 4014 ῶμο-

2038 4034 2292 4104 λόγησαν.
2326 4030 2492 4085 Οὐδὲν
2511 4031 2661 4102 ἡμᾶς
2685 4028 3013 4101 βλάπτουσιν
3037 4030 3087 4082 οἱ
3114 4028 3364 4083 ὲπιθέται
3384 4047 3401 4061 ι
3431 4031 3632 4102 μᾶλλον
3652 4030 3712 4085 δὲ

2038 4123 2134 4176 καὶ
2165 4119 2378 4176 ποιοῦσι
2430 4117 2695 4189 βελτίους,
2725 4117 2791 4171 ἀν
2833 4134 2917 4180 τις
2946 4116 3073 4188 θέλῃ
3118 4116 3409 4188 προσέχειν
3441 4117 3532 4170 τὸν
3563 4118 3707 4172 νοῦν.

2038 4208 2105 4261 Τί
2127 4202 2243 4273 οὖν,
2282 4204 2467 4274 φησὶν,
2509 4205 2637 4258 ὅταν
2667 4201 3012 4273 κοινωνῶμεν
3039 4204 3224 4265 αὐτοῖς
3251 4203 3352 4272 τῆς
3393 4199 3552 4272 δόξης
3566 4221 3593 4271 ,ο
3634 4206 3709 4258 06

2039 4296 2170 4365 παρ’
2197 4293 2366 4363 ἡμᾶς,
2391 4290 2526 4344 ἀλλὰ
2541 4288 2691 4359 παρά
2713 4288 2841 4350 τοὺς
2866 4289 2966 4342 οὐκ
2995 4289 3216 4359 ἔχοντας
3237 4290 3436 4360 κρίσιν.
3472 4290 3565 4361 Μὴ
3588 4292 3711 4360 σφό-

2036 4381 2140 4452 δρα
2171 4379 2383 4451 μελέτω
2405 4377 2502 4447 τῆς
2529 4375 2689 4447 δόξης
2717 4376 2849 4445 ἡμῖν
2879 4375 2979 4445 τῆς
3010 4374 3120 4427 τῶν
3146 4374 3380 4442 πολλῶν,
3409 4377 3541 4448 μηδὲ
3568 4379 3709 4449 πέρα

2036 4469 2133 4523 τοῦ
2155 4468 2366 4529 δέοντος
2394 4464 2566 4535 αὐτῆς
2588 4463 2985 4535 φροντίζωμεν.
3014 4456 3133 4535 Θεῷ
3158 4461 3360 4534 ζῶμεν,
3376 4464 3475 4518 οὐκ
3499 4464 3681 4536 ἀνθρώ
3697 4495 3709 4507 -

2038 4574 2194 4621 ποις’
2249 4556 2309 4609 ἐν
2333 4552 2551 4627 οὐρανῷ
2579 4551 2998 4623 πολιτευόμεθα,
3028 4552 3130 4608 οὐκ
3171 4554 3265 4607 ὲπὶ
3300 4553 3400 4623 τῆς
3428 4554 3560 4627 γῆς·
3591 4555 3712 4611 ικεῖ

2035 4642 2105 4695 :6
2128 4638 2359 4712 βραδεῖα
2384 4636 2480 4693 καὶ
2507 4637 2580 4691 :6
2605 4635 2812 4691 ἔπαθλα
2838 4638 3016 4690 κεῖται
3044 4636 3152 4691 τῶν
3184 4637 3466 4710 ἡμετέρων
3496 4637 3674 4692 πόνων
3690 4654 3704 4668 ·

2036 4729 2247 4784 ἐκεῖθεν
2288 4726 2676 4800 προσδοκῶμεν
2712 4725 2841 4790 τοὺς
2872 4726 3151 4792 ἐπαίνους,
3195 4727 3405 4781 ἐκεῖθεν
3428 4728 3555 4792 τοὺς
3582 4742 3708 4781 στε-

2039 4818 2259 4889 φάνους.
2294 4817 2475 4888 Μέχρι
2518 4814 2777 4870 τοσούτου
2809 4815 3182 4886 φροντίζωμεν
3228 4815 3337 4868 τῶν
3381 4814 3705 4888 ἀνθρώπων,

2041 4908 2200 4980 μέχρι
2218 4904 2313 4959 τοῦ
2353 4906 2429 4976 μὴ
2455 4904 2655 4958 διδόναι
2684 4902 2779 4957 καὶ
2799 4902 3060 4973 παρέχειν
3090 4905 3272 4967 αὐτοῖς
3306 4892 3496 4974 λαϐήν.
3527 4907 3622 4958 Ἂν
3650 4905 3708 4959 δὲ

2034 4996 2190 5068 ἡμῶν
2222 4997 2297 5066 μὴ
2348 4991 2693 5064 παρέχοντων
2735 4993 2934 5045 ἐκεῖνοι
2982 4990 3211 5045 θέλωσιν
3241 4990 3428 5055 ἁπλῶς
3457 4991 3554 5046 καὶ
3581 4995 3703 5065 εἰκῇ

2035 5083 2382 5152 κατηγορεῖν,
2399 5079 2670 5151 γελῶμεν,
2700 5079 2777 5150 μὴ
2804 5078 3127 5150 δακρύωμεν
3148 5077 3197 5133 ά.
3234 5079 3307 5133 Σὺ
3331 5079 3548 5149 προνόει
3565 5078 3705 5135 καλά

2034 5170 2267 5227 ἐνώπιον
2312 5167 2521 5239 Κυρίου
2581 5167 2675 5221 καὶ
2716 5166 3050 5239 ἀνθρώπων*
3092 5165 3159 5221 ἂν
3199 5166 3293 5221 σοῦ
3349 5166 3703 5239 προνοοῦντος

2033 5256 2177 5312 καλά
2201 5258 2407 5320 ἐκεῖνος
2431 5253 2681 5327 σκώπτῃ,
2711 5254 2908 5326 μηκέτι
2945 5253 3215 5327 φρόντιζε.
3264 5255 3448 5326 Ἔχεις
3476 5254 3548 5310 τὰ
3574 5255 3705 5310 ὐπο-

2033 5344 2303 5414 δείγματα
2323 5344 2380 5397 ὲν
2400 5343 2521 5407 ταῖς
2539 5342 2804 5416 Γραφαῖς.
2836 5340 3002 5411 Ἀρτι
3050 5341 3157 5415 γὰρ
3199 5341 3552 5412 ἀνθρώπους
3574 5343 3703 5400 πεί-

2036 5436 2135 5496 θω,
2158 5432 2197 5499 ἢ
2240 5431 2348 5485 τὸν
2378 5430 2561 5496 Θεόν;
2599 5430 2767 5500 φησί·
2809 5431 2905 5484 καὶ
2953 5429 3134 5494 πάλιν,
3177 5428 3548 5499 ’Δνθρώπους
3574 5432 3702 5488 πεί-

2034 5523 2236 5590 θομεν,
2266 5517 2389 5584 Θεῷ
2422 5518 2491 5572 δὲ
2515 5519 3001 5588 πεφανερώμεθα.
3049 5516 3159 5570 Καὶ
3183 5518 3211 5570 6
3261 5516 3495 5588 Χριστὸς
3521 5517 3703 5586 οὕτως

2032 5608 2126 5662 ἐπὶ
2153 5607 2262 5662 τῶν
2290 5606 2789 5677 σκανδαλιζομένων
2814 5605 2999 5675 ἔλεγεν
3017 5621 3030 5635 ο
3076 5604 3262 5672 ’Ἄφες
3293 5607 3534 5674 αὐτοὺς,
3552 5610 3700 5678 ,ὀδη.

2031 5697 2126 5764 τοι
2147 5698 2264 5749 είσι
2290 5695 2506 5764 τυφλοί
2539 5693 2812 5763 τυφλῶνο
2859 5694 2954 5746 καὶ
2974 5690 3155 5757 πάλιν,
3189 5694 3335 5749 Οὐαί
3371 5695 3532 5766 ὑμῖν,
3556 5699 3701 5754 ὅταν

2096 5805 2120 5833 ι·
2148 5801 2202 5851 In
2222 5800 2511 5866 quibusdam
2530 5800 2576 5849 τί
2598 5799 2687 5866 γᾴρ
2708 5816 2849 5866 φησιν
2866 5799 3030 5853 deest.
3072 5798 3099 5840 ιι
3120 5800 3200 5852 Sic
3221 5814 3361 5866 ωσι,
3382 5811 3540 5856 recte.
3565 5807 3699 5860 Eam

2036 5874 2176 5925 vero,
2204 5862 2353 5923 uiale,
2378 5864 2606 5926 γελῶμεν,
2632 5862 2925 5926 δακρύωμεν.
