4086 6164
412 223 517 279 325

406 336 606 403 καλῶς
628 335 784 405 ὑμᾶς
802 337 1056 391 ειπωσιν
1079 334 1298 403 πάντες
1327 341 1380 392 οι
1412 340 1706 408 ἄνθρωποι
1737 354 1762 381 ι
1789 359 1801 373 ·
1839 344 1934 396 καὶ
1964 342 2067 396 πά-

406 422 507 477 λιν·
550 422 849 494 Δαμψάτω
871 423 941 477 τὰ
963 422 1108 492 ἔργα
1134 425 1323 493 ὑμῶν,
1354 426 1514 493 ὅπως
1540 428 1747 482 ιδωσιν
1772 432 1827 483 οἱ
1853 429 2071 499 ἅνθρω-

404 526 527 575 ποι,
580 511 677 564 καί
716 509 1023 574 δοξάσωσι
1066 511 1173 565 τὸν
1220 514 1454 582 Πατέρα
1495 517 1662 585 ὑμῶν
1710 516 1815 571 τὸν
1848 518 1918 571 ἐν
1950 518 2072 585 τοῖς

404 600 697 668 οὐρανοῖς.
741 600 804 652 El
832 600 887 652 δέ
916 600 1148 671 ἀλλαχοῦ
1181 602 1362 672 λέγει·
1424 607 1526 671 Ὃς
1551 607 1660 660 ἐὰν
1683 609 2068 678 σκανδαλίσῃ

402 685 512 739 ἕνα
540 685 655 738 τῶν
668 685 896 754 μικρῶν
924 689 1168 755 τούτων,
1202 691 1491 760 συμφέρει
1518 693 1678 759 αὐτῷ
1718 695 1819 747 ἵνα
1868 713 2071 765 κρεμα-

401 772 524 841 σθῇ
568 775 761 839 μύλος
810 776 1012 841 ὀνικὸς
1055 776 1188 845 περί
1234 779 1342 831 τὸν
1391 779 1695 848 τράχηλον
1729 783 1935 849 αὑτοῦ,
1970 784 2067 837 καί

401 862 847 931 καταποντισθῇ
884 864 955 916 ἐν
1002 862 1080 929 τῷ
1124 866 1368 936 πελάγει
1424 868 1534 935 τῆς
1587 867 1936 937 θαλάσσης·
1993 872 2067 941 μὴ

403 947 687 1021 θαυμάσῃς
706 966 719 978 ·
755 950 815 1002 ού
849 952 956 1022 γάρ
980 952 1096 1005 ἐστι
1127 952 1301 1006 ταῦτα
1328 954 1544 1008 ἐναντία
1569 955 1624 1018 δ,
1649 955 1784 1009 ἀλλά
1815 957 1908 1009 καὶ
1936 957 2070 1026 σφό-

399 1032 505 1104 δρα
528 1036 837 1104 συνᾴδοντα.
872 1037 1042 1090 Ὅταν
1071 1038 1171 1108 μὲν
1208 1038 1317 1110 γὰρ
1348 1042 1478 1110 παρ’
1505 1043 1651 1113 ἡμᾶς
1673 1042 1917 1112 γένηται,
1947 1043 2068 1095 οιΰαί⁸

401 1122 559 1191 ἡμῖν·
600 1123 727 1176 ὅταν
752 1123 808 1176 δὲ
836 1124 911 1195 μὴ
944 1127 1073 1196 παρ’
1098 1128 1267 1196 ἡμᾶς,
1292 1128 1495 1183 οὐκέτι.
1547 1130 1655 1181 Kal
1687 1131 1879 1184 πάλιν·
1924 1131 2065 1185 Οὐαὶ

398 1206 561 1275 ὑμῖν,
611 1208 684 1260 δι’
714 1209 821 1275 οὒς
867 1210 933 1263 τὸ
988 1210 1176 1281 ὄνομα
1240 1214 1347 1267 τοῦ
1397 1215 1544 1268 Θεοῦ
1602 1216 2063 1285 βλασφημεῖται.

400 1293 465 1346 Τί
495 1288 605 1359 οῦν,
629 1294 693 1348 ἂν
721 1296 830 1363 ἐγὼ
857 1297 956 1366 μὲν
979 1299 1116 1351 ποιῶ
1132 1316 1184 1351 τι
1213 1300 1320 1352 τῶν
1340 1300 1586 1364 δεόντων,
1620 1302 1806 1372 ἕτερος
1825 1303 1879 1355 δὲ
1902 1303 2070 1372 βλασ-

404 1384 598 1450 φημῇς
653 1382 817 1435 Οὐδὲν
850 1384 982 1454 πρὸς
1018 1385 1077 1437 σέ
1099 1426 1113 1449 ,
1148 1386 1286 1438 ἀλλά
1320 1387 1455 1458 πρὸς
1500 1388 1734 1442 ἐκεῖνον·
1767 1389 1834 1442 δι’
1857 1390 2067 1444 ἐκείνου

398 1466 507 1539 γὰρ
536 1468 948 1541 ἐϐλασφημήθη.
980 1473 1087 1525 Kal
1113 1473 1230 1537 πῶς
1262 1474 1338 1528 ένι
1370 1475 1572 1545 πρᾶξαί
1592 1493 1645 1528 τι
1682 1475 1790 1529 τῶν
1814 1477 2062 1543 δεόντων,

400 1556 493 1608 καὶ
520 1556 700 1609 δοῦναι
730 1560 839 1619 τοῖς
861 1558 1041 1622 ἄλλοις
1064 1559 1269 1627 λαϐήν;
1312 1561 1481 1615 Πόθεν
1506 1562 1783 1632 βούλεσθε,
1820 1564 1927 1617 ἀπὸ
1960 1564 2065 1617 τῶν

399 1640 494 1695 νῦν
525 1642 712 1703 όντων,
752 1644 784 1715 ἢ
819 1644 926 1697 ἀπὸ
970 1645 1078 1698 τῶν
1114 1646 1360 1701 παλαιῶν
1389 1647 1457 1701 τά
1491 1649 1910 1720 παραδείγματα
1939 1652 2067 1720 ὑμῖν

397 1728 617 1795 ἀγάγω;
651 1730 767 1782 Ἵνα
793 1730 865 1800 μὴ
888 1730 1164 1799 ψοφοδεεῖς
1190 1728 1358 1804 ὦμεν,
1386 1735 1639 1805 βούλεσθε
1664 1737 1793 1789 αὐτὸ
1822 1737 1886 1807 δὴ
1910 1737 2068 1791 τοῦτο

394 1814 455 1868 τ’)
491 1815 585 1867 νῦν
640 1818 773 1885 μετά
806 1819 992 1887 χεῖρας
1031 1818 1306 1891 εῖπωμεν;
1342 1822 1628 1887 Ἰουδάῖζεν
1683 1825 1711 1876 ό
1746 1823 1955 1887 Παῦλος
2009 1826 2066 1879 ἐν

409 1903 817 1973 Ἰεροσολύμοις,
864 1905 978 1957 ἀλλ’
1006 1909 1062 1959 ἐν
1091 1908 1390 1979 Ἀντιοχείᾳ
1422 1910 1521 1962 οὐκ
1551 1909 1660 1962 ἐτι·
1702 1912 1933 1976 ίουδάῖζε
1974 1914 2067 1966 καὶ

395 1991 853 2056 ἐσκανδαλίζοντο,
888 1993 1001 2045 ἀλλ’
1035 1994 1094 2046 οὐ
1130 1994 1352 2057 δικαίως
1378 1996 1823 2061 ἐσκανδαλίζοντο
1845 1999 2062 2053 ἐκεῖνοι.

393 2075 627 2144 Λέγεται
652 2079 903 2150 Νέρωνος
934 2082 1027 2133 καὶ
1056 2082 1293 2152 οἰνοχόον
1318 2082 1412 2136 καὶ
1445 2083 1749 2138 παλλακίδα
1778 2085 2026 2140 ἀσπάσαι
2050 2103 2063 2118 ·

395 2163 535 2217 πόσα
566 2164 743 2218 οἴεσθε
778 2168 900 2220 κατ’
944 2168 1109 2221 αὑτοῦ
1162 2169 1440 2239 εἰρηκέναι
1477 2170 1676 2234 αὐτοὺς
1726 2171 1816 2225 διά
1871 2173 2062 2241 τοῦτο;

394 2250 537 2302 Ἀλλ’
566 2253 625 2304 οὐ
659 2253 903 2317 δικαίως.
937 2256 998 2307 Εἰ
1034 2256 1133 2325 μὲν
1158 2256 1265 2325 γάρ
1292 2257 1387 2310 ἐπὶ
1409 2258 1665 2329 ἀσελγείᾳ
1700 2259 2005 2328 ἠσπάσατο,
2029 2261 2063 2331 ἢ

394 2336 485 2387 ἐπὶ
513 2340 773 2409 πονηροῖς
801 2339 1145 2410 πράγμασιν,
1180 2342 1434 2405 εἰκότως·
1469 2344 1518 2395 εἰ
1552 2343 1608 2397 δέ
1646 2344 1739 2396 ἐπὶ
1778 2344 1877 2415 βίῳ
1896 2345 2062 2416 ὀρθῷ,

392 2421 533 2485 τίνος
562 2422 774 2488 ἐνεκενς
836 2427 985 2478 Είπω
1009 2444 1059 2479 τι
1094 2428 1186 2480 καί
1220 2446 1325 2482 τινι
1353 2429 1462 2483 τῶν
1489 2431 1613 2501 ἐμοὶ
1651 2432 1897 2503 συνήθων
1928 2450 2067 2504 συμ-

393 2512 517 2566 ϐάν.
548 2512 849 2568 Ἑπέπεσεν
902 2516 1038 2585 ὀργή
1077 2533 1205 2569 ποτε
1242 2516 1335 2570 τοῦ
1370 2517 1530 2585 Θεοῦ,
1577 2521 1669 2573 καὶ
1706 2520 1910 2593 σφόδρα
1946 2521 2065 2586 νέος

393 2600 467 2655 ὢν
512 2602 738 2667 ἐκεῖνος,
779 2602 873 2655 καλ¹
928 2605 985 2656 ἐν
1023 2607 1087 2674 τῇ
1130 2604 1223 2657 τοῦ
1274 2605 1519 2659 διακόνου
1568 2607 1717 2673 τάξει
1757 2609 2060 2680 τυγχάνων,

392 2687 515 2739 ἐπεὶ
548 2686 669 2740 τότε
690 2690 718 2741 ό
742 2688 1036 2753 ἐπίσκοπος
1066 2690 1253 2761 ἔτυχεν
1275 2692 1429 2746 ἀπὼν
1458 2695 1579 2748 κατ’
1604 2696 1807 2749 ἐκεῖνον
1830 2696 1919 2749 τὸν
1944 2713 2066 2751 και-

395 2774 505 2844 ρὸν,
534 2776 626 2827 καὶ
651 2774 756 2827 τῶν
781 2776 1163 2849 πρεσϐυτέρων
1186 2779 1359 2843 οὐδεὶς
1381 2782 1717 2853 ἐφρόντιζεν,
1738 2783 1852 2837 ἀλλ’
1876 2784 2063 2850 ἁπλῶς

389 2860 652 2931 ἐποίησαν
706 2861 1040 2933 φωτισθῆναι
1098 2864 1293 2936 ἀθρόον
1346 2867 1404 2919 ἐν
1439 2870 1536 2939 μιᾷ
1586 2870 1739 2922 νυκτί
1797 2871 2062 2942 μυριάδας

391 2946 612 3010 πολλὰς,
657 2948 751 3001 καὶ
808 2948 993 3011 ἁπλῶς
1029 2951 1382 3015 ἐϐαπτίζοντο
1413 2954 1615 3019 πάντες
1643 2954 1794 3010 οὐδὲν
1831 2959 2057 3021 είδότες·

390 3031 609 3096 τούτους
641 3035 847 3097 ἐκεῖνος
864 3034 1043 3087 λαϐὼν
1074 3038 1191 3090 κατ’
1225 3038 1358 3091 ἰδίαν
1381 3039 1516 3109 ὁμοῦ
1535 3042 1729 3095 ἑκατὸν
1765 3044 1859 3096 καὶ
1883 3044 2063 3097 διακο-

393 3120 561 3183 σίους,
589 3119 876 3187 διελέγετο,
903 3120 1029 3175 ἀλλο
1062 3122 1157 3191 μὲν
1176 3122 1328 3194 [350]
1354 3125 1527 3191 οὐδὲν,
1555 3126 1622 3180 τά
1640 3127 1697 3180 δέ
1716 3128 1822 3181 τῶν
1850 3146 2060 3201 μυστη-

393 3205 523 3275 ρίων
555 3206 712 3275 μόνον
740 3206 815 3268 ώς
842 3207 976 3276 μηδέ
1002 3209 1111 3272 τοῖς
1134 3210 1435 3281 ἀμυνήτοις
1460 3217 1764 3285 συγχωρεῖν
1788 3219 2058 3287 παρεῖναι.

391 3291 562 3346 Τοῦτο
620 3292 785 3346 αὐτὸν
823 3293 1078 3348 ποιοῦντα
1131 3296 1391 3367 ἐνόμισαν
1436 3299 1621 3353 πολλοὶ
1668 3302 1769 3372 τῆς
1804 3313 1827 3341 ο
1886 3304 2061 3375 ἀρχῆς

391 3378 599 3448 ἐρῶντα
645 3378 801 3432 τοῦτο
832 3382 1024 3433 ποιεῖν.
1068 3380 1210 3435 Ἀλλ’
1243 3384 1345 3436 οὐκ
1379 3385 1696 3454 ἐφρόντισεν
1724 3388 1929 3452 ἐκεῖνος
1952 3390 2061 3444 τῶν

389 3465 732 3534 νομιζόντων·
764 3466 863 3519 ούκ
888 3467 1117 3531 ἐξέτεινε
1144 3469 1326 3539 μέντοι
1356 3471 1450 3524 ἐπὶ
1480 3472 1670 3543 χρόνον
1702 3474 1764 3527 τὸ
1797 3477 2054 3547 πρᾶγμα,

392 3550 506 3602 ἀλλ’
536 3551 737 3615 εὐθέως
776 3553 1072 3608 ἐπαύσατο.
1112 3555 1178 3607 Τί
1227 3551 1354 3623 οὗν;
1407 3558 1615 3624 ἐκεῖνος
1642 3560 1735 3614 τοῦ
1761 3563 2058 3617 σκανδάλου

391 3639 598 3705 αῖτιος;
643 3640 756 3693 Οὐκ
781 3640 957 3709 ἔγωγε
988 3637 1160 3711 οἴμαι.
1192 3642 1256 3697 Εἰ
1289 3643 1387 3714 μὲν
1416 3646 1523 3719 7&9
1544 3647 1645 3701 ούκ
1690 3648 1856 3719 οὔσης
1881 3651 2059 3713 αἰτίας

390 3722 549 3776 τοῦτο
574 3724 768 3788 ἐποίει,
800 3726 1023 3790 εἰκότως
1049 3728 1242 3799 ἐκείνῳ
1273 3730 1375 3801 τὴν
1405 3732 1583 3787 αἰτίαν
1606 3735 1941 3805 ἐπέγραφον,
1963 3738 2057 3791 καὶ

389 3810 439 3862 ει
470 3808 636 3862 πάλιν
656 3810 1010 3877 ἐπεξέτεινεν.
1047 3813 1215 3868 Ὅταν
1237 3816 1346 3888 7&9
1375 3816 1484 3871 τῶν
1498 3817 1576 3888 τῷ
1614 3819 1734 3891 Θεῷ
1760 3820 2058 3876 δοκούντων

391 3893 670 3966 κωλύηται
702 3895 790 3949 διὰ
844 3896 907 3950 τὸ
954 3899 1142 3970 ἐτέρου
1182 3902 1502 3971 σκάνδαλον,
1535 3908 1897 3976 καταφρονεῖν
1942 3908 2055 3960 δεῖ·

388 3981 509 4034 τότε
534 3982 591 4034 δὲ
618 3982 941 4054 φροντίζειν,
968 3987 1097 4040 ὅταν
1121 3987 1286 4057 μηδὲν
1305 3990 1739 4061 ἀναγκαζώμεθα
1757 3991 1823 4044 δι’
1852 3993 2057 4047 ἐκεῖνον

451 4116 476 4145 ⁸
501 4116 685 4187 νεεοε,
708 4123 789 4170 καί
812 4122 1011 4172 πάλιν...
1038 4124 1291 4187 ἄνθρωποι,
1313 4122 1492 4187 quibus
1514 4132 1684 4187 carent
1706 4126 1845 4185 editi,
1867 4139 1929 4176 ex
1962 4129 2053 4176 tri~

387 4177 479 4247 {ms
516 4177 881 4247 wgdffecepla
902 4192 1034 4234 sunt.
1063 4177 1198 4235 Ειίιτ.
1267 4177 1293 4229 Β
1319 4177 1452 4235 Unus
1476 4186 1605 4247 ood.,
1650 4177 1911 4247 Quidnam.
1941 4190 2047 4238 Οὐκ

1257 220 1313 275 S.
1346 220 1628 278 JOANNIS
1656 218 2141 279 CHRYSOSTOMI
2172 217 2491 275 ARCIIIEP.
2532 216 3076 275 CONSTANTINOP.

3742 224 3849 279 326

2175 337 2535 409 προσκρούειν
2560 337 2679 408 Θεῷ
2698 355 2710 369 ·
2737 339 2881 403 ἐπεὶ,
2915 338 3037 392 εἰπέ
3073 354 3187 409 μοι,
3220 337 3287 392 ἂν
3313 338 3519 409 μεταξὺ
3542 339 3855 415 διαλεγομέ-

2174 444 2281 479 νων
2304 421 2459 496 ἡμῶν
2493 425 2582 477 καὶ
2611 426 2735 487 τοὺς
2770 426 3067 495 μεθύοντας
3098 427 3461 481 σκωπτόντων
3490 429 3854 502 σκανδαλίζη-

2172 512 2263 565 ταί
2291 528 2396 574 τις,
2425 510 2535 579 ἐγὼ
2568 511 2863 581 παύσωμαι
2892 512 3106 581 λέγων;
3160 515 3427 567 Ἄκουσον
3464 514 3560 567 τοῦ
3613 518 3851 589 Χριστοῦ

2170 599 2454 667 λέγοντος·
2508 598 2604 668 Μὴ
2650 600 2747 652 καὶ
2796 600 2966 669 ὑμεῖς
3018 602 3327 664 βούλεσθε
3378 601 3677 672 ibam-scr;
3742 606 3850 659 Οὗ-

2168 703 2277 748 τως
2335 684 2457 737 οὔτε
2488 688 2850 754 καταφρονεῖν
2884 686 3007 739 οὔτε
3044 688 3247 755 σφόδρα
3306 690 3703 745 ἀντιποιεῖσθαι
3748 693 3851 757 τῆς

2168 772 2277 825 τῶν
2320 773 2527 825 πολλῶν
2555 772 2838 837 ἀσθενείας
2869 775 2996 845 χρή.
3049 776 3118 827 Ἢ
3152 776 3251 846 ούχ
3299 777 3518 849 ὁρῶμεν
3573 779 3667 833 καὶ
3719 782 3849 844 τοὺς

2172 861 2389 931 ἰατροὺς
2423 860 2581 914 τοῦτο
2632 860 2940 925 ποιοῦντας,
2980 864 3098 928 καὶ,
3142 864 3269 918 ὅταν
3310 865 3409 935 μὲν
3453 868 3697 938 ἐγχωρῇ,
3749 885 3850 938 χα-

2173 948 2484 1017 ριζομένους
2520 951 2633 1011 τοῖς
2672 948 2995 1018 κάμνουσιν.
3033 949 3163 1002 ὅταν
3193 951 3248 1003 δέ
3286 951 3505 1023 ὴχάρις
3541 954 3575 1024 ἡ
3622 955 3851 1010 ἐκείνων

2170 1034 2373 1104 βλάϐην
2402 1033 2723 1105 ἐργάζηται,
2758 1034 2962 1089 οὐκέτι
3012 1036 3398 1108 φειδομένους;
3457 1040 3739 1109 Πανταχοῦ
3787 1043 3851 1095 τὸ

2172 1120 2370 1190 μέτρον
2405 1122 2572 1191 τιμᾷν
2612 1120 2776 1174 καλόν
2804 1120 2851 1175 ά.

2252 1208 2715 1279 Ἐϐλασφήμησαν
2770 1209 2960 1262 πολλοί
3018 1211 3379 1281 κατηχήσεως
3431 1211 3616 1265 ἕνεκεν
3674 1212 3848 1284 κόρης

2167 1295 2309 1358 τινὸς
2336 1294 2613 1365 εὐμόρφου
2636 1296 2907 1367 παρθένου
2939 1297 3222 1368 μεινάσης,
3248 1298 3559 1367 παρέϐαλον
3578 1300 3715 1369 πρὸς
3734 1301 3838 1353 αύ-

2166 1382 2286 1453 τὴν,
2306 1384 2400 1435 καὶ
2422 1385 2548 1445 τοὺς
2569 1382 2947 1453 κατηχοῦντας
2976 1384 3345 1454 ἐλοιδόρησαν.
3375 1385 3439 1437 Τί
3461 1380 3585 1449 οῦν;
3608 1387 3846 1457 ἀποστῆ-

2167 1485 2254 1521 ναι
2285 1468 2525 1531 ἐκείνους
2554 1469 2659 1521 ἔδει
2681 1470 2767 1522 διά
2794 1469 2984 1537 τοῦτο;
3008 1470 3273 1539 Οὐδαμῶς
3294 1486 3308 1501 ·
3340 1471 3492 1524 οὐδὲν
3518 1471 3627 1542 γὰρ
3651 1473 3843 1541 εἰργά-

2168 1554 2322 1617 ζοντο
2356 1556 2616 1615 ἐναντίον,
2649 1556 2785 1609 ἀλλά
2824 1557 2917 1608 καὶ
2959 1556 3163 1627 σφόδρα
3196 1556 3388 1610 δοκοῦν
3434 1560 3668 1629 πρᾶγμα
3698 1560 3839 1629 Θεῷ.

2167 1642 2259 1709 Μὴ
2287 1641 2488 1704 τοίνυν,
2522 1643 2570 1693 εξ
2608 1642 3050 1706 σκανδαλίζονταί
3073 1659 3238 1707 τινες,
3274 1642 3497 1713 ἴδωμεν,
3536 1644 3652 1698 ἀλλ’
3684 1647 3733 1697 εἰ
3763 1645 3841 1697 δι-

2167 1729 2355 1791 καίως,
2384 1730 2479 1781 καὶ
2506 1731 2553 1781 εἰ
2587 1728 2662 1799 μὴ
2694 1728 2831 1799 μετὰ
2861 1730 2956 1797 τῆς
2981 1730 3256 1799 ἡμετέρας
3284 1729 3507 1800 βλάϐης.
3534 1734 3604 1785 Εἰ
3626 1731 3842 1800 ,βρῶμα

2166 1814 2582 1879 σκανδαλίζει,
2615 1817 2769 1885 φησί,
2801 1817 2908 1869 τὸν
2945 1817 3213 1885 ἀδελφόν
3245 1835 3387 1886 μου,
3419 1819 3492 1871 οὐ
3530 1818 3619 1886 μὴ
3669 1818 3841 1888 φάτω

2166 1902 2309 1970 κρέα
2334 1906 2421 1970 εὶς
2446 1904 2554 1957 τὸν
2576 1902 2781 1957 αἰῶνα.
2813 1904 3070 1967 Εἰκότως·
3098 1905 3247 1958 οὐδὲν
3273 1905 3381 1974 γὰρ
3407 1904 3643 1958 εϐλαπτε
3667 1906 3731 1958 τὸ
3755 1907 3839 1977 μὴ

2167 1992 2392 2059 φαγεῖν·
2448 1992 2497 2043 εἰ
2552 1990 2733 2061 μέντοι
2790 1990 3133 2054 σκανδαλίζει
3181 1992 3375 2054 αὐτὸν,
3426 1991 3507 2047 ὅτι
3567 1992 3838 2061 βούλομαι

2164 2077 2558 2144 ἀποτάξασθαι,
2591 2079 2690 2130 ούκ
2735 2077 2816 2131 ἔτι
2860 2079 3166 2148 φροντίζειν
3202 2078 3299 2131 δεῖ.
3344 2079 3455 2133 Kal
3486 2079 3640 2145 τίνα,
3672 2079 3833 2149 φησὶ,

2164 2162 2323 2216 τοῦτο
2355 2164 2732 2228 σκανδαλίζεις
2771 2164 3038 2231 Πολλοὺς,
3072 2165 3245 2234 ἔγωγε
3279 2160 3417 2219 οῖδα.
3447 2166 3615 2219 ’Ὀταν
3652 2166 3843 2219 τοίνυν

2164 2249 2456 2320 ἀδιάφορον
2570 2250 2629 2303 τὸ
2676 2250 2935 2321 κώλυμα,
2976 2251 3231 2319 γινέσθω·
3278 2253 3424 2315 ἐπεὶ,
3458 2253 3506 2305 εἰ
3549 2252 3841 2323 μέλλοιμεν

2164 2336 2302 2407 πρὸς
2347 2336 2505 2389 τοῦτο
2558 2337 2718 2407 μόνον
2770 2339 2932 2409 όρᾷν,
2984 2339 3195 2392 πολλῶν
3246 2338 3444 2410 ἔχομεν
3492 2339 3833 2409 ἀποστῆναι·

2164 2422 2354 2494 ὥσπερ
2386 2421 2481 2477 οῦν
2514 2425 2609 2477 καὶ
2645 2424 2976 2489 τούναντίον,
3017 2426 3066 2477 εί
3105 2425 3397 2497 μέλλοιμεν
3438 2430 3835 2497 καταφρονεῖν,

2164 2509 2395 2573 πολλοὺς
2423 2510 2737 2563 ἀπολλύναι·
2769 2512 2890 2565 ἐπεὶ
2917 2512 3011 2565 καὶ
3044 2511 3253 2573 Παῦλος
3285 2513 3582 2583 προενόησε
3608 2512 3839 2566 σκανδά-

2163 2598 2276 2652 λου·
2295 2599 2544 2666 καὶπῶς,
2568 2599 2751 2653 ἀκουε-
2778 2599 2903 2653 Ἵνα
2921 2598 3007 2669 μὴ
3037 2598 3109 2668 τῇ
3135 2600 3431 2668 ἁδρότητι.
3470 2599 3626 2669 φησὶ,
3648 2602 3836 2669 ταύτῃ

2162 2687 2239 2756 τῇ
2266 2686 2702 2756 διακονουμένῃ
2732 2688 2831 2755 ὑφ’
2861 2686 3048 2757 ἡμῶν·
3076 2688 3227 2740 οὐδὲν
3256 2688 3366 2759 γὰρ
3395 2686 3632 2741 ἔϐλαπτε
3657 2687 3717 2741 τὸ
3739 2686 3838 2757 τὴν

2164 2774 2419 2830 ὑπόνοιαν
2478 2773 2699 2838 ἐξελεῖν.
2749 2774 2918 2827 Ὅταν
2967 2774 3023 2828 δέ
3069 2776 3149 2837 εἰς
3196 2773 3454 2845 τοιαύτην
3503 2773 3838 2845 ἐμπέσωμεν

2163 2861 2446 2932 ἀνάγκην,
2484 2862 2624 2915 ὥστε
2670 2861 2881 2930 μεγάλα
2924 2860 3179 2931 γενέσθαι
3226 2862 3372 2914 κακά
3404 2861 3493 2915 διά
3536 2860 3599 2914 τὸ
3644 2860 3835 2932 ἐτέρου

2163 2947 2488 3008 σκάνδαλον,
2537 2948 2970 3018 καταφρονῶμεν
3013 2946 3246 3002 ἐκείνου.
3295 2948 3536 3010 Ἐκεῖνος
3582 2947 3683 3018 μὲν
3725 2947 3838 3019 γὰρ

2160 3032 2340 3104 ἐαυτῷ
2370 3033 2561 3098 αἴτιος,
2594 3035 2757 3104 ἡμεῖς
2788 3033 2844 3086 δὲ
2873 3033 2969 3087 ούκ
3000 3034 3080 3087 ἐτι
3108 3032 3434 3087 ὑπεύθυνοι·
3469 3034 3531 3087 ού
3566 3032 3673 3105 γάρ
3705 3034 3837 3103 ἐνῆν

2159 3120 2414 3185 ἀϐλαϐῶς
2447 3119 2614 3174 αὑτοῦ
2658 3120 2974 3189 φείσασθαι.
3041 3120 3569 3191 Ἐσκανδαλίσθησαν
3624 3121 3833 3185 πολλοὶ,

2159 3208 2241 3259 ὅτι
2274 3208 2352 3270 εἰς
2394 3206 2517 3277 ἰερά
2544 3207 2862 3260 κατέκειντό
2891 3224 3037 3270 τινες
3082 3206 3505 3279 πιστοὶ,’ἐπειδὴ
3534 3218 3558 3247 ο
3596 3208 3696 3261 οὐκ
3726 3208 3835 3263 ἔδει

2159 3294 2551 3347 κατακεῖσθαι·
2600 3293 2739 3347 ἀλλά
2781 3294 2998 3359 κακῶς·
3055 3295 3283 3364 οὐδεμία
3334 3293 3444 3367 γάρ
3495 3294 3603 3349 ἀπὸ
3640 3296 3835 3349 τούτου

2162 3381 2355 3451 βλάϐη.
2404 3381 2899 3446 Ἐσκανδαλίζοντο,
2934 3382 3017 3435 ὅτι
3046 3381 3203 3452 ἧσθιε
3245 3381 3383 3453 μετά
3408 3381 3516 3435 τῶν
3542 3381 3773 3435 ἐθνικῶν
3804 3384 3835 3435 ό

2160 3467 2384 3537 Πέτρος·
2428 3465 2544 3519 ἀλλ’
2578 3466 2785 3529 ἐκεῖνος
2812 3466 2914 3537 μὲν
2957 3466 3242 3536 ἐφείσατο,
3278 3466 3442 3530 αὐτὸς
3482 3465 3539 3520 δέ
3582 3467 3683 3520 οὐκ
3726 3467 3829 3520 έτι.

2158 3551 2439 3623 Πανταχοῦ
2466 3552 2731 3623 προσήκει
2766 3553 2915 3624 ἡμᾶς
2946 3555 3058 3616 τοῖς
3084 3551 3178 3606 τοῦ
3205 3552 3342 3606 θεοῦ
3370 3552 3560 3623 νόμοις
3592 3568 3836 3606 κατακο-

2156 3637 2501 3701 λουθοῦντας,
2540 3637 2740 3709 πολλὴν
2774 3638 3015 3710 σπουδὴν
3042 3638 3349 3698 ποιεῖσθαι,
3380 3637 3522 3691 ὥστε
3557 3639 3835 3710 μηδεμίαν

2156 3724 2415 3797 ἀφορμὴν
2446 3724 2709 3796 παρέχειν
2744 3725 3042 3780 σκανδάλου
3063 3763 3078 3788 ,
3110 3724 3198 3779 ἵνα
3225 3726 3319 3779 καὶ
3346 3725 3502 3779 αὐτοὶ
3544 3725 3831 3779 ἀνεύθυνοι

2155 3804 2326 3882 ὦμεν,
2351 3813 2445 3865 καὶ
2469 3813 2566 3882 τῆς
2591 3812 2743 3883 παρά
2770 3812 2863 3866 τοῦ
2888 3810 3023 3865 Θεοῦ
3047 3811 3455 3883 φιλανθρωπίας
3480 3812 3827 3882 ἀξιωθῶμεν,

2155 3898 2336 3970 χάριτι
2366 3900 2459 3951 καὶ
2494 3898 2875 3970 φιλανθρωπίᾳ
2902 3899 2996 3951 τοῦ
3021 3897 3360 3967 Μονογενοῦς
3392 3897 3581 3962 αὑτοῦ,
3614 3896 3734 3966 μεθ’
3763 3888 3826 3949 οὗ

2154 3985 2232 4056 τῷ
2259 3986 2455 4057 Πατρὶ,
2480 3985 2597 4055 ἃμα
2625 3984 2703 4055 τῷ
2730 3985 2869 4055 ἀγίῳ
2902 3984 3182 4055 Πνεύματι
3206 3983 3360 4048 δόξα,
3394 3984 3595 4055 κράτος
3614 4020 3632 4045 ,
3662 3983 3822 4052 τιμὴ,

2154 4070 2249 4126 νῦν
2274 4073 2367 4125 καὶ
2396 4072 2502 4136 ἀεὶ,
2531 4070 2625 4124 καὶ
2654 4074 2732 4134 εἰς
2757 4072 2883 4132 τοὺς
2911 4071 3109 4134 αἰῶνας
3136 4070 3244 4124 τῶν
3275 4071 3507 4125 αἰώνων.
3553 4070 3751 4141 ’Δμηι

2209 4190 2238 4229 ά
2282 4191 2419 4240 Unus
2459 4191 2588 4250 cod.,
2628 4193 2795 4253 μέτρον
2838 4191 3008 4239 εἰδέναι
3048 4192 3212 4239 καλόν.
3284 4202 3308 4231 ο
3348 4190 3542 4248 Ἐπειδή
3584 4189 3732 4239 deest
3773 4189 3824 4237 in

388 4240 488 4289 ἐστι
508 4241 659 4292 ταῦτα
676 4240 879 4293 ἐναντία.
911 4249 933 4276 °
956 4248 1308 4309 Λιίἱ,παρεῖναι.
1326 4247 1577 4310 Ἐνόμισαν
1594 4240 1739 4297 αὐτὸν
1759 4240 1926 4298 πολλοί
1944 4257 2045 4309 τῆς.
2144 4251 2275 4301 aliis.

1819 4433 1969 4507 [εει]
2001 4432 2245 4490 οΜιΑιΑ
2277 4436 2410 4490 MZ'.
2515 4434 2518 4438 '

388 4515 535 4599 Εἶὲε
578 4519 646 4573 δὲ
662 4524 717 4599 ’ό
760 4520 1021 4599 Ιζαῦέος·
1065 4522 1208 4599 ξΕγώ
1248 4526 1371 4599 εἰμι
1396 4525 1704 4599 ἅνθρωπος
1748 4525 2044 4599 Ἰουδαῖος,

464 4590 723 4662 Ταρσεύς
748 4590 1170 4662 τῆς-ιςιλικίας,
1199 4590 1312 4645 οὐκ
1341 4590 1583 4662 ἀσήμου
1612 4590 1841 4661 πόλεως
1874 4590 2047 4649 πολίὲ

457 4675 594 4726 της·
625 4658 828 4727 δέομαι
853 4659 919 4712 δέ
945 4675 1082 4722 σου,
1114 4662 1439 4730 ἐπίτρεψόν
1453 4658 1561 4730 ’μοι
1594 4658 1861 4730 λαλῆσαι
1898 4665 2049 4731 πρὸς

457 4729 565 4781 τὸν
612 4731 784 4783 λαόν.
838 4726 1302 4786 Ἐπιτρέιέιιιντος
1357 4730 1424 4783 δὲ
1468 4733 1674 4786 αὑτοῦ.
1730 4736 1762 4786 ό
1808 4734 2048 4786 Παῦλος

457 4746 565 4781 τον
612 4746 784 4783 παον.
842 4746 1302 4795 ιπιτρεψιιντος
1357 4746 1424 4783 οε
1468 4746 1674 4793 αυτου,
1730 4746 1762 4786 ο
1808 4746 2048 4800 ιιαυλος

454 4797 646 4870 ἑστὼς
677 4797 775 4849 ἐπὶ
798 4795 915 4870 τῶν
942 4798 1298 4870 ἀναϐαθμῶν
1326 4800 1639 4855 κατέσεισε
1668 4801 1742 4870 τῇ
1765 4804 1909 4870 χειρὶ
1943 4804 2050 4855 τὸν

455 4868 626 4941 λαόξρ
646 4865 899 4941 -Ποτέλῆς
930 4865 1204 4941 δὲμσιγῆς
1234 4870 1577 4941 γενομένης,
1611 4865 2049 4941 προσεφώνησε-

456 4936 528 5006 τῇ
568 4936 817 5005 Ἐϐραΐδι
845 4936 1156 5003 διαλέκτῳ,

454 5067 522 5114 α’.
534 5062 675 5131 Ὅρα
687 5061 870 5123 αὐτὸν,
889 5060 1017 5113 ὅταν
1030 5062 1163 5131 πρὸς
1177 5063 1298 5127 τοὺς
1316 5062 1420 5128 ἐξω
1431 5064 1766 5136 διαλέγηται,
1780 5066 1840 5119 ού
1858 5083 2049 5139 παραι-

386 5150 646 5220 τούμενον
679 5149 771 5202 καὶ
804 5150 913 5211 τοῖς
950 5149 1055 5202 ἀπὸ
1086 5151 1191 5204 τῶν
1223 5152 1402 5223 νόμων
1436 5155 1734 5227 κεχρῆσθαι
1772 5156 2045 5229 βοηθήμα-

387 5254 488 5291 σιν.
536 5237 798 5291 Ἐνταῦθα
836 5238 998 5291 αὑτὸν
1034 5239 1143 5292 ἀπὸ
1184 5242 1282 5312 τῆς
1331 5242 1537 5307 πόλεως
1582 5247 1854 5316 ἐντρέπει.
1888 5249 2045 5302 Οῦτω

383 5328 477 5379 καὶ
510 5326 816 5398 ἔμπροσθεν
852 5325 1034 5396 ἔλεγε·
1074 5329 1376 5396 Τύψαντες
1408 5330 1563 5400 ἡμᾶς
1602 5333 1863 5402 δημοσίᾳ
1898 5336 2043 5389 ἀκα-

384 5413 699 5482 τακρίτους
708 5412 1075 5482 ἀνθρώπους,
1092 5414 1405 5484 Ῥωμαίους
1418 5417 2045 5488 ὐπάρχοντας,ἐϐαλον

381 5503 469 5566 είς
506 5500 809 5569 φυλακήν.
847 5501 1065 5569 Ἐπειδὴ
1092 5502 1200 5574 γάρ
1227 5504 1575 5570 ἐπυνθάνετο,
1609 5507 1692 5560 Σὺ
1724 5505 1784 5562 εἷ
1809 5512 1841 5563 ό
1867 5511 2042 5579 Αἰγύ-

382 5603 552 5651 πτιος
570 5604 589 5651 ;
628 5586 773 5655 Ἐγώ
794 5590 930 5657 ειμι,
963 5591 1145 5659 φησὶν,
1172 5591 1479 5660 ἅνθρωπος
1520 5594 1825 5660 Ἰουδαῖος.
1858 5595 2044 5661 Οὕτως

383 5672 573 5736 εἰπὼν,
595 5672 797 5736 εὐθέως
823 5676 984 5728 αὐτόν
1003 5678 1208 5748 ταύτης
1228 5679 1478 5750 ἀπήγαγε
1502 5682 1603 5751 τῆς
1626 5682 1879 5751 ὑποψίας.
1907 5680 2044 5738 Εῐτα

386 5760 470 5814 (va
504 5760 579 5829 μὴ
602 5760 829 5831 νομισθῇ
856 5762 915 5816 τὸ
936 5763 1083 5829 ἔθνος
1126 5766 1395 5835 Ἰουδαῖος,
1418 5768 1565 5836 λέγει
1594 5769 1691 5839 τὴν
1721 5770 2045 5842 θρησκειαν·

2153 4528 2247 4581 καὶ
2275 4527 2384 4600 7&9
2411 4529 2505 4582 καὶ
2532 4529 2764 4601 ἀλλαχοῦ
2794 4530 3017 4601 ἔννομον
3049 4528 3241 4583 ἐαυτὸν
3274 4526 3513 4600 Χριστοῦ
3544 4528 3719 4582 καλεῖ.
3756 4526 3821 4583 Τί

2150 4613 2305 4667 τοῦτό
2345 4616 2494 4681 ἐστι;
2534 4617 2745 4682 Παῦλος
2777 4618 3067 4688 ψεύδεταις
3118 4618 3334 4684 ’Ἄπαγε
3356 4627 3404 4669 ι.
3442 4614 3507 4668 Τί
3544 4610 3675 4681 οῦν;
3718 4616 3818 4670 οὐκ

2151 4700 2456 4771 ὴρνήσατο;
2485 4702 2576 4773 Μὴ
2596 4704 2824 4771 γένοιτο·
2865 4705 3115 4768 Ἰουδαῖος
3142 4704 3251 4775 7&9
3278 4699 3348 4773 ἦν
3374 4702 3470 4755 καὶ
3495 4702 3818 4772 Χριστιανὸς

2149 4787 2249 4839 ὅσα
2277 4787 2379 4840 ἔδει
2409 4788 2713 4857 φυλάττων,
2744 4791 2865 4843 ἐπεὶ
2901 4791 2995 4845 καὶ
3028 4789 3106 4861 τῷ
3140 4790 3289 4861 νόμῳ
3330 4789 3566 4860 μάλιστα
3599 4790 3817 4841 πάντων

2150 4874 2311 4937 αὐτὸς
2340 4874 2605 4939 ἐπείθετο,
2635 4875 2714 4946 τῷ
2741 4876 2963 4947 Χριστῷ
2993 4876 3286 4942 πιστεύων,
3322 4877 3415 4929 καὶ
3444 4875 3581 4947 πρὸς
3608 4875 3815 4945 Πέτρον

2148 4959 2527 5030 διαλεγόμενός
2575 4978 2760 5032 φησιν·
2818 4963 3016 5032 Ἡμεῖς
3049 4964 3229 5032 φύσει
3268 4962 3557 5018 Ἰουδαῖοι.
3606 4960 3819 5031 Δέομαι

2147 5046 2215 5100 δέ
2239 5064 2375 5112 σου,
2409 5048 2735 5117 ἐπίτρεψόν
2761 5066 2862 5119 μοι
2888 5050 3156 5117 λαλῆσαι
3183 5049 3333 5118 πρὸς
3363 5050 3470 5103 τὸν
3500 5049 3675 5102 λαόν.
3708 5048 3815 5101 Καὶ

2147 5134 2305 5188 τοῦτο
2326 5135 2647 5205 τεκμήριον,
2677 5137 2755 5189 ὅτι
2781 5137 2842 5191 ού
2876 5138 3155 5206 ψεύδεται,
3183 5139 3234 5191 at
3257 5154 3319 5205 γε
3350 5139 3557 5199 πάντας
3583 5136 3816 5206 ἐπήγετο

2150 5221 2454 5290 μάρτυρας.
2482 5221 2680 5274 Σκόπει
2707 5223 2867 5277 αὑτὸν
2890 5224 3053 5278 πάλιν
3086 5224 3223 5295 μετά
3250 5223 3547 5286 ἐπιεικείας
3571 5222 3832 5289 διαλεγό-.

2149 5324 2330 5374 μενον.
2361 5307 2469 5359 Καὶ
2494 5306 2653 5360 τοῦτο
2687 5308 2744 5361 δέ
2770 5313 3069 5382 τεκμήριον
3099 5310 3261 5363 πάλιν
3292 5313 3545 5378 μέγιστον
3572 5308 3669 5362 τοῦ
3704 5324 3812 5379 μη·

2143 5393 2290 5456 δενὸς
2333 5388 2474 5445 εἶναι
2518 5394 2855 5461 ὑπεύθυνον,
2904 5397 2965 5449 τὸ
3000 5395 3175 5459 οὕτως
3222 5396 3441 5465 ἐτοιμον
3487 5390 3628 5447 εἶναι
3677 5394 3811 5465 πρὸς

2143 5480 2457 5547 ἀπολογίαν,
2485 5482 2580 5533 καὶ
2607 5480 2892 5552 βούλεσθαι
2917 5485 2995 5547 είς
3020 5483 3175 5554 λόγον
3195 5482 3534 5553 καταστῆναι
3559 5481 3636 5552 τῷ
3656 5482 3810 5551 δήμῳ

2143 5567 2252 5621 τῶν
2294 5568 2580 5623 Ἰουδαίων.

2151 5726 2627 5837 ωὲΠαῦΜς
2664 5728 2926 5793 ψεύδεται;
2975 5729 3144 5791 ἄπαγε,
3189 5730 3373 5780 desunt
3413 5730 3464 5779 In
3513 5723 3808 5793 quibusdam
