4148 6152
361 254 469 312 325

366 382 483 421 eum
508 359 851 420 benedixerim
877 375 961 413 ros
981 372 1151 411 omnes
1182 354 1408 409 homines
1439 350 1608 423 (Luc.
1640 350 1696 406 6.
1725 349 1868 418 26);
1895 354 1951 403 et

369 470 591 518 rursus,
623 453 846 508 Luceant
870 464 1025 519 opera
1045 456 1231 510 vestra,
1272 456 1325 499 ut
1364 444 1564 498 uideant
1609 442 1866 506 homines,
1904 449 1952 493 et

369 547 657 619 gloriﬁcent
682 542 887 598 Patrem
909 550 1123 595 vestrum
1147 540 1233 608 qui
1255 538 1307 590 in
1327 536 1463 590 salis
1482 544 1572 589 'est
1623 532 1849 605 (Matth.
1894 531 1948 585 5.

358 634 503 708 16).
533 635 589 691 Si
617 649 749 688 vero
784 631 907 685 alibi
931 630 1073 684 dicat
1104 646 1116 680 :
1145 627 1205 683 Si
1225 627 1337 697 quis
1359 623 1773 680 scandalizauerit
1794 637 1953 676 unum

367 745 431 781 ea:
454 727 533 780 his
556 723 754 792 pusillis
774 764 789 788 ,
822 720 1023 789 expedit
1048 719 1096 772 ei
1123 727 1177 772 ut
1205 716 1546 786 suspendatur
1568 715 1702 769 mola
1727 715 1953 767 asinaria

368 836 400 871 a
428 817 560 871 collo
593 817 703 886 ejus
723 856 738 879 ,
775 823 823 867 et
849 814 1175 882 demergatur
1203 810 1258 862 in
1299 808 1608 880 profundum
1651 808 1842 871 maris;
1884 819 1954 860 ne

372 906 586 962 mireris
619 924 631 959 :
666 920 771 958 non
798 903 941 959 enim
970 910 1095 956 sunt
1140 900 1256 955 haec
1299 900 1563 955 contraria
1589 940 1604 963 ,
1650 899 1759 954 imo
1800 897 1955 952 valde

370 1006 684 1053 consonant.
716 996 847 1049 Nam
878 996 922 1049 si
948 993 1086 1063 apud
1109 1007 1208 1047 nos
1237 992 1386 1057 ﬁant,
1414 1006 1495 1045 vae
1524 991 1678 1046 nobis
1702 1006 1716 1055 ;
1747 990 1829 1045 sin
1847 1005 1955 1045 non

370 1091 510 1160 apud
537 1104 633 1143 nos
664 1088 795 1143 ﬁatut
815 1127 831 1152 ,
859 1100 965 1140 non
997 1086 1145 1139 item.
1177 1082 1244 1137 Et
1274 1085 1464 1138 iterum
1496 1098 1511 1135 :
1552 1080 1641 1136 Vw
1670 1081 1841 1149 uobis,
1869 1096 1958 1150 per

368 1197 494 1252 quos
541 1196 725 1234 nomen
771 1177 865 1231 Dei
910 1176 1291 1246 blasphematur
1335 1172 1530 1243 (Rom.
1563 1171 1620 1225 ‘3.
1650 1170 1787 1240 24).
1817 1170 1955 1239 Quid

370 1286 501 1341 ergo
525 1312 540 1336 ,
585 1270 628 1324 si
662 1284 763 1340 ego
788 1267 930 1322 facio
956 1266 1096 1336 quod
1119 1266 1302 1330 decet,
1326 1273 1381 1320 et
1405 1264 1541 1318 alius
1580 1261 1957 1334 blasphemat?

372 1362 514 1417 Nihil
543 1361 610 1417 ad
637 1371 720 1425 te,
751 1359 847 1416 sed
878 1359 945 1414 ad
972 1359 1119 1413 illum
1149 1376 1164 1412 :
1196 1371 1317 1411 nam
1365 1370 1461 1425 per
1508 1353 1658 1409 illum
1701 1353 1956 1425 blasphe-

374 1465 571 1511 matur.
607 1454 673 1509 Et
697 1453 785 1523 qui
818 1451 934 1507 ﬁeri
962 1459 1164 1520 potest,
1193 1457 1253 1503 ut
1281 1446 1423 1518 quod
1460 1446 1614 1501 decet
1658 1444 1913 1501 faciamus
1939 1486 1955 1512 ,

372 1560 427 1604 et
455 1550 574 1604 aliis
600 1562 786 1602 ansam
814 1546 1053 1601 demus?
1083 1543 1233 1600 Unde
1264 1542 1425 1597 vultis
1449 1556 1478 1594 a
1506 1541 1853 1611 praesentibus
1875 1539 1981 1602 vel.

373 1656 403 1695 a
451 1639 720 1694 veteribus
758 1638 909 1692 vobis
956 1636 1199 1705 exempla
1245 1633 1487 1689 all‘eram.
1543 1632 1620 1687 Ne
1667 1639 1960 1688 ostentato-

376 1746 463 1786 res
491 1731 659 1783 simus
697 1730 929 1784 vultisne
967 1727 1020 1782 id
1059 1725 1201 1797 quod
1239 1740 1350 1796 pra:
1390 1724 1635 1780 manibus
1680 1724 1957 1791 habemus,

377 1821 658 1877 dicamus?
687 1818 1225 1907 Judairabat‘faulus
1250 1816 1638 1888 Jerosolymaa,
1692 1831 1797 1871 non
1844 1817 1960 1871 An-

379 1909 998 1980 tiochim;judaizabat,
1044 1917 1100 1964 et.
1147 1909 1222 1963 illi
1268 1907 1695 1965 ol'fendebantur.
1745 1912 1813 1962 At
1855 1923 1958 1963 non

375 2002 492 2071 jure
516 1999 944 2056 offendebantur.
975 1999 1176 2055 Dicitur
1219 1999 1479 2055 salutasse
1515 1998 1742 2054 Neronis
1790 1999 1960 2069 pocil-

377 2093 600 2148 latorem
631 2103 686 2148 et
710 2094 1085 2148 concubinam.
1120 2093 1330 2161 Quanta
1362 2094 1558 2164 putatis
1583 2102 1771 2149 contra
1812 2094 1961 2148 illum

382 2197 600 2256 propter
650 2188 752 2242 hoc
798 2186 1001 2242 dixisse
1047 2186 1210 2242 illos?
1250 2186 1355 2242 Sed
1404 2201 1510 2243 non
1546 2188 1690 2257 juste
1720 2204 1734 2239 :
1764 2203 1885 2242 nam
1917 2184 1963 2243 si

382 2278 614 2332 lasciviae
645 2292 805 2332 causa
832 2276 1137 2345 salutasset,
1167 2278 1249 2333 vel
1280 2278 1348 2334 ob
1371 2280 1505 2333 mala
1523 2295 1707 2351 opera,
1738 2280 1959 2335 merito:

380 2368 463 2421 sin
492 2368 562 2423 ob
587 2368 728 2422 viam
755 2377 955 2424 rectam
981 2408 998 2436 ,
1034 2370 1240 2440 quare?
1270 2371 1450 2426 Dicam
1479 2370 1679 2441 aliquid
1700 2412 1714 2436 ,
1744 2372 1884 2443 quod
1911 2381 1965 2427 et

383 2459 512 2515 mibi
538 2472 591 2516 et
616 2459 865 2516 familiari
894 2460 1108 2517 cuidam
1134 2477 1255 2518 meo
1280 2464 1491 2519 accidit.
1523 2464 1652 2520 Cum
1678 2464 1964 2534 aliquando

382 2555 460 2608 ira
492 2554 584 2609 Dei
617 2554 911 2622 incideret,
939 2563 993 2611 et
1014 2556 1103 2610 ille
1124 2555 1409 2612 admodum
1452 2558 1664 2625 juvenis
1699 2569 1843 2612 esset
1878 2569 1964 2612 at-

382 2660 486 2713 que
516 2645 568 2700 in
593 2644 941 2702 diaconorum
964 2645 1151 2701 ordine
1172 2687 1189 2715 ,
1231 2647 1452 2703 absente
1496 2656 1623 2702 tunc
1667 2648 1921 2717 episcopo
1947 2690 1961 2713 ,

385 2752 506 2791 cum
538 2740 971 2811 presbyterorum
998 2739 1178 2794 nullus
1219 2750 1470 2803 curaret,
1520 2739 1613 2794 sed
1663 2754 1764 2793 una
1808 2747 1967 2796 nocte

381 2830 665 2885 confertim
714 2841 771 2885 et
817 2838 1021 2885 temere
1076 2830 1412 2901 baptizarent
1465 2832 1632 2886 multa
1690 2832 1965 2888 hominum

384 2920 592 2985 millia,
650 2929 707 2978 et
755 2921 1074 2990 simpliciter
1124 2920 1526 2990 baptizarentur
1574 2938 1762 2979 omnes
1830 2924 1963 2981 nihil

382 3012 618 3068 scientes
647 3031 662 3065 ε
696 3011 795 3066 hos
826 3012 917 3066 ille
944 3012 1189 3081 privatim
1218 3012 1487 3082 accipiens
1534 3022 1587 3069 et
1621 3006 1876 3072 centenos
1914 3027 1969 3073 et

381 3104 717 3160 ducentenos
746 3103 1116 3173 alloquebatur
1138 3143 1153 3169 ,
1182 3103 1249 3159 de
1275 3104 1374 3157 alia
1403 3105 1549 3159 nulla
1576 3122 1634 3161 re
1656 3147 1671 3170 ,
1713 3122 1872 3177 quam
1900 3108 1968 3164 de

384 3196 661 3267 mysteriis
692 3202 894 3248 tantum
923 3194 1224 3262 disserens,
1268 3194 1340 3249 ita
1386 3205 1443 3250 ut
1491 3210 1596 3251 non
1648 3198 1969 3254 concederet

383 3288 647 3341 accedere
675 3302 783 3340 non
810 3285 1066 3339 initiatos.
1100 3285 1253 3340 Hunc
1276 3296 1527 3356 putarunt
1554 3289 1701 3343 multi
1728 3289 1969 3343 ambien—

387 3389 496 3433 tem
532 3378 883 3446 principatum
911 3376 1013 3431 hoc
1030 3379 1221 3432 facere.
1243 3379 1309 3432 At
1332 3379 1420 3433 ille
1446 3394 1631 3433 eorum
1658 3381 1965 3450 Opinionem

384 3468 536 3523 nihili
555 3468 754 3523 faciens
774 3484 878 3522 non
902 3477 1080 3522 tamen
1110 3470 1343 3538 perrexit
1369 3469 1567 3525 diutius
1593 3471 1644 3526 id
1670 3486 1849 3543 agere,
1869 3474 1966 3529 sed

385 3561 615 3614 cessavit
644 3559 845 3612 statim.
872 3558 1009 3624 Quid
1038 3559 1211 3629 ergo?
1236 3576 1361 3614 num
1390 3561 1482 3616 ille
1510 3561 1815 3618 oll‘endiculi
1842 3579 1964 3619 cau-

383 3666 442 3703 sa
470 3652 607 3705 luit?
635 3650 749 3705 Non
781 3662 910 3720 puto
932 3662 1099 3707 certe.
1122 3650 1257 3706 Nam
1287 3652 1331 3706 si
1359 3654 1503 3708 nulla
1528 3653 1597 3710 de
1617 3670 1776 3711 causa
1799 3656 1852 3711 id
1884 3655 1966 3712 fe-

381 3746 584 3813 cisset,
631 3744 823 3798 merito
853 3744 1000 3798 illum
1022 3744 1523 3814 reprehendissent,
1543 3756 1704 3818 atque
1729 3748 1890 3805 etiam
1920 3751 1963 3805 si

388 3834 579 3889 iterum
633 3835 976 3904 perrexisset.
1026 3835 1158 3891 Nam
1189 3852 1310 3892 cum
1342 3839 1696 3908 prohibentur
1739 3856 1802 3897 ea
1846 3857 1967 3913 qua;

388 3924 498 3979 Deo
549 3926 739 3993 placita
789 3936 946 3989 sunt,
1003 3935 1220 3996 propter
1265 3928 1493 3985 aliorum
1538 3930 1915 3989 oll‘endiculum
1946 3977 1963 4002 ,

382 4018 831 4071 contemnendum
882 4027 1004 4072 est:
1048 4026 1173 4074 tunc
1220 4031 1398 4076 autem
1445 4022 1780 4090 curandum,
1843 4040 1964 4081 cum

382 4123 491 4161 non
526 4111 765 4178 cogimur
793 4118 1011 4179 propter
1041 4110 1190 4165 illum
1217 4111 1490 4169 offendere
1519 4115 1708 4170 Deum.
1745 4116 1959 4174 Etenim

1329 238 1395 295 IN
1435 236 1614 295 ACTA
1656 234 2179 293 APOSTOLORUM.
2223 233 2451 291 HOMIL.
2496 230 2700 288 XLVII.

3536 231 3641 288 326

2064 346 2152 401 die
2170 385 2187 411 ,
2216 360 2430 415 quaeso,
2460 344 2506 399 si
2531 341 2685 400 nobis
2711 342 3101 398 disserentibus
3123 351 3178 398 et
3202 342 3447 400 ebriosos
3470 346 3649 400 luces-

2057 437 2299 493 sentibus
2326 435 2542 507 quidam
2570 434 2964 499 oﬂ'enderetur,
3008 452 3134 491 num
3161 452 3263 508 ego
3306 439 3449 508 loqui
3493 437 3639 493 desi-

2060 529 2285 585 nerem?
2311 528 2449 585 Audi
2476 529 2750 584 Christum
2779 527 3047 583 dicentem
3078 545 3094 585 :
3124 528 3269 584 Num
3294 541 3343 585 et
3368 547 3454 586 vos
3487 531 3641 586 vultis

2058 623 2198 677 abire
2222 622 2415 692 (Joan.
2440 621 2497 678 6.
2526 621 2675 693 68)?
2712 620 2803 678 Sic
2833 635 2931 675 nec
2955 631 3301 677 contemnere
3326 638 3427 678 nec
3454 637 3643 679 curare

2059 714 2283 770 nimium
2311 722 2525 785 oportet
2550 713 2838 768 multorum
2870 711 3254 768 inﬁrmitatem.
3285 716 3477 769 Annon
3503 714 3645 769 vide-

2060 820 2181 861 mus
2204 806 2365 862 etiam
2395 804 2635 859 medicos
2661 803 2765 858 hoc
2790 802 2967 858 facere
2986 845 3002 869 ,
3031 812 3086 858 et
3105 803 3319 874 quando
3344 804 3471 861 licet
3491 804 3643 859 inlir-

2061 900 2164 955 mis
2185 901 2451 970 gratiosos
2478 913 2630 965 esse,
2658 898 2874 968 quando
2898 906 3076 952 autem
3119 897 3288 968 gratia
3326 897 3432 952 illis
3462 898 3646 968 perni-

2060 993 2207 1048 ciosa
2236 1001 2398 1056 esset,
2434 1007 2540 1046 non
2568 990 2706 1046 ultra
2741 990 2845 1045 illis
2876 990 3140 1061 parcere?
3176 988 3381 1060 Ubique
3424 991 3643 1046 modum

2062 1099 2279 1139 servare
2303 1084 2499 1138 bonum
2528 1092 2630 1138 est.

2138 1174 2370 1229 Historia
2420 1174 2629 1246 virginis
2666 1173 2955 1237 cuiusdam.
2986 1201 3059 1213 —
3083 1170 3231 1227 Multi
3286 1171 3475 1241 puellm
3518 1172 3645 1226 vir-

2063 1270 2173 1340 gini
2237 1267 2483 1324 formosae
2535 1267 2969 1323 conviciabantur
3018 1267 3088 1321 ob
3138 1266 3489 1330 catt'ehesin;
3540 1265 3638 1320 ad—

2067 1363 2378 1417 oriebantur
2405 1361 2548 1415 illam
2596 1360 2860 1430 simulque
2905 1373 3021 1425 eos,
3049 1358 3140 1429 qui
3184 1358 3353 1427 ipsam
3404 1359 3648 1412 institue-

2068 1453 2214 1508 bant.
2237 1453 2375 1521 Quid
2394 1453 2560 1523 ergo?
2602 1467 2730 1507 num
2765 1451 2886 1507 ideo
2921 1452 3040 1506 illos
3083 1450 3373 1505 abscedere
3426 1458 3644 1520 θρα-ια·-

2067 1543 2197 1599 bat?
2240 1543 2497 1599 Minime:
2532 1542 2666 1597 nihil
2712 1543 2857 1597 enim
2905 1541 3137 1611 agebant
3171 1541 3519 1606 contrarium,
3551 1542 3645 1597 sed

2067 1650 2181 1690 rem
2228 1634 2383 1690 valde
2431 1643 2637 1705 gratam
2682 1633 2810 1689 Deo.
2860 1632 2939 1688 Ne
2977 1633 3155 1703 itaque
3198 1632 3553 1697 attendamus,
3603 1634 3647 1686 si

2064 1725 2282 1796 quidam
2305 1725 2665 1791 oll'endautur,
2693 1725 2789 1781 sed
2803 1726 2845 1780 si
2863 1725 3029 1794 juste,
3048 1733 3101 1780 et
3121 1725 3164 1779 si
3188 1740 3292 1780 non
3309 1725 3375 1781 ad
3396 1724 3647 1781 damnum

2067 1826 2328 1873 nostrum.
2362 1816 2423 1872 Si
2448 1816 2607 1881 cibus,
2640 1817 2829 1887 inquit,
2860 1815 3071 1884 o/Tendit
3092 1820 3299 1886 fratrem
3333 1833 3517 1881 meum,
3549 1834 3650 1871 non

2065 1907 2327 1963 comedam
2366 1923 2543 1962 carnes
2597 1907 2651 1961 in
2701 1916 2945 1962 (sternam
2970 1908 3058 1979 (l.
3092 1906 3211 1962 Cor.
3242 1906 3297 1963 8.
3327 1908 3397 1963 15
3417 1908 3459 1979 ).
3489 1908 3647 1973 lore;

2066 2001 2199 2057 nihil
2224 2001 2369 2057 enim
2398 2000 2630 2057 nocebat
2660 2015 2767 2057 non
2788 2001 3071 2062 comedere
3098 2021 3110 2056 :
3139 2001 3184 2055 si
3206 2015 3334 2056 vero
3353 2000 3643 2056 ott‘endatui

2068 2093 2177 2160 ille,
2204 2092 2347 2164 quod
2376 2092 2689 2149 renuntiare
2735 2091 2920 2158 velim,
2954 2106 3059 2146 non
3083 2091 3193 2161 jam
3235 2092 3551 2148 curandum.
3584 2090 3648 2146 Et

2068 2208 2389 2264 quemnam,
2445 2192 2694 2263 inquies,
2750 2190 2802 2246 id
2856 2190 3118 2246 offendit?
3162 2191 3389 2259 Multos,
3414 2199 3474 2246 ut
3516 2191 3647 2246 scio.

2069 2285 2295 2352 Quando
2325 2285 2485 2353 igitur
2526 2283 2834 2339 indill‘erens
2884 2292 2987 2350 est,
3033 2283 3383 2339 abstineatur.
3432 2282 3564 2338 Nam
3608 2283 3654 2337 ei

2072 2375 2314 2429 volumus
2362 2374 2429 2428 ad
2482 2374 2586 2428 hoc
2637 2389 2802 2429 unum
2855 2383 3137 2444 spectare,
3181 2388 3212 2428 a
3264 2372 3447 2428 multis
3474 2373 3655 2428 absti-

2069 2466 2303 2521 nendum
2346 2467 2462 2521 erit
2508 2483 2521 2519 :
2570 2467 2709 2521 sicut
2757 2481 2789 2521 e
2840 2466 3054 2523 diverso
3115 2467 3160 2521 si
3227 2477 3652 2530 contemnamus,

2071 2558 2223 2612 multi
2247 2558 2513 2628 peribunt.
2537 2556 2668 2612 Nam
2689 2566 2746 2612 et
2762 2558 2956 2611 Paulus
2983 2559 3236 2627 prmcavit
3250 2557 3650 2621 oﬂ‘endiculum,

2070 2658 2126 2705 et
2163 2647 2433 2720 quomodo
2480 2648 2641 2701 audi:
2676 2647 2758 2701 Ne
2788 2648 2884 2701 hac
2911 2648 3246 2719 plenitudine,
3303 2649 3494 2719 inquit,
3543 2664 3656 2717 qua:

2071 2741 2387 2794 ministratur
2411 2755 2444 2793 a
2473 2738 2615 2794 nobis
2642 2738 2731 2810 (Ξ.
2761 2736 2882 2795 Cor.
2920 2738 2980 2796 8.
3015 2738 3144 2810 20).
3172 2738 3314 2795 Nihil
3333 2741 3476 2795 enim
3500 2755 3658 2796 noce-

2071 2833 2162 2888 bat
2182 2832 2541 2903 suspicionem
2572 2831 2779 2888 tollere.
2809 2830 3033 2899 Quando
3059 2840 3236 2887 autem
3259 2832 3313 2886 in
3339 2839 3538 2887 tantam
3569 2832 3655 2887 in-

2070 2923 2361 2980 ciderimus
2382 2923 2776 2989 necessitatem,
2808 2930 2866 2978 ut
2885 2932 3105 2993 prapter
3123 2923 3342 2979 alterius
3368 2922 3656 2981 offendicu-

2070 3016 2181 3071 lum
2224 3029 2418 3085 magna
2461 3013 2711 3070 eveniant
2762 3012 2902 3067 mala
2949 3029 2964 3068 :
3010 3014 3183 3082 ipsum
3228 3022 3652 3069 contemnamus.

2071 3106 2165 3161 lile
2192 3105 2407 3176 quidem
2433 3105 2534 3159 sibi
2554 3105 2608 3159 in
2633 3118 2793 3160 causa
2824 3110 2945 3169 est;
2975 3118 3072 3158 nos
3102 3118 3228 3159 vero
3244 3103 3355 3173 jam
3384 3104 3528 3159 noxii
3550 3119 3659 3159 non

2071 3212 2256 3253 sumus
2288 3216 2302 3252 :
2332 3213 2437 3253 non
2459 3196 2631 3267 potuit
2657 3195 2801 3252 enim
2826 3195 2945 3251 sine
2971 3194 3170 3250 damno
3200 3194 3275 3251 illi
3302 3195 3469 3265 parci.
3508 3195 3658 3250 Multi

2071 3287 2261 3343 oﬂ‘ensi
2289 3297 2434 3354 sunt,
2460 3286 2603 3357 quod
2629 3285 2682 3340 in
2702 3285 2901 3355 templo
2921 3284 3183 3341 cubarent
3201 3285 3419 3356 quidam
3449 3286 3653 3352 ﬁdeles,

2073 3380 2224 3451 quasi
2248 3395 2354 3435 non
2382 3379 2608 3444 liceret;
2640 3378 2734 3433 sed
2764 3378 2904 3432 male
2936 3394 2950 3432 :
2979 3377 3111 3432 nihil
3138 3379 3278 3431 enim
3302 3377 3428 3433 hinc
3452 3377 3656 3433 damni.

2072 3470 2509 3537 Oll'endebantur,
2536 3469 2679 3540 quod
2705 3484 2825 3524 cum
2851 3468 3084 3523 etlmicis
3108 3468 3417 3523 contiederet
3438 3469 3656 3534 Petrus;

2072 3565 2166 3620 sed
2222 3565 2312 3619 ille
2350 3563 2628 3630 abstinuit,
2679 3561 2767 3617 hic
2816 3575 2945 3618 vero
2982 3575 3088 3616 non
3117 3562 3263 3617 item.
3311 3561 3516 3630 Ubique
3561 3576 3661 3618 nos

2072 3658 2229 3714 decet
2251 3659 2398 3729 leges
2420 3657 2512 3712 Dei
2534 3664 2842 3726 sequentes,
2870 3670 3116 3725 magnam
3139 3669 3321 3711 curam
3345 3655 3564 3720 habere,
3593 3670 3661 3710 ne

2071 3764 2232 3821 quam
2279 3747 2585 3804 oll'endiculi
2615 3746 2953 3802 occasionem
2986 3746 3339 3816 praebeamus,
3370 3755 3427 3801 ut
3466 3756 3519 3802 et
3561 3762 3661 3803 nos

2074 3841 2274 3897 innoxii
2303 3841 2491 3905 simus,
2526 3848 2580 3895 et
2601 3838 2696 3893 Dei
2722 3837 3060 3892 clementiam
3089 3852 3502 3909 consequamur,
3534 3854 3660 3909 gra—

2073 3935 2143 3989 tia
2175 3943 2228 3990 et
2249 3932 2575 4003 benignitate
2603 3930 2873 4002 Unigeniti
2899 3929 3038 4000 ejus,
3058 3930 3271 4000 quicum
3293 3930 3435 3985 Patri
3463 3938 3520 3986 et
3538 3943 3664 3985 san-

2072 4038 2161 4084 cto
2185 4026 2404 4098 Spiritui
2423 4026 2617 4097 gloria,
2638 4023 2943 4093 imperium,
2967 4022 3162 4092 honor,
3188 4037 3328 4078 nunc
3347 4031 3402 4078 et
3425 4038 3659 4092 semper,

2072 4130 2128 4177 et
2157 4121 2212 4175 in
2240 4119 2436 4176 sarcula
2458 4118 2798 4175 saeculorum.
2826 4117 3018 4172 Amen.

1692 4325 2040 4391 HOMI‘LIA
2084 4327 2337 4389 XLVII.

380 4462 509 4519 Cn.
540 4463 631 4519 2i.
681 4480 733 4520 ν.
784 4464 872 4521 39.
917 4463 1063 4519 Dixit
1080 4476 1247 4520 autem
1282 4466 1474 4524 Paulus
1502 4486 1521 4524 :
1546 4470 1661 4543 Ego
1692 4474 1843 4529 homo
1864 4492 1977 4530 sum
2078 4477 2248 4533 duxit.
2279 4476 2482 4534 Deinde
2521 4491 2590 4533 ne
2629 4485 2908 4555 putaretur
2935 4492 3001 4534 ex
3042 4485 3201 4549 gente
3243 4475 3480 4545 Judzeus,
3525 4480 3661 4537 dixit

454 4554 657 4625 quidem
679 4555 892 4611 Iudaeus
912 4572 943 4610 α
972 4555 1135 4610 Tarso
1171 4557 1383 4626 Ctlicite,
1414 4576 1514 4615 non
1547 4561 1779 4632 ignobilis
1798 4566 1975 4620 ciuita-

453 4649 516 4704 tis
544 4648 665 4702 civis
690 4664 709 4702 :
738 4664 861 4719 rogo
886 4660 1056 4703 autem
1084 4658 1149 4714 te,
1199 4652 1430 4720 permitte
1471 4653 1597 4706 mihi
1624 4654 1760 4725 loqui
1788 4657 1856 4711 ad
1880 4674 1974 4728 po-

452 4741 649 4810 pulum.
679 4740 768 4796 40.
798 4740 869 4795 Et
896 4757 1011 4796 cum
1043 4743 1131 4797 ille
1156 4744 1481 4813 permisisset,
1522 4744 1723 4801 Paulus
1746 4757 1886 4804 stans
1922 4751 1976 4806 in

452 4832 715 4902 gradibus,
744 4835 926 4888 annuit
950 4851 1104 4889 manu
1137 4835 1208 4890 ad
1248 4836 1460 4907 plebem,
1490 4848 1537 4892 et
1566 4855 1754 4909 magno
1775 4842 1975 4896 silentio

452 4930 611 4996 facta,
633 4925 922 4997 alloquutus
952 4937 1025 4981 est
1048 4926 1220 5000 lingua
1251 4929 1487 4998 Hebraea,
1531 4933 1722 4988 dicens.

453 5082 505 5138 Ι.
538 5082 667 5139 Vide
694 5083 864 5147 illum,
894 5083 1108 5153 quando
1136 5092 1390 5141 externos
1415 5088 1721 5157 alloquitur,
1750 5103 1858 5145 non
1886 5106 1974 5145 re-

381 5188 570 5230 cusare
595 5175 759 5229 etiam
791 5174 1051 5244 legalibus
1077 5175 1152 5228 uti
1178 5176 1524 5245 adiumentis.
1568 5178 1663 5234 Hic
1708 5180 1855 5235 illum
1906 5198 1971 5235 ex

380 5266 616 5321 civitatis
638 5267 856 5321 nomine
882 5263 1138 5319 refrenat.
1173 5265 1262 5320 Sic
1290 5276 1345 5320 et
1364 5278 1521 5321 antea
1549 5269 1762 5323 dicebat
1794 5285 1807 5321 :
1845 5269 1971 5324 Ver-

384 5360 612 5416 berantes
652 5374 743 5413 nos
776 5358 968 5412 indicta
994 5372 1169 5423 causa,
1204 5358 1427 5411 homines
1457 5357 1715 5413 Romanos
1740 5362 1971 5431 coniece-

380 5463 499 5503 runt
528 5450 581 5504 in
597 5466 850 5505 carcerem
894 5451 1048 5520 (Act.
1077 5447 1164 5505 l6.
1199 5450 1264 5505 57
1286 5450 1328 5520 ).
1378 5451 1513 5515 Quia
1559 5453 1700 5507 enim
1731 5453 1971 5509 sciscita-

383 5538 543 5595 batur
575 5558 589 5595 :
630 5539 712 5595 Tu
738 5559 791 5596 es
812 5540 1097 5614 Egyptius
1118 5540 1246 5595 ille?
1268 5539 1381 5611 Ego
1417 5558 1530 5595 sum
1549 5584 1564 5609 ,
1589 5544 1795 5612 inquit,
1825 5544 1972 5599 homo

383 5628 613 5686 Iudteus.
643 5629 732 5688 Sic
772 5631 1043 5705 loquutus,
1074 5630 1225 5688 illum
1253 5632 1435 5689 statim
1474 5649 1505 5689 a
1539 5633 1846 5705 suspicione
1869 5638 1968 5693 ab-

2078 4568 2391 4639 religionem
2416 4587 2431 4623 :
2464 4568 2665 4626 etenim
2694 4578 2749 4625 et
2783 4568 2910 4623 alibi
2938 4584 2997 4623 se
3019 4568 3119 4624 sub
3161 4567 3278 4640 lege
3305 4569 3506 4627 Christi
3534 4570 3663 4627 dicit

2077 4674 2217 4715 esse.
2249 4659 2387 4729 Quid
2412 4659 2516 4717 hoc
2542 4660 2659 4717 est?
2688 4660 2762 4732 (a)
2802 4657 3101 4733 [Paulusne
3125 4660 3419 4718 mentitur?
3453 4660 3661 4735 Absit.]

2075 4751 2213 4820 Quid
2244 4752 2448 4824 igitur?
2478 4768 2585 4808 non
2616 4752 2868 4825 negavit?
2893 4753 3048 4809 Absit
3086 4752 3340 4809 :Judteus
3382 4754 3525 4809 enim
3548 4762 3668 4810 erat

2075 4854 2130 4899 et
2159 4842 2517 4910 Christianus,
2545 4858 2893 4915 quaecumque
2921 4843 3202 4913 Oportebat
3244 4858 3467 4901 servans
3492 4863 3509 4899 :
3537 4846 3660 4917 quia

2075 4946 2131 4992 et
2158 4937 2258 5008 legi
2283 4938 2397 5007 ipse
2419 4936 2650 4991 maxime
2677 4935 2919 5006 parebat,
2958 4934 3174 4991 Christo
3199 4934 3448 5002 credens,
3481 4946 3534 4991 et
3558 4937 3659 4991 Pe-

2078 5040 2216 5084 trum
2234 5030 2514 5101 alloquens
2537 5029 2668 5084 dicit
2696 5048 2708 5081 :
2735 5026 2846 5083 Nos
2861 5039 3048 5083 natura
3073 5027 3247 5083 Judwi
3263 5027 3282 5100 (
3299 5026 3418 5083 Gal.
3445 5028 3501 5084 2.
3533 5022 3655 5094 l5).

2077 5119 2221 5192 Rogo
2265 5132 2333 5187 te,
2381 5122 2611 5191 permitte
2638 5137 2719 5175 me
2764 5121 2902 5191 loqui
2929 5121 2998 5175 ad
3025 5123 3291 5193 populum.
3340 5121 3454 5178 Hoc
3493 5124 3658 5179 etiam

2075 5216 2328 5270 indicium
2358 5222 2461 5280 est,
2505 5214 2644 5283 quod
2674 5229 2778 5268 non
2810 5216 3130 5281 mentiatur;
3160 5214 3424 5285 siquidem
3474 5229 3665 5271 omnes

2075 5306 2374 5363 adducebat
2401 5313 2585 5361 testes.
2628 5304 2922 5362 Considera
2949 5320 3136 5362 rursus
3164 5306 3314 5361 illum
3342 5320 3463 5362 cum
3508 5320 3630 5359 man

2076 5399 2358 5455 suetudine
2376 5399 2750 5454 disserentem.
2774 5399 2843 5454 Et
2859 5398 2962 5454 hoc
2982 5413 3167 5453 rursus
3186 5407 3555 5469 argumentum
3578 5410 3656 5453 est

2076 5491 2389 5557 maximum,
2439 5488 2583 5560 quod
2611 5489 2741 5544 nulli
2791 5498 2936 5545 esset
2962 5489 3173 5545 crimini
3196 5489 3484 5561 obnoxius,
3516 5490 3656 5561 quod

2128 5666 2227 5731 (a).
2246 5666 2439 5718 Unoinls
2457 5662 2620 5718 clausa
2640 5665 2818 5717 desunt
2847 5667 2895 5716 in
2917 5662 3205 5730 quibusdam
3231 5663 3483 5718 «silicibus
