4086 6164
494 223 594 277 39.7

488 339 570 394 sic
602 344 812 406 paratus
839 340 976 388 esset
998 329 1064 386 ad
1090 328 1317 385 dandam
1358 329 1638 393 rationem,
1671 328 1930 394 velletque
1956 324 2070 378 sisti

494 438 556 481 nd
593 424 1019 496 respondendum
1047 421 1265 477 ludatis.

574 518 767 572 Paulus
788 517 984 569 vinctus
1021 514 1369 567 concinnatur.
1389 541 1457 552 --
1478 510 1610 564 Vide
1655 510 1971 563 instructum
2004 506 2090 558 vi:

499 625 635 672 rum,
668 607 789 661 vide
837 604 1191 660 meonemiam
1221 621 1233 657 :
1264 602 1368 657 nisi
1398 603 1637 656 tribunus
1679 601 1931 660 venisset,
1980 596 2078 651 nisi

496 701 731 770 ligasset,
754 713 1007 753 sermone
1029 696 1095 751 ad
1116 695 1480 751 defensionem
1503 708 1633 762 opus
1657 707 1760 744 non
1785 691 2076 750 habuisset,

497 805 666 861 neque
695 800 897 844 tantum
936 789 1274 856 impetrasset
1302 785 1596 839 silentium.
1627 782 1960 836 Permittenle
1989 797 2081 832 au-

495 891 592 934 tem
618 881 732 944 illo,
757 877 957 932 Paulus
985 880 1000 908 ¹
1026 888 1168 931 stans
1204 877 1255 928 in
1285 874 1544 945 gradibus.
1575 874 1616 926 A
1647 873 1764 927 loco
1797 871 1966 940 major
2003 870 2080 923 fa-

493 972 686 1035 cilitas,
736 978 792 1024 et
839 968 981 1039 quod
1035 969 1086 1020 in
1117 967 1341 1021 editiore
1387 964 1551 1035 gradu
1592 964 1895 1032 laqueretur
1923 971 2081 1030 atque

497 1061 706 1131 ligatus.
756 1059 891 1126 Quid
949 1059 1070 1112 huic
1117 1057 1422 1126 spectaculo
1466 1070 1580 1124 par,
1635 1054 1816 1108 videre
1856 1052 2079 1106 Paulum

495 1153 704 1208 duabus
723 1153 928 1208 catenis
951 1152 1184 1204 vinctum
1207 1149 1614 1203 concionantem
1633 1147 1655 1200 ?
1676 1144 1945 1216 quomodo
1971 1142 2107 1197 tur-'
2130 1139 2132 1143 ’

498 1247 672 1312 batus,
715 1241 985 1314 quomodo
1024 1239 1275 1295 confusus
1326 1246 1559 1298 nonest,
1598 1245 1798 1289 tantum
1829 1235 2078 1302 pupulum

498 1339 682 1392 videns
720 1342 1112 1406 exasperatum,
1144 1332 1388 1386 adstante
1423 1328 1684 1399 przcside?
1718 1327 1893 1382 Primo
1939 1325 2082 1380 furo—

500 1447 612 1485 rem
639 1429 848 1483 illorum
881 1424 1105 1490 sedavit,
1134 1423 1324 1479 deinde
1349 1422 1631 1491 alloquitur
1657 1438 1670 1474 :
1697 1429 1750 1474 et
1776 1419 1897 1473 vide
1922 1432 2078 1488 quam

501 1523 811 1592 prudenter.
843 1521 972 1576 Nam
998 1519 1050 1572 id
1071 1517 1212 1588 quod
1241 1519 1291 1570 in
1316 1515 1551 1584 Epistola
1575 1521 1640 1567 ad
1663 1513 1915 1567 lleora-os
1938 1510 2078 1575 fecit,

501 1614 600 1668 hoc
629 1625 682 1668 et
709 1613 795 1666 hic
817 1612 942 1666 facit
975 1628 988 1662 :
1018 1610 1196 1679 primo
1216 1607 1534 1677 cognatione
1557 1605 1701 1658 vocis
1728 1605 1870 1670 ipsos
1893 1602 2077 1666 allicit,

501 1707 623 1761 hinc
649 1701 1081 1759 mansuetudine.
1106 1699 1229 1755 Ideo
1259 1699 1359 1752 hoe
1387 1697 1682 1760 declarans,
1710 1694 1836 1748 dicit
1867 1712 1878 1747 :
1914 1692 2080 1746 Multo

499 1799 634 1866 facta
671 1795 887 1858 silentio,
919 1791 1210 1859 alloquutus
1247 1799 1319 1844 est
1365 1788 1537 1858 lingua
1583 1785 1818 1850 Hebrum,
1864 1785 2033 1837 dicens
2062 1800 2081 1837 :

499 1890 652 1961 (Cap.
700 1885 876 1956 92.”.
912 1885 1026 1939 Viri
1053 1885 1232 1953 fratres
1259 1892 1304 1936 et
1343 1891 1530 1952 patres,
1565 1879 1736 1932 audite
1768 1894 1918 1945 quant
1945 1877 2081 1930 vobis

500 1998 634 2036 nunc
654 1981 809 2034 reddo
832 1979 1096 2032 rationem.
1121 1977 1251 2031 Vide
1269 1978 1430 2033 etiam
1457 1972 1775 2027 adulationis
1805 1979 2078 2039 expertem

501 2087 806 2128 sermonem
836 2080 888 2126 et
920 2070 1180 2125 modestia
1209 2068 1446 2137 plenum.
1476 2066 1588 2120 Non
1617 2065 1758 2119 enim
1787 2063 1940 2128 dixit,
1974 2064 2078 2116 Do-

499 2167 650 2226 mini,
673 2165 788 2230 sed,
822 2162 1072 2226 Fratres;
1098 2160 1238 2230 quod
1277 2161 1507 2214 maxime
1531 2157 1802 2227 amabant,
1832 2171 1892 2210 ac
1921 2157 1965 2210 si
1995 2155 2078 2209 di-

495 2265 677 2312 ceret:
701 2255 816 2310 Non
845 2255 1051 2308 alienus
1078 2267 1196 2306 sum
1223 2266 1250 2303 a
1279 2251 1449 2315 vobis,
1488 2264 1586 2302 nec
1607 2258 1797 2302 contra
1825 2263 1939 2300 vos.
1975 2245 2079 2299 Viri

497 2351 678 2414 fratres
706 2356 753 2399 et
783 2356 969 2416 patres,
1009 2344 1195 2413 inquit.
1232 2342 1342 2395 Hoc
1370 2341 1608 2404 honoris,
1640 2339 1770 2406 illud
1816 2337 2080 2408 germani—

499 2439 643 2492 tatis.
675 2437 859 2490 Audite
887 2452 1071 2501 meam,
1103 2450 1252 2500 quam
1280 2448 1414 2485 nunc
1445 2431 1582 2484 vobis
1613 2430 1790 2493 reddo,
1812 2430 2076 2482 rationem.

497 2532 610 2587 Non
632 2532 765 2586 dixit
791 2531 1085 2585 doctrinam
1113 2529 1194 2583 vel
1234 2528 1544 2603 concinnem
1562 2567 1577 2592 ,
1609 2525 1702 2580 sed
1723 2565 1737 2587 ,
1765 2525 2034 2579 Rationem
2057 2539 2080 2579 :

495 2639 555 2679 se
579 2623 728 2693 quasi
753 2622 1044 2690 supplicem
1069 2620 1366 2675 constituit.
1389 2618 1444 2670 2.
1476 2617 1600 2672 Cum
1630 2617 1893 2671 audissent
1913 2626 2079 2671 autem

492 2719 614 2786 quia
645 2715 861 2769 Hebraea
887 2715 1060 2782 lingua
1087 2712 1369 2783 loqueretur
1396 2711 1509 2776 sibi,
1541 2711 1703 2780 magis
1743 2712 2080 2780 prtestiterunt

493 2809 766 2863 silentium.
800 2806 988 2861 Viden’
1025 2813 1082 2859 ut
1105 2805 1247 2874 cepit
1270 2819 1363 2859 eos
1391 2804 1555 2870 patria
1585 2804 1781 2872 lingua,
1807 2819 1964 2873 quam
1991 2818 2076 2858 re-

494 2898 730 2954 verentia
774 2896 1004 2968 quadam
1052 2895 1546 2966 prosequebantur?
1579 2895 1706 2948 Vide
1751 2895 1911 2949 etiam
1943 2911 2078 2965 quo-

496 2991 654 3044 modo
683 2990 761 3045 sic
787 3005 940 3044 orsus
980 2989 1118 3043 viam
1150 2989 1384 3043 sermoni
1413 2998 1560 3056 paret
1588 2997 1642 3042 et
1665 2989 1801 3042 dicat
1829 3006 1842 3042 :
1871 2992 1923 3044 5.
1971 2989 2079 3058 Ego

495 3082 626 3134 enim
664 3097 774 3134 sum
797 3080 874 3132 vir
897 3078 1132 3140 Jadteus,
1162 3089 1312 3132 natus
1339 3080 1391 3130 in
1438 3077 1600 3131 Tarso
1624 3079 1834 3143 (Iiticim,
1865 3083 2080 3135 nutritus

495 3181 665 3224 autem
692 3170 743 3223 in
771 3169 866 3222 hac
890 3169 1113 3238 civitate,
1137 3183 1278 3220 secus
1320 3167 1471 3235 pedes
1514 3168 1826 3228 Camaliclts.
1856 3171 2081 3224 eruditus

497 3265 640 3338 juxta
665 3263 918 3315 veritatem
947 3259 1126 3330 patria?
1162 3258 1308 3329 legis,
1337 3257 1602 3311 wittulator
1625 3256 1743 3326 Dei,
1772 3260 1900 3313 sicut
1925 3272 1970 3313 et
1996 3277 2081 3315 vos

495 3369 666 3408 omnes
693 3351 809 3406 estis
829 3351 996 3405 hodie.
1022 3349 1132 3420 Ego
1148 3350 1346 3419 quidem
1365 3365 1497 3412 sum,
1516 3349 1705 3418 inquit,
1737 3351 1812 3402 vir
1830 3351 2080 3415 Juda'us;

495 3443 637 3513 quod
668 3443 902 3496 omnittm
939 3438 1378 3494 maxime-audire
1408 3439 1710 3507 cupiebant.
1745 3440 1912 3496 Natus
1933 3442 2082 3499 Tarsi

497 3533 706 3586 Ciliciae.
733 3533 811 3586 Ne
840 3547 967 3585 vero
1001 3532 1298 3599 cogitarent
1343 3527 1572 3582 alienam
1599 3539 1831 3599 gentem.
1864 3531 2079 3602 religio-

500 3643 620 3682 nem
650 3627 871 3681 addidit.
905 3626 1148 3680 Nutritus
1180 3627 1233 3679 in
1265 3627 1360 3680 hac
1393 3627 1611 3682 civitate.
1650 3627 1895 3698 Magnum
1926 3643 2080 3683 suum

501 3720 732 3776 ostendit
756 3733 877 3787 erga
901 3719 1211 3788 religionem
1235 3719 1492 3787 studium,
1516 3720 1940 3792 quandoquidem
1975 3730 2080 3774 tam

499 3813 676 3875 clara,
710 3821 817 3864 tam
842 3820 1046 3864 remota
1087 3811 1252 3878 patria
1294 3811 1512 3876 relicta,
1544 3813 1631 3866 hic
1677 3812 1842 3866 voluit
1868 3813 2082 3866 educari

503 3908 722 3970 propter
742 3900 935 3970 legem.
985 3897 1118 3955 Vide
1170 3901 1437 3969 quon'iodo
1459 3901 1568 3970 jam
1621 3902 1747 3955 olim
1788 3903 1839 3955 in
1883 3902 2085 3958 honore

508 3991 739 4046 habebat
769 3992 960 4060 legi-tn.
992 3989 1125 4044 Illud
1150 4005 1277 4045 vero
1308 4007 1412 4045 non
1435 3991 1626 4053 solum,
1656 4005 1709 4045 ut
1737 4007 1854 4047 sese
1877 4003 2081 4063 purget,

501 4081 629 4137 dicit
661 4082 798 4146 illis;
833 4081 924 4136 sed
951 4089 1010 4135 ut
1035 4081 1282 4136 ostendat
1308 4097 1365 4135 se
1408 4097 1512 4137 non
1546 4081 1778 4138 lunnano
1807 4099 1972 4154 scapo
2017 4083 2084 4139 ad

505 4173 934 4243 przrdicationem
984 4173 1292 4238 adductum,
1345 4173 1438 4228 sed
1483 4175 1662 4230 divina
1707 4176 1942 4232 virtute:
1977 4193 2084 4232 nou

504 4266 644 4317 enim
674 4265 749 4317 sic
791 4264 1030 4318 eruditus
1059 4273 1281 4334 repente
1311 4265 1478 4318 factus
1507 4275 1609 4319 est.
1639 4266 1771 4320 Nam
1802 4268 1846 4320 si
1873 4283 1904 4322 e
1931 4269 2090 4338 vulgo

508 4356 709 4418 fuisset,
758 4354 809 4408 id
854 4355 1090 4410 licuisset
1138 4356 1395 4424 suspicari
1428 4374 1440 4409 :
1473 4357 1717 4412 siautem
1749 4373 1815 4412 ex
1863 4375 2086 4413 numero

504 4463 686 4503 eorum
714 4448 802 4516 qui
830 4448 1060 4503 maxime
1083 4449 1321 4531 omnium
1354 4449 1452 4518 legi
1486 4448 1774 4516 haererent,
1829 4466 1935 4504 non
1972 4459 2090 4504 erat

508 4539 797 4594 verisimile
827 4538 973 4591 illum
1005 4539 1121 4592 sine
1168 4553 1330 4592 causa
1357 4549 1411 4592 et
1441 4539 1582 4591 nulla
1611 4549 1834 4609 urgente
1859 4541 2091 4596 necessi-

506 4639 615 4684 tate
640 4637 899 4683 mutatum
948 4627 1131 4683 fuisse.
1162 4628 1232 4682 At
1281 4629 1508 4683 fortasse
1549 4628 1742 4684 dixerit
1786 4632 2086 4700 quispiam:

508 4722 650 4778 Nihil
670 4721 736 4776 ad
761 4736 874 4775 rem
893 4720 1034 4782 facit,
1052 4719 1191 4790 quod
1214 4719 1370 4775 isthic
1383 4719 1640 4775 educatus
1659 4721 1755 4776 sit:
1779 4722 1902 4791 quid
1921 4723 2087 4787 enim,

507 4815 551 4867 si
582 4812 652 4868 ob
675 4811 1087 4882 negotiationem
1114 4811 1198 4865 vel
1223 4812 1380 4865 aliam
1403 4826 1616 4866 causam
1647 4812 1750 4867 huc
1769 4814 1994 4868 venisti?
2016 4814 2091 4869 Ne

507 4904 559 4958 id
590 4918 716 4974 ergo
748 4911 1043 4972 putaretur,
1092 4901 1314 4963 addidit,
1348 4901 1428 4954 Ad
1456 4902 1607 4972 pedes
1637 4901 1954 4957 Gamalielis.
1984 4904 2092 4959 Nec

506 4998 676 5050 solum
706 4995 860 5060 dixit,
901 4993 1039 5063 apud
1068 4993 1438 5055 Gamaliulem,
1472 4993 1589 5060 sed,
1623 4994 1704 5048 Ad
1732 4996 1881 5065 pedes
1904 4995 2093 5050 Gama-

509 5086 637 5142 lielis
669 5101 686 5139 :
716 5085 1204 5155 perseverantiam,
1255 5085 1663 5153 aSsiduitatem,
1717 5087 1950 5142 studium
1999 5105 2093 5142 au-

509 5178 690 5234 diendi
718 5177 1018 5243 declarans,
1065 5187 1120 5232 et
1171 5176 1390 5230 multam
1421 5192 1545 5246 erga
1571 5178 1742 5232 virum
1769 5179 1912 5232 ἱΙΙιιηι
1940 5195 2090 5233 reve-

509 5272 755 5326 rentiam.
790 5267 1036 5323 Eruditus
1055 5269 1331 5324 secundum
1349 5269 1717 5324 accurationem
1738 5271 1918 5341 patria:
1935 5271 2092 5339 legis;

514 5378 616 5414 non
645 5361 958 5430 simpliciter
983 5360 1134 5431 legis,
1158 5359 1272 5423 sed,
1301 5358 1363 5413 Et
1387 5359 1584 5430 patrita,
1607 5361 1861 5430 adjiciens
1881 5379 1895 5416 :
1918 5371 2096 5415 osten~

516 5454 644 5506 deus
661 5467 719 5505 sc
744 5452 866 5506 olim
894 5452 1050 5507 talem
1074 5451 1255 5515 fuisse,
1281 5465 1380 5507 nee
1403 5452 1716 5522 simpliciter
1736 5454 1873 5508 scire
1901 5453 2091 5523 legem.

575 5625 734 5680 illaec.
748 5628 1043 5688 permittente
1059 5634 1214 5679 autem
1232 5625 1333 5688 illo,
1363 5627 1556 5686 Paulus,
1579 5629 1756 5680 desunt
1779 5635 1828 5678 tu
1852 5641 1948 5678 uno
1971 5626 2086 5680 Cod.

1233 213 1288 270 S.
1328 212 1599 268 JOANNIS
1625 207 2096 266 CHRYSOSTOMI
2136 205 2448 263 ABCHIEP.
2492 208 3021 267 CONSTANTINOP.

3667 217 3782 275 3‘J8

2187 321 2311 376 Hmc
2342 337 2470 376 vero
2496 323 2746 377 videntur
2771 325 2985 393 quidem
3015 340 3111 395 pro
3141 325 3243 380 illis
3282 325 3410 393 dici,
3444 326 3537 383 sed
3585 341 3779 386 contra

2187 414 2306 468 illos
2332 423 2474 478 sunt,
2518 416 2944 484 quandoquidem
2990 429 3042 472 et
3097 419 3272 473 sciens
3327 419 3476 475 illum
3534 424 3777 493 reliquit.

2189 503 2389 559 Deinde
2419 519 2486 559 ne
2515 521 2726 559 rursum
2758 507 2876 575 quis
2906 507 3144 578 objiciat,
3175 510 3302 579 quid
3325 526 3453 583 ergo
3509 515 3554 568 si
3601 515 3778 585 legem

2185 596 2395 665 quidem
2445 608 2694 652 accurate
2745 601 2906 667 nosti,
2941 617 3112 672 neque
3153 613 3327 658 tamen
3361 606 3505 661 illam
3532 609 3777 666 vindicas

2187 704 2361 757 neque
2393 690 2580 743 amas?
2626 689 2956 758 ZEmulator,
2987 693 3176 762 inquit,
3233 695 3396 766 legis;
3434 697 3483 751 id
3530 709 3632 763 est,
3665 717 3775 755 non

2187 780 2346 834 modo
2371 783 2566 846 sciens,
2599 783 2690 836 sed
2715 785 2874 836 etiam
2915 799 3105 854 magno
3127 801 3248 854 erga
3295 787 3436 841 illam
3479 790 3593 844 zelo
3640 791 3774 848 affe-

2185 878 2321 923 ctus.
2356 870 2554 923 Deinde
2587 883 2860 940 po.~tquam
2890 888 3076 943 magna
3098 874 3165 928 de
3181 889 3238 928 se
3255 879 3494 931 encomia
3525 883 3773 949 protulit,

2185 973 2521 1015 communem
2563 961 2674 1030 jam
2699 977 3001 1017 sermonem
3034 964 3258 1034 profert,
3287 967 3472 1022 dicens
3507 987 3519 1023 :
3554 971 3700 1025 Sicut
3725 983 3776 1025 et

2167 1069 2270 1132 .vos
2291 1070 2462 1109 omnes
2491 1059 2609 1109 estis
2630 1058 2796 1110 hodie.
2827 1056 3072 1112 Ostendit
3093 1060 3234 1113 enim
3267 1061 3383 1115 illos
3407 1079 3509 1115 non
3537 1065 3774 1119 humano

2184 1158 2348 1213 scepo
2387 1146 2485 1199 hoc
2513 1145 2708 1210 facere,
2756 1147 2848 1202 sed
2891 1148 3009 1203 zelo
3039 1149 3239 1203 divino.
3291 1151 3400 1207 lloc
3448 1170 3574 1209 vero
3604 1156 3772 1222 dicit,

2184 1237 2405 1306 gratiam
2433 1239 2642 1293 illorum
2670 1251 2908 1310 captans,
2940 1251 2993 1312 et
3013 1257 3200 1296 eorum
3231 1254 3462 1299 mentem
3498 1263 3774 1316 praeoccu-

2187 1343 2316 1395 pans
2363 1344 2426 1383 ac
2471 1330 2715 1386 detinens
2743 1333 2794 1385 in
2837 1333 2918 1396 iis,
2963 1324 3236 1402 inquibus
3267 1335 3397 1390 nihil
3425 1336 3602 1393 damni
3631 1351 3765 1395 erat.

2185 1418 2374 1473 Postea
2407 1420 2601 1475 indicia
2635 1425 2855 1490 profert,
2880 1423 3065 1478 dicens
3097 1443 3108 1476 :
3143 1426 3196 1480 4.
3225 1425 3324 1492 Qui
3345 1428 3475 1481 lianc
3500 1431 3630 1483 viam
3657 1449 3768 1503 per—

2185 1521 2422 1579 sequutus
2447 1528 2556 1564 sum
2588 1529 2744 1580 usque
2763 1513 2830 1564 ad
2867 1524 3093 1580 mortem,
3121 1516 3339 1587 alligans
3380 1531 3425 1571 et
3476 1524 3678 1576 tradens
3717 1527 3771 1577 in

2184 1603 2440 1656 custodias
2487 1606 2618 1678 viros
2660 1621 2720 1657 ac
2764 1606 3018 1670 mulieres,
3071 1607 3124 1662 5.
3166 1611 3294 1662 sicut
3340 1613 3572 1680 princeps
3598 1633 3770 1668 sacer-

2185 1693 2361 1748 dotum
2385 1696 2505 1748 mihi
2535 1699 2870 1751 testimonium
2897 1700 3086 1768 reddit,
3108 1711 3153 1754 et
3187 1718 3357 1757 omnes
3385 1708 3601 1774 majores
3623 1722 3766 1761 nutu.

2187 1783 2253 1838 Ut
2291 1801 2449 1840 nemo
2475 1786 2637 1850 dicat,
2673 1788 2741 1842 Et
2770 1789 2908 1844 unde
2940 1791 3041 1846 hoc
3071 1795 3449 1849 manifestum?
3476 1808 3638 1852 testes
3667 1804 3733 1853 ad
3752 1834 3768 1841 -

2184 1875 2329 1928 ducit
2357 1877 2647 1946 principem
2677 1880 3014 1935 sacerdotum
3039 1893 3092 1938 et
3121 1885 3345 1951 majores
3368 1895 3511 1940 natu.
3543 1889 3609 1942 Et
3633 1891 3767 1945 dicit

2184 1966 2396 2036 quidem
2426 1967 2753 2036 den'tuleens,
2779 1970 3076 2027 [Emulator
3096 1975 3223 2029 sicut
3252 1988 3296 2031 et
3321 1995 3438 2044 vos;
3461 1980 3509 2034 id
3535 1991 3633 2047 est,
3667 2000 3766 2050 par

2187 2059 2334 2114 vobis
2368 2075 2382 2111 :
2411 2061 2642 2114 ostendit
2679 2072 2854 2117 antem
2887 2081 2982 2134 per
3015 2081 3174 2134 opera
3220 2083 3278 2122 se
3319 2068 3436 2123 illos
3461 2085 3761 2140 superasse.

2184 2147 2299 2202 Non
2326 2151 2465 2204 enim
2496 2167 2675 2207 moras
2701 2153 2999 2220 trahebam,
3021 2167 3077 2210 ut
3101 2172 3369 2226 caperem,
3395 2161 3485 2214 sed
3517 2172 3568 2216 et
3588 2178 3768 2219 Sacer-

2183 2237 2336 2293 dotes
2365 2240 2658 2295 excitaham
2691 2251 2746 2297 et
2795 2247 3250 2314 peregrinatiOnes
3279 2251 3670 2320 suscipiebam;
3715 2265 3770 2308 et

2186 2343 2291 2383 non
2337 2331 2480 2385 viros
2525 2341 2730 2387 tantum
2776 2336 3126 2405 aggrediebar
3169 2340 3306 2393 sicut
3333 2357 3448 2405 vos,
3481 2343 3574 2397 sed
3605 2346 3766 2398 etiam

2184 2421 2439 2477 mulieres
2462 2441 2477 2488 ;
2501 2432 2555 2478 et
2577 2428 3004 2496 omnesalligans
3025 2441 3078 2483 et
3107 2431 3158 2483 in
3183 2446 3429 2487 carceres
3450 2435 3765 2504 conjiciens.

2187 2512 2541 2569 lndubitatum
2571 2526 2652 2571 est
2703 2518 2805 2572 hoc
2857 2520 3240 2587 testimonium,
3291 2524 3408 2578 sine
3452 2526 3768 2584 defensioue

2184 2618 2308 2663 sunt
2339 2624 2423 2664 res
2449 2609 2775 2665 Judazorum.
2803 2612 2932 2667 Vide
2958 2623 3086 2683 quot
3113 2624 3276 2671 testes
3303 2618 3517 2674 adducit
3548 2639 3560 2676 :
3591 2624 3772 2676 senio-

2183 2720 2291 2772 res,
2325 2706 2616 2776 principem
2644 2707 3001 2775 sacerdotum,
3033 2724 3127 2764 eos
3157 2712 3244 2780 qui
3276 2714 3326 2766 in
3353 2715 3583 2770 civitate.

2252 2797 2308 2852 ‘2.
2345 2797 2474 2851 Vide
2500 2811 2675 2852 autem
2701 2798 2816 2867 ejus
2841 2808 2896 2853 et
2922 2799 3286 2857 defensionem
3321 2821 3422 2857 non
3454 2819 3519 2860 ex
3550 2808 3766 2872 timore.

2184 2887 2276 2941 sed
2311 2889 2485 2956 potius
2512 2888 2632 2944 vide
2661 2890 2939 2946 ducentem
2979 2901 3034 2947 et
3075 2895 3460 2951 iustitucntem.
3489 2897 3600 2952 Nisi
3621 2904 3766 2954 enim

2185 2981 2386 3050 lapides
2414 2981 2635 3037 fuissent
2667 2984 2954 3049 auditores,
2984 2985 3140 3040 dictis
3170 2989 3543 3046 attendissent.
3574 2991 3771 3048 [lacte-

2186 3086 2285 3125 nus
2318 3072 2458 3126 enim
2492 3074 2609 3127 illos
2641 3073 2822 3129 habuit
2850 3083 3045 3143 testes;
3081 3077 3282 3146 reliqua
3313 3095 3441 3134 vero
3464 3082 3579 3136 sine
3610 3084 3770 3137 testi-

2185 3163 2283 3215 bus
2308 3172 2449 3218 sunt.
2484 3165 2525 3216 Α
2553 3165 2732 3234 quibus
2777 3177 2822 3219 et
2867 3169 3104 3238 epistolas
3143 3172 3423 3238 accipiens,
3472 3175 3538 3225 ad
3585 3174 3771 3242 fratres

2185 3251 2491 3306 Damascum
2539 3257 2835 3326 pergebam,
2883 3268 2938 3310 ut
2985 3259 3286 3314 adducerent
3330 3264 3447 3316 inde
3488 3267 3676 3320 vinctos
3719 3270 3770 3321 in

2183 3343 2467 3398 Jerusalem
2497 3356 2551 3396 ut
2577 3347 2892 3414 punirentur.
2936 3349 2988 3402 6.
3033 3349 3247 3404 Factum
3284 3364 3355 3405 est
3394 3363 3593 3420 autent,
3623 3368 3773 3411 eunte

2185 3452 2264 3488 me
2302 3447 2348 3488 et
2383 3439 2824 3509 appropinquante
2867 3438 3138 3507 Damasco,
3185 3442 3351 3496 media
3395 3445 3478 3499 die
3511 3445 3672 3499 subito
3711 3448 3774 3501 de

2184 3526 2310 3582 ctelo
2357 3529 2690 3598 circumfulsit
2735 3545 2816 3584 me
2858 3532 2949 3584 tua;
2989 3535 3213 3600 copiosa,
3261 3535 3310 3588 7.
3356 3545 3404 3589 et
3441 3537 3674 3591 decidens
3720 3540 3771 3592 in

2185 3629 2400 3684 terram,
2441 3622 2612 3675 audivi
2650 3637 2818 3677 vocem
2858 3624 3101 3679 dicentem
3139 3628 3264 3680 mihi
3295 3643 3314 3680 :
3344 3629 3530 3696 Saule,
3577 3629 3768 3696 Saule,

2185 3713 2308 3783 quid
2333 3730 2411 3767 me
2436 3716 2790 3786 persequeris?
2814 3717 2867 3771 8.
2903 3718 3012 3789 Ego
3038 3730 3204 3773 autem
3230 3723 3470 3792 respondi
3495 3741 3512 3777 :
3543 3723 3667 3789 Quis
3695 3744 3770 3788 es.

2188 3803 2404 3858 Domine
2421 3806 2446 3858 ?
2474 3805 2716 3875 Dixitque
2742 3808 2811 3861 ad
2835 3825 2911 3862 me
2941 3825 2960 3863 :
2991 3808 3102 3881 Ego
3129 3829 3240 3865 sum
3265 3812 3414 3867 Iesus
3442 3813 3770 3880 Nazarenus,

2187 3910 2334 3964 quem
2364 3907 2417 3949 tu
2445 3899 2777 3968 persequeris.
2821 3899 2944 3954 Haec
2985 3912 3131 3956 certe
3169 3901 3274 3957 ﬁde
3300 3904 3584 3958 admodum
3614 3907 3773 3975 digna

2191 3985 2374 4039 haberi
2415 3988 2696 4055 Oportebat
2740 4004 2805 4042 ex
2855 3989 2938 4054 iis,
2985 4007 3105 4059 qua:
3152 4006 3562 4061 prmcesserant;
3598 4003 3810 4062 neque

2189 4076 2331 4131 enim
2372 4089 2603 4150 mutatus
2629 4080 2802 4135 fuerit.
2830 4081 2965 4146 Quid
3005 4084 3204 4152 igitur,
3223 4087 3450 4155 inquies,
3477 4087 3522 4142 si
3551 4102 3671 4144 sese
3692 4090 3775 4158 ja-

2190 4169 2332 4223 ctat?
2353 4169 2694 4240 Nequaquam
2720 4173 2759 4225 ¹.
2783 4172 2891 4227 Cur
2915 4173 3078 4240 enim,
3109 4191 3310 4245 quaeso,
3335 4192 3452 4234 sese
3480 4190 3701 4249 repente
3724 4183 3774 4235 in

2193 4268 2395 4313 tantum
2421 4259 2591 4314 zelum
2622 4261 2932 4330 injecisset?
2955 4265 3094 4334 quod
3121 4265 3381 4322 honorem
3404 4274 3776 4338 exspectaret?

2192 4351 2350 4420 Atqui
2390 4350 2655 4404 contraria
2693 4367 2879 4421 passus
2908 4363 3009 4408 est.
3038 4356 3190 4422 Quod
3219 4359 3448 4424 quietem
3491 4361 3777 4428 speraret?

2191 4441 2374 4511 Neque
2404 4442 2505 4496 hoc
2534 4457 2684 4497 sane.
2727 4446 2812 4498 An
2852 4445 2952 4499 alia
2991 4447 3059 4501 de
3101 4450 3296 4502 causa?
3325 4449 3466 4504 Nihil
3495 4453 3776 4506 ratiocinio

2196 4533 2421 4587 inveniri
2453 4541 2645 4602 potest.
2675 4533 2802 4588 Haec
2832 4536 2933 4590 illis
2975 4537 3270 4608 colligenda
3309 4549 3362 4594 et
3391 4539 3667 4596 inferenda
3694 4559 3776 4598 re-

2195 4623 2470 4692 linquens,
2522 4640 2609 4679 res
2655 4625 2798 4694 ipsas
2843 4637 3023 4681 narrat
3067 4637 3120 4682 et
3161 4629 3287 4683 dicit
3322 4648 3336 4684 :
3369 4631 3456 4684 Me
3494 4635 3776 4703 appropin-

2195 4727 2382 4785 quante
2415 4716 2685 4782 Damasco,
2716 4718 2880 4771 media
2905 4719 2986 4772 die
3019 4719 3181 4774 subito
3209 4721 3271 4774 de
3299 4722 3422 4775 cwlo
3447 4723 3779 4792 circumtulsit

2195 4825 2274 4862 me
2303 4809 2392 4862 lux
2419 4810 2645 4878 capiosa,
2678 4818 2724 4862 et
2751 4809 2915 4863 decidi
2939 4811 2992 4863 in
3019 4821 3228 4867 terram.
3262 4811 3395 4868 Vide
3419 4824 3617 4884 quanta
3647 4814 3780 4868 lucis

2196 4899 2369 4968 copia.
2395 4900 2652 4968 Quodque
2679 4887 2782 4954 non
2813 4916 2877 4955 ex
2900 4900 3156 4968 jactantia
3181 4903 3448 4973 loquatur.
3475 4915 3636 4959 testes
3659 4915 3781 4959 sunt

2196 4991 2284 5059 qui
2325 4990 2567 5067 aderant,
2598 4991 2685 5060 qui
2727 5006 2889 5044 manu
2933 4991 3284 5058 deduxerant,
3318 4996 3404 5064 qui
3435 4995 3608 5050 lucem
3640 4998 3780 5052 video

2199 5093 2338 5136 runt.
2372 5083 2423 5137 9.
2459 5083 2557 5150 Qui
2590 5094 2757 5137 autent
2785 5101 2977 5139 mecum
3004 5097 3166 5152 erant,
3197 5088 3362 5142 lumen
3401 5090 3603 5158 quidem
3643 5089 3779 5144 vide-

2198 5184 2334 5238 runt,
2365 5183 2410 5228 et
2431 5176 2652 5228 exterriti
2672 5185 2790 5228 sunt
2808 5193 2826 5240 ,'
2853 5192 3020 5230 vocem
3047 5189 3212 5232 autem
3236 5196 3338 5233 non
3360 5181 3630 5234 audierunt
3650 5184 3777 5252 ejus,

2198 5267 2282 5335 qui
2312 5264 2605 5334 loquebatur
2632 5283 2842 5321 mecum.
2875 5267 2951 5324 Ne
2977 5276 3212 5338 stupeas,
3241 5271 3283 5325 si
3313 5270 3399 5324 hic
3425 5272 3518 5338 ita,
3543 5273 3667 5328 alibi
3692 5289 3777 5326 au-

2201 5367 2306 5412 tem
2337 5358 2414 5412 sic
2443 5359 2689 5426 loquatur
2714 5380 2728 5417 :
2763 5358 3021 5414 Steterunt
3062 5377 3230 5416 vocem
3261 5364 3466 5432 quidem
3489 5367 3776 5428 audientes.

2200 5450 2442 5503 neminem
2483 5459 2646 5502 autem
2675 5450 2896 5506 videntes
2933 5452 3068 5506 (Act.
3105 5452 3155 5508 9.
3197 5453 3273 5522 7).
3316 5455 3428 5511 Non
3471 5468 3596 5512 sunt
3644 5459 3776 5512 enim

2267 5643 2284 5663 ι
2323 5628 2448 5691 Vox,
2467 5641 2784 5692 nequaquam,
2811 5633 2857 5678 tu
2881 5628 3165 5692 quibusdam
3188 5631 3351 5682 deest.
