4148 6152
369 274 475 326 527

428 392 568 460 Ὀρα
627 390 957 460 τεταγμένον
1017 389 1217 459 ἄνδρα,
1278 388 1379 460 ὅρα
1443 389 1786 460 οἰκονομίαν·
1841 388 1889 439 εί
1939 387 2013 457 μὴ

358 477 628 548 χιλίαρχος
649 473 826 548 ἦλθεν,
854 479 900 529 εί
927 476 1001 547 μὴ
1023 477 1230 546 ἔδησεν,
1257 476 1355 530 οὑκ
1380 473 1445 529 ἂν
1474 475 1666 546 ἐδεήθη
1693 475 1850 542 λόγου
1878 476 2014 545 πρὸς

352 565 666 632 ἀπολογίαν,
697 565 798 616 οὐκ
828 563 893 616 ἂν
919 563 1184 631 τοσαύτης
1213 563 1490 615 ἀπέλαυσε
1521 563 1695 632 σιγῆς.
1755 561 2014 629 Ἐπιτρέ-

351 654 582 718 ψιιντος
609 650 676 702 δὲ
697 649 902 713 αὑτοῦ,
935 652 968 703 ό
997 648 1238 715 Παῦλος
1257 662 1282 689 δ
1310 648 1499 714 ἑστὼς
1519 649 1617 702 ἐπὶ
1649 647 1768 701 τῶν
1793 649 2014 703 ἀναϐάν

354 737 532 805 θμῶν.
577 736 684 789 Καὶ
721 737 830 790 ἀπὸ
875 735 969 790 τοῦ
1011 737 1177 789 τόπου
1220 736 1388 807 πολλὴ
1437 738 1470 806 ή
1522 736 1758 796 εύκολία,
1808 735 1868 788 τὸ
1919 734 2016 789 καὶ

353 823 552 892 ὑψηλὸν
583 824 711 877 ὄντα
740 825 1074 895 δημηγορεῖν
1103 825 1196 877 καὶ
1235 823 1532 893 δεδεμένον.
1569 823 1634 875 Τί
1674 823 1865 876 τούτου
1900 825 2014 875 ίσον

351 911 445 963 τοῦ
495 911 802 980 θεάματος,
845 911 996 964 δυσὶν
1036 910 1259 964 ἁλύσεσι
1311 910 1588 981 δεδεμένον
1638 911 1765 963 ἰδεῖν
1803 910 2014 962 Παῦλον

351 997 800 1067 δημηγοροῦντας
852 997 968 1058 πῶς
1004 998 1104 1051 οὐκ
1133 997 1406 1068 ἐταράχθη
1429 1037 1444 1060 ,
1480 997 1596 1060 πῶς
1623 999 1686 1051 οὑ
1722 997 2010 1068 συνεχύθη,

350 1085 603 1138 τοσοῦτον
639 1086 808 1156 δῆμον
850 1085 1376 1155 ἐκπεπολεμωμένον
1421 1085 1562 1154 ὁρῶν
1609 1085 1702 1137 τοῦ
1753 1083 2014 1155 ἄρχοντος

351 1171 653 1238 ἐφεστῶτος
674 1189 688 1236 ;
718 1173 986 1242 Πρότερον
1003 1172 1312 1241 ἀπέστησεν
1334 1173 1530 1234 αὐτοὺς
1553 1171 1647 1224 τοῦ
1674 1170 1870 1241 θυμοῦ,
1895 1168 2015 1225 εἶτα

349 1257 672 1326 διαλέγεται·
705 1258 798 1312 καὶ
839 1259 938 1328 ὅρα
978 1258 1092 1320 πῶς
1135 1259 1431 1328 φρονίμως.
1482 1259 1658 1327 Ὅπερ
1700 1257 1810 1328 γὰρ
1850 1259 1908 1309 ὲν
1946 1262 2012 1328 τῇ

352 1342 490 1411 πρὸς
532 1342 816 1412 Ἐϐραίους
846 1341 1098 1412 ἐπιστολῇ
1133 1343 1375 1412 ἐποίησε,
1424 1340 1581 1394 τοῦτο
1612 1341 1704 1394 καὶ
1743 1341 1974 1394 ἐνταῦθα
1996 1359 2008 1372 ο

353 1430 565 1500 πρῶτον
589 1433 654 1500 τῇ
687 1430 973 1500 συγγενείᾳ
1001 1431 1094 1497 τῆς
1119 1431 1303 1499 φωνῆς
1327 1430 1523 1492 αὐτοὺς
1547 1431 1865 1484 ἐπισπᾶται·
1893 1425 2013 1482 εἶτα

351 1516 500 1585 αύτῷ
538 1516 615 1583 τῷ
648 1517 867 1587 ἡμέρῳ·
894 1516 972 1569 διὸ
1001 1517 1093 1569 καὶ
1125 1515 1281 1570 τοῦτο
1309 1515 1483 1586 δηλῶν
1518 1516 1731 1584 ἐπάγει·
1767 1515 2012 1582 Πολλῆς

349 1602 421 1654 δὲ
487 1602 664 1671 σιγῆς
727 1603 1086 1672 γενομένης,
1146 1602 1615 1672 προσεφώνησε,
1693 1603 1861 1674 φησὶ,
1935 1602 2011 1671 τῇ

361 1689 612 1756 Ἐϐραΐδι
645 1689 935 1754 διαλέκτῳ
966 1690 1189 1760 λέγων·
1225 1690 1464 1758 Ἄνδρες
1493 1689 1741 1758 ἀδελφοὶ
1768 1689 1866 1743 καὶ
1899 1704 2010 1742 πα-

349 1777 536 1842 τέρες,
565 1776 863 1830 ἀκούσατέ
882 1796 1000 1845 μου
1028 1777 1136 1844 τῆς
1158 1777 1308 1845 πρὸς
1339 1777 1494 1846 ὑμᾶς
1522 1781 1638 1830 νῦν
1657 1777 2006 1846 ἀπολογίας.

352 1863 493 1931 Ὂρα
532 1865 624 1916 καὶ
673 1865 961 1928 κολακείας
1007 1865 1426 1935 ἀπηλλαγμένον
1470 1865 1562 1918 τὸν
1609 1865 1766 1933 λόγον
1813 1864 1907 1918 καὶ
1950 1865 2010 1919 τὺ

348 1950 589 2013 ἐπιεικὲς
622 1951 833 2021 ἔχοντα.
875 1953 948 2005 Οὐ
995 1953 1100 2022 γάρ
1140 1948 1281 2018 εἶπε,
1323 1953 1608 2018 Δεσπόται,
1641 1953 1761 2007 οὐδὲ
1793 1952 2006 2024 Κύριοι,

349 2036 506 2099 ἀλλά,
546 2037 844 2106 Ἀδελφοί·
873 2037 901 2091 ὃ
937 2039 1170 2108 μάλιστα
1197 2039 1444 2102 ἐπόθουν,
1478 2039 1608 2092 ὡσεὶ
1646 2039 1829 2109 ἐλεγεν
1853 2057 1866 2072 ·
1896 2041 2010 2094 Ούκ

349 2125 629 2196 ἀλλότριος
655 2126 807 2193 ὑμῶν
841 2127 971 2194 ἐγὼ,
1001 2128 1119 2182 ούδέ
1145 2129 1264 2182 καθ’
1288 2129 1458 2199 ὑμῶν,
1495 2129 1734 2198 1Ἀνδρεις
1758 2130 2010 2200 ἀδελφοί

349 2212 448 2264 καὶ
482 2213 750 2279 πατέρες,
781 2215 935 2282 φησί.
979 2213 1148 2268 Τοῦτο
1175 2215 1374 2285 τιμῆς,
1416 2217 1592 2269 ἐκεῖνο
1633 2216 2004 2287 γνησιότητος.

354 2297 504 2367 [552]
543 2299 867 2353 Ἀκούσατέ
892 2317 1008 2368 μου
1033 2300 1139 2368 τῆς
1167 2301 1313 2368 πρὸς
1334 2301 1487 2371 ὑμᾶς
1517 2303 1636 2357 νῦν
1659 2304 2004 2373 ἀπολογίας.

349 2386 466 2437 Οὐκ
495 2381 635 2450 εἶπε,
669 2388 1045 2452 Διδασκαλίας,
1070 2389 1188 2442 ούδέ
1212 2429 1226 2452 ,
1255 2389 1625 2462 Δημηγορίας,
1656 2391 1810 2456 ἀλλά,
1855 2393 2014 2445 Ἀπο·

346 2471 558 2540 λογίας
579 2487 590 2500 ·
620 2473 679 2525 ἐν
705 2473 856 2539 τάξει
884 2474 1061 2527 ἱκέτου
1089 2476 1276 2528 ἐαυτὸν
1309 2476 1649 2547 καθίστησιν.
1689 2478 2006 2532 Ἀκούσαν-

345 2574 446 2621 τες
469 2557 556 2623 δὲ,
584 2559 671 2612 ὅτι
695 2559 767 2627 τῇ
803 2561 1055 2629 Ἐϐραΐδι
1076 2561 1367 2627 διαλέκτῳ
1395 2565 1762 2633 προσεφώνει
1781 2563 2005 2629 αὐτοῖς,

347 2643 582 2705 μᾶλλον
614 2647 924 2714 παρέσχον
959 2649 1246 2717 ἡσυχίαν.
1292 2651 1452 2721 Ὁρᾷς
1473 2690 1488 2713 ,
1517 2651 1634 2714 πῶς
1666 2651 1863 2712 αὐτοὺς
1895 2644 2007 2704 εἷλε

345 2732 408 2784 τὸ
439 2732 758 2802 ὁμόφωνον;
794 2729 938 2804 εἶχον
969 2735 1078 2806 γάρ
1121 2753 1242 2790 τινα
1285 2736 1420 2789 αἰδῶ
1455 2737 1590 2807 πρὸς
1628 2737 1726 2805 τὴν
1763 2736 2008 2805 γλῶτταν

346 2819 581 2890 ἐκείνην.
618 2820 763 2890 Ὅρα
792 2821 847 2874 δέ
880 2823 974 2874 καὶ
1012 2822 1128 2885 πῶς
1171 2823 1511 2892 προοδοποιεῖ
1542 2822 1619 2892 τῷ
1657 2823 1799 2894 λόγῳ
1836 2823 2008 2888 οὕτως

345 2907 645 2977 ἀρχόμενος
678 2909 769 2960 καὶ
803 2907 1006 2975 λέγων·
1046 2908 1192 2976 Ἐγὼ
1216 2909 1333 2976 μέν
1359 2911 1475 2977 εἶμι
1503 2909 1659 2978 ἀνὴρ
1699 2910 2004 2980 Ἰουδαῖος,

344 2993 776 3062 γεγεννημένος
808 2994 875 3046 ἐν
921 2993 1130 3061 Ταρσῷ
1161 2993 1270 3062 τῆς
1313 2996 1611 3062 Κιλικίας,
1647 2998 2009 3068 ἀνατεθραμ-

337 3079 524 3148 μένος
553 3081 622 3132 ἐν
647 3079 720 3147 τῇ
756 3079 932 3133 πόλει
955 3081 1139 3148 ταύτῃ
1167 3081 1324 3148 παρά
1356 3081 1497 3148 τοὺς
1525 3082 1714 3158 πόδας
1744 3088 2006 3155 Γαμαλι-

341 3170 522 3234 ήλου,
541 3167 1010 3236 πεπαιδευμένος
1029 3167 1095 3220 δὲ
1117 3168 1262 3222 κατὰ
1289 3169 1590 3237 ἀκρίϐειαν
1610 3172 1714 3225 τοῦ
1735 3173 2005 3241 πατρῴου

342 3255 554 3320 νόμου,
595 3250 855 3321 ζηλωτὴς
890 3255 1176 3324 ὑπάρχων
1207 3257 1313 3312 τοῦ
1345 3258 1523 3322 Θεοῦ,
1557 3259 1748 3326 καθὼς
1781 3261 2005 3330 πάντες

340 3338 512 3406 ὑμεῖς
530 3340 670 3392 ἐστε
690 3339 972 3408 σήμερον.
1010 3341 1155 3410 Ἐγὼ
1171 3343 1286 3411 μέν
1309 3345 1447 3411 ειμι,
1469 3345 1652 3415 φησὶν,
1680 3347 1834 3415 ἀνὴρ
1869 3349 2004 3404 Ἰου-

338 3424 527 3490 δαῖος·
560 3424 588 3476 ὃ
615 3426 850 3496 μάλιστα
881 3427 1097 3480 πάντων
1119 3429 1345 3482 ἐπόθουν
1366 3430 1614 3485 ἀκοῦσαι.
1645 3436 2003 3504 Γεγεννημέ-

339 3531 446 3580 νος
475 3514 547 3567 ἐν
581 3513 784 3582 Ταρσῷ
822 3513 931 3583 τῆς
958 3517 1246 3583 Κιλικίας.
1279 3518 1395 3572 Ἵνα
1429 3520 1503 3590 μὴ
1547 3521 1707 3574 πάλιν
1739 3523 2002 3593 νομίσωσι

338 3600 398 3653 τὸ
434 3601 586 3664 ἔθνος
617 3602 772 3665 ἄλλο,
800 3602 897 3672 τὴν
932 3602 1228 3674 θρησκείαν
1271 3607 1567 3676 ἐπήγαγεν.
1621 3609 1999 3682 Ἀνατεθραμ-

336 3688 516 3754 μένος
554 3687 621 3740 δὲ
655 3689 724 3741 ἐν
755 3688 830 3758 τῇ
864 3690 1035 3744 πόλει
1069 3692 1274 3760 ταύτῃ.
1307 3693 1419 3762 Τὴν
1451 3695 1648 3766 πολλὴν
1685 3697 1851 3750 αὑτοῦ
1891 3698 1999 3751 δεί-

341 3793 496 3829 κνυσι
531 3776 764 3847 σπουδὴν
792 3777 891 3848 τὴν
924 3780 1050 3846 περὶ
1073 3779 1169 3848 τὴν
1199 3780 1474 3852 λατρείαν,
1501 3783 1632 3837 ὅπου
1665 3801 1728 3852 γε
1776 3787 1870 3838 καὶ
1905 3804 2002 3839 πα-

340 3863 490 3932 τρίδα
534 3863 866 3935 τηλικαύτην
908 3865 1067 3934 ἀφεὶς
1097 3867 1348 3921 τοσοῦτον
1378 3869 1725 3938 ἀφεστῶσαν,
1767 3873 2000 3928 ἐνταῦθα

341 3949 511 4003 εἵλετο
536 3951 809 4020 τραφῆναι
844 3951 930 4006 διὰ
955 3952 1046 4004 τὸν
1075 3953 1258 4023 νόμον.
1289 3955 1430 4026 Ὅρα
1457 3957 1574 4020 πῶς
1595 3956 1798 4013 ἄνωθεν
1831 3977 2000 4031 προσ-

341 4039 446 4106 εῖχε
484 4037 568 4106 τῷ
596 4037 764 4108 νόμῳ.
797 4038 982 4092 Ταῦτα
1009 4039 1066 4092 δέ
1093 4041 1154 4093 ού
1186 4041 1322 4112 πρὸς
1349 4043 1588 4106 ἐκείνους
1625 4045 1998 4118 ἀπολογούμε-

339 4140 424 4187 νος
467 4124 632 4195 μόνον
681 4126 875 4195 φησὶν,
923 4126 1057 4181 ἀλλά
1106 4129 1338 4193 δεικνὺς,
1387 4130 1470 4183 ὅτι
1522 4133 1622 4184 οὐκ
1672 4133 1998 4206 ἀνθρωπίνῳ

341 4210 526 4282 σκοπῷ
560 4211 696 4280 πρὸς
733 4211 796 4264 τὸ
824 4213 1086 4284 κήρυγμα
1113 4215 1276 4286 ἢχθη,
1312 4215 1447 4270 ἀλλά
1481 4217 1602 4289 θείᾳ
1635 4219 1862 4290 δυνάμει
1886 4237 1900 4254 ·
1935 4222 1994 4274 ού

339 4296 442 4366 γὰρ
483 4298 557 4352 ἂν
601 4298 744 4351 οὑτω
777 4301 1206 4372 πεπαιδευμένος
1250 4302 1443 4373 ἀθρόον
1483 4305 1740 4378 μετέστη.
1783 4309 1846 4360 Et
1898 4309 1998 4377 μέν

339 4383 442 4454 γὰρ
464 4381 536 4457 ἦν
567 4402 650 4448 τις
675 4385 782 4439 τῶν
816 4387 1024 4440 πολλῶν
1044 4430 1058 4454 ,
1093 4390 1236 4452 εἰκὸς
1264 4385 1332 4460 ἦν
1359 4391 1515 4444 τοῦτο
1547 4393 1914 4448 ὑποπτεῦσαι·
1949 4396 1996 4448 εί

339 4468 393 4522 δὲ
428 4473 538 4525 τῶν
591 4472 822 4542 μάλιστα
861 4475 1080 4528 πάντων
1109 4477 1485 4546 κατεχομένων
1518 4477 1623 4530 ὑπὸ
1667 4477 1762 4532 τοῦ
1806 4481 1994 4551 νόμου,

341 4558 434 4611 οὑκ
458 4555 528 4631 ἦν
562 4561 709 4626 εἰκὸς
736 4562 921 4625 ἁπλῶς
953 4562 1045 4616 καὶ
1082 4563 1338 4633 οὐδεμιᾶς
1375 4565 1620 4632 ἀνάγκης
1656 4567 1884 4638 ἰσχυρᾶς
1915 4569 1999 4622 οὔ·

344 4658 437 4711 σης
466 4645 792 4713 μεταθέσθαι
835 4648 1016 4700 αὐτόν.
1061 4648 1196 4701 Ἀλλ’
1243 4651 1372 4712 ίσως
1412 4651 1555 4704 εῐποι
1591 4669 1674 4715 τις
1708 4653 1792 4706 ἀν·
1833 4655 1996 4709 Ούδὲν

341 4729 490 4785 τοῦτο
520 4735 689 4795 ποιεῖ,
716 4735 799 4787 ὅτι
829 4735 1061 4789 ἐνταῦθα
1093 4737 1390 4808 ἀνετράφη·
1426 4738 1480 4790 τί
1509 4739 1616 4809 γὰρ
1644 4741 1693 4793 εί
1725 4743 1866 4796 κατά
1893 4745 1993 4813 ἐμ-

343 4819 534 4883 πορίαν
560 4818 592 4888 ἥ
623 4823 742 4873 κατ’
766 4820 931 4892 ἄλλην
963 4823 1082 4877 τινὰ
1112 4825 1288 4879 αἰτίαν
1324 4826 1552 4879 ἐνταῦθα
1581 4827 1846 4896 γέγονας;
1876 4833 1992 4884 ’Ὶνα

343 4903 510 4957 τοίνυν
544 4906 619 4976 μὴ
647 4907 735 4961 διὰ
766 4908 922 4961 τοῦτο
946 4911 1200 4982 νομισθῇ,
1227 4915 1493 4983 ἐπήγαγε,
1527 4915 1690 4983 Παρὰ
1719 4918 1856 4983 τοὺς
1886 4921 1992 4971 πό-

344 4987 447 5075 δας
481 4995 874 5062 Γαμαλιήλου
894 5012 907 5026 ·
949 4998 1042 5050 καλ⁵
1077 5000 1174 5068 οὐχ
1205 5001 1389 5064 ἁπλῶς
1431 5001 1552 5055 εἷπε
1575 5041 1588 5065 ,
1620 5004 1777 5074 Παρὰ
1811 5006 1992 5075 Γαμα-

344 5072 515 5143 λιήλου
536 5120 552 5141 ,
580 5080 733 5146 ἀλλά,
770 5082 935 5148 Παρὰ
969 5083 1109 5145 τοὺς
1141 5086 1330 5152 πόδας
1355 5130 1368 5151 ,
1402 5088 1500 5158 τὴν
1535 5072 1861 5160 καρτερίαν,
1892 5072 1993 5160 τὴν

346 5167 692 5250 προσεδρείαν
712 5207 727 5230 ,
756 5167 854 5236 τὴν
887 5169 1118 5239 σπουδὴν
1142 5169 1239 5243 τὴν
1277 5175 1404 5244 περὶ
1426 5175 1526 5245 τὴν
1556 5177 1821 5248 ἀκρόασιν
1839 5221 1854 5244 ,
1895 5179 1993 5250 τήν

347 5248 536 5321 πολλὴν
566 5254 701 5322 πρὸς
740 5253 830 5305 τὸν
870 5253 1037 5325 ἄνδρα
1077 5256 1209 5308 αἰδῶ
1235 5258 1468 5322 δεικνύς.
1515 5248 1992 5334 Πεπαιδευμένος

349 5337 489 5422 κατὰ
504 5339 807 5406 ἀκρίϐειαν
827 5340 931 5394 τοῦ
951 5340 1220 5408 πατρῴου
1243 5346 1450 5413 νόμου.
1466 5347 1576 5416 Ούχ
1599 5350 1782 5414 ἀπλῶς
1802 5353 1988 5422 νόμου,

347 5420 472 5475 ἀλλὰ
527 5427 636 5479 Τοῦ
681 5427 956 5495 πατρῴου
996 5430 1348 5500 προστίθησι·
1396 5433 1608 5498 δεικνὺς
1661 5437 1742 5489 ὅτι
1785 5420 1990 5493 ἄνωθεν

346 5509 573 5574 τοιοῦτος
595 5508 682 5583 ἦν,
723 5517 816 5567 καὶ
844 5517 942 5586 οὐχ
973 5515 1160 5578 ἁπλῶς
1191 5517 1347 5581 εἰδὼς
1373 5519 1462 5572 τὸν
1493 5521 1673 5591 νόμον.
1709 5525 1891 5580 Ταῦτα
1933 5529 1988 5581 δὲ

349 5591 486 5648 δοκεῖ
516 5598 612 5665 μέν
642 5602 780 5673 ὑπὲρ
809 5603 1030 5655 ἐκείνων
1065 5602 1354 5670 λέγεσθαι,
1386 5607 1506 5659 κατ’
1539 5608 1758 5662 ἐκείνων
1801 5611 1858 5664 δέ
1896 5603 1983 5678 ἦν,

349 5678 398 5727 εἴ
427 5697 486 5748 γε
514 5685 604 5737 καὶ
631 5687 783 5752 εἰδὼς
809 5690 971 5742 αὑτὸν
1002 5689 1202 5744 εἴασεν.
1252 5687 1382 5744 Εἶτα
1407 5733 1422 5757 ,
1473 5692 1556 5746 ἵνα
1588 5695 1662 5766 μὴ
1703 5697 1862 5751 πάλιν
1905 5718 1986 5764 τις

358 5813 569 5923 “Iliae,
603 5824 928 5888 ἐπιτρέψαντος
966 5832 1016 5879 δὲ
1047 5830 1213 5892 αὑτοῦ,
1258 5835 1284 5881 ὁ
1328 5832 1534 5896 Παῦλος,
1578 5849 1703 5885 unus
1748 5849 1842 5887 non
1893 5840 1979 5891 ha—

657 5978 922 6035 PATBOL.
971 5974 1086 6036 Gn.
1135 5973 1264 6037 LX.

1396 273 1461 328 IN
1501 271 1678 327 ACTA
1725 268 2257 327 APOSTOLORUM.
2286 269 2518 328 HOMIL.
2552 269 2760 327 XLVII.

3678 267 3782 322 39.8

2121 391 2408 463 ἐπενέγκῃ·
2453 391 2504 444 τί
2530 384 2643 454 οῦν,
2674 389 2722 441 εί
2755 383 2900 450 οἶδας
2932 386 3030 457 μὲν
3057 384 3296 455 ἀκριϐῶς
3327 383 3417 438 τὸν
3455 385 3648 456 νόμον,
3683 386 3782 438 οὐκ

2121 477 2355 540 ἐκδικεῖς
2393 477 2450 530 δέ
2491 477 2612 530 ούδέ
2639 475 2844 544 φιλεῖς;
2883 473 3199 541 Ζηλωτὴς.
3233 473 3429 542 φησὶν,
3457 473 3744 540 ὑπάρχων
3767 489 3781 503 ·

2118 566 2422 626 τουτέστιν,
2468 565 2564 633 οὑχ
2595 563 2779 626 ἁπλῶς
2823 561 3010 624 εἰδὼς,
3056 560 3190 614 ἀλλά
3227 561 3322 614 καὶ
3362 561 3565 632 σφόδρα
3606 559 3784 629 ζηλῶν

2121 653 2259 721 ὑπὲρ
2287 651 2474 705 αὑτοῦ.
2507 647 2661 714 Εἶτα,
2693 649 2880 718 ἐπειδὴ
2915 648 3128 716 μεγάλα
3166 666 3231 701 πε
3243 649 3296 717 ρὶ
3325 649 3490 702 αὑτοῦ
3535 648 3784 719 ἐγκώμια

2119 735 2258 798 εἶπε,
2288 741 2458 790 κοινοῖ
2497 737 2588 791 τὸν
2625 737 2782 805 λόγον
2807 733 3010 797 λοιπὸν,
3045 735 3268 802 ἐπάγων
3288 775 3303 797 ,
3328 735 3533 801 Καθὼς
3562 734 3788 800 πάντες

2118 824 2287 892 ὑμεῖς
2317 825 2458 878 ἐστε
2490 822 2776 893 σήμερον.
2811 823 3062 875 Δείκνυσι
3085 821 3195 892 γάρ
3222 822 3416 884 αὐτοὺς
3453 822 3554 874 οὑκ
3581 820 3786 890 ἀνθρω-

2121 913 2260 982 πίνῳ
2283 911 2469 982 σκοπῷ
2497 910 2803 974 ποιοῦντας,
2835 909 2970 963 ἀλλά
2995 907 3141 979 ζήλῳ
3165 908 3313 977 θείῳ.
3344 908 3513 962 Τοῦτο
3530 908 3587 961 δὲ
3613 907 3782 976 λέγει,

2120 999 2476 1071 χαριζόμενος
2524 999 2705 1062 αὐτοῖς
2751 998 2846 1052 καὶ
2893 995 3436 1067 προκαταλαμϐάνων
3479 995 3656 1049 αὑτῶν
3687 994 3785 1066 τὴν

2119 1087 2377 1151 διάνοιαν,
2414 1087 2506 1139 καὶ
2538 1087 2783 1156 κατέχων
2812 1088 2868 1138 ἐν
2893 1080 2975 1147 οἷς
3007 1083 3202 1153 βλάϐος
3229 1083 3381 1136 οὐδὲν
3409 1079 3496 1152 ἦν.
3529 1079 3660 1136 Εἶτα
3689 1082 3786 1135 καὶ

2120 1175 2396 1244 τεκμήρια
2459 1173 2730 1244 παράγει,
2792 1175 2981 1240 λέγων·
3046 1172 3153 1236 ’⁸ος
3203 1172 3426 1238 ταύτην
3480 1169 3596 1236 τὴν
3641 1169 3787 1224 ὁδὸν

2117 1259 2332 1323 ἐδίωξα
2362 1261 2472 1326 ἕως
2518 1260 2797 1324 θανάτου,
2825 1259 3132 1328 δεσμεύων
3163 1257 3259 1312 καί
3291 1255 3656 1325 παραδιδοὺς
3699 1257 3786 1321 είς

2118 1346 2393 1412 φυλακὰς
2414 1346 2636 1415 ἄνδρας
2656 1364 2719 1400 τε
2744 1346 2840 1399 καί
2867 1345 3181 1414 γυναῖκας,
3204 1345 3284 1408 ὼς
3304 1343 3399 1396 καί
3427 1346 3459 1397 ὁ
3478 1341 3782 1411 ἀρχιερεὺς

2113 1433 2402 1502 μαρτυρεῖ
2420 1452 2518 1502 μοι
2539 1475 2556 1500 ,
2591 1434 2688 1488 καὶ
2711 1433 2834 1487 πᾶν
2865 1433 2930 1486 τὸ
2957 1431 3400 1500 πρεσϐυτέριον.
3440 1430 3558 1483 Ἵνα
3598 1428 3784 1500 μηδεὶς

2119 1519 2280 1592 εἴπῃ·
2322 1522 2430 1574 Καὶ
2469 1521 2628 1573 πόθεν
2659 1521 2816 1573 τοῦτο
2852 1519 3050 1588 δῆλον;
3089 1519 3377 1592 μάρτυρας
3411 1516 3650 1587 παράγει
3689 1515 3784 1568 αὑ-

2116 1607 2207 1660 τὸν
2236 1608 2326 1660 τὸν
2358 1609 2616 1679 ἀρχιερέα
2640 1608 2734 1662 καὶ
2759 1611 2882 1672 τοὺς
2915 1607 3338 1679 πρεσϐυτέρους.
3375 1606 3482 1660 Καὶ
3509 1603 3657 1673 λέγει
3685 1604 3784 1674 μὲν

2117 1693 2341 1747 λεαίνων
2364 1735 2376 1756 ,
2405 1693 2686 1762 Ζηλωτὴς
2717 1694 3000 1764 ὑπάρχων
3025 1693 3172 1766 [555]
3198 1693 3389 1760 καθὼς
3418 1692 3604 1762 ὑμεῖς,
3631 1709 3786 1745 τουτο

2117 1781 2262 1833 ἐστιν
2285 1821 2298 1842 ,
2331 1782 2443 1844 ἴσος
2478 1783 2603 1851 ὑμῖν
2624 1800 2635 1812 ·
2667 1782 2901 1836 δείκνυσι
2931 1783 2988 1836 δέ
3026 1782 3115 1836 διά
3155 1783 3264 1835 τῶν
3287 1782 3495 1852 ἔργων,
3529 1781 3609 1835 ὅτι
3645 1780 3784 1852 ὑπὲρ

2116 1869 2313 1930 αὐτοὺς
2337 1864 2422 1938 ἦν.
2455 1869 2526 1922 Ού
2554 1869 2660 1940 γὰρ
2697 1869 2760 1941 δή
2790 1869 3113 1940 περιέμενον
3147 1869 3285 1923 ὥστε
3317 1867 3620 1932 συλλαϐεῖν,
3647 1867 3782 1922 ἀλλά

2118 1957 2210 2008 καὶ
2250 1957 2372 2018 τοὺς
2403 1955 2580 2026 ἱερέας
2615 1957 2916 2028 διήγειρον,
2945 1958 3040 2010 καὶ
3077 1957 3385 2026 ἀποδημίας
3429 1957 3776 2026 ἐστελλόμην·

2116 2042 2209 2094 καὶ
2236 2041 2355 2094 οὐδὲ
2391 2043 2584 2112 μέχρις
2613 2043 2822 2113 ἀνδρῶν
2852 2044 3092 2115 ἐχώρουν
3128 2045 3380 2115 καθάπερ
3419 2044 3608 2113 ὑμεῖς,
3647 2042 3784 2097 ἀλλά

2116 2131 2208 2182 καὶ
2229 2131 2519 2197 γυναικῶν·
2546 2131 2639 2184 καὶ
2655 2131 2934 2201 δεσμεύων
2962 2132 3196 2196 πάντας,
3227 2132 3320 2186 καὶ
3339 2133 3419 2194 είς
3435 2131 3783 2202 δεσμωτήρια

2115 2217 2417 2286 ἐμϐάλλων.
2461 2219 2970 2290 Ἀναμφισϐήτητος
3001 2223 3032 2292 ἡ
3070 2220 3366 2291 μαρτυρία,
3401 2219 3783 2287 ἀναπολόγητα

2115 2305 2183 2356 τὰ
2226 2305 2332 2360 τῶν
2374 2305 2661 2361 Ἰουδαίων.
2701 2307 2842 2378 Ὅρα
2875 2307 3074 2369 πόσους
3107 2307 3346 2377 παράγει
3390 2307 3692 2379 μάρτυρας,
3721 2307 3783 2360 τὸ

2117 2391 2529 2461 πρεσϐυτέριον,
2557 2392 2648 2445 τὸν
2677 2393 2956 2464 ἀρχιερέα,
2995 2395 3120 2455 τοὺς
3147 2396 3203 2448 ἐν
3228 2396 3293 2464 τῇ
3326 2393 3498 2446 πόλει.

2188 2476 2251 2546 β’.
2292 2478 2463 2532 Βλέπε
2483 2478 2539 2532 δὲ
2557 2479 2718 2533 αὑτοῦ
2743 2483 2835 2534 καὶ
2847 2480 2945 2551 τὴν
2964 2481 3255 2550 ἀπολογίαν
3275 2482 3338 2533 ού
3365 2481 3564 2544 δειλίας
3592 2476 3780 2546 οὖσαν,

2115 2565 2250 2618 ἀλλά
2285 2565 2630 2629 διδασκαλίας
2674 2567 2872 2636 μᾶλλον
2909 2567 3002 2620 καὶ
3040 2568 3418 2638 κατηχήσεως.
3469 2569 3530 2622 Εἰ
3563 2568 3670 2639 γὰρ
3705 2569 3780 2639 μὴ

2114 2651 2252 2703 λίθοι
2283 2646 2422 2720 ἦσαν
2448 2653 2496 2704 oi
2521 2653 2834 2716 ἀκούοντες,
2870 2656 3158 2724 προσεῖχον
3199 2655 3265 2707 ἂν
3292 2657 3404 2718 τοῖς
3438 2655 3777 2726 λεγομένοις.

2114 2739 2292 2808 Μέχρι
2312 2738 2422 2809 γὰρ
2442 2737 2628 2791 τούτου
2663 2738 2948 2811 μάρτυρας
2993 2735 3138 2809 εἶχεν
3169 2741 3390 2804 αὐτοὺς,
3420 2741 3490 2794 τὰ
3529 2742 3586 2796 δὲ
3617 2742 3782 2798 λοιπὰ

2115 2827 2427 2896 ἀμάρτυρα.
2458 2825 2597 2894 Παρ’
2635 2820 2723 2880 ὧν
2750 2825 2844 2878 καὶ
2881 2825 3209 2891 ἐπιστολὰς
3240 2826 3587 2895 δεξάμενος,
3631 2829 3782 2896 πρὸς

2113 2907 2255 2975 τοὺς
2275 2908 2577 2978 ἀδελφοὺς
2607 2911 2693 2974 είς
2723 2909 3042 2976 Δαμασκὸν
3077 2908 3469 2977 ἐπορευόμην,
3497 2909 3659 2974 ᾶξων
3682 2912 3782 2964 καὶ

2113 2995 2254 3062 τοὺς
2272 2995 2472 3049 ἐκεῖσε
2513 2995 2693 3061 ὄντας
2730 2993 3086 3063 δεδεμένους
3115 2996 3202 3060 είς
3232 2993 3648 3063 Ἰερουσαλὴμ,
3680 2996 3779 3049 ἵνα

2111 3083 2544 3152 τιμωρηθῶσιν.
2583 3083 2850 3150 Ἐγένετο
2871 3081 2938 3134 δὲ
2975 3081 3350 3150 πορευομένῳ
3372 3099 3474 3150 μοι
3509 3081 3605 3136 καί
3627 3083 3782 3152 ἐγγί-

2113 3169 2264 3232 ζοντι
2291 3167 2367 3238 τῇ
2395 3167 2705 3239 Δαμασκῷ,
2776 3167 2910 3237 περὶ
2955 3168 3336 3238 μεσημϐρίαν
3391 3168 3680 3238 ἐξαίφνης
3708 3170 3778 3223 ἐκ

2110 3259 2216 3312 τοῦ
2242 3256 2500 3327 οὐρανοῦ
2556 3254 2999 3324 περιαστράψαι
3048 3253 3172 3325 φῶς
3225 3255 3435 3310 ἱκανὸν
3481 3257 3614 3325 περὶ
3651 3258 3775 3327 ἐμὲ,

2109 3346 2337 3400 ἔπεσόν
2364 3361 2428 3399 τε
2452 3347 2538 3410 είς
2570 3344 2636 3397 τὸ
2673 3341 2916 3412 ἔδαφος,
2947 3344 3044 3397 καί
3082 3342 3311 3412 ἤκουον
3341 3342 3546 3412 φωνῆς
3567 3346 3779 3414 λεγού-

2109 3449 2226 3501 σης
2267 3450 2403 3503 μοι·
2443 3432 2665 3496 Σαοὺλ,
2717 3431 2937 3497 Σαοὺλ,
2985 3431 3043 3484 τί
3080 3447 3150 3497 με
3200 3430 3466 3498 διώκεις;
3507 3431 3655 3500 Ἐγὼ
3710 3432 3778 3485 δὲ

2108 3521 2468 3589 ἀπεκρίθην·
2505 3521 2599 3585 Τίς
2644 3515 2714 3582 εἷ,
2755 3520 2964 3587 Κύριε;
3021 3514 3168 3572 Εἷπέ
3200 3535 3265 3571 τε
3292 3521 3442 3586 πρός
3462 3535 3541 3588 με
3569 3535 3583 3549 ·
3634 3519 3778 3587 Ἐγώ

2107 3611 2222 3676 είμι
2257 3606 2498 3676 Ἰησοῦς
2527 3611 2559 3662 ό
2601 3605 2956 3674 Ναζωραῖος,
3011 3605 3082 3659 ὃν
3113 3605 3194 3660 σὺ
3239 3603 3489 3672 διώκεις.
3525 3605 3776 3661 Μάλιστα

2111 3696 2210 3765 μὲν
2249 3690 2341 3748 οὖν
2374 3693 2674 3748 καὶταῦτα
2717 3693 3006 3758 ἀξιόπιστα
3049 3692 3154 3746 ἔδει
3206 3687 3342 3745 εἶναι
3365 3693 3473 3746 ἀπὸ
3505 3693 3614 3746 τῶν
3640 3710 3774 3763 προ-

2107 3782 2380 3836 λαϐόντων
2410 3797 2424 3810 ·
2451 3781 2510 3833 ού
2548 3782 2654 3850 γὰρ
2687 3781 2750 3834 ἂν
2781 3781 3147 3851 μετεστράφη.
3182 3780 3247 3833 Τί
3273 3777 3385 3845 οὖν,
3409 3781 3457 3833 εί
3477 3781 3770 3850 κομπάζεις

2106 3868 2300 3937 φησίν;
2329 3867 2592 3936 Οὐδαμῶς
2621 3865 2668 3918 b.
2704 3865 2799 3918 Διά
2840 3865 2893 3918 τί
2943 3865 3051 3936 γὰρ
3107 3865 3359 3920 τοσοῦτον
3399 3866 3656 3936 ἐξαίφνης
3681 3867 3773 3938 Ep-

2108 3955 2231 4027 ριψε
2261 3955 2421 4026 ζῆλον
2449 3973 2462 4020 ;
2492 3954 2611 4008 είπέ
2640 3971 2750 4024 μοι.
2788 3953 2964 4025 Τιμὴν
2995 3954 3348 4025 προσδοκῶν;
3389 3955 3500 4008 Καὶ
3529 3956 3636 4027 μὴν
3672 3958 3769 4010 τάο

2107 4044 2294 4097 ναντία
2329 4043 2621 4112 ὑπέμεινεν
2651 4058 2663 4071 ·
2707 4041 2833 4096 ἀλλ’
2886 4041 3100 4107 ἀνεσιν;
3146 4041 3282 4095 Οὑδὲ
3319 4041 3477 4094 τοῦτο
3499 4059 3513 4073 ·
3541 4042 3677 4095 ἀλλά
3715 4043 3769 4095 τί

2105 4131 2326 4201 ἓτερονς
2384 4131 2535 4182 Ἀλλ’
2582 4129 2734 4182 οὐδὲν
2799 4127 2907 4182 ἀπὸ
2953 4128 3228 4196 λογισμῶν
3285 4129 3464 4198 εὑρεῖν
3522 4127 3766 4184 δυνατόν.

2104 4217 2288 4270 Ταῦτα
2340 4217 2518 4270 τοίνυν
2564 4216 2722 4285 ἀφεὶς
2762 4217 2944 4278 αὐτοῖς
2994 4215 3309 4282 συλλέγειν,
3363 4214 3429 4268 τὰ
3470 4215 3770 4286 πράγματα

2103 4307 2388 4375 διηγεῖται.
2436 4303 2754 4373 Ἐγγίζοντί
2777 4321 2901 4372 μοι,
2955 4305 3110 4374 φησὶ,
3166 4303 3239 4370 τῇ
3291 4305 3601 4372 Δαμασκῷ,
3631 4309 3768 4377 περὶ

2102 4392 2473 4465 μεσημϐρίαν
2493 4390 2784 4458 ἐξαίφνης
2810 4390 2877 4443 ἐκ
2903 4391 3007 4443 τοῦ
3042 4390 3300 4458 οὐρανοῦ
3328 4393 3767 4462 περιαστράψαι

2103 4481 2225 4551 φῶς
2254 4480 2463 4534 ἱκανὸν
2488 4478 2619 4546 περὶ
2645 4478 2767 4547 ἐμὲ,
2801 4479 3029 4532 ἔπεσόν
3055 4495 3118 4531 τε
3146 4479 3235 4543 είς
3263 4477 3329 4531 τὸ
3355 4479 3597 4549 ἔδαφος.
3623 4481 3766 4553 Ὅρα

2104 4568 2244 4638 πόση
2269 4569 2302 4638 ἡ
2330 4565 2600 4638 ὑπερϐολὴ
2640 4564 2734 4619 τοῦ
2777 4563 2973 4634 φωτός.
3014 4564 3123 4619 Καὶ
3171 4565 3251 4619 ὅτι
3291 4565 3352 4620 ού
3400 4566 3689 4635 κομπάζω,
3713 4569 3764 4622 οί

2104 4657 2352 4729 συνόντες
2386 4652 2769 4726 μαρτυροῦσιν,
2828 4655 2875 4706 οί
2928 4653 3421 4724 χειραγωγοῦντες,
3472 4657 3520 4707 οί
3557 4655 3617 4708 τὸ
3649 4655 3764 4724 φῶς

2101 4744 2443 4815 θεασάμενοι.
2479 4745 2543 4797 Ol
2577 4742 2645 4796 δὲ
2675 4742 2796 4797 σὺν
2831 4742 2961 4811 ἐμοὶ
3007 4741 3177 4806 ὄντες
3214 4741 3277 4795 τὸ
3305 4742 3423 4810 μὲν
3449 4740 3574 4812 φῶς
3607 4742 3764 4798 ἐθεά-

2099 4847 2307 4895 σαντο,
2352 4831 2448 4885 καὶ
2490 4830 2734 4898 ἔμφοϐοι
2787 4828 3085 4896 ἐγένοντο,
3135 4829 3250 4894 τὴν
3297 4827 3366 4881 δὲ
3411 4829 3622 4898 φωνὴν
3650 4831 3762 4883 οὐκ

2098 4918 2373 4986 ἤκουσαν
2423 4917 2529 4971 τοῦ
2580 4915 2918 4980 λαλοῦντός
2963 4933 3085 4983 μοι.
3150 4915 3332 4983 Μηδὲν
3383 4917 3648 4987 ξενισθῇς,
3711 4919 3761 4969 εί

2097 5003 2328 5056 ἐνταῦθα
2355 5002 2452 5072 μέν
2481 5000 2672 5064 οὕτως,
2695 4999 2920 5072 ἑτέρωθι
2945 5001 3002 5054 δὲ
3037 5001 3203 5068 λέγει,
3236 5002 3318 5053 ὅτι
3359 5002 3762 5067 Είστήκεισαν

2097 5091 2209 5156 τὴν
2232 5090 2348 5157 μὲν
2374 5087 2581 5156 φωνὴν
2613 5089 2953 5154 ἀκούοντες,
2996 5089 3226 5157 μηδένα
3273 5087 3340 5141 δέ
3381 5089 3756 5156 θεωροῦντες.

2097 5178 2208 5230 Οὐκ
2227 5177 2341 5228 ἔστι
2362 5175 2519 5229 τοῦτο
2543 5175 2800 5230 ἐναντίον.
2840 5177 3020 5229 Φωναὶ
3063 5177 3172 5246 γὰρ
3193 5175 3284 5229 δύο
3305 5171 3465 5246 ἦσαν,
3485 5179 3516 5245 ἠ
3545 5177 3757 5231 Παύλου

2098 5263 2190 5317 καὶ
2223 5265 2256 5334 ή
2295 5263 2386 5318 τοῦ
2415 5263 2618 5333 Κυρίου
2649 5281 2661 5294 ·
2706 5263 2804 5334 τήν
2838 5265 3018 5332 φωνὴν
3064 5262 3244 5316 τοίνυν
3283 5265 3398 5316 ἐκεῖ
3427 5262 3520 5316 τοῦ
3543 5264 3756 5318 Παύλου

2095 5350 2264 5418 λέγει,
2293 5349 2601 5402 ἐνταῦθαδέ
2644 5350 2736 5404 καὶ
2793 5349 3131 5420 προσέθηκεν
3176 5348 3364 5411 εἰπὼν,
3404 5349 3522 5417 Τὴν
3543 5350 3756 5420 φωνὴν

2095 5434 2204 5485 οὑκ
2231 5431 2505 5499 ἤκουσαν
2530 5430 2635 5484 τοῦ
2660 5431 3000 5496 λαλοῦντός
3019 5448 3140 5500 μοι.
3166 5429 3376 5483 Οὐκοῦν
3400 5430 3480 5496 τὺ,
3507 5431 3755 5498 Μηδένα

2095 5518 2470 5587 θεωροῦντες,
2506 5518 2566 5570 ού
2594 5517 2687 5570 τοῦ
2721 5519 2868 5580 ίδεῖν,
2900 5517 3036 5571 ἀλλά
3074 5513 3168 5569 τοῦ
3204 5517 3277 5586 μὴ
3319 5518 3551 5571 ἀκοῦσαι
3584 5518 3754 5589 δηλω-

2093 5605 2243 5658 τικόν
2266 5605 2432 5657 ἐστιν.
2473 5604 2547 5657 Ού
2602 5603 2710 5673 γὰρ
2759 5599 2911 5656 εἶπεν
2955 5603 3037 5656 ὃτι
3085 5602 3145 5654 τὸ
3191 5603 3307 5672 φῶς
3330 5603 3431 5657 οὑκ
3475 5603 3700 5657 ἔϐλεπον
3735 5620 3750 5636 ·

2095 5691 2247 5756 ἀλλὰ,
2278 5690 2522 5760 Μηδένα
2551 5689 2908 5758 θεωροῦντες
2928 5690 3315 5758 είστήκεισαν
3336 5706 3348 5722 ·
3367 5691 3631 5757 τουτέστι,
3657 5689 3748 5746 λα-

2151 5905 2178 5942 δ
2204 5905 2437 5967 Οὐδαμῶς
2454 5904 2598 5956 deest
2625 5905 2672 5955 in
2697 5906 2998 5968 quibusdam.

3142 5993 3214 6053 ‘21
