4148 6152
375 352 477 410 59.9

373 468 488 521 haec
516 459 798 518 contraria.
849 455 972 510 Duae
1016 464 1244 521 namque
1281 462 1440 503 voces
1478 455 1654 512 erant,
1704 445 1852 500 Pauli
1896 451 1951 499 et

377 553 588 612 Domini
618 569 631 605 :
661 549 728 604 de
754 561 885 602 voce
911 553 1087 599 autem
1118 540 1263 597 Pauli
1293 539 1400 592 illic
1423 537 1686 606 loquitur;
1713 535 1800 590 hic
1826 548 1952 589 vero

374 647 533 700 etiam
574 639 808 704 addidit,
863 635 1045 689 Vocem
1079 649 1178 686 non
1216 629 1486 682 audierunt
1531 626 1777 696 loquentis
1805 624 1947 678 mihi.

379 735 539 804 Igitur
565 730 713 791 illud,
747 727 1018 782 Neminem
1043 723 1287 780 videntes.
1311 735 1417 774 non
1439 718 1505 772 ad
1528 717 1696 772 visum
1725 724 1948 785 spectat,

373 823 466 881 sed
489 821 756 892 signiﬁcat
785 831 898 871 non
925 814 1160 870 audisse.
1187 810 1367 880 Neque
1395 809 1538 864 enim
1565 809 1716 870 dixit,
1755 806 1950 862 Lucem

373 931 478 970 non
503 912 750 968 viderunt
773 927 789 976 ;
819 908 936 974 sed,
965 905 1232 960 Neminem
1255 903 1473 956 videntes
1499 911 1754 965 steterunt,
1775 900 1823 952 id
1848 909 1951 962 est,

373 1006 641 1062 neminem
691 1003 1023 1072 loquentem.
1075 996 1201 1052 Jure
1244 1003 1422 1049 autem
1463 993 1534 1046 ita
1583 991 1778 1045 factum
1825 998 1948 1044 est:

374 1099 522 1155 illum
554 1097 697 1151 enim
723 1091 1005 1162 oportebat
1030 1089 1116 1144 illa
1142 1101 1274 1143 voce
1297 1083 1519 1154 dignari.
1547 1083 1603 1138 Si
1631 1082 1773 1136 enim
1795 1093 1844 1136 et
1881 1081 1953 1135 illi

375 1188 674 1250 audissent,
707 1199 812 1240 non
845 1191 1050 1237 tantum
1080 1177 1268 1233 fuisset
1289 1172 1769 1240 miraculum.Quia
1796 1172 1955 1241 igitur

372 1281 668 1337 crassiores
717 1276 917 1332 visione
947 1272 1117 1343 magis
1162 1267 1579 1340 persuadeatur,
1622 1265 1742 1318 ideo
1783 1271 1840 1318 et
1878 1262 1952 1318 illi

375 1374 548 1428 lucem
573 1378 774 1425 tantum
799 1367 1064 1428 viderunt,
1091 1361 1230 1432 quod
1252 1356 1579 1430 poteratillis
1599 1353 1949 1426 persuadere:

375 1466 516 1521 unde
561 1474 613 1519 et
655 1460 897 1518 exterriti
941 1465 1082 1512 sunt.
1138 1453 1392 1523 Alioquin
1424 1465 1552 1506 vero
1597 1463 1703 1504 non
1750 1457 1952 1502 tantum

375 1567 593 1629 operata
624 1564 707 1610 est
749 1554 837 1608 lux
868 1555 920 1607 in
953 1551 1077 1612 illis,
1105 1554 1359 1618 quantum
1390 1545 1442 1599 in
1470 1542 1572 1598 hoc
1603 1559 1616 1596 :
1644 1540 1786 1596 hunc
1808 1539 1950 1594 enim

370 1646 658 1703 excaecavit
681 1686 694 1708 ,
736 1659 830 1714 per
871 1657 933 1696 ea
960 1681 974 1706 ,
1013 1653 1132 1710 qua:
1163 1637 1261 1708 ipsi
1291 1636 1664 1705 contigerunt,
1693 1632 1825 1686 dans
1851 1631 1952 1686 illis

371 1741 547 1795 locum
579 1733 924 1807 respiciendi,
953 1733 996 1788 si
1025 1731 1343 1786 voluissent.
1376 1728 1500 1782 Mihi
1531 1727 1708 1797 itaque
1746 1723 1954 1779 videtur

370 1849 436 1887 ex
457 1831 631 1886 divina
652 1827 980 1900 providentia
1006 1825 1190 1888 fuisse,
1214 1821 1358 1892 quod
1382 1821 1453 1875 illi
1477 1834 1583 1874 non
1606 1817 1948 1882 crediderint,

372 1931 430 1976 ut
468 1929 650 1976 essent
680 1928 848 1974 testes
879 1917 982 1972 ﬁde
1012 1915 1175 1986 digni.
1209 1912 1350 1968 Dia-it
1376 1911 1444 1964 ad
1479 1926 1577 1977 me,
1621 1909 1811 1980 inquit,
1842 1906 1951 1979 Ego

369 2029 482 2066 sum
511 2011 664 2064 Jesus
693 2009 1014 2072 Nazarenus,
1040 2022 1185 2076 quem
1207 2013 1259 2059 tu
1281 2001 1612 2074 persequeris.
1642 2000 1784 2055 Bene
1811 2007 1866 2054 et
1885 1998 1953 2053 ci-

371 2104 512 2156 vitas
543 2109 889 2164 memoratur,
934 2107 993 2152 ut
1030 2111 1188 2152 nosse
1231 2102 1448 2165 possent
1485 2093 1578 2146 illi.
1630 2092 1694 2146 Et
1729 2090 1951 2160 apostoli

371 2206 585 2262 quoque
616 2191 694 2244 sic
738 2188 985 2244 dicebant
1021 2206 1033 2242 :
1065 2186 1242 2240 Jesum
1269 2201 1300 2236 a
1330 2182 1612 2238 Nazareth.
1654 2181 1786 2236 Vide
1818 2197 1834 2235 :
1864 2180 1954 2236 ille

372 2296 584 2353 quoque
615 2289 858 2345 testatur,
885 2278 1026 2350 quod
1052 2278 1514 2348 persequutionem
1537 2290 1725 2346 passus
1741 2275 1827 2330 sit.
1855 2273 1954 2339 Qui

370 2387 537 2429 autem
562 2389 752 2428 mecum
774 2382 935 2438 erant,
963 2373 1132 2426 lumen
1161 2369 1361 2441 quidem
1389 2370 1638 2442 viderunt,
1662 2378 1705 2423 et
1732 2367 1955 2422 exterriti

369 2476 510 2529 sunt,
550 2481 722 2520 uocem
763 2475 930 2518 autem
968 2480 1068 2518 non
1109 2463 1401 2516 audierunt.
1436 2462 1523 2517 10.
1556 2461 1622 2515 Et
1650 2461 1787 2527 dixi,
1821 2460 1955 2528 Quid

368 2559 576 2628 faciam,
603 2557 818 2612 Domine
833 2559 859 2612 Σ)
878 2556 1125 2611 Dominus
1154 2565 1320 2610 autem
1343 2555 1470 2609 dixit
1495 2555 1563 2608 ad
1591 2571 1667 2608 me
1688 2571 1706 2608 :
1729 2555 1954 2625 Surgetts

367 2653 494 2707 vade
517 2651 842 2716 Damascum,
871 2660 918 2704 et
945 2649 1016 2704 ibi
1045 2649 1238 2703 dicetur
1267 2648 1388 2714 tibi,
1414 2647 1538 2718 quid
1562 2656 1609 2702 te
1632 2656 1854 2715 oporteat
1875 2647 1954 2715 [a-

367 2758 498 2797 cere.
540 2742 629 2797 il.
678 2741 887 2794 Etcum
926 2757 1029 2794 non
1073 2737 1288 2794 uiderem
1337 2754 1443 2807 prce
1479 2737 1708 2791 claritate
1753 2736 1956 2790 luminis

367 2834 525 2899 illius,
553 2833 621 2886 ad
643 2849 845 2886 manum
867 2832 1108 2886 deductus
1130 2847 1161 2884 a
1181 2830 1466 2894 comitibus,
1495 2829 1605 2882 veni
1629 2826 1952 2882 Damascum.

368 2929 458 2984 i2.
493 2927 718 2981 Ananias
743 2933 910 2979 autent
945 2925 1174 2994 quidam,
1215 2923 1291 2975 vir
1321 2922 1435 2990 pius
1458 2920 1730 2974 secundum
1756 2920 1913 2991 legent
1936 2962 1951 2988 ,

368 3020 707 3074 testimonium
744 3017 934 3070 habens
966 3015 1026 3069 ab
1052 3014 1283 3069 omnibus
1308 3015 1395 3083 qui
1420 3023 1560 3068 erant
1591 3013 1829 3067 Damasci
1852 3013 1952 3066 Ju-

368 3110 515 3173 dwis,
547 3110 634 3163 15.
662 3107 860 3160 veniens
899 3106 967 3159 ad
1001 3121 1080 3160 me
1112 3114 1159 3159 et
1185 3104 1394 3159 adstans
1435 3104 1561 3157 dixit
1598 3103 1721 3157 mihi
1745 3119 1765 3158 :
1796 3104 1956 3159 Saule

369 3205 549 3272 frater,
582 3199 792 3268 respice.
824 3197 889 3252 Et
911 3215 1000 3268 ego
1027 3197 1198 3252 eadem
1225 3198 1352 3251 hora
1375 3197 1570 3267 respexi
1605 3197 1659 3250 in
1694 3213 1824 3252 eum.
1856 3196 1952 3250 In-

369 3292 594 3362 gredere,
629 3291 821 3360 inquit,
852 3291 904 3343 in
929 3291 1201 3354 civitatem,
1234 3299 1280 3343 et
1305 3289 1372 3342 ibi
1397 3288 1593 3342 dicetur
1619 3288 1728 3354 tibi,
1763 3287 1885 3358 quid
1908 3298 1954 3342 te

369 3392 600 3450 oporteat
630 3383 816 3450 facere.
861 3380 999 3434 Ecce
1050 3394 1234 3434 rursus
1274 3379 1439 3432 alium
1485 3386 1674 3433 testem
1708 3394 1720 3430 :
1752 3386 1807 3433 et
1835 3377 1954 3434 vide

368 3473 639 3541 quomodo
668 3471 813 3526 illum
839 3469 942 3526 ﬁde
968 3470 1186 3541 dignum
1213 3469 1388 3526 faciat.
1412 3469 1635 3524 Ananias
1659 3481 1826 3523 autem
1845 3471 1956 3541 qui-

367 3563 506 3629 dam,
543 3563 746 3631 inquit,
775 3563 849 3615 vir
874 3561 988 3632 pius
1012 3560 1288 3615 secundum
1311 3561 1490 3632 legem,
1525 3561 1806 3614 testimonio
1829 3578 1952 3631 pro-

367 3653 511 3708 batus
538 3652 600 3707 ab
629 3652 859 3706 omnibus
887 3651 1088 3707 Jttdceis
1108 3694 1122 3720 ,
1150 3652 1406 3723 ingressus
1436 3651 1504 3704 ad
1533 3668 1611 3705 me
1637 3660 1679 3704 et
1707 3651 1914 3706 adstans
1933 3694 1949 3720 ,

367 3745 494 3798 dixit
532 3744 654 3797 mihi
691 3759 711 3798 :
741 3743 973 3812 Respice.
1015 3745 1089 3798 Ita
1130 3743 1260 3798 nihil
1287 3744 1544 3798 alienum.
1570 3743 1636 3796 Et
1665 3759 1754 3814 ego
1781 3745 1954 3798 eadem

367 3835 487 3888 hora
509 3835 732 3904 respexi.
759 3834 1010 3904 Sequitur
1030 3833 1153 3888 hinc
1175 3833 1533 3888 testimonium
1562 3849 1657 3903 per
1679 3849 1764 3888 res
1789 3833 1949 3903 ipsas.

367 3925 429 3978 Et
453 3924 606 3989 vide,
637 3923 909 3995 quomodo
940 3939 1004 3978 ex
1034 3922 1279 3992 personis
1304 3930 1358 3978 et
1391 3922 1554 3977 rebus
1583 3931 1854 3988 nectatur;
1887 3938 1952 3977 ex

368 4016 618 4084 personis
647 4025 753 4069 tam
782 4013 1014 4084 propriis
1041 4029 1200 4084 quam
1230 4013 1520 4068 extraneis.
1553 4013 1802 4069 Personae
1829 4025 1954 4069 sunt

372 4109 698 4177 sacerdotes,
728 4109 989 4172 seniores,
1017 4109 1116 4162 via:
1141 4108 1394 4172 comites;
1418 4123 1503 4164 res
1530 4123 1658 4164 vero
1684 4117 1740 4165 et
1766 4125 1950 4180 opera,

371 4214 484 4269 quae
512 4201 662 4264 fecit,
707 4216 826 4270 qua:
862 4215 1048 4269 passus
1082 4207 1166 4254 cst
1201 4217 1214 4254 :
1253 4209 1306 4254 et
1343 4214 1503 4270 opera
1543 4200 1794 4271 operibus
1825 4201 1953 4256 dant

371 4293 759 4357 testimonium.
789 4309 894 4347 non
922 4307 1165 4362 personat
1197 4299 1418 4347 tantum.
1453 4293 1551 4348 Vel
1571 4295 1731 4349 etiam
1757 4295 1950 4350 aliter:

373 4395 661 4442 extraneus
680 4396 796 4440 erat
819 4386 1084 4452 Ananias;
1115 4385 1308 4440 deinde
1333 4387 1550 4456 ponitur
1578 4402 1664 4442 res
1693 4387 1804 4458 ipsa
1825 4427 1842 4456 ,
1870 4389 1953 4442 vi—

376 4487 464 4529 sus
502 4477 808 4542 restitutio;
855 4484 1036 4545 postea
1084 4475 1358 4544 prophetia
1389 4491 1597 4546 magna.
1637 4479 1724 4536 14.
1763 4478 1828 4532 At
1866 4479 1956 4535 ille

378 4565 500 4621 dixit
527 4586 544 4624 :
577 4567 717 4621 Deus
744 4577 944 4635 patrum
974 4576 1258 4621 nostrorum
1288 4567 1644 4634 prwordinauit
1682 4577 1748 4634 te,
1786 4579 1838 4622 ut
1864 4587 1952 4624 co-

381 4673 642 4725 gnosceres
690 4657 997 4712 voluntatem
1040 4657 1172 4726 ejus,
1218 4667 1266 4710 et
1301 4657 1494 4712 videres
1529 4659 1744 4728 justum.
1793 4660 1956 4716 Recte

379 4745 540 4814 dixit,
585 4749 802 4803 Patrum
824 4789 839 4813 ,
875 4756 933 4802 ut
965 4746 1272 4802 ostenderet
1303 4761 1396 4802 eos
1423 4763 1530 4802 non
1558 4763 1680 4804 esse
1706 4749 1918 4806 Judzeos
1938 4794 1952 4817 ,

380 4836 468 4892 sed
507 4841 713 4896 alienos
747 4855 778 4894 a
829 4839 967 4910 lege,
997 4849 1051 4895 et
1109 4839 1327 4906 invidia,
1375 4855 1480 4894 non
1530 4841 1645 4896 zelo
1674 4857 1849 4913 agere.
1887 4841 1955 4898 Ut

382 4928 525 4994 scias,
574 4930 770 5000 inquit,
825 4931 1130 4984 voluntatem
1158 4931 1286 5002 ejus,
1317 4941 1362 4985 et
1414 4932 1525 4986 uide
1559 4933 1775 5004 justum.
1814 4933 1954 5004 Ergo

385 5017 494 5076 hec
543 5023 795 5077 voluntas
854 5023 970 5092 ejus
1024 5033 1126 5077 est.
1181 5023 1316 5078 Vide
1367 5035 1424 5079 ut
1473 5025 1714 5081 doctrina
1768 5027 1956 5083 ordine

389 5116 700 5170 narrationis
743 5114 968 5169 dicatur.
1016 5113 1083 5167 Et
1118 5116 1319 5170 audires
1361 5131 1527 5171 vocem
1569 5135 1631 5172 ea:
1673 5135 1759 5173 ore
1802 5121 1954 5192 ejus:

391 5201 472 5254 15.
502 5208 620 5273 quia
647 5206 748 5261 eris
771 5206 907 5259 testis
930 5205 1071 5260 illius
1098 5207 1166 5259 ad
1194 5223 1364 5262 omnes
1387 5208 1611 5264 homines
1631 5227 1822 5280 eorum,
1845 5228 1959 5278 qua:

392 5292 549 5350 uidisti
576 5308 622 5352 et
644 5298 850 5352 audisti.
883 5295 950 5350 Et
972 5297 1180 5365 videres,
1205 5298 1394 5368 inquit,
1416 5300 1613 5369 justum
1641 5318 1660 5354 :
1686 5318 1828 5358 nunc
1854 5304 1957 5360 hoc

396 5379 533 5438 dicit.
563 5386 618 5442 Si
642 5389 838 5457 justus.
871 5387 944 5442 illi
969 5388 1046 5443 rei
1069 5399 1210 5442 sunt.
1243 5389 1310 5443 Et
1337 5390 1538 5445 audires
1573 5407 1739 5447 vocem
1775 5410 1837 5449 ea:
1874 5413 1960 5451 ore

395 5468 546 5528 illius.
591 5476 739 5534 Vide-
769 5487 826 5533 ut
854 5493 966 5534 rem
1009 5478 1236 5535 extollit.
1271 5479 1401 5546 Quia
1428 5483 1544 5549 eris,
1589 5483 1782 5553 inquit,
1825 5487 1961 5542 testis

399 5558 546 5618 illius.
578 5566 700 5625 Ideo
739 5586 867 5642 ergo
909 5585 1014 5626 non
1056 5571 1252 5641 prodes
1293 5573 1460 5627 visum
1492 5584 1546 5629 et
1589 5575 1859 5646 auditum,
1900 5595 1960 5636 ea

402 5661 583 5722 nempe
612 5673 728 5730 quae
764 5662 940 5717 vidisti
965 5671 1019 5718 et
1047 5663 1240 5717 audisti
1267 5681 1281 5718 :
1311 5679 1405 5734 per
1435 5674 1719 5736 utrumque
1747 5683 1960 5724 sensum

1365 336 1429 391 IN
1470 333 1648 391 ACTA
1692 332 2209 389 AI‘OSTOLORUM.
2255 332 2481 388 llOMlL.
2524 331 2727 386 XLHI.

3541 337 3643 392 530

2063 453 2108 496 et
2163 443 2444 514 baptizare,
2475 454 2520 496 et
2572 443 2721 497 ablue
2764 444 2965 512 peccata
3011 453 3116 509 tua,
3157 445 3382 500 invocato
3449 447 3647 501 nomine

2061 534 2238 604 ipsius.

2131 627 2185 682 3.
2217 626 2312 681 Hic
2339 641 2450 682 rem
2480 641 2724 697 magnam
2757 627 3006 698 loquitur.
3039 628 3154 682 Non
3194 628 3336 683 enim
3375 627 3542 696 dixit,
3585 628 3641 686 lu

2063 720 2277 773 nomine
2302 718 2419 788 ejus
2449 720 2738 787 baptizare,
2772 717 2887 783 sed,
2931 715 3172 772 [avocato
3208 720 3409 773 nomine
3432 718 3637 775 Christi.

2064 811 2174 865 lloc
2199 819 2376 866 autem
2412 811 2670 877 declarat,
2701 811 2845 866 illum
2875 825 2999 866 esse
3039 811 3203 866 Deum
3234 828 3248 864 :
3278 826 3451 882 neque
3477 811 3639 867 alium

2065 903 2186 958 licet
2225 907 2495 970 invocare,
2543 904 2644 957 nisi
2688 903 2872 957 Deum.
2926 900 3127 956 Deinde
3166 903 3398 958 ostendit
3437 917 3497 958 se
3533 918 3642 959 non

2062 1009 2179 1049 esse
2206 1006 2448 1051 coactum
2475 995 2600 1051 dum
2628 995 2758 1050 dicit
2784 1015 2796 1050 :
2823 995 3074 1050 Dominus
3103 995 3231 1049 dixit
3257 996 3324 1049 ad
3352 1013 3468 1052 me:
3505 996 3642 1053 Vade

2060 1089 2112 1141 in
2145 1088 2466 1153 Damascum,
2490 1099 2536 1142 et
2561 1089 2627 1142 ibi
2648 1090 2840 1142 dicetur
2861 1089 2968 1155 tibi,
2990 1089 3114 1161 quid
3135 1098 3182 1142 te
3205 1099 3430 1158 oporteat
3454 1091 3636 1160 facere.

2061 1178 2203 1232 Nihil
2227 1179 2342 1234 sine
2370 1179 2693 1245 testimonio,
2724 1179 2818 1234 sed
2845 1179 3072 1234 civitatis
3093 1179 3254 1234 totius
3279 1181 3637 1234 testimonium

2063 1269 2296 1339 profert,
2327 1286 2444 1341 quae
2469 1272 2628 1326 etiam
2656 1271 2859 1327 viderat
2887 1287 3008 1327 eum
3043 1287 3202 1327 manu
3229 1272 3468 1328 ductum.
3511 1271 3644 1329 Vide

2062 1361 2221 1414 etiam
2250 1361 2584 1430 prophetiam
2614 1377 2907 1432 egressam,
2935 1378 3095 1433 quam
3123 1364 3341 1431 audivit,
3371 1379 3430 1420 se
3451 1372 3640 1420 testem

2063 1448 2175 1504 fore
2210 1451 2437 1505 Domini.
2468 1451 2671 1506 Revera
2695 1453 2836 1506 enim
2861 1453 3012 1509 testis
3043 1454 3183 1508 illius
3212 1453 3327 1516 fuit,
3355 1464 3410 1510 et
3431 1455 3639 1525 qualem

2061 1555 2181 1596 esse
2217 1541 2532 1610 Oportebat,
2566 1554 2619 1597 et
2656 1543 2910 1610 cperibus
2939 1553 2988 1598 et
3032 1544 3228 1599 verbis.
3259 1544 3416 1600 Tales
3451 1552 3506 1601 et
3540 1561 3642 1602 nos

2061 1641 2272 1702 oportet
2303 1648 2424 1688 esse
2462 1643 2644 1701 testes,
2683 1650 2780 1690 nec
2821 1635 3044 1704 prodere
3077 1650 3162 1702 ea,
3193 1651 3311 1707 qua:
3337 1639 3492 1693 nobis
3513 1653 3642 1695 cou-

2061 1723 2261 1780 credita
2293 1733 2451 1792 sunt,
2489 1742 2594 1781 non
2636 1736 2840 1782 tantum
2871 1729 3011 1783 circa
3037 1728 3282 1799 dogmata
3303 1771 3318 1796 ,
3356 1729 3451 1784 sed
3479 1733 3639 1792 etiam

2060 1815 2202 1870 circa
2245 1815 2430 1872 vitam.
2476 1816 2607 1872 Vide
2650 1818 2791 1872 enim
2827 1837 2840 1872 :
2873 1819 3014 1889 quod
3054 1820 3245 1876 viderit
3284 1830 3337 1876 et
3378 1823 3632 1883 audierit.

2061 1917 2271 1962 testatut
2307 1908 2555 1965 omnibus
2581 1908 2906 1977 hominibus,
2940 1920 2993 1966 et
3018 1912 3146 1966 nihil
3177 1913 3323 1968 illum
3347 1915 3640 1987 prohibuit,

2061 1997 2127 2052 Et
2155 2013 2252 2054 nos
2276 1999 2572 2056 audivimus
2596 2002 2736 2071 quod
2772 2001 2840 2056 sit
2870 2003 3191 2059 resurrectio
3221 2013 3276 2061 et
3305 2006 3448 2076 quod
3480 2008 3637 2060 innu-

2060 2115 2203 2154 mera
2236 2099 2372 2154 bona
2404 2119 2417 2154 :
2450 2115 2578 2171 ergo
2617 2100 2872 2157 debemus
2914 2102 3016 2157 hoc
3047 2103 3296 2159 omnibus
3337 2102 3642 2159 hominibus

2063 2191 2353 2249 testiﬁcari.
2389 2193 2547 2262 Atqui
2581 2193 2960 2262 testiﬁcantur,
2999 2194 3239 2265 inquies,
3269 2202 3324 2250 et
3351 2193 3640 2250 credimus.

2061 2284 2360 2352 Quomodo,
2384 2287 2650 2341 contraria
2680 2286 2981 2342 facientes?
3011 2287 3123 2350 Dic,
3153 2302 3334 2358 quaeso
3355 2331 3369 2355 ,
3404 2289 3532 2344 mihi
3559 2309 3573 2344 :
3597 2287 3640 2344 si

2060 2375 2180 2444 quis
2204 2389 2263 2428 se
2292 2374 2494 2431 diceret
2522 2375 2906 2444 Christianum,
2931 2377 3127 2432 deinde
3154 2378 3408 2434 deficiens
3428 2389 3664 2448 saperet-

2059 2465 2294 2531 Judaica,
2322 2481 2389 2521 an
2413 2466 2682 2522 sufficeret
2708 2467 2810 2523 hoc
2839 2469 3235 2526 testiinonium?
3259 2470 3640 2542 Nequaquam:

2061 2575 2183 2614 nam
2213 2561 2556 2629 ex-operibus
2585 2562 2946 2616 testimonium
2974 2573 3294 2632 quarrerent.
3327 2563 3398 2618 lta
3423 2575 3476 2620 et
3502 2579 3601 2620 nos
3623 2605 3640 2629 ,

2060 2651 2102 2703 si
2133 2649 2373 2704 dicamus
2410 2663 2532 2704 esse
2561 2651 3006 2706 resurrectionem
3049 2661 3104 2706 et
3143 2651 3421 2707 innumera
3463 2653 3600 2708 bona
3622 2695 3636 2719 ,

2060 2739 2360 2810 deindeque
2394 2740 2478 2793 illa
2519 2749 2921 2794 contemnamus
2942 2781 2956 2806 ,
3001 2749 3057 2796 et
3098 2749 3310 2797 terrena
3336 2752 3604 2799 sectemur
3625 2785 3642 2810 ,

2061 2831 2180 2900 quis
2208 2831 2432 2886 credet?
2461 2845 2566 2884 non
2596 2830 2738 2884 enim
2770 2830 2852 2895 iis,
2881 2846 2999 2900 qua:
3021 2830 3267 2898 dicimus,
3290 2833 3385 2887 sed
3413 2835 3496 2898 iis,
3523 2850 3644 2905 qua

2061 2921 2286 2976 facimus
2307 2961 2322 2987 ,
2363 2920 2645 2975 attendunt
2685 2934 2894 2975 omnes.
2925 2919 3090 2975 Testis
3112 2922 3244 2987 eris,
3273 2921 3472 2992 inquit,
3504 2925 3644 2994 apud

2060 3029 2232 3067 omnes
2269 3013 2536 3079 homines;
2577 3028 2681 3068 non
2724 3013 2862 3083 apud
2908 3013 3238 3072 domesticos
3279 3026 3518 3087 tantum,
3547 3023 3640 3079 sed

2058 3104 2218 3158 etiam
2258 3103 2397 3174 apud
2442 3103 2715 3170 inlideles;
2750 3106 2960 3160 testium
3001 3107 3145 3162 enim
3172 3117 3256 3164 est
3284 3113 3638 3179 persuadere.

2059 3211 2166 3252 non
2208 3197 2519 3264 scientibus,
2565 3198 2661 3254 sed
2703 3199 3084 3256 nescientibus.
3128 3202 3307 3258 Simus
3349 3204 3453 3261 ﬁde
3494 3206 3640 3278 digni

2060 3297 2242 3345 testes.
2260 3288 2539 3356 Quomodo
2553 3290 2686 3346 tales
2701 3291 2938 3346 erimus?
2955 3293 2998 3346 A
3011 3293 3138 3348 vita.
3156 3293 3544 3353 lusidiabantur
3565 3301 3639 3354 illi

2057 3381 2262 3449 ludati;
2309 3382 2628 3438 insidiantur
2681 3383 2836 3439 nobis
2881 3384 3043 3438 animi
3088 3382 3346 3452 a'ﬁ‘ectus,
3389 3389 3640 3458 jubentes

2058 3475 2305 3545 abjurare
2335 3475 2718 3530 testimonium.
2749 3474 2854 3530 Sed
2883 3489 2950 3530 ne
2977 3475 3405 3546 obtemperemus
3434 3497 3451 3536 :
3480 3489 3640 3538 testes

2057 3582 2242 3622 sumus
2267 3583 2297 3622 a
2320 3567 2429 3623 Deo
2455 3567 2622 3623 missi.
2648 3567 2924 3623 iudicatur
2943 3569 3081 3638 apud
3110 3569 3358 3628 homines
3382 3574 3639 3643 quosdam

2061 3661 2200 3715 Deus
2228 3675 2334 3714 non
2365 3674 2484 3716 esse
2512 3659 2651 3715 Deus
2677 3678 2689 3713 :
2714 3661 2859 3716 misit
2879 3675 2996 3728 nos,
3024 3661 3113 3732 qui
3140 3662 3240 3719 sibi
3271 3665 3636 3724 testificemur.

2059 3751 2435 3808 Testiﬁcemur
2458 3767 2586 3821 ergo
2615 3761 2670 3808 et
2700 3753 3111 3822 persuadeamus
3152 3757 3597 3814 contendentibus
3622 3778 3634 3812 :

2059 3844 2103 3897 si
2143 3858 2248 3897 non
2279 3842 2626 3900 testiﬁcemur
2645 3885 2658 3908 ,
2692 3843 2904 3898 illorum
2928 3845 3127 3901 erroris
3154 3863 3253 3903 nos
3277 3849 3331 3904 in
3358 3866 3518 3908 causa
3544 3868 3639 3909 suo

2059 3948 2197 3987 mus.
2241 3932 2296 3989 Si
2339 3945 2517 3988 autem
2562 3933 2615 3988 iu
2660 3934 2775 3988 foro
2803 3934 3061 4004 judiciali,
3100 3936 3190 3992 ubi
3225 3953 3314 3994 res
3349 3944 3640 4001 saculares

2062 4033 2356 4079 tracuutur
2376 4066 2391 4090 ,
2421 4039 2578 4080 nemo
2605 4024 2884 4080 admiserit
2915 4033 3128 4094 testem,
3161 4029 3454 4087 innumeris
3482 4045 3638 4090 uota-

2059 4123 2170 4167 tum
2213 4113 2424 4183 ﬂagitiis
2454 4131 2468 4168 :
2498 4113 2669 4169 multo
2713 4115 2888 4170 minus
2931 4114 3034 4180 hic,
3080 4117 3168 4172 ubi
3215 4125 3374 4174 tanta:
3414 4136 3504 4177 res
3535 4135 3637 4179 tra-

2058 4212 2290 4258 ctantur.
2327 4204 2436 4259 Nos
2461 4205 2686 4259 dicimus
2706 4244 2722 4271 ,
2766 4204 2906 4274 quod
2940 4205 3240 4261 audivimus
3264 4222 3294 4262 a
3325 4209 3556 4281 Christo,
3585 4230 3642 4271 et

2058 4293 2326 4350 credimus
2367 4295 2432 4348 iis
2456 4335 2470 4358 ,
2513 4309 2634 4363 quae
2675 4294 2789 4362 ipse
2828 4295 3072 4362 promisit
3103 4313 3118 4350 :
3145 4296 3327 4353 dicunt
3365 4301 3440 4356 illi
3471 4318 3484 4356 :
3517 4304 3639 4360 llzce

2059 4381 2324 4438 ostendite
2353 4397 2449 4452 per
2486 4395 2681 4451 Opera;
2728 4381 2834 4435 vita
2875 4397 3106 4452 namque
3147 4395 3324 4443 vestra
3369 4397 3635 4450 contraria

2061 4472 2396 4539 testiﬁcatur,
2427 4470 2568 4539 quod
2597 4485 2791 4541 nempe
2815 4484 2924 4526 non
2952 4473 3205 4530 credatis.

2130 4564 2320 4620 Contra
2342 4578 2522 4618 avaros
2547 4571 2594 4616 et
2615 4577 2844 4632 rapaces.
2863 4591 2932 4603 -
2960 4562 3198 4622 Vultisne
3224 4567 3499 4628 videamus
3519 4587 3636 4636 eos.

2059 4658 2149 4727 qui
2201 4657 2454 4728 pecunias
2503 4655 2794 4726 colligunt,
2846 4669 3107 4725 rapaces,
3157 4673 3381 4728 avaros,
3413 4678 3507 4720 eos
3549 4670 3636 4737 qui

2063 4751 2349 4821 plangunt,
2391 4747 2482 4818 qui
2524 4747 2748 4817 lugent,
2793 4745 3096 4814 aediﬁcant,
3145 4751 3429 4823 omniaque
3473 4771 3639 4827 nego-

2063 4841 2261 4894 tiantur
2295 4837 2447 4910 quasi
2476 4849 2769 4906 numquam
2799 4837 3046 4891 morituri
3073 4837 3108 4891 ἲ
3126 4837 3184 4894 Si
3226 4855 3354 4912 ergo
3383 4858 3489 4900 non
3517 4861 3639 4902 ere-

2060 4930 2186 4984 ditis
2211 4943 2308 4983 vos
2337 4941 2458 4983 esse
2479 4926 2769 4982 morituros
2789 4969 2805 4993 ,
2850 4925 2976 4981 licet
3000 4941 3089 4982 res
3109 4928 3182 4984 ita
3207 4941 3352 4986 certa
3386 4943 3442 4989 et
3468 4937 3640 4990 mani-

2063 5021 2197 5078 festa
2227 5020 2337 5086 sit,
2367 5016 2638 5090 quomodo
2662 5031 2760 5073 vos
2790 5017 3135 5075 testiﬁcantes
3162 5021 3480 5078 credemus?
3500 5025 3641 5082 Sunt

2062 5113 2238 5179 enim,
2271 5120 2432 5177 sunt,
2465 5110 2715 5182 inquam,
2757 5110 2910 5164 multi
2940 5108 3186 5168 homines
3216 5113 3288 5168 ita
3328 5115 3540 5183 affecti,
3575 5133 3640 5174 ac

2067 5206 2112 5260 si
2166 5218 2455 5274 numquam
2503 5211 2688 5258 essent
2729 5199 2995 5257 morituri.
3042 5202 3176 5258 Nam
3219 5220 3342 5260 cum
3390 5208 3444 5262 in
3486 5211 3643 5280 gravi

2064 5303 2342 5352 senectute
2372 5293 2632 5362 incipiant
2653 5292 2940 5360 aediﬁcare,
2969 5303 3024 5348 et
3047 5310 3204 5366 agros
3231 5299 3411 5354 colere
3433 5341 3448 5368 ,
3475 5317 3644 5372 quan-

2067 5386 2261 5442 donam
2294 5385 2361 5440 de
2386 5394 2561 5440 morte
2600 5384 2913 5454 cogitabunt
2935 5385 2958 5438 ?
2981 5384 3097 5440 Non
3129 5402 3348 5456 parvum
3379 5400 3462 5445 est
3489 5393 3644 5449 nobis

2068 5479 2387 5552 supplicium
2419 5476 2471 5532 in
2511 5477 2880 5533 testiinonium
2925 5480 3158 5544 vocatis,
3192 5495 3300 5535 non
3340 5496 3499 5552 posse
3527 5500 3646 5555 qua:

2069 5573 2298 5627 vidimus
2346 5567 2642 5624 testiﬁcari.
2677 5567 2918 5622 Vidimus
2950 5583 3047 5623 nos
3089 5570 3257 5626 oculis
3304 5574 3560 5645 angelos,
3594 5585 3646 5633 et

2070 5665 2264 5720 clarius
2301 5675 2459 5734 quam
2506 5661 2572 5726 ii,
2603 5659 2692 5730 qui
2735 5674 2861 5714 vere
2893 5659 3157 5718 viderunt.
3209 5663 3351 5738 Ergo
3393 5667 3646 5724 testiﬁce.

405 5737 540 5798 illum
567 5747 722 5807 ﬁdum
753 5751 895 5808 facit.
930 5754 1019 5809 ιϐ.
1053 5753 1119 5808 Et
1144 5771 1276 5809 nunc
1299 5755 1421 5826 quid
1449 5757 1700 5812 moraris?
1733 5756 1965 5833 Exsurge
2079 5776 2194 5815 mur
2215 5757 2430 5815 Christo
2455 5773 2468 5809 :
2491 5769 2596 5811 non
2617 5752 2760 5810 enim
2791 5751 2868 5808 illi
2897 5753 2996 5810 soli
3024 5763 3206 5828 testes,
3225 5737 3317 5816 sed
3343 5775 3441 5820 nos
3465 5760 3646 5821 etiam.
