4148 6152
487 280 583 338 ῧῦί

492 400 568 453 Illi
600 397 847 452 dicuntur
879 404 1136 467 martyres
1161 409 1256 449 seu
1278 402 1464 462 testes,
1485 395 1605 464 quia
1630 393 1763 463 jussi
1792 392 2058 461 abjurare,

489 492 666 546 omnia
699 490 1003 560 patiuntur,
1038 498 1094 542 ut
1125 488 1406 542 veritatem
1436 487 1616 540 dicant
1642 504 1654 539 :
1688 494 1741 540 et
1769 499 1867 539 nos
1897 498 2064 552 quan-

488 584 557 638 do
586 583 654 637 ab
679 582 840 636 animi
874 580 1106 635 motibus
1128 579 1384 648 abiurare
1407 578 1659 648 jubemur
1681 617 1697 643 ,
1731 591 1796 632 ne
1819 591 2066 631 succum-

489 673 696 727 bamus.
730 672 933 726 Aurum
965 672 1132 726 dicit:
1181 671 1276 726 Dic
1300 670 1566 726 Christum
1608 684 1714 723 non
1748 683 1868 724 esse
1910 667 2062 722 Chri-

486 778 624 820 stum
645 784 660 820 :
681 782 747 820 ne
763 768 951 821 audias
968 765 1120 835 quasi
1141 765 1328 832 Deum,
1347 764 1442 820 sed
1461 763 1737 833 ejusjussa
1755 771 2059 817 contemne.

483 857 942 926 Concupiscentize
995 856 1147 910 malae
1201 855 1426 924 idipsum
1477 853 1698 919 dicunt;
1748 852 1841 907 sed
1893 861 1948 906 tu
1995 866 2062 906 ne

481 947 821 1017 obtemperes
845 989 860 1013 ,
892 947 983 1001 sed
1014 955 1093 1001 sta
1126 945 1355 1012 fortiter,
1381 961 1447 1000 ne
1469 954 1524 1000 et
1545 944 1612 999 de
1639 943 1791 998 nobis
1817 943 2055 997 dicatur:

487 1039 649 1092 Deum
692 1039 995 1106 conﬁtentur
1037 1038 1193 1101 scire,
1228 1037 1373 1109 factis
1407 1047 1576 1091 autem
1615 1046 1799 1107 negant
1826 1035 1952 1106 (Tit.
2003 1037 2055 1089 1.

485 1129 594 1199 16).
628 1130 740 1183 lloc
781 1130 923 1184 enim
952 1144 1056 1183 non
1097 1138 1178 1183 est
1209 1129 1420 1184 testium
1443 1169 1456 1192 ,
1490 1128 1584 1183 sed
1607 1127 2056 1181 adversariorum.

481 1220 632 1288 Quod
665 1220 752 1274 alii
786 1231 1019 1291 negent,
1050 1220 1185 1274 nihil
1229 1220 1459 1284 mirum;
1505 1218 1648 1288 quod
1691 1227 1870 1273 autem
1914 1233 2013 1271 nos
2038 1259 2054 1284 ,

482 1312 570 1380 qui
601 1312 654 1364 in
687 1311 1050 1366 testimonium
1097 1325 1380 1374 vocamur,
1411 1323 1664 1378 negemus
1684 1349 1699 1374 ,
1733 1309 1783 1362 id
1813 1323 1976 1378 grave
2003 1315 2059 1362 et

479 1417 768 1458 onerosum
815 1411 933 1457 est:
967 1402 1070 1456 hoc
1101 1402 1330 1455 maxime
1375 1401 1538 1454 rebus
1586 1400 1783 1454 nostris
1836 1400 2054 1454 noxium

475 1505 574 1550 est.
606 1496 672 1550 In
703 1497 1033 1550 testimonium
1060 1494 1162 1549 illis
1187 1495 1372 1548 eveniet
1397 1493 1545 1562 (Luc.
1571 1493 1668 1548 2-1.
1703 1492 1813 1565 l3),
1847 1494 2052 1563 inquit:

475 1589 569 1644 sed
621 1589 666 1643 si
720 1603 824 1642 non
880 1587 1213 1652 resiliamus,
1245 1587 1289 1640 si
1337 1586 1716 1640 consistamus.
1773 1586 1829 1642 Si
1866 1599 2054 1640 onmes

475 1681 702 1736 velimus
750 1680 962 1735 Christo
1016 1678 1326 1745 testiﬁcari,
1377 1679 1483 1733 cito
1534 1678 1714 1733 multis
1766 1678 2052 1748 gentilibus

475 1773 939 1843 persuadebimus.

541 1865 594 1918 4.
623 1863 806 1934 Magna
861 1877 946 1918 res
1001 1872 1088 1918 est
1131 1863 1270 1930 vita,
1299 1862 1520 1918 dilecti:
1553 1863 1678 1917 licet
1727 1862 1846 1932 quis
1899 1861 2051 1917 valde

472 1954 614 2008 ferus
660 1956 764 2021 sit,
797 1955 984 2009 saltem
1017 1963 1201 2025 aperte
1245 1969 1351 2008 non
1399 1953 1670 2008 damnabit
1705 1967 1803 2008 nos
1834 1963 2050 2023 propter

472 2045 663 2114 dogma
685 2047 738 2111 ¹;
770 2045 862 2100 sed
894 2046 1031 2100 clam
1071 2045 1346 2113 admittet,
1377 2044 1612 2099 laudabit
1659 2053 1712 2100 et
1758 2045 2048 2100 admirabi-

467 2146 571 2189 tur.
614 2135 682 2190 Et
730 2135 1031 2203 undenam,
1064 2136 1310 2205 inquies,
1352 2137 1454 2191 erit
1483 2136 1589 2191 vita
1637 2136 1877 2205 Optima?
1925 2137 2042 2190 Non

465 2226 714 2294 aliunde,
746 2242 904 2296 quam
956 2242 1021 2281 ex
1072 2227 1251 2281 divina
1281 2227 1612 2297 operatione.
1663 2227 1798 2295 Quid
1827 2242 1956 2298 ergo
2002 2228 2048 2282 si

467 2321 694 2389 gentiles
725 2321 834 2375 sint
865 2321 1044 2376 tales?
1090 2320 1168 2375 llli
1202 2322 1247 2377 si
1297 2322 1510 2391 quando
1541 2322 1672 2378 tales
1701 2322 1847 2388 sint,
1877 2321 1929 2376 id
1959 2321 2047 2376 alii

464 2428 528 2467 ex
562 2421 751 2467 natura
773 2454 786 2477 ,
826 2413 916 2467 alii
949 2427 1014 2468 ex
1064 2427 1194 2466 vana
1223 2414 1391 2484 gloria
1423 2413 1639 2468 habent.
1676 2413 1768 2468 Vis
1795 2412 2002 2468 discere
2027 2455 2043 2480 ,

465 2506 553 2576 qui
581 2505 651 2560 sit
676 2505 889 2559 virtutis
929 2504 1183 2574 splendor
1205 2546 1220 2570 ,
1252 2514 1508 2574 quantum
1535 2505 1709 2560 valeat
1735 2504 1800 2560 ad
1827 2520 2047 2574 persua-

461 2595 737 2650 dendum?
775 2595 920 2649 Multi
954 2594 1188 2650 lueretici
1213 2636 1228 2663 ,
1261 2596 1360 2650 etsi
1390 2595 1636 2665 dogmata
1663 2605 1913 2666 corrupta
1945 2595 2043 2650 ha-

463 2689 651 2742 bcrent
677 2728 691 2752 ,
723 2687 792 2741 ita
821 2687 1098 2742 invaluere
1121 2728 1134 2751 ,
1169 2695 1227 2740 ut
1253 2687 1404 2742 multi
1444 2688 1687 2743 homines
1717 2703 1780 2743 ex
1826 2688 1947 2742 vita:
1975 2687 2044 2742 il-

458 2780 630 2833 lorum
654 2779 956 2834 reverentia
981 2779 1174 2849 dogma
1205 2778 1416 2833 illorum
1443 2794 1550 2834 non
1579 2778 2036 2834 examinaverint:

457 2871 546 2924 alii
603 2871 694 2941 qui
743 2871 864 2926 illos
919 2871 988 2926 ob
1035 2869 1229 2940 dogma
1279 2869 1696 2941 improbabant,
1746 2871 1817 2927 ob
1876 2870 2040 2924 vitam

457 2962 674 3017 reveriti
715 2969 879 3027 sunt;
909 2975 1015 3014 non
1041 2961 1183 3016 bene
1209 2970 1356 3016 certe
1380 3001 1396 3027 ,
1443 2959 1539 3016 sed
1567 2960 1622 3014 id
1674 2969 1852 3016 tamen
1900 2961 2041 3031 passi

453 3064 599 3109 sunt.
642 3055 755 3109 Hoc
780 3053 903 3108 fidei
933 3061 1133 3107 nostra:
1175 3052 1512 3107 honestatem
1557 3051 1888 3118 diﬂ'amavit;
1938 3053 2042 3109 hoc

454 3143 634 3198 omnia
685 3141 990 3206 subvertit,
1038 3141 1181 3212 quod
1225 3156 1384 3196 nemo
1431 3142 1591 3196 ullam
1623 3143 1745 3196 vita:
1775 3144 2037 3199 rationem

457 3233 692 3300 habeat;
727 3233 829 3289 hoc
881 3232 1040 3288 fidem
1092 3231 1421 3304 pessumdat.
1479 3232 1714 3288 Dicimus
1763 3232 2037 3290 Christum

457 3342 581 3385 esse
624 3327 816 3393 Deum,
847 3327 1126 3383 innumera
1177 3325 1282 3381 alia
1313 3323 1667 3395 proferimus,
1696 3333 1750 3380 et
1786 3325 1888 3382 hoc
1917 3341 2037 3382 cum

451 3420 573 3476 aliis
599 3460 613 3484 ,
647 3418 789 3490 quod
816 3418 1148 3490 persuaserit
1176 3417 1427 3472 omnibus
1447 3457 1462 3483 ,
1490 3428 1550 3472 ut
1575 3427 1717 3473 recte
1746 3419 1986 3474 viverent
2012 3436 2028 3486 ;

454 3513 549 3568 sed
579 3513 759 3568 hocin
795 3513 978 3581 paucis
1005 3525 1229 3566 cernere
1256 3517 1359 3565 est.
1389 3510 1816 3566 Resurrectionis
1845 3509 2036 3582 dogma

457 3603 603 3658 lmdit
626 3602 748 3656 vitae
775 3602 1089 3670 improbitas
1109 3644 1122 3667 ,
1151 3616 1358 3656 necnon
1404 3603 1822 3659 immortalitatis
1846 3606 2038 3661 anima:

451 3708 506 3754 et
535 3697 733 3765 ,jndicii
762 3713 776 3759 ;
810 3697 1082 3765 multaque
1123 3697 1226 3750 alia
1257 3697 1513 3764 attrahit,
1547 3697 1713 3754 fatum
1741 3739 1756 3766 ,
1797 3699 2034 3755 necessi-

456 3797 638 3850 tatem,
665 3787 1000 3857 negationem
1024 3787 1390 3856 providentiae.
1420 3789 1612 3846 Anima
1629 3791 1772 3848 enim
1796 3792 1850 3846 in
1879 3793 2036 3849 malis

455 3877 753 3933 innumeris
781 3879 1027 3934 immersa
1053 3918 1068 3944 ,
1102 3879 1215 3934 lucc
1243 3880 1345 3934 sibi
1375 3882 1685 3953 excogitare
1714 3884 1943 3954 satagit,
1969 3900 2034 3940 ne

515 4075 765 4158 :Gr'aepus
780 4084 947 4158 ιεῖἕῑυξ
969 4078 1136 4152 habet,
1250 4098 1467 4158 quaedam?
1490 4101 1822 4158 καταγινώσκῃ-διὰ
1836 4108 1878 4145 τὸ
1902 4105 2033 4158 δόγμα,

447 4150 577 4216 ηυξ,
603 4136 788 4216 dLeleta,
812 4147 867 4216 ut
889 4144 1046 4216 series
1070 4136 1318 4216 pdstula're
1337 4136 2030 4216 videmiﬁéga‘iiéﬁé'di‘é‘il

446 4199 777 4260 gniticabunt:
804 4200 928 4251 Licet
949 4199 1115 4267 aperte
1147 4208 1426 4259 condemnet
1447 4199 1645 4274 propter
1655 4199 1856 4280 't’ibgh'id.

1252 279 1307 336 S.
1340 276 1614 334 JOANNIS
1650 274 2123 334 CHRYSOSTOMI
2163 275 2477 334 ARClllEP.
2518 279 3046 341 CONSTANTINOP.
3660 290 3763 346 3.32

2179 399 2363 445 moesta
2395 392 2462 446 sit
2491 395 2732 464 cogitans
2756 396 3014 464 judicium
3045 397 3158 452 fore
3183 438 3200 466 ,
3229 406 3285 453 et
3325 398 3376 451 in
3413 399 3571 455 nobis
3597 403 3759 457 situtn

2172 495 2290 536 esse
2321 483 2528 539 virtutis
2553 494 2606 540 ct
2645 487 2895 556 nequitia:
2924 489 3181 544 studium.

2258 571 2370 625 Vita
2417 573 2646 645 improba
2673 577 2826 644 ﬁdem
2855 582 3152 649 corrumpit.
3181 610 3250 620 —
3284 580 3432 636 Talis
3460 580 3568 635 vita
3603 582 3758 639 innu-

2169 675 2313 716 mera
2345 673 2597 734 operatur
2627 666 2786 732 mala,
2827 668 3071 724 homines
3100 670 3242 725 feras
3268 672 3465 739 reddit,
3494 674 3601 728 imo
3629 674 3756 731 feris

2170 751 2685 809 irrationabiliores:
2734 772 2856 810 nam
2885 773 3005 828 qua:
3050 759 3099 813 in
3143 759 3485 816 diversarum
3518 762 3755 819 ferarum

2170 850 2358 895 natura
2404 854 2560 911 sunt,
2623 846 2709 900 illa
2738 862 2881 916 smpe
2929 849 2982 902 in
3033 866 3141 904 uno
3179 851 3394 908 homine
3423 854 3666 925 colligit,
3699 865 3754 911 et

2167 941 2336 988 totum
2359 935 2636 991 subvertit.
2662 938 2787 994 Ideo
2814 939 2978 995 fatum
3003 942 3298 999 introduxit
3317 945 3561 1004 diabolus
3591 968 3603 1004 :
3630 951 3755 1007 ideo

2165 1025 2280 1080 sine
2327 1027 2658 1094 providentia
2710 1031 2964 1086 mundum
3010 1035 3122 1104 regi
3161 1034 3297 1089 dixit
3335 1053 3349 1089 :
3383 1037 3504 1093 ideo
3533 1049 3752 1097 naturas

2166 1117 2314 1183 ponit
2358 1117 2524 1173 bonas
2552 1129 2606 1173 et
2633 1121 2838 1176 malas:
2872 1123 3070 1178 idcirco
3114 1125 3311 1179 malum
3343 1128 3462 1182 sine
3489 1130 3750 1200 principio

2164 1217 2219 1260 et
2263 1210 2538 1264 materiale
2568 1214 2852 1281 supponit:
2883 1213 3083 1269 idcirco
3112 1216 3244 1271 nihil
3273 1232 3377 1271 non
3408 1219 3554 1288 agit,
3585 1231 3642 1274 nt
3670 1223 3746 1276 vi-

2166 1306 2271 1352 tam
2299 1307 2535 1354 nostram
2559 1312 2884 1372 corrumpat.
2913 1304 3096 1374 Neque
3122 1307 3264 1360 enim
3296 1307 3411 1363 fieri
3439 1318 3655 1379 potest,
3690 1323 3745 1367 ut

2163 1388 2210 1442 is
2229 1429 2244 1454 ,
2273 1389 2361 1457 qui
2402 1390 2492 1443 tali
2521 1391 2680 1445 modo
2710 1392 2878 1460 vivit,
2908 1394 2988 1448 vel
3016 1409 3045 1448 a
3075 1396 3255 1464 pravis
3283 1396 3626 1468 dogmatibus
3655 1417 3743 1456 re-

2161 1479 2304 1533 siliat
2330 1521 2344 1545 ,
2378 1481 2458 1534 vel
2491 1482 2540 1535 in
2570 1497 2699 1536 sana
2729 1482 2831 1538 tide
2859 1494 3108 1552 maneat;
3153 1487 3246 1542 sed
3277 1491 3586 1545 necessario
3629 1491 3744 1547 haec

2159 1582 2418 1628 assumet.
2449 1573 2563 1628 Non
2593 1584 2719 1645 puto
2761 1577 2905 1631 enim
2953 1579 3256 1647 quempiam
3288 1582 3515 1650 reperiri
3541 1599 3602 1637 ex
3635 1585 3702 1639 iis
3727 1625 3742 1648 ,

2158 1666 2247 1734 qui
2295 1681 2400 1720 non
2459 1677 2604 1723 recte
2644 1668 2863 1738 vivunt,
2891 1671 2980 1740 qui
3022 1686 3130 1726 non
3174 1672 3340 1726 millia
3366 1676 3601 1729 satanica
3633 1691 3746 1732 me—

2157 1755 2387 1820 ditetur;
2415 1758 2560 1811 verbi
2592 1759 2759 1828 gratia
2781 1799 2797 1828 ,
2828 1759 2991 1814 fatum
3018 1776 3138 1817 esse
3165 1803 3180 1828 ,
3208 1777 3296 1816 res
3324 1777 3514 1818 omnes
3541 1775 3743 1822 temere

2159 1846 2323 1914 ferri,
2377 1850 2679 1918 permixtim
2724 1860 2780 1907 et
2826 1853 3049 1908 confuse
3095 1856 3274 1909 omnia
3318 1856 3520 1926 jacere.
3573 1859 3736 1924 Ideo,

2157 1937 2424 2005 obsecro,
2470 1939 2593 1993 vita:
2641 1941 2822 2010 probae
2869 1957 3051 1996 curam
3103 1943 3430 2012 habeamus,
3488 1963 3555 2002 ne
3597 1949 3735 2002 mala

2157 2027 2511 2096 suscipiamus
2539 2029 2810 2100 dogmata.
2857 2030 2987 2086 Cain
3021 2033 3073 2087 in
3120 2034 3378 2091 ultionem
3407 2037 3645 2108 accepit,
3679 2049 3738 2092 ut

2155 2116 2526 2187 ingemisceret
2549 2161 2564 2188 ,
2597 2129 2651 2175 et
2682 2129 2954 2177 tremeret.
3003 2123 3161 2178 Tales
3188 2135 3312 2180 sunt
3354 2127 3581 2197 improbi
3601 2169 3616 2194 ,
3647 2128 3731 2182 in-

2153 2223 2499 2264 numerorum
2547 2211 2649 2265 sibi
2686 2212 2946 2268 malorum
2993 2215 3234 2269 conscii:
3263 2231 3405 2286 saape
3445 2233 3510 2273 cx
3551 2234 3740 2274 somno

2152 2299 2426 2368 exsiliunt,
2452 2301 2769 2357 turbulentae
2794 2314 2918 2358 sunt
2943 2304 3292 2375 cogitationes
3313 2323 3520 2377 eorum,
3546 2311 3739 2366 turbati

2152 2389 2290 2443 oculi
2313 2431 2328 2455 ,
2357 2393 2536 2446 omnia
2565 2394 2874 2462 suspicione
2937 2396 3092 2464 plena
3119 2438 3135 2464 ,
3167 2406 3372 2453 terrore
3396 2440 3411 2467 ,
3458 2402 3608 2470 gravi
3639 2417 3737 2456 ex-

2153 2481 2485 2549 spectatione
2508 2523 2523 2546 ,
2554 2492 2698 2537 metu
2739 2484 2893 2554 plena
2915 2487 3115 2555 anima,
3149 2487 3435 2545 formidine
3462 2501 3517 2546 et
3547 2493 3738 2548 timore

2153 2572 2442 2639 subversa,
2489 2573 2741 2629 inhabilis
2785 2587 2884 2630 est.
2930 2575 3071 2632 Nihil
3121 2579 3209 2633 tali
3257 2581 3434 2636 anima
3476 2584 3692 2639 mollius
3719 2624 3734 2649 ,

2156 2659 2289 2715 nihil
2331 2661 2687 2732 insipientius.
2739 2665 2891 2721 Sicut
2914 2667 3103 2722 furiosi
3139 2684 3243 2724 non
3272 2680 3414 2727 stant
3444 2673 3497 2727 in
3532 2683 3735 2730 semet-

2149 2751 2302 2820 ipsis,
2353 2753 2431 2807 sic
2471 2764 2524 2809 et
2565 2755 2649 2808 illa
2681 2757 2962 2812 instabilis.
3006 2758 3354 2825 Quandonam
3394 2776 3523 2834 ergo
3553 2763 3644 2819 illa
3681 2765 3736 2819 in

2147 2856 2367 2899 sensum
2391 2853 2554 2900 tanta:
2579 2848 2822 2918 caliginis
2848 2851 3049 2917 veniat,
3073 2866 3232 2921 quam
3255 2853 3546 2924 optandum
3567 2865 3731 2922 esset,

2153 2937 2536 3006 tranquillitate
2587 2941 2987 3011 serenitateque
3036 2941 3338 3008 fruentem,
3375 2960 3533 3013 posse
3577 2961 3729 3000 suam

2146 3041 2439 3097 agnoscere
2468 3029 2842 3086 nobilitatem?
2871 3032 3005 3086 Dum
3031 3042 3210 3088 autem
3241 3034 3416 3088 omnia
3448 3035 3594 3090 illam
3621 3046 3729 3091 ter-

2145 3127 2269 3174 rent
2298 3128 2352 3174 et
2382 3121 2632 3188 turbant,
2667 3122 2872 3176 somnia
2893 3165 2908 3192 ,
2937 3123 3102 3178 verba
3123 3164 3140 3191 ,
3173 3124 3387 3180 habitus
3407 3167 3423 3193 ,
3451 3134 3507 3181 et
3549 3129 3732 3198 suspi-

2149 3210 2367 3276 ciones,
2397 3211 2616 3280 quando
2660 3214 2856 3281 poterit
2885 3213 2937 3268 in
2983 3229 3042 3270 se
3069 3216 3372 3286 respicere,
3404 3217 3484 3272 sic
3524 3219 3730 3273 turbata

2151 3311 2206 3358 et
2251 3304 2546 3373 perplexa?
2580 3303 2723 3360 illius
2752 3320 2880 3376 ergo
2924 3317 3126 3362 metum
3167 3307 3474 3375 solvamus,
3521 3310 3731 3366 vincula

2149 3393 2542 3464 dirumpamus.
2593 3396 2724 3451 Nam
2757 3399 2802 3452 si
2853 3413 2959 3454 non
3008 3408 3154 3455 esset
3203 3414 3360 3471 paena
3387 3441 3403 3468 ,
3435 3417 3538 3473 qua
3571 3417 3730 3472 poena

2144 3484 2259 3540 haec
2297 3487 2511 3556 gravior
2542 3503 2646 3542 non
2691 3489 2850 3544 fuerit
2871 3531 2885 3556 ,
2919 3489 2972 3544 in
3021 3490 3211 3546 timore
3240 3507 3456 3562 semper
3498 3492 3682 3546 vivere
3707 3534 3727 3560 ,

2142 3592 2428 3648 nnmquam
2455 3580 2726 3636 conlidere
2748 3623 2762 3649 ,
2792 3597 3080 3653 numquam
3111 3583 3431 3652 quiescere?
3457 3583 3579 3640 Haec
3607 3600 3731 3640 om-

2139 3670 2226 3723 nia
2251 3681 2501 3727 accurate
2522 3673 2773 3740 scientes,
2802 3674 2853 3727 in
2883 3674 3269 3744 tranquillitate
3295 3691 3393 3731 nos
3421 3693 3721 3745 servemus,

2145 3767 2200 3814 et
2224 3761 2472 3816 virtutem
2497 3764 2758 3828 colamus,
2777 3773 2834 3818 ut
2854 3773 2908 3818 et
2928 3778 3053 3818 sana
3085 3763 3332 3836 dogmata
3359 3776 3413 3822 et
3435 3767 3595 3822 vitam
3629 3768 3728 3823 bo-

2150 3866 2272 3908 nam
2323 3853 2623 3923 habentes,
2665 3857 2780 3912 sine
2826 3857 3145 3912 offendicula
3191 3860 3354 3914 vitam
3405 3870 3726 3929 praesentem

2145 3944 2535 4014 transigamus,
2564 3955 2619 4001 et
2663 3947 2926 4016 promissa
2971 3947 3314 4019 diligentibus
3364 3950 3536 4020 ipsum
3587 3951 3724 4007 bona

2138 4049 2563 4105 consequamur,
2595 4040 2763 4109 gratia
2795 4049 2850 4095 et
2873 4040 3203 4110 benignitate
3253 4041 3520 4112 Unigeniti
3561 4043 3678 4113 ejus
3705 4085 3722 4111 ,

2137 4126 2354 4195 quicum
2376 4129 2518 4183 Patri
2547 4139 2601 4185 et
2621 4129 2842 4201 Spiritui
2864 4141 3049 4187 sancto
3071 4132 3264 4203 gloria,
3285 4135 3590 4204 imperium,
3616 4137 3715 4190 bo-

2139 4230 2258 4284 nor,
2283 4233 2424 4274 nunc
2450 4229 2504 4275 et
2533 4235 2769 4291 semper,
2798 4229 2849 4278 et
2871 4222 2924 4276 in
2946 4222 3138 4277 smcula
3160 4224 3499 4281 surculorum.
3519 4228 3710 4281 Amen.

453 4342 492 4352 η
515 4347 564 4351 _.
579 4346 2836 4390 --.η-Μ

1777 4459 2108 4522 HOMILIA
2152 4463 2428 4528 XLVIII.

446 4586 571 4640 CAP.
623 4587 713 4644 εἰ.
762 4605 812 4642 ν.
860 4592 944 4644 17.
1001 4591 1216 4646 Factum
1256 4604 1328 4649 est
1375 4606 1543 4651 autem
1601 4604 1864 4657 revertenti
1907 4606 2030 4660 mihi

523 4681 572 4732 in
603 4679 910 4748 Jerusalem,
929 4693 977 4736 et
1006 4687 1170 4739 oranti
1196 4688 1248 4741 in
1278 4690 1482 4759 templo,
1504 4691 1615 4759 ﬁeri
1642 4710 1719 4747 me
1744 4695 1796 4749 in
1824 4701 2028 4770 exstasi,

525 4771 609 4825 18.
640 4781 687 4825 et
716 4772 881 4827 videre
906 4775 1053 4828 illum
1083 4776 1324 4832 dicentem
1365 4781 1490 4834 mihi
1529 4799 1547 4836 :
1594 4782 1825 4852 Festina,
1868 4799 1916 4844 et
1953 4793 2034 4846 exi

521 4861 751 4916 velociter
787 4881 850 4920 ea:
872 4864 1178 4936 Jerusalem,
1227 4872 1463 4941 quoniam
1491 4891 1592 4929 non
1623 4877 1862 4948 recipient
1887 4884 2032 4938 testi-

523 4954 747 5008 monium
777 4964 918 5010 tuum
942 4956 1125 5014 dente.
1159 4959 1245 5016 19.
1280 4960 1347 5014 Et
1376 4979 1466 5035 ego
1491 4965 1598 5020 dixi
1629 4984 1648 5022 .'
1679 4967 1910 5038 Domine,
1932 4974 2033 5044 ipsi

521 5045 706 5111 sciunt,
757 5048 876 5114 quia
924 5063 1014 5118 ego
1062 5067 1199 5104 nam
1238 5055 1542 5112 concludens
1595 5060 1647 5113 in
1685 5077 1954 5132 carcerem,
1983 5076 2030 5121 et

519 5138 718 5192 credens
745 5155 833 5207 per
867 5155 1151 5212 synagogas
1185 5160 1290 5212 eos,
1334 5148 1420 5216 qui
1448 5151 1715 5207 credebant
1737 5154 1792 5210 in
1817 5166 1863 5210 te
1892 5174 1911 5211 :
1935 5158 2026 5213 20.

518 5241 564 5283 et
593 5247 710 5284 cum
740 5231 1033 5302 funderetur
1076 5239 1282 5306 sanguis
1325 5237 1577 5309 Stephani
1619 5246 1756 5300 testis
1797 5249 1889 5313 tui,
1937 5266 2028 5320 ego

519 5324 805 5388 mlstabem,
834 5332 881 5377 et
907 5327 1277 5382 consentiebam
1306 5331 1413 5384 neci
1447 5335 1574 5403 ejus,
1605 5345 1653 5388 et
1687 5339 2026 5394 custodiebam

517 5415 803 5467 vestimenta
827 5415 1233 5484 interﬁcientium
1257 5421 1423 5475 illum.

516 5506 565 5557 1.
613 5504 746 5560 Vide
778 5508 1044 5576 quomodo
1078 5524 1137 5565 se
1165 5511 1215 5565 in
1246 5513 1479 5581 pericula
1511 5518 1779 5588 conjiciat.
1828 5519 2021 5577 Subdit

448 5595 588 5647 cnim
622 5613 634 5648 :
663 5594 879 5652 Factum
901 5609 972 5652 est
999 5611 1165 5657 autem
1193 5608 1456 5660 revertenti
1484 5610 1607 5663 mihi
1631 5611 1684 5664 in
1706 5611 2023 5678 Jerusalem;

449 5681 497 5734 id
527 5695 625 5752 est,
654 5699 771 5756 post
804 5690 1058 5746 visionem
1088 5694 1228 5749 illam
1258 5713 1442 5753 rursus
1478 5700 1528 5753 in
1559 5700 1850 5758 Jerusalem
1874 5706 2016 5761 veni.

2138 4607 2206 4661 Et
2232 4611 2400 4664 oranti
2434 4613 2486 4666 in
2527 4616 2732 4685 templo,
2755 4618 2865 4685 fieri
2893 4635 2970 4673 me
2998 4620 3050 4672 in
3085 4622 3289 4688 exstasi,
3317 4629 3361 4675 et
3388 4623 3554 4678 videre
3577 4623 3723 4678 illum

2137 4699 2381 4756 dicentem
2407 4702 2530 4758 mihi
2554 4721 2573 4758 :
2600 4703 2828 4774 Festina,
2874 4717 2921 4762 et
2950 4710 3031 4763 exi
3055 4711 3288 4764 velociter
3325 4728 3387 4767 ea:
3410 4711 3720 4777 Jerusalem,

2135 4793 2374 4861 quoniam
2400 4811 2502 4849 non
2528 4797 2770 4868 recipient
2795 4802 3136 4855 testimonium
3164 4811 3307 4857 tuum
3331 4805 3393 4859 de
3418 4821 3520 4858 me.
3552 4805 3718 4861 Vide:

2139 4897 2310 4952 neque
2339 4884 2442 4940 hoc
2466 4886 2582 4942 sine
2621 4891 2930 4945 testimonio
2956 4892 3152 4962 agitur,
3184 4894 3280 4950 sed
3309 4896 3378 4951 ab
3408 4907 3609 4954 eventu
3639 4905 3722 4952 est

2138 4977 2520 5033 testimonium.
2588 4980 2835 5048 Dixerat,
2899 4982 3024 5039 Non
3084 4987 3325 5056 recipient
3381 4990 3721 5043 testimonium

2137 5073 2280 5120 tuum
2301 5083 2321 5122 :
2347 5075 2401 5123 et
2430 5083 2536 5124 non
2567 5081 2906 5142 receperunt.
2938 5075 3098 5131 Certe
3137 5091 3203 5132 ex
3229 5078 3508 5135 ratiocinio
3532 5081 3718 5150 conje-

2136 5157 2384 5212 ctandnm
2414 5169 2548 5227 erat,
2581 5163 2724 5231 quod
2765 5174 2948 5219 essent
2976 5168 3264 5237 recepturi.
3298 5167 3407 5240 Ego
3426 5171 3558 5224 enim
3579 5187 3718 5224 erant

2135 5248 2440 5303 concludens
2465 5251 2518 5305 in
2543 5267 2794 5307 carcerem
2819 5263 2867 5308 et
2903 5256 3119 5323 credens,
3153 5257 3344 5328 inquit.
3392 5259 3515 5315 Ideo
3562 5260 3720 5330 igitur

2137 5341 2374 5409 recipere
2403 5344 2722 5412 oportebat;
2765 5355 2820 5401 et
2867 5354 3047 5403 tamen
3079 5365 3184 5405 non
3213 5359 3551 5422 receperunt.
3593 5351 3719 5406 Ideo

2137 5430 2236 5486 hoc
2267 5432 2317 5486 in
2341 5435 2538 5488 exsmsi
2559 5438 2734 5504 discit,
2755 5453 2812 5494 se
2834 5455 2938 5495 non
2962 5443 3326 5512 recipiendum
3343 5459 3483 5500 esse.
3498 5444 3589 5499 Hic
3608 5445 3717 5498 duo

2135 5524 2323 5593 prohat
2353 5545 2365 5581 :
2396 5537 2450 5583 et
2475 5530 2617 5598 quod
2648 5547 2753 5586 non
2776 5535 2982 5602 possint
3011 5539 3254 5591 excusari
3279 5555 3295 5604 ;
3347 5553 3471 5593 nam
3524 5546 3717 5608 prmter

2133 5615 2386 5672 decorum
2419 5629 2474 5674 et
2507 5631 2702 5690 praeter
2736 5626 2996 5680 rationem
3025 5628 3198 5696 ipsum
3229 5630 3713 5699 persequebantur;

2141 5717 2194 5762 ct
2223 5710 2362 5780 quod
2393 5712 2528 5768 Dens
2556 5724 2697 5771 esset
2725 5715 2993 5784 Christus,
3037 5733 3098 5774 ea
3135 5735 3255 5791 qutc
3285 5729 3482 5791 praeter
3522 5734 3712 5790 exspe-
