  <div class='ocr_page' id='page_1' title='image "/cluster/home/n/w/nwhite01/storage/ocr_20150623/60/mdp.39015028539453/336.png"; bbox 0 0 4148 6152; ppageno 0'>
   <div class='ocr_carea' id='block_1_1' title="bbox 335 370 431 426">
    <p class='ocr_par' dir='ltr' id='par_1_1' title="bbox 335 370 431 426">
     <span class='ocr_line' id='line_1_1' title="bbox 335 370 431 426; baseline -0.01 0"><span class='ocrx_word' id='word_1_1' title='bbox 335 370 431 426; x_wconf 69' lang='lat'>3&#39;5]</span> 
     </span>
    </p>
   </div>
   <div class='ocr_carea' id='block_1_2' title="bbox 338 468 2000 554">
    <p class='ocr_par' dir='ltr' id='par_1_2' title="bbox 338 468 2000 554">
     <span class='ocr_line' id='line_1_2' title="bbox 338 468 2000 554; baseline -0.01 -17"><span class='ocrx_word' id='word_1_2' title='bbox 338 481 797 554; x_wconf 81' lang='grc' dir='ltr'>προσταγμάτων.</span> <span class='ocrx_word' id='word_1_3' title='bbox 855 475 918 529; x_wconf 72' lang='grc' dir='ltr'>Αἰ</span> <span class='ocrx_word' id='word_1_4' title='bbox 974 470 1266 540; x_wconf 76' lang='grc' dir='ltr'>ἐπιθυμίαι</span> <span class='ocrx_word' id='word_1_5' title='bbox 1341 468 1696 554; x_wconf 21' lang='grc' dir='ltr'>αἱππονηροιί⁵</span> <span class='ocrx_word' id='word_1_6' title='bbox 1747 470 1808 519; x_wconf 88' lang='grc' dir='ltr'>τὸ</span> <span class='ocrx_word' id='word_1_7' title='bbox 1870 468 2000 520; x_wconf 74' lang='grc' dir='ltr'>αὐτὸ</span> 
     </span>
    </p>
   </div>
   <div class='ocr_carea' id='block_1_3' title="bbox 335 550 1999 636">
    <p class='ocr_par' dir='ltr' id='par_1_3' title="bbox 335 550 1999 636">
     <span class='ocr_line' id='line_1_3' title="bbox 335 550 1999 636; baseline -0.01 -17"><span class='ocrx_word' id='word_1_8' title='bbox 335 550 607 636; x_wconf 55' lang='grc' dir='ltr'>λέγουσινλ</span> <span class='ocrx_word' id='word_1_9' title='bbox 622 562 756 618; x_wconf 79' lang='grc' dir='ltr'>ἀλλὰ</span> <span class='ocrx_word' id='word_1_10' title='bbox 774 562 838 614; x_wconf 84' lang='grc' dir='ltr'>σὺ</span> <span class='ocrx_word' id='word_1_11' title='bbox 863 558 938 629; x_wconf 78' lang='grc' dir='ltr'>μή</span> <span class='ocrx_word' id='word_1_12' title='bbox 955 573 1028 609; x_wconf 87' lang='grc' dir='ltr'>πα</span> <span class='ocrx_word' id='word_1_13' title='bbox 1038 554 1362 626; x_wconf 73' lang='grc' dir='ltr'>ραπεισθῄς,</span> <span class='ocrx_word' id='word_1_14' title='bbox 1384 552 1522 604; x_wconf 84' lang='grc' dir='ltr'>ἀλλὰ</span> <span class='ocrx_word' id='word_1_15' title='bbox 1545 550 1701 621; x_wconf 82' lang='grc' dir='ltr'>στῆθι</span> <span class='ocrx_word' id='word_1_16' title='bbox 1716 551 1999 620; x_wconf 78' lang='grc' dir='ltr'>γενναίως,</span> 
     </span>
    </p>
   </div>
   <div class='ocr_carea' id='block_1_4' title="bbox 339 636 2004 722">
    <p class='ocr_par' dir='ltr' id='par_1_4' title="bbox 339 636 2004 722">
     <span class='ocr_line' id='line_1_4' title="bbox 339 636 2004 722; baseline -0.008 -18"><span class='ocrx_word' id='word_1_17' title='bbox 339 652 426 706; x_wconf 84' lang='grc' dir='ltr'>ῖνα</span> <span class='ocrx_word' id='word_1_18' title='bbox 476 653 549 722; x_wconf 81' lang='grc' dir='ltr'>μὴ</span> <span class='ocrx_word' id='word_1_19' title='bbox 609 649 704 704; x_wconf 73' lang='grc' dir='ltr'>καὶ</span> <span class='ocrx_word' id='word_1_20' title='bbox 746 646 877 716; x_wconf 75' lang='grc' dir='ltr'>περὶ</span> <span class='ocrx_word' id='word_1_21' title='bbox 937 642 1094 714; x_wconf 89' lang='grc' dir='ltr'>ήμῶν</span> <span class='ocrx_word' id='word_1_22' title='bbox 1138 639 1368 709; x_wconf 77' lang='grc' dir='ltr'>λαληθῇ’</span> <span class='ocrx_word' id='word_1_23' title='bbox 1404 638 1555 692; x_wconf 83' lang='grc' dir='ltr'>Θεὸν</span> <span class='ocrx_word' id='word_1_24' title='bbox 1599 636 2004 722; x_wconf 71' lang='grc' dir='ltr'>ὁμολογοῦσιν</span> 
     </span>
    </p>
   </div>
   <div class='ocr_carea' id='block_1_5' title="bbox 337 721 2001 799">
    <p class='ocr_par' dir='ltr' id='par_1_5' title="bbox 337 721 2001 799">
     <span class='ocr_line' id='line_1_5' title="bbox 337 721 2001 799; baseline -0.01 -9"><span class='ocrx_word' id='word_1_25' title='bbox 337 721 577 799; x_wconf 70' lang='grc' dir='ltr'>εἰδέναι,</span> <span class='ocrx_word' id='word_1_26' title='bbox 635 732 759 799; x_wconf 85' lang='grc' dir='ltr'>τοῖς</span> <span class='ocrx_word' id='word_1_27' title='bbox 803 729 872 784; x_wconf 84' lang='grc' dir='ltr'>δὲ</span> <span class='ocrx_word' id='word_1_28' title='bbox 921 729 1117 795; x_wconf 73' lang='grc' dir='ltr'>ἔργοις</span> <span class='ocrx_word' id='word_1_29' title='bbox 1154 724 1500 793; x_wconf 81' lang='grc' dir='ltr'>ἀρνοῦνται.</span> <span class='ocrx_word' id='word_1_30' title='bbox 1558 721 1728 776; x_wconf 82' lang='grc' dir='ltr'>Τοῦτο</span> <span class='ocrx_word' id='word_1_31' title='bbox 1777 723 1884 793; x_wconf 86' lang='grc' dir='ltr'>γὰρ</span> <span class='ocrx_word' id='word_1_32' title='bbox 1938 722 2001 775; x_wconf 82' lang='grc' dir='ltr'>οὑ</span> 
     </span>
    </p>
   </div>
   <div class='ocr_carea' id='block_1_6' title="bbox 343 808 2002 893">
    <p class='ocr_par' dir='ltr' id='par_1_6' title="bbox 343 808 2002 893">
     <span class='ocr_line' id='line_1_6' title="bbox 343 808 2002 893; baseline -0.008 -19"><span class='ocrx_word' id='word_1_33' title='bbox 343 820 655 893; x_wconf 89' lang='grc' dir='ltr'>μαρτύρων,</span> <span class='ocrx_word' id='word_1_34' title='bbox 689 819 825 873; x_wconf 84' lang='grc' dir='ltr'>ἀλλά</span> <span class='ocrx_word' id='word_1_35' title='bbox 863 815 924 869; x_wconf 83' lang='grc' dir='ltr'>τὸ</span> <span class='ocrx_word' id='word_1_36' title='bbox 972 812 1239 867; x_wconf 89' lang='grc' dir='ltr'>ἐναντίον.</span> <span class='ocrx_word' id='word_1_37' title='bbox 1292 811 1404 865; x_wconf 76' lang='grc' dir='ltr'>Καὶ</span> <span class='ocrx_word' id='word_1_38' title='bbox 1427 809 1488 862; x_wconf 78' lang='grc' dir='ltr'>τὸ</span> <span class='ocrx_word' id='word_1_39' title='bbox 1521 810 1623 880; x_wconf 89' lang='grc' dir='ltr'>μέν</span> <span class='ocrx_word' id='word_1_40' title='bbox 1650 810 1779 871; x_wconf 83' lang='grc' dir='ltr'>τοὺς</span> <span class='ocrx_word' id='word_1_41' title='bbox 1808 808 2002 872; x_wconf 81' lang='grc' dir='ltr'>ἄλλους</span> 
     </span>
    </p>
   </div>
   <div class='ocr_carea' id='block_1_7' title="bbox 338 898 2003 980">
    <p class='ocr_par' dir='ltr' id='par_1_7' title="bbox 338 898 2003 980">
     <span class='ocr_line' id='line_1_7' title="bbox 338 898 2003 980; baseline -0.01 -16"><span class='ocrx_word' id='word_1_42' title='bbox 338 910 638 980; x_wconf 82' lang='grc' dir='ltr'>ἀρνεῖσθαι,</span> <span class='ocrx_word' id='word_1_43' title='bbox 670 907 823 961; x_wconf 77' lang='grc' dir='ltr'>οὐδὲν</span> <span class='ocrx_word' id='word_1_44' title='bbox 844 900 1176 974; x_wconf 86' lang='grc' dir='ltr'>θαυμαστόν·</span> <span class='ocrx_word' id='word_1_45' title='bbox 1202 901 1264 953; x_wconf 83' lang='grc' dir='ltr'>τὸ</span> <span class='ocrx_word' id='word_1_46' title='bbox 1286 898 1345 953; x_wconf 83' lang='grc' dir='ltr'>δὲ</span> <span class='ocrx_word' id='word_1_47' title='bbox 1379 899 1525 969; x_wconf 78' lang='grc' dir='ltr'>ἡμᾶς</span> <span class='ocrx_word' id='word_1_48' title='bbox 1562 899 1687 961; x_wconf 76' lang='grc' dir='ltr'>τοὺς</span> <span class='ocrx_word' id='word_1_49' title='bbox 1728 899 1807 960; x_wconf 86' lang='grc' dir='ltr'>εἰς</span> <span class='ocrx_word' id='word_1_50' title='bbox 1864 913 2003 966; x_wconf 83' lang='grc' dir='ltr'>μαρ-</span> 
     </span>
    </p>
   </div>
   <div class='ocr_carea' id='block_1_8' title="bbox 339 985 2004 1068">
    <p class='ocr_par' dir='ltr' id='par_1_8' title="bbox 339 985 2004 1068">
     <span class='ocr_line' id='line_1_8' title="bbox 339 985 2004 1068; baseline -0.008 -17"><span class='ocrx_word' id='word_1_51' title='bbox 339 995 522 1068; x_wconf 89' lang='grc' dir='ltr'>τύριον</span> <span class='ocrx_word' id='word_1_52' title='bbox 559 995 864 1067; x_wconf 78' lang='grc' dir='ltr'>κληθέντας</span> <span class='ocrx_word' id='word_1_53' title='bbox 895 989 1154 1059; x_wconf 77' lang='grc' dir='ltr'>ἐξάρνους</span> <span class='ocrx_word' id='word_1_54' title='bbox 1186 986 1461 1054; x_wconf 87' lang='grc' dir='ltr'>γενέσθαι,</span> <span class='ocrx_word' id='word_1_55' title='bbox 1493 985 1632 1055; x_wconf 79' lang='grc' dir='ltr'>βαρὺ</span> <span class='ocrx_word' id='word_1_56' title='bbox 1677 985 1772 1037; x_wconf 79' lang='grc' dir='ltr'>καὶ</span> <span class='ocrx_word' id='word_1_57' title='bbox 1820 1000 2004 1054; x_wconf 89' lang='grc' dir='ltr'>φορτι-</span> 
     </span>
    </p>
   </div>
   <div class='ocr_carea' id='block_1_9' title="bbox 340 1072 2005 1152">
    <p class='ocr_par' dir='ltr' id='par_1_9' title="bbox 340 1072 2005 1152">
     <span class='ocr_line' id='line_1_9' title="bbox 340 1072 2005 1152; baseline -0.008 -15"><span class='ocrx_word' id='word_1_58' title='bbox 340 1083 454 1137; x_wconf 85' lang='grc' dir='ltr'>κόν·</span> <span class='ocrx_word' id='word_1_59' title='bbox 485 1080 645 1136; x_wconf 82' lang='grc' dir='ltr'>τοῦτο</span> <span class='ocrx_word' id='word_1_60' title='bbox 672 1080 910 1152; x_wconf 89' lang='grc' dir='ltr'>μάλιστα</span> <span class='ocrx_word' id='word_1_61' title='bbox 931 1076 1160 1147; x_wconf 81' lang='grc' dir='ltr'>βλάπτει</span> <span class='ocrx_word' id='word_1_62' title='bbox 1186 1072 1533 1144; x_wconf 84' lang='grc' dir='ltr'>τάήμέτερα.</span> <span class='ocrx_word' id='word_1_63' title='bbox 1561 1074 1660 1137; x_wconf 79' lang='grc' dir='ltr'>Εἰς</span> <span class='ocrx_word' id='word_1_64' title='bbox 1676 1072 2005 1140; x_wconf 81' lang='grc' dir='ltr'>μαρτύριον</span> 
     </span>
    </p>
   </div>
   <div class='ocr_carea' id='block_1_10' title="bbox 341 1156 2005 1235">
    <p class='ocr_par' dir='ltr' id='par_1_10' title="bbox 341 1156 2005 1235">
     <span class='ocr_line' id='line_1_10' title="bbox 341 1156 2005 1235; baseline -0.009 -12"><span class='ocrx_word' id='word_1_65' title='bbox 341 1170 522 1233; x_wconf 81' lang='grc' dir='ltr'>αὐτοῖς</span> <span class='ocrx_word' id='word_1_66' title='bbox 549 1165 939 1235; x_wconf 75' lang='grc' dir='ltr'>ἀποϐήσεται,</span> <span class='ocrx_word' id='word_1_67' title='bbox 974 1161 1159 1233; x_wconf 81' lang='grc' dir='ltr'>φησίν·</span> <span class='ocrx_word' id='word_1_68' title='bbox 1183 1160 1298 1215; x_wconf 90' lang='grc' dir='ltr'>ἀλλ’</span> <span class='ocrx_word' id='word_1_69' title='bbox 1324 1160 1452 1213; x_wconf 84' lang='grc' dir='ltr'>ὃταν</span> <span class='ocrx_word' id='word_1_70' title='bbox 1492 1158 1593 1211; x_wconf 83' lang='grc' dir='ltr'>οὐκ</span> <span class='ocrx_word' id='word_1_71' title='bbox 1638 1156 2005 1226; x_wconf 81' lang='grc' dir='ltr'>άποπηδήσω-</span> 
     </span>
    </p>
   </div>
   <div class='ocr_carea' id='block_1_11' title="bbox 342 1243 2005 1322">
    <p class='ocr_par' dir='ltr' id='par_1_11' title="bbox 342 1243 2005 1322">
     <span class='ocr_line' id='line_1_11' title="bbox 342 1243 2005 1322; baseline -0.009 -15"><span class='ocrx_word' id='word_1_72' title='bbox 342 1269 464 1322; x_wconf 85' lang='grc' dir='ltr'>μεν,</span> <span class='ocrx_word' id='word_1_73' title='bbox 492 1255 622 1307; x_wconf 82' lang='grc' dir='ltr'>ὅταν</span> <span class='ocrx_word' id='word_1_74' title='bbox 652 1250 951 1321; x_wconf 78' lang='grc' dir='ltr'>ἐνστῶμεν.</span> <span class='ocrx_word' id='word_1_75' title='bbox 975 1248 1037 1301; x_wconf 86' lang='grc' dir='ltr'><strong>Εἰ</strong></span> <span class='ocrx_word' id='word_1_76' title='bbox 1088 1247 1291 1310; x_wconf 86' lang='grc' dir='ltr'>πάντες</span> <span class='ocrx_word' id='word_1_77' title='bbox 1335 1243 1669 1314; x_wconf 89' lang='grc' dir='ltr'>ἐϐουλόμεθα</span> <span class='ocrx_word' id='word_1_78' title='bbox 1706 1243 2005 1313; x_wconf 80' lang='grc' dir='ltr'>μαρτυρεῖν</span> 
     </span>
    </p>
   </div>
   <div class='ocr_carea' id='block_1_12' title="bbox 337 1329 2004 1412">
    <p class='ocr_par' dir='ltr' id='par_1_12' title="bbox 337 1329 2004 1412">
     <span class='ocr_line' id='line_1_12' title="bbox 337 1329 2004 1412; baseline -0.006 -18"><span class='ocrx_word' id='word_1_79' title='bbox 337 1340 418 1410; x_wconf 81' lang='grc' dir='ltr'>τῷ</span> <span class='ocrx_word' id='word_1_80' title='bbox 447 1338 688 1412; x_wconf 84' lang='grc' dir='ltr'>Χριστῷ,</span> <span class='ocrx_word' id='word_1_81' title='bbox 740 1337 947 1408; x_wconf 87' lang='grc' dir='ltr'>ταχέως</span> <span class='ocrx_word' id='word_1_82' title='bbox 973 1335 1039 1389; x_wconf 82' lang='grc' dir='ltr'>ἂν</span> <span class='ocrx_word' id='word_1_83' title='bbox 1074 1333 1378 1404; x_wconf 79' lang='grc' dir='ltr'>ἐπείσαμεν</span> <span class='ocrx_word' id='word_1_84' title='bbox 1423 1330 1534 1385; x_wconf 87' lang='grc' dir='ltr'>τῶν</span> <span class='ocrx_word' id='word_1_85' title='bbox 1574 1329 1846 1400; x_wconf 81' lang='grc' dir='ltr'>Ἐλλήνων</span> <span class='ocrx_word' id='word_1_86' title='bbox 1876 1331 2004 1390; x_wconf 80' lang='grc' dir='ltr'>τοὺς</span> 
     </span>
    </p>
   </div>
   <div class='ocr_carea' id='block_1_13' title="bbox 342 1427 592 1490">
    <p class='ocr_par' dir='ltr' id='par_1_13' title="bbox 342 1427 592 1490">
     <span class='ocr_line' id='line_1_13' title="bbox 342 1427 592 1490; baseline -0.008 -8"><span class='ocrx_word' id='word_1_87' title='bbox 342 1427 592 1490; x_wconf 86' lang='grc' dir='ltr'>πολλούς.</span> 
     </span>
    </p>
   </div>
   <div class='ocr_carea' id='block_1_14' title="bbox 413 1495 2003 1581">
    <p class='ocr_par' dir='ltr' id='par_1_14' title="bbox 413 1495 2003 1581">
     <span class='ocr_line' id='line_1_14' title="bbox 413 1495 2003 1581; baseline -0.011 -13"><span class='ocrx_word' id='word_1_88' title='bbox 413 1512 573 1581; x_wconf 83' lang='grc' dir='ltr'>Μέγα</span> <span class='ocrx_word' id='word_1_89' title='bbox 609 1510 743 1581; x_wconf 86' lang='grc' dir='ltr'>βίος,</span> <span class='ocrx_word' id='word_1_90' title='bbox 798 1508 1090 1578; x_wconf 81' lang='grc' dir='ltr'>ἀγαπητοί·</span> <span class='ocrx_word' id='word_1_91' title='bbox 1126 1506 1228 1559; x_wconf 76' lang='grc' dir='ltr'>κᾶν</span> <span class='ocrx_word' id='word_1_92' title='bbox 1276 1502 1481 1573; x_wconf 88' lang='grc' dir='ltr'>σφόδρα</span> <span class='ocrx_word' id='word_1_93' title='bbox 1526 1495 1863 1574; x_wconf 83' lang='grc' dir='ltr'>θηριώδηςῇ</span> <span class='ocrx_word' id='word_1_94' title='bbox 1896 1516 2003 1565; x_wconf 86' lang='grc' dir='ltr'>τις,</span> 
     </span>
    </p>
   </div>
   <div class='ocr_carea' id='block_1_15' title="bbox 340 1586 1999 1668">
    <p class='ocr_par' dir='ltr' id='par_1_15' title="bbox 340 1586 1999 1668">
     <span class='ocr_line' id='line_1_15' title="bbox 340 1586 1999 1668; baseline -0.008 -16"><span class='ocrx_word' id='word_1_95' title='bbox 340 1598 447 1652; x_wconf 83' lang='grc' dir='ltr'>κᾶν</span> <span class='ocrx_word' id='word_1_96' title='bbox 482 1596 728 1668; x_wconf 80' lang='grc' dir='ltr'>φανερῶς</span> <span class='ocrx_word' id='word_1_97' title='bbox 752 1596 810 1648; x_wconf 81' lang='grc' dir='ltr'>οὐ</span> <span class='ocrx_word' id='word_1_98' title='bbox 838 1591 1227 1663; x_wconf 80' lang='grc' dir='ltr'>καταγινώσκῃ</span> <span class='ocrx_word' id='word_1_99' title='bbox 1266 1589 1435 1644; x_wconf 81' lang='grc' dir='ltr'>διὰτὸ</span> <span class='ocrx_word' id='word_1_100' title='bbox 1478 1588 1678 1658; x_wconf 83' lang='grc' dir='ltr'>δόγμα,</span> <span class='ocrx_word' id='word_1_101' title='bbox 1716 1586 1831 1640; x_wconf 81' lang='grc' dir='ltr'>ἀλλ’</span> <span class='ocrx_word' id='word_1_102' title='bbox 1865 1588 1999 1640; x_wconf 81' lang='grc' dir='ltr'>ἀποο</span> 
     </span>
    </p>
   </div>
   <div class='ocr_carea' id='block_1_16' title="bbox 326 1672 2007 1755">
    <p class='ocr_par' dir='ltr' id='par_1_16' title="bbox 326 1672 2007 1755">
     <span class='ocr_line' id='line_1_16' title="bbox 326 1672 2007 1755; baseline -0.008 -16"><span class='ocrx_word' id='word_1_103' title='bbox 326 1686 555 1755; x_wconf 80' lang='grc' dir='ltr'>δέχεται</span> <span class='ocrx_word' id='word_1_104' title='bbox 577 1682 773 1753; x_wconf 91' lang='grc' dir='ltr'>λάθρα,</span> <span class='ocrx_word' id='word_1_105' title='bbox 799 1680 912 1734; x_wconf 84' lang='grc' dir='ltr'>ἀλλ’</span> <span class='ocrx_word' id='word_1_106' title='bbox 943 1678 1312 1742; x_wconf 88' lang='grc' dir='ltr'>ἐπαινέσεται,</span> <span class='ocrx_word' id='word_1_107' title='bbox 1338 1675 1477 1729; x_wconf 86' lang='grc' dir='ltr'>ἀλλά</span> <span class='ocrx_word' id='word_1_108' title='bbox 1502 1674 1862 1745; x_wconf 81' lang='grc' dir='ltr'>θαυμάσεται.</span> <span class='ocrx_word' id='word_1_109' title='bbox 1896 1672 2007 1727; x_wconf 75' lang='grc' dir='ltr'>Καὶ</span> 
     </span>
    </p>
   </div>
   <div class='ocr_carea' id='block_1_17' title="bbox 343 1762 2008 1843">
    <p class='ocr_par' dir='ltr' id='par_1_17' title="bbox 343 1762 2008 1843">
     <span class='ocr_line' id='line_1_17' title="bbox 343 1762 2008 1843; baseline -0.009 -14"><span class='ocrx_word' id='word_1_110' title='bbox 343 1775 529 1838; x_wconf 86' lang='grc' dir='ltr'>πόθεν,</span> <span class='ocrx_word' id='word_1_111' title='bbox 558 1773 742 1843; x_wconf 70' lang='grc' dir='ltr'>φησιν,</span> <span class='ocrx_word' id='word_1_112' title='bbox 775 1771 842 1825; x_wconf 82' lang='grc' dir='ltr'>ἂν</span> <span class='ocrx_word' id='word_1_113' title='bbox 871 1773 1079 1838; x_wconf 85' lang='grc' dir='ltr'>γένοιτο</span> <span class='ocrx_word' id='word_1_114' title='bbox 1103 1768 1214 1838; x_wconf 84' lang='grc' dir='ltr'>βίος</span> <span class='ocrx_word' id='word_1_115' title='bbox 1250 1766 1513 1838; x_wconf 85' lang='grc' dir='ltr'>άριστος;</span> <span class='ocrx_word' id='word_1_116' title='bbox 1539 1763 1871 1834; x_wconf 82' lang='grc' dir='ltr'>Οὑδαμόθεν,</span> <span class='ocrx_word' id='word_1_117' title='bbox 1894 1762 2008 1816; x_wconf 84' lang='grc' dir='ltr'>ἀλλ’</span> 
     </span>
    </p>
   </div>
   <div class='ocr_carea' id='block_1_18' title="bbox 343 1843 2011 1933">
    <p class='ocr_par' dir='ltr' id='par_1_18' title="bbox 343 1843 2011 1933">
     <span class='ocr_line' id='line_1_18' title="bbox 343 1843 2011 1933; baseline -0.009 -17"><span class='ocrx_word' id='word_1_118' title='bbox 343 1862 378 1933; x_wconf 78' lang='grc' dir='ltr'><strong>ἢ</strong></span> <span class='ocrx_word' id='word_1_119' title='bbox 403 1862 510 1916; x_wconf 86' lang='grc' dir='ltr'>ἀπὸ</span> <span class='ocrx_word' id='word_1_120' title='bbox 537 1860 685 1923; x_wconf 86' lang='grc' dir='ltr'>θείας</span> <span class='ocrx_word' id='word_1_121' title='bbox 712 1857 1014 1928; x_wconf 88' lang='grc' dir='ltr'>ἐνεργείας.</span> <span class='ocrx_word' id='word_1_122' title='bbox 1057 1855 1123 1907; x_wconf 89' lang='grc' dir='ltr'>Τί</span> <span class='ocrx_word' id='word_1_123' title='bbox 1159 1851 1276 1917; x_wconf 77' lang='grc' dir='ltr'>οὖν,</span> <span class='ocrx_word' id='word_1_124' title='bbox 1309 1854 1438 1906; x_wconf 82' lang='grc' dir='ltr'>ὅταν</span> <span class='ocrx_word' id='word_1_125' title='bbox 1466 1851 1562 1905; x_wconf 74' lang='grc' dir='ltr'>καὶ</span> <span class='ocrx_word' id='word_1_126' title='bbox 1597 1849 1856 1920; x_wconf 84' lang='grc' dir='ltr'>Ἕλληνες</span> <span class='ocrx_word' id='word_1_127' title='bbox 1907 1843 2011 1902; x_wconf 80' lang='grc' dir='ltr'>ὦσι</span> 
     </span>
    </p>
   </div>
   <div class='ocr_carea' id='block_1_19' title="bbox 341 1935 2009 2012">
    <p class='ocr_par' dir='ltr' id='par_1_19' title="bbox 341 1935 2009 2012">
     <span class='ocr_line' id='line_1_19' title="bbox 341 1935 2009 2012; baseline -0.007 -11"><span class='ocrx_word' id='word_1_128' title='bbox 341 1947 609 2012; x_wconf 78' lang='grc' dir='ltr'>τοιοῦτοι;</span> <span class='ocrx_word' id='word_1_129' title='bbox 641 1947 869 2000; x_wconf 83' lang='grc' dir='ltr'>Ἐκεῖνοι</span> <span class='ocrx_word' id='word_1_130' title='bbox 899 1943 954 1996; x_wconf 85' lang='grc' dir='ltr'>εἰ</span> <span class='ocrx_word' id='word_1_131' title='bbox 978 1960 1078 1996; x_wconf 88' lang='grc' dir='ltr'>που</span> <span class='ocrx_word' id='word_1_132' title='bbox 1090 1943 1187 1995; x_wconf 70' lang='grc' dir='ltr'>καὶ</span> <span class='ocrx_word' id='word_1_133' title='bbox 1214 1935 1323 1994; x_wconf 74' lang='grc' dir='ltr'>εἶεν</span> <span class='ocrx_word' id='word_1_134' title='bbox 1352 1938 1605 2003; x_wconf 80' lang='grc' dir='ltr'>τοιοῦτοι,</span> <span class='ocrx_word' id='word_1_135' title='bbox 1626 1937 1676 1990; x_wconf 89' lang='grc' dir='ltr'>οἰ</span> <span class='ocrx_word' id='word_1_136' title='bbox 1703 1937 1802 2008; x_wconf 83' lang='grc' dir='ltr'>μὲν</span> <span class='ocrx_word' id='word_1_137' title='bbox 1827 1935 2009 2006; x_wconf 84' lang='grc' dir='ltr'>φύσει,</span> 
     </span>
    </p>
   </div>
   <div class='ocr_carea' id='block_1_20' title="bbox 344 2022 2009 2098">
    <p class='ocr_par' dir='ltr' id='par_1_20' title="bbox 344 2022 2009 2098">
     <span class='ocr_line' id='line_1_20' title="bbox 344 2022 2009 2098; baseline -0.007 -12"><span class='ocrx_word' id='word_1_138' title='bbox 344 2037 391 2086; x_wconf 81' lang='grc' dir='ltr'>οἰ</span> <span class='ocrx_word' id='word_1_139' title='bbox 431 2034 489 2088; x_wconf 81' lang='grc' dir='ltr'>δὲ</span> <span class='ocrx_word' id='word_1_140' title='bbox 541 2034 629 2087; x_wconf 82' lang='grc' dir='ltr'>διὰ</span> <span class='ocrx_word' id='word_1_141' title='bbox 688 2029 1015 2095; x_wconf 76' lang='grc' dir='ltr'>κενοῖοξίαν.</span> <span class='ocrx_word' id='word_1_142' title='bbox 1053 2027 1243 2081; x_wconf 85' lang='grc' dir='ltr'>Βούλει</span> <span class='ocrx_word' id='word_1_143' title='bbox 1290 2025 1505 2098; x_wconf 85' lang='grc' dir='ltr'>μαθεῖν,</span> <span class='ocrx_word' id='word_1_144' title='bbox 1557 2025 1657 2094; x_wconf 83' lang='grc' dir='ltr'>ὅση</span> <span class='ocrx_word' id='word_1_145' title='bbox 1696 2025 1729 2094; x_wconf 86' lang='grc' dir='ltr'>ή</span> <span class='ocrx_word' id='word_1_146' title='bbox 1762 2023 1856 2076; x_wconf 77' lang='grc' dir='ltr'>τοῦ</span> <span class='ocrx_word' id='word_1_147' title='bbox 1892 2022 2009 2093; x_wconf 84' lang='grc' dir='ltr'>βίου</span> 
     </span>
    </p>
   </div>
   <div class='ocr_carea' id='block_1_21' title="bbox 328 2108 2011 2193">
    <p class='ocr_par' dir='ltr' id='par_1_21' title="bbox 328 2108 2011 2193">
     <span class='ocr_line' id='line_1_21' title="bbox 328 2108 2011 2193; baseline -0.009 -17"><span class='ocrx_word' id='word_1_148' title='bbox 328 2120 686 2193; x_wconf 82' lang='grc' dir='ltr'>λαμπρότης,</span> <span class='ocrx_word' id='word_1_149' title='bbox 715 2119 847 2188; x_wconf 85' lang='grc' dir='ltr'>ὅσην</span> <span class='ocrx_word' id='word_1_150' title='bbox 867 2116 978 2187; x_wconf 73' lang='grc' dir='ltr'>ἔχει</span> <span class='ocrx_word' id='word_1_151' title='bbox 1018 2115 1119 2187; x_wconf 81' lang='grc' dir='ltr'>τὴν</span> <span class='ocrx_word' id='word_1_152' title='bbox 1142 2112 1345 2178; x_wconf 85' lang='grc' dir='ltr'>πειθώ;</span> <span class='ocrx_word' id='word_1_153' title='bbox 1370 2111 1562 2164; x_wconf 73' lang='grc' dir='ltr'>Πολλοὶ</span> <span class='ocrx_word' id='word_1_154' title='bbox 1584 2109 1690 2163; x_wconf 90' lang='grc' dir='ltr'>τῶν</span> <span class='ocrx_word' id='word_1_155' title='bbox 1718 2108 2011 2180; x_wconf 86' lang='grc' dir='ltr'>αἱρετικῶν</span> 
     </span>
    </p>
   </div>
   <div class='ocr_carea' id='block_1_22' title="bbox 342 2195 2013 2276">
    <p class='ocr_par' dir='ltr' id='par_1_22' title="bbox 342 2195 2013 2276">
     <span class='ocr_line' id='line_1_22' title="bbox 342 2195 2013 2276; baseline -0.008 -16"><span class='ocrx_word' id='word_1_156' title='bbox 342 2210 522 2271; x_wconf 78' lang='grc' dir='ltr'>οὕτως</span> <span class='ocrx_word' id='word_1_157' title='bbox 554 2208 802 2276; x_wconf 75' lang='grc' dir='ltr'>ἴσχυσαν,</span> <span class='ocrx_word' id='word_1_158' title='bbox 824 2203 919 2256; x_wconf 80' lang='grc' dir='ltr'>καὶ</span> <span class='ocrx_word' id='word_1_159' title='bbox 943 2201 1012 2256; x_wconf 88' lang='grc' dir='ltr'>τά</span> <span class='ocrx_word' id='word_1_160' title='bbox 1035 2202 1282 2271; x_wconf 75' lang='grc' dir='ltr'>δόγματα</span> <span class='ocrx_word' id='word_1_161' title='bbox 1334 2198 1511 2251; x_wconf 81' lang='grc' dir='ltr'>καίτοι</span> <span class='ocrx_word' id='word_1_162' title='bbox 1550 2198 1733 2261; x_wconf 83' lang='grc' dir='ltr'>αὐτοῖς</span> <span class='ocrx_word' id='word_1_163' title='bbox 1774 2197 1905 2251; x_wconf 74' lang='grc' dir='ltr'>ὄντα</span> <span class='ocrx_word' id='word_1_164' title='bbox 1933 2195 2013 2248; x_wconf 87' lang='grc' dir='ltr'>δι-</span> 
     </span>
    </p>
   </div>
   <div class='ocr_carea' id='block_1_23' title="bbox 345 2282 2013 2368">
    <p class='ocr_par' dir='ltr' id='par_1_23' title="bbox 345 2282 2013 2368">
     <span class='ocr_line' id='line_1_23' title="bbox 345 2282 2013 2368; baseline -0.01 -16"><span class='ocrx_word' id='word_1_165' title='bbox 345 2294 691 2368; x_wconf 85' lang='grc' dir='ltr'>εφθαρμένα,</span> <span class='ocrx_word' id='word_1_166' title='bbox 723 2293 770 2344; x_wconf 86' lang='grc' dir='ltr'>οἰ</span> <span class='ocrx_word' id='word_1_167' title='bbox 799 2289 984 2344; x_wconf 73' lang='grc' dir='ltr'>πολλοὶ</span> <span class='ocrx_word' id='word_1_168' title='bbox 1022 2289 1130 2342; x_wconf 89' lang='grc' dir='ltr'>τῶν</span> <span class='ocrx_word' id='word_1_169' title='bbox 1168 2285 1470 2357; x_wconf 88' lang='grc' dir='ltr'>ἀνθρώπων</span> <span class='ocrx_word' id='word_1_170' title='bbox 1506 2284 1643 2338; x_wconf 93' lang='grc' dir='ltr'>αἰδοῖ</span> <span class='ocrx_word' id='word_1_171' title='bbox 1673 2285 1738 2355; x_wconf 81' lang='grc' dir='ltr'>τῇ</span> <span class='ocrx_word' id='word_1_172' title='bbox 1758 2283 1889 2355; x_wconf 75' lang='grc' dir='ltr'>περὶ</span> <span class='ocrx_word' id='word_1_173' title='bbox 1920 2282 2013 2336; x_wconf 84' lang='grc' dir='ltr'>τὸν</span> 
     </span>
    </p>
   </div>
   <div class='ocr_carea' id='block_1_24' title="bbox 345 2369 2015 2459">
    <p class='ocr_par' dir='ltr' id='par_1_24' title="bbox 345 2369 2015 2459">
     <span class='ocr_line' id='line_1_24' title="bbox 345 2369 2015 2459; baseline -0.01 -20"><span class='ocrx_word' id='word_1_174' title='bbox 345 2387 465 2459; x_wconf 86' lang='grc' dir='ltr'>βίον</span> <span class='ocrx_word' id='word_1_175' title='bbox 484 2384 583 2437; x_wconf 78' lang='grc' dir='ltr'>οὐκ</span> <span class='ocrx_word' id='word_1_176' title='bbox 609 2380 689 2433; x_wconf 81' lang='grc' dir='ltr'>ἐτι</span> <span class='ocrx_word' id='word_1_177' title='bbox 724 2379 783 2432; x_wconf 85' lang='grc' dir='ltr'>τὸ</span> <span class='ocrx_word' id='word_1_178' title='bbox 807 2377 983 2448; x_wconf 83' lang='grc' dir='ltr'>δόγμα</span> <span class='ocrx_word' id='word_1_179' title='bbox 1005 2375 1294 2447; x_wconf 72' lang='grc' dir='ltr'>ἐξήτασαψ</span> <span class='ocrx_word' id='word_1_180' title='bbox 1324 2373 1472 2428; x_wconf 81' lang='grc' dir='ltr'>ἄλλοι</span> <span class='ocrx_word' id='word_1_181' title='bbox 1496 2372 1554 2426; x_wconf 82' lang='grc' dir='ltr'>δὲ</span> <span class='ocrx_word' id='word_1_182' title='bbox 1581 2372 1678 2426; x_wconf 67' lang='grc' dir='ltr'>καί¹</span> <span class='ocrx_word' id='word_1_183' title='bbox 1713 2369 2015 2440; x_wconf 80' lang='grc' dir='ltr'>καταγινώ·</span> 
     </span>
    </p>
   </div>
   <div class='ocr_carea' id='block_1_25' title="bbox 345 2458 2011 2534">
    <p class='ocr_par' dir='ltr' id='par_1_25' title="bbox 345 2458 2011 2534">
     <span class='ocr_line' id='line_1_25' title="bbox 345 2458 2011 2534; baseline -0.01 -6"><span class='ocrx_word' id='word_1_184' title='bbox 345 2488 570 2534; x_wconf 88' lang='grc' dir='ltr'>σκοντες</span> <span class='ocrx_word' id='word_1_185' title='bbox 594 2467 774 2522; x_wconf 80' lang='grc' dir='ltr'>αὐτῶν</span> <span class='ocrx_word' id='word_1_186' title='bbox 799 2464 885 2519; x_wconf 89' lang='grc' dir='ltr'>διά</span> <span class='ocrx_word' id='word_1_187' title='bbox 918 2463 977 2518; x_wconf 78' lang='grc' dir='ltr'>τὸ</span> <span class='ocrx_word' id='word_1_188' title='bbox 1001 2463 1202 2532; x_wconf 85' lang='grc' dir='ltr'>δόγμα,</span> <span class='ocrx_word' id='word_1_189' title='bbox 1229 2461 1534 2532; x_wconf 76' lang='grc' dir='ltr'>ᾐδέσθησαν</span> <span class='ocrx_word' id='word_1_190' title='bbox 1553 2460 1641 2514; x_wconf 89' lang='grc' dir='ltr'>διά</span> <span class='ocrx_word' id='word_1_191' title='bbox 1672 2460 1765 2514; x_wconf 77' lang='grc' dir='ltr'>τὸν</span> <span class='ocrx_word' id='word_1_192' title='bbox 1792 2459 1924 2530; x_wconf 84' lang='grc' dir='ltr'>βίον·</span> <span class='ocrx_word' id='word_1_193' title='bbox 1948 2458 2011 2511; x_wconf 87' lang='grc' dir='ltr'>οὑ</span> 
     </span>
    </p>
   </div>
   <div class='ocr_carea' id='block_1_26' title="bbox 343 2546 2015 2629">
    <p class='ocr_par' dir='ltr' id='par_1_26' title="bbox 343 2546 2015 2629">
     <span class='ocr_line' id='line_1_26' title="bbox 343 2546 2015 2629; baseline -0.01 -13"><span class='ocrx_word' id='word_1_194' title='bbox 343 2559 529 2623; x_wconf 80' lang='grc' dir='ltr'>καλῶς</span> <span class='ocrx_word' id='word_1_195' title='bbox 554 2559 672 2629; x_wconf 82' lang='grc' dir='ltr'>μὲν,</span> <span class='ocrx_word' id='word_1_196' title='bbox 703 2554 841 2626; x_wconf 79' lang='grc' dir='ltr'>πλὴν</span> <span class='ocrx_word' id='word_1_197' title='bbox 861 2555 1011 2625; x_wconf 84' lang='grc' dir='ltr'>ὅμως</span> <span class='ocrx_word' id='word_1_198' title='bbox 1047 2550 1206 2605; x_wconf 81' lang='grc' dir='ltr'>τοῦτο</span> <span class='ocrx_word' id='word_1_199' title='bbox 1252 2550 1475 2604; x_wconf 76' lang='grc' dir='ltr'>ἔπαθον.</span> <span class='ocrx_word' id='word_1_200' title='bbox 1510 2547 1682 2602; x_wconf 79' lang='grc' dir='ltr'>Τοῦτο</span> <span class='ocrx_word' id='word_1_201' title='bbox 1727 2548 1797 2602; x_wconf 85' lang='grc' dir='ltr'>τά</span> <span class='ocrx_word' id='word_1_202' title='bbox 1839 2546 2015 2618; x_wconf 89' lang='grc' dir='ltr'>σεμνά</span> 
     </span>
    </p>
   </div>
   <div class='ocr_carea' id='block_1_27' title="bbox 342 2636 2015 2719">
    <p class='ocr_par' dir='ltr' id='par_1_27' title="bbox 342 2636 2015 2719">
     <span class='ocr_line' id='line_1_27' title="bbox 342 2636 2015 2719; baseline -0.008 -17"><span class='ocrx_word' id='word_1_203' title='bbox 342 2649 444 2719; x_wconf 87' lang='grc' dir='ltr'>τῆς</span> <span class='ocrx_word' id='word_1_204' title='bbox 472 2647 704 2707; x_wconf 83' lang='grc' dir='ltr'>πίστεως</span> <span class='ocrx_word' id='word_1_205' title='bbox 734 2642 834 2713; x_wconf 88' lang='grc' dir='ltr'>τῆς</span> <span class='ocrx_word' id='word_1_206' title='bbox 860 2641 1137 2713; x_wconf 75' lang='grc' dir='ltr'>ἡμετέρας</span> <span class='ocrx_word' id='word_1_207' title='bbox 1161 2638 1399 2703; x_wconf 89' lang='grc' dir='ltr'>διέϐαλε,</span> <span class='ocrx_word' id='word_1_208' title='bbox 1430 2636 1589 2690; x_wconf 82' lang='grc' dir='ltr'>τοῦτο</span> <span class='ocrx_word' id='word_1_209' title='bbox 1614 2636 1684 2690; x_wconf 87' lang='grc' dir='ltr'>τά</span> <span class='ocrx_word' id='word_1_210' title='bbox 1729 2636 1909 2689; x_wconf 89' lang='grc' dir='ltr'>πάντα</span> <span class='ocrx_word' id='word_1_211' title='bbox 1921 2637 2015 2689; x_wconf 87' lang='grc' dir='ltr'>άν-</span> 
     </span>
    </p>
   </div>
   <div class='ocr_carea' id='block_1_28' title="bbox 344 2721 2013 2807">
    <p class='ocr_par' dir='ltr' id='par_1_28' title="bbox 344 2721 2013 2807">
     <span class='ocr_line' id='line_1_28' title="bbox 344 2721 2013 2807; baseline -0.01 -19"><span class='ocrx_word' id='word_1_212' title='bbox 344 2734 567 2807; x_wconf 77' lang='grc' dir='ltr'>έτρεψε,</span> <span class='ocrx_word' id='word_1_213' title='bbox 592 2731 653 2784; x_wconf 83' lang='grc' dir='ltr'>τὸ</span> <span class='ocrx_word' id='word_1_214' title='bbox 682 2729 885 2801; x_wconf 82' lang='grc' dir='ltr'>μηδένα</span> <span class='ocrx_word' id='word_1_215' title='bbox 939 2727 1096 2796; x_wconf 90' lang='grc' dir='ltr'>λόγον</span> <span class='ocrx_word' id='word_1_216' title='bbox 1129 2721 1271 2780; x_wconf 80' lang='grc' dir='ltr'>εἶναι</span> <span class='ocrx_word' id='word_1_217' title='bbox 1311 2725 1425 2795; x_wconf 86' lang='grc' dir='ltr'>βίου</span> <span class='ocrx_word' id='word_1_218' title='bbox 1484 2722 1695 2793; x_wconf 75' lang='grc' dir='ltr'>μηδενὶ,</span> <span class='ocrx_word' id='word_1_219' title='bbox 1745 2721 1904 2774; x_wconf 83' lang='grc' dir='ltr'>τοῦτο</span> <span class='ocrx_word' id='word_1_220' title='bbox 1949 2724 2013 2793; x_wconf 76' lang='grc' dir='ltr'>τῇ</span> 
     </span>
    </p>
   </div>
   <div class='ocr_carea' id='block_1_29' title="bbox 343 2807 2014 2889">
    <p class='ocr_par' dir='ltr' id='par_1_29' title="bbox 343 2807 2014 2889">
     <span class='ocr_line' id='line_1_29' title="bbox 343 2807 2014 2889; baseline -0.01 -14"><span class='ocrx_word' id='word_1_221' title='bbox 343 2821 529 2874; x_wconf 85' lang='grc' dir='ltr'>πίστει</span> <span class='ocrx_word' id='word_1_222' title='bbox 553 2816 894 2889; x_wconf 78' lang='grc' dir='ltr'>λυμαίνεται.</span> <span class='ocrx_word' id='word_1_223' title='bbox 924 2813 1192 2882; x_wconf 81' lang='grc' dir='ltr'>Λέγομεν,</span> <span class='ocrx_word' id='word_1_224' title='bbox 1226 2814 1308 2866; x_wconf 84' lang='grc' dir='ltr'>ὅτι</span> <span class='ocrx_word' id='word_1_225' title='bbox 1344 2811 1476 2872; x_wconf 88' lang='grc' dir='ltr'>Θεός</span> <span class='ocrx_word' id='word_1_226' title='bbox 1500 2812 1649 2862; x_wconf 84' lang='grc' dir='ltr'>ἐστιν</span> <span class='ocrx_word' id='word_1_227' title='bbox 1694 2807 2014 2889; x_wconf 17' lang='grc' dir='ltr'>όᾼΧριστὸς,</span> 
     </span>
    </p>
   </div>
   <div class='ocr_carea' id='block_1_30' title="bbox 346 2887 2016 2974">
    <p class='ocr_par' dir='ltr' id='par_1_30' title="bbox 346 2887 2016 2974">
     <span class='ocr_line' id='line_1_30' title="bbox 346 2887 2016 2974; baseline -0.008 -20"><span class='ocrx_word' id='word_1_228' title='bbox 346 2902 522 2974; x_wconf 89' lang='grc' dir='ltr'>μυρία</span> <span class='ocrx_word' id='word_1_229' title='bbox 564 2887 661 2954; x_wconf 69' lang='grc' dir='ltr'>καί⁵</span> <span class='ocrx_word' id='word_1_230' title='bbox 697 2898 862 2967; x_wconf 78' lang='grc' dir='ltr'>ἐτερα</span> <span class='ocrx_word' id='word_1_231' title='bbox 910 2892 1254 2965; x_wconf 82' lang='grc' dir='ltr'>παράγομεν,</span> <span class='ocrx_word' id='word_1_232' title='bbox 1294 2892 1434 2961; x_wconf 86' lang='grc' dir='ltr'>μετά</span> <span class='ocrx_word' id='word_1_233' title='bbox 1459 2889 1518 2943; x_wconf 84' lang='grc' dir='ltr'>δὲ</span> <span class='ocrx_word' id='word_1_234' title='bbox 1548 2889 1657 2943; x_wconf 88' lang='grc' dir='ltr'>τῶν</span> <span class='ocrx_word' id='word_1_235' title='bbox 1701 2887 1878 2974; x_wconf 83' lang='grc' dir='ltr'>ἀλλων</span> <span class='ocrx_word' id='word_1_236' title='bbox 1920 2889 2016 2942; x_wconf 77' lang='grc' dir='ltr'>καὶ</span> 
     </span>
    </p>
   </div>
   <div class='ocr_carea' id='block_1_31' title="bbox 340 2973 2014 3052">
    <p class='ocr_par' dir='ltr' id='par_1_31' title="bbox 340 2973 2014 3052">
     <span class='ocr_line' id='line_1_31' title="bbox 340 2973 2014 3052; baseline -0.008 -11"><span class='ocrx_word' id='word_1_237' title='bbox 340 2987 527 3052; x_wconf 82' lang='grc' dir='ltr'>τοῦτο,</span> <span class='ocrx_word' id='word_1_238' title='bbox 555 2987 641 3039; x_wconf 82' lang='grc' dir='ltr'>ὅτι</span> <span class='ocrx_word' id='word_1_239' title='bbox 666 2983 881 3036; x_wconf 73' lang='grc' dir='ltr'>ἔπεισεν</span> <span class='ocrx_word' id='word_1_240' title='bbox 913 2979 1162 3040; x_wconf 72' lang='grc' dir='ltr'>ἅπαντας</span> <span class='ocrx_word' id='word_1_241' title='bbox 1196 2975 1372 3048; x_wconf 85' lang='grc' dir='ltr'>ὀρθῶς</span> <span class='ocrx_word' id='word_1_242' title='bbox 1406 2975 1527 3047; x_wconf 75' lang='grc' dir='ltr'>ζῇνο</span> <span class='ocrx_word' id='word_1_243' title='bbox 1580 2973 1718 3028; x_wconf 89' lang='grc' dir='ltr'>ἀλλά</span> <span class='ocrx_word' id='word_1_244' title='bbox 1769 2973 1927 3028; x_wconf 83' lang='grc' dir='ltr'>τοῦτο</span> <span class='ocrx_word' id='word_1_245' title='bbox 1955 2975 2014 3028; x_wconf 83' lang='grc' dir='ltr'>ἐν</span> 
     </span>
    </p>
   </div>
   <div class='ocr_carea' id='block_1_32' title="bbox 339 3061 2013 3143">
    <p class='ocr_par' dir='ltr' id='par_1_32' title="bbox 339 3061 2013 3143">
     <span class='ocr_line' id='line_1_32' title="bbox 339 3061 2013 3143; baseline -0.009 -15"><span class='ocrx_word' id='word_1_246' title='bbox 339 3075 551 3143; x_wconf 82' lang='grc' dir='ltr'>ὀλίγοις</span> <span class='ocrx_word' id='word_1_247' title='bbox 579 3071 718 3125; x_wconf 88' lang='grc' dir='ltr'>ἐστί.</span> <span class='ocrx_word' id='word_1_248' title='bbox 760 3067 836 3121; x_wconf 82' lang='grc' dir='ltr'>Τὸ</span> <span class='ocrx_word' id='word_1_249' title='bbox 857 3068 957 3139; x_wconf 88' lang='grc' dir='ltr'>τῆς</span> <span class='ocrx_word' id='word_1_250' title='bbox 1004 3065 1354 3127; x_wconf 79' lang='grc' dir='ltr'>ἀναστάσεως</span> <span class='ocrx_word' id='word_1_251' title='bbox 1388 3064 1565 3134; x_wconf 87' lang='grc' dir='ltr'>δόγμα</span> <span class='ocrx_word' id='word_1_252' title='bbox 1612 3061 1936 3133; x_wconf 87' lang='grc' dir='ltr'>λυμαίνεται</span> <span class='ocrx_word' id='word_1_253' title='bbox 1978 3063 2013 3133; x_wconf 92' lang='grc' dir='ltr'>ή</span> 
     </span>
    </p>
   </div>
   <div class='ocr_carea' id='block_1_33' title="bbox 339 3148 2016 3231">
    <p class='ocr_par' dir='ltr' id='par_1_33' title="bbox 339 3148 2016 3231">
     <span class='ocr_line' id='line_1_33' title="bbox 339 3148 2016 3231; baseline -0.01 -15"><span class='ocrx_word' id='word_1_254' title='bbox 339 3163 438 3217; x_wconf 80' lang='grc' dir='ltr'>τοῦ</span> <span class='ocrx_word' id='word_1_255' title='bbox 475 3161 592 3231; x_wconf 85' lang='grc' dir='ltr'>βίου</span> <span class='ocrx_word' id='word_1_256' title='bbox 614 3157 910 3228; x_wconf 85' lang='grc' dir='ltr'>φαυλότης,</span> <span class='ocrx_word' id='word_1_257' title='bbox 933 3155 994 3208; x_wconf 82' lang='grc' dir='ltr'>τὸ</span> <span class='ocrx_word' id='word_1_258' title='bbox 1015 3155 1116 3225; x_wconf 87' lang='grc' dir='ltr'>τῆς</span> <span class='ocrx_word' id='word_1_259' title='bbox 1151 3151 1448 3215; x_wconf 86' lang='grc' dir='ltr'>ἀθανασίας</span> <span class='ocrx_word' id='word_1_260' title='bbox 1479 3151 1577 3222; x_wconf 89' lang='grc' dir='ltr'>τῆς</span> <span class='ocrx_word' id='word_1_261' title='bbox 1603 3148 1802 3220; x_wconf 73' lang='grc' dir='ltr'>ψυχῆς,</span> <span class='ocrx_word' id='word_1_262' title='bbox 1824 3149 1887 3201; x_wconf 84' lang='grc' dir='ltr'>τὸ</span> <span class='ocrx_word' id='word_1_263' title='bbox 1914 3148 2016 3220; x_wconf 89' lang='grc' dir='ltr'>τῆς</span> 
     </span>
    </p>
   </div>
   <div class='ocr_carea' id='block_1_34' title="bbox 340 3237 2017 3320">
    <p class='ocr_par' dir='ltr' id='par_1_34' title="bbox 340 3237 2017 3320">
     <span class='ocr_line' id='line_1_34' title="bbox 340 3237 2017 3320; baseline -0.007 -18"><span class='ocrx_word' id='word_1_264' title='bbox 340 3249 608 3320; x_wconf 87' lang='grc' dir='ltr'>κρίσεως·</span> <span class='ocrx_word' id='word_1_265' title='bbox 633 3244 804 3298; x_wconf 85' lang='grc' dir='ltr'>πολλά</span> <span class='ocrx_word' id='word_1_266' title='bbox 844 3244 940 3298; x_wconf 76' lang='grc' dir='ltr'>καὶ</span> <span class='ocrx_word' id='word_1_267' title='bbox 961 3243 1126 3313; x_wconf 74' lang='grc' dir='ltr'>ἕτερα</span> <span class='ocrx_word' id='word_1_268' title='bbox 1160 3240 1482 3306; x_wconf 80' lang='grc' dir='ltr'>ἐπισπᾶται,</span> <span class='ocrx_word' id='word_1_269' title='bbox 1521 3237 1886 3309; x_wconf 79' lang='grc' dir='ltr'>εἱμαρμένην,</span> <span class='ocrx_word' id='word_1_270' title='bbox 1921 3238 2017 3290; x_wconf 84' lang='grc' dir='ltr'>ἀν-</span> 
     </span>
    </p>
   </div>
   <div class='ocr_carea' id='block_1_35' title="bbox 339 3324 2015 3407">
    <p class='ocr_par' dir='ltr' id='par_1_35' title="bbox 339 3324 2015 3407">
     <span class='ocr_line' id='line_1_35' title="bbox 339 3324 2015 3407; baseline -0.008 -15"><span class='ocrx_word' id='word_1_271' title='bbox 339 3340 551 3407; x_wconf 89' lang='grc' dir='ltr'>άγκην,</span> <span class='ocrx_word' id='word_1_272' title='bbox 585 3335 646 3388; x_wconf 79' lang='grc' dir='ltr'>τὸ</span> <span class='ocrx_word' id='word_1_273' title='bbox 685 3334 1039 3405; x_wconf 86' lang='grc' dir='ltr'>ἀπρονόητον.</span> <span class='ocrx_word' id='word_1_274' title='bbox 1070 3329 1230 3400; x_wconf 80' lang='grc' dir='ltr'>Ψυχὴ</span> <span class='ocrx_word' id='word_1_275' title='bbox 1270 3328 1380 3399; x_wconf 82' lang='grc' dir='ltr'>γὰρ</span> <span class='ocrx_word' id='word_1_276' title='bbox 1407 3328 1764 3398; x_wconf 83' lang='grc' dir='ltr'>βαπτισθεῖσα</span> <span class='ocrx_word' id='word_1_277' title='bbox 1802 3324 2015 3396; x_wconf 86' lang='grc' dir='ltr'>μυρίοις</span> 
     </span>
    </p>
   </div>
   <div class='ocr_carea' id='block_1_36' title="bbox 340 3412 2015 3491">
    <p class='ocr_par' dir='ltr' id='par_1_36' title="bbox 340 3412 2015 3491">
     <span class='ocr_line' id='line_1_36' title="bbox 340 3412 2015 3491; baseline -0.007 -14"><span class='ocrx_word' id='word_1_278' title='bbox 340 3426 563 3486; x_wconf 83' lang='grc' dir='ltr'>κακοῖς,</span> <span class='ocrx_word' id='word_1_279' title='bbox 585 3421 773 3491; x_wconf 82' lang='grc' dir='ltr'>ὥσπερ</span> <span class='ocrx_word' id='word_1_280' title='bbox 792 3420 945 3483; x_wconf 73' lang='grc' dir='ltr'>τινὰς</span> <span class='ocrx_word' id='word_1_281' title='bbox 973 3414 1327 3488; x_wconf 89' lang='grc' dir='ltr'>παραμυθίας</span> <span class='ocrx_word' id='word_1_282' title='bbox 1355 3413 1560 3477; x_wconf 87' lang='grc' dir='ltr'>ταύτας</span> <span class='ocrx_word' id='word_1_283' title='bbox 1588 3414 1823 3467; x_wconf 80' lang='grc' dir='ltr'>ἐπινοεῖν</span> <span class='ocrx_word' id='word_1_284' title='bbox 1846 3412 2015 3483; x_wconf 81' lang='grc' dir='ltr'>ἐαυτῇ</span> 
     </span>
    </p>
   </div>
   <div class='ocr_carea' id='block_1_37' title="bbox 341 3499 2014 3579">
    <p class='ocr_par' dir='ltr' id='par_1_37' title="bbox 341 3499 2014 3579">
     <span class='ocr_line' id='line_1_37' title="bbox 341 3499 2014 3579; baseline -0.007 -16"><span class='ocrx_word' id='word_1_285' title='bbox 341 3511 628 3579; x_wconf 81' lang='grc' dir='ltr'>πειρᾶται,</span> <span class='ocrx_word' id='word_1_286' title='bbox 656 3508 743 3561; x_wconf 84' lang='grc' dir='ltr'>ἴνα</span> <span class='ocrx_word' id='word_1_287' title='bbox 773 3506 849 3579; x_wconf 85' lang='grc' dir='ltr'>μὴ</span> <span class='ocrx_word' id='word_1_288' title='bbox 877 3504 1116 3574; x_wconf 85' lang='grc' dir='ltr'>λυπῆται</span> <span class='ocrx_word' id='word_1_289' title='bbox 1143 3500 1490 3572; x_wconf 76' lang='grc' dir='ltr'>λογιζομένη,</span> <span class='ocrx_word' id='word_1_290' title='bbox 1543 3502 1625 3554; x_wconf 83' lang='grc' dir='ltr'>ὅτι</span> <span class='ocrx_word' id='word_1_291' title='bbox 1652 3499 1835 3570; x_wconf 89' lang='grc' dir='ltr'>κρίσις</span> <span class='ocrx_word' id='word_1_292' title='bbox 1877 3499 2014 3565; x_wconf 75' lang='grc' dir='ltr'>ἐστὶ,</span> 
     </span>
    </p>
   </div>
   <div class='ocr_carea' id='block_1_38' title="bbox 345 3587 2017 3667">
    <p class='ocr_par' dir='ltr' id='par_1_38' title="bbox 345 3587 2017 3667">
     <span class='ocr_line' id='line_1_38' title="bbox 345 3587 2017 3667; baseline -0.008 -14"><span class='ocrx_word' id='word_1_293' title='bbox 345 3601 441 3653; x_wconf 77' lang='grc' dir='ltr'>καὶ</span> <span class='ocrx_word' id='word_1_294' title='bbox 487 3600 575 3653; x_wconf 82' lang='grc' dir='ltr'>ὅτι</span> <span class='ocrx_word' id='word_1_295' title='bbox 607 3597 693 3666; x_wconf 85' lang='grc' dir='ltr'>ἐφ’</span> <span class='ocrx_word' id='word_1_296' title='bbox 727 3598 856 3667; x_wconf 86' lang='grc' dir='ltr'>ήμῖν</span> <span class='ocrx_word' id='word_1_297' title='bbox 910 3596 1088 3648; x_wconf 88' lang='grc' dir='ltr'>κεῖται</span> <span class='ocrx_word' id='word_1_298' title='bbox 1137 3592 1208 3645; x_wconf 87' lang='grc' dir='ltr'>τά</span> <span class='ocrx_word' id='word_1_299' title='bbox 1243 3590 1341 3661; x_wconf 86' lang='grc' dir='ltr'>τῆς</span> <span class='ocrx_word' id='word_1_300' title='bbox 1398 3589 1603 3660; x_wconf 88' lang='grc' dir='ltr'>ἀρετῆς</span> <span class='ocrx_word' id='word_1_301' title='bbox 1650 3588 1746 3643; x_wconf 74' lang='grc' dir='ltr'>καὶ</span> <span class='ocrx_word' id='word_1_302' title='bbox 1798 3587 1871 3640; x_wconf 87' lang='grc' dir='ltr'>τά</span> <span class='ocrx_word' id='word_1_303' title='bbox 1917 3587 2017 3657; x_wconf 91' lang='grc' dir='ltr'>τῆς</span> 
     </span>
    </p>
   </div>
   <div class='ocr_carea' id='block_1_39' title="bbox 343 3687 573 3748">
    <p class='ocr_par' dir='ltr' id='par_1_39' title="bbox 343 3687 573 3748">
     <span class='ocr_line' id='line_1_39' title="bbox 343 3687 573 3748; baseline 0.004 -10"><span class='ocrx_word' id='word_1_304' title='bbox 343 3687 573 3748; x_wconf 84' lang='grc' dir='ltr'>κακίας.</span> 
     </span>
    </p>
   </div>
   <div class='ocr_carea' id='block_1_40' title="bbox 414 3760 2018 3846">
    <p class='ocr_par' dir='ltr' id='par_1_40' title="bbox 414 3760 2018 3846">
     <span class='ocr_line' id='line_1_40' title="bbox 414 3760 2018 3846; baseline -0.009 -19"><span class='ocrx_word' id='word_1_305' title='bbox 414 3771 610 3846; x_wconf 74' lang='grc' dir='ltr'>Μυρία</span> <span class='ocrx_word' id='word_1_306' title='bbox 645 3773 675 3824; x_wconf 88' lang='grc' dir='ltr'>ὁ</span> <span class='ocrx_word' id='word_1_307' title='bbox 714 3769 826 3840; x_wconf 87' lang='grc' dir='ltr'>βίος</span> <span class='ocrx_word' id='word_1_308' title='bbox 857 3766 1151 3839; x_wconf 74' lang='grc' dir='ltr'>ἐργάζεται</span> <span class='ocrx_word' id='word_1_309' title='bbox 1181 3763 1346 3829; x_wconf 85' lang='grc' dir='ltr'>κακά,</span> <span class='ocrx_word' id='word_1_310' title='bbox 1372 3762 1537 3834; x_wconf 89' lang='grc' dir='ltr'>θηρία</span> <span class='ocrx_word' id='word_1_311' title='bbox 1552 3761 1676 3825; x_wconf 77' lang='grc' dir='ltr'>τοὺς</span> <span class='ocrx_word' id='word_1_312' title='bbox 1698 3760 2018 3832; x_wconf 79' lang='grc' dir='ltr'>ἀνθρώπους</span> 
     </span>
    </p>
   </div>
   <div class='ocr_carea' id='block_1_41' title="bbox 323 3848 2015 3927">
    <p class='ocr_par' dir='ltr' id='par_1_41' title="bbox 323 3848 2015 3927">
     <span class='ocr_line' id='line_1_41' title="bbox 323 3848 2015 3927; baseline -0.009 -13"><span class='ocrx_word' id='word_1_313' title='bbox 323 3862 514 3924; x_wconf 69' lang='grc' dir='ltr'>ποιεῖ,</span> <span class='ocrx_word' id='word_1_314' title='bbox 547 3858 646 3911; x_wconf 75' lang='grc' dir='ltr'>καὶ</span> <span class='ocrx_word' id='word_1_315' title='bbox 686 3856 892 3927; x_wconf 92' lang='grc' dir='ltr'>θηρίων</span> <span class='ocrx_word' id='word_1_316' title='bbox 944 3851 1341 3921; x_wconf 87' lang='grc' dir='ltr'>ἀλογωτέρους·</span> <span class='ocrx_word' id='word_1_317' title='bbox 1382 3849 1525 3920; x_wconf 75' lang='grc' dir='ltr'>άπερ</span> <span class='ocrx_word' id='word_1_318' title='bbox 1580 3848 1683 3919; x_wconf 84' lang='grc' dir='ltr'>γὰρ</span> <span class='ocrx_word' id='word_1_319' title='bbox 1713 3850 1772 3902; x_wconf 88' lang='grc' dir='ltr'>ἐν</span> <span class='ocrx_word' id='word_1_320' title='bbox 1810 3848 2015 3918; x_wconf 77' lang='grc' dir='ltr'>ἑκάστῃ</span> 
     </span>
    </p>
   </div>
   <div class='ocr_carea' id='block_1_42' title="bbox 345 3933 2020 4015">
    <p class='ocr_par' dir='ltr' id='par_1_42' title="bbox 345 3933 2020 4015">
     <span class='ocr_line' id='line_1_42' title="bbox 345 3933 2020 4015; baseline -0.009 -15"><span class='ocrx_word' id='word_1_321' title='bbox 345 3947 505 4015; x_wconf 86' lang='grc' dir='ltr'>φύσει</span> <span class='ocrx_word' id='word_1_322' title='bbox 526 3944 644 3999; x_wconf 90' lang='grc' dir='ltr'>τῶν</span> <span class='ocrx_word' id='word_1_323' title='bbox 668 3943 877 4015; x_wconf 87' lang='grc' dir='ltr'>θηρίων</span> <span class='ocrx_word' id='word_1_324' title='bbox 929 3942 1066 4004; x_wconf 72' lang='grc' dir='ltr'>ἐστὶ,</span> <span class='ocrx_word' id='word_1_325' title='bbox 1092 3938 1267 3993; x_wconf 83' lang='grc' dir='ltr'>ταῦτα</span> <span class='ocrx_word' id='word_1_326' title='bbox 1287 3936 1548 4001; x_wconf 88' lang='grc' dir='ltr'>πολλάκις</span> <span class='ocrx_word' id='word_1_327' title='bbox 1577 3938 1657 3999; x_wconf 83' lang='grc' dir='ltr'>εἰς</span> <span class='ocrx_word' id='word_1_328' title='bbox 1686 3935 1780 3988; x_wconf 76' lang='grc' dir='ltr'>ἕνα</span> <span class='ocrx_word' id='word_1_329' title='bbox 1810 3933 2020 4004; x_wconf 82' lang='grc' dir='ltr'>ἀνθρω-</span> 
     </span>
    </p>
   </div>
   <div class='ocr_carea' id='block_1_43' title="bbox 345 4021 2019 4105">
    <p class='ocr_par' dir='ltr' id='par_1_43' title="bbox 345 4021 2019 4105">
     <span class='ocr_line' id='line_1_43' title="bbox 345 4021 2019 4105; baseline -0.009 -18"><span class='ocrx_word' id='word_1_330' title='bbox 345 4052 444 4090; x_wconf 83' lang='grc' dir='ltr'>πον</span> <span class='ocrx_word' id='word_1_331' title='bbox 497 4034 801 4105; x_wconf 89' lang='grc' dir='ltr'>συνήγαγε,</span> <span class='ocrx_word' id='word_1_332' title='bbox 855 4030 949 4083; x_wconf 77' lang='grc' dir='ltr'>καὶ</span> <span class='ocrx_word' id='word_1_333' title='bbox 1001 4028 1062 4081; x_wconf 85' lang='grc' dir='ltr'>τὸ</span> <span class='ocrx_word' id='word_1_334' title='bbox 1101 4028 1208 4081; x_wconf 86' lang='grc' dir='ltr'>πᾶν</span> <span class='ocrx_word' id='word_1_335' title='bbox 1259 4023 1542 4097; x_wconf 82' lang='grc' dir='ltr'>ἀνέτρεψε.</span> <span class='ocrx_word' id='word_1_336' title='bbox 1602 4023 1700 4076; x_wconf 82' lang='grc' dir='ltr'>Διά</span> <span class='ocrx_word' id='word_1_337' title='bbox 1737 4021 1895 4075; x_wconf 82' lang='grc' dir='ltr'>τοῦτο</span> <span class='ocrx_word' id='word_1_338' title='bbox 1923 4022 2019 4091; x_wconf 86' lang='grc' dir='ltr'>τὴν</span> 
     </span>
    </p>
   </div>
   <div class='ocr_carea' id='block_1_44' title="bbox 1372 346 3767 408">
    <p class='ocr_par' dir='ltr' id='par_1_44' title="bbox 1372 346 3767 408">
     <span class='ocr_line' id='line_1_44' title="bbox 1372 346 3767 408; baseline -0.001 -1"><span class='ocrx_word' id='word_1_339' title='bbox 1372 353 1437 407; x_wconf 86' lang='grc' dir='ltr'>ΙΝ</span> <span class='ocrx_word' id='word_1_340' title='bbox 1476 350 1657 408; x_wconf 81' lang='lat' dir='ltr'>ACTA</span> <span class='ocrx_word' id='word_1_341' title='bbox 1691 348 2224 407; x_wconf 78' lang='lat' dir='ltr'>APOSTOLORUM.</span> <span class='ocrx_word' id='word_1_342' title='bbox 2267 348 2500 403; x_wconf 77' lang='lat' dir='ltr'>IIOMIL.</span> <span class='ocrx_word' id='word_1_343' title='bbox 2528 346 2763 404; x_wconf 61' lang='lat' dir='ltr'>XLVIII;</span> <span class='ocrx_word' id='word_1_344' title='bbox 3662 349 3767 405; x_wconf 70' lang='lat'>533</span> 
     </span>
    </p>
   </div>
   <div class='ocr_carea' id='block_1_45' title="bbox 2107 446 3766 537">
    <p class='ocr_par' dir='ltr' id='par_1_45' title="bbox 2107 446 3766 537">
     <span class='ocr_line' id='line_1_45' title="bbox 2107 446 3766 537; baseline -0.001 -20"><span class='ocrx_word' id='word_1_345' title='bbox 2107 463 2449 537; x_wconf 81' lang='grc' dir='ltr'>εἱμαρμένην</span> <span class='ocrx_word' id='word_1_346' title='bbox 2476 454 2769 535; x_wconf 82' lang='grc' dir='ltr'>εἰσήγαγεν</span> <span class='ocrx_word' id='word_1_347' title='bbox 2817 462 2845 513; x_wconf 90' lang='grc' dir='ltr'>ὁ</span> <span class='ocrx_word' id='word_1_348' title='bbox 2881 446 3149 528; x_wconf 81' lang='grc' dir='ltr'>διάϐολος,</span> <span class='ocrx_word' id='word_1_349' title='bbox 3177 460 3263 514; x_wconf 74' lang='grc' dir='ltr'>διὰ</span> <span class='ocrx_word' id='word_1_350' title='bbox 3310 452 3470 516; x_wconf 80' lang='grc' dir='ltr'>τοῦτο</span> <span class='ocrx_word' id='word_1_351' title='bbox 3496 464 3766 535; x_wconf 76' lang='grc' dir='ltr'>ἀπρονόη-</span> 
     </span>
    </p>
   </div>
   <div class='ocr_carea' id='block_1_46' title="bbox 2105 544 3766 621">
    <p class='ocr_par' dir='ltr' id='par_1_46' title="bbox 2105 544 3766 621">
     <span class='ocr_line' id='line_1_46' title="bbox 2105 544 3766 621; baseline -0.001 -16"><span class='ocrx_word' id='word_1_352' title='bbox 2105 568 2197 605; x_wconf 87' lang='grc' dir='ltr'>τον</span> <span class='ocrx_word' id='word_1_353' title='bbox 2223 551 2424 621; x_wconf 80' lang='grc' dir='ltr'>ἐφησεν</span> <span class='ocrx_word' id='word_1_354' title='bbox 2455 544 2593 603; x_wconf 77' lang='grc' dir='ltr'>εἶναι</span> <span class='ocrx_word' id='word_1_355' title='bbox 2620 549 2713 603; x_wconf 80' lang='grc' dir='ltr'>τὸν</span> <span class='ocrx_word' id='word_1_356' title='bbox 2763 548 2966 618; x_wconf 86' lang='grc' dir='ltr'>κόσμον</span> <span class='ocrx_word' id='word_1_357' title='bbox 3005 547 3177 620; x_wconf 76' lang='grc'>[557],</span> <span class='ocrx_word' id='word_1_358' title='bbox 3240 548 3330 603; x_wconf 86' lang='grc' dir='ltr'>διά</span> <span class='ocrx_word' id='word_1_359' title='bbox 3380 548 3540 603; x_wconf 77' lang='grc' dir='ltr'>τοῦτο</span> <span class='ocrx_word' id='word_1_360' title='bbox 3573 550 3766 619; x_wconf 87' lang='grc' dir='ltr'>φύσεις</span> 
     </span>
    </p>
   </div>
   <div class='ocr_carea' id='block_1_47' title="bbox 2107 634 3768 709">
    <p class='ocr_par' dir='ltr' id='par_1_47' title="bbox 2107 634 3768 709">
     <span class='ocr_line' id='line_1_47' title="bbox 2107 634 3768 709; baseline 0.001 -17"><span class='ocrx_word' id='word_1_361' title='bbox 2107 638 2319 706; x_wconf 88' lang='grc' dir='ltr'>ἀγαθάς</span> <span class='ocrx_word' id='word_1_362' title='bbox 2347 638 2442 690; x_wconf 82' lang='grc' dir='ltr'>καί</span> <span class='ocrx_word' id='word_1_363' title='bbox 2479 636 2680 700; x_wconf 87' lang='grc' dir='ltr'>κακὰς,</span> <span class='ocrx_word' id='word_1_364' title='bbox 2701 636 2788 690; x_wconf 86' lang='grc' dir='ltr'>διά</span> <span class='ocrx_word' id='word_1_365' title='bbox 2816 634 2974 689; x_wconf 78' lang='grc' dir='ltr'>τοῦτο</span> <span class='ocrx_word' id='word_1_366' title='bbox 3004 635 3173 689; x_wconf 80' lang='grc' dir='ltr'>κακὸν</span> <span class='ocrx_word' id='word_1_367' title='bbox 3198 637 3435 709; x_wconf 78' lang='grc' dir='ltr'>ἄναρχον</span> <span class='ocrx_word' id='word_1_368' title='bbox 3465 639 3560 690; x_wconf 76' lang='grc' dir='ltr'>καὶ</span> <span class='ocrx_word' id='word_1_369' title='bbox 3582 638 3768 694; x_wconf 81' lang='grc' dir='ltr'>ὑλικὸν</span> 
     </span>
    </p>
   </div>
   <div class='ocr_carea' id='block_1_48' title="bbox 2108 722 3768 797">
    <p class='ocr_par' dir='ltr' id='par_1_48' title="bbox 2108 722 3768 797">
     <span class='ocr_line' id='line_1_48' title="bbox 2108 722 3768 797; baseline -0.001 -17"><span class='ocrx_word' id='word_1_370' title='bbox 2108 724 2441 789; x_wconf 79' lang='grc' dir='ltr'>ὑποτίθεται,</span> <span class='ocrx_word' id='word_1_371' title='bbox 2469 725 2558 778; x_wconf 86' lang='grc' dir='ltr'>διά</span> <span class='ocrx_word' id='word_1_372' title='bbox 2580 722 2736 777; x_wconf 80' lang='grc' dir='ltr'>τοῦτο</span> <span class='ocrx_word' id='word_1_373' title='bbox 2778 723 2953 777; x_wconf 88' lang='grc' dir='ltr'>πάντα</span> <span class='ocrx_word' id='word_1_374' title='bbox 3008 724 3238 793; x_wconf 85' lang='grc' dir='ltr'>πράττει</span> <span class='ocrx_word' id='word_1_375' title='bbox 3269 736 3295 765; x_wconf 77' lang='grc' dir='ltr'>ι</span> <span class='ocrx_word' id='word_1_376' title='bbox 3329 765 3342 788; x_wconf 96' lang='grc'>,</span> <span class='ocrx_word' id='word_1_377' title='bbox 3365 725 3451 778; x_wconf 70' lang='grc' dir='ltr'>ἱνα</span> <span class='ocrx_word' id='word_1_378' title='bbox 3479 725 3768 797; x_wconf 78' lang='grc' dir='ltr'>διαφθείρῃ</span> 
     </span>
    </p>
   </div>
   <div class='ocr_carea' id='block_1_49' title="bbox 2104 809 3771 883">
    <p class='ocr_par' dir='ltr' id='par_1_49' title="bbox 2104 809 3771 883">
     <span class='ocr_line' id='line_1_49' title="bbox 2104 809 3771 883; baseline 0.001 -18"><span class='ocrx_word' id='word_1_379' title='bbox 2104 812 2197 866; x_wconf 78' lang='grc' dir='ltr'>τὸν</span> <span class='ocrx_word' id='word_1_380' title='bbox 2236 811 2351 882; x_wconf 84' lang='grc' dir='ltr'>βίον</span> <span class='ocrx_word' id='word_1_381' title='bbox 2371 811 2550 883; x_wconf 86' lang='grc' dir='ltr'>ήμῶν.</span> <span class='ocrx_word' id='word_1_382' title='bbox 2579 810 2715 864; x_wconf 80' lang='grc' dir='ltr'>Οὔτε</span> <span class='ocrx_word' id='word_1_383' title='bbox 2743 811 2851 880; x_wconf 89' lang='grc' dir='ltr'>γάρ</span> <span class='ocrx_word' id='word_1_384' title='bbox 2879 810 2986 864; x_wconf 85' lang='grc' dir='ltr'>ἀπὸ</span> <span class='ocrx_word' id='word_1_385' title='bbox 3025 809 3441 882; x_wconf 81' lang='grc' dir='ltr'>διεφθαρμένων</span> <span class='ocrx_word' id='word_1_386' title='bbox 3482 812 3771 883; x_wconf 83' lang='grc' dir='ltr'>δογμάτων</span> 
     </span>
    </p>
   </div>
   <div class='ocr_carea' id='block_1_50' title="bbox 2105 896 3770 970">
    <p class='ocr_par' dir='ltr' id='par_1_50' title="bbox 2105 896 3770 970">
     <span class='ocr_line' id='line_1_50' title="bbox 2105 896 3770 970; baseline 0.001 -17"><span class='ocrx_word' id='word_1_387' title='bbox 2105 899 2329 953; x_wconf 81' lang='grc' dir='ltr'>δυνατὸν</span> <span class='ocrx_word' id='word_1_388' title='bbox 2354 901 2670 968; x_wconf 84' lang='grc' dir='ltr'>ἀνενεγκεῖν</span> <span class='ocrx_word' id='word_1_389' title='bbox 2704 898 2822 968; x_wconf 80' lang='grc' dir='ltr'>βίου</span> <span class='ocrx_word' id='word_1_390' title='bbox 2872 897 3003 951; x_wconf 74' lang='grc' dir='ltr'>ὄντα</span> <span class='ocrx_word' id='word_1_391' title='bbox 3049 896 3313 961; x_wconf 90' lang='grc' dir='ltr'>τοιούτου,</span> <span class='ocrx_word' id='word_1_392' title='bbox 3344 897 3466 951; x_wconf 71' lang='grc' dir='ltr'>οὔτε</span> <span class='ocrx_word' id='word_1_393' title='bbox 3505 900 3688 970; x_wconf 85' lang='grc' dir='ltr'>μένειν</span> <span class='ocrx_word' id='word_1_394' title='bbox 3712 902 3770 957; x_wconf 83' lang='grc' dir='ltr'>ἐν</span> 
     </span>
    </p>
   </div>
   <div class='ocr_carea' id='block_1_51' title="bbox 2109 983 3770 1059">
    <p class='ocr_par' dir='ltr' id='par_1_51' title="bbox 2109 983 3770 1059">
     <span class='ocr_line' id='line_1_51' title="bbox 2109 983 3770 1059; baseline 0 -19"><span class='ocrx_word' id='word_1_395' title='bbox 2109 986 2423 1059; x_wconf 79' lang='grc' dir='ltr'>ὑγιαινούσῃ</span> <span class='ocrx_word' id='word_1_396' title='bbox 2454 986 2655 1040; x_wconf 75' lang='grc' dir='ltr'>πίστειο</span> <span class='ocrx_word' id='word_1_397' title='bbox 2681 985 2798 1039; x_wconf 82' lang='grc' dir='ltr'>ἀλλ’</span> <span class='ocrx_word' id='word_1_398' title='bbox 2820 984 3033 1056; x_wconf 76' lang='grc' dir='ltr'>ἀνάγκη</span> <span class='ocrx_word' id='word_1_399' title='bbox 3061 983 3229 1055; x_wconf 76' lang='grc' dir='ltr'>πολλῇ</span> <span class='ocrx_word' id='word_1_400' title='bbox 3268 984 3443 1039; x_wconf 81' lang='grc' dir='ltr'>ταῦτα</span> <span class='ocrx_word' id='word_1_401' title='bbox 3467 987 3770 1057; x_wconf 82' lang='grc' dir='ltr'>παραδέξα-</span> 
     </span>
    </p>
   </div>
   <div class='ocr_carea' id='block_1_52' title="bbox 2110 1070 3769 1147">
    <p class='ocr_par' dir='ltr' id='par_1_52' title="bbox 2110 1070 3769 1147">
     <span class='ocr_line' id='line_1_52' title="bbox 2110 1070 3769 1147; baseline -0.001 -18"><span class='ocrx_word' id='word_1_402' title='bbox 2110 1076 2252 1129; x_wconf 89' lang='grc' dir='ltr'>σθαι.</span> <span class='ocrx_word' id='word_1_403' title='bbox 2288 1076 2363 1128; x_wconf 83' lang='grc' dir='ltr'>Οὑ</span> <span class='ocrx_word' id='word_1_404' title='bbox 2393 1074 2501 1147; x_wconf 86' lang='grc' dir='ltr'>γάρ</span> <span class='ocrx_word' id='word_1_405' title='bbox 2530 1070 2684 1144; x_wconf 78' lang='grc' dir='ltr'>οἴμαι</span> <span class='ocrx_word' id='word_1_406' title='bbox 2712 1073 2887 1143; x_wconf 83' lang='grc' dir='ltr'>ἔγωγε</span> <span class='ocrx_word' id='word_1_407' title='bbox 2912 1072 3122 1143; x_wconf 89' lang='grc' dir='ltr'>ταχέως</span> <span class='ocrx_word' id='word_1_408' title='bbox 3148 1073 3271 1126; x_wconf 82' lang='grc' dir='ltr'>τινὰ</span> <span class='ocrx_word' id='word_1_409' title='bbox 3309 1072 3418 1127; x_wconf 88' lang='grc' dir='ltr'>τῶν</span> <span class='ocrx_word' id='word_1_410' title='bbox 3454 1074 3555 1127; x_wconf 86' lang='grc' dir='ltr'>οὐκ</span> <span class='ocrx_word' id='word_1_411' title='bbox 3593 1074 3769 1145; x_wconf 82' lang='grc' dir='ltr'>ὀρθῶς</span> 
     </span>
    </p>
   </div>
   <div class='ocr_carea' id='block_1_53' title="bbox 2108 1160 3767 1233">
    <p class='ocr_par' dir='ltr' id='par_1_53' title="bbox 2108 1160 3767 1233">
     <span class='ocr_line' id='line_1_53' title="bbox 2108 1160 3767 1233; baseline 0.001 -19"><span class='ocrx_word' id='word_1_412' title='bbox 2108 1162 2325 1227; x_wconf 83' lang='grc' dir='ltr'>ζώντων</span> <span class='ocrx_word' id='word_1_413' title='bbox 2349 1161 2718 1233; x_wconf 88' lang='grc' dir='ltr'>εὑρίσκεσθαι,</span> <span class='ocrx_word' id='word_1_414' title='bbox 2758 1162 2832 1233; x_wconf 81' lang='grc' dir='ltr'>μὴ</span> <span class='ocrx_word' id='word_1_415' title='bbox 2866 1161 3037 1232; x_wconf 87' lang='grc' dir='ltr'>μυρία</span> <span class='ocrx_word' id='word_1_416' title='bbox 3063 1160 3329 1216; x_wconf 87' lang='grc' dir='ltr'>σατανικά</span> <span class='ocrx_word' id='word_1_417' title='bbox 3357 1161 3767 1232; x_wconf 83' lang='grc' dir='ltr'>βουλευόμενον,</span> 
     </span>
    </p>
   </div>
   <div class='ocr_carea' id='block_1_54' title="bbox 2107 1247 3771 1318">
    <p class='ocr_par' dir='ltr' id='par_1_54' title="bbox 2107 1247 3771 1318">
     <span class='ocr_line' id='line_1_54' title="bbox 2107 1247 3771 1318; baseline 0.001 -17"><span class='ocrx_word' id='word_1_418' title='bbox 2107 1249 2189 1302; x_wconf 84' lang='grc' dir='ltr'>ὅτι</span> <span class='ocrx_word' id='word_1_419' title='bbox 2217 1247 2431 1317; x_wconf 85' lang='grc' dir='ltr'>γένεσίς</span> <span class='ocrx_word' id='word_1_420' title='bbox 2474 1250 2640 1309; x_wconf 85' lang='grc' dir='ltr'>ἐστιν,</span> <span class='ocrx_word' id='word_1_421' title='bbox 2706 1249 2788 1301; x_wconf 82' lang='grc' dir='ltr'>ὅτι</span> <span class='ocrx_word' id='word_1_422' title='bbox 2821 1247 3007 1310; x_wconf 82' lang='grc' dir='ltr'>ἁπλῶς</span> <span class='ocrx_word' id='word_1_423' title='bbox 3034 1247 3103 1300; x_wconf 88' lang='grc' dir='ltr'>τά</span> <span class='ocrx_word' id='word_1_424' title='bbox 3126 1247 3427 1318; x_wconf 89' lang='grc' dir='ltr'>πράγματα</span> <span class='ocrx_word' id='word_1_425' title='bbox 3448 1247 3659 1316; x_wconf 78' lang='grc' dir='ltr'>ἄγεται,</span> <span class='ocrx_word' id='word_1_426' title='bbox 3689 1249 3771 1302; x_wconf 86' lang='grc' dir='ltr'>ὅτι</span> 
     </span>
    </p>
   </div>
   <div class='ocr_carea' id='block_1_55' title="bbox 2110 1335 3770 1407">
    <p class='ocr_par' dir='ltr' id='par_1_55' title="bbox 2110 1335 3770 1407">
     <span class='ocr_line' id='line_1_55' title="bbox 2110 1335 3770 1407; baseline 0 -19"><span class='ocrx_word' id='word_1_427' title='bbox 2110 1335 2318 1405; x_wconf 83' lang='grc' dir='ltr'>φύρδην</span> <span class='ocrx_word' id='word_1_428' title='bbox 2351 1336 2445 1389; x_wconf 76' lang='grc' dir='ltr'>καί</span> <span class='ocrx_word' id='word_1_429' title='bbox 2473 1335 2792 1406; x_wconf 86' lang='grc' dir='ltr'>κεχυμένως</span> <span class='ocrx_word' id='word_1_430' title='bbox 2818 1335 2996 1389; x_wconf 88' lang='grc' dir='ltr'>πάντα</span> <span class='ocrx_word' id='word_1_431' title='bbox 3016 1335 3315 1388; x_wconf 86' lang='grc' dir='ltr'>διοικεῖται.</span> <span class='ocrx_word' id='word_1_432' title='bbox 3337 1336 3427 1387; x_wconf 84' lang='grc' dir='ltr'>Διὸ</span> <span class='ocrx_word' id='word_1_433' title='bbox 3445 1337 3770 1407; x_wconf 82' lang='grc' dir='ltr'>παρακαλῶ,</span> 
     </span>
    </p>
   </div>
   <div class='ocr_carea' id='block_1_56' title="bbox 2110 1420 3775 1494">
    <p class='ocr_par' dir='ltr' id='par_1_56' title="bbox 2110 1420 3775 1494">
     <span class='ocr_line' id='line_1_56' title="bbox 2110 1420 3775 1494; baseline 0.003 -20"><span class='ocrx_word' id='word_1_434' title='bbox 2110 1420 2481 1491; x_wconf 81' lang='grc' dir='ltr'>φροντίζωμεν</span> <span class='ocrx_word' id='word_1_435' title='bbox 2514 1420 2628 1490; x_wconf 85' lang='grc' dir='ltr'>βίου</span> <span class='ocrx_word' id='word_1_436' title='bbox 2656 1421 2842 1487; x_wconf 76' lang='grc' dir='ltr'>καλοῦ,</span> <span class='ocrx_word' id='word_1_437' title='bbox 2862 1423 2950 1475; x_wconf 79' lang='grc' dir='ltr'>ἵνα</span> <span class='ocrx_word' id='word_1_438' title='bbox 2968 1422 3042 1493; x_wconf 82' lang='grc' dir='ltr'>μὴ</span> <span class='ocrx_word' id='word_1_439' title='bbox 3066 1421 3497 1492; x_wconf 82' lang='grc' dir='ltr'>παραδεχώμεθα</span> <span class='ocrx_word' id='word_1_440' title='bbox 3527 1424 3775 1494; x_wconf 86' lang='grc' dir='ltr'>δόγματα</span> 
     </span>
    </p>
   </div>
   <div class='ocr_carea' id='block_1_57' title="bbox 2113 1507 3769 1581">
    <p class='ocr_par' dir='ltr' id='par_1_57' title="bbox 2113 1507 3769 1581">
     <span class='ocr_line' id='line_1_57' title="bbox 2113 1507 3769 1581; baseline 0.002 -19"><span class='ocrx_word' id='word_1_441' title='bbox 2113 1509 2343 1580; x_wconf 89' lang='grc' dir='ltr'>πονηρά.</span> <span class='ocrx_word' id='word_1_442' title='bbox 2403 1509 2461 1561; x_wconf 85' lang='lat'>&#39;0</span> <span class='ocrx_word' id='word_1_443' title='bbox 2484 1508 2624 1562; x_wconf 86' lang='grc' dir='ltr'>Κάῖν</span> <span class='ocrx_word' id='word_1_444' title='bbox 2657 1509 2816 1561; x_wconf 84' lang='grc' dir='ltr'>ἐλαϐε</span> <span class='ocrx_word' id='word_1_445' title='bbox 2841 1509 3110 1580; x_wconf 84' lang='grc' dir='ltr'>τιμωρίαν</span> <span class='ocrx_word' id='word_1_446' title='bbox 3138 1507 3346 1562; x_wconf 80' lang='grc' dir='ltr'>στένειν</span> <span class='ocrx_word' id='word_1_447' title='bbox 3394 1510 3487 1562; x_wconf 79' lang='grc' dir='ltr'>καὶ</span> <span class='ocrx_word' id='word_1_448' title='bbox 3523 1512 3769 1581; x_wconf 80' lang='grc' dir='ltr'>τρέμειν.</span> 
     </span>
    </p>
   </div>
   <div class='ocr_carea' id='block_1_58' title="bbox 2113 1595 3774 1670">
    <p class='ocr_par' dir='ltr' id='par_1_58' title="bbox 2113 1595 3774 1670">
     <span class='ocr_line' id='line_1_58' title="bbox 2113 1595 3774 1670; baseline 0.002 -21"><span class='ocrx_word' id='word_1_449' title='bbox 2113 1595 2354 1649; x_wconf 79' lang='grc' dir='ltr'>Τοιοῦτοί</span> <span class='ocrx_word' id='word_1_450' title='bbox 2379 1597 2517 1649; x_wconf 89' lang='grc' dir='ltr'>εἰσιν</span> <span class='ocrx_word' id='word_1_451' title='bbox 2540 1596 2590 1649; x_wconf 84' lang='grc' dir='ltr'>οἰ</span> <span class='ocrx_word' id='word_1_452' title='bbox 2618 1596 2866 1670; x_wconf 71' lang='grc' dir='ltr'>πονηροὶ,</span> <span class='ocrx_word' id='word_1_453' title='bbox 2905 1596 2997 1649; x_wconf 71' lang='grc' dir='ltr'>καί⁵</span> <span class='ocrx_word' id='word_1_454' title='bbox 3019 1595 3321 1659; x_wconf 89' lang='grc' dir='ltr'>συνειδότες</span> <span class='ocrx_word' id='word_1_455' title='bbox 3356 1597 3570 1660; x_wconf 83' lang='grc' dir='ltr'>ἑαυτοῖς</span> <span class='ocrx_word' id='word_1_456' title='bbox 3602 1598 3774 1668; x_wconf 86' lang='grc' dir='ltr'>μυρία</span> 
     </span>
    </p>
   </div>
   <div class='ocr_carea' id='block_1_59' title="bbox 2113 1681 3775 1755">
    <p class='ocr_par' dir='ltr' id='par_1_59' title="bbox 2113 1681 3775 1755">
     <span class='ocr_line' id='line_1_59' title="bbox 2113 1681 3775 1755; baseline 0.001 -19"><span class='ocrx_word' id='word_1_457' title='bbox 2113 1682 2280 1746; x_wconf 84' lang='grc' dir='ltr'>κακά,</span> <span class='ocrx_word' id='word_1_458' title='bbox 2307 1681 2571 1746; x_wconf 86' lang='grc' dir='ltr'>πολλάκις</span> <span class='ocrx_word' id='word_1_459' title='bbox 2626 1683 2686 1748; x_wconf 80' lang='grc' dir='ltr'>ἐξ</span> <span class='ocrx_word' id='word_1_460' title='bbox 2730 1682 2916 1736; x_wconf 80' lang='grc' dir='ltr'>ὕπνων</span> <span class='ocrx_word' id='word_1_461' title='bbox 2945 1682 3279 1749; x_wconf 82' lang='grc' dir='ltr'>ἐξάλλονται,</span> <span class='ocrx_word' id='word_1_462' title='bbox 3318 1684 3643 1755; x_wconf 88' lang='grc' dir='ltr'>θορυϐώδεις</span> <span class='ocrx_word' id='word_1_463' title='bbox 3678 1687 3775 1738; x_wconf 85' lang='grc' dir='ltr'>αὐ-</span> 
     </span>
    </p>
   </div>
   <div class='ocr_carea' id='block_1_60' title="bbox 2112 1768 3776 1843">
    <p class='ocr_par' dir='ltr' id='par_1_60' title="bbox 2112 1768 3776 1843">
     <span class='ocr_line' id='line_1_60' title="bbox 2112 1768 3776 1843; baseline 0.003 -22"><span class='ocrx_word' id='word_1_464' title='bbox 2112 1768 2223 1821; x_wconf 91' lang='grc' dir='ltr'>τῶν</span> <span class='ocrx_word' id='word_1_465' title='bbox 2248 1770 2299 1822; x_wconf 89' lang='grc' dir='ltr'>οἰ</span> <span class='ocrx_word' id='word_1_466' title='bbox 2337 1768 2608 1839; x_wconf 74' lang='grc' dir='ltr'>λογισμοὶ,</span> <span class='ocrx_word' id='word_1_467' title='bbox 2644 1769 3045 1840; x_wconf 86' lang='grc' dir='ltr'>τεταραγμένοι</span> <span class='ocrx_word' id='word_1_468' title='bbox 3095 1772 3141 1822; x_wconf 78' lang='grc' dir='ltr'>οἱ</span> <span class='ocrx_word' id='word_1_469' title='bbox 3196 1769 3485 1841; x_wconf 76' lang='grc' dir='ltr'>ὀφθαλμοὶ,</span> <span class='ocrx_word' id='word_1_470' title='bbox 3541 1772 3776 1843; x_wconf 75' lang='grc' dir='ltr'>ὑποψίας</span> 
     </span>
    </p>
   </div>
   <div class='ocr_carea' id='block_1_61' title="bbox 2111 1854 3778 1929">
    <p class='ocr_par' dir='ltr' id='par_1_61' title="bbox 2111 1854 3778 1929">
     <span class='ocr_line' id='line_1_61' title="bbox 2111 1854 3778 1929; baseline 0.003 -22"><span class='ocrx_word' id='word_1_471' title='bbox 2111 1855 2274 1925; x_wconf 87' lang='grc' dir='ltr'>γέμει</span> <span class='ocrx_word' id='word_1_472' title='bbox 2305 1854 2506 1919; x_wconf 88' lang='grc' dir='ltr'>πάντα,</span> <span class='ocrx_word' id='word_1_473' title='bbox 2556 1856 2995 1927; x_wconf 82' lang='grc' dir='ltr'>καταπλήττεται</span> <span class='ocrx_word' id='word_1_474' title='bbox 3035 1855 3233 1920; x_wconf 90' lang='grc' dir='ltr'>πάντα,</span> <span class='ocrx_word' id='word_1_475' title='bbox 3278 1858 3522 1929; x_wconf 83' lang='grc' dir='ltr'>χαλεπῆς</span> <span class='ocrx_word' id='word_1_476' title='bbox 3555 1859 3778 1929; x_wconf 85' lang='grc' dir='ltr'>προσδο-</span> 
     </span>
    </p>
   </div>
   <div class='ocr_carea' id='block_1_62' title="bbox 2112 1942 3773 2015">
    <p class='ocr_par' dir='ltr' id='par_1_62' title="bbox 2112 1942 3773 2015">
     <span class='ocr_line' id='line_1_62' title="bbox 2112 1942 3773 2015; baseline 0 -18"><span class='ocrx_word' id='word_1_477' title='bbox 2112 1943 2258 2008; x_wconf 89' lang='grc' dir='ltr'>κίας,</span> <span class='ocrx_word' id='word_1_478' title='bbox 2285 1943 2486 2006; x_wconf 87' lang='grc' dir='ltr'>δειλίας</span> <span class='ocrx_word' id='word_1_479' title='bbox 2521 1942 2827 2013; x_wconf 85' lang='grc' dir='ltr'>ἀνάμεστος</span> <span class='ocrx_word' id='word_1_480' title='bbox 2874 1942 3054 1996; x_wconf 85' lang='grc' dir='ltr'>αὐτῶν</span> <span class='ocrx_word' id='word_1_481' title='bbox 3089 1943 3122 2013; x_wconf 89' lang='grc' dir='ltr'>ή</span> <span class='ocrx_word' id='word_1_482' title='bbox 3159 1942 3327 2015; x_wconf 80' lang='grc' dir='ltr'>ψυχὴ,</span> <span class='ocrx_word' id='word_1_483' title='bbox 3361 1943 3511 2014; x_wconf 88' lang='grc' dir='ltr'>φόϐῳ</span> <span class='ocrx_word' id='word_1_484' title='bbox 3551 1961 3773 2014; x_wconf 78' lang='grc' dir='ltr'>συστρε-</span> 
     </span>
    </p>
   </div>
   <div class='ocr_carea' id='block_1_63' title="bbox 2113 2028 3777 2100">
    <p class='ocr_par' dir='ltr' id='par_1_63' title="bbox 2113 2028 3777 2100">
     <span class='ocr_line' id='line_1_63' title="bbox 2113 2028 3777 2100; baseline -0.001 -18"><span class='ocrx_word' id='word_1_485' title='bbox 2113 2029 2322 2100; x_wconf 84' lang='grc' dir='ltr'>φομένη</span> <span class='ocrx_word' id='word_1_486' title='bbox 2345 2028 2439 2082; x_wconf 84' lang='grc' dir='ltr'>καὶ</span> <span class='ocrx_word' id='word_1_487' title='bbox 2471 2028 2659 2100; x_wconf 85' lang='grc' dir='ltr'>τρόμῳ</span> <span class='ocrx_word' id='word_1_488' title='bbox 2687 2028 2925 2100; x_wconf 85' lang='grc' dir='ltr'>ἀδρανὴς</span> <span class='ocrx_word' id='word_1_489' title='bbox 2955 2028 3186 2096; x_wconf 88' lang='grc' dir='ltr'>γίνεται.</span> <span class='ocrx_word' id='word_1_490' title='bbox 3212 2029 3378 2082; x_wconf 78' lang='grc' dir='ltr'>Οὐδὲν</span> <span class='ocrx_word' id='word_1_491' title='bbox 3401 2030 3500 2099; x_wconf 85' lang='grc' dir='ltr'>τῆς</span> <span class='ocrx_word' id='word_1_492' title='bbox 3519 2029 3777 2098; x_wconf 82' lang='grc' dir='ltr'>τοιαύτης</span> 
     </span>
    </p>
   </div>
   <div class='ocr_carea' id='block_1_64' title="bbox 2110 2115 3779 2188">
    <p class='ocr_par' dir='ltr' id='par_1_64' title="bbox 2110 2115 3779 2188">
     <span class='ocr_line' id='line_1_64' title="bbox 2110 2115 3779 2188; baseline 0 -19"><span class='ocrx_word' id='word_1_493' title='bbox 2110 2117 2288 2188; x_wconf 82' lang='grc' dir='ltr'>ψυχῆς</span> <span class='ocrx_word' id='word_1_494' title='bbox 2301 2115 2681 2188; x_wconf 89' lang='grc' dir='ltr'>μαλακώτερον</span> <span class='ocrx_word' id='word_1_495' title='bbox 2703 2116 2912 2181; x_wconf 81' lang='grc' dir='ltr'>γένοιτο</span> <span class='ocrx_word' id='word_1_496' title='bbox 2941 2115 3028 2178; x_wconf 83' lang='grc' dir='ltr'>ἀν,</span> <span class='ocrx_word' id='word_1_497' title='bbox 3058 2116 3209 2169; x_wconf 81' lang='grc' dir='ltr'>οὐδὲν</span> <span class='ocrx_word' id='word_1_498' title='bbox 3226 2116 3478 2186; x_wconf 84' lang='grc' dir='ltr'>ἀνοητότε</span> <span class='ocrx_word' id='word_1_499' title='bbox 3489 2133 3599 2187; x_wconf 92' lang='grc' dir='ltr'>ρον.</span> <span class='ocrx_word' id='word_1_500' title='bbox 3628 2117 3779 2170; x_wconf 65' lang='grc' dir='ltr'>Καθη</span> 
     </span>
    </p>
   </div>
   <div class='ocr_carea' id='block_1_65' title="bbox 2115 2204 3778 2276">
    <p class='ocr_par' dir='ltr' id='par_1_65' title="bbox 2115 2204 3778 2276">
     <span class='ocr_line' id='line_1_65' title="bbox 2115 2204 3778 2276; baseline -0.001 -18"><span class='ocrx_word' id='word_1_501' title='bbox 2115 2204 2259 2276; x_wconf 87' lang='grc' dir='ltr'>άπερ</span> <span class='ocrx_word' id='word_1_502' title='bbox 2319 2205 2368 2258; x_wconf 82' lang='grc' dir='ltr'>οἰ</span> <span class='ocrx_word' id='word_1_503' title='bbox 2404 2204 2718 2275; x_wconf 90' lang='grc' dir='ltr'>μαινόμενοι</span> <span class='ocrx_word' id='word_1_504' title='bbox 2751 2204 2849 2273; x_wconf 84' lang='grc' dir='ltr'>οὐχ</span> <span class='ocrx_word' id='word_1_505' title='bbox 2887 2204 3183 2275; x_wconf 82' lang='grc' dir='ltr'>ἑστήκασιν</span> <span class='ocrx_word' id='word_1_506' title='bbox 3221 2205 3278 2257; x_wconf 88' lang='grc' dir='ltr'>ἐν</span> <span class='ocrx_word' id='word_1_507' title='bbox 3322 2204 3555 2267; x_wconf 80' lang='grc' dir='ltr'>ἑαυτοῖς·</span> <span class='ocrx_word' id='word_1_508' title='bbox 3605 2204 3778 2269; x_wconf 75' lang='grc' dir='ltr'>οὕτως</span> 
     </span>
    </p>
   </div>
   <div class='ocr_carea' id='block_1_66' title="bbox 2113 2286 3779 2362">
    <p class='ocr_par' dir='ltr' id='par_1_66' title="bbox 2113 2286 3779 2362">
     <span class='ocr_line' id='line_1_66' title="bbox 2113 2286 3779 2362; baseline 0.001 -19"><span class='ocrx_word' id='word_1_509' title='bbox 2113 2291 2234 2344; x_wconf 85' lang='grc' dir='ltr'>οὐδὲ</span> <span class='ocrx_word' id='word_1_510' title='bbox 2265 2291 2299 2362; x_wconf 87' lang='grc' dir='ltr'>ή</span> <span class='ocrx_word' id='word_1_511' title='bbox 2338 2290 2561 2361; x_wconf 87' lang='grc' dir='ltr'>τοιαύτη</span> <span class='ocrx_word' id='word_1_512' title='bbox 2617 2292 2675 2343; x_wconf 88' lang='grc' dir='ltr'>ἐν</span> <span class='ocrx_word' id='word_1_513' title='bbox 2729 2291 2894 2361; x_wconf 76' lang='grc' dir='ltr'>ἑαυτῇ</span> <span class='ocrx_word' id='word_1_514' title='bbox 2946 2289 3166 2360; x_wconf 78' lang='grc' dir='ltr'>ἕστηκε.</span> <span class='ocrx_word' id='word_1_515' title='bbox 3220 2290 3357 2343; x_wconf 86' lang='grc' dir='ltr'>Πότε</span> <span class='ocrx_word' id='word_1_516' title='bbox 3387 2286 3482 2344; x_wconf 83' lang='grc' dir='ltr'>οὖν</span> <span class='ocrx_word' id='word_1_517' title='bbox 3519 2290 3659 2361; x_wconf 78' lang='grc' dir='ltr'>αὕτη</span> <span class='ocrx_word' id='word_1_518' title='bbox 3698 2293 3779 2355; x_wconf 89' lang='grc' dir='ltr'>εἰς</span> 
     </span>
    </p>
   </div>
   <div class='ocr_carea' id='block_1_67' title="bbox 2116 2375 3779 2449">
    <p class='ocr_par' dir='ltr' id='par_1_67' title="bbox 2116 2375 3779 2449">
     <span class='ocr_line' id='line_1_67' title="bbox 2116 2375 3779 2449; baseline 0.002 -20"><span class='ocrx_word' id='word_1_519' title='bbox 2116 2375 2468 2447; x_wconf 88' lang='grc' dir='ltr'>συναίσθησιν</span> <span class='ocrx_word' id='word_1_520' title='bbox 2497 2377 2625 2449; x_wconf 76' lang='grc' dir='ltr'>ἔλθῃ</span> <span class='ocrx_word' id='word_1_521' title='bbox 2658 2376 2929 2448; x_wconf 89' lang='grc' dir='ltr'>τοσαύτην</span> <span class='ocrx_word' id='word_1_522' title='bbox 2953 2376 3148 2448; x_wconf 77' lang='grc' dir='ltr'>ἔχουσα</span> <span class='ocrx_word' id='word_1_523' title='bbox 3183 2377 3535 2442; x_wconf 90' lang='grc' dir='ltr'>σκοτοδινίαν,</span> <span class='ocrx_word' id='word_1_524' title='bbox 3559 2377 3626 2449; x_wconf 74' lang='grc' dir='ltr'>ὴν</span> <span class='ocrx_word' id='word_1_525' title='bbox 3643 2379 3779 2448; x_wconf 68' lang='grc' dir='ltr'>ἀγαο</span> 
     </span>
    </p>
   </div>
   <div class='ocr_carea' id='block_1_68' title="bbox 2114 2463 3776 2535">
    <p class='ocr_par' dir='ltr' id='par_1_68' title="bbox 2114 2463 3776 2535">
     <span class='ocr_line' id='line_1_68' title="bbox 2114 2463 3776 2535; baseline 0.002 -20"><span class='ocrx_word' id='word_1_526' title='bbox 2114 2463 2283 2533; x_wconf 78' lang='grc' dir='ltr'>πητὸν</span> <span class='ocrx_word' id='word_1_527' title='bbox 2332 2464 2575 2535; x_wconf 88' lang='grc' dir='ltr'>γαλήνης</span> <span class='ocrx_word' id='word_1_528' title='bbox 2632 2463 3014 2520; x_wconf 86' lang='grc' dir='ltr'>ἀπολαύουσαν</span> <span class='ocrx_word' id='word_1_529' title='bbox 3067 2464 3161 2518; x_wconf 74' lang='grc' dir='ltr'>καὶ</span> <span class='ocrx_word' id='word_1_530' title='bbox 3215 2463 3397 2529; x_wconf 82' lang='grc' dir='ltr'>εὐδίας</span> <span class='ocrx_word' id='word_1_531' title='bbox 3422 2505 3437 2531; x_wconf 92' lang='grc'>,</span> <span class='ocrx_word' id='word_1_532' title='bbox 3486 2464 3776 2535; x_wconf 76' lang='grc' dir='ltr'>δυνηθῆναι</span> 
     </span>
    </p>
   </div>
   <div class='ocr_carea' id='block_1_69' title="bbox 2114 2549 3778 2626">
    <p class='ocr_par' dir='ltr' id='par_1_69' title="bbox 2114 2549 3778 2626">
     <span class='ocr_line' id='line_1_69' title="bbox 2114 2549 3778 2626; baseline 0.001 -24"><span class='ocrx_word' id='word_1_533' title='bbox 2114 2550 2412 2618; x_wconf 85' lang='grc' dir='ltr'>ἐπιγνῶναι</span> <span class='ocrx_word' id='word_1_534' title='bbox 2435 2549 2534 2621; x_wconf 79' lang='grc' dir='ltr'>τὴν</span> <span class='ocrx_word' id='word_1_535' title='bbox 2559 2551 2765 2605; x_wconf 79' lang='grc' dir='ltr'>οἰκείαν</span> <span class='ocrx_word' id='word_1_536' title='bbox 2787 2551 3068 2619; x_wconf 82' lang='grc' dir='ltr'>εὐγένειαν</span> <span class='ocrx_word' id='word_1_537' title='bbox 3088 2568 3104 2617; x_wconf 87' lang='grc'>;</span> <span class='ocrx_word' id='word_1_538' title='bbox 3128 2552 3301 2605; x_wconf 87' lang='grc' dir='ltr'>Ὅταν</span> <span class='ocrx_word' id='word_1_539' title='bbox 3318 2551 3376 2609; x_wconf 73' lang='grc' dir='ltr'>δὲ</span> <span class='ocrx_word' id='word_1_540' title='bbox 3398 2553 3576 2607; x_wconf 90' lang='grc' dir='ltr'>πάντα</span> <span class='ocrx_word' id='word_1_541' title='bbox 3607 2553 3778 2626; x_wconf 72' lang='grc' dir='ltr'>αὐτὴν</span> 
     </span>
    </p>
   </div>
   <div class='ocr_carea' id='block_1_70' title="bbox 2115 2635 3782 2710">
    <p class='ocr_par' dir='ltr' id='par_1_70' title="bbox 2115 2635 3782 2710">
     <span class='ocr_line' id='line_1_70' title="bbox 2115 2635 3782 2710; baseline 0.001 -21"><span class='ocrx_word' id='word_1_542' title='bbox 2115 2636 2320 2707; x_wconf 80' lang='grc' dir='ltr'>ἐκφοϐᾔ</span> <span class='ocrx_word' id='word_1_543' title='bbox 2343 2635 2436 2689; x_wconf 75' lang='grc' dir='ltr'>καὶ</span> <span class='ocrx_word' id='word_1_544' title='bbox 2461 2637 2726 2708; x_wconf 79' lang='grc' dir='ltr'>ταράττῃ,</span> <span class='ocrx_word' id='word_1_545' title='bbox 2761 2638 2853 2690; x_wconf 68' lang='grc' dir='ltr'>καὶ</span> <span class='ocrx_word' id='word_1_546' title='bbox 2876 2637 3075 2708; x_wconf 75' lang='grc' dir='ltr'>ὄνειροι</span> <span class='ocrx_word' id='word_1_547' title='bbox 3118 2638 3212 2690; x_wconf 74' lang='grc' dir='ltr'>καὶ</span> <span class='ocrx_word' id='word_1_548' title='bbox 3253 2638 3476 2707; x_wconf 79' lang='grc' dir='ltr'>ῥήματα</span> <span class='ocrx_word' id='word_1_549' title='bbox 3507 2640 3602 2692; x_wconf 77' lang='grc' dir='ltr'>καὶ</span> <span class='ocrx_word' id='word_1_550' title='bbox 3650 2640 3782 2710; x_wconf 85' lang='grc' dir='ltr'>σχή-</span> 
     </span>
    </p>
   </div>
   <div class='ocr_carea' id='block_1_71' title="bbox 2119 2723 3782 2798">
    <p class='ocr_par' dir='ltr' id='par_1_71' title="bbox 2119 2723 3782 2798">
     <span class='ocr_line' id='line_1_71' title="bbox 2119 2723 3782 2798; baseline 0.001 -20"><span class='ocrx_word' id='word_1_551' title='bbox 2119 2740 2264 2795; x_wconf 89' lang='grc' dir='ltr'>ματα</span> <span class='ocrx_word' id='word_1_552' title='bbox 2284 2724 2379 2777; x_wconf 66' lang='grc' dir='ltr'>καί⁸</span> <span class='ocrx_word' id='word_1_553' title='bbox 2422 2723 2648 2794; x_wconf 71' lang='grc' dir='ltr'>ὑποψίαι</span> <span class='ocrx_word' id='word_1_554' title='bbox 2700 2723 2907 2789; x_wconf 87' lang='grc' dir='ltr'>ἁπλῶς,</span> <span class='ocrx_word' id='word_1_555' title='bbox 2962 2724 3094 2777; x_wconf 90' lang='grc' dir='ltr'>πότε</span> <span class='ocrx_word' id='word_1_556' title='bbox 3139 2723 3426 2795; x_wconf 85' lang='grc' dir='ltr'>δυνήσεται</span> <span class='ocrx_word' id='word_1_557' title='bbox 3462 2728 3541 2790; x_wconf 91' lang='grc' dir='ltr'>εἰς</span> <span class='ocrx_word' id='word_1_558' title='bbox 3586 2728 3782 2798; x_wconf 80' lang='grc' dir='ltr'>ἑαυτὴν</span> 
     </span>
    </p>
   </div>
   <div class='ocr_carea' id='block_1_72' title="bbox 2119 2810 3781 2883">
    <p class='ocr_par' dir='ltr' id='par_1_72' title="bbox 2119 2810 3781 2883">
     <span class='ocr_line' id='line_1_72' title="bbox 2119 2810 3781 2883; baseline 0 -17"><span class='ocrx_word' id='word_1_559' title='bbox 2119 2811 2268 2875; x_wconf 86' lang='grc' dir='ltr'>ἰδεῖν,</span> <span class='ocrx_word' id='word_1_560' title='bbox 2288 2810 2461 2874; x_wconf 75' lang='grc' dir='ltr'>οὕτως</span> <span class='ocrx_word' id='word_1_561' title='bbox 2474 2810 2926 2883; x_wconf 82' lang='grc' dir='ltr'>ἐκτεταραγμένη</span> <span class='ocrx_word' id='word_1_562' title='bbox 2950 2814 3044 2863; x_wconf 69' lang='grc' dir='ltr'>καὶ</span> <span class='ocrx_word' id='word_1_563' title='bbox 3066 2810 3479 2883; x_wconf 86' lang='grc' dir='ltr'>τεθορυϐημένη</span> <span class='ocrx_word' id='word_1_564' title='bbox 3506 2831 3521 2877; x_wconf 85' lang='grc'>;</span> <span class='ocrx_word' id='word_1_565' title='bbox 3551 2813 3781 2883; x_wconf 86' lang='grc' dir='ltr'>Λύωμεν</span> 
     </span>
    </p>
   </div>
   <div class='ocr_carea' id='block_1_73' title="bbox 2116 2898 3781 2974">
    <p class='ocr_par' dir='ltr' id='par_1_73' title="bbox 2116 2898 3781 2974">
     <span class='ocr_line' id='line_1_73' title="bbox 2116 2898 3781 2974; baseline 0.001 -19"><span class='ocrx_word' id='word_1_566' title='bbox 2116 2902 2294 2957; x_wconf 87' lang='grc' dir='ltr'>τοίνυν</span> <span class='ocrx_word' id='word_1_567' title='bbox 2319 2900 2490 2970; x_wconf 83' lang='grc' dir='ltr'>αὐτῆς</span> <span class='ocrx_word' id='word_1_568' title='bbox 2515 2900 2576 2953; x_wconf 81' lang='grc' dir='ltr'>τὸ</span> <span class='ocrx_word' id='word_1_569' title='bbox 2591 2900 2729 2964; x_wconf 84' lang='grc' dir='ltr'>δέος,</span> <span class='ocrx_word' id='word_1_570' title='bbox 2751 2898 3135 2971; x_wconf 81' lang='grc' dir='ltr'>διαρῤήξωμεν</span> <span class='ocrx_word' id='word_1_571' title='bbox 3162 2900 3233 2953; x_wconf 87' lang='grc' dir='ltr'>τά</span> <span class='ocrx_word' id='word_1_572' title='bbox 3260 2899 3454 2971; x_wconf 83' lang='grc' dir='ltr'>δεσμά.</span> <span class='ocrx_word' id='word_1_573' title='bbox 3478 2901 3541 2954; x_wconf 82' lang='grc' dir='ltr'>Εἰ</span> <span class='ocrx_word' id='word_1_574' title='bbox 3570 2900 3679 2973; x_wconf 81' lang='grc' dir='ltr'>γὰρ</span> <span class='ocrx_word' id='word_1_575' title='bbox 3707 2905 3781 2974; x_wconf 78' lang='grc' dir='ltr'>μὴ</span> 
     </span>
    </p>
   </div>
   <div class='ocr_carea' id='block_1_74' title="bbox 2122 2981 3784 3060">
    <p class='ocr_par' dir='ltr' id='par_1_74' title="bbox 2122 2981 3784 3060">
     <span class='ocr_line' id='line_1_74' title="bbox 2122 2981 3784 3060; baseline 0 -19"><span class='ocrx_word' id='word_1_576' title='bbox 2122 2988 2344 3050; x_wconf 88' lang='grc' dir='ltr'>κόλασις</span> <span class='ocrx_word' id='word_1_577' title='bbox 2368 2981 2459 3057; x_wconf 80' lang='grc' dir='ltr'>ἦν,</span> <span class='ocrx_word' id='word_1_578' title='bbox 2486 2986 2645 3050; x_wconf 89' lang='grc' dir='ltr'>ποίας</span> <span class='ocrx_word' id='word_1_579' title='bbox 2669 2986 2843 3039; x_wconf 80' lang='grc' dir='ltr'>ταῦτα</span> <span class='ocrx_word' id='word_1_580' title='bbox 2874 2986 3149 3048; x_wconf 88' lang='grc' dir='ltr'>κολάσεως</span> <span class='ocrx_word' id='word_1_581' title='bbox 3171 2986 3233 3039; x_wconf 84' lang='grc' dir='ltr'>οὐ</span> <span class='ocrx_word' id='word_1_582' title='bbox 3262 2989 3451 3056; x_wconf 89' lang='grc' dir='ltr'>χείρω,</span> <span class='ocrx_word' id='word_1_583' title='bbox 3484 2987 3588 3040; x_wconf 85' lang='grc' dir='ltr'>ὑπὸ</span> <span class='ocrx_word' id='word_1_584' title='bbox 3631 2988 3784 3060; x_wconf 84' lang='grc' dir='ltr'>φόϐῳ</span> 
     </span>
    </p>
   </div>
   <div class='ocr_carea' id='block_1_75' title="bbox 2119 3072 3786 3148">
    <p class='ocr_par' dir='ltr' id='par_1_75' title="bbox 2119 3072 3786 3148">
     <span class='ocr_line' id='line_1_75' title="bbox 2119 3072 3786 3148; baseline 0.001 -21"><span class='ocrx_word' id='word_1_585' title='bbox 2119 3076 2219 3148; x_wconf 78' lang='grc' dir='ltr'>ζῇν</span> <span class='ocrx_word' id='word_1_586' title='bbox 2240 3075 2345 3140; x_wconf 78' lang='grc' dir='ltr'>ἀεὶ,</span> <span class='ocrx_word' id='word_1_587' title='bbox 2383 3074 2651 3145; x_wconf 84' lang='grc' dir='ltr'>μηδέποτε</span> <span class='ocrx_word' id='word_1_588' title='bbox 2704 3073 2949 3145; x_wconf 77' lang='grc' dir='ltr'>θαρρεῖν,</span> <span class='ocrx_word' id='word_1_589' title='bbox 2988 3072 3260 3144; x_wconf 88' lang='grc' dir='ltr'>μηδέποτε</span> <span class='ocrx_word' id='word_1_590' title='bbox 3286 3072 3566 3139; x_wconf 90' lang='grc' dir='ltr'>άνίεσθαι;</span> <span class='ocrx_word' id='word_1_591' title='bbox 3599 3074 3786 3129; x_wconf 82' lang='grc' dir='ltr'>Ταῦτα</span> 
     </span>
    </p>
   </div>
   <div class='ocr_carea' id='block_1_76' title="bbox 2118 3160 3785 3235">
    <p class='ocr_par' dir='ltr' id='par_1_76' title="bbox 2118 3160 3785 3235">
     <span class='ocr_line' id='line_1_76' title="bbox 2118 3160 3785 3235; baseline 0.001 -20"><span class='ocrx_word' id='word_1_592' title='bbox 2118 3163 2183 3234; x_wconf 81' lang='grc' dir='ltr'>δή</span> <span class='ocrx_word' id='word_1_593' title='bbox 2210 3162 2387 3216; x_wconf 87' lang='grc' dir='ltr'>πάντα</span> <span class='ocrx_word' id='word_1_594' title='bbox 2415 3162 2557 3233; x_wconf 89' lang='grc' dir='ltr'>μετά</span> <span class='ocrx_word' id='word_1_595' title='bbox 2598 3162 2888 3233; x_wconf 88' lang='grc' dir='ltr'>ἀκριϐείας</span> <span class='ocrx_word' id='word_1_596' title='bbox 2921 3160 3142 3227; x_wconf 86' lang='grc' dir='ltr'>εἰδότες,</span> <span class='ocrx_word' id='word_1_597' title='bbox 3197 3164 3257 3215; x_wconf 86' lang='grc' dir='ltr'>ἐν</span> <span class='ocrx_word' id='word_1_598' title='bbox 3317 3162 3531 3235; x_wconf 79' lang='grc' dir='ltr'>γαλήνῃ</span> <span class='ocrx_word' id='word_1_599' title='bbox 3557 3163 3785 3227; x_wconf 77' lang='grc' dir='ltr'>ἑαυτοὺς</span> 
     </span>
    </p>
   </div>
   <div class='ocr_carea' id='block_1_77' title="bbox 2120 3247 3786 3320">
    <p class='ocr_par' dir='ltr' id='par_1_77' title="bbox 2120 3247 3786 3320">
     <span class='ocr_line' id='line_1_77' title="bbox 2120 3247 3786 3320; baseline 0 -18"><span class='ocrx_word' id='word_1_600' title='bbox 2120 3248 2488 3320; x_wconf 90' lang='grc' dir='ltr'>διατηρῶμεν,</span> <span class='ocrx_word' id='word_1_601' title='bbox 2536 3248 2632 3302; x_wconf 73' lang='grc' dir='ltr'>καὶ</span> <span class='ocrx_word' id='word_1_602' title='bbox 2670 3249 2875 3320; x_wconf 88' lang='grc' dir='ltr'>ἀρετῆς</span> <span class='ocrx_word' id='word_1_603' title='bbox 2912 3247 3327 3319; x_wconf 87' lang='grc' dir='ltr'>ἐπιμελώμεθα,</span> <span class='ocrx_word' id='word_1_604' title='bbox 3380 3249 3467 3301; x_wconf 80' lang='grc' dir='ltr'>ἵνα</span> <span class='ocrx_word' id='word_1_605' title='bbox 3518 3249 3615 3302; x_wconf 75' lang='grc' dir='ltr'>καὶ</span> <span class='ocrx_word' id='word_1_606' title='bbox 3660 3249 3786 3320; x_wconf 85' lang='grc' dir='ltr'>ὑγιῆ</span> 
     </span>
    </p>
   </div>
   <div class='ocr_carea' id='block_1_78' title="bbox 2120 3334 3789 3407">
    <p class='ocr_par' dir='ltr' id='par_1_78' title="bbox 2120 3334 3789 3407">
     <span class='ocr_line' id='line_1_78' title="bbox 2120 3334 3789 3407; baseline -0.001 -18"><span class='ocrx_word' id='word_1_607' title='bbox 2120 3336 2367 3407; x_wconf 87' lang='grc' dir='ltr'>δόγματα</span> <span class='ocrx_word' id='word_1_608' title='bbox 2389 3334 2602 3406; x_wconf 74' lang='grc' dir='ltr'>ἔχοντες</span> <span class='ocrx_word' id='word_1_609' title='bbox 2632 3336 2725 3389; x_wconf 76' lang='grc' dir='ltr'>καὶ</span> <span class='ocrx_word' id='word_1_610' title='bbox 2753 3334 2866 3405; x_wconf 85' lang='grc' dir='ltr'>βίον</span> <span class='ocrx_word' id='word_1_611' title='bbox 2888 3336 3070 3407; x_wconf 78' lang='grc' dir='ltr'>ὀρθὸν,</span> <span class='ocrx_word' id='word_1_612' title='bbox 3097 3335 3498 3406; x_wconf 86' lang='grc' dir='ltr'>ἀπροσκόπτως</span> <span class='ocrx_word' id='word_1_613' title='bbox 3524 3334 3625 3406; x_wconf 84' lang='grc' dir='ltr'>τὴν</span> <span class='ocrx_word' id='word_1_614' title='bbox 3644 3352 3789 3407; x_wconf 85' lang='grc' dir='ltr'>παρ-</span> 
     </span>
    </p>
   </div>
   <div class='ocr_carea' id='block_1_79' title="bbox 2122 3422 3790 3495">
    <p class='ocr_par' dir='ltr' id='par_1_79' title="bbox 2122 3422 3790 3495">
     <span class='ocr_line' id='line_1_79' title="bbox 2122 3422 3790 3495; baseline -0.001 -18"><span class='ocrx_word' id='word_1_615' title='bbox 2122 3423 2291 3479; x_wconf 83' lang='grc' dir='ltr'>οῦσαν</span> <span class='ocrx_word' id='word_1_616' title='bbox 2344 3423 2490 3495; x_wconf 81' lang='grc' dir='ltr'>ζωὴν</span> <span class='ocrx_word' id='word_1_617' title='bbox 2509 3422 2874 3494; x_wconf 89' lang='grc' dir='ltr'>διανύσωμεν,</span> <span class='ocrx_word' id='word_1_618' title='bbox 2909 3424 3003 3476; x_wconf 74' lang='grc' dir='ltr'>καὶ</span> <span class='ocrx_word' id='word_1_619' title='bbox 3042 3423 3150 3476; x_wconf 87' lang='grc' dir='ltr'>τῶν</span> <span class='ocrx_word' id='word_1_620' title='bbox 3182 3422 3612 3493; x_wconf 84' lang='grc' dir='ltr'>ἐπηγγελμένων</span> <span class='ocrx_word' id='word_1_621' title='bbox 3651 3423 3790 3490; x_wconf 83' lang='grc' dir='ltr'>ἀγα-</span> 
     </span>
    </p>
   </div>
   <div class='ocr_carea' id='block_1_80' title="bbox 2124 3508 3790 3583">
    <p class='ocr_par' dir='ltr' id='par_1_80' title="bbox 2124 3508 3790 3583">
     <span class='ocr_line' id='line_1_80' title="bbox 2124 3508 3790 3583; baseline -0.001 -19"><span class='ocrx_word' id='word_1_622' title='bbox 2124 3510 2233 3564; x_wconf 88' lang='grc' dir='ltr'>θῶν</span> <span class='ocrx_word' id='word_1_623' title='bbox 2253 3511 2363 3575; x_wconf 87' lang='grc' dir='ltr'>τοῖς</span> <span class='ocrx_word' id='word_1_624' title='bbox 2387 3512 2677 3578; x_wconf 88' lang='grc' dir='ltr'>ἀγαπῶσιν</span> <span class='ocrx_word' id='word_1_625' title='bbox 2705 3510 2865 3563; x_wconf 78' lang='grc' dir='ltr'>αὐτὸν</span> <span class='ocrx_word' id='word_1_626' title='bbox 2903 3511 3181 3580; x_wconf 86' lang='grc' dir='ltr'>ἐπιτυχεῖν</span> <span class='ocrx_word' id='word_1_627' title='bbox 3231 3508 3569 3580; x_wconf 88' lang='grc' dir='ltr'>δυνηθῶμεν,</span> <span class='ocrx_word' id='word_1_628' title='bbox 3607 3508 3790 3583; x_wconf 85' lang='grc' dir='ltr'>χάριτι</span> 
     </span>
    </p>
   </div>
   <div class='ocr_carea' id='block_1_81' title="bbox 2124 3592 3792 3670">
    <p class='ocr_par' dir='ltr' id='par_1_81' title="bbox 2124 3592 3792 3670">
     <span class='ocr_line' id='line_1_81' title="bbox 2124 3592 3792 3670; baseline -0.002 -19"><span class='ocrx_word' id='word_1_629' title='bbox 2124 3598 2219 3652; x_wconf 80' lang='grc' dir='ltr'>καὶ</span> <span class='ocrx_word' id='word_1_630' title='bbox 2259 3598 2641 3670; x_wconf 77' lang='grc' dir='ltr'>φιλανθρωπία</span> <span class='ocrx_word' id='word_1_631' title='bbox 2687 3596 2782 3651; x_wconf 82' lang='grc' dir='ltr'>τοῦ</span> <span class='ocrx_word' id='word_1_632' title='bbox 2838 3597 3177 3667; x_wconf 83' lang='grc' dir='ltr'>Μονογενοῦς</span> <span class='ocrx_word' id='word_1_633' title='bbox 3232 3596 3420 3660; x_wconf 81' lang='grc' dir='ltr'>αὑτοῦ,</span> <span class='ocrx_word' id='word_1_634' title='bbox 3466 3596 3586 3667; x_wconf 88' lang='grc' dir='ltr'>μεθ’</span> <span class='ocrx_word' id='word_1_635' title='bbox 3616 3592 3676 3650; x_wconf 78' lang='grc' dir='ltr'>οὗ</span> <span class='ocrx_word' id='word_1_636' title='bbox 3715 3596 3792 3668; x_wconf 73' lang='grc' dir='ltr'>τῷ</span> 
     </span>
    </p>
   </div>
   <div class='ocr_carea' id='block_1_82' title="bbox 2124 3682 3788 3755">
    <p class='ocr_par' dir='ltr' id='par_1_82' title="bbox 2124 3682 3788 3755">
     <span class='ocr_line' id='line_1_82' title="bbox 2124 3682 3788 3755; baseline -0.002 -16"><span class='ocrx_word' id='word_1_637' title='bbox 2124 3685 2320 3755; x_wconf 77' lang='grc' dir='ltr'>Πατρὶ,</span> <span class='ocrx_word' id='word_1_638' title='bbox 2380 3684 2496 3754; x_wconf 75' lang='grc' dir='ltr'>ἅμα</span> <span class='ocrx_word' id='word_1_639' title='bbox 2538 3685 2618 3753; x_wconf 80' lang='grc' dir='ltr'>τῷ</span> <span class='ocrx_word' id='word_1_640' title='bbox 2660 3684 2800 3754; x_wconf 88' lang='grc' dir='ltr'>άγίῳ</span> <span class='ocrx_word' id='word_1_641' title='bbox 2846 3685 3013 3738; x_wconf 80' lang='grc' dir='ltr'>αὐτοῦ</span> <span class='ocrx_word' id='word_1_642' title='bbox 3040 3684 3339 3754; x_wconf 88' lang='grc' dir='ltr'>Πνεύματι,</span> <span class='ocrx_word' id='word_1_643' title='bbox 3370 3683 3517 3750; x_wconf 81' lang='grc' dir='ltr'>δόξα,</span> <span class='ocrx_word' id='word_1_644' title='bbox 3569 3682 3788 3753; x_wconf 85' lang='grc' dir='ltr'>κράτος,</span> 
     </span>
    </p>
   </div>
   <div class='ocr_carea' id='block_1_83' title="bbox 2123 3770 3787 3846">
    <p class='ocr_par' dir='ltr' id='par_1_83' title="bbox 2123 3770 3787 3846">
     <span class='ocr_line' id='line_1_83' title="bbox 2123 3770 3787 3846; baseline -0.001 -21"><span class='ocrx_word' id='word_1_645' title='bbox 2123 3774 2278 3843; x_wconf 84' lang='grc' dir='ltr'>τιμὴ,</span> <span class='ocrx_word' id='word_1_646' title='bbox 2336 3772 2431 3827; x_wconf 84' lang='grc' dir='ltr'>νῦν</span> <span class='ocrx_word' id='word_1_647' title='bbox 2474 3772 2570 3826; x_wconf 74' lang='grc' dir='ltr'>καὶ</span> <span class='ocrx_word' id='word_1_648' title='bbox 2609 3773 2718 3840; x_wconf 76' lang='grc' dir='ltr'>ἀεὶ,</span> <span class='ocrx_word' id='word_1_649' title='bbox 2747 3772 2840 3826; x_wconf 72' lang='grc' dir='ltr'>καὶ</span> <span class='ocrx_word' id='word_1_650' title='bbox 2866 3774 2946 3837; x_wconf 82' lang='grc' dir='ltr'>εἰς</span> <span class='ocrx_word' id='word_1_651' title='bbox 2987 3774 3114 3838; x_wconf 80' lang='grc' dir='ltr'>τοὺς</span> <span class='ocrx_word' id='word_1_652' title='bbox 3167 3771 3507 3846; x_wconf 30' lang='grc' dir='ltr'>αἰῶναςητῷν</span> <span class='ocrx_word' id='word_1_653' title='bbox 3556 3770 3787 3830; x_wconf 87' lang='grc' dir='ltr'>αἰώνων.</span> 
     </span>
    </p>
   </div>
   <div class='ocr_carea' id='block_1_84' title="bbox 2138 3860 2332 3931">
    <p class='ocr_par' dir='ltr' id='par_1_84' title="bbox 2138 3860 2332 3931">
     <span class='ocr_line' id='line_1_84' title="bbox 2138 3860 2332 3931; baseline 0.01 -19"><span class='ocrx_word' id='word_1_654' title='bbox 2138 3860 2332 3931; x_wconf 86' lang='grc' dir='ltr'>Ἀμήν.</span> 
     </span>
    </p>
   </div>
   <div class='ocr_carea' id='block_1_85' title="bbox 2190 3968 3793 4044">
    <p class='ocr_par' dir='ltr' id='par_1_85' title="bbox 2190 3968 3793 4044">
     <span class='ocr_line' id='line_1_85' title="bbox 2190 3968 3793 4044; baseline -0.001 -22"><span class='ocrx_word' id='word_1_655' title='bbox 2190 3974 2214 4044; x_wconf 68' lang='lat' dir='ltr'><strong>f</strong></span> <span class='ocrx_word' id='word_1_656' title='bbox 2240 3973 2445 4044; x_wconf 74' lang='grc' dir='ltr'>Πράττει</span> <span class='ocrx_word' id='word_1_657' title='bbox 2465 3974 2633 4044; x_wconf 64' lang='lat' dir='ltr'>_d§est__</span> <span class='ocrx_word' id='word_1_658' title='bbox 2668 3975 2721 4023; x_wconf 86' lang='lat' dir='ltr'><strong>in</strong></span> <span class='ocrx_word' id='word_1_659' title='bbox 2754 3969 3040 4035; x_wconf 37' lang='lat' dir='ltr'>-codicibus</span> <span class='ocrx_word' id='word_1_660' title='bbox 3097 3968 3367 4034; x_wconf 83' lang='lat' dir='ltr'>plerisque.</span> <span class='ocrx_word' id='word_1_661' title='bbox 3449 3973 3610 4024; x_wconf 75' lang='lat' dir='ltr'><strong>Abest</strong></span> <span class='ocrx_word' id='word_1_662' title='bbox 3639 3969 3793 4022; x_wconf 78' lang='lat' dir='ltr'>etiam</span> 
     </span>
    </p>
   </div>
   <div class='ocr_carea' id='block_1_86' title="bbox 2125 4033 2656 4086">
    <p class='ocr_par' dir='ltr' id='par_1_86' title="bbox 2125 4033 2656 4086">
     <span class='ocr_line' id='line_1_86' title="bbox 2125 4033 2656 4086; baseline 0 -2"><span class='ocrx_word' id='word_1_663' title='bbox 2125 4048 2152 4084; x_wconf 86' lang='lat' dir='ltr'><strong>a</strong></span> <span class='ocrx_word' id='word_1_664' title='bbox 2171 4033 2406 4084; x_wconf 77' lang='lat' dir='ltr'>Cominel.</span> <span class='ocrx_word' id='word_1_665' title='bbox 2429 4041 2484 4085; x_wconf 76' lang='lat' dir='ltr'><strong>et</strong></span> <span class='ocrx_word' id='word_1_666' title='bbox 2503 4034 2656 4086; x_wconf 76' lang='lat' dir='ltr'>Savil.</span> 
     </span>
    </p>
   </div>
   <div class='ocr_carea' id='block_1_87' title="bbox 459 4231 3702 4269">
    <p class='ocr_par' dir='ltr' id='par_1_87' title="bbox 459 4231 3702 4269">
     <span class='ocr_line' id='line_1_87' title="bbox 459 4231 3702 4269; baseline -0.007 0"><span class='ocrx_word' id='word_1_667' title='bbox 459 4231 3702 4269; x_wconf 57' lang='lat' dir='ltr'>MM</span> 
     </span>
    </p>
   </div>
   <div class='ocr_carea' id='block_1_88' title="bbox 1840 4429 2257 4486">
    <p class='ocr_par' dir='ltr' id='par_1_88' title="bbox 1840 4429 2257 4486">
     <span class='ocr_line' id='line_1_88' title="bbox 1840 4429 2257 4486; baseline -0.007 0"><span class='ocrx_word' id='word_1_668' title='bbox 1840 4431 2086 4486; x_wconf 81' lang='lat' dir='ltr'>UMIAIA</span> <span class='ocrx_word' id='word_1_669' title='bbox 2116 4429 2257 4484; x_wconf 85' lang='lat' dir='ltr'>MH&#39;.</span> 
     </span>
    </p>
   </div>
   <div class='ocr_carea' id='block_1_89' title="bbox 362 4572 2031 4657">
    <p class='ocr_par' dir='ltr' id='par_1_89' title="bbox 362 4572 2031 4657">
     <span class='ocr_line' id='line_1_89' title="bbox 362 4572 2031 4657; baseline -0.008 -17"><span class='ocrx_word' id='word_1_670' title='bbox 362 4588 644 4657; x_wconf 75' lang='grc' dir='ltr'>Ἐγένετο</span> <span class='ocrx_word' id='word_1_671' title='bbox 663 4584 729 4639; x_wconf 80' lang='grc' dir='ltr'>δέ</span> <span class='ocrx_word' id='word_1_672' title='bbox 752 4602 854 4657; x_wconf 83' lang='grc' dir='ltr'>μοι</span> <span class='ocrx_word' id='word_1_673' title='bbox 882 4580 1325 4657; x_wconf 57' lang='grc' dir='ltr'>ῥποστρέφονζι</span> <span class='ocrx_word' id='word_1_674' title='bbox 1357 4578 1445 4657; x_wconf 76' lang='grc' dir='ltr'>εἰς</span> <span class='ocrx_word' id='word_1_675' title='bbox 1477 4572 1904 4657; x_wconf 58' lang='grc' dir='ltr'>Ἰεροιισαλὴμ,</span> <span class='ocrx_word' id='word_1_676' title='bbox 1930 4573 2031 4627; x_wconf 87' lang='grc' dir='ltr'>εὐ-</span> 
     </span>
    </p>
   </div>
   <div class='ocr_carea' id='block_1_90' title="bbox 426 4604 2029 4726">
    <p class='ocr_par' dir='ltr' id='par_1_90' title="bbox 426 4604 2029 4726">
     <span class='ocr_line' id='line_1_90' title="bbox 431 4604 2029 4657; baseline -0.009 -15"><span class='ocrx_word' id='word_1_677' title='bbox 431 4604 644 4657; x_wconf 76' lang='grc' dir='ltr'>γενετο</span> <span class='ocrx_word' id='word_1_678' title='bbox 663 4604 729 4639; x_wconf 86' lang='grc' dir='ltr'>οε</span> <span class='ocrx_word' id='word_1_679' title='bbox 799 4604 854 4639; x_wconf 89' lang='grc' dir='ltr'>οι</span> <span class='ocrx_word' id='word_1_680' title='bbox 882 4604 1325 4651; x_wconf 72' lang='grc' dir='ltr'>υποστρεφοντι</span> <span class='ocrx_word' id='word_1_681' title='bbox 1357 4604 1445 4642; x_wconf 71' lang='grc' dir='ltr'>εις</span> <span class='ocrx_word' id='word_1_682' title='bbox 1493 4604 1696 4643; x_wconf 70' lang='grc' dir='ltr'>ιομυυυ</span> <span class='ocrx_word' id='word_1_683' title='bbox 1710 4604 1899 4642; x_wconf 72' lang='grc' dir='ltr'>ανιημ,</span> <span class='ocrx_word' id='word_1_684' title='bbox 1930 4604 2029 4627; x_wconf 71' lang='grc' dir='ltr'>ευ-</span> 
     </span>
     <span class='ocr_line' id='line_1_91' title="bbox 426 4604 2029 4726; baseline -0.011 -15"><span class='ocrx_word' id='word_1_685' title='bbox 426 4658 693 4726; x_wconf 84' lang='grc' dir='ltr'>χομένου</span> <span class='ocrx_word' id='word_1_686' title='bbox 850 4654 929 4719; x_wconf 83' lang='grc' dir='ltr'>τῷ</span> <span class='ocrx_word' id='word_1_687' title='bbox 968 4652 1122 4726; x_wconf 29' lang='grc' dir='ltr'>Ι-ερῷ,</span> <span class='ocrx_word' id='word_1_688' title='bbox 1178 4649 1455 4726; x_wconf 60' lang='grc' dir='ltr'>γενέσθαι</span> <span class='ocrx_word' id='word_1_689' title='bbox 1501 4662 1576 4725; x_wconf 61' lang='lat' dir='ltr'>gs</span> <span class='ocrx_word' id='word_1_690' title='bbox 1612 4645 1681 4697; x_wconf 81' lang='grc' dir='ltr'>ἐν</span> <span class='ocrx_word' id='word_1_691' title='bbox 1717 4641 2029 4726; x_wconf 40' lang='grc' dir='ltr'>ἐκσῖέίσείι,</span> 
     </span>
    </p>
   </div>
   <div class='ocr_carea' id='block_1_91' title="bbox 428 4712 2031 4794">
    <p class='ocr_par' dir='ltr' id='par_1_91' title="bbox 428 4712 2031 4794">
     <span class='ocr_line' id='line_1_92' title="bbox 428 4712 2031 4794; baseline -0.01 -15"><span class='ocrx_word' id='word_1_692' title='bbox 428 4712 524 4781; x_wconf 61' lang='grc' dir='ltr'>ἓᾰὶ</span> <span class='ocrx_word' id='word_1_693' title='bbox 550 4726 705 4780; x_wconf 78' lang='grc' dir='ltr'>ἰδεῖν</span> <span class='ocrx_word' id='word_1_694' title='bbox 739 4712 995 4794; x_wconf 71' lang='grc' dir='ltr'>λέγοντά</span> <span class='ocrx_word' id='word_1_695' title='bbox 1011 4712 1116 4792; x_wconf 55' lang='grc' dir='ltr'>μοι</span> <span class='ocrx_word' id='word_1_696' title='bbox 1136 4712 1349 4794; x_wconf 48' lang='grc' dir='ltr'>αὖτόνί</span> <span class='ocrx_word' id='word_1_697' title='bbox 1379 4712 1679 4794; x_wconf 60' lang='grc' dir='ltr'>Σπεῦσον,</span> <span class='ocrx_word' id='word_1_698' title='bbox 1705 4712 2031 4794; x_wconf 33' lang='grc' dir='ltr'>κιξίιξξελϐε</span> 
     </span>
    </p>
   </div>
   <div class='ocr_carea' id='block_1_92' title="bbox 426 4782 2034 4866">
    <p class='ocr_par' dir='ltr' id='par_1_92' title="bbox 426 4782 2034 4866">
     <span class='ocr_line' id='line_1_93' title="bbox 426 4782 2034 4866; baseline -0.011 -16"><span class='ocrx_word' id='word_1_699' title='bbox 426 4799 496 4849; x_wconf 85' lang='grc' dir='ltr'>ἐν</span> <span class='ocrx_word' id='word_1_700' title='bbox 525 4798 697 4866; x_wconf 80' lang='grc' dir='ltr'>τάχει</span> <span class='ocrx_word' id='word_1_701' title='bbox 733 4782 833 4859; x_wconf 80' lang='grc' dir='ltr'>ἐξ’</span> <span class='ocrx_word' id='word_1_702' title='bbox 867 4782 1279 4866; x_wconf 65' lang='grc' dir='ltr'>Ἱεροὺσαλῂμ,</span> <span class='ocrx_word' id='word_1_703' title='bbox 1317 4788 1567 4866; x_wconf 57' lang='grc' dir='ltr'>ϐιόξιρύ</span> <span class='ocrx_word' id='word_1_704' title='bbox 1592 4782 2034 4866; x_wconf 63' lang='grc' dir='ltr'>παραδέξρνταί</span> 
     </span>
    </p>
   </div>
   <div class='ocr_carea' id='block_1_93' title="bbox 426 4850 2029 5001">
    <p class='ocr_par' dir='ltr' id='par_1_93' title="bbox 426 4850 2029 5001">
     <span class='ocr_line' id='line_1_94' title="bbox 426 4850 2028 4935; baseline -0.009 -16"><span class='ocrx_word' id='word_1_705' title='bbox 426 4883 543 4921; x_wconf 90' lang='grc' dir='ltr'>σου</span> <span class='ocrx_word' id='word_1_706' title='bbox 571 4850 692 4935; x_wconf 70' lang='grc' dir='ltr'>τ’ἧν</span> <span class='ocrx_word' id='word_1_707' title='bbox 714 4850 1046 4932; x_wconf 65' lang='grc' dir='ltr'>μαρτυρίαν</span> <span class='ocrx_word' id='word_1_708' title='bbox 1061 4850 1386 4931; x_wconf 56' lang='grc' dir='ltr'>πφῖἓλιοῦ.</span> <span class='ocrx_word' id='word_1_709' title='bbox 1415 4855 1586 4926; x_wconf 80' lang='grc' dir='ltr'>Κάγὼ</span> <span class='ocrx_word' id='word_1_710' title='bbox 1612 4850 1805 4908; x_wconf 76' lang='grc' dir='ltr'>εἷπον⁸</span> <span class='ocrx_word' id='word_1_711' title='bbox 1832 4852 2028 4920; x_wconf 78' lang='grc' dir='ltr'>Κύριε,</span> 
     </span>
     <span class='ocr_line' id='line_1_95' title="bbox 427 4920 2029 5001; baseline -0.009 -14"><span class='ocrx_word' id='word_1_712' title='bbox 427 4938 602 4991; x_wconf 76' lang='grc' dir='ltr'>αὐτοὶ</span> <span class='ocrx_word' id='word_1_713' title='bbox 670 4935 1043 4997; x_wconf 79' lang='grc' dir='ltr'>ἐπίστανται,</span> <span class='ocrx_word' id='word_1_714' title='bbox 1092 4932 1180 4985; x_wconf 82' lang='grc' dir='ltr'>ὅτι</span> <span class='ocrx_word' id='word_1_715' title='bbox 1211 4930 1325 5001; x_wconf 72' lang='grc' dir='ltr'>ἐγὼ</span> <span class='ocrx_word' id='word_1_716' title='bbox 1363 4926 1527 5001; x_wconf 80' lang='grc' dir='ltr'>ἤμην</span> <span class='ocrx_word' id='word_1_717' title='bbox 1560 4920 1902 5001; x_wconf 73' lang='grc' dir='ltr'>φυλακίζων</span> <span class='ocrx_word' id='word_1_718' title='bbox 1931 4921 2029 4977; x_wconf 83' lang='grc' dir='ltr'>καί</span> 
     </span>
    </p>
   </div>
   <div class='ocr_carea' id='block_1_94' title="bbox 428 4943 2031 5074">
    <p class='ocr_par' dir='ltr' id='par_1_94' title="bbox 428 4943 2031 5074">
     <span class='ocr_line' id='line_1_96' title="bbox 428 4943 2029 5001; baseline -0.008 -14"><span class='ocrx_word' id='word_1_719' title='bbox 428 4943 602 4991; x_wconf 79' lang='grc' dir='ltr'>αὐτοὶ</span> <span class='ocrx_word' id='word_1_720' title='bbox 670 4943 1043 4997; x_wconf 78' lang='grc' dir='ltr'>ἐπίστανται,</span> <span class='ocrx_word' id='word_1_721' title='bbox 1092 4943 1180 4985; x_wconf 79' lang='grc' dir='ltr'>οτι</span> <span class='ocrx_word' id='word_1_722' title='bbox 1211 4943 1325 5001; x_wconf 80' lang='grc' dir='ltr'>εγω</span> <span class='ocrx_word' id='word_1_723' title='bbox 1363 4943 1527 4997; x_wconf 81' lang='grc' dir='ltr'>ημην</span> <span class='ocrx_word' id='word_1_724' title='bbox 1560 4943 1902 4995; x_wconf 59' lang='lat' dir='ltr'>gemmulng</span> <span class='ocrx_word' id='word_1_725' title='bbox 1931 4943 2029 4977; x_wconf 81' lang='grc' dir='ltr'>και</span> 
     </span>
     <span class='ocr_line' id='line_1_97' title="bbox 428 4993 2031 5074; baseline -0.009 -16"><span class='ocrx_word' id='word_1_726' title='bbox 428 5005 621 5074; x_wconf 81' lang='grc' dir='ltr'>δέρων</span> <span class='ocrx_word' id='word_1_727' title='bbox 646 5002 798 5074; x_wconf 82' lang='grc' dir='ltr'>κατά</span> <span class='ocrx_word' id='word_1_728' title='bbox 850 5001 957 5074; x_wconf 37' lang='grc' dir='ltr'>τμὰς</span> <span class='ocrx_word' id='word_1_729' title='bbox 1012 4998 1375 5074; x_wconf 38' lang='grc' dir='ltr'>σοιν-ἀγωγὰς.</span> <span class='ocrx_word' id='word_1_730' title='bbox 1425 4996 1569 5074; x_wconf 71' lang='grc' dir='ltr'>τρὺς</span> <span class='ocrx_word' id='word_1_731' title='bbox 1597 4993 2031 5074; x_wconf 32' lang='grc' dir='ltr'>-πιστυεύοντας</span> 
     </span>
    </p>
   </div>
   <div class='ocr_carea' id='block_1_95' title="bbox 430 5061 2032 5137">
    <p class='ocr_par' dir='ltr' id='par_1_95' title="bbox 430 5061 2032 5137">
     <span class='ocr_line' id='line_1_98' title="bbox 430 5061 2032 5137; baseline -0.007 -12"><span class='ocrx_word' id='word_1_732' title='bbox 430 5061 528 5128; x_wconf 63' lang='grc' dir='ltr'>ἐπί).</span> <span class='ocrx_word' id='word_1_733' title='bbox 565 5075 660 5129; x_wconf 76' lang='grc' dir='ltr'>σέο</span> <span class='ocrx_word' id='word_1_734' title='bbox 700 5072 800 5127; x_wconf 79' lang='grc' dir='ltr'>καὶ</span> <span class='ocrx_word' id='word_1_735' title='bbox 861 5061 960 5124; x_wconf 81' lang='grc' dir='ltr'>ὅτε</span> <span class='ocrx_word' id='word_1_736' title='bbox 1016 5061 1279 5137; x_wconf 78' lang='grc' dir='ltr'>ἐξεχέῖτὸ</span> <span class='ocrx_word' id='word_1_737' title='bbox 1320 5061 1384 5121; x_wconf 67' lang='grc' dir='ltr'>τὸ</span> <span class='ocrx_word' id='word_1_738' title='bbox 1412 5061 1556 5135; x_wconf 80' lang='grc' dir='ltr'>αἷμα</span> <span class='ocrx_word' id='word_1_739' title='bbox 1588 5061 1896 5137; x_wconf 68' lang='grc' dir='ltr'>Στεφάνου</span> <span class='ocrx_word' id='word_1_740' title='bbox 1924 5061 2032 5115; x_wconf 81' lang='grc' dir='ltr'>τοῦ</span> 
     </span>
    </p>
   </div>
   <div class='ocr_carea' id='block_1_96' title="bbox 429 5132 2034 5212">
    <p class='ocr_par' dir='ltr' id='par_1_96' title="bbox 429 5132 2034 5212">
     <span class='ocr_line' id='line_1_99' title="bbox 429 5132 2034 5212; baseline -0.011 -13"><span class='ocrx_word' id='word_1_741' title='bbox 429 5144 733 5212; x_wconf 78' lang='grc' dir='ltr'>μάρτυρός</span> <span class='ocrx_word' id='word_1_742' title='bbox 762 5155 900 5212; x_wconf 85' lang='grc' dir='ltr'>σου,</span> <span class='ocrx_word' id='word_1_743' title='bbox 917 5139 1017 5212; x_wconf 73' lang='grc' dir='ltr'>καί</span> <span class='ocrx_word' id='word_1_744' title='bbox 1040 5132 1222 5212; x_wconf 65' lang='grc' dir='ltr'>αὺίιῖὸς</span> <span class='ocrx_word' id='word_1_745' title='bbox 1242 5138 1403 5212; x_wconf 60' lang='grc' dir='ltr'>ἢμην</span> <span class='ocrx_word' id='word_1_746' title='bbox 1439 5132 1727 5212; x_wconf 49' lang='grc' dir='ltr'>ἐρεστὼς,</span> <span class='ocrx_word' id='word_1_747' title='bbox 1756 5132 1861 5212; x_wconf 55' lang='grc' dir='ltr'>καλ</span> <span class='ocrx_word' id='word_1_748' title='bbox 1885 5146 2034 5212; x_wconf 71' lang='grc' dir='ltr'>συν-</span> 
     </span>
    </p>
   </div>
   <div class='ocr_carea' id='block_1_97' title="bbox 430 5200 2035 5279">
    <p class='ocr_par' dir='ltr' id='par_1_97' title="bbox 430 5200 2035 5279">
     <span class='ocr_line' id='line_1_100' title="bbox 430 5200 2035 5279; baseline -0.009 -13"><span class='ocrx_word' id='word_1_749' title='bbox 430 5200 791 5279; x_wconf 64' lang='grc' dir='ltr'>ευδοκῶντῇ</span> <span class='ocrx_word' id='word_1_750' title='bbox 813 5200 1114 5278; x_wconf 61' lang='grc' dir='ltr'>ἀναιρέσει</span> <span class='ocrx_word' id='word_1_751' title='bbox 1134 5200 1702 5279; x_wconf 64' lang='grc' dir='ltr'>αὗτο”ῦ,’φυλάσσων</span> <span class='ocrx_word' id='word_1_752' title='bbox 1720 5202 1794 5255; x_wconf 82' lang='grc' dir='ltr'>τὰ</span> <span class='ocrx_word' id='word_1_753' title='bbox 1836 5200 2035 5270; x_wconf 76' lang='grc' dir='ltr'>ἱμάτια</span> 
     </span>
    </p>
   </div>
   <div class='ocr_carea' id='block_1_98' title="bbox 433 5278 1223 5349">
    <p class='ocr_par' dir='ltr' id='par_1_98' title="bbox 433 5278 1223 5349">
     <span class='ocr_line' id='line_1_101' title="bbox 433 5278 1223 5349; baseline -0.006 -14"><span class='ocrx_word' id='word_1_754' title='bbox 433 5283 552 5337; x_wconf 85' lang='grc' dir='ltr'>τῶν</span> <span class='ocrx_word' id='word_1_755' title='bbox 577 5278 986 5349; x_wconf 81' lang='grc' dir='ltr'>ἀναιρούντων</span> <span class='ocrx_word' id='word_1_756' title='bbox 1019 5278 1223 5332; x_wconf 85' lang='grc' dir='ltr'>αὐτόν.</span> 
     </span>
    </p>
   </div>
   <div class='ocr_carea' id='block_1_99' title="bbox 432 5363 2035 5450">
    <p class='ocr_par' dir='ltr' id='par_1_99' title="bbox 432 5363 2035 5450">
     <span class='ocr_line' id='line_1_102' title="bbox 432 5363 2035 5450; baseline -0.009 -18"><span class='ocrx_word' id='word_1_757' title='bbox 432 5384 500 5432; x_wconf 89' lang='grc' dir='ltr'>α’.</span> <span class='ocrx_word' id='word_1_758' title='bbox 519 5378 668 5450; x_wconf 86' lang='grc' dir='ltr'>Ὅρα</span> <span class='ocrx_word' id='word_1_759' title='bbox 695 5376 811 5440; x_wconf 90' lang='grc' dir='ltr'>πῶς</span> <span class='ocrx_word' id='word_1_760' title='bbox 831 5375 1025 5430; x_wconf 80' lang='grc' dir='ltr'>ἑαυτὸν</span> <span class='ocrx_word' id='word_1_761' title='bbox 1054 5371 1270 5426; x_wconf 85' lang='grc' dir='ltr'>εἰσωθεῖ</span> <span class='ocrx_word' id='word_1_762' title='bbox 1310 5371 1390 5434; x_wconf 89' lang='grc' dir='ltr'>εἰς</span> <span class='ocrx_word' id='word_1_763' title='bbox 1416 5369 1542 5431; x_wconf 79' lang='grc' dir='ltr'>τοὺς</span> <span class='ocrx_word' id='word_1_764' title='bbox 1573 5365 1872 5450; x_wconf 78' lang='grc' dir='ltr'>κινδύνους.</span> <span class='ocrx_word' id='word_1_765' title='bbox 1906 5363 2035 5417; x_wconf 84' lang='grc' dir='ltr'>Ἐπ-</span> 
     </span>
    </p>
   </div>
   <div class='ocr_carea' id='block_1_100' title="bbox 366 5448 2036 5534">
    <p class='ocr_par' dir='ltr' id='par_1_100' title="bbox 366 5448 2036 5534">
     <span class='ocr_line' id='line_1_103' title="bbox 366 5448 2036 5534; baseline -0.01 -17"><span class='ocrx_word' id='word_1_766' title='bbox 366 5463 487 5531; x_wconf 80' lang='grc' dir='ltr'>άγει</span> <span class='ocrx_word' id='word_1_767' title='bbox 522 5448 660 5534; x_wconf 78' lang='grc' dir='ltr'>γάρ’</span> <span class='ocrx_word' id='word_1_768' title='bbox 702 5461 970 5532; x_wconf 81' lang='grc' dir='ltr'>Ἐγένετο</span> <span class='ocrx_word' id='word_1_769' title='bbox 1001 5460 1069 5513; x_wconf 86' lang='grc' dir='ltr'>δέ</span> <span class='ocrx_word' id='word_1_770' title='bbox 1101 5475 1203 5528; x_wconf 87' lang='grc' dir='ltr'>μοι</span> <span class='ocrx_word' id='word_1_771' title='bbox 1229 5454 1669 5522; x_wconf 70' lang='grc' dir='ltr'>ὑποστρέφοντι</span> <span class='ocrx_word' id='word_1_772' title='bbox 1697 5452 1785 5514; x_wconf 81' lang='grc' dir='ltr'>εὶς</span> <span class='ocrx_word' id='word_1_773' title='bbox 1806 5448 2036 5534; x_wconf 9' lang='grc' dir='ltr'>,Ἰερου-</span> 
     </span>
    </p>
   </div>
   <div class='ocr_carea' id='block_1_101' title="bbox 368 5532 2037 5619">
    <p class='ocr_par' dir='ltr' id='par_1_101' title="bbox 368 5532 2037 5619">
     <span class='ocr_line' id='line_1_104' title="bbox 368 5532 2037 5619; baseline -0.011 -16"><span class='ocrx_word' id='word_1_774' title='bbox 368 5532 932 5619; x_wconf 52' lang='grc' dir='ltr'>σαλήμίτουτέστιν,</span> <span class='ocrx_word' id='word_1_775' title='bbox 960 5542 1163 5600; x_wconf 84' lang='grc' dir='ltr'>Ἦλθον</span> <span class='ocrx_word' id='word_1_776' title='bbox 1195 5543 1333 5614; x_wconf 88' lang='grc' dir='ltr'>μετά</span> <span class='ocrx_word' id='word_1_777' title='bbox 1370 5541 1467 5610; x_wconf 82' lang='grc' dir='ltr'>τήν</span> <span class='ocrx_word' id='word_1_778' title='bbox 1517 5537 1643 5607; x_wconf 80' lang='grc' dir='ltr'>δψιν</span> <span class='ocrx_word' id='word_1_779' title='bbox 1700 5532 1912 5604; x_wconf 86' lang='grc' dir='ltr'>ἐκείνην</span> <span class='ocrx_word' id='word_1_780' title='bbox 1957 5534 2037 5594; x_wconf 90' lang='grc' dir='ltr'>εἰς</span> 
     </span>
    </p>
   </div>
   <div class='ocr_carea' id='block_1_102' title="bbox 377 5619 2037 5705">
    <p class='ocr_par' dir='ltr' id='par_1_102' title="bbox 377 5619 2037 5705">
     <span class='ocr_line' id='line_1_105' title="bbox 377 5619 2037 5705; baseline -0.011 -17"><span class='ocrx_word' id='word_1_781' title='bbox 377 5633 737 5705; x_wconf 82' lang='grc' dir='ltr'>Ἰερουσαλήμ</span> <span class='ocrx_word' id='word_1_782' title='bbox 768 5633 928 5688; x_wconf 89' lang='grc' dir='ltr'>πάλιν</span> <span class='ocrx_word' id='word_1_783' title='bbox 963 5631 1134 5704; x_wconf 78' lang='lat'>[558].</span> <span class='ocrx_word' id='word_1_784' title='bbox 1161 5629 1269 5684; x_wconf 75' lang='grc' dir='ltr'>Καὶ</span> <span class='ocrx_word' id='word_1_785' title='bbox 1290 5620 1784 5705; x_wconf 52' lang='grc' dir='ltr'>προσευχομένου</span> <span class='ocrx_word' id='word_1_786' title='bbox 1804 5636 1939 5705; x_wconf 13' lang='grc' dir='ltr'>ξιιιου</span> <span class='ocrx_word' id='word_1_787' title='bbox 1967 5619 2037 5705; x_wconf 69' lang='grc' dir='ltr'>ἐν</span> 
     </span>
    </p>
   </div>
   <div class='ocr_carea' id='block_1_103' title="bbox 369 5696 2037 5785">
    <p class='ocr_par' dir='ltr' id='par_1_103' title="bbox 369 5696 2037 5785">
     <span class='ocr_line' id='line_1_106' title="bbox 369 5696 2037 5785; baseline -0.011 -17"><span class='ocrx_word' id='word_1_788' title='bbox 369 5696 465 5783; x_wconf 43' lang='lat' dir='ltr'>rd}-</span> <span class='ocrx_word' id='word_1_789' title='bbox 483 5714 641 5785; x_wconf 77' lang='grc' dir='ltr'>ἱερῷ,</span> <span class='ocrx_word' id='word_1_790' title='bbox 679 5696 1062 5785; x_wconf 50' lang='grc' dir='ltr'>γενέσθαι-με</span> <span class='ocrx_word' id='word_1_791' title='bbox 1083 5696 1151 5767; x_wconf 73' lang='grc' dir='ltr'>ἐν</span> <span class='ocrx_word' id='word_1_792' title='bbox 1166 5707 1473 5771; x_wconf 76' lang='grc' dir='ltr'>ἐκστάσει,</span> <span class='ocrx_word' id='word_1_793' title='bbox 1500 5703 1596 5758; x_wconf 81' lang='grc' dir='ltr'>καί</span> <span class='ocrx_word' id='word_1_794' title='bbox 1616 5700 1767 5755; x_wconf 80' lang='grc' dir='ltr'>ἰδεῖν</span> <span class='ocrx_word' id='word_1_795' title='bbox 1781 5696 2037 5768; x_wconf 69' lang='grc' dir='ltr'>λέγοντά</span> 
     </span>
    </p>
   </div>
   <div class='ocr_carea' id='block_1_104' title="bbox 369 5789 2036 5871">
    <p class='ocr_par' dir='ltr' id='par_1_104' title="bbox 369 5789 2036 5871">
     <span class='ocr_line' id='line_1_107' title="bbox 369 5789 2036 5871; baseline -0.013 -12"><span class='ocrx_word' id='word_1_796' title='bbox 369 5819 488 5871; x_wconf 75' lang='grc' dir='ltr'>μοι’</span> <span class='ocrx_word' id='word_1_797' title='bbox 527 5801 832 5869; x_wconf 77' lang='grc' dir='ltr'>Σπεῦσον,</span> <span class='ocrx_word' id='word_1_798' title='bbox 871 5802 965 5857; x_wconf 73' lang='grc' dir='ltr'>καί</span> <span class='ocrx_word' id='word_1_799' title='bbox 999 5801 1206 5866; x_wconf 67' lang='grc' dir='ltr'>ἔξελθε</span> <span class='ocrx_word' id='word_1_800' title='bbox 1231 5798 1297 5854; x_wconf 80' lang='grc' dir='ltr'>ἐν</span> <span class='ocrx_word' id='word_1_801' title='bbox 1346 5796 1532 5866; x_wconf 73' lang='grc' dir='ltr'>τάχει,</span> <span class='ocrx_word' id='word_1_802' title='bbox 1559 5790 1705 5845; x_wconf 83' lang='grc' dir='ltr'>διότι</span> <span class='ocrx_word' id='word_1_803' title='bbox 1746 5789 1815 5842; x_wconf 85' lang='grc' dir='ltr'>οὺ</span> <span class='ocrx_word' id='word_1_804' title='bbox 1849 5799 2036 5853; x_wconf 75' lang='grc' dir='ltr'>πυρα-</span> 
     </span>
    </p>
   </div>
   <div class='ocr_carea' id='block_1_105' title="bbox 2129 4560 3791 4636">
    <p class='ocr_par' dir='ltr' id='par_1_105' title="bbox 2129 4560 3791 4636">
     <span class='ocr_line' id='line_1_108' title="bbox 2129 4560 3791 4636; baseline -0.007 -12"><span class='ocrx_word' id='word_1_805' title='bbox 2129 4567 2410 4634; x_wconf 77' lang='grc' dir='ltr'>δέξονταί</span> <span class='ocrx_word' id='word_1_806' title='bbox 2442 4583 2560 4622; x_wconf 89' lang='grc' dir='ltr'>σου</span> <span class='ocrx_word' id='word_1_807' title='bbox 2586 4566 2700 4635; x_wconf 73' lang='grc' dir='ltr'>τὴν</span> <span class='ocrx_word' id='word_1_808' title='bbox 2730 4566 3067 4636; x_wconf 74' lang='grc' dir='ltr'>μαρτυρίαν</span> <span class='ocrx_word' id='word_1_809' title='bbox 3095 4562 3227 4631; x_wconf 82' lang='grc' dir='ltr'>περί</span> <span class='ocrx_word' id='word_1_810' title='bbox 3277 4563 3442 4633; x_wconf 79' lang='grc' dir='ltr'>ἐμοῦ.</span> <span class='ocrx_word' id='word_1_811' title='bbox 3474 4560 3639 4633; x_wconf 81' lang='grc' dir='ltr'>Ὅρα,</span> <span class='ocrx_word' id='word_1_812' title='bbox 3671 4561 3791 4614; x_wconf 78' lang='grc' dir='ltr'>οὐδὲ</span> 
     </span>
    </p>
   </div>
   <div class='ocr_carea' id='block_1_106' title="bbox 2129 4650 3789 4726">
    <p class='ocr_par' dir='ltr' id='par_1_106' title="bbox 2129 4650 3789 4726">
     <span class='ocr_line' id='line_1_109' title="bbox 2129 4650 3789 4726; baseline -0.004 -18"><span class='ocrx_word' id='word_1_813' title='bbox 2129 4657 2288 4710; x_wconf 82' lang='grc' dir='ltr'>τοῦτο</span> <span class='ocrx_word' id='word_1_814' title='bbox 2306 4656 2645 4726; x_wconf 85' lang='grc' dir='ltr'>ἀμάρτυρον,</span> <span class='ocrx_word' id='word_1_815' title='bbox 2675 4653 2787 4707; x_wconf 80' lang='grc' dir='ltr'>ἀλλ’</span> <span class='ocrx_word' id='word_1_816' title='bbox 2817 4653 2927 4708; x_wconf 84' lang='grc' dir='ltr'>ἀπὸ</span> <span class='ocrx_word' id='word_1_817' title='bbox 2959 4653 3055 4723; x_wconf 86' lang='grc' dir='ltr'>τῆς</span> <span class='ocrx_word' id='word_1_818' title='bbox 3104 4650 3383 4712; x_wconf 88' lang='grc' dir='ltr'>ἐκϐάσεως</span> <span class='ocrx_word' id='word_1_819' title='bbox 3423 4652 3457 4721; x_wconf 84' lang='grc' dir='ltr'>ἡ</span> <span class='ocrx_word' id='word_1_820' title='bbox 3493 4650 3789 4720; x_wconf 79' lang='grc' dir='ltr'>μαρτυρία.</span> 
     </span>
    </p>
   </div>
   <div class='ocr_carea' id='block_1_107' title="bbox 2132 4736 3795 4808">
    <p class='ocr_par' dir='ltr' id='par_1_107' title="bbox 2132 4736 3795 4808">
     <span class='ocr_line' id='line_1_110' title="bbox 2132 4736 3795 4808; baseline -0.007 -10"><span class='ocrx_word' id='word_1_821' title='bbox 2132 4743 2298 4798; x_wconf 82' lang='grc' dir='ltr'>Εἶπεν</span> <span class='ocrx_word' id='word_1_822' title='bbox 2350 4745 2538 4797; x_wconf 85' lang='grc' dir='ltr'>ὅτιού</span> <span class='ocrx_word' id='word_1_823' title='bbox 2564 4742 2846 4808; x_wconf 83' lang='grc' dir='ltr'>δέξονταί</span> <span class='ocrx_word' id='word_1_824' title='bbox 2877 4755 2993 4795; x_wconf 89' lang='grc' dir='ltr'>σου</span> <span class='ocrx_word' id='word_1_825' title='bbox 3018 4738 3135 4807; x_wconf 74' lang='grc' dir='ltr'>τὴν</span> <span class='ocrx_word' id='word_1_826' title='bbox 3153 4738 3507 4808; x_wconf 60' lang='grc' dir='ltr'>μαρτυρίαν</span> <span class='ocrx_word' id='word_1_827' title='bbox 3566 4736 3660 4790; x_wconf 77' lang='grc' dir='ltr'>καὶ</span> <span class='ocrx_word' id='word_1_828' title='bbox 3694 4736 3795 4788; x_wconf 77' lang='grc' dir='ltr'>οὐκ</span> 
     </span>
    </p>
   </div>
   <div class='ocr_carea' id='block_1_108' title="bbox 2131 4824 3796 4903">
    <p class='ocr_par' dir='ltr' id='par_1_108' title="bbox 2131 4824 3796 4903">
     <span class='ocr_line' id='line_1_111' title="bbox 2131 4824 3796 4903; baseline -0.007 -15"><span class='ocrx_word' id='word_1_829' title='bbox 2131 4833 2398 4898; x_wconf 81' lang='grc' dir='ltr'>ἐδέξαντο.</span> <span class='ocrx_word' id='word_1_830' title='bbox 2423 4833 2533 4885; x_wconf 80' lang='grc' dir='ltr'>Καὶ</span> <span class='ocrx_word' id='word_1_831' title='bbox 2563 4832 2670 4903; x_wconf 78' lang='grc' dir='ltr'>μὴν</span> <span class='ocrx_word' id='word_1_832' title='bbox 2704 4830 2812 4885; x_wconf 85' lang='grc' dir='ltr'>ἀπὸ</span> <span class='ocrx_word' id='word_1_833' title='bbox 2840 4828 3115 4899; x_wconf 87' lang='grc' dir='ltr'>λογισμῶν</span> <span class='ocrx_word' id='word_1_834' title='bbox 3166 4827 3274 4880; x_wconf 78' lang='grc' dir='ltr'>ἔδει</span> <span class='ocrx_word' id='word_1_835' title='bbox 3319 4824 3695 4891; x_wconf 80' lang='grc' dir='ltr'>ὑποπτεῦσαι,</span> <span class='ocrx_word' id='word_1_836' title='bbox 3713 4824 3796 4876; x_wconf 79' lang='grc' dir='ltr'>ὅτι</span> 
     </span>
    </p>
   </div>
   <div class='ocr_carea' id='block_1_109' title="bbox 2132 4910 3796 4989">
    <p class='ocr_par' dir='ltr' id='par_1_109' title="bbox 2132 4910 3796 4989">
     <span class='ocr_line' id='line_1_112' title="bbox 2132 4910 3796 4989; baseline -0.007 -15"><span class='ocrx_word' id='word_1_837' title='bbox 2132 4923 2349 4986; x_wconf 88' lang='grc' dir='ltr'>πάντως</span> <span class='ocrx_word' id='word_1_838' title='bbox 2383 4920 2646 4986; x_wconf 82' lang='grc' dir='ltr'>δέξονται.</span> <span class='ocrx_word' id='word_1_839' title='bbox 2688 4918 2836 4989; x_wconf 76' lang='grc' dir='ltr'>Ἐγὼ</span> <span class='ocrx_word' id='word_1_840' title='bbox 2898 4916 3009 4987; x_wconf 76' lang='grc' dir='ltr'>γὰρ</span> <span class='ocrx_word' id='word_1_841' title='bbox 3065 4916 3285 4985; x_wconf 77' lang='grc' dir='ltr'>ἥμηνό</span> <span class='ocrx_word' id='word_1_842' title='bbox 3335 4912 3676 4984; x_wconf 68' lang='grc' dir='ltr'>φυλακίζων</span> <span class='ocrx_word' id='word_1_843' title='bbox 3697 4910 3796 4967; x_wconf 77' lang='grc' dir='ltr'>καὶ</span> 
     </span>
    </p>
   </div>
   <div class='ocr_carea' id='block_1_110' title="bbox 2131 4998 3797 5080">
    <p class='ocr_par' dir='ltr' id='par_1_110' title="bbox 2131 4998 3797 5080">
     <span class='ocr_line' id='line_1_113' title="bbox 2131 4998 3797 5080; baseline -0.008 -17"><span class='ocrx_word' id='word_1_844' title='bbox 2131 5010 2338 5080; x_wconf 78' lang='grc' dir='ltr'>δέρων,</span> <span class='ocrx_word' id='word_1_845' title='bbox 2363 5007 2544 5079; x_wconf 74' lang='grc' dir='ltr'>φησίν.</span> <span class='ocrx_word' id='word_1_846' title='bbox 2578 5008 2742 5062; x_wconf 82' lang='grc' dir='ltr'>’Ὥστε</span> <span class='ocrx_word' id='word_1_847' title='bbox 2772 5005 2859 5058; x_wconf 85' lang='grc' dir='ltr'>διὰ</span> <span class='ocrx_word' id='word_1_848' title='bbox 2886 5005 3044 5058; x_wconf 83' lang='grc' dir='ltr'>τοῦτο</span> <span class='ocrx_word' id='word_1_849' title='bbox 3066 5004 3171 5057; x_wconf 73' lang='grc' dir='ltr'>ἔδει</span> <span class='ocrx_word' id='word_1_850' title='bbox 3195 4998 3686 5079; x_wconf 80' lang='grc' dir='ltr'>αὑτοὺςδέξασθαι·</span> <span class='ocrx_word' id='word_1_851' title='bbox 3704 4999 3797 5050; x_wconf 80' lang='grc' dir='ltr'>καὶ</span> 
     </span>
    </p>
   </div>
   <div class='ocr_carea' id='block_1_111' title="bbox 2132 5076 3798 5168">
    <p class='ocr_par' dir='ltr' id='par_1_111' title="bbox 2132 5076 3798 5168">
     <span class='ocr_line' id='line_1_114' title="bbox 2132 5076 3798 5168; baseline -0.009 -16"><span class='ocrx_word' id='word_1_852' title='bbox 2132 5076 2282 5168; x_wconf 81' lang='grc' dir='ltr'>ὅμως</span> <span class='ocrx_word' id='word_1_853' title='bbox 2305 5076 2404 5149; x_wconf 81' lang='grc' dir='ltr'>οὐκ</span> <span class='ocrx_word' id='word_1_854' title='bbox 2426 5076 2703 5158; x_wconf 76' lang='grc' dir='ltr'>ἐδέξαντο.</span> <span class='ocrx_word' id='word_1_855' title='bbox 2724 5093 2816 5146; x_wconf 82' lang='grc' dir='ltr'>Διὸ</span> <span class='ocrx_word' id='word_1_856' title='bbox 2845 5094 2939 5147; x_wconf 74' lang='grc' dir='ltr'>καὶ</span> <span class='ocrx_word' id='word_1_857' title='bbox 2973 5091 3130 5146; x_wconf 80' lang='grc' dir='ltr'>τοῦτο</span> <span class='ocrx_word' id='word_1_858' title='bbox 3164 5092 3221 5144; x_wconf 85' lang='grc' dir='ltr'>ἐν</span> <span class='ocrx_word' id='word_1_859' title='bbox 3245 5092 3310 5160; x_wconf 82' lang='grc' dir='ltr'>τῇ</span> <span class='ocrx_word' id='word_1_860' title='bbox 3356 5076 3609 5141; x_wconf 80' lang='grc' dir='ltr'>ἐκστάσει</span> <span class='ocrx_word' id='word_1_861' title='bbox 3662 5102 3798 5155; x_wconf 90' lang='grc' dir='ltr'>μαν-</span> 
     </span>
    </p>
   </div>
   <div class='ocr_carea' id='block_1_112' title="bbox 2135 5172 3795 5254">
    <p class='ocr_par' dir='ltr' id='par_1_112' title="bbox 2135 5172 3795 5254">
     <span class='ocr_line' id='line_1_115' title="bbox 2135 5172 3795 5254; baseline -0.008 -14"><span class='ocrx_word' id='word_1_862' title='bbox 2135 5185 2285 5240; x_wconf 85' lang='grc' dir='ltr'>θάνει</span> <span class='ocrx_word' id='word_1_863' title='bbox 2318 5183 2378 5236; x_wconf 81' lang='grc' dir='ltr'>τὸ</span> <span class='ocrx_word' id='word_1_864' title='bbox 2413 5181 2488 5254; x_wconf 79' lang='grc' dir='ltr'>μὴ</span> <span class='ocrx_word' id='word_1_865' title='bbox 2509 5181 2938 5254; x_wconf 85' lang='grc' dir='ltr'>παραδεχθῆναι.</span> <span class='ocrx_word' id='word_1_866' title='bbox 2981 5178 3352 5233; x_wconf 79' lang='grc' dir='ltr'>Ἑνταῢθαδύο</span> <span class='ocrx_word' id='word_1_867' title='bbox 3375 5172 3795 5237; x_wconf 82' lang='grc' dir='ltr'>κατασκευάζει,</span> 
     </span>
    </p>
   </div>
   <div class='ocr_carea' id='block_1_113' title="bbox 2134 5260 3799 5340">
    <p class='ocr_par' dir='ltr' id='par_1_113' title="bbox 2134 5260 3799 5340">
     <span class='ocr_line' id='line_1_116' title="bbox 2134 5260 3799 5340; baseline -0.008 -14"><span class='ocrx_word' id='word_1_868' title='bbox 2134 5273 2214 5327; x_wconf 83' lang='grc' dir='ltr'>ὅτι</span> <span class='ocrx_word' id='word_1_869' title='bbox 2240 5289 2300 5324; x_wconf 91' lang='grc' dir='ltr'>τε</span> <span class='ocrx_word' id='word_1_870' title='bbox 2324 5269 2706 5340; x_wconf 87' lang='grc' dir='ltr'>ἀναπολόγητα</span> <span class='ocrx_word' id='word_1_871' title='bbox 2732 5268 2916 5331; x_wconf 81' lang='grc' dir='ltr'>αὐτοῖς</span> <span class='ocrx_word' id='word_1_872' title='bbox 2950 5266 3118 5321; x_wconf 82' lang='grc' dir='ltr'>ἐστίν·</span> <span class='ocrx_word' id='word_1_873' title='bbox 3146 5268 3206 5321; x_wconf 85' lang='grc' dir='ltr'>οὐ</span> <span class='ocrx_word' id='word_1_874' title='bbox 3263 5265 3371 5336; x_wconf 86' lang='grc' dir='ltr'>γάρ</span> <span class='ocrx_word' id='word_1_875' title='bbox 3400 5261 3617 5317; x_wconf 80' lang='grc' dir='ltr'>κατὰτὸ</span> <span class='ocrx_word' id='word_1_876' title='bbox 3654 5260 3799 5324; x_wconf 74' lang='grc' dir='ltr'>εἰκὸς</span> 
     </span>
    </p>
   </div>
   <div class='ocr_carea' id='block_1_114' title="bbox 2135 5343 3800 5423">
    <p class='ocr_par' dir='ltr' id='par_1_114' title="bbox 2135 5343 3800 5423">
     <span class='ocr_line' id='line_1_117' title="bbox 2135 5343 3800 5423; baseline -0.01 -9"><span class='ocrx_word' id='word_1_877' title='bbox 2135 5361 2299 5415; x_wconf 84' lang='grc' dir='ltr'>αὐτὸν</span> <span class='ocrx_word' id='word_1_878' title='bbox 2330 5356 2556 5411; x_wconf 82' lang='grc' dir='ltr'>ἐδίωκον</span> <span class='ocrx_word' id='word_1_879' title='bbox 2607 5355 2729 5409; x_wconf 85' lang='grc' dir='ltr'>οὐδέ</span> <span class='ocrx_word' id='word_1_880' title='bbox 2776 5354 2916 5408; x_wconf 87' lang='grc' dir='ltr'>κατά</span> <span class='ocrx_word' id='word_1_881' title='bbox 2944 5355 3101 5423; x_wconf 89' lang='grc' dir='ltr'>λόγον</span> <span class='ocrx_word' id='word_1_882' title='bbox 3131 5365 3178 5393; x_wconf 68' lang='grc' dir='ltr'>α·</span> <span class='ocrx_word' id='word_1_883' title='bbox 3238 5352 3329 5407; x_wconf 73' lang='grc' dir='ltr'>καὶ</span> <span class='ocrx_word' id='word_1_884' title='bbox 3355 5352 3439 5406; x_wconf 82' lang='grc' dir='ltr'>ὅτι</span> <span class='ocrx_word' id='word_1_885' title='bbox 3485 5348 3616 5413; x_wconf 82' lang='grc' dir='ltr'>Θεὸς</span> <span class='ocrx_word' id='word_1_886' title='bbox 3665 5343 3733 5419; x_wconf 79' lang='grc' dir='ltr'>ἦν</span> <span class='ocrx_word' id='word_1_887' title='bbox 3771 5348 3800 5398; x_wconf 86' lang='grc' dir='ltr'>ὁ</span> 
     </span>
    </p>
   </div>
   <div class='ocr_carea' id='block_1_115' title="bbox 2136 5436 3801 5518">
    <p class='ocr_par' dir='ltr' id='par_1_115' title="bbox 2136 5436 3801 5518">
     <span class='ocr_line' id='line_1_118' title="bbox 2136 5436 3801 5518; baseline -0.008 -18"><span class='ocrx_word' id='word_1_888' title='bbox 2136 5445 2370 5518; x_wconf 79' lang='grc' dir='ltr'>Χριστὸς</span> <span class='ocrx_word' id='word_1_889' title='bbox 2405 5443 2476 5498; x_wconf 87' lang='grc' dir='ltr'>τά</span> <span class='ocrx_word' id='word_1_890' title='bbox 2500 5444 2651 5514; x_wconf 88' lang='grc' dir='ltr'>παρά</span> <span class='ocrx_word' id='word_1_891' title='bbox 2677 5442 3000 5515; x_wconf 86' lang='grc' dir='ltr'>προσδοκίαν</span> <span class='ocrx_word' id='word_1_892' title='bbox 3025 5439 3406 5511; x_wconf 84' lang='grc' dir='ltr'>προφητεύων,</span> <span class='ocrx_word' id='word_1_893' title='bbox 3430 5438 3528 5491; x_wconf 74' lang='grc' dir='ltr'>καὶ</span> <span class='ocrx_word' id='word_1_894' title='bbox 3550 5436 3801 5507; x_wconf 83' lang='grc' dir='ltr'>οὐχόρῶν</span> 
     </span>
    </p>
   </div>
   <div class='ocr_carea' id='block_1_116' title="bbox 2137 5517 3801 5602">
    <p class='ocr_par' dir='ltr' id='par_1_116' title="bbox 2137 5517 3801 5602">
     <span class='ocr_line' id='line_1_119' title="bbox 2137 5517 3801 5602; baseline -0.009 -14"><span class='ocrx_word' id='word_1_895' title='bbox 2137 5517 2215 5598; x_wconf 89' lang='grc' dir='ltr'>εἰς</span> <span class='ocrx_word' id='word_1_896' title='bbox 2241 5535 2310 5587; x_wconf 84' lang='grc' dir='ltr'>τά</span> <span class='ocrx_word' id='word_1_897' title='bbox 2348 5532 2639 5602; x_wconf 87' lang='grc' dir='ltr'>γενόμενα,</span> <span class='ocrx_word' id='word_1_898' title='bbox 2673 5530 2810 5585; x_wconf 87' lang='grc' dir='ltr'>ἀλλά</span> <span class='ocrx_word' id='word_1_899' title='bbox 2854 5528 2922 5582; x_wconf 84' lang='grc' dir='ltr'>τά</span> <span class='ocrx_word' id='word_1_900' title='bbox 2959 5527 3222 5597; x_wconf 84' lang='grc' dir='ltr'>μέλλοντα</span> <span class='ocrx_word' id='word_1_901' title='bbox 3246 5523 3530 5597; x_wconf 85' lang='grc' dir='ltr'>προειδώς.</span> <span class='ocrx_word' id='word_1_902' title='bbox 3559 5523 3682 5586; x_wconf 86' lang='grc' dir='ltr'>Πῶς</span> <span class='ocrx_word' id='word_1_903' title='bbox 3707 5517 3801 5577; x_wconf 82' lang='grc' dir='ltr'>οὖν</span> 
     </span>
    </p>
   </div>
   <div class='ocr_carea' id='block_1_117' title="bbox 2137 5607 3803 5691">
    <p class='ocr_par' dir='ltr' id='par_1_117' title="bbox 2137 5607 3803 5691">
     <span class='ocr_line' id='line_1_120' title="bbox 2137 5607 3803 5691; baseline -0.01 -16"><span class='ocrx_word' id='word_1_904' title='bbox 2137 5623 2306 5691; x_wconf 80' lang='grc' dir='ltr'>λέγει,</span> <span class='ocrx_word' id='word_1_905' title='bbox 2346 5619 2626 5673; x_wconf 80' lang='grc' dir='ltr'>Ἐνώπιον</span> <span class='ocrx_word' id='word_1_906' title='bbox 2641 5617 2832 5673; x_wconf 83' lang='grc' dir='ltr'>ἐθνῶν</span> <span class='ocrx_word' id='word_1_907' title='bbox 2853 5616 2953 5672; x_wconf 80' lang='grc' dir='ltr'>καί</span> <span class='ocrx_word' id='word_1_908' title='bbox 2968 5614 3280 5682; x_wconf 81' lang='grc' dir='ltr'>,βασιλέων</span> <span class='ocrx_word' id='word_1_909' title='bbox 3302 5612 3446 5668; x_wconf 80' lang='grc' dir='ltr'>υἱῶν</span> <span class='ocrx_word' id='word_1_910' title='bbox 3464 5629 3525 5666; x_wconf 88' lang='grc' dir='ltr'>τε</span> <span class='ocrx_word' id='word_1_911' title='bbox 3555 5607 3803 5679; x_wconf 64' lang='grc' dir='ltr'>Ἰσραὴλ</span> 
     </span>
    </p>
   </div>
   <div class='ocr_carea' id='block_1_118' title="bbox 2203 5788 2791 5852">
    <p class='ocr_par' dir='ltr' id='par_1_118' title="bbox 2203 5788 2791 5852">
     <span class='ocr_line' id='line_1_121' title="bbox 2203 5788 2791 5852; baseline -0.012 -7"><span class='ocrx_word' id='word_1_912' title='bbox 2203 5794 2226 5823; x_wconf 70' lang='grc'>⁸³</span> <span class='ocrx_word' id='word_1_913' title='bbox 2246 5792 2387 5845; x_wconf 80' lang='lat' dir='ltr'>Alius</span> <span class='ocrx_word' id='word_1_914' title='bbox 2407 5790 2529 5839; x_wconf 79' lang='grc' dir='ltr'>κατά</span> <span class='ocrx_word' id='word_1_915' title='bbox 2550 5788 2791 5852; x_wconf 82' lang='grc' dir='ltr'>λογισμόν.</span> 
     </span>
    </p>
   </div>
  </div>
