4086 6164
387 326 493 385 853

380 440 684 509 ,βαστάσει
714 439 780 494 τὸ
818 436 1007 508 ὄνομα
1026 454 1145 508 μου
1162 454 1184 503 ;
1204 437 1531 504 Bac-niam,
1553 436 1729 501 εἶπεν,
1758 437 1818 490 οὐ
1838 439 2055 500 πάντως

387 530 588 583 πείσει·
620 527 793 591 ἄλλως
819 526 877 579 δὲ
923 525 1168 581 Ἰουδαῖοι
1203 525 1438 596 ἀλλαχοῦ
1498 524 1598 596 μὲν
1640 525 1940 587 ἐπείθοντο,
1968 526 2056 577 ἐν-

384 615 563 669 ταῦθα
591 616 649 668 δὲ
675 615 819 685 οὐχί.
851 614 1025 667 Ὅπου
1059 612 1294 684 μάλιστα
1340 612 1451 665 ἔδει
1496 611 1809 683 πεισθῆναι,
1850 611 2058 674 εἰδότας

386 702 550 756 αὐτοῦ
579 702 678 772 τὴν
705 700 982 774 προτέραν
1015 698 1344 772 προθυμίαν,
1370 697 1605 752 ἐνταῦθα
1625 698 1725 752 οὐκ
1753 697 2055 753 ἐπείθοντο.

387 789 498 843 Kal
527 788 628 842 ὅτε
653 787 916 857 ἐξεχεῖτο
949 788 1016 840 τὸ
1070 781 1211 855 αἷμα
1254 784 1560 855 Στεφάνου
1611 784 1720 839 τοῦ
1755 782 2057 855 μάρτυρός

388 891 525 940 σου,
559 873 657 928 καὶ
677 873 861 940 αὐτὸς
891 872 1055 943 ήμην
1095 871 1384 940 ἐφεστὼς,
1439 869 1537 925 καί
1569 869 1960 926 συνευδοκῶν
1985 868 2059 938 τῇ

387 960 690 1030 ἀναιρέσει
709 959 918 1014 αὐτοῦ.
958 957 1102 1031 Ὅρα
1134 957 1239 1011 ποῦ
1267 957 1432 1011 πάλιν
1458 958 1487 1011 6
1525 956 1682 1026 λόγος
1707 957 1954 1028 τελευτᾷ,
1979 958 2060 1018 εἰς

387 1048 450 1102 τὸ
478 1048 698 1118 ἰσχυρὸν
731 1045 1047 1116 κεφάλαιον.
1103 1045 1357 1099 Δείκνυσι
1412 1044 1545 1117 γὰρ,
1601 1046 1685 1099 ὅτι
1725 1044 1888 1108 αὐτὸς
1932 1040 2003 1116 ἦν
2029 1045 2058 1096 6

390 1126 653 1200 ἐλαύνων,
675 1136 768 1188 καὶ
794 1134 895 1188 οὐκ
924 1132 1211 1188 ἐλαύνωνο
1266 1132 1445 1204 μόνον,
1504 1132 1641 1187 ἀλλά
1695 1134 1790 1189 καὶ
1834 1133 2058 1204 μυρίαις

390 1222 577 1293 χερσὶν
653 1220 897 1292 ἀναιρῶν
961 1221 1054 1274 τὸν
1101 1220 1395 1290 Στέφανον.
1460 1220 1805 1292 ’Υπέμνησεν
1861 1221 2059 1284 αὐτοὺς

394 1308 706 1378 μιαιφονίας
748 1307 1013 1378 χαλεπῆς.
1060 1308 1194 1360 Τότε
1256 1306 1319 1376 δὴ
1367 1306 1602 1378 μάλιστα
1658 1308 1759 1361 οὐκ
1793 1306 2055 1378 ἤνεγκαν,

391 1394 580 1466 ἐπειδὴ
641 1392 801 1448 τοῦτο
849 1392 1076 1465 ἤλεγχεν
1131 1392 1348 1456 αὐτούς·
1383 1394 1478 1447 καὶ
1530 1392 1632 1464 ήδη
1666 1394 1699 1461 ή
1754 1392 2059 1463 προφητεία

391 1475 713 1549 ἐπληροῦτο.
751 1474 811 1531 Ὀ
852 1476 1015 1546 ζῆλος
1066 1477 1247 1530 τοίνυν
1303 1475 1493 1538 πολὺς,
1527 1477 1623 1528 καὶ
1664 1476 1697 1546 ή
1759 1472 2057 1545 κατηγορία

395 1564 619 1635 σφοδρά,
665 1563 759 1618 καὶ
811 1564 861 1617 οἰ
911 1563 1191 1635 μάρτυρες
1226 1563 1326 1633 τῆς
1378 1561 1636 1634 ἀληθείας
1671 1561 1767 1617 τοῦ
1818 1560 2056 1633 Χριστοῦ

392 1650 674 1723 παρρησίᾳ
700 1649 1094 1721 διαλεγόμενοι.
1138 1648 1280 1703 Ἀλλ’
1309 1650 1357 1703 οί
1393 1648 1633 1702 Ἰουδαῖοι
1653 1649 1753 1702 οὐκ
1767 1649 2059 1719 ἠνέσχοντο

390 1732 576 1791 λοιπὸν
590 1737 767 1808 πάσης
784 1736 1015 1791 ἀκοῦσαι
1032 1736 1130 1807 τῆς
1145 1736 1210 1807 δη
1218 1735 1631 1808 μηγορίας,ἀλλ’
1649 1736 1753 1789 ὑπὸ
1773 1735 1865 1789 τοῦ
1881 1733 2056 1806 θυμοῦ

392 1823 1026 1895 σφόδρα.ἐμπρησθέντες
1051 1823 1078 1863 b
1113 1823 1301 1878 ἐϐόων.
1322 1822 1434 1877 Kal
1482 1817 1612 1876 εἷπε
1636 1822 1785 1890 πρός
1816 1837 1912 1891 με·
1943 1825 2057 1876 Πο-

381 1911 591 1976 ρεύου,
615 1909 706 1964 ὅτι
721 1909 836 1981 ἐγὼ
853 1912 940 1976 εἰς
954 1909 1098 1977 ἔθνη
1109 1912 1347 1979 μακρὰν
1359 1909 1678 1964 ἀποστελῶ
1693 1910 1944 1963 σε.’Ήκο
1954 1926 2059 1962 ιοον

390 1994 654 2050 δὲαύτοῦ
694 1995 831 2066 ἀχρι
884 1995 991 2050 τοῦ
1039 1997 1227 2065 λόγου
1257 1997 1495 2061 τούτου,
1534 1995 1633 2049 καί
1666 1994 1901 2064 ἐπῆραν
1942 1994 2059 2064 τὴν

386 2082 596 2150 φωνὴν
624 2081 847 2149 αὐτῶν,
859 2082 1160 2152 λέγοντες·
1185 2077 1325 2150 Αἶρε
1338 2082 1455 2136 ἀπὸ
1472 2081 1585 2151 τῆς
1608 2081 1721 2152 γῆς
1742 2083 1852 2137 τὸν
1866 2082 2057 2136 τοιοῦ-

385 2182 512 2223 τον·
535 2171 611 2223 ού
636 2169 746 2239 γὰρ
775 2167 1037 2237 καθῆκεν
1060 2168 1247 2223 αὐτὸν
1263 2167 1387 2237 ζῆν.
1406 2166 1748 2238 Κραζόντων
1772 2168 1841 2223 δὲ
1860 2168 2058 2224 αὐτῶν

387 2255 486 2309 καί
510 2256 888 2322 ῥιπτούντων
908 2254 979 2307 τὰ
1003 2253 1221 2323 ἱμάτια,
1248 2254 1343 2308 καί
1366 2256 1682 2323 κονιορτὸν
1695 2256 2058 2320 βαλλόντων

388 2343 476 2407 εἰς
500 2341 608 2395 τὸν
630 2341 799 2408 ἀέρα,
823 2339 1151 2394 ἐκέλευσεν
1184 2343 1216 2394 ό
1238 2342 1549 2410 χιλίαρχος
1572 2340 1917 2411 εἰσάγεσθαι
1944 2347 2053 2398 αὐ-

388 2427 497 2480 τὸν
529 2428 616 2494 εἰς
646 2426 761 2495 τὴν
812 2426 1221 2495 παρεμϐολὴν,
1278 2426 1463 2481 εἰπὼν
1510 2427 1798 2497 μάστιξιν
1849 2429 2056 2483 ἀνετά-

387 2512 585 2573 ζεσθαι
611 2511 816 2577 αὑτὸν,
840 2513 941 2566 ἵνα
975 2510 1115 2580 γνῷ,
1147 2513 1221 2566 δι’
1262 2512 1342 2581 ῆν
1363 2514 1560 2569 αἰτίαν
1588 2515 1741 2568 οὕτω
1762 2516 2056 2569 κατεϐόων

384 2600 593 2655 αὐτοῦ.
627 2600 738 2653 Καὶ
770 2599 861 2652 τὸν
901 2598 1178 2671 χιλίαρχον
1207 2600 1325 2653 δέον
1350 2600 1624 2666 ἐξετάσαι,
1671 2602 1721 2654 εἰ
1757 2601 1933 2657 ταῦτα
1962 2603 2053 2656 ού-

389 2704 497 2750 τως
527 2686 660 2757 ἐχοι,
703 2686 737 2757 ἢ
778 2686 875 2740 καὶ
931 2686 1133 2751 αὐτοὺς
1190 2687 1452 2751 ἐκείνους·
1512 2691 1540 2743 6
1569 2688 1625 2742 δέ
1675 2689 1840 2760 μηδὲν
1894 2690 2056 2744 πλέον

386 2778 657 2843 ποιήσας,
726 2771 976 2844 μάστιξιν
1049 2773 1334 2838 ἀνετάζειν
1399 2775 1567 2832 αὑτὸν
1634 2776 2050 2845 ἐπαγγέλλεται.

396 2859 711 2914 Ἐκέλευσε
752 2860 862 2932 γάρ
891 2861 1100 2926 αὐτὸν,
1159 2862 1345 2932 φησὶν,
1396 2862 1748 2934 εἰσάγεσθαι
1803 2865 1891 2932 εἰς
1942 2865 2056 2933 τὴν

383 2947 796 3018 παρεμϐολὴν,
832 2948 1018 3002 εἰπὼν
1068 2948 1360 3018 μάστιξιν
1410 2950 1796 3010 ἀνετάζεσθαι
1842 2952 2051 3018 αὐτὸν,

382 3033 485 3089 ἵνα
513 3032 655 3105 γνῷ,
683 3032 758 3086 δι’
810 3032 889 3100 ἣν
909 3033 1107 3088 αἰτίαν
1145 3033 1298 3087 οὕτω
1328 3044 1351 3072 ο
1378 3036 1674 3088 κατεϐόων
1701 3036 1908 3091 αὑτοῦ.
1945 3038 2056 3092 Καὶ

387 3121 495 3191 μὴν
526 3122 658 3191 παρ’
679 3120 901 3173 ἐκείνων
931 3119 1036 3172 ἔδει
1086 3118 1282 3191 μαθεῖν
1332 3118 1441 3173 τῶν
1503 3120 1921 3188 καταϐοώντων,
1959 3125 2056 3179 καὶ

383 3207 658 3279 ἐρωτῆσαι
678 3208 732 3261 εἴ
750 3223 895 3269 τινος
928 3205 1035 3260 τῶν
1089 3205 1395 3277 εἰρημένων
1441 3206 1901 3278 ἐπελαμϐάνοντο·
1937 3211 2053 3265 ἀλλ’

384 3292 574 3356 ἁπλῶς
600 3296 668 3366 τῇ
690 3291 908 3364 ἐξουσίᾳ
928 3294 1145 3365 χρᾶται,
1167 3293 1260 3345 καὶ
1284 3292 1513 3357 ἐκείνοις
1542 3294 1678 3366 πρὸς
1693 3295 1855 3366 χάριν
1884 3302 2050 3352 ποιεῖ·

381 3382 444 3434 οὐ
484 3380 593 3452 γάρ
626 3380 784 3434 τοῦτο
808 3380 1012 3451 ἐζήτει,
1055 3382 1204 3445 ὅπως
1232 3380 1459 3445 δικαίως
1504 3399 1557 3436 τι
1606 3383 1887 3454 πράξειεν,
1936 3385 2051 3440 ἀλλ’

300 3527 303 3531 1
383 3470 531 3532 ὅπως
553 3466 783 3521 παύσειε
830 3467 923 3520 τὸν
965 3468 1189 3522 ἐκείνων
1231 3467 1403 3539 θυμὸν
1458 3469 1645 3524 ἄδικον
1695 3470 1825 3526 ὄντα
1875 3472 2048 3546 [559].

393 3556 492 3620 Ὠς
516 3554 584 3607 δὲ
611 3554 1001 3621 προσέτεινον
1015 3555 1203 3609 αὑτὸν
1220 3556 1342 3621 τοῖς
1363 3554 1591 3625 ἱμᾶσιν,
1613 3555 1745 3613 εἷπε
1765 3563 1912 3629 πρὸς
1946 3562 2055 3616 τὸν

382 3639 613 3695 ἑστῶτα
669 3640 1129 3709 ἑκατόνταρχον·
1174 3645 1242 3695 Εἰ
1292 3642 1605 3711 ἄνθρωπον
1646 3646 1926 3716 Ῥωμαῖον
1951 3650 2050 3704 καί

380 3728 779 3797 ἀκατάκριτον
806 3729 1051 3795 ἔξεστιν
1084 3728 1226 3800 ὑμῖν
1240 3730 1590 3800 μαστίζειν;
1629 3734 1743 3786 Οὐκ
1782 3734 2052 3804 ἐψεύσατο

381 3816 617 3879 Παῦλος,
648 3816 724 3887 μὴ
752 3816 986 3886 γένοιτο,
1039 3817 1305 3887 Ῥωμαῖον
1329 3818 1520 3872 ἐαυτὸν
1543 3818 1735 3873 εἰπών·
1780 3820 2050 3893 Ῥωμαῖος

380 3902 492 3972 γὰρ
509 3898 597 3974 ἦν·
631 3902 713 3955 διὸ
737 3903 833 3957 καὶ
849 3904 878 3957 6
896 3903 1170 3974 χιλίαρχος
1192 3903 1429 3967 ἀκούσας
1464 3904 1729 3973 φοϐεῖται.
1756 3908 1866 3960 Καὶ
1881 3908 2047 3975 τίνος,

381 3992 569 4062 φησὶν,
594 3990 779 4045 ἕνεκεν
799 3989 1041 4061 ἐφοϐήθη
1063 4007 1078 4058 ;
1098 3994 1166 4044 Εἰ
1182 3991 1424 4054 ἔξεστιν
1450 3992 1593 4061 ὑμῖν
1617 3992 1825 4065 ἕτερον,
1844 3994 2050 4050 ἔδεισεν

380 4080 470 4142 ἂν,
498 4076 576 4150 μὴ
607 4075 720 4147 ἀλῷ
751 4077 845 4130 καὶ
870 4075 1091 4147 μείζονα
1127 4074 1283 4143 δίκην
1319 4076 1415 4147 δῷ.
1462 4077 1574 4132 Καὶ
1606 4078 1839 4150 ὄρα,οὺχ
1862 4081 2049 4145 ἁπλῶς

380 4181 565 4236 φησιν,
590 4164 729 4230 ἀλλ’,
761 4164 825 4216 Εἰ
856 4163 1067 4227 ἔξεστιν
1090 4165 1253 4235 ὐμϊνς
1279 4163 1386 4226 Δύο
1403 4164 1474 4218 τὰ
1502 4164 1846 4237 ἐγκλήματα,
1874 4168 1967 4221 καὶ
1987 4169 2048 4222 τὸ

379 4255 506 4308 ἄνευ
534 4252 718 4320 λόγου,
752 4252 848 4305 καὶ
879 4251 940 4304 τὸ
953 4250 1225 4324 Ῥωμαῖον
1239 4252 1388 4305 ὅντα.
1410 4252 1669 4323 Μεγάλην
1682 4248 1828 4323 εἶχον
1841 4255 2046 4326 ταύτην

376 4339 499 4392 τότε
553 4338 854 4411 προνομίαν
893 4340 944 4392 οἰ
984 4340 1294 4411 ἀξιούμενοι
1346 4337 1489 4392 οὕτω
1523 4339 1825 4394 καλεῖσθαι·
1850 4342 1945 4394 καὶ
1983 4343 2045 4395 οὐ

379 4425 580 4490 πάντες
626 4429 815 4481 τούτου
866 4428 1185 4497 ἐτύγχανον·
1237 4429 1347 4482 ἀπὸ
1400 4428 1510 4497 γάρ
1573 4427 1857 4498 Ἀδριανοῦ
1912 4445 2044 4497 φασι

378 4514 590 4577 πάντας
638 4515 945 4585 Ῥωμαίους
1008 4514 1400 4585 ὀνομασθῆναι,
1461 4513 1522 4566 τὸ
1566 4513 1622 4566 δὲ
1673 4514 1901 4568 παλαιὸν
1944 4517 2043 4586 οὐχ

376 4599 547 4666 οὕτως
579 4596 667 4672 ἦν.
704 4601 775 4654 Ἦ
802 4601 896 4656 καὶ
932 4601 1201 4671 Ῥωμαῖον
1242 4599 1436 4654 ἐαυτὸν
1473 4595 1648 4664 εἴπεν,
1687 4600 1774 4654 ἴνα
1806 4600 2042 4674 διαφύγῃ

373 4687 472 4760 τὴν
501 4687 789 4760 τιμωρίαν·
823 4688 1299 4758 εὐκαταφρόνητος
1328 4687 1437 4758 γάρ
1469 4686 1536 4740 ἂν
1594 4686 1811 4756 ἐγένετο
1845 4706 2043 4758 μαστι-

375 4775 525 4845 χθείς
547 4791 559 4805 ·
592 4772 688 4827 νῦν
709 4774 766 4827 δὲ
789 4773 952 4828 τοῦτο
987 4773 1177 4840 εἰπὼν,
1203 4775 1283 4836 εἰς
1307 4773 1531 4827 πλείονα
1558 4773 1757 4837 αὐτοὺς
1781 4775 2055 4845 ἐμϐάλλει·

375 4861 560 4930 φόϐον.
587 4862 650 4915 Εἰ
683 4861 740 4915 δὲ
765 4862 1085 4933 ἐμάστιξαν,
1102 4861 1196 4914 καὶ
1225 4860 1576 4933 παρέτρεψαν
1605 4859 1671 4913 ἂν
1700 4860 1760 4913 τὸ
1788 4864 2038 4933 πρᾶγμα,

371 4948 406 5018 ἢ
432 4948 525 5002 καὶ
549 4948 878 5003 ἀπέκτειναν
906 4949 1088 5003 αὐτόν·
1120 4949 1215 5002 νῦν
1248 4948 1305 5002 δὲ
1333 4949 1433 5018 ούχ
1465 4948 1608 5002 οὕτω
1632 4949 1862 5017 γίνεται.
1900 4951 2040 5023 Ὅρα

374 5037 492 5102 πῶς
514 5038 544 5090 6
568 5038 702 5102 Θεὸς
745 5042 1018 5109 συγχωρεῖ
1050 5038 1146 5091 καὶ
1182 5037 1537 5108 ἀνθρωπίνως
1564 5037 1733 5093 πολλὰ
1763 5040 2036 5106 γενέσθαι,

373 5126 467 5179 καὶ
499 5125 586 5178 ἐπ’
612 5125 790 5178 αὐτῶν
818 5125 912 5178 καὶ
931 5124 1039 5179 τῶν
1060 5124 1284 5179 λοιπῶν.
1330 5125 1388 5177 '0
1410 5125 1466 5177 δὲ
1500 5125 1781 5196 χιλίαρχος
1808 5131 2039 5198 ἀποκριο

371 5211 505 5278 θεὶς,
531 5213 612 5266 ὅτι
642 5211 885 5266 Πολλοῦ
918 5213 1251 5281 κεφαλαίου
1305 5211 1418 5278 τὴν
1477 5214 1789 5266 πολιτείαν
1814 5216 2040 5281 ταύτην

369 5299 744 5369 ἐκτησάμην,
777 5298 1052 5352 δείκνυσιν
1087 5297 1426 5352 ὑποπτεῦσαι
1466 5299 1738 5369 πρόφασιν
1784 5298 1926 5354 εἶναι
1977 5305 2039 5356 τὸ

371 5390 545 5442 εἰπεῖν
577 5388 771 5442 ἑαυτὸν
827 5386 1096 5458 Ῥωμαῖον
1145 5386 1235 5440 τὸν
1275 5385 1507 5440 Παῦλον·
1559 5389 1653 5440 καὶ
1701 5388 1834 5453 ἴσως
1882 5391 2037 5444 τοῦτο

371 5475 641 5529 ὑπέλαϐεν
675 5476 783 5529 ἀπὸ
836 5475 933 5548 τῆς
966 5474 1244 5545 λιτότητος
1277 5473 1490 5528 Παύλου
1540 5474 1641 5545 τῆς
1685 5477 2033 5548 φαινομένης.

384 5562 678 5628 Ἀκούσας
717 5562 785 5614 δὲ
838 5565 871 5615 ό
924 5563 1375 5631 ἑκατόνταρχος,
1421 5561 1775 5629 προσελθὼν
1814 5563 1895 5629 τῷ
1950 5583 2037 5633 χι-

434 5725 460 5788 9
487 5725 578 5771 Καὶ
598 5724 924 5788 οῦκ-ἐλαύνων
952 5727 1120 5788 ,ἀθεεὶ
1149 5729 1200 5774 in
1247 5726 1551 5787 quibusdam.
1620 5726 1652 5766 δ
1672 5726 1826 5785 Unus,
1852 5727 2031 5788 ἐμπλη-

373 5786 671 5905 ἕῗέῗῗέιιίυἷ·
697 5783 785 5832 me
823 5787 1043 5847 quamam
1083 5783 1289 5838 deum“
1309 5787 1360 5837 in
1386 5787 1581 5849 κοτειιι
1616 5802 1726 5850 quau
1750 5783 2030 5840 exciteris

403 5859 413 5889 δ
672 5876 687 5891 .

1166 320 1224 378 8.
1254 320 1540 379 JOANNIS
1571 319 2065 380 CHRYSOSTOMl
2106 321 2422 379 ARCHIEP.
2454 319 3003 379 CONSTANTINOP.

3724 325 3829 383 356

2162 437 2390 508 λιάρχῳ
2419 437 2766 509 ἀπήγγειλε,
2801 440 3016 509 λέγων·
3054 437 3201 507 ’Ὅρα
3228 436 3286 490 τί
3330 435 3578 506 μέλλεις
3608 439 3824 494 ποιεῖν·

2161 527 2195 577 ό
2223 525 2331 594 γὰρ
2360 525 2670 592 ἄνθρωπος
2722 520 2900 591 οὗτος
2944 524 3220 593 Ῥωμαῖός
3253 523 3405 577 ἐστι.
3466 526 3829 592 Προσελθὼν

2156 608 2225 664 δὲ
2256 614 2290 665 ό
2309 612 2622 681 χιλίαρχος
2636 608 2807 665 εἶπεν
2842 610 3023 676 αὐτῷ·
3044 610 3191 680 Λέγε
3198 628 3322 679 μοι.
3348 614 3401 664 εἰ
3430 610 3510 665 σὺ
3546 612 3827 681 Ῥωμαῖος

2156 693 2246 762 sl;
2290 699 2352 752 '0
2416 697 2482 752 δὲ
2531 698 2669 768 ἔφη·
2716 698 2851 753 Ναί.
2893 696 3197 765 Ἀπεκρίθη
3223 699 3255 751 ό
3290 696 3619 767 χιλίαρχος·
3682 698 3828 770 Ἐγὼ

2158 785 2393 840 πολλοῦ
2431 786 2760 855 κεφαλαίου
2792 784 2908 853 τὴν
2931 784 3245 838 πολιτείαν
3297 785 3524 847 ταύτην
3565 784 3826 853 ἐκτησά-

2153 885 2298 937 μην.
2344 869 2396 920 '0
2430 868 2500 922 δὲ
2517 869 2757 936 Παῦλός
2783 885 2993 940 φησιν·
3053 868 3201 936 Ἐγὼ
3225 866 3293 921 δὲ
3321 869 3417 922 καί
3445 869 3821 939 γεγέννημαι.

2156 953 2394 1021 Εὐθέως
2421 955 2489 1008 δὲ
2514 955 2873 1021 ἀπέστησαν
2916 955 3017 1010 ἀπ’
3041 955 3227 1010 αὐτοῦ
3258 956 3313 1008 οἰ
3347 955 3679 1024 μέλλοντες
3722 959 3826 1014 ἀνο

2156 1040 2382 1103 ετὰζειν
2406 1043 2612 1099 αὐτόν.
2637 1043 2743 1097 Kal
2765 1047 2799 1099 ό
2817 1045 3130 1114 χιλίαρχος
3155 1041 3492 1112 δὲέςοοϐήθη
3517 1044 3822 1114 ἐπιγνοὺς,

2159 1127 2249 1183 ὅτι
2283 1129 2565 1199 Ῥωμαῖός
2589 1132 2741 1198 ἐστι,
2766 1131 2864 1185 καί
2912 1131 3000 1184 ὅτι
3028 1127 3105 1201 ἦν
3131 1131 3319 1185 αὑτὸν
3363 1130 3640 1199 δεδεκώς.
3677 1133 3824 1203 Ἐγὼ

2158 1216 2518 1289 δὲ,φησὶ,καί
2542 1221 3073 1292 γεγέννημαι.”Αρα
3094 1222 3187 1274 καὶ
3216 1221 3421 1291 πατρὸς
3449 1216 3820 1293 ἦνῬωμαίου.

2160 1304 2226 1357 Τί
2266 1300 2360 1358 οὖν
2415 1306 2523 1359 ἀπὸ
2568 1307 2763 1371 τούτου
2806 1307 3051 1375 γίνεται;
3094 1306 3274 1371 Λύσας
3310 1309 3623 1377 κατήγαγεν
3662 1310 3824 1364 αὐτὸν

2159 1392 2297 1462 πρὸς
2319 1392 2444 1455 τοὺς
2479 1394 2784 1458 Ἰουδαίους.
2842 1393 3032 1458 Οὕτως
3070 1395 3169 1447 οὐκ
3202 1389 3270 1464 ἦν
3311 1393 3507 1464 ψεῦδος
3548 1396 3609 1450 τὸ
3648 1398 3823 1450 εἰπεῖν

2159 1478 2347 1532 ἑαυτὸν
2384 1478 2675 1551 Ῥωμαῖον,
2699 1481 2780 1535 ὅτι
2811 1481 2903 1535 καὶ
2931 1480 3190 1535 ἀπώνατο
3218 1481 3312 1535 ἀπ’
3341 1481 3507 1536 αὑτοῦ
3530 1482 3710 1549 λυθεὶς
3732 1484 3822 1539 τοῦ

2158 1564 2378 1637 δεσμοῦ·
2413 1568 2509 1621 καὶ
2539 1566 2677 1632 πῶς,
2708 1568 2895 1623 ἄκουε·
2949 1566 3026 1636 Τῇ
3055 1567 3123 1622 δὲ
3149 1568 3436 1636 ἐπαύριον
3448 1570 3823 1640 ,Βουλόμενος

2158 1652 2380 1724 γνῶναι
2426 1653 2492 1709 τὸ
2541 1656 2838 1725 ἀσφαλὲς,
2894 1654 2961 1709 τὸ
3015 1655 3072 1708 τί
3114 1658 3676 1724 κατηγορεῖταιὺπύ
3707 1657 3823 1714 τῶν

2172 1740 2495 1808 Ἰουδαίων,
2527 1742 2755 1797 ἔλυσεν
2779 1742 2987 1809 αὐτὸν,
3032 1743 3130 1796 καί
3176 1742 3465 1798 ἐκέλευσε
3501 1746 3824 1802 συνελθεῖν

2159 1825 2301 1893 τοὺς
2326 1828 2617 1897 ἀρχιερεῖς
2654 1829 2754 1883 καί
2799 1828 2923 1884 πᾶν
2955 1830 3020 1884 τὸ
3046 1829 3390 1898 συνέδριον·
3432 1832 3530 1885 καὶ
3570 1849 3825 1902 καταταο

2159 1907 2281 1978 τὼν
2316 1911 2421 1965 τὸν
2447 1911 2714 1977 Παῦλον,
2740 1912 3006 1979 ἔστησεν
3037 1915 3124 1980 εἰς
3143 1914 3382 1980 αὐτούς.
3426 1916 3733 1982 Ἀτενίσας
3757 1916 3826 1970 δὲ

2159 1995 2399 2062 Παῦλος
2435 1996 2517 2063 τῷ
2543 1997 2839 2067 συνεδρίῳ
2865 1994 3052 2053 εἶπεν.
3090 1999 3292 2054 Οὐκέτι
3318 2000 3449 2071 πρὸς
3484 2001 3575 2055 τὸν
3603 2002 3823 2076 χιλίαρ-

2159 2100 2273 2152 χον,
2308 2083 2445 2138 ἀλλά
2494 2084 2630 2157 πρὸς
2673 2085 2735 2140 τὸ
2762 2085 2963 2157 πλῆθος
2996 2086 3091 2141 καὶ
3118 2087 3210 2140 τὸν
3237 2087 3410 2159 δῆμον
3440 2088 3615 2142 πάντα
3639 2089 3822 2143 διαλέο

2158 2188 2329 2240 γεται.
2355 2173 2466 2227 Καὶ
2480 2174 2533 2226 τί
2559 2190 2756 2244 φησιν;
2788 2173 3029 2242 Ἄνδρες
3049 2173 3319 2242 ἀδελφοί,
3345 2174 3639 2246 ἐγὼπάσῃ
3674 2191 3824 2231 συν-

2156 2259 2388 2328 ειδήσει
2458 2261 2653 2332 ἀγαθῇ
2682 2262 3109 2330 πεπολίτευμαι
3132 2259 3210 2326 τῷ
3238 2259 3358 2326 Θεῷ
3416 2261 3555 2331 ἄχρι
3603 2263 3825 2331 ταύτης

2157 2346 2269 2416 τῆς
2298 2348 2545 2418 ἡμέρας.
2586 2350 2650 2404 Ὃ
2680 2348 2850 2418 λέγει,
2872 2348 3031 2403 τοῦτό
3060 2350 3227 2403 ἐστιν·
3248 2350 3323 2402 Οὐ
3351 2348 3569 2403 σύνοιδα
3600 2350 3824 2422 ἐμαυτῷ

2157 2452 2209 2489 τι
2244 2434 2525 2505 ἠδικηκὼς
2549 2436 2714 2507 ὑμᾶς,
2739 2435 2860 2489 οὐδὲ
2883 2435 3032 2500 ἀξιον
3054 2435 3161 2490 τῶν
3183 2435 3399 2507 δεσμῶν
3419 2436 3625 2492 τούτων
3659 2440 3826 2511 πράτ-
3940 2504 3953 2511 _

2156 2538 2285 2576 των.
2320 2522 2388 2576 Τί
2418 2517 2511 2575 οῦν
2539 2524 2568 2576 6
2598 2523 2889 2594 ἀρχιερεύς
2913 2540 2928 2589 ;
2958 2523 3086 2577 Δέον
3113 2523 3482 2595 κατανυγῆναι
3522 2525 3609 2595 ἐφ’
3636 2521 3718 2590 οἷς
3743 2528 3823 2592 εἰς

2157 2609 2316 2681 χάριν
2351 2609 2532 2663 αὐτῶν
2558 2609 2759 2673 ἀδίκως
2783 2609 3017 2675 ἐδέδετο,
3062 2612 3091 2664 6
3138 2609 3195 2664 δὲ
3237 2612 3332 2665 καὶ
3380 2613 3820 2685 προσεπιτίθησι,

2157 2696 2250 2749 καὶ
2270 2694 2483 2749 κελεύει
2514 2694 2812 2748 τύπτεσθαι
2834 2696 3015 2750 αὐτόν·
3045 2696 3073 2750 6
3095 2699 3190 2751 καὶ
3210 2698 3368 2768 δῆλον
3390 2698 3450 2764 ἐξ
3480 2693 3556 2753 ὧν
3605 2701 3824 2771 ὑπήγα-

2155 2798 2270 2849 γεν.
2316 2782 2379 2835 '0
2413 2780 2483 2835 δὲ
2538 2782 2851 2851 ἀρχιερεὺς
2927 2782 3205 2851 Ἀνανίας
3258 2785 3385 2852 τοῖς
3436 2786 3824 2855 παρεστῶσιν

2155 2868 2344 2924 αὐτὸν
2375 2868 2629 2934 ἐπέταξε
2674 2870 2923 2923 τύπτειν
2959 2870 3146 2932 αὑτοῦ
3191 2871 3256 2924 τὸ
3308 2874 3520 2942 στόμα.
3551 2874 3708 2928 Καλὰ
3737 2892 3819 2944 γε·

2154 2955 2404 3027 ἐπιεικὴς
2434 2959 2462 3011 6
2479 2957 2787 3027 ἀρχιερεύς.
2821 2958 2958 3010 Τότε
2983 2960 3015 3010 ό
3032 2957 3272 3023 Παῦλος
3287 2960 3439 3028 πρὸς
3459 2962 3651 3015 αὑτὸν
3667 2958 3818 3016 εἷπε·

2158 3043 2309 3115 [560]
2341 3045 2594 3099 Τύπτειν
2614 3059 2690 3098 σε
2712 3043 2925 3112 μέλλει
2945 3047 2978 3099 ό
3009 3045 3173 3111 Θεὸς,
3209 3046 3373 3117 τοῖχε
3411 3050 3819 3119 κεκονιαμένε.

2154 3130 2264 3182 Καὶ
2290 3129 2372 3184 σὺ
2405 3129 2558 3198 κάθῃ
2584 3129 2803 3197 κρίνων
2833 3147 2906 3199 με
2925 3131 3077 3186 κατὰ
3114 3132 3222 3187 τὸν
3247 3136 3457 3204 νόμον,
3503 3136 3603 3190 καί
3631 3154 3819 3205 παρα--

2154 3214 2356 3281 νομῶν
2386 3215 2650 3281 κελεύεις
2699 3231 2778 3284 με
2827 3217 3186 3285 τύπτεσθαι;
3234 3224 3299 3275 Οἰ
3341 3220 3412 3274 δὲ
3439 3223 3821 3290 παρεστῶτες

2154 3299 2348 3356 εἷπον·
2382 3302 2493 3355 Τὸν
2508 3300 2782 3370 ἀρχιερέα
2810 3303 2918 3357 τοῦ
2947 3304 3094 3359 Θεοῦ
3152 3306 3479 3374 λοιδορεῐς;
3506 3310 3663 3378 Ἔφη
3702 3327 3764 3363 τε
3786 3313 3820 3365 ό

2153 3388 2413 3455 Παῦλος·
2445 3389 2567 3441 Οὐκ
2602 3387 2796 3457 ᾔδειν,
2827 3389 3100 3459 ἀδελφοί,
3153 3392 3243 3447 ὅτι
3273 3394 3446 3448 ἐστὶν
3486 3396 3816 3465 ἀρχιερεύς·

2153 3475 2477 3546 γέγραπται
2512 3472 2644 3544 γάρ·
2683 3475 2982 3544 ιἌρχοντα
3020 3479 3128 3534 τοῦ
3155 3481 3308 3536 λαοῦ
3353 3496 3471 3535 σου
3520 3485 3633 3536 οὑκ
3668 3483 3822 3551 ἐρεῖς

2152 3580 2366 3629 κακως.
3673 3579 3682 3587 ·

2228 3650 2294 3720 β’.
2316 3651 2476 3714 Τινὲς
2498 3651 2596 3722 μὲν
2625 3649 2718 3708 οὖν
2738 3672 2920 3723 φασιν,
2951 3654 3034 3708 δτι
3053 3653 3208 3718 εἰδὼς
3227 3657 3598 3727 εἰρωνεύεται·
3620 3657 3745 3729 ἐμοὶ
3763 3657 3821 3711 δὲ

2151 3733 2315 3799 δοκεῖ,
2330 3734 2547 3789 ὅτιούδέ
2563 3737 2698 3803 ὅλως
2719 3739 2854 3813 ᾔδει,
2868 3739 2949 3792 ὅτι
2966 3740 3113 3792 ἐστὶν
3130 3740 3440 3812 ἀρχιερεύς·
3458 3739 3493 3814 ἦ
3513 3743 3623 3812 γὰρ
3640 3744 3705 3796 ἂν
3728 3742 3823 3795 καὶ

2151 3821 2400 3893 ἐτίμησε·
2432 3823 2512 3876 διὸ
2538 3825 2628 3879 καὶ
2656 3826 3000 3896 ἀπολογεῖται
3028 3826 3102 3891 ὡς
3128 3830 3462 3901 κατηγορίας
3489 3829 3661 3902 οὔσης
3680 3871 3695 3895 ,
3724 3831 3821 3883 καὶ

2151 3908 2365 3976 ἐπάγει·
2375 3911 2672 3978 Ἀρχοντα
2690 3913 2793 3967 τοῦ
2804 3912 2958 3967 λαοῦ
2969 3928 3086 3967 σου
3097 3915 3208 3968 οὐκ
3222 3916 3375 3984 ἐρεῖς
3384 3916 3599 3982 κακῶς.
3615 3917 3681 3970 Τί
3700 3912 3819 3983 οῦν;

2150 3996 2316 4064 φησίν
2339 4014 2350 4026 ·
2376 3997 2425 4048 εἰ
2452 3996 2562 4067 γὰρ
2595 3996 2670 4067 μὴ
2696 3997 2878 4069 ἄρχων
2902 3996 2992 4070 ἦν,
3013 3998 3173 4054 ἀλλον
3203 4001 3386 4065 ἀπλῶς
3413 4001 3657 4071 ὑϐρίζειν
3685 4002 3818 4067 ἔδεις

2150 4079 2436 4149 Οὐδαμῶς,
2459 4081 2596 4134 ἀλλά
2619 4084 2714 4136 καὶ
2735 4083 3091 4157 ὑϐριζόμενον
3114 4086 3312 4156 μᾶλλον
3337 4088 3602 4155 ἐνεγκεῖν.
3631 4086 3819 4153 ’Ἄξιον

2146 4165 2202 4218 δὲ
2225 4166 2479 4236 ζητῆσαι,
2505 4167 2621 4232 πῶς
2652 4168 2885 4241 ἀλλαχοῦ
2911 4173 2939 4224 6
2966 4171 3128 4236 αὐτὸς
3147 4172 3341 4241 λέγων,
3364 4173 3819 4243 Λοιδορούμενοι

2144 4254 2532 4323 εὐλογοῦμεν,
2568 4254 2913 4326 διωκόμενοι
2945 4259 3297 4328 ἀνεχόμεθα,
3331 4259 3564 4313 ἐνταῦθα
3593 4262 3815 4314 τούναν-

2145 4340 2259 4392 τίον
2288 4340 2499 4408 ποιεῖά,
2530 4342 2625 4395 καὶ
2654 4344 2715 4396 οὐ
2742 4343 3063 4415 λοιδορεῖται
3090 4346 3270 4415 μόνον,
3304 4344 3440 4399 ἀλλά
3476 4345 3573 4399 καὶ
3606 4348 3815 4417 ἐπαρά-

2144 4444 2267 4495 ται;
2304 4429 2517 4497 Ἀπαγε
2539 4469 2556 4497 ,
2608 4429 2887 4500 οὐδέτερον
2921 4430 3125 4485 τούτων
3172 4430 3421 4501 φαίνεται
3460 4433 3812 4501 πεποιηκώς·

2145 4513 2282 4566 ἀλλά
2301 4512 2379 4582 τῷ
2408 4513 2650 4582 ἀκριϐῶς
2688 4515 2978 4569 σκοποῦντι
3021 4516 3334 4588 παρρησίας
3367 4516 3571 4587 μᾶλλόν
3600 4520 3718 4571 ἐστι
3746 4518 3815 4572 τὰ

2146 4601 2370 4672 ῥήματα
2390 4602 2423 4672 ἢ
2443 4603 2638 4672 θυμοῦ·
2663 4601 2838 4666 ἄλλως
2858 4602 2916 4655 δέ
2943 4604 3042 4656 οὐκ
3065 4603 3316 4657 ἐϐούλετο
3336 4604 3812 4676 εὐκαταφρόνητος

2145 4687 2379 4758 φανῆναι
2420 4688 2497 4759 τῷ
2521 4688 2805 4761 χιλιάρχῳ.
2838 4690 2901 4742 Εί
2931 4684 3039 4760 γὰρ
3069 4689 3232 4753 αὐτὸς
3261 4689 3362 4759 μὲν
3412 4691 3672 4758 ἐφείσατο
3706 4709 3807 4763 μα-

2145 4774 2321 4839 στίξαι
2351 4775 2426 4838 ὼς
2445 4774 2511 4846 δὴ
2530 4779 2641 4840 τοῖς
2681 4777 2957 4840 Ἰουδαίοις
2980 4776 3280 4831 ἐκδίδοσθαι
3309 4776 3595 4848 μέλλοντα,
3616 4779 3679 4832 τὸ
3705 4778 3809 4832 ὑπὸ

2142 4861 2249 4915 τῶν
2272 4861 2498 4915 οἰκετῶν
2528 4862 2856 4929 τύπτεσθαι,
2894 4862 3091 4933 μᾶλλον
3125 4861 3191 4917 ἂν
3228 4862 3434 4916 ἐκεῖνον
3473 4862 3809 4933 θρασύτερον

2142 4948 2469 5017 εἰργάσατο·
2500 4948 2588 5002 διά
2622 4949 2780 5002 τοῦτο
2812 4949 2931 5002 οὐδὲ
2962 4949 3098 5021 πρὸς
3129 4948 3220 5003 τὸν
3254 4948 3419 5002 παῖδα
3442 4950 3807 5015 ἀποτείνεται,

2141 5033 2278 5087 ἀλλά
2305 5033 2441 5105 πρὸς
2468 5033 2631 5087 αὐτὸν
2658 5034 2748 5087 τὸν
2780 5033 3133 5100 ἐπιτάξαντα,
3166 5034 3324 5089 τοῦτο
3359 5036 3804 5100 κατασκευάζων.

2141 5121 2214 5174 Τὸ
2263 5120 2340 5187 δέ,
2395 5120 2559 5188 Τοῐχε
2590 5120 2997 5191 κεκονιαμένε,
3043 5119 3143 5175 καὶ
3172 5120 3263 5175 ’σὺ
3295 5120 3447 5189 κάθῃ
3481 5122 3706 5190 κρίνων
3731 5140 3805 5193 με

2140 5209 2289 5263 κατὰ
2316 5210 2423 5263 τὸν
2461 5212 2669 5277 νόμον,
2704 5201 2848 5273 εἷπε,
2898 5207 3179 5279 μονονουχὶ
3224 5205 3383 5260 τοῦτο
3415 5208 3565 5278 αὐτῷ
3609 5209 3801 5278 λέγων·

2148 5297 2479 5360 ’Υπεύθυνος
2507 5295 2582 5350 ὢν
2630 5297 2724 5349 καὶ
2772 5296 2980 5367 μυρίων
3022 5292 3246 5366 πληγῶν
3285 5293 3452 5359 ἄξιος.
3494 5295 3638 5365 Ὅρα
3677 5296 3805 5356 γοῦν

2139 5384 2255 5449 πῶς
2278 5383 2442 5438 αὐτοῦ
2472 5383 2895 5454 κατεπλάγησαν
2923 5383 3024 5453 τὴν
3054 5379 3366 5452 παρρησίαν
3390 5382 3420 5433 6
3447 5380 3639 5451 δῆμος.
3673 5383 3803 5437 Δέον

2136 5473 2245 5543 γὰρ
2278 5470 2576 5542 ἀνατρέψαι
2614 5470 2677 5524 τὸ
2712 5472 2840 5533 πᾶν,
2887 5467 3205 5539 παροινοῦσι
3233 5478 3256 5506 ε
3287 5466 3506 5537 μᾶλλον.
3540 5468 3714 5531 Αὐτὸς
3743 5468 3802 5523 δέ

2136 5560 2231 5612 καὶ
2267 5558 2357 5611 τὸν
2383 5558 2546 5628 νόμον
2585 5557 3059 5625 ὑπαναγινώσκει,
3087 5553 3274 5623 ἐπειδὴ
3315 5552 3565 5623 βούλεται
3605 5553 3800 5620 δεῖξαι,

2134 5649 2214 5699 ὅτι
2240 5647 2300 5699 ού
2323 5645 2411 5699 διὰ
2428 5645 2488 5697 τὸ
2511 5645 2833 5717 φοϐηθῆναι,
2859 5644 2978 5696 οὐδὲ
3002 5642 3091 5696 διά
3114 5641 3176 5696 τὸ
3203 5640 3279 5712 μὴ
3296 5640 3446 5704 ἀξιον
3468 5635 3609 5693 εἶναι
3634 5640 3797 5694 ἀκοῦ-

2188 5789 2379 5860 9Ποιεῖ
2416 5790 2559 5840 deest
2594 5790 2645 5838 in
2705 5802 2800 5839 uno
2834 5787 2939 5839 cod.
3030 5799 3051 5828 e
3080 5785 3230 5836 Savil.
3258 5790 3308 5837 el
3338 5797 3463 5835 unus
3497 5783 3604 5835 cod.
3627 5798 3778 5847 παραο

2135 5868 2284 5900 νοῚσι.
