4148 6152
458 368 562 426 355

457 483 743 538 elationem
788 481 938 530 erant
971 469 1366 541 prophetizaus,
1394 480 1493 519 uec
1525 479 1587 519 ea
1622 477 1740 533 qua:
1785 471 1910 516 tunc
1951 455 2042 511 iic—

457 578 586 632 bant
609 567 917 642 respiciens,
943 564 1035 620 sed
1056 564 1229 619 futura
1251 557 1572 630 praevidens.
1593 553 1868 623 Quomodo
1888 551 2045 622 igitur

454 668 604 732 dicit,
643 662 825 718 Coram
851 657 1078 731 gentibus
1107 663 1151 710 et
1182 652 1384 724 regibus
1405 658 1453 704 et
1479 649 1600 719 ﬁliis
1629 646 1794 702 Israel
1826 643 2044 716 portabit

456 775 634 814 nomen
664 752 869 808 meum?
898 747 1167 815 Portubit,
1189 743 1378 813 inquit,
1426 756 1524 796 nec
1567 740 1784 794 omnino
1823 748 2045 806 persua-

453 848 600 903 debit
641 866 653 900 :
698 840 936 912 alioquin
987 851 1116 892 vero
1167 834 1335 889 Judaei
1381 831 1505 886 alibi
1565 827 2041 899 persuadebantur,

456 941 542 994 hic
575 953 706 994 vero
732 935 973 989 minime.
1017 929 1148 982 Cum
1186 922 1510 994 oportuisset
1549 919 1780 973 maxime
1823 928 2044 986 persna-

460 1031 599 1096 deri,
646 1027 889 1082 videntes
933 1020 1050 1090 ejus
1086 1017 1366 1088 pristinum
1408 1013 1700 1078 fervorem,
1757 1019 1884 1064 tunc
1931 1023 2038 1061 non

459 1117 943 1192 pi’rsuadebantur.
975 1109 1044 1164 Et
1084 1124 1198 1162 cunt
1237 1105 1536 1175 funderetur
1562 1101 1768 1172 sanguis
1795 1098 2044 1192 Stephani

464 1190 596 1266 testis
642 1209 736 1273 tui,
786 1221 876 1276 ego
921 1200 1204 1264 adstabant,
1249 1205 1295 1250 et
1339 1193 1707 1250 consentiebam
1754 1190 1865 1244 neci
1913 1191 2041 1260 ejus.

463 1303 593 1356 Vide
647 1311 856 1354 rursum
903 1307 1009 1362 quo
1053 1303 1233 1345 sermo
1280 1285 1510 1351 desinat,
1558 1297 1752 1352 nempe
1809 1281 1863 1334 in
1907 1280 2042 1335 vali-

455 1395 584 1448 dum
629 1398 807 1459 caput.
856 1386 973 1456 Ipse
1002 1383 1144 1439 enim
1175 1390 1292 1436 erat
1338 1377 1428 1447 qui
1478 1375 1919 1447 persequebatur,
1948 1388 2048 1427 nec.

460 1481 878 1554 persequebatur
907 1475 1088 1541 modo,
1122 1471 1216 1526 sed
1238 1479 1292 1525 et
1316 1468 1466 1523 mille
1496 1465 1742 1521 manibus
1767 1463 2046 1519 occidebat

459 1575 810 1644 Stephanum.
852 1567 1078 1625 Gravem
1129 1563 1332 1619 caedem
1379 1560 1488 1615 illis
1516 1561 1570 1613 in
1609 1557 1922 1651 memoriam
1959 1571 2046 1610 re-

459 1675 632 1718 vocat.
665 1663 815 1716 Tunc
851 1673 980 1714 vero
1007 1655 1226 1710 minime
1255 1652 1518 1718 ferebant,
1575 1650 1697 1719 quia
1731 1648 2042 1703 hoc'redar-

459 1755 655 1824 guebat
682 1753 802 1806 illos
827 1769 841 1817 ;
873 1761 927 1803 et
951 1749 1062 1818 jam
1092 1744 1373 1815 prophetia
1404 1742 1749 1813 implebatur.
1775 1740 1929 1795 Zelus
1949 1741 2047 1810 igi-

457 1854 544 1900 tur
589 1856 833 1912 magnus,
881 1851 936 1895 et
975 1837 1249 1892 accusatio
1290 1833 1584 1889 vehemens
1632 1838 1768 1897 erat,
1793 1839 1847 1885 et
1883 1838 2045 1884 testes

459 1934 698 1990 veritatis
729 1931 928 1988 Christi
955 1929 1182 1983 fidenter
1203 1924 1577 1996 loquebantur.
1607 1921 1711 1977 Sed
1739 1921 1905 1976 Judaei
1940 1937 2042 1975 non

463 2027 701 2081 tulerunt
720 2024 977 2091 deinceps
1008 2029 1172 2074 totam
1204 2017 1388 2072 audire
1413 2015 1747 2079 concionem,
1778 2029 1841 2069 ac
1866 2013 2044 2068 furore

461 2118 700 2173 succensi
730 2114 1052 2170 clamabant.
1075 2111 1165 2166 2i.
1196 2110 1262 2164 Et
1303 2110 1432 2163 dixit
1461 2109 1527 2162 ad
1565 2125 1643 2162 nte
1669 2128 1687 2162 :
1727 2107 1884 2175 Vade,
1929 2109 2048 2177 quia

463 2227 552 2279 rgo
590 2208 657 2260 ad
700 2215 868 2275 gentes
895 2201 1072 2274 procul
1103 2203 1295 2255 mittant
1323 2211 1387 2255 te.
1416 2199 1505 2254 22.
1553 2199 1833 2253 Audiebunt
1881 2208 2046 2252 autem

463 2314 576 2351 eum
600 2313 758 2366 usque
779 2295 848 2348 ad
868 2296 1000 2348 hunc
1025 2308 1321 2351 sermonem,
1340 2300 1386 2344 et
1407 2289 1690 2345 levaverunt
1710 2305 1877 2344 vocem
1904 2305 2047 2343 suam

464 2391 687 2442 dicentes
714 2403 732 2440 :
757 2385 905 2439 Tolle
932 2385 995 2436 de
1022 2394 1157 2436 terra
1185 2381 1479 2452 Itujusmodi
1509 2395 1526 2434 :
1556 2397 1655 2433 non
1688 2380 1818 2434 enim
1857 2383 1936 2450 fas
1975 2389 2048 2434 est

463 2497 572 2532 eum
603 2479 782 2532 vivere.
805 2476 896 2532 23.
935 2473 1279 2529 Clamantibus
1303 2481 1472 2526 autem
1507 2470 1631 2536 illis,
1661 2479 1707 2524 et
1736 2469 2049 2541 projicienti-

464 2572 552 2624 bus
589 2569 878 2622 vestimenta
915 2582 1027 2627 sua,
1074 2572 1120 2617 et
1146 2563 1400 2630 pulverem
1421 2561 1734 2632 jactantibus
1763 2562 1815 2613 in
1859 2577 2046 2624 aerem,

461 2660 548 2714 2i.
584 2659 741 2730 jussit
785 2657 1016 2710 tribunus
1054 2655 1226 2708 induci
1268 2670 1381 2708 eum
1421 2654 1476 2707 in
1513 2660 1716 2716 castra,
1747 2659 1796 2705 et
1834 2652 2050 2720 flagellis

461 2752 607 2818 cwdi,
637 2761 681 2804 et
707 2749 924 2820 torqueri
954 2765 1088 2811 eum,
1122 2756 1176 2799 ut
1213 2746 1359 2800 sciret
1407 2753 1613 2814 propter
1660 2758 1810 2811 quam
1846 2757 2053 2795 causam

460 2846 531 2899 sic
546 2853 721 2898 contra
744 2841 889 2895 illaut
910 2840 1208 2894 clamarent.
1230 2835 1360 2890 Cum
1383 2833 1710 2903 oportuisset
1730 2839 1789 2886 ut
1809 2832 2053 2887 tribunus

462 2934 812 2997 examinaret,
854 2945 920 2984 an
951 2943 1041 2983 res
1066 2943 1126 2981 se
1150 2927 1218 2979 ita
1244 2924 1492 2990 haberet,
1539 2921 1766 2992 illosque
1795 2921 1941 2991 ipsos
1966 2922 2051 2976 iu-

464 3031 762 3094 terrogaret
794 3039 807 3074 :
841 3021 887 3074 is
915 3018 1049 3072 nihil
1075 3017 1266 3070 horum
1295 3013 1521 3078 faciens,
1561 3012 1712 3080 jubet
1762 3011 1909 3066 illum
1957 3010 2051 3068 lla-

461 3117 620 3186 gellis
660 3113 814 3169 caedi.
847 3109 1034 3175 Iussit,
1078 3107 1271 3176 inquit,
1323 3105 1469 3158 illum
1517 3103 1693 3156 induci
1720 3103 1772 3156 in
1803 3111 1968 3156 castra
1999 3111 2048 3157 et

465 3207 684 3278 ﬂagellis
710 3204 859 3269 credi,
889 3213 944 3256 ut
971 3202 1121 3255 sciret
1154 3208 1356 3268 prapter
1381 3212 1527 3264 quam
1551 3211 1755 3249 causam
1776 3196 1848 3248 sic
1876 3205 2053 3250 contra

464 3299 610 3350 illam
640 3295 939 3348 clamarent.
986 3289 1148 3359 Atqui
1187 3287 1254 3341 ab
1295 3286 1400 3341 illis
1440 3283 1788 3339 ediscendum
1811 3297 1926 3338 erat
1957 3285 2048 3354 qui

460 3385 852 3449 occlamabant,
885 3391 938 3437 et
962 3376 1426 3448 interrogandum,
1476 3391 1602 3430 num
1634 3375 1830 3444 aliquid
1850 3391 1914 3429 ex
1934 3375 2054 3444 ejus

461 3477 618 3533 dictis
644 3472 990 3530 incusandum
1015 3470 1292 3525 baberent.
1327 3467 1520 3522 Verum
1552 3466 1640 3520 ille
1666 3475 1866 3521 temere
1895 3475 2050 3535 pote-

459 3577 600 3624 state
619 3584 714 3621 sua
744 3567 932 3629 utitur,
960 3572 1014 3619 et
1035 3562 1248 3617 illorum
1279 3559 1504 3630 gratiam
1525 3565 1704 3628 captat
1734 3575 1746 3610 :
1776 3571 1882 3612 non
1907 3557 2050 3612 enim

460 3659 684 3715 curabat
710 3666 769 3712 ut
789 3656 931 3726 juste
954 3661 1157 3724 ageret,
1186 3651 1280 3707 sed
1308 3657 1366 3704 ut
1394 3649 1609 3703 illorum
1638 3647 1890 3718 injustum
1917 3647 2053 3704 furo-

463 3763 578 3802 rem
607 3748 860 3816 placaret.
899 3744 992 3798 25.
1026 3741 1227 3795 Etcum
1251 3739 1636 3792 adstrinxtssent
1664 3753 1777 3790 eum
1801 3738 1942 3801 loris,
1975 3738 2054 3792 di-

462 3841 539 3893 xit
566 3838 787 3892 adstanti
815 3836 910 3891 sibi
940 3832 1222 3888 centurioni
1257 3847 1276 3885 .'
1309 3830 1371 3884 Si
1393 3830 1646 3882 hominem
1687 3827 1973 3882 Romanum
2007 3838 2052 3882 et

464 3931 810 3984 indemnatum
840 3927 954 3980 licet
995 3925 1131 3978 vobis
1160 3921 1468 3993 ﬂagellare?
1516 3918 1631 3974 Non
1674 3927 1756 3974 est
1799 3920 2055 3975 mentitus

466 4023 686 4088 Paulus,
731 4035 789 4076 se
815 4019 1002 4074 dicens
1028 4017 1327 4070 Romanum
1372 4012 1683 4075 hominem;
1725 4011 1898 4076 absit;
1949 4011 2054 4064 Ro-

468 4128 658 4168 manus
683 4111 827 4168 enim
852 4119 969 4165 erat
999 4125 1012 4160 :
1045 4107 1164 4162 ideo
1195 4105 1441 4160 tribunus
1470 4119 1528 4159 re
1553 4102 1730 4156 audita
1764 4102 1958 4156 timuit.
1991 4101 2055 4156 Et

468 4220 587 4270 cur,
619 4203 848 4272 inquies,
867 4198 1080 4254 timuit?
1105 4197 1217 4251 Etsi
1245 4194 1389 4249 nulla
1419 4193 1521 4247 alia
1547 4193 1614 4248 de
1642 4207 1824 4258 causa,
1850 4191 2052 4258 timuit,

471 4311 541 4348 ne
569 4290 1066 4363 deprehenderetur
1109 4295 1164 4342 et
1201 4285 1460 4353 majorem
1503 4282 1657 4337 daret
1698 4297 1930 4352 poenam.
1989 4282 2056 4336 Et

473 4385 629 4442 vide:
661 4399 763 4439 non
804 4381 1117 4452 simpliciter
1142 4377 1414 4443 loquitur;
1465 4376 1581 4440 sed,
1625 4374 1685 4430 Si
1739 4376 1852 4428 licet
1899 4375 2053 4429 vobis.

476 4478 595 4532 Duo
615 4474 860 4538 crimina,
891 4481 947 4528 et
982 4468 1124 4540 quod
1151 4468 1268 4522 sine
1293 4479 1474 4531 causa,
1508 4473 1563 4519 et
1607 4463 1748 4534 quod
1780 4463 2059 4520 Romanus

476 4567 566 4622 ille
591 4573 753 4620 esset.
799 4562 1042 4633 Magnam
1095 4556 1367 4612 habebant
1406 4554 1812 4624 praerogativam
1854 4555 1943 4623 qui
1982 4557 2059 4610 sic

478 4657 834 4728 dignabantur
855 4651 1149 4724 appellari;
1182 4663 1354 4719 neque
1381 4647 1620 4702 omnium
1660 4648 1763 4702 hoc
1800 4656 1915 4701 erat
1955 4649 2061 4718 pri-

482 4748 769 4818 \ilegium;
799 4745 866 4800 ab
893 4742 1167 4799 Hadriano
1193 4741 1335 4794 enim
1366 4739 1553 4793 dicunt
1579 4752 1765 4792 omnes
1791 4737 2061 4791 Romanos

479 4857 601 4897 esse
629 4839 848 4903 dictos;
882 4837 1054 4906 prisce
1093 4843 1271 4889 autem
1303 4846 1409 4886 non
1447 4831 1518 4885 ita
1553 4829 1740 4884 fuerat.
1775 4829 1872 4884 νει
1902 4830 2060 4884 etiam

482 4937 784 4988 Romanum
837 4945 895 4985 se
940 4927 1094 4994 dixit,
1136 4939 1196 4981 ut
1239 4939 1452 4995 plenam
1494 4922 1749 4994 ellugeret
1777 4940 1789 4977 :
1819 4933 2060 4977 contem-

481 5029 623 5099 ptior
645 5025 788 5080 enim
822 5019 1035 5075 futurus
1071 5027 1208 5080 erat,
1240 5017 1286 5071 si
1329 5015 1631 5085 ﬂagellatus
1660 5014 1890 5079 luisset;
1924 5028 2062 5070 nunc

481 5127 659 5174 autem
683 5116 787 5169 hoc
810 5112 955 5167 dicto
981 5107 1238 5178 majorem
1264 5107 1370 5160 illis
1397 5106 1587 5161 incutit
1608 5113 1829 5160 metum.
1853 5103 1907 5159 Si
1936 5118 2064 5159 vero

484 5208 858 5280 ﬂagellassent,
884 5215 995 5256 rem
1025 5206 1189 5252 totam
1211 5195 1350 5250 forte
1379 5195 1785 5259 subvertissent,
1806 5193 1887 5248 vel
1903 5195 2062 5248 etiam

483 5300 804 5356 occidissent
843 5293 1021 5356 illum;
1057 5305 1197 5343 nuttc
1231 5296 1409 5341 autem
1443 5302 1546 5340 non
1590 5287 1662 5340 ita
1687 5287 1884 5340 evenit.
1933 5285 2065 5340 Vide

485 5391 751 5462 quomodo
779 5389 920 5442 Deus
950 5381 1214 5438 concedat
1234 5381 1400 5434 multa
1429 5379 1664 5433 humano
1692 5393 1841 5432 more
1873 5378 2066 5444 lieri,et

489 5484 540 5538 'm
584 5483 669 5537 his
699 5489 754 5537 et
793 5481 845 5534 in
873 5478 1008 5532 aliis.
1051 5473 1322 5529 Tribunus
1366 5463 1497 5525 vero
1534 5469 1898 5540 respondens,
1955 5472 2066 5543 Ego

490 5575 648 5630 multa
680 5589 879 5630 summa
904 5570 1205 5628 civilitatem
1223 5573 1560 5636 consequutus
1585 5582 1696 5619 sum
1713 5607 1725 5628 ,
1755 5566 1985 5620 ostendit
2008 5583 2066 5622 se

490 5667 784 5738 suspicari,
818 5664 1041 5719 Paulum
1079 5674 1138 5716 se
1176 5658 1475 5713 Romanum
1528 5657 1847 5723 simulasse;
1893 5666 1949 5712 et
1990 5660 2057 5713 ita

497 5759 631 5814 forte
659 5756 1027 5829 suspicabatur
1055 5769 1119 5810 ex
1148 5750 1368 5815 vilitate,
1403 5766 1519 5820 quae
1550 5749 1601 5803 in
1642 5749 1808 5806 Paulo
1837 5764 2060 5820 appare-

1409 351 1475 405 lN
1515 349 1694 406 ACTA
1735 348 2255 408 APOSTOLORUM.
2293 345 2520 401 llOMlL.
2564 345 2791 401 XLVIII.

3626 362 3728 418 33ιᾶ

2154 457 2264 514 bat.
2294 458 2383 513 26.
2431 458 2544 524 Quo
2574 461 2749 515 audito
2781 465 3025 528 centurio,
3076 469 3314 522 accedens
3360 470 3426 522 ad
3478 472 3729 526 tribunum

2151 549 2396 602 nuntiavit
2421 549 2516 613 illi,
2551 552 2720 606 dicens
2751 569 2769 604 :
2808 551 2930 608 Vide
2955 555 3078 624 quid
3111 560 3338 625 facturus
3367 576 3418 614 es
3445 575 3463 612 :
3491 562 3572 614 hic
3598 566 3730 615 enim

2152 639 2300 694 homo
2323 639 2582 696 Romanus
2611 653 2704 697 est.
2731 643 2821 696 27.
2851 644 3105 700 Accedens
3135 657 3296 701 autem
3327 651 3574 715 tribunus,
3602 653 3729 707 dixit

2149 733 2227 786 illi
2259 747 2276 786 :
2309 731 2403 787 Dic
2432 735 2575 800 mihi,
2607 751 2728 789 num
2759 745 2812 789 tu
2842 735 3104 792 Romanus
3129 741 3217 794 es?
3239 740 3380 796 Dixit
3400 745 3506 811 ille,
3537 743 3726 800 Etiam.

2148 821 2238 916 28.
2272 823 2550 894 Respondit
2579 825 2805 880 tribunus
2835 844 2854 881 :
2885 829 2996 900 Ego
3026 831 3184 884 multa
3209 840 3407 888 summa
3442 838 3728 916 civilitatem

2150 914 2282 968 hanc
2311 927 2647 985 consequutus
2671 934 2802 972 sum.
2839 917 3034 976 Paulus
3060 936 3174 977 vero
3203 925 3273 976 ait
3305 941 3322 975 :
3353 924 3472 996 Ego
3492 914 3658 981 autent
3688 940 3732 981 et

2151 1017 2297 1061 natus
2316 1025 2448 1062 sum.
2475 1008 2564 1063 29.
2599 1009 2844 1065 Protinus
2864 1022 3028 1066 autem
3061 1013 3397 1070 discesserunt
3425 1019 3616 1085 abillo,
3645 1023 3732 1090 qui

2149 1116 2258 1152 eum
2289 1102 2469 1154 torturi
2498 1112 2660 1157 erant.
2713 1102 2967 1159 Tribunus
3005 1124 3200 1177 quoque
3243 1111 3429 1177 tintuit,
3467 1121 3731 1181 postquam

2148 1191 2342 1244 rescivit
2389 1195 2507 1262 quia
2543 1190 2804 1248 Romanus
2849 1205 2992 1262 esset,
3043 1208 3087 1251 et
3125 1200 3259 1266 quod
3285 1198 3430 1254 illum
3452 1201 3728 1272 atligassct.

2153 1281 2261 1352 Ego
2299 1292 2486 1348 autem,
2521 1283 2720 1354 inquit,
2749 1294 2794 1339 et
2822 1297 2970 1342 natus
2993 1305 3124 1342 sum.
3157 1289 3321 1360 Igitur
3347 1307 3413 1346 ex
3444 1303 3593 1362 patre
3621 1293 3731 1348 llo-

2151 1389 2308 1430 mano
2349 1384 2484 1431 erat.
2535 1376 2672 1443 Quid
2703 1392 2830 1449 ergo
2861 1393 3044 1448 postea
3090 1381 3287 1438 factum
3325 1385 3444 1439 est?
3487 1384 3730 1440 Solutum

2148 1465 2299 1521 duxit
2324 1468 2389 1522 ad
2407 1467 2640 1524 Iudaeos.
2671 1469 2812 1540 Ergo
2836 1487 2940 1526 non
2968 1471 3102 1527 falso
3122 1473 3328 1528 dixerat
3352 1489 3412 1530 se
3433 1475 3730 1531 Romanum

2150 1573 2291 1623 esse,
2325 1559 2466 1615 unde
2496 1561 2733 1616 lucratus
2761 1570 2859 1629 est,
2907 1573 2963 1619 ut
2988 1580 3017 1618 a
3042 1565 3268 1622 vinculis
3299 1569 3632 1635 solveretur;
3678 1579 3734 1624 et

2149 1650 2418 1718 quomodo
2447 1650 2568 1706 audi
2605 1653 2729 1708 :50.
2759 1652 2970 1709 Postera
2993 1666 3159 1710 autem
3193 1657 3274 1711 die
3301 1657 3469 1713 volens
3496 1657 3625 1714 scire
3653 1658 3733 1713 di-

2149 1741 2384 1810 ligentius
2401 1758 2500 1811 qua
2522 1743 2584 1796 de
2601 1759 2756 1796 causa
2781 1755 3103 1800 accusaretur
3124 1764 3154 1800 a
3179 1746 3398 1815 Iudaeis,
3426 1748 3571 1803 soluit
3594 1765 3730 1815 eum,

2149 1839 2196 1882 et
2207 1830 2360 1900 jussit
2386 1831 2672 1886 sacerdotes
2698 1835 2959 1889 convenire
2981 1843 3026 1889 et
3052 1851 3198 1890 omne
3224 1839 3515 1904 concilium,
3547 1849 3594 1893 et
3623 1856 3734 1905 pro-

2150 1921 2336 1976 ducens
2360 1921 2582 1976 Paulunt
2603 1925 2777 1978 statuit
2806 1927 2936 1980 inter
2963 1927 3099 1981 illos.
3127 1925 3279 2000 (Cap.
3305 1921 3428 1994 2'5.)
3473 1929 3519 1982 l.
3552 1927 3730 1983 Inten-

2151 2014 2273 2068 dens
2299 2024 2464 2067 autem
2489 2017 2540 2068 in
2566 2017 2836 2070 concilium
2868 2017 3086 2084 Paulus,
3113 2020 3260 2076 dixit.
3291 2020 3405 2074 Non
3427 2020 3534 2088 jam
3559 2021 3728 2075 tribu-

2150 2120 2297 2168 num,
2331 2104 2422 2160 sed
2453 2114 2617 2160 totam
2649 2108 3045 2164 multitudinem
3077 2119 3128 2163 et
3159 2111 3730 2181 populumalluquitur.

2151 2197 2217 2251 Et
2241 2197 2364 2267 quid
2396 2198 2561 2253 dicit?
2598 2198 2703 2253 Viri
2730 2201 2931 2269 fratres,
2973 2219 3063 2273 ego
3099 2204 3236 2258 omni
3261 2205 3565 2258 conscientia
3596 2205 3727 2257 bona

2150 2300 2468 2344 conuersatus
2505 2307 2614 2345 sunt
2646 2301 2760 2346 ante
2797 2292 2957 2346 Deum
2993 2310 3145 2364 usque
3174 2295 3225 2347 in
3253 2294 3548 2348 hodiernum
3579 2294 3730 2346 diem.

2153 2379 2210 2434 ld
2237 2389 2339 2446 est,
2396 2381 2512 2437 Non
2557 2383 2688 2438 mihi
2737 2385 2982 2440 conscius
3020 2400 3138 2441 sum
3175 2385 3314 2456 quod
3360 2402 3454 2442 vos
3484 2387 3733 2452 lzrserim,

2153 2471 2236 2525 vel
2265 2470 2392 2540 quid
2419 2472 2503 2527 his
2528 2473 2755 2528 vinculis
2784 2475 3002 2545 dignum
3026 2475 3264 2532 fecerim.
3289 2477 3426 2546 Quid
3448 2493 3573 2547 ergo
3591 2477 3737 2547 prin-

2153 2577 2280 2632 ceps
2319 2563 2694 2620 sacerdotum?
2722 2566 2854 2620 Cum
2886 2569 3213 2637 oportuisset
3240 2569 3549 2638 compuugi,
3590 2568 3732 2637 quod

2156 2650 2207 2705 in
2241 2653 2473 2720 ipsorum
2504 2654 2726 2722 gratiam
2773 2655 2969 2725 injuste
3018 2658 3211 2727 ligatus
3236 2657 3444 2722 luisset,
3479 2659 3569 2713 ille
3593 2658 3733 2713 aliud

2155 2741 2355 2811 adjicit,
2387 2752 2441 2797 et
2470 2743 2622 2814 jubet
2645 2759 2768 2799 eum
2806 2745 3097 2810 verberari,
3129 2747 3271 2816 quod
3297 2747 3374 2802 sic
3401 2748 3734 2802 declaratur:

2154 2831 2210 2885 2.
2243 2830 2489 2904 Princeps
2530 2843 2698 2888 autem
2744 2836 3060 2889 sacerdotum
3093 2836 3320 2890 Ananias
3362 2837 3599 2907 praecepit
3640 2836 3736 2888 ad-

2157 2923 2407 2978 stantibus
2440 2925 2534 2979 sibi
2577 2934 2832 2994 percutere
2876 2943 2932 2980 os
2971 2927 3100 2996 ejus.
3129 2927 3308 2982 Bonus
3333 2936 3485 2983 certe
3513 2938 3566 2982 et
3594 2926 3737 2980 mitis

2158 3014 2405 3083 princeps
2434 3015 2792 3070 sacerdotum.
2824 3016 2876 3071 5.
2908 3017 3048 3070 Tunc
3089 3016 3285 3072 Paulus
3325 3018 3454 3072 dixit
3491 3016 3558 3070 ad
3584 3032 3737 3070 eum:

2157 3105 2412 3160 Percutiet
2440 3115 2489 3160 te
2520 3105 2676 3174 Deus,
2703 3107 2869 3177 paries
2895 3107 3142 3162 dealbate.
3173 3106 3241 3161 Et
3266 3116 3319 3162 tu
3345 3108 3521 3162 sedens
3532 3106 3739 3177 judicas

2157 3213 2235 3251 me
2261 3197 2536 3252 secundum
2566 3197 2745 3268 legem,
2771 3207 2822 3253 et
2847 3207 3020 3252 contra
3046 3197 3208 3269 legem
3225 3197 3375 3268 jubes
3404 3214 3482 3250 me
3507 3196 3740 3267 percuti?

2156 3289 2209 3343 4.
2240 3287 2342 3355 Qui
2375 3298 2541 3342 autem
2565 3289 2834 3342 adstabant
2859 3289 3094 3343 dixerunt
3138 3289 3183 3343 ei
3215 3306 3237 3344 :
3267 3287 3540 3344 Summum
3569 3305 3738 3342 sacer-

2157 3379 2322 3431 dotem
2350 3377 2442 3430 Dei
2467 3377 2763 3432 maledicis?
2785 3379 2838 3434 5.
2881 3377 3025 3432 Dixit
3055 3387 3220 3432 autem
3247 3377 3448 3432 Paulus
3477 3397 3495 3432 .'
3528 3377 3735 3432 Nescie-

2155 3469 2290 3534 bam,
2323 3473 2524 3540 fratres,
2549 3470 2684 3538 qttod
2723 3470 2952 3538 princeps
2988 3473 3050 3523 sit
3084 3470 3400 3524 sacerdotum
3441 3474 3458 3522 ἒ
3497 3470 3739 3539 scripturn

2157 3570 2230 3615 est
2253 3562 2384 3614 enim
2410 3577 2427 3614 :
2453 3559 2744 3631 Principent
2773 3561 2951 3632 populi
2991 3562 3064 3615 tui
3100 3578 3200 3615 non
3230 3562 3496 3616 ntaledices
3541 3559 3735 3631 (Exod.

2156 3652 2247 3706 es.
2279 3652 2396 3722 ea).

2227 3741 2282 3794 2.
2325 3741 2552 3808 Quidam
2583 3742 2765 3798 dicunt
2793 3741 2940 3796 illum
2981 3743 3238 3798 scientem
3280 3759 3373 3812 per
3404 3743 3627 3797 ironiam
3657 3741 3738 3798 lo-

2159 3840 2381 3901 quutum
2427 3845 2548 3886 esse
2594 3850 2606 3885 :
2653 3832 2783 3885 mihi
2815 3841 2994 3886 autem
3029 3833 3239 3887 videtur
3291 3834 3465 3903 ipsum
3517 3833 3737 3888 omnino

2160 3921 2452 3978 nescivisse
2477 3922 2617 3991 quod
2647 3931 2788 3978 esset
2816 3923 3061 3994 princeps
3091 3923 3427 3980 sacerdotum
3462 3939 3475 3978 :
3501 3923 3735 3994 ali0quin

2161 4013 2307 4067 illum
2339 4014 2670 4068 houorasset.
2701 4013 2823 4069 Ideo
2853 4029 2974 4072 sese
3001 4023 3198 4085 purgat
3226 4024 3527 4080 accusatus,
3556 4025 3613 4070 et
3641 4015 3739 4069 ad.

2161 4105 2240 4158 dit
2267 4123 2280 4158 ε
2315 4104 2605 4176 Principent
2633 4106 2807 4176 papuli
2839 4107 2913 4159 tui
2942 4123 3042 4159 non
3073 4107 3362 4160 ntaledices.
3413 4105 3550 4170 Quid
3588 4120 3738 4174 ergo,

2162 4195 2406 4263 inquies?
2449 4195 2495 4247 si
2528 4197 2669 4248 enim
2710 4194 2957 4263 princeps
2983 4209 3089 4248 non
3123 4204 3303 4259 esset,
3351 4195 3511 4247 alium
3550 4202 3740 4248 contu-

2162 4284 2318 4338 melia
2349 4283 2566 4338 allicere
2594 4284 2922 4353 oportebat?
2965 4283 3222 4351 Minime;
3274 4286 3381 4339 imo
3420 4286 3741 4340 contumelia

2162 4375 2476 4429 alticientem
2518 4373 2658 4428 ferre
2687 4388 2783 4442 par
2811 4383 2946 4427 erat.
2993 4373 3121 4429 Jure
3163 4375 3250 4430 hic
3281 4387 3571 4446 quaeratur,
3613 4393 3744 4448 quo-

2161 4463 2322 4519 modo
2371 4465 2436 4530 is,
2466 4464 2556 4534 qui
2595 4463 2720 4518 alibi
2758 4462 2905 4531 dicit,
2950 4462 3076 4518 Cum
3100 4463 3467 4530 maledicimur,
3497 4467 3745 4520 benedici—

2165 4571 2272 4609 mus
2288 4572 2306 4620 ,°
2336 4571 2448 4609 cum
2479 4555 2911 4626 persequutionem
2938 4558 3177 4625 patimur,
3205 4555 3505 4612 sustinemus
3522 4557 3571 4628 (i
3588 4597 3600 4610 .
3622 4557 3739 4611 Cor.

2165 4650 2216 4702 b.
2250 4647 2371 4718 i2);
2402 4647 2490 4703 hic
2523 4647 2847 4704 contrarium
2877 4645 3023 4714 facit,
3067 4663 3167 4703 nec
3197 4649 3357 4704 modo
3390 4650 3741 4716 conviciatur,

2164 4739 2259 4796 sed
2287 4741 2446 4795 etiam
2478 4740 2790 4796 maledicit?
2829 4741 2983 4797 Absit
3009 4760 3024 4797 :
3057 4752 3303 4798 neutrum
3334 4744 3524 4800 horum
3552 4744 3745 4799 fecisse

2166 4831 2618 4902 deprehenditur;
2664 4831 2756 4887 sed
2799 4833 2844 4887 si
2873 4833 2992 4903 quis
3030 4843 3277 4889 accurate
3301 4836 3627 4901 consideret,
3677 4835 3743 4889 li-

2167 4924 2294 4979 bere
2337 4925 2604 4993 loquentis
2639 4925 2808 4996 magis
2833 4936 2957 4980 sunt
2988 4928 3171 4992 verba,
3216 4943 3373 4998 quam
3410 4929 3529 4983 irati
3561 4947 3576 4985 :
3607 4930 3745 4985 alio-

2168 5015 2294 5084 quin
2335 5028 2464 5069 vero
2498 5014 2716 5068 nolebat
2753 5015 2965 5071 tribuno
2997 5019 3414 5088 contemptibilis
3457 5020 3644 5074 videri.
3689 5020 3744 5076 Si

2168 5109 2310 5163 enim
2336 5107 2426 5162 ille
2450 5122 2481 5160 a
2502 5106 2821 5177 ﬂagellando
2843 5108 3119 5175 abstinuit,
3150 5119 3335 5181 utpote
3357 5111 3528 5180 ipsum
3549 5111 3748 5168 Judaeis

2171 5198 2479 5262 traditurus,
2530 5198 2672 5268 quod
2718 5215 2749 5253 a
2800 5199 3015 5256 famulis
3055 5200 3378 5269 mederetur,
3406 5203 3574 5272 magis
3603 5203 3747 5258 illum

2169 5289 2423 5344 audacem
2446 5288 2766 5346 reddidisset
2794 5308 2807 5345 :
2841 5290 2960 5346 ideo
2986 5307 3095 5348 non
3119 5291 3441 5360 ministrum,
3461 5293 3554 5348 sed
3577 5293 3745 5364 ipsum

2166 5381 2440 5450 jubentem
2468 5380 2796 5451 aggreditur.
2826 5380 2956 5436 illud
2984 5397 3130 5449 vero,
3177 5381 3356 5437 Paries
3377 5383 3629 5450 dealbate,
3669 5385 3749 5439 in-

2170 5478 2304 5546 quit,
2335 5484 2388 5528 tu
2408 5475 2586 5528 sedens
2600 5475 2807 5545 judicas
2837 5492 2916 5529 me
2935 5477 3214 5529 secundum
3243 5477 3421 5546 legem,
3449 5492 3513 5532 ac
3541 5478 3586 5532 si
3609 5477 3750 5532 dice-

2171 5577 2253 5623 ret
2289 5584 2301 5621 :
2336 5567 2480 5622 Reus
2523 5582 2643 5621 cum
2673 5568 2767 5633 sis,
2815 5577 2869 5622 et
2913 5567 3094 5622 multis
3142 5567 3312 5638 plagis
3350 5568 3561 5639 dignus.
3616 5568 3750 5624 Vide

2173 5675 2322 5730 ergo,
2351 5657 2619 5728 quomodo
2640 5674 2703 5714 ex
2728 5658 2844 5728 ejus
2872 5658 3081 5714 dicendi
3104 5659 3349 5716 libertate
3374 5661 3595 5732 populus
3631 5677 3747 5730 per-

2175 5751 2356 5808 culsus
2388 5750 2564 5808 fuerit.
2599 5751 2730 5808 Cum
2759 5754 2900 5808 enim
2931 5753 3254 5825 Oportuisset
3312 5764 3476 5811 unum
3528 5756 3744 5812 subver-
