4148 6152
425 370 534 425 335

431 460 792 559 tere,‘potius
836 484 1253 540 debacchantur.
1311 483 1405 539 ille
1448 499 1578 538 vero
1627 484 1797 553 legem
1838 482 2005 551 ipsam

435 578 585 649 legit,
617 586 673 632 ut
700 575 944 630 ostendat
973 589 1031 630 se
1064 589 1170 627 non
1191 588 1257 628 ex
1283 584 1448 639 metu,
1476 588 1574 628 nec
1599 573 1736 642 quod
1765 572 2010 642 indignus

435 680 581 727 esset
626 669 714 740 qui
753 668 985 733 audiret,
1035 667 1150 721 haec
1186 667 1405 735 dixisse,
1456 666 1551 722 sed
1593 667 1695 737 legi
1739 667 2013 737 obtempe-

433 776 601 818 rasse.
663 760 730 816 Et
770 760 990 815 omnino
1031 772 1314 828 persuasus
1357 773 1475 812 sum
1519 758 1809 813 nescivisse
1838 758 2009 823 illum,

430 853 572 924 quod
601 854 848 925 princeps
878 850 1214 906 sacerdotum
1246 856 1409 917 esset,
1451 854 1595 919 quod
1640 859 1759 920 post
1800 850 2011 919 longum

431 955 644 1015 tempus
671 943 936 1004 rediisset,
967 956 1066 998 nec
1087 942 1388 1010 frequenter
1409 940 1625 997 Judaeos
1651 939 2010 1006 convenisset,

430 1034 748 1104 videretque
787 1048 909 1088 eum
956 1032 1010 1086 in
1052 1031 1229 1087 medio
1267 1031 1492 1087 aliorum
1548 1032 1875 1086 multorum:
1909 1046 2011 1085 non

432 1125 579 1180 enim
605 1123 917 1179 manifestus
938 1130 1049 1178 erat
1071 1122 1320 1193 princeps
1344 1121 1682 1179 sacerdotum
1714 1121 1852 1176 inter
1881 1121 2016 1174 mul-

436 1229 517 1270 tos
543 1226 596 1273 et
622 1215 862 1271 diversos
890 1215 1126 1270 adstans.
1158 1214 1231 1269 Ita
1251 1214 1384 1268 mihi
1403 1213 1610 1268 videtur
1637 1212 1759 1267 illos
1788 1212 2008 1282 alloqui.

436 1305 728 1361 ostendens
754 1319 813 1360 se
843 1304 944 1375 legi
971 1304 1383 1374 obtemperare;
1415 1302 1638 1372 ideoque
1658 1315 1777 1357 sese
1805 1310 2011 1372 purgat.

434 1394 540 1452 Sed
568 1393 817 1465 superius
841 1395 981 1450 dicta
1005 1401 1332 1464 repetamus.
1368 1391 1549 1447 Oranti
1577 1392 1703 1446 mihi
1726 1393 1779 1447 in
1808 1392 2012 1462 templo,

438 1486 630 1557 inquit,
655 1486 840 1539 accidit
883 1493 936 1539 ut
968 1485 1023 1539 in
1065 1484 1253 1539 exstasi
1295 1483 1487 1554 ﬁerem.
1515 1481 1586 1539 Ut
1626 1483 1874 1538 ostendat
1910 1498 2015 1537 non

436 1576 770 1646 phantasiam
809 1574 994 1640 fuisse,
1051 1573 1172 1630 ideo
1220 1573 1425 1629 addidit
1463 1573 1612 1640 illud,
1655 1571 1835 1627 Oranti
1869 1574 2013 1627 mini.

439 1668 650 1724 Festina
687 1678 734 1723 et
771 1669 852 1724 exi
883 1668 1004 1736 cito,
1036 1668 1226 1739 inquit,
1253 1668 1373 1739 quia
1393 1668 1730 1723 testimonium
1752 1677 1892 1721 tuum
1916 1683 2017 1721 non

434 1762 694 1833 recipient.
746 1761 846 1817 llic
866 1761 1121 1829 ostendit,
1144 1775 1203 1816 se
1224 1776 1329 1816 non
1361 1762 1719 1831 periculorum
1762 1768 1908 1814 metu
1950 1759 2019 1814 ab

436 1853 546 1908 illis
567 1852 838 1924 effugisse,
875 1850 966 1907 sed
992 1851 1116 1923 quia
1148 1866 1254 1906 non
1284 1852 1584 1921 suscepturi
1612 1859 1766 1905 erant
1789 1849 2018 1904 testimo-

436 1943 582 1998 nium
608 1958 784 1999 suum.
809 1943 919 1999 Cur
939 1958 1068 1999 vero
1088 1942 1243 2007 dixit,
1263 1941 1375 2012 Ipsi
1397 1943 1582 2005 sciunt,
1605 1941 1742 2013 quod
1767 1957 1858 2012 ego
1884 1957 2020 1995 erant

434 2035 654 2107 alligans
677 2035 703 2089 .’
730 2035 847 2091 Non
868 2033 1082 2091 Christo
1102 2034 1498 2102 contradicens,
1526 2033 1693 2099 absit;
1721 2033 1815 2089 sed
1837 2033 2021 2101 volens

436 2125 646 2181 discere
668 2133 775 2180 tam
807 2125 1052 2181 mirabile
1076 2122 1234 2195 opus.
1286 2123 1448 2188 Vade,
1476 2123 1667 2194 inquit,
1695 2124 1815 2193 quia
1837 2140 1928 2194 ego
1954 2122 2022 2176 ad

439 2227 610 2288 gentes
638 2218 817 2288 procul
834 2214 1248 2271 mittamte.Vide
1267 2230 1281 2268 :
1300 2230 1403 2270 non
1425 2213 1605 2270 docuit
1621 2229 1742 2268 eum
1759 2213 2019 2278 Christus,

439 2309 567 2379 quid
595 2317 872 2378 oporteret
889 2308 1091 2373 facere;
1119 2306 1213 2363 sed
1234 2308 1370 2362 dixit
1390 2316 1592 2362 tantum
1611 2316 1669 2361 ut
1684 2306 1874 2372 abiret,
1900 2307 2020 2362 ille-

442 2414 550 2469 que
568 2400 884 2471 obsequitur
918 2421 931 2457 :
961 2400 1095 2455 adeo
1142 2400 1438 2471 morigerus
1481 2408 1615 2456 erat.
1649 2399 1713 2453 Et
1742 2401 2022 2455 [citaverunt

443 2506 612 2545 uocem
639 2507 806 2559 suam,
835 2491 1027 2562 inquit,
1058 2492 1276 2546 dicentes
1306 2506 1325 2544 :
1350 2487 1491 2545 Tolle
1537 2506 1689 2555 eum;
1744 2507 1843 2546 non
1892 2493 2025 2547 enim

450 2582 680 2636 convenit
703 2590 759 2637 ut
784 2582 935 2637 vivat.
962 2580 1007 2638 Ο
1033 2582 1309 2637 audaciam
1336 2589 1348 2637 !
1403 2582 1559 2638 Certe
1586 2597 1681 2637 vos
1708 2585 1885 2638 vivere
1916 2598 2024 2637 nun

445 2674 717 2740 convenit,
760 2688 865 2729 non
899 2675 1025 2729 item
1073 2673 1141 2729 de
1170 2672 1273 2730 hoc
1301 2673 1528 2740 dicatur,
1560 2675 1649 2744 qui
1692 2675 1745 2728 in
1776 2675 2025 2731 omnibus

441 2765 553 2818 Deo
578 2763 909 2834 obsequitur.
935 2763 980 2818 0
1002 2763 1214 2820 scelesti
1248 2773 1301 2819 et
1322 2763 1635 2820 homicidae!
1670 2763 1736 2819 Et
1765 2766 2022 2821 excutien-

441 2864 517 2910 tes
555 2865 728 2922 uestes,
777 2855 966 2925 inquit,
998 2855 1252 2926 pulverem
1299 2856 1577 2911 mittebant.
1627 2854 1695 2912 Ut
1725 2856 2023 2925 graviorem

443 2947 742 3002 excitarent
792 2945 1132 3011 seditionem,
1164 2945 1268 3001 hoc
1317 2945 1604 3012 faciebant,
1649 2954 1743 3000 aut
1780 2954 1837 3001 ut
1874 2946 2024 3017 prin-

443 3039 620 3108 cipem
666 3046 950 3094 terrerent.
979 3038 1047 3093 Et
1069 3038 1192 3093 vide
1221 3055 1235 3093 :
1272 3052 1378 3091 non
1428 3037 1610 3092 dicunt
1638 3052 1874 3101 causam,
1902 3040 2027 3109 quia

448 3131 580 3187 nihil
638 3130 923 3187 dicendum
990 3130 1293 3196 habebant,
1342 3131 1436 3185 sed
1479 3128 1715 3183 clamore
1758 3142 1818 3184 se
1860 3139 2029 3185 terro-

445 3239 561 3279 rem
593 3224 833 3279 incutere
864 3230 1080 3294 putant:
1100 3222 1245 3293 atqui
1274 3220 1342 3276 ab
1366 3220 1765 3277 accusatoribus
1784 3222 2029 3279 ediscen-

450 3316 575 3373 dum
600 3324 732 3372 erat.
763 3316 832 3370 Et
857 3315 1087 3371 tribunus
1118 3315 1303 3381 timuit,
1349 3314 1539 3384 inquit,
1572 3329 1872 3384 cognoscens
1897 3316 2031 3386 quod

447 3411 712 3464 Romanus
738 3418 883 3464 esset.
909 3407 1026 3464 Non
1052 3416 1168 3464 erat
1191 3422 1318 3478 ergo
1346 3406 1703 3473 mendacium,
1729 3407 1868 3477 quod
1894 3407 2028 3462 Pau-

455 3502 541 3556 lus
564 3502 768 3557 diceret
787 3515 846 3555 se
858 3500 1156 3557 Romanum
1179 3514 1319 3554 esse.
1351 3498 1416 3553 Et
1434 3497 1582 3553 solvit
1605 3513 1717 3552 eum
1740 3515 1772 3552 a
1800 3498 2028 3565 vinculis,

455 3593 645 3661 inquit,
695 3601 743 3646 et
797 3592 1052 3646 adducens
1100 3591 1276 3644 statuit
1325 3606 1437 3644 eum
1486 3591 1539 3644 in
1581 3590 1869 3644 concilium.
1923 3589 2033 3646 [loc

453 3679 736 3750 oportebat
788 3679 997 3748 facere,
1049 3694 1223 3751 neque
1272 3679 1408 3734 velle
1459 3678 1746 3750 ﬂagellare,
1801 3679 1897 3735 sed
1943 3695 2032 3736 re-

454 3774 697 3843 linquere
751 3787 872 3828 eum
906 3814 922 3840 ,
979 3772 1070 3844 qui
1127 3771 1260 3827 nihil
1314 3771 1542 3827 vinculis
1596 3770 1814 3842 dignum
1871 3769 2032 3827 fecis-

455 3878 560 3924 set.
612 3865 681 3920 Et
724 3866 873 3920 soluit
906 3882 1042 3933 eum,
1091 3866 1275 3935 inquit,
1308 3875 1353 3919 et
1382 3866 1449 3919 ad
1477 3865 1593 3920 illos
1632 3864 1867 3919 adduxit.
1923 3864 2035 3919 Hoc

458 3957 689 4013 maxime
718 3956 735 3990 ‘
761 3957 950 4013 anxios
974 3956 1205 4012 reddidit
1256 3955 1491 4011 Judaros.
1546 3954 1820 4009 Intendens
1867 3964 2036 4009 autem

455 4050 657 4107 Paulus
698 4053 753 4109 in
791 4049 1082 4114 concilium,
1113 4048 1301 4120 inquit,
1344 4047 1513 4103 dixit:
1552 4046 1658 4101 Viri
1687 4050 1892 4116 fratres.
1938 4047 2037 4102 llic

453 4160 515 4201 se
566 4145 816 4200 fidentem
863 4143 1118 4210 ostendit,
1163 4150 1218 4198 et
1273 4140 1710 4211 imperterritum.
1759 4138 1866 4196 Sed
1917 4138 2038 4195 vide

453 4238 666 4293 illorum
706 4238 1094 4308 petulantiam;
1136 4233 1409 4306 subjunxit
1434 4233 1577 4289 enim
1608 4251 1621 4288 :
1651 4232 1900 4303 Princeps
1943 4249 2039 4287 au-

454 4339 553 4384 tem
596 4329 915 4384 sacerdotum
944 4329 1171 4384 Ananias
1224 4327 1461 4398 praecepit
1491 4334 1546 4382 ut
1596 4334 1940 4399 percuteretur
1981 4342 2039 4381 os

460 4421 588 4490 ejus.
618 4418 726 4476 Cur
769 4420 1038 4491 percutis?
1075 4418 1200 4490 quid
1230 4418 1372 4474 enim
1397 4418 1842 4474 contumeliosum
1862 4417 2038 4472 dixit?

456 4508 502 4564 Ο
530 4509 946 4579 impudentiam!
983 4524 1017 4564 o
1041 4508 1346 4564 audaciam!
1379 4507 1518 4562 Tunc
1540 4506 1733 4561 Paulus
1758 4508 1886 4562 dixit
1907 4508 1986 4562 illi
2021 4523 2039 4563 :

459 4599 719 4656 Percutiet
762 4608 808 4654 te
829 4599 989 4667 Deus,
1016 4600 1184 4670 paries
1212 4597 1461 4651 dealbate.
1492 4598 1670 4666 νίψω,
1698 4597 2033 4652 libertatem!

456 4692 539 4748 0b
587 4689 896 4762 hypocrisin
934 4701 988 4744 et
1043 4689 1375 4758 iniquitatem
1419 4687 1566 4741 illum
1615 4687 1885 4741 traducit:
1919 4687 2040 4743 ideo

453 4781 617 4838 etiam
664 4779 995 4849 reprimitur.
1023 4779 1142 4849 ipse
1169 4793 1296 4833 vero
1319 4777 1513 4833 dubius
1541 4792 1608 4833 ne
1636 4776 1797 4832 audet
1824 4778 2037 4848 quidem

457 4872 639 4945 loqui;
688 4870 783 4928 sed
828 4871 918 4943 qui
967 4872 1116 4940 juxta
1173 4869 1324 4925 illum
1353 4877 1537 4936 erant,
1581 4870 1696 4941 ejus
1740 4871 2037 4929 libertatem

458 4981 566 5023 non
596 4962 850 5021 tulerunt.
902 4964 978 5019 lta
1022 4962 1274 5018 videbant
1320 4963 1594 5020 hominem
1649 4972 1875 5020 mortem
1930 4980 2036 5021 non

458 5066 761 5126 curantem,
808 5066 997 5113 etnon
1023 5056 1411 5112 sustinuerunt.
1460 5054 1782 5125 Nesciebam,
1834 5057 2034 5129 inquit,

458 5150 596 5222 quod
623 5164 848 5207 summus
886 5146 1122 5202 sacerdos
1145 5149 1229 5202 sit.
1279 5148 1419 5219 Ergo
1439 5163 1504 5204 ex
1535 5149 1829 5220 ignorantia
1859 5152 2037 5208 incre-

458 5242 602 5311 patio
628 5241 766 5295 fuit:
800 5240 899 5295 nisi
926 5241 1067 5295 enim
1093 5240 1193 5295 hoc
1219 5250 1382 5307 esset,
1412 5241 1502 5296 illo
1540 5253 1760 5312 accepto
1795 5244 2034 5313 abiisset,

455 5348 555 5389 nec
583 5332 853 5399 tacuisset,
895 5341 1053 5403 atque
1083 5332 1256 5401 ipsum
1284 5332 1387 5386 illis
1424 5332 1665 5389 tribunus
1710 5335 2032 5391 tradidisset.

525 5426 580 5482 ‘5.
612 5424 710 5481 llic
735 5439 898 5496 porro
924 5424 1157 5480 ostendit
1185 5439 1244 5480 se
1273 5424 1501 5481 libenter
1536 5427 1650 5482 lucc
1682 5427 1786 5496 pati
1820 5443 1833 5479 :
1868 5435 2029 5498 atque

458 5517 529 5570 ita
557 5516 819 5572 rationem
843 5516 1022 5573 reddit
1048 5533 1170 5573 cum
1212 5518 1317 5573 illis
1346 5559 1361 5584 ,
1404 5516 1508 5589 legi
1533 5533 1591 5575 se
1621 5520 1839 5590 obsequi
1867 5563 1882 5588 ,
1931 5537 2034 5576 non

458 5607 565 5662 illis
606 5606 1012 5678 demonstrans;
1051 5625 1172 5665 nam
1220 5609 1341 5665 illos
1388 5610 1675 5665 admodum
1727 5612 2032 5667 damnabat.

531 5745 544 5774 ¹
580 5743 637 5793 lu
665 5735 823 5809 lfibus
840 5739 989 5809 Codd.
1027 5746 1211 5809 legitur
1237 5760 1249 5795 :
1283 5756 1379 5797 Hoc
1400 5745 1642 5809 oportebat
1673 5747 1834 5808 facere
1858 5746 1916 5797 ab
1940 5748 2032 5801 ini-

465 5802 549 5848 UO.
571 5822 591 5853 α
608 5802 815 5855 solutum
839 5814 900 5855 ait
927 5807 1033 5857 illos
1076 5802 1301 5859 adduxit.
1325 5826 1348 5854 ν
1383 5802 1483 5860 Hoc
1508 5802 1735 5867 minime,
1761 5818 1857 5857 etc.

1154 368 1208 426 S.
1246 364 1522 427 JOANNIS
1556 367 2024 425 CIIRYSOSTOMI
2061 367 2376 425 ARCHIEP.
2416 365 2949 426 CONSTANTINOP.

3601 375 3702 432 336

2118 482 2346 555 Propter
2384 483 2555 555 legem
2600 484 2761 554 igitur
2801 485 3062 539 rationem
3088 483 3290 552 reddit,
3343 502 3446 542 non
3489 499 3705 559 propter

2118 574 2410 646 populum;
2438 584 2492 631 et
2515 575 2637 645 jure
2665 575 2880 645 quidem
2912 591 2926 627 :
2960 589 3082 630 nam
3113 591 3235 631 eum
3258 618 3273 642 ,
3323 577 3411 647 qui
3457 593 3517 633 se
3566 579 3702 634 nihil

2118 667 2354 734 laeserat,
2384 676 2437 723 et
2464 668 2801 724 innocentem
2832 666 3079 722 occidere
3108 667 3347 737 iniquum
3375 676 3511 723 erat.
3541 669 3705 741 igitur

2117 758 2259 829 quod
2285 760 2353 814 ab
2384 759 2473 813 illo
2498 759 2698 814 dictum
2728 767 2813 814 est
2834 799 2851 824 ,
2897 773 3003 814 non
3045 759 3368 815 contumelia
3410 768 3566 828 erat;
3598 761 3703 819 nisi

2118 850 2239 920 quis
2261 849 2404 904 dicat
2428 848 2699 905 Christum
2729 849 3111 905 contumeliam
3143 848 3404 919 proferre,
3429 865 3550 905 cum
3582 851 3657 906 ait
3685 868 3702 905 :

2128 939 2216 996 Va:
2234 942 2370 997 vobis
2392 941 2568 996 scribis
2594 951 2640 995 et
2667 940 2970 1006 Phariswis,
2998 941 3117 1011 quia
3140 939 3328 994 similes
3355 941 3473 995 estis
3498 942 3705 1012 parieti-

2120 1033 2209 1089 bus
2236 1032 2482 1088 dealbatis
2521 1032 2734 1107 (Matth.
2763 1033 2854 1089 25.
2890 1033 3008 1103 27).
3042 1034 3235 1100 Etiam,
3264 1033 3508 1103 inquies;
3537 1033 3630 1088 sed
3659 1034 3705 1088 si

2120 1134 2403 1196 antequam
2429 1126 2806 1182 verberaretur
2832 1125 2934 1181 hoc
2954 1124 3198 1192 dixisset,
3232 1140 3337 1180 non
3371 1124 3560 1181 fuisset
3588 1126 3703 1187 irte.

2119 1216 2212 1271 sed
2243 1217 2471 1272 ﬁduciae.
2500 1216 2698 1272 Verum
2741 1231 2954 1272 causam
2992 1216 3124 1282 dixi,
3156 1216 3296 1287 quod
3323 1217 3491 1273 nollet
3514 1216 3706 1287 despe-

2121 1310 2227 1365 ctui
2263 1310 2468 1367 haberi.
2503 1311 2661 1381 Atqui
2707 1325 2848 1380 sarpe
2871 1310 3117 1365 Christus
3145 1308 3358 1365 Judicos
3384 1309 3704 1365 contumelia

2120 1400 2297 1456 alfecit
2318 1443 2334 1469 ,
2361 1402 2476 1472 ipse
2511 1401 2834 1456 contumelia
2877 1400 3105 1456 allectus
3128 1442 3143 1467 ,
3174 1409 3231 1456 ut
3258 1416 3379 1456 cum
3408 1401 3539 1456 dicit
3568 1403 3583 1456 ἑ
3627 1401 3707 1455 Ne

2124 1492 2307 1562 putetis
2349 1494 2484 1563 quod
2508 1508 2599 1563 ego
2640 1508 2870 1546 accusem
2897 1508 2984 1546 vos
3030 1489 3212 1564 (Joan.
3261 1491 3315 1547 5.
3344 1491 3459 1561 45).
3507 1492 3575 1546 At
3603 1490 3705 1546 hoc

2125 1582 2446 1639 contumelia
2468 1591 2692 1648 nonest,
2716 1583 2874 1637 absit.
2895 1582 3028 1637 Vide
3045 1596 3173 1651 ergo
3196 1595 3314 1636 cum
3342 1592 3538 1652 quanta
3559 1596 3708 1635 man-

2122 1673 2406 1729 suetudine
2435 1674 2555 1728 illos
2581 1673 2904 1742 alloquatur.
2951 1669 3250 1725 Nesciebam
3270 1712 3286 1737 ,
3319 1671 3523 1740 inquit,
3569 1669 3706 1738 quod

2123 1781 2346 1819 summus
2366 1764 2598 1819 sacerdos
2623 1764 2717 1819 Dei
2741 1773 2888 1818 esset.
2913 1762 3026 1818 Hoc
3046 1762 3199 1830 dixit,
3231 1776 3404 1832 neque
3426 1761 3512 1816 hic
3536 1760 3703 1827 stetit;

2124 1856 2219 1911 sed
2245 1855 2535 1911 ostendens
2558 1869 2617 1910 se
2641 1870 2749 1910 non
2779 1855 2981 1911 ironice
3011 1854 3176 1924 loqui,
3202 1852 3387 1909 addit:
3412 1850 3703 1922 Princs'pcm

2125 1946 2303 2018 populi
2327 1949 2400 2001 tui
2427 1965 2527 2002 non
2552 1948 2837 2002 maledices.
2871 1946 3061 2002 Viden’
3086 1946 3353 2016 quomodo
3380 1945 3526 2000 illum
3556 1944 3701 2013 prin-

2124 2038 2296 2107 cipem
2321 2038 2494 2093 adhuc
2517 2037 2838 2094 conﬁtetur?

2199 2131 2542 2187 Mansuetudo
2566 2130 2964 2186 commendatur.
2981 2160 3050 2170 --
3073 2129 3351 2185 Discamus
3379 2141 3507 2198 ergo
3526 2135 3580 2180 et
3606 2141 3704 2181 nos

2126 2222 2608 2288 mansuetudinem,
2640 2231 2700 2276 ut
2721 2222 2772 2276 in
2797 2221 3039 2291 utrisque
3066 2220 3235 2275 simus
3263 2218 3506 2288 perfecti.
3537 2217 3699 2272 Multa

2126 2316 2269 2370 enim
2295 2313 2634 2369 accuratione
2655 2327 2789 2384 opus
2813 2320 2922 2379 est,
2949 2319 3008 2366 ut
3028 2310 3262 2366 discatur
3282 2307 3407 2379 quid
3436 2308 3558 2369 hoc,
3580 2308 3705 2378 quid

2127 2406 2259 2462 illud
2286 2407 2355 2461 sit
2396 2404 2779 2460 :accuratione
2825 2412 3005 2458 autem
3044 2416 3180 2472 opus
3221 2409 3333 2468 est,
3363 2400 3488 2470 quia
3537 2399 3706 2453 vicina

2127 2508 2254 2554 sunt
2280 2496 2562 2552 virtutibus
2588 2495 2716 2551 vitia
2739 2535 2754 2562 ,
2785 2492 2998 2550 dicendi
3029 2492 3260 2549 libertati
3287 2490 3532 2559 audacia,
3560 2505 3709 2544 man-

2127 2589 2391 2646 suetudini
2406 2588 2631 2659 ignavia.
2648 2585 2957 2643 Cavendum
2976 2592 3152 2640 autem
3175 2591 3279 2652 est,
3298 2598 3367 2638 ne
3381 2583 3502 2653 quis
3522 2581 3706 2636 vitium

2131 2690 2317 2737 tenens
2339 2680 2591 2735 virtutem
2615 2692 2674 2734 se
2705 2685 2854 2748 putet
2883 2675 3124 2741 habere;
3156 2682 3213 2728 ut
3237 2673 3282 2729 si
3311 2674 3433 2743 quis
3460 2672 3711 2742 opinetur

2129 2770 2355 2842 sejungi
2372 2770 2624 2837 dominre,
2653 2767 2779 2823 dum
2800 2766 3041 2838 jungitur
3068 2765 3294 2820 ancillae.
3317 2762 3456 2832 Quid
3481 2772 3561 2819 est
3582 2777 3710 2832 ergo

2131 2861 2482 2918 mansuetudo
2505 2899 2523 2928 ,
2562 2868 2618 2916 et
2643 2858 2769 2929 quid
2810 2866 2893 2913 est
2924 2855 3174 2928 ignavia?
3198 2854 3334 2910 Cum
3380 2854 3516 2908 alios
3554 2854 3710 2907 la:er

2132 2969 2240 3010 non
2278 2952 2651 3017 defendimus,
2692 2948 2786 3005 sed
2829 2957 3103 3014 tacemus,
3148 2944 3280 3000 illud
3325 2952 3410 2999 est
3443 2944 3648 3016 ignavia
3688 2955 3710 2997 :

2130 3044 2346 3116 quando
2371 3050 2550 3098 autem
2576 3040 2716 3096 male
2740 3038 2916 3095 allecti
2943 3037 3232 3093 toleramus
3252 3077 3267 3102 ,
3299 3035 3430 3090 illud
3461 3044 3544 3089 est
3565 3050 3712 3089 mau-

2131 3136 2379 3193 suetudo.
2421 3134 2558 3203 Quid
2598 3142 2683 3190 est
2726 3131 2978 3203 loquendi
3021 3130 3282 3186 libertas?
3323 3128 3457 3183 illud
3499 3128 3709 3198 ipsum,

2131 3243 2252 3284 cum
2278 3242 2377 3298 pro
2402 3227 2523 3282 aliis
2548 3226 2908 3281 decertamus.
2927 3222 3063 3291 Quid
3085 3221 3348 3277 audacia?
3373 3219 3600 3287 Quando
3618 3230 3714 3272 nes

2133 3321 2285 3391 ipsos
2326 3317 2507 3374 ulcisci
2539 3317 2802 3372 volumus.
2848 3314 3032 3385 Itaque
3080 3312 3242 3369 simul
3277 3312 3571 3383 junguntur
3598 3324 3713 3364 ma-

2132 3412 2452 3484 gnanimitas
2492 3418 2546 3466 et
2587 3409 2800 3464 dicendi
2841 3408 3090 3473 libertas;
3123 3407 3359 3476 itemque
3412 3402 3626 3459 audacia
3659 3410 3713 3455 et

2135 3506 2364 3578 ignavia.
2396 3505 2496 3572 Qui
2524 3504 2667 3560 enim
2695 3519 2793 3574 pro
2819 3503 2999 3574 seipso
3028 3518 3134 3559 non
3163 3501 3329 3567 dolet,
3360 3501 3446 3554 vix
3468 3513 3563 3569 pro
3592 3496 3713 3551 aliis

2135 3598 2373 3666 dolebit;
2406 3598 2497 3668 qui
2538 3612 2667 3652 vero
2701 3597 2936 3666 seipsum
2970 3610 3076 3649 non
3123 3593 3398 3649 ulciscitur
3420 3633 3436 3659 ,
3466 3591 3553 3644 vix
3580 3588 3716 3642 alios

2136 3706 2242 3745 non
2273 3690 2581 3744 ulciscrtur.
2626 3688 2759 3744 Cum
2789 3686 2933 3742 enim
2961 3700 3139 3742 mores
3178 3693 3302 3739 sunt
3324 3698 3354 3737 a
3382 3681 3717 3752 passionihus

2138 3781 2286 3851 puri,
2314 3781 2564 3835 virtutem
2592 3777 2898 3834 admittunt.
2927 3775 2998 3832 Ut
3026 3790 3221 3844 corpus
3261 3791 3291 3827 a
3332 3772 3467 3828 febri
3492 3771 3716 3826 liberum

2136 3873 2301 3929 robur
2338 3872 2559 3943 accipit,
2592 3871 2669 3925 sic
2715 3869 2892 3924 anima
2921 3865 3260 3938 passionihus
3288 3879 3394 3920 non
3425 3871 3679 3931 corrupta
3701 3901 3717 3924 ,

2139 3962 2501 4019 fortitudinem
2522 3960 2735 4031 accipit.
2763 3959 2963 4030 Magna:
2989 3956 3318 4013 fortitudinis
3347 3953 3605 4010 indicium
3637 3960 3719 4007 est

2140 4054 2532 4111 mansuetudo:
2561 4066 2822 4123 generosa
2861 4059 2916 4106 et
2940 4050 3078 4106 virili
3106 4049 3287 4103 anima
3324 4044 3721 4113 admodumque

2141 4146 2353 4202 sublimi
2371 4159 2506 4216 opus
2522 4143 2684 4199 habet
2709 4141 3078 4199 mansuetudo.
3094 4141 3176 4194 An
3191 4153 3374 4209 parum
3395 4150 3516 4192 esse
3528 4143 3687 4205 putas
3701 4174 3717 4199 ,

2141 4237 2280 4292 male
2306 4235 2448 4291 affici
2477 4243 2531 4290 et
2559 4235 2665 4304 pati
2694 4275 2708 4300 ,
2749 4241 2806 4289 et
2833 4247 2940 4288 non
2979 4228 3327 4300 exasperari?
3365 4226 3721 4283 Nec’aberra-

2140 4329 2312 4397 verit,
2341 4327 2432 4396 qui
2457 4340 2640 4381 curam
2658 4324 2887 4395 proximi
2906 4323 2989 4378 sui
3015 4320 3375 4378 fortitudinem
3408 4316 3719 4373 vocaverit:

2142 4419 2233 4492 qui
2258 4421 2401 4475 enim
2433 4425 2636 4473 tantum
2663 4415 2864 4480 valuit,
2895 4425 2953 4469 ut
2982 4421 3182 4468 tantam
3212 4411 3514 4480 passionem
3546 4407 3722 4462 vince-

2142 4522 2261 4579 ret,
2304 4512 2461 4567 aliam
2490 4524 2702 4581 quoque
2731 4507 2943 4580 aggredi
2969 4505 3203 4561 audebit.
3236 4502 3479 4572 Exempli
3517 4515 3675 4555 causa
3704 4540 3719 4564 ,

2142 4604 2262 4660 duae
2292 4604 2566 4674 passiones
2593 4611 2718 4657 sunt
2744 4602 2902 4656 timor
2929 4608 2984 4655 et
3009 4599 3086 4654 ira
3116 4616 3131 4652 :
3157 4599 3203 4653 si
3226 4597 3357 4651 iram
3383 4606 3722 4665 compescite-

2143 4698 2251 4765 ris,
2294 4697 2540 4753 timorem
2588 4704 2736 4751 certe
2772 4693 2988 4757 vinces;
3020 4690 3154 4746 iram
3191 4698 3369 4744 autem
3419 4687 3590 4740 vincis
3614 4725 3629 4750 ,
3676 4685 3720 4739 si

2144 4797 2454 4845 mansuetus
2496 4787 2570 4842 sis
2615 4803 2628 4840 :
2661 4785 2820 4856 igitur
2850 4793 2904 4839 et
2943 4782 3186 4837 timorem
3218 4780 3402 4835 vinces
3426 4820 3440 4844 ,
3482 4778 3527 4832 si
3569 4775 3722 4831 fortis

2144 4880 2326 4935 fueris.
2358 4879 2564 4935 Rursus
2608 4877 2652 4931 si
2692 4877 2825 4931 iram
2874 4888 2978 4928 non
3011 4872 3231 4937 viceris,
3274 4870 3443 4926 audax
3489 4870 3636 4934 eris;
3678 4868 3721 4921 si

2144 4982 2321 5028 autem
2352 4972 2455 5027 hoc
2484 4971 2668 5026 vitium
2713 4983 2820 5024 non
2847 4965 3215 5035 superaveris,
3263 4976 3436 5034 neque
3479 4962 3724 5015 timorem

2144 5080 2397 5135 superare
2422 5064 2621 5135 poteris
2653 5082 2667 5118 :
2696 5062 2874 5133 itaque
2897 5058 3276 5116 formidolosus
3302 5058 3444 5122 eris;
3468 5055 3725 5125 idipsum-

2142 5171 2246 5227 que
2274 5157 2497 5223 accidit,
2547 5170 2610 5211 ac
2652 5155 2695 5209 si
2736 5167 2932 5223 corpus
2961 5152 3031 5207 ita
3069 5150 3247 5207 debile
3286 5149 3447 5205 fuerit
3489 5157 3544 5203 et
3583 5147 3725 5202 male

2146 5257 2494 5319 temperatum
2516 5288 2531 5313 ,
2558 5255 2619 5302 ut
2637 5245 2843 5301 nullum
2871 5242 3041 5315 possit
3070 5241 3212 5298 ferre
3233 5240 3471 5295 laborem
3502 5257 3514 5293 :
3544 5238 3722 5292 statim

2147 5341 2230 5397 vel
2259 5357 2288 5394 a
2318 5340 2514 5411 frigore
2542 5339 2626 5394 vel
2652 5353 2682 5392 a
2713 5337 2893 5393 calore
2919 5335 3179 5405 abripitur
3211 5351 3225 5389 :
3256 5333 3359 5388 tale
3386 5346 3614 5400 namque
3642 5338 3726 5386 cst

2145 5433 2198 5487 id
2241 5474 2255 5499 ,
2285 5432 2425 5503 quod
2468 5440 2551 5489 est
2584 5431 2722 5486 male
2776 5438 3161 5500 temperatum;
3189 5426 3333 5497 quod
3375 5436 3554 5481 autem
3587 5423 3725 5478 bene

2147 5534 2500 5596 temperatum
2526 5532 2640 5592 est,
2665 5526 2844 5579 omnia
2872 5522 3122 5577 sustinet.
3165 5518 3398 5575 Rursum
3445 5513 3723 5586 magnani-

2145 5619 2301 5674 mitas
2320 5619 2488 5673 virtus
2511 5628 2595 5672 est
2611 5658 2626 5682 ,
2650 5616 2831 5687 illique
2856 5615 3027 5670 vicina
3051 5622 3135 5670 est
3163 5611 3508 5683 prodigalitas
3538 5628 3549 5662 :
3576 5622 3719 5666 (eco-

2147 5712 2323 5765 nomia
2368 5710 2541 5764 virtus
2581 5717 2696 5773 est,
2739 5707 2945 5777 ipsique
2972 5705 3143 5760 vicina
3172 5714 3256 5760 est
3295 5700 3625 5773 parcimunia
3669 5706 3719 5751 et

2148 5801 2414 5858 sordities.
2451 5802 2557 5872 Age
2589 5814 2961 5870 ergo,rursum
2989 5797 3209 5855 virtutes
3241 5793 3573 5865 colligamus.
