4148 6152
350 342 456 400 335

352 478 465 527 σαι,
488 458 659 514 ταῦτα
681 459 853 523 οὕτως
874 460 1044 525 εἶπεν,
1071 461 1205 515 ἀλλὰ
1235 461 1310 532 τῷ
1334 464 1486 533 νόμῳ
1514 463 1606 518 καὶ
1632 462 1865 517 ἐνταῦθα
1892 478 2010 514 πει-

348 548 594 618 θόμενος.
644 548 754 601 Kal
794 549 997 619 σφόδρα
1042 548 1298 618 πείθομαι
1336 549 1409 619 μὴ
1444 550 1638 602 εἰδέναι
1680 549 1872 611 αὐτὸν,
1923 549 2005 601 ὃτι

346 635 635 706 ἀρχιερεύς
657 638 789 697 ἐστι,
812 635 901 688 διὰ
929 636 1143 708 μακροῦ
1177 636 1273 706 μὲν
1302 637 1661 690 ἐπανελθόντα
1692 637 1907 707 χρόνου,
1933 635 2005 706 μὴ

347 723 733 791 συγγινόμενον
783 721 839 775 δὲ
896 723 1136 793 συνεχῶς
1200 723 1492 788 Ἰουδαίοις,
1545 725 1755 794 ὁρῶντα
1800 725 1858 777 δὲ
1911 725 2005 777 καὶ

344 809 548 862 ἐκεῖνον
577 810 634 860 ἐν
653 808 732 878 τῷ
755 809 905 878 μέσῳ
929 809 1067 878 μετὰ
1091 809 1303 862 πολλῶν
1327 811 1420 863 καὶ
1443 811 1664 883 ἐτέρων·
1692 812 1873 865 οὐκέτι
1895 812 2005 882 γὰρ

342 893 501 963 δῆλος
518 889 587 964 ἦν
613 895 642 946 6
662 895 956 964 ἀρχιερεὺς
985 893 1195 947 πολλῶν
1216 896 1384 949 ὀντων
1410 896 1504 950 καὶ
1527 897 1818 968 διαφόρων.
1849 897 2006 951 Οῦτω

345 996 437 1052 μοι
461 979 732 1033 καὶτοῦτο
762 981 898 1051 πρὸς
935 981 1132 1043 αὐτοὺς
1156 982 1541 1035 ἀποτείνασθαι
1572 983 1736 1046 δοκεῖ,
1769 984 2003 1046 δεικνὺς.

340 1069 424 1122 δτι
451 1069 600 1138 νόμῳ
636 1068 911 1138 πείθεται,
939 1068 1031 1121 καὶ
1058 1069 1145 1122 διὰ
1179 1068 1335 1123 τοῦτο
1363 1070 1734 1138 ἀπολογεῖται.
1776 1071 2006 1139 Ἴδωμεν

340 1155 399 1208 δὲ
435 1155 640 1210 ἀνωθεν
677 1154 747 1207 τὰ
786 1155 1072 1226 εἰρημένα.
1102 1156 1602 1225 Προσευχομένου
1635 1174 1776 1225 μου,
1817 1157 2003 1226 φησιν,

341 1241 412 1293 ἐν
441 1239 522 1305 τῷ
552 1239 718 1310 ἱερῷ,
756 1240 991 1310 ἐγένετο
1022 1241 1302 1310 γενέσθαι
1326 1258 1402 1310 με
1439 1242 1510 1295 ὲν
1538 1241 1844 1296 ἐκστάσει.
1889 1242 2006 1295 Ἵνα

340 1327 591 1398 δηλώσῃ,
617 1327 698 1380 ὅτι
725 1329 822 1398 οὐχ
854 1327 1038 1389 ἁπλῶς
1081 1327 1348 1397 φαντασία
1382 1324 1471 1399 ἧν,
1505 1326 1596 1381 διά
1637 1328 1798 1381 τοῦτο
1833 1345 2004 1399 προσ-

341 1411 507 1481 έθηκε
546 1410 626 1474 τὸ,
658 1412 1152 1480 Προσευχομένου
1177 1428 1316 1479 μου.
1348 1410 1630 1464 Σπεῦσον
1652 1410 1757 1469 ,καί
1795 1411 2004 1475 έξελθε

341 1497 413 1550 ἐν
433 1496 620 1564 τάχει,
647 1498 799 1566 φησι,
829 1497 976 1550 διότι
1006 1499 1078 1551 οὐ
1107 1495 1544 1564 παραδέξονταί
1571 1512 1689 1551 σου
1717 1497 1832 1565 τὴν
1853 1514 2002 1565 μαρ-

340 1584 573 1651 τυρίαν.
612 1583 874 1637 Ἐνταῦθα
899 1583 1187 1645 δείκνυσιν,
1212 1585 1295 1637 ὅτι
1327 1585 1447 1653 οὐχὶ
1471 1583 1804 1654 φοϐούμενος
1826 1583 2005 1638 αὐτῶν

340 1671 468 1733 τοὺς
495 1669 767 1734 κινδύνους
794 1669 1014 1739 ἔφυγεν,
1036 1670 1150 1724 ἀλλ’
1171 1672 1254 1723 ὅτι
1274 1671 1376 1724 οὑκ
1404 1669 1643 1740 ἐδέχοντο
1672 1670 1769 1740 τὴν
1796 1687 2006 1740 μαρτυ-

345 1756 466 1827 ρίαν
490 1755 675 1809 αὑτοῦ.
704 1755 802 1809 Διά
827 1756 879 1809 τί
904 1757 962 1810 δὲ
990 1752 1162 1821 εἶπεν,
1198 1758 1281 1811 ὅτι
1308 1757 1487 1811 Αὐτοὶ
1518 1756 1888 1823 ἐπίστανται,
1916 1758 2005 1811 ὅτι

341 1842 455 1913 ἐγὼ
481 1842 642 1911 ἥμην
671 1842 979 1912 δεσμεύων
997 1861 1015 1907 ;
1052 1844 1168 1897 Οὐκ
1197 1843 1496 1911 ἀντιλέγων
1527 1843 1606 1913 τῷ
1642 1842 1883 1915 Χριστῷ,
1929 1844 2003 1915 μὴ

343 1929 551 1995 γένοιτο
573 1946 587 1959 ·
627 1929 761 1986 ἀλλά
798 1929 1114 2000 βουλόμενος
1161 1929 1355 2001 μαθεῖν
1396 1932 1457 1983 τὸ
1499 1929 1641 1984 οὕτω
1678 1929 2000 2001 παράδοξον.

342 2016 628 2085 Πορεύου,
645 2015 827 2085 φησὶν,
852 2016 939 2068 ὅτι
958 2015 1072 2084 ἐγὼ
1092 2018 1179 2082 είς
1199 2016 1343 2083 έθνη
1360 2017 1600 2085 μακρὰν
1617 2015 2005 2081 ἐξαποστελῶ

340 2117 435 2156 σε.
468 2104 630 2173 Ὅρα·
661 2103 763 2156 οὐκ
799 2101 1035 2167 ἐδίδαξεν
1068 2103 1230 2157 αὑτὸν
1259 2105 1287 2157 6
1324 2104 1578 2175 Χριστὸς,
1612 2103 1665 2156 τί
1689 2103 1768 2156 δεῖ
1796 2106 2001 2167 ποιεῖν,

341 2189 457 2242 ἀλλ’
509 2185 627 2242 εἶπε
666 2189 822 2259 μόνον
869 2189 1144 2256 ἀπελθεῖν,
1189 2191 1282 2243 καὶ
1328 2190 1603 2243 πείθεται·
1638 2189 1893 2243 τοσοῦτον
1937 2184 2005 2259 ἦν

342 2273 716 2343 καταπειθήςί
758 2274 866 2327 Καὶ
911 2274 1145 2343 ἐπῆραν
1186 2274 1302 2342 τὴν
1341 2275 1487 2348 [561]
1535 2276 1745 2345 φωνὴν
1784 2274 2001 2340 αὐτῶν,

343 2361 500 2430 φησὶ,
538 2359 841 2428 λέγοντες·
865 2358 1005 2429 Αἶρε
1035 2364 1243 2416 αὐτόν·
1273 2364 1345 2417 οὐ
1381 2365 1493 2432 γὰρ
1525 2362 1790 2430 καθῆκεν
1817 2361 2005 2435 αὐτὸν

343 2448 467 2517 ζῇν.
501 2450 563 2501 Ὠ
587 2450 684 2519 τῆς
716 2448 1073 2520 θρασύτητοςί
1104 2451 1199 2503 καὶ
1229 2451 1334 2521 μὴν
1365 2452 1507 2521 ὑμᾶς
1531 2451 1590 2503 οὐ
1621 2450 1852 2520 καθήκει
1882 2447 2002 2519 ζῇν,

342 2537 462 2605 οὐχὶ
500 2534 688 2588 τοῦτον
712 2535 804 2588 τὸν
834 2536 1014 2589 πάντα
1045 2535 1364 2607 πειθόμενον
1403 2537 1482 2608 τῷ
1523 2538 1664 2609 Θεῷ.
1703 2533 1774 2589 Ὦ
1820 2536 2007 2608 μιαροὶ

342 2623 438 2677 καὶ
463 2622 792 2693 ἀνδροφόνοι.
834 2623 941 2677 Καὶ
973 2624 1044 2677 τὰ
1081 2623 1276 2693 ἱμάτια
1316 2622 1786 2687 ἐκτινάσσοντες
1802 2663 1817 2687 ,
1850 2622 2004 2692 φησὶ,

343 2706 649 2777 κονιορτὸν
683 2707 924 2764 ἔϐαλον.
980 2709 1139 2762 Ὥστε
1177 2710 1564 2780 χαλεπωτέραν
1610 2708 1865 2776 γενέσθαι
1908 2706 2006 2777 τὴν

345 2794 532 2848 στάσιν
561 2795 719 2848 τοῦτο
747 2794 1017 2859 ποιοῦσιν,
1050 2795 1084 2865 ἢ
1123 2798 1219 2849 καὶ
1252 2796 1489 2864 φοϐῆσαι
1521 2794 1830 2864 βουλόμενοι
1853 2806 1879 2835 α
1914 2795 2005 2847 τὸν

340 2881 595 2950 ἄρχοντα.
628 2881 740 2933 Kal
770 2880 893 2950 δρα·
930 2880 991 2933 οὐ
1025 2880 1243 2947 λέγουσι
1264 2880 1362 2951 τὴν
1396 2879 1597 2942 αἰτίαν,
1624 2879 1813 2948 ἐπειδὴ
1841 2877 2006 2950 μηδὲν

340 2964 488 3038 εἰχον
509 2968 705 3033 εἰπεῖν,
738 2966 876 3020 ἀλλά
905 2969 973 3037 τῇ
1004 2967 1101 3038 βοῇ
1124 2967 1494 3037 καταπλήξειν
1512 2966 1734 3020 οίοηαι·
1763 2968 1858 3020 καὶ
1898 2968 2006 3038 μὴν

341 3054 495 3123 παρά
518 3052 628 3106 τῶν
661 3052 985 3123 κατηγόρων
1012 3054 1178 3122 ἐχρῆν
1222 3051 1434 3123 μαθεῖν.
1470 3052 1581 3106 Καὶ
1625 3055 1657 3107 ό
1693 3054 2005 3122 χιλίαρχος

338 3139 626 3208 ἐφοϐήθη,
658 3139 841 3209 φησὶν,
884 3137 1187 3208 ἐπιγνοὺς,
1223 3138 1312 3191 ὅτι
1346 3137 1629 3207 Ῥωμαῖός
1658 3138 1849 3194 ἐστιν.
1891 3139 2005 3192 Οὐκ

338 3226 452 3296 ἄρα
487 3224 679 3294 ψεῦδος
715 3219 784 3295 ἦν
822 3225 882 3277 τὸ
935 3225 1206 3294 Ῥωμαῖον
1250 3225 1441 3279 ἑαυτὸν
1483 3221 1622 3277 εἶναι
1659 3225 1750 3278 τὸν
1795 3224 2002 3279 Παῦλον

338 3314 537 3365 εἰπεῖν.
574 3311 686 3365 Καὶ
728 3311 957 3375 ἔλυσεν
998 3312 1183 3365 αὑτὸν
1225 3312 1343 3366 ἀπὸ
1385 3310 1502 3364 τῶν
1536 3310 1807 3380 δεσμῶν,
1848 3312 2000 3382 φησὶ,

339 3398 442 3452 καί
485 3397 834 3468 καταγαγὼν
886 3397 1154 3466 ἔστησεν
1197 3399 1284 3464 είς
1330 3398 1395 3451 τό
1446 3397 1787 3465 συνέδριον.
1834 3396 2004 3451 Τοῦτο

340 3484 446 3538 ἔδει
488 3484 709 3554 ποιῆσαι
753 3483 905 3555 παρά
943 3484 1043 3554 τὴν
1081 3484 1275 3555 ἀρχὴν,
1320 3484 1413 3536 καὶ
1460 3485 1598 3555 μήτε
1641 3484 1823 3554 δῆσαι,
1864 3485 2000 3555 μήτε

344 3568 669 3640 βουληθῆναι
715 3568 1005 3640 μαστίξαι,
1049 3568 1185 3622 ἀλλά
1227 3569 1545 3623 καταλιπεῖν
1597 3570 1762 3639 μηδὲν
1794 3569 2004 3623 τοιοῦτό

339 3673 394 3710 τι
422 3659 741 3727 ποιήσαντα,
765 3656 904 3709 ὥστε
934 3656 1026 3709 καὶ
1053 3656 1391 3726 δεσμεῖσθαι.
1415 3655 1774 3709 Καὶ”ἐλυσεν
1796 3655 2001 3719 αὐτὸν,

343 3744 510 3814 φησὶ,
542 3743 638 3796 καί
668 3741 1018 3812 καταγαγὼν
1051 3744 1136 3808 εις
1165 3741 1386 3808 αὐτοὺς
1413 3741 1657 3809 ἔστησε.
1693 3740 1866 3794 Τοῦτο
1897 3742 2003 3811 μά-

341 3829 547 3882 λισταιι
592 3829 879 3900 ἠπόρησαν
905 3830 954 3882 οί
998 3828 1260 3882 Ἰουδαῖοι.
1318 3828 1618 3893 Ἁτενίσας
1659 3826 1728 3880 δὲ
1767 3828 2005 3892 Παῦλος

340 3912 422 3979 τῷ
464 3915 777 3983 συνεδρίῳ,
827 3914 1012 3986 φησὶν,
1054 3911 1241 3969 εἶπεν·
1288 3913 1536 3981 ’Ἄνδρες
1578 3912 1849 3981 ἀδελφοί.
1892 3912 2006 3964 Ἐν-

339 3999 516 4053 ταῦθα
556 4000 655 4070 τὴν
699 4001 1013 4071 παρρησίαν
1052 4000 1213 4054 αὐτοῦ
1247 3999 1549 4066 δείκνυσιν,
1585 3999 1646 4051 τὸ
1683 3998 2002 4068 ἀκατάπλη-

341 4103 470 4139 κτον
497 4097 542 4142 ο.
588 4086 728 4140 Ἀλλ’
760 4088 861 4158 ὅρα
885 4088 977 4140 καὶ
1012 4088 1234 4142 ἐκείνων
1258 4087 1320 4141 τὸ
1353 4088 1564 4157 ἰταμόν·
1595 4087 1843 4157 ἐπήγαγε
1871 4088 1999 4156 γάρ·

353 4174 417 4226 '0
450 4173 518 4227 δὲ
548 4175 860 4244 ἀρχιερεὺς
904 4177 1175 4241 Ἀνανίας
1206 4176 1453 4229 τύπτειν
1481 4174 1668 4228 αὐτοῦ
1712 4174 1777 4228 τὸ
1811 4177 2005 4242 στόμα

337 4261 612 4325 ἐπέταξε.
643 4246 740 4316 ha:
773 4263 826 4315 τί
862 4264 1121 4327 τύπτειςς
1151 4264 1203 4314 τί
1229 4262 1338 4333 γὰρ
1363 4256 1516 4316 εἶπεν
1551 4261 1895 4332 ὑϐριστικόν;
1942 4261 2006 4312 ’Ὠ

339 4347 440 4416 τῆς
466 4348 879 4419 ἀναισχυντίαςί
914 4349 959 4402 ὣ
995 4350 1097 4419 τῆς
1127 4348 1497 4420 θρασύτητοςῐ
1534 4348 1675 4402 Τότε
1700 4350 1733 4401 ό
1766 4345 2006 4411 Παῦλος

340 4435 494 4500 πρὸς
524 4437 728 4503 αὐτὸν,
762 4438 954 4506 φησιν,
981 4433 1130 4489 εἶπε·
1169 4436 1416 4489 Τύπτειν
1437 4451 1512 4489 σε
1538 4435 1749 4503 μέλλει
1775 4437 1807 4488 ό
1837 4432 2002 4498 Θεὸς,

341 4520 504 4588 τοῖχε
528 4523 931 4591 κεκονιαμένε.
960 4523 1134 4576 Βαϐαῖ
1149 4522 1248 4592 τῆς
1264 4520 1600 4592 παρῤησίαςῑ
1621 4523 1701 4584 εἰς
1721 4521 2005 4590 ὑπόκρισιν

339 4608 504 4660 αὐτὸν
548 4609 640 4662 καὶ
688 4610 1033 4680 παρανομίαν
1086 4608 1362 4681 διασύρει·
1409 4608 1498 4662 διὰ
1538 4608 1697 4662 τοῦτο
1741 4606 1870 4674 γοῦν
1915 4606 2006 4658 καὶ

340 4694 781 4750 καταστέλλεται.
820 4698 929 4749 Kal
958 4695 1121 4759 αὐτὸς
1156 4696 1254 4766 μὲν
1296 4696 1517 4767 ἀπορῶν
1545 4694 1697 4749 οὐδὲν
1726 4693 1902 4763 τολμᾷ
1931 4694 2006 4744 εί-

341 4783 499 4848 πεῖν,
550 4782 663 4835 ἀλλ’
705 4784 754 4836 οί
800 4784 929 4853 παρ’
971 4783 1167 4848 αὑτὸν,
1208 4784 1308 4836 οὐκ
1353 4781 1665 4850 ἐνεγκόντες
1695 4780 1862 4834 αὐτοῦ
1906 4779 2005 4851 τὴν

340 4871 675 4940 παρρησίαν.
709 4871 895 4935 Οὕτως
932 4868 1070 4926 εἶδον
1102 4872 1390 4943 ἄνθρωπον
1419 4870 1755 4936 θανατῶντα,
1787 4869 1882 4922 καὶ
1907 4869 2004 4938 οὐχ

340 4956 660 5026 ὑπέμειναν.
711 4959 832 5010 Οὐκ
872 4957 1074 5026 ᾔδειν,
1112 4959 1311 5029 φησὶν,
1346 4958 1435 5012 ὅτι
1469 4957 1778 5026 ἀρχιερεύς
1815 4955 2003 5009 ἐστιν.

343 5042 489 5112 ’Ἄρα
524 5043 746 5110 ἀγνοίας
780 5044 813 5113 ἡ
858 5042 1174 5112 ἐπιτίμησις
1219 5040 1320 5114 ἦν·
1364 5046 1414 5097 εί
1444 5043 1550 5114 γὰρ
1601 5042 1676 5113 μὴ
1716 5041 1873 5094 τοῦτο
1913 5036 2003 5109 ἦν,

340 5128 446 5182 κᾶν
473 5128 653 5183 λαϐὼν
686 5129 847 5183 αὑτὸν
874 5129 1108 5198 ἀπῆλθε,
1140 5130 1233 5182 καὶ
1263 5131 1362 5183 οὐκ
1395 5129 1639 5200 ἐσίγησε,
1670 5127 1774 5181 κᾶν
1810 5126 2006 5191 ἐξέδω-

340 5232 435 5269 κεν
462 5216 645 5281 αὑτοῖς
676 5217 838 5270 αὑτὸν
863 5216 892 5268 6
921 5216 1221 5287 χιλίαρχος.

424 5301 689 5357 Ἐνταῦθα
716 5303 988 5356 δείκνυσιν
1007 5343 1021 5367 ,
1055 5303 1138 5355 ὅτι
1179 5304 1319 5357 ἑκὼν
1351 5303 1547 5372 πάσχει
1575 5301 1612 5356 ἀ
1641 5302 1840 5371 πάσχει
1861 5315 1876 5330 ·
1913 5300 2007 5353 καὶ

338 5386 512 5453 οὕτως
551 5390 900 5459 ἀπολογεῖται
943 5389 1077 5461 πρὸς
1123 5390 1318 5452 αὐτοὺς
1360 5389 1438 5461 τῷ
1490 5389 1639 5459 νόμῳ
1685 5387 2006 5458 πειθόμενος

403 5599 549 5661 ξξῐήν
570 5598 987 5661 στάσινᾼφοϐῆσαι
1031 5598 1330 5661 βουλόμενοι,
1373 5600 1444 5646 sic
1487 5612 1614 5661 unus
1659 5599 1769 5648 cod.
1829 5599 2003 5650 bTros

337 5659 480 5723 codd.
520 5657 811 5723 compendii)
834 5679 845 5705 ι
872 5657 1041 5723 Ῑοῦτοί
1059 5660 1153 5708 ἔδει
1182 5657 1388 5723 ποιῆσαι
1407 5660 1536 5722 παρὰ
1550 5663 1639 5723 τὴν
1660 5661 1824 5723 ἀρχήν.
1853 5664 2004 5710 Λελυ-

339 5722 476 5785 μένον
499 5720 761 5785 εἰσήγαγεν.
802 5719 957 5785 Τοῦτο
982 5721 1188 5785 μάλιστα
1227 5719 1494 5782 ἠπόρησανὶ
1528 5719 1751 5785 _V§3rha',"
1767 5724 1894 5785 παρὰ
1919 5726 2003 5785 τὴν

339 5782 508 5842 ἀρχὴν,
546 5782 626 5828 καὶ
677 5782 795 5840 μήτε
843 5783 1005 5838 δῆσαι,
1049 5781 1227 5841 quibus
1272 5781 1442 5829 carent
1483 5782 1622 5841 Pdili,
1668 5797 1728 5832 ex
1753 5781 1847 5831 und
1893 5784 1998 5834 cud.

340 5844 565 5893 restituta
587 5847 718 5891 sunt.
746 5842 880 5891 ιίοιτ.
951 5843 973 5872 ο
998 5844 1147 5891 Sam.
1174 5844 1227 5890 τὸ
1270 5844 1580 5905 ὲντρεπιιχόν.

1391 346 1457 403 ΙΝ
1496 346 1678 405 ACTA
1713 344 2243 402 APOSTOLORUM.
2285 347 2517 407 IIOMIL.
2559 351 2790 411 XLVIII.

3658 367 3763 424 356

2113 462 2232 533 οὐχὶ
2265 466 2446 529 αὐτοῖς
2493 468 2821 536 ἐνδείξασθαι
2869 473 3219 546 βουλόμενος·
3262 478 3383 533 ἐπεὶ
3428 481 3647 538 ἐκείνων
3678 490 3767 545 καὶ

2116 546 2447 636 κατεγνώκει
2480 552 2704 622 σφόδρα.
2738 555 2837 607 Διά
2867 556 2957 611 τὸν
2994 559 3156 628 νόμον
3188 561 3366 615 τοίνυν
3403 565 3769 636 ἀπολογεῖται,

2113 630 2228 728 ἀλλ’
2257 634 2318 728 οι»
2348 634 2438 688 διὰ
2458 636 2547 728 τὸν
2571 639 2770 728 δῆμον·
2787 643 3059 728 νείκότως·
3085 646 3146 698 τδ
3163 647 3271 719 γὰρ
3300 651 3395 704 τὸν
3411 652 3562 707 οὐδὲν
3583 630 3771 728 ὴδικηζ

2113 717 2244 816 κότα
2262 721 2572 816 -ιὶναιρεῖν,Δ
2584 726 2677 779 καὶ
2708 727 2881 816 ταῦτα
2922 730 3098 784 ἀθῶον
3128 717 3288 798 ὅντα,
3328 717 3643 811 παράνομον

2113 806 2323 899 Ούκοῦν
2357 810 2480 899 οῦδὲ
2508 811 2662 882 ὕϐρις
2699 814 2760 866 τὸ
2789 817 2919 885 παρ’
2946 817 3112 871 αὐτοῦ
3143 806 3463 891 εἰρημένον,
3494 806 3647 899 εῖμὴ
3677 806 3770 884 καὶ

2111 892 2180 989 τὰ
2197 895 2593 989 ’τοῦ-Χριστοῦ
2628 900 2794 989 ,ὕϐριν
2830 905 2969 959 είποι
3002 923 3084 971 τις
3125 907 3213 977 ἂν,
3262 911 3390 965 ὅταν
3430 892 3586 989 λέγῃ·
3625 892 3770 975 ὸίναί

2116 980 2276 1071 ὑμῖν,
2301 985 2676 1055 Γραμματεῖς
2703 991 2801 1045 καὶ
2846 995 3174 1062 Φαρισαῖοι,
3227 998 3315 1052 ὅτι
3358 980 3770 1071 παρομοιάζετε

2112 1068 2333 1162 τοίχοις
2362 1077 2829 1162 κεκονιαμένοις.
2868 1082 3012 1148 Ναὶ,
3049 1085 3244 1154 φησίν·
3279 1086 3393 1140 ἀλλ’
3432 1068 3480 1142 εί
3507 1068 3633 1162 -πρό
3675 1095 3770 1149 τοῦ

2109 1159 2448 1248 τυπτηθῆναι
2471 1161 2642 1230 εἶπεν,
2663 1167 2763 1221 οὐκ
2787 1164 2854 1240 ἦν
2878 1168 3077 1241 θυμοῦ,
3101 1173 3240 1227 ἀλλά
3262 1159 3593 1248 παρρησίας.
3630 1182 3772 1236 Ἀλλ’

2111 1239 2261 1337 εῖπον
2304 1247 2415 1337 τὴν,
2445 1251 2658 1337 αἰτίαν,
2711 1255 2792 1308 ὅτι
2830 1256 2929 1309 οὐκ
2953 1239 3225 1314 ἐϐούλετο
3270 1239 3767 1337 καταφρονηθῆναι.

2111 1330 2221 1418 Kal
2257 1332 2363 1403 μὴν
2394 1335 2422 1387 6
2456 1336 2687 1407 Χριστὸς
2718 1340 2985 1412 πολλαχοῦ
3022 1344 3241 1415 ὕϐρισεν
3290 1330 3584 1415 Ἰουδαίους-
3609 1330 3772 1418 αὑτὸς

2114 1416 2393 1507 ὑϐρισθεὶς
2416 1461 2431 1484 ,
2462 1422 2537 1486 ὠς
2582 1425 2710 1479 ὅταν
2740 1427 2872 1500 λέγῃ
2897 1447 2911 1461 ·
2940 1430 3037 1500 Μὴ
3070 1432 3319 1500 δοκεῖτε,
3353 1436 3441 1489 ὅτι
3479 1438 3594 1507 ἐγὼ
3634 1416 3773 1494 κατξ

2111 1503 2389 1595 ειηρρήσω
2407 1508 2588 1577 ὑμῶν.
2627 1512 2763 1566 Ἀλλ’
2792 1515 2891 1569 οὐκ
2917 1515 3030 1570 ἐστι
3054 1518 3210 1572 τοῦτο
3239 1520 3413 1592 ὕϐρις,
3441 1503 3767 1595 μὴ’γένοιτο.

2114 1591 2255 1663 Ὅρα
2287 1594 2437 1662 γοῦν,
2471 1597 2605 1667 πρὸς
2637 1601 2876 1667 ἐκείνους
2904 1605 3023 1674 μεθ’
3045 1606 3176 1677 ὅσης
3207 1591 3513 1676 ἐπιεικείας
3528 1591 3770 1682 διαλέγε-

2112 1682 2611 1768 ταιζούκᾷῇδειν.
2641 1687 2727 1739 ὅτι
2764 1687 2911 1760 [362]
2954 1693 3263 1761 ἀρχιερεύς
3297 1696 3457 1761 ἐστι,
3482 1699 3637 1768 φησὶ,
3664 1700 3771 1755 τοῦ

2115 1762 2283 1816 Θεοῦ.
2316 1766 2487 1821 Τοῦτο
2514 1765 2668 1835 εἷπε,
2701 1774 2796 1827 καὶ
2827 1777 2926 1828 ούκ
2956 1781 3112 1848 ἔστη,
3143 1780 3277 1833 ἀλλά
3298 1762 3643 1846 δεικνὺςίδτι
3670 1785 3771 1839 οὐκ

2113 1851 2480 1938 εἰρωνεύεται,
2503 1857 2717 1926 ἐπάγει·
2742 1862 3027 1930 Ἄρχοντα
3043 1866 3150 1920 τοῦ
3168 1868 3322 1922 λαοῦ
3345 1885 3462 1924 σου
3482 1872 3593 1924 οὐκ
3616 1871 3771 1938 ἐρεῖς

2111 1936 2326 2026 κακῶς.
2364 1939 2608 2007 Βλέπεις,
2653 1945 2768 2009 πῶς
2801 1949 2894 2001 καὶ
2922 1949 3155 2020 ἄρχοντα
3182 1953 3345 2007 αὑτὸν
3376 1954 3454 2008 ἔτι
3486 1936 3766 2026 ὁμολογεῖς

2181 2024 2460 2094 Μάθωμεν
2506 2030 2687 2084 τοίνυν
2730 2032 2824 2085 καὶ
2867 2036 3029 2105 ἡμεῖς
3075 2037 3173 2108 τὴν
3218 2024 3541 2105 ἐπιείκειαν,
3583 2043 3670 2095 ῖνα
3712 2024 3772 2099 ἐν

2112 2110 2393 2199 ἐκατέροις
2435 2107 2587 2184 ὦμεν
2630 2118 3047 2191 ἀπηρτισμένοι.
3100 2107 3307 2196 Πολλῆς
3343 2127 3453 2199 γάρ
3487 2129 3770 2199 ἀκριϐείας

2111 2195 2216 2287 δεῖ,
2239 2196 2379 2287 ὥστε
2414 2201 2602 2270 μαθεῖν
2635 2203 2687 2256 τί
2725 2204 2825 2274 μὲν
2856 2204 3044 2271 τοῦτο,
3086 2212 3141 2263 τί
3179 2211 3236 2264 δὲ
3264 2195 3457 2267 ἐκεῖνο·
3489 2195 3772 2287 ἀκριϐείας
3832 2255 3840 2263 -

2111 2282 2169 2374 δὲ
2196 2284 2296 2374 δεῖ,
2322 2286 2403 2374 δτι
2432 2292 2840 2360 παρυφεστᾶσιν
2869 2295 3059 2359 αὑταῖς
3088 2299 3142 2350 αἱ
3170 2301 3380 2363 κακίαι,
3405 2303 3472 2372 τῇ
3506 2282 3603 2372 μέν
3631 2306 3772 2374 παῤ⁴

2116 2370 2280 2442 ρησίᾳ
2326 2372 2620 2444 θρασύτης,
2668 2380 2732 2449 τῇ
2780 2378 2837 2431 δὲ
2878 2381 3151 2454 ἐπιεικείᾳ
3202 2370 3479 2457 ἀνανδρία·
3509 2370 3612 2441 καὶ
3655 2370 3774 2444 δέον

2114 2461 2489 2548 περισκοπεῖν,
2516 2461 2590 2532 μὴ
2608 2462 2706 2548 τὴν
2728 2464 2926 2519 κακίαν
2955 2484 3038 2530 τις
3066 2470 3335 2540 κατέχων,
3363 2472 3492 2547 δόξῃ
3519 2475 3620 2546 τὴν
3644 2477 3773 2548 ἀρε-

2111 2540 2212 2632 την
2251 2540 2423 2612 ἔχειν·
2455 2544 2641 2618 ῶσπερ
2671 2547 2737 2600 ἂν
2764 2549 2820 2601 εί
2842 2568 2925 2614 τις
2951 2553 3125 2607 δοκῶν
3154 2559 3218 2627 τῇ
3245 2540 3497 2632 δεσποίνῃ
3526 2540 3775 2631 συγγίνε-

2115 2628 2260 2694 σθαι,
2287 2631 2504 2702 ἀγνοοίη
2530 2636 2596 2704 τῇ
2625 2634 2964 2706 θεραπαινίδι
2995 2641 3188 2697 συνών.
3215 2645 3281 2698 Τί
3309 2642 3402 2700 οὖν
3427 2628 3575 2703 ἐστιν
3603 2628 3775 2704 ἐπιεί-

2114 2732 2256 2805 κεια,
2286 2718 2377 2805 καὶ
2408 2717 2460 2771 τί
2489 2720 2781 2792 ἀνανδρίας
2827 2725 2995 2778 Ὅταν
3030 2728 3239 2798 ἑτέροις
3270 2731 3369 2799 μὲν
3403 2733 3774 2805 ἀδικουμένοις

2117 2803 2193 2893 μὴ
2219 2804 2564 2893 ’ἀμύνωμε-ν,
2603 2806 2738 2893 ἀλλά
2772 2810 3013 2881 σιγῶμεν
3050 2814 3204 2867 αὐτοὶ
3226 2854 3242 2880 ,
3284 2816 3442 2873 τοῦτο
3486 2803 3776 2893 ἀνανδρίας

2114 2888 2294 2975 ἐστίν·
2325 2890 2453 2943 ὃταν
2486 2890 2540 2943 δὲ
2569 2892 2726 2946 αὐτοὶ
2760 2895 2947 2959 κακῶς
2977 2898 3275 2969 πάσχοντες
3301 2902 3555 2975 φέρωμεν
3577 2947 3593 2973 ,
3618 2888 3778 2963 τοῦτο

2113 2974 2402 3063 ἐπιείκεια.
2451 2977 2517 3029 Τί
2560 2980 2877 3051 «app-nata;
2936 2982 3105 3037 Πάλιν
3148 2985 3211 3038 τὸ
3262 2988 3422 3053 αὐτὸ,
3462 2991 3591 3044 ὅταν
3636 2993 3779 3063 ὑπὲρ

2113 3060 2314 3132 ἐτέρων
2355 3062 2771 3135 ἀγωνιζώμεθα.
2826 3068 2891 3121 Τί
2945 3069 3032 3123 δαὶ
3080 3070 3384 3143 θρασύτης;
3438 3076 3605 3131 Ὅταν
3637 3060 3774 3147 ὑπὲρ

2111 3147 2267 3235 ημῶν
2298 3148 2480 3235 αὑτῶν
2508 3150 2809 3221 ἀμύνεσθαι
2837 3153 3176 3226 βουλώμεθα.
3211 3159 3372 3213 Ὥστε
3403 3163 3778 3235 μεγαλοψυχία

2110 3231 2380 3321 όμοῦᾉκαὶ
2406 3236 2707 3307 παρρησία,
2741 3240 2836 3292 καὶ
2868 3241 3145 3313 θρασύτης
3177 3244 3339 3301 πάλιν
3370 3247 3466 3301 καὶ
3493 3231 3773 3321 ἀνανδρία.

2210 3319 2318 3391 γάρ
2349 3321 2489 3393 ὑπὲρ
2522 3323 2717 3377 ἑαυτοῦ
2751 3326 2825 3397 μὴ
2856 3327 3059 3396 ἀλγῶν,
3093 3329 3366 3397 δυσκόλως
3405 3334 3544 3405 ὑπὲρ
3575 3318 3776 3408 ἐτέρων

2111 3406 2358 3478 ἀλγήσει·
2386 3411 2414 3462 6
2441 3410 2498 3462 δὲ
2527 3410 2706 3482 ἑαυτῷ
2743 3413 2818 3484 μὴ
2856 3415 3108 3485 ἀμύνων,
3138 3416 3409 3484 δυσκόλως
3438 3421 3642 3490 ἑτέροις
3671 3406 3777 3478 οὐκ

2111 3494 2416 3565 ἀμυνεῖται.
2446 3497 2617 3552 Ὅταν
2642 3500 2753 3572 γὰρ
2782 3501 3019 3573 καθαρὸν
3112 3505 3172 3558 τὸ
3214 3501 3346 3577 ἦθος
3372 3510 3504 3578 ἡμῖν
3545 3510 3772 3578 πάθους,

2110 3579 2325 3667 δέχεται
2369 3584 2461 3636 καὶ
2501 3584 2724 3656 ἀρετήν.
2766 3587 3033 3660 Καθάπερ
3060 3591 3302 3664 καθαρὸν
3332 3595 3493 3665 σῶμα
3538 3597 3772 3667 πυρετοῦ

2110 3666 2322 3737 δέχεται
2355 3669 2506 3740 ἰσχὺν
2526 3711 2541 3735 ,
2570 3671 2713 3727 οὕτω
2743 3674 2807 3746 δὴ
2844 3676 2994 3748 καὶὴ
3026 3676 3192 3748 ψυχὴ,
3228 3679 3294 3733 ἂν
3326 3682 3401 3752 μὴ
3436 3685 3548 3745 τοῖς
3576 3666 3775 3739 πάθεσι

2112 3754 2545 3842 προσδιαφθαρῇ,
2563 3759 2778 3829 δέχεται
2808 3761 2979 3832 ίσχύν.
3004 3765 3263 3835 Μεγάλης
3289 3766 3467 3837 ίσχύος
3486 3770 3776 3842 γνώρισμά

2112 3841 2269 3929 ἐστιν
2301 3843 2568 3897 ἐπιείκεια
2590 3858 2605 3873 ⁶
2647 3848 2903 3914 γενναίας
2935 3851 3031 3908 καὶ
3064 3853 3318 3924 νεανικῆς
3354 3855 3437 3908 δεῖ
3470 3857 3647 3929 ψυχῆς
3679 3841 3776 3913 καὶ

2114 3927 2324 3999 ὑψηλῆς
2352 3931 2557 4002 σφόδρα
2579 3934 2646 4003 τῇ
2669 3935 2937 4007 ἐπιεικείᾳ
2963 3934 3011 3989 ἀ.
3048 3939 3119 3991 Ἦ
3152 3941 3347 4010 μικρὸν
3370 3941 3471 3995 οἴει
3493 3927 3556 3995 τδ
3583 3927 3775 3998 παθεῖν

2112 4016 2319 4081 κακῶς,
2344 4017 2435 4071 καὶ
2468 4018 2544 4089 μὴ
2573 4020 2910 4091 ἀγριαίνειν;
2944 4023 3056 4076 Kal
3088 4025 3189 4079 οὑκ
3222 4026 3287 4080 ἀν
3313 4044 3398 4090 τις
3421 4030 3655 4098 ἀμάρτοι
3675 4033 3774 4100 τὴν

2112 4100 2436 4170 κηδεμονίαν
2463 4102 2560 4174 τὴν
2591 4105 2731 4176 ὑπὲρ
2773 4105 2883 4159 τῶν
2923 4108 3148 4179 πλησίον
3188 4110 3439 4182 ἀνδρείαν
3470 4113 3640 4165 είπών
3665 4125 3711 4153 θ·
3745 4119 3774 4168 6

2112 4186 2219 4257 γὰρ
2254 4188 2506 4243 τοσοῦτον
2541 4192 2782 4261 ἰσχύσας,
2809 4192 2885 4256 ὡς
2906 4188 3195 4265 δυνηθῆναι
3221 4197 3475 4251 τοσούτου
3497 4202 3774 4270 περιγενὲ-

2114 4272 2238 4325 σθαι
2280 4272 2517 4341 πάθους,
2563 4276 2771 4345 ίσχύσει
2800 4278 2896 4331 καὶ
2936 4279 3125 4349 ἐτέρου
3164 4283 3594 4353 κατατολμῆσαι.
3625 4284 3770 4354 (Nov,

2110 4357 2205 4411 δύο
2233 4358 2379 4429 πάθη
2423 4360 2540 4413 ἐστὶ
2579 4360 2774 4426 ταῦτα,
2803 4361 2972 4416 δειλία
3014 4366 3107 4417 καὶ
3144 4365 3341 4436 θυμός·
3376 4368 3442 4423 ἂν
3470 4368 3566 4422 τοῦ
3599 4371 3773 4442 θυμοῦ

2113 4446 2425 4517 κατάσχῃς,
2459 4445 2679 4518 εὔδηλον
2710 4450 2792 4501 ὅτι
2833 4450 2929 4503 καὶ
2958 4450 3187 4516 δειλίας·
3219 4452 3313 4505 τοῦ
3352 4453 3522 4526 θυμοῦ
3554 4457 3611 4510 δὲ
3642 4475 3774 4529 κρα-

2113 4535 2241 4618 τεῖς,
2274 4533 2520 4604 ἐπιεικὴς
2548 4532 2624 4586 ῶν
2643 4551 2657 4566 ·
2682 4534 2876 4589 οὐκοῦν
2908 4538 3002 4592 καὶ
3026 4539 3123 4609 τῆς
3141 4539 3343 4604 δειλίας
3373 4541 3438 4596 ἂν
3470 4544 3771 4618 κρατήσῃς,

2113 4615 2212 4691 ἐσῃ
2239 4619 2499 4688 ἀνδρεῖος.
2525 4619 2714 4685 Πάλιν,
2735 4620 2802 4675 ἂν
2834 4622 2910 4693 μὴ
2930 4626 3192 4696 περιγένῃ
3213 4625 3308 4678 τοῦ
3331 4627 3525 4697 θυμοῦ,
3544 4615 3770 4699 γέγονας

2080 4762 2083 4767 η
2113 4704 2318 4776 θρασύς
2337 4724 2349 4737 ·
2384 4705 2573 4759 τούτου
2601 4706 2658 4759 δὲ
2690 4706 2764 4780 μὴ
2798 4712 3236 4783 περιγενόμενος,
3266 4714 3385 4768 οὑδὲ
3413 4716 3578 4784 φόϐου
3616 4734 3768 4788 περι-

2114 4791 2366 4860 γενέσθαι
2410 4792 2634 4846 δύνασαι
2658 4811 2670 4823 ·
2712 4795 2907 4850 οὐκοῦν
2940 4799 3033 4851 καὶ
3068 4799 3241 4864 δειλὸς
3277 4801 3376 4873 ἔσῃ
3399 4818 3412 4832 ·
3457 4805 3549 4858 καὶ
3577 4805 3768 4858 ταυτὸν

2113 4880 2341 4947 γίνεται,
2369 4874 2481 4933 οἷον
2509 4879 2574 4934 ἂν
2599 4881 2649 4933 εἰ
2678 4881 2835 4951 σῶμα
2865 4884 3088 4948 ἀσθενὲς
3111 4885 3284 4952 οὕτως
3311 4890 3394 4959 εἴη
3419 4891 3512 4942 καὶ
3539 4889 3770 4962 δύσκραο

2111 4984 2224 5029 τον,
2253 4968 2327 5031 ὼς
2362 4965 2496 5037 πρὸς
2535 4967 2724 5021 οὐδένα
2760 4968 2920 5023 πόνον
2948 4972 3223 5042 ἀντέχειν·
3251 4973 3405 5026 τοῦτο
3443 4976 3647 5045 ταχέως
3675 4980 3768 5032 καὶ

2114 5053 2218 5104 ὑπὸ
2248 5051 2455 5122 ψυχροῦ
2490 5052 2770 5107 ἁλίσκεται
2795 5057 2889 5109 καὶ
2917 5057 3020 5109 ὑπὸ
3054 5058 3276 5129 θερμοῦ·
3304 5060 3366 5112 τὸ
3395 5060 3502 5129 γὰρ
3535 5060 3769 5133 δύσκρα-

2111 5157 2203 5193 τον
2244 5140 2485 5193 τοιοῦτον
2506 5180 2520 5204 ,
2565 5141 2625 5194 τὸ
2648 5141 2704 5194 δὲ
2730 5141 2994 5214 εὔκρατον
3035 5146 3210 5199 πάντα
3240 5146 3548 5216 ὑφίσταται.
3575 5149 3764 5216 Πάλιν,

2112 5227 2228 5280 ἔστι
2247 5225 2619 5297 μεγαλοψυχία
2635 5230 2824 5299 ἀρετὴ,
2840 5231 2933 5284 καὶ
2949 5233 3367 5303 παρυφέστηκεν
3388 5234 3522 5305 αὐτῇ
3536 5235 3763 5289 ἀσωτία·

2114 5313 2258 5367 ἔστιν
2280 5313 2557 5382 οἰκονομία
2590 5315 2758 5386 ἀρετὴ
2781 5318 2875 5370 καὶ
2920 5319 2981 5370 τὸ
3003 5319 3343 5388 οἰκονομικὸν
3366 5320 3525 5374 εἶναι·
3557 5338 3766 5393 παρυφ-
3800 5370 3801 5377 η

2115 5402 2342 5471 έστηκεν
2358 5403 2391 5471 ὴ
2419 5401 2672 5469 φειδωλία
2700 5405 2792 5456 καὶ
2810 5406 2842 5474 ἡ
2860 5405 3202 5476 μικρολογία.
3225 5406 3358 5478 Φέρε
3381 5403 3473 5461 οὖν
3494 5409 3653 5464 πάλιν
3666 5409 3764 5476 τάς

2116 5488 2315 5568 ἀρετάς
2347 5487 2758 5558 συναγάγωμεν.

2178 5712 2203 5751 d
2227 5711 2465 5779 _Cnmm_cl_.
2514 5717 2567 5760 et
2601 5712 2789 5779 Montf._.
2832 5715 2951 5779 γένν.
2996 5733 3047 5779 κ.
3069 5717 3208 5779 νέαν.
3256 5720 3407 5779 ψυχῆς
3436 5734 3483 5764 κ.
3517 5718 3596 5779 ὑψ.
3623 5732 3702 5779 σφ.
3728 5717 3760 5772 ἠ

2119 5775 2345 5826 ἐπιείκεια
2388 5775 2476 5832 δεῖ,
2518 5788 2627 5835 quae
2661 5790 2718 5824 ex
2748 5776 2938 5823 duobus
2961 5776 3099 5827 cadd.
3139 5775 3570 5829 saniora—Tedium;
3625 5775 3758 5827 Enn.

2124 5852 2146 5878 e
2176 5836 2311 5886 linus
2341 5836 2493 5885 codex
2517 5837 2726 5900 ἀνδρείαν
2751 5842 3035 5902 προσειπὼν.
