4148 6152
421 295 519 349 337

493 408 702 464 Οὐκοῦν
731 411 789 464 οὐ
819 412 1193 483 μεγαλόψυχος
1221 417 1250 469 6
1274 415 1503 479 ἄσωτος.
1541 419 1691 488 Πῶς;
1735 422 1791 474 'U
1831 424 1939 495 γάρ
1981 427 2085 479 ὑπὸ

425 495 634 565 μυρίων
661 496 1010 568 ἁλισκόμενος
1046 500 1255 568 παθῶν,
1287 503 1409 566 πῶς
1439 504 1506 557 ἂν
1533 507 1612 576 εἴη
1652 508 1826 575 μέγας
1859 511 1957 580 τὴν
1988 513 2084 582 ψυο

421 583 558 650 χήν;
603 583 685 635 Οὐ.
711 582 817 653 γάρ
845 587 1144 655 χρημάτων
1181 589 1298 640 ἐστὶ
1340 589 1496 642 τοῦτο
1538 599 1921 662 καταφρονεῖν.
1967 598 2082 651 ἀλλ’

421 667 512 735 ὑφ’
543 667 741 740 ἐτέρων
771 672 1155 726 ἐπιτάττεσθαι
1185 675 1374 730 παθῶν
1398 693 1412 707 ·
1445 677 1632 750 ὥσπερ
1668 681 1734 733 ἂν
1765 682 1819 733 εἴ
1851 701 1934 747 τις
1978 685 2083 740 ὑπὸ

420 751 630 821 λῃστῶν
661 755 1002 809 ἐπιτάττοιτο
1030 759 1256 824 ἐκείνοις
1278 762 1588 826 ὑπακούειν,
1614 765 1713 817 οὐκ
1733 765 1798 819 ἀν
1824 769 1908 839 εῖη
1931 770 2083 824 ἐλεύ-

419 837 592 907 θερος·
633 841 694 892 οὐ
725 841 834 912 γὰρ
859 844 922 895 ἐκ
954 844 1048 896 τοῦ
1079 846 1372 916 χρημάτων
1403 855 1763 920 καταφρονεῖν
1789 837 1997 922 γίνεται
2021 858 2081 911 τὸ

417 923 760 991 ἀναλίσκειν,
812 929 924 982 ἀλλ’
961 932 1025 982 ἐκ
1063 932 1154 984 τοῦ
1206 932 1280 1003 μὴ
1319 935 1548 1000 δεόντως
1592 939 1785 993 εἰδέναι
1823 942 2076 998 διοικεῖν·

415 1011 536 1062 ἐπεὶ
563 1012 618 1063 εί
647 1030 709 1080 γε
742 1015 869 1083 ἐνῆν
895 1019 989 1069 καὶ
1018 1017 1159 1087 ἔχειν
1201 1021 1292 1072 καὶ
1323 1020 1470 1095 [565]
1509 1024 1802 1079 ἀπολαύειν
1834 1028 2075 1096 ἐκείνων,

413 1096 586 1161 οὕτως
619 1099 685 1188 ειν
726 1100 1011 1172 ἠθέλησεν.
1052 1105 1111 1156 '0
1141 1106 1197 1158 δέ
1234 1110 1312 1171 είς
1349 1109 1465 1162 δέον
1497 1112 1803 1166 ἀναλίσκων
1841 1114 1910 1167 τά
1947 1119 2080 1188 χρή-

416 1202 583 1252 ματα,
611 1180 764 1250 οὗτός
794 1189 911 1242 ἐστι
939 1192 1313 1264 μεγαλόψυχος
1333 1214 1345 1226 ·
1374 1199 1584 1268 μεγάλη
1607 1200 1714 1270 γάρ
1738 1201 1905 1264 ὅντως

413 1271 457 1361 ἡ.
483 1274 557 1343 μὴ
589 1275 749 1328 πάθει
783 1277 1127 1341 δουλεύουσα,
1160 1283 1192 1350 ἡ
1230 1283 1394 1353 μηδὲν
1421 1286 1701 1357 ἡγουμένη
1729 1288 1798 1342 τά
1819 1271 2077 1361 χρήματα

413 1353 568 1412 εἶναι.
611 1361 796 1426 Πάλιν,
833 1365 864 1433 ἡ
899 1367 1179 1436 οἰκονομία
1217 1369 1410 1422 καλόν·
1444 1353 1588 1424 οὕτω
1627 1353 1722 1427 καὶ
1753 1377 1781 1428 6
1816 1353 2079 1449 οίκονομι-

413 1445 506 1534 κὸς
536 1447 601 1500 ἂν
632 1449 714 1520 εἴη
741 1450 960 1521 ἀριστος
985 1455 1012 1506 6
1039 1455 1116 1516 είς
1151 1455 1270 1508 δέον
1304 1457 1630 1527 ἀναλίσκων,
1660 1463 1754 1515 καὶ
1786 1463 1862 1534 μὴ
1890 1445 2077 1530 ἁπλῶς

410 1533 864 1607 ἀνοικονομήτως.
911 1539 973 1591 Ἦ
999 1539 1057 1593 δὲ
1092 1543 1348 1609 φειδωλία
1375 1545 1473 1598 οὐκ
1498 1545 1612 1600 ἔστι
1642 1550 1858 1602 ταυτὸν.
1903 1552 2074 1605 Ἐκεῖ-

409 1635 496 1680 νος
527 1619 624 1688 μὲν
653 1621 760 1690 γὰρ
790 1621 966 1675 πάντα
1004 1625 1083 1688 εἰς
1107 1625 1166 1678 τὸ
1193 1627 1311 1680 δέον
1353 1631 1650 1684 ἀναλίσκει·
1682 1628 1834 1699 οὗτος
1851 1635 1928 1700 δὲ,
1954 1638 2072 1690 οὐδὲ

408 1707 709 1775 ἀναγκαίας
741 1711 1076 1782 ἀπαιτούσης
1107 1714 1316 1784 χρείας,
1355 1718 1452 1788 τῆς
1477 1719 1665 1784 οὐσίας
1703 1721 1934 1776 ἅπτεται
1965 1725 2072 1778 τῶν

406 1794 722 1881 χρημάτων.
794 1795 852 1850 Ὀ
913 1799 1255 1870 οίκονομικὸς
1301 1803 1477 1857 τοίνυν
1540 1806 1634 1859 τοῦ
1696 1808 2070 1881 μεγαλοψύχου

405 1879 614 1946 γένοιτο
652 1882 718 1935 ἂν
746 1884 988 1953 ἀδελφός.
1023 1887 1232 1940 Οὐκοῦν
1273 1889 1409 1958 ὁμοῦ
1435 1891 1526 1944 τὸν
1556 1894 1931 1964 μεγαλόψυχον
1970 1879 2070 1968 θή-

407 1984 570 2038 σομεν
601 1971 692 2024 καὶ
723 1972 816 2024 τὸν
841 1974 1182 2045 οἰκονομικὸν
1201 2014 1217 2039 ,
1247 1977 1341 2029 καὶ
1368 1979 1461 2030 τὸν
1492 1979 1698 2033 ἄσωτον
1727 1983 1821 2035 καὶ
1845 1983 1935 2036 τὸν
1976 2002 2069 2055 μι-

403 2057 693 2127 κρολόγον·
730 2060 1027 2132 ἀμφότεροι
1057 2062 1165 2134 γὰρ
1225 2065 1335 2118 ἀπὸ
1373 2066 1739 2138 μικροψυχίας
1772 2070 1929 2124 τοῦτο
1966 2073 2070 2126 πά-

404 2160 642 2212 σχουσιν,
685 2146 876 2218 ὥσπερ
903 2147 996 2203 οὖν
1023 2151 1263 2204 κάκεῖνοι
1292 2151 1402 2205 ἀπὸ
1425 2155 1850 2226 μεγαλοψυχίας.
1888 2160 1978 2230 Μὴ
2001 2161 2066 2232 δὴ

405 2229 779 2302 μεγαλόψυχον
818 2234 1076 2304 καλῶμεν
1115 2236 1205 2288 τὸν
1255 2237 1614 2294 ἀναλίσκοντα
1661 2243 1882 2309 ἁπλῶς,
1931 2229 2069 2300 ἀλλά

399 2316 491 2367 τὸν
515 2320 592 2380 είς
619 2318 738 2371 δέον
761 2321 1117 2375 ἀναλίσκοντα
1137 2339 1148 2351 ·
1183 2324 1319 2394 μηδέ
1345 2325 1433 2378 τὸν
1457 2329 1796 2398 οἰκονομικὸν
1824 2335 2068 2402 μικρολό-

401 2417 498 2467 γον
540 2403 635 2454 καὶ
674 2403 952 2472 φειδωλὸν,
997 2407 1134 2461 ἀλλά
1178 2409 1268 2461 τὸν
1313 2410 1559 2482 ἀκαίρως
1600 2415 1910 2484 φειδόμενον
1956 2419 2064 2472 τῶν

399 2489 718 2559 χρημάτων.
769 2492 917 2545 Πόσα
961 2494 990 2544 6
1038 2494 1290 2559 πλούσιος
1338 2500 1543 2561 ἐκεῖνος
1589 2501 1884 2572 ἀνάλωσεν,
1929 2507 2062 2560 ἐνδι-

395 2574 724 2644 δυσκόμενος
760 2579 1044 2650 πορφύραν
1078 2583 1171 2634 καὶ
1209 2581 1406 2650 βύσσον
1433 2602 1447 2649 ;
1503 2586 1642 2639 Ἀλλ’
1665 2589 1765 2641 οὐκ
1789 2584 1858 2660 ἦν
1891 2609 2061 2661 μεγα⁴

395 2659 646 2730 λὸψυχος·
688 2664 793 2717 ὑπὸ
829 2666 938 2735 γὰρ
973 2667 1252 2738 ὠμότητος
1296 2673 1576 2743 κατείχετο
1618 2675 1650 2744 ἡ
1689 2659 1833 2746 ψυχὴ
1873 2659 2058 2743 αὐτοῦ,

393 2748 488 2837 καὶ
509 2749 615 2837 ὑπὸ
639 2752 849 2837 μυρίων
870 2753 1094 2822 ἡδονῶν·
1115 2758 1147 2826 ἡ
1165 2757 1221 2808 δέ
1244 2761 1466 2830 τοιαύτη
1487 2761 1602 2825 πῶς
1622 2764 1688 2816 ἂν
1708 2765 1791 2834 εἴη
1816 2767 2057 2837 μεγάλη;

392 2835 784 2908 Μεγαλόψυχος
819 2835 887 2910 ἦν
920 2842 948 2892 ὁ
991 2842 1266 2913 Ἀϐραὰμ,
1311 2847 1390 2908 εἰς
1436 2847 1705 2918 ὑποδοχὴν
1750 2835 2058 2906 ἀναλίσκων

388 2919 496 2973 τῶν
521 2921 710 2989 ξένων,
737 2925 828 2977 τὸν
853 2926 1050 2996 μόσχον
1073 2932 1490 2999 κατασφάττων,
1512 2935 1606 2986 καὶ
1628 2935 1755 2988 ἔνθα
1779 2937 1964 3009 ἐχρῆν,
1995 2941 2057 2992 οὐ

391 3007 550 3075 μόνον
576 3012 874 3080 χρημάτων
894 3052 908 3074 ,
938 3014 1051 3066 ἀλλ’
1091 3016 1208 3068 οὐδέ
1233 3018 1332 3085 τῆς
1364 3019 1542 3090 ψυχῆς
1569 3024 1667 3091 τῆς
1695 3007 1858 3077 αὐτοῦ
1893 3007 2060 3094 φειδό-

392 3110 572 3161 μενος.
619 3097 716 3148 Ἂν
755 3098 934 3151 τοίνυν
969 3099 1167 3170 ἴδωμέν
1210 3119 1331 3155 τινα
1367 3106 1647 3175 τράπεζαν
1691 3111 2058 3178 παρατιθέντα

383 3181 657 3252 πολυτελῆ
671 3196 720 3247 ι,
743 3185 947 3255 πόρνας
963 3185 1153 3257 ἔχοντα
1174 3189 1267 3242 καὶ
1285 3192 1637 3262 παρασίτους,
1661 3195 1735 3266 μὴ
1757 3197 2053 3266 μεγαλόψυο

384 3285 480 3338 χον
525 3269 844 3340 καλέσωμεν
872 3272 1061 3326 τοῦτον
1079 3315 1094 3340 ,
1124 3275 1258 3330 ἀλλά
1287 3279 1490 3349 σφόδρα
1527 3281 1881 3352 μικρόψυχον.
1909 3285 2050 3355 Ὅρα

383 3355 493 3443 γάρ
521 3356 674 3443 ὅσοις
690 3357 933 3412 δουλεύει
954 3364 1046 3416 καὶ
1067 3363 1350 3417 ὑπόκειται
1375 3365 1592 3432 πάθεσι,
1615 3373 2048 3443 γαστριμαργίᾳ,

384 3439 548 3511 ἡδονῇ
581 3442 768 3512 ἀτόπῳ
792 3484 807 3507 ,
837 3445 1123 3518 κολακεία·
1163 3448 1254 3501 τὸν
1285 3449 1340 3502 δὲ
1372 3453 1650 3515 τοσούτοις
1689 3439 2053 3525 κατεχόμενον

386 3525 482 3577 καὶ
525 3527 658 3595 μηδὲ
706 3528 764 3581 ἒν
794 3530 999 3583 τούτων
1033 3532 1328 3603 δυνάμενον
1371 3536 1655 3608 διαφυγεῖν
1678 3580 1692 3605 ,
1724 3541 1840 3606 πῶς
1868 3545 1932 3598 ἀν
1971 3563 2052 3609 τις

446 3615 470 3640 ⁸
492 3611 616 3661 Tres
637 3627 776 3674 mss.,
816 3618 1045 3679 τράπεζαν
1067 3621 1234 3683 ἔχοντα
1272 3626 1494 3684 παντελῆ.

1177 304 1237 359 S.
1279 303 1562 363 JOANNIS
1599 308 2083 371 CHRYSOSTOMI
2121 318 2450 376 ARCIIIEP.
2491 322 3032 380 CONSTANTINOP.

3750 327 3867 386 358

2190 433 2567 504 μεγαλόψυχον
2598 436 2819 506 καλοίη;
2867 435 3028 488 Ὥστε
3062 435 3222 488 αὐτὸν
3261 436 3380 488 τότε
3415 437 3652 507 μάλιστα
3697 444 3864 499 καλέ-

2189 536 2350 590 σομεν
2387 522 2740 593 μικρόψυχον,
2772 523 2899 576 ὃταν
2930 523 3162 592 μάλιστα
3190 522 3472 596 ἀναλίσκῃ·
3498 526 3608 598 ὅσῳ
3645 529 3754 602 γὰρ
3788 533 3862 586 ἂν

2188 609 2448 678 μειζόνως
2482 611 2768 681 ἀναλίσκῃ,
2809 610 3044 680 τοσούτῳ
3081 610 3230 678 δηλοῖ
3261 611 3362 680 τὴν
3405 615 3698 683 τυραννίδα
3742 617 3861 674 τῶν

2185 693 2373 748 παθῶν
2402 695 2643 749 ἐκείνων·
2673 699 2721 749 εί
2746 696 2856 767 γὰρ
2888 696 2963 767 μὴ
2989 696 3194 766 σφόδρα
3228 691 3392 750 αὐτοῦ
3429 699 3696 769 ἐκράτουν
3714 745 3730 770 ,
3753 704 3858 759 οὐκ

2185 782 2250 833 ἂν
2291 781 2498 850 σφόδρα
2533 782 2797 850 ἀνάλωσε.

2252 867 2420 922 Πάλιν
2450 867 2516 921 ἂν
2547 869 2747 939 ἴδωμέν
2774 887 2896 924 τινα
2925 869 3131 925 τούτων
3165 871 3262 942 μέν
3288 871 3480 940 μηδενὶ
3513 874 3678 943 μηδὲν
3706 895 3856 948 παρ-

2182 952 2394 1022 έχοντα,
2421 955 2660 1026 πένητας
2692 957 2749 1008 δὲ
2776 959 3044 1027 τρέφοντα
3076 961 3301 1022 καὶτοῖς
3327 959 3602 1030 δεομένοις
3630 964 3857 1018 ἐπικου-

2183 1041 2400 1110 ροῦντα,
2425 1044 2523 1096 αὐτ
2534 1044 2590 1096 ὸν
2606 1044 2662 1097 δὲ
2682 1045 2960 1116 τράπεζαν
2988 1046 3178 1117 ἔχοντα
3197 1047 3412 1116 εὐτελῆ,
3434 1048 3618 1102 τοῦτον
3645 1052 3857 1122 σφόδρα

2180 1129 2431 1200 καλῶμεν
2457 1131 2832 1202 μεγαλόψυχον
2862 1152 2877 1166 ·
2912 1135 3158 1204 μεγάλης
3183 1134 3290 1206 γὰρ
3325 1135 3494 1198 ὅντως
3524 1137 3724 1208 ψυχῆς.
3751 1141 3857 1209 τῆς

2183 1217 2282 1285 μὲν
2315 1220 2521 1282 οἰκείας
2563 1224 2926 1292 καταφρονεῖν
2964 1223 3356 1286 ἀναπαύσεως,
3401 1226 3500 1294 τῆς
3543 1225 3600 1278 δὲ
3645 1225 3855 1298 ἐτέρων

2179 1304 2508 1374 φροντίζειν.
2535 1307 2668 1360 Εἱπέ
2693 1308 2800 1379 γάρ
2830 1326 2938 1379 μοι,
2973 1308 3028 1362 εἴ
3051 1327 3173 1362 τινα
3202 1310 3352 1375 ἴδοις,
3382 1311 3490 1363 τῶν
3519 1312 3618 1382 μὲν
3647 1314 3852 1382 τυράν-

2178 1406 2282 1442 νων
2336 1393 2782 1463 καταφρονοῦντα
2815 1396 3064 1463 πάντων,
3106 1399 3200 1450 καὶ
3242 1398 3394 1450 οὐδὲν
3440 1399 3742 1469 ἡγούμενον
3778 1401 3851 1454 τά

2177 1475 2400 1530 ἐκείνων
2433 1479 2808 1550 ἐπιτάγματα,
2839 1484 2965 1546 τοὺς
3000 1483 3054 1536 δὲ
3087 1485 3178 1536 ὑπ’
3212 1483 3436 1538 ἐκείνων
3475 1488 3850 1557 τυραννουμὲ⁶

2177 1578 2299 1626 νους
2327 1563 2615 1629 ἐξέλκοντα
2641 1570 2734 1621 καὶ
2760 1570 2885 1633 τοὺς
2916 1569 3103 1633 κακῶς
3137 1571 3445 1641 πάσχοντας
3465 1588 3480 1602 ·
3523 1568 3632 1642 ἆρα
3658 1574 3758 1626 οὐκ
3780 1573 3850 1627 ἂν

2179 1649 2322 1719 μέγα
2354 1653 2592 1721 ἡγήσαιο
2637 1654 2834 1722 τοῦτο;
2867 1656 3037 1710 Τοῦτο
3063 1657 3127 1727 δὴ
3165 1657 3444 1710 κάνταῦθα
3478 1658 3844 1728 λογιζώμεθα.

2173 1736 2440 1806 Τύραννός
2467 1742 2580 1794 ἐστι
2603 1743 2671 1795 τά
2694 1743 2860 1814 πάθη·
2885 1744 2980 1798 ἐὰν
3001 1740 3094 1798 οὖν
3119 1746 3619 1816 καταφρονήσωμεν
3642 1747 3844 1811 αὐτῶν,

2174 1825 2398 1894 μεγάλοι
2441 1828 2713 1899 ἐσόμεθα·
2765 1831 2830 1886 ἂν
2879 1832 2937 1885 δέ
3001 1833 3094 1886 καὶ
3153 1834 3374 1905 ἐτέρους
3431 1833 3845 1903 ἐξελκύσωμενν

2171 1914 2350 1985 πολλῷ
2385 1917 2601 1986 μείζους
2624 1940 2637 1954 ·
2664 1921 2906 1984 εἰκότως.
2942 1924 3006 1976 Ol
3037 1922 3145 1993 γὰρ
3176 1925 3274 1993 οὐχ
3304 1925 3510 1986 ἐαυτοῖς
3536 1923 3846 1992 ἀρκοῦντες

2173 2000 2353 2069 μόνον,
2403 2003 2540 2057 ἀλλά
2581 2006 2676 2058 καὶ
2712 2007 2938 2078 ἑτέροις,
2986 2007 3204 2079 μείζους
3233 2009 3340 2062 τῶν
3380 2009 3672 2080 μηδέτερον
3709 2027 3840 2062 ποι-

2167 2086 2390 2142 ούντων.
2425 2091 2521 2142 Ἂν
2550 2091 2604 2145 δέ
2634 2095 3052 2166 ἐπιταττόμενός
3079 2112 3163 2159 τις
3187 2097 3292 2148 ὑπὸ
3319 2095 3580 2166 τυράννου
3607 2096 3696 2149 τὸν
3736 2096 3841 2166 μὲν

2167 2172 2274 2226 τῶν
2307 2176 2566 2246 ὑπηκόων
2598 2179 2795 2252 τύπτῃ,
2824 2181 2914 2234 τὸν
2946 2181 3002 2234 δὲ
3029 2181 3183 2252 ἕλκῃ,
3213 2182 3372 2236 ἀλλον
3395 2181 3450 2234 δέ
3481 2181 3699 2254 ὑϐρίζῃ,
3728 2180 3846 2254 ἆρα

2166 2259 2324 2314 τοῦτο
2377 2264 2778 2334 μεγαλοψυχίας
2819 2266 3084 2339 ἐροῦμεν;
3127 2269 3200 2321 Οὐ
3229 2267 3381 2338 δῆτα·
3415 2266 3567 2340 [564]
3601 2271 3695 2322 καὶ
3719 2287 3841 2324 τοσ-

2164 2348 2308 2419 ούτῳ
2337 2350 2519 2416 πλέον,
2548 2352 2658 2423 ὅσῳ
2685 2354 2751 2407 ἀν
2781 2355 2957 2423 μέγας
3075 2353 3232 2408 Οὕτω
3269 2355 3361 2409 καὶ
3401 2355 3488 2425 ἐφ’
3528 2356 3708 2426 ἡμῶν·
3743 2357 3840 2411 νῦν

2169 2441 2267 2510 μὲν
2309 2440 2414 2512 γὰρ
2442 2442 2727 2513 πρόκειται
2763 2445 2796 2513 ἠ
2826 2443 2970 2517 ψυχὴ
3005 2444 3233 2515 εὐγενής
3261 2461 3346 2508 τις
3387 2440 3523 2498 οὖσα
3562 2446 3657 2498 καὶ
3683 2446 3832 2498 ἐλευ-

2165 2527 2316 2597 θέρα·
2369 2529 2570 2600 ταύτην
2596 2531 2624 2570 δ
2659 2530 2716 2584 δέ
2759 2532 2788 2584 6
2829 2529 3039 2595 ἄσωτος
3070 2531 3368 2586 τύπτεσθαι
3413 2532 3696 2586 ἐκέλευσεν
3729 2535 3836 2588 ὑπὸ

2163 2613 2271 2667 τῶν
2297 2614 2506 2669 παθῶν·
2534 2616 2623 2670 τὸν
2655 2611 2747 2670 οῦν
2775 2618 2965 2672 ἐαυτὸν
2991 2618 3283 2683 τύπτοντα,
3308 2619 3500 2673 τοῦτον
3531 2620 3834 2691 μεγαλόψυο

2163 2717 2256 2770 χον
2302 2702 2581 2772 φήσομεν;
2629 2705 2914 2776 Οὐδαμῶς.
2971 2706 3179 2759 Οὐκοῦν
3236 2706 3497 2778 μάθωμεν
3542 2707 3628 2771 τίς
3665 2708 3764 2778 μὲν
3796 2710 3830 2780 ἡ

2164 2787 2560 2859 μεγαλοψυχία,
2587 2790 2672 2854 τίς
2713 2791 2770 2844 δέ
2801 2794 2834 2863 ἡ
2868 2792 3106 2858 ἀσωτία,
3140 2793 3222 2856 τίς
3253 2795 3286 2865 ή
3315 2794 3604 2864 οἰκονομία
3631 2796 3723 2847 καὶ
3747 2796 3832 2860 τίς

2158 2875 2191 2943 η
2231 2875 2571 2945 μικρολογία,
2603 2879 2686 2941 τίς
2715 2879 2749 2949 ἠ
2776 2880 3047 2934 ἐπιείκεια
3079 2881 3173 2933 καὶ
3203 2881 3484 2953 ἀνανδρία,
3505 2883 3589 2946 τίς
3615 2885 3831 2954 παρρη-

2163 2961 2253 3015 σία
2283 2965 2377 3016 καὶ
2407 2964 2492 3027 τίς
2516 2964 2809 3036 θρασύτης·
2841 2965 2928 3020 ἵνα
2947 2966 3122 3021 ταῦτα
3149 2969 3241 3022 ἀπ’
3267 2969 3514 3040 ἀλλήλων
3539 2971 3827 3037 διελόντες,

2159 3049 2475 3122 δυνηθῶμεν
2510 3053 2819 3122 εὐαρέστως
2849 3055 2926 3126 τῷ
2959 3055 3146 3125 Κυρίῳ
3178 3057 3270 3110 τὸν
3319 3057 3563 3127 παρόντα
3613 3058 3723 3128 βίον
3751 3059 3830 3112 δι-

2159 3142 2408 3205 αγαγεῖν,
2445 3141 2540 3192 καὶ
2567 3142 2676 3195 τῶν
2717 3142 3019 3213 μελλόντων
3048 3144 3325 3214 ἐπιτυχεῖν
3373 3145 3614 3214 ἀγαθῶν,
3647 3147 3828 3216 χάριτι

2159 3225 2252 3275 καὶ
2301 3225 2681 3298 φιλανθρωπίᾳ
2725 3228 2821 3282 τοῦ
2864 3231 3200 3299 Μονογενοῦς
3239 3232 3441 3299 αὑτοῦ,
3493 3232 3611 3304 μεθ’
3641 3226 3702 3285 οῦ
3751 3232 3830 3304 τῷ

2159 3312 2335 3382 Πατρὶ
2367 3313 2483 3384 ἅμα
2515 3313 2590 3385 τῷ
2623 3317 2764 3387 ἁγίῳ
2797 3318 3094 3388 Πνεύματι,
3121 3317 3268 3385 δόξα,
3293 3320 3514 3390 κράτος,
3541 3321 3698 3390 τιμὴ,
3732 3319 3827 3374 νῦν

2157 3400 2252 3454 καὶ
2281 3401 2388 3466 ἀεὶ,
2416 3402 2509 3453 καὶ
2535 3403 2614 3466 είς
2644 3404 2769 3468 τοὺς
2801 3405 3000 3469 αίῶνας
3025 3406 3132 3460 τῶν
3162 3407 3391 3462 αίώνων.
3434 3409 3625 3478 Ἀμήν.

2161 3629 2200 3678 Ε
2246 3569 2275 3607 b
2309 3569 2391 3620 Sic
2443 3572 2594 3622 Savil.
2633 3582 2686 3624 et
2726 3581 2828 3624 tres
2875 3589 3025 3637 mss.;
3081 3577 3272 3640 Manlii,
3331 3579 3493 3640 ταύτῃ.
3537 3591 3820 3640 perperam.

2181 3645 2299 3678 ‘DIT.

2181 3645 2299 3679 SDIT.

485 3747 3717 3800 ...~___.__._______.______.,______________________

1853 3939 2098 3992 ΟΜΙΛΙΑ
2126 3941 2262 3997 ΜΘ’.

376 4049 430 4104 Γ
432 4047 577 4120 νιιὺς
603 4045 670 4100 δὲ
692 4047 1014 4120 όΑΠαῦλος,
1049 4049 1138 4103 ὅτι
1167 4050 1232 4104 τὸ
1275 4050 1344 4105 ἓν
1394 4053 1575 4120 μέρος
1613 4054 1742 4108 ἐστὶ
1774 4055 2038 4110 Σαδδου-

446 4119 648 4191 καίωη·
680 4117 746 4191 τὸ
795 4117 864 4191 δέ
921 4118 1127 4191 ἕτερον
1146 4189 1159 4191 _
1183 4117 1562 4189 Φαρισαίων,
1583 4124 1837 4190 ἔκραξεν
1860 4125 1930 4178 ἐν
1960 4126 2040 4191 τῷ

443 4186 738 4263 σῳτδρίῳ
774 4203 789 4217 ·
834 4187 1073 4263 ’ᾼι-δρες
1093 4186 1382 4263 ἀδελροὶ,
1399 4186 1534 4258 ἐγὼ
1551 4186 1876 4260 Φαρισαῖός
1897 4186 2035 4263 είμὶ,

442 4255 572 4320 υίὸς
596 4258 952 4330 -Φαρισαίου-
973 4275 986 4288 ·
1018 4259 1154 4326 περὶ
1211 4255 1460 4324 ἐλπίδος
1504 4263 1601 4316 καὶ
1633 4255 2038 4330 ’ἀναστᾶσέως

436 4324 678 4400 νεκρῶν-
705 4327 819 4396 ἐγὼ
855 4324 1379 4400 κρίνομαι-Ταῦτα
1409 4330 1476 4382 δὲ
1507 4333 1696 4386 αὐτοῦ
1729 4324 2037 4400 λαλήσανῖ-

432 4411 561 4470 τος,
581 4396 818 4470 ἐγένετο
834 4396 1064 4470 στάσις
1105 4398 1225 4470 τῶν
1265 4400 1688 4470 Σαδδουκαίων
1729 4404 1824 4455 καί
1859 4396 2033 4470 Φαρι-

439 4465 652 4539 σιτίων,
682 4465 782 4518 καί
821 4466 1081 4539 ἐσχᾼίσρη
1115 4467 1185 4539 τό
1211 4467 1465 4539 πλῆθος.
1508 4470 1899 4539 Σαδδουκαῖοι
1917 4465 2036 4539 μὲν

437 4533 548 4608 τάρ
567 4533 840 4608 λέγουσι,
870 4532 955 4608 μὴ
980 4532 1131 4589 εἶναι
1149 4532 1518 4608 ᾲνᾴστασιν,
1553 4538 1708 4605 μηδὲ
1749 4532 2029 4608 ἄγγελον,

428 4601 583 4669 μήτε
616 4603 854 4671 πνεῦμα
876 4619 890 4632 ·
915 4605 1222 4672 Φαρισαῖοι
1247 4605 1315 4656 δὲ
1340 4601 1704 4674 όμολογῖοὗσι
1741 4601 1812 4662 τᾶ
1833 4601 2030 4680 ’ὰμφόέ

433 4687 597 4738 τερα.

433 4790 503 4837 α’.
523 4783 692 4836 Πάλιν
711 4782 1066 4855 ἀνθρωπίνως
1093 4785 1422 4854 διαλέγεται,
1441 4787 1536 4840 καὶ
1551 4788 1612 4840 οὐ
1632 4790 1906 4860 πανταχοῦ
1932 4793 2028 4861 τῆς

362 4871 582 4942 χάριτος
612 4869 896 4935 ἀπολαύει,
931 4872 1067 4926 ἀλλά
1097 4874 1191 4925 καὶ
1223 4873 1354 4944 παρ’
1389 4872 1584 4926 ἐαυτοῦ
1622 4891 1674 4926 τι
1721 4882 2025 4949 συγχωρεῖ.

358 4975 451 5011 ται
482 4957 761 5029 εἰσφέρειν
785 4975 800 4991 θ
829 4959 857 5011 ὃ
875 4958 938 5031 δὴ
965 4960 1060 5013 καὶ
1109 4961 1275 5023 ποιεῖ,
1319 4960 1414 5012 καὶ
1466 4961 1526 5013 ἐν
1554 4959 1729 5032 τούτῳ
1751 4963 1844 5016 καὶ
1867 4967 1924 5017 ἐν
1948 4966 2026 5038 τῷ

355 5046 500 5116 ,μετά
529 5046 702 5100 ταῦτα
733 5045 1099 5115 ἀπολογεῖται,
1152 5046 1474 5117 βουλόμενος
1522 5050 1703 5120 σχίσαι
1729 5051 1789 5103 τὸ
1821 5052 2023 5125 πλῆθος

352 5133 417 5185 τὸ
447 5133 634 5196 κακῶς
655 5132 914 5204 όμονοοῦν
941 5134 1060 5186 κατ’
1088 5133 1271 5188 αὑτοῦ.
1304 5136 1411 5188 Καὶ
1426 5137 1486 5188 οὐ
1510 5137 1766 5206 ψεύδεται
1784 5141 1907 5193 οὐδὲ
1933 5143 2019 5193 ἐν-

352 5220 551 5285 ταῦθα,
580 5223 872 5292 Φαρισαῖον
903 5221 1094 5273 ἐαυτὸν
1123 5220 1293 5288 λέγων
1324 5231 1343 5252 ⁸
1370 5239 1384 5252 ·
1413 5224 1705 5295 Φαρισαῖος
1731 5225 1838 5297 γάρ
1861 5222 1928 5296 ἦν
1956 5230 2020 5282 ἐκ

356 5308 658 5374 προγόνων.
712 5307 810 5360 Διά
859 5307 1017 5360 τοῦτο
1064 5308 1156 5360 καὶ
1202 5308 1374 5373 οὑτως
1416 5311 1807 5379 ἀπολογεῖται·
1845 5317 2018 5381 Φαρι-

345 5391 526 5458 σαῖος
556 5393 669 5464 ἐγώ
717 5397 855 5464 εἰμι,
891 5395 1021 5460 υίὸς
1077 5397 1423 5463 Φαρισαίου,
1473 5397 1570 5450 καὶ
1605 5399 1736 5466 περὶ
1771 5399 2018 5465 ἐλπίδος

353 5477 454 5530 καί
476 5481 867 5547 ἀναστάσεως
896 5480 1126 5549 νεκρῶν
1158 5482 1272 5553 ἐγὼ
1316 5485 1609 5553 κρίνομαι.
1650 5485 1868 5555 Ἐπειδὴ
1906 5487 2015 5557 γάρ

347 5568 548 5620 ἐκεῖνοι
602 5570 701 5621 οὐκ
743 5569 1026 5623 ἐϐούλοντο
1077 5573 1254 5625 εἰπεῖν
1297 5571 1385 5625 διά
1419 5573 1470 5625 τί
1509 5573 1786 5642 κρίνουσιν
1826 5574 2008 5638 αὐτὸν,

347 5652 718 5720 ἀναγκάζεται
745 5655 929 5708 λοιπὸν
962 5657 1124 5721 αὐτὸς
1162 5659 1417 5722 ἐξειπεῖν.
1452 5659 1756 5726 Φαρισαῖοι
1779 5659 1869 5726 δὲ,
1905 5678 2008 5732 φη-

437 5739 467 5810 ‘_
491 5739 629 5794 Haec,
653 5742 916 5810 Φαρισαῖον
939 5743 1103 5791 ἑαυτὸν
1129 5745 1295 5804 λέγων,
1325 5751 1376 5795 et
1401 5745 1542 5804 infra,
1585 5749 1647 5804 μὴ
1675 5748 2002 5810 θεομαχῶμεν,

351 5797 468 5858 quid
478 5812 547 5846 ml
577 5811 672 5846 non
697 5797 897 5850 habent.

2149 4060 2254 4125 σὶν,
2292 4062 2658 4132 ὁμολογοῦσι
2683 4064 2755 4118 τὰ
2791 4065 3112 4135 ἀμφότερα.
3169 4068 3280 4121 Καὶ
3331 4069 3438 4140 μὴν
3487 4073 3610 4142 τρία
3637 4076 3754 4128 ἐστί
3797 4091 3813 4107 ·

2145 4146 2262 4210 πῶς
2294 4146 2389 4201 οῦν
2419 4148 2568 4216 λέγει
2599 4151 2946 4219 Ἀμφότερας
2978 4155 3047 4206 Ἦ
3073 4155 3155 4206 ὅτι
3194 4153 3411 4222 πνεῦμα
3448 4159 3543 4210 καὶ
3583 4159 3816 4228 ἄγγελος

2144 4234 2202 4287 ἐν
2226 4237 2394 4301 ἐστιν,
2421 4235 2453 4307 ἢ
2489 4238 2650 4290 ὅτιού
2685 4239 2843 4308 μόνον
2873 4241 2904 4310 ὴ
2935 4240 3077 4304 λέξις
3107 4242 3234 4312 περὶ
3257 4241 3370 4306 δύο,
3405 4243 3540 4298 ἀλλά
3562 4248 3656 4298 καὶ
3685 4249 3814 4317 περὶ

2143 4322 2318 4390 τριῶν
2351 4323 2710 4396 λαμϐάνεται.
2742 4327 3214 4398 Καταχρηστικῶς
3241 4325 3332 4383 οὖν
3355 4329 3526 4393 οὑτως
3552 4329 3696 4398 εἷπε,
3719 4337 3813 4388 καὶ

2141 4409 2199 4460 οὐ
2223 4411 2574 4480 κυριολογῶν.
2600 4413 2709 4466 Καὶ
2732 4413 2834 4484 ὅρα
2856 4431 2869 4444 ·
2891 4417 2978 4468 ὅτε
3011 4417 3125 4484 μετ’
3145 4417 3322 4469 αὐτῶν
3349 4415 3503 4486 ἔστη.
3527 4419 3648 4472 τότε
3675 4423 3811 4474 ἀποο

2139 4494 2422 4564 λογοῦνται
2451 4498 2594 4570 ὑπὲρ
2635 4501 2822 4554 αὑτοῦ.
2881 4501 3150 4569 Ἐγένετο
3189 4502 3320 4572 γὰρ,
3371 4506 3525 4572 φησι,
3576 4506 3808 4575 κραυγὴ

2133 4585 2370 4652 μεγάλη
2396 4600 2409 4613 '
2440 4588 2536 4640 καὶ
2570 4589 2948 4654 ἀναστάντες
2995 4588 3112 4643 τῶν
3150 4590 3542 4659 γραμματέων
3565 4593 3674 4645 τοῦ
3698 4593 3804 4661 μέ-

2129 4688 2280 4737 ρους
2319 4672 2438 4726 τῶν
2477 4676 2838 4743 Φαρισαίων,
2875 4676 3228 4746 διεμάχοντο
3259 4676 3539 4746 λέγοντες
3563 4694 3577 4709 ·
3615 4680 3808 4733 Οὐδὲν

2135 4759 2325 4811 κακὸν
2363 4762 2723 4831 εὑρίσκομεν
2763 4763 2833 4816 ὲν
2888 4761 2968 4826 τῷ
3019 4763 3308 4830 ἀνθρώπῳ
3360 4765 3570 4831 τούτῳ.
3643 4766 3711 4819 El
3737 4765 3808 4818 δὲ

2134 4846 2369 4914 πνεῦμα
2405 4847 2712 4916 ἐλάλησεν
2734 4848 2893 4914 αὐτῷ
2926 4849 2960 4918 ἣ
2991 4849 3263 4919 ἅγγελος,
3286 4849 3372 4919 μὴ
3394 4850 3800 4920 θεομαχῶμεν.

2133 4933 2244 4986 Καὶ
2263 4934 2350 4987 διὰ
2375 4935 2425 4986 τί
2453 4936 2529 5005 μὴ
2578 4937 2684 5006 πρὸ
2737 4935 2923 4990 τούτου
2973 4937 3113 5005 ὑπὲρ
3165 4937 3326 4990 αὐτοῦ
3356 4938 3798 5006 ἀπελογήσαντος

2133 5017 2257 5070 Ὅτι
2314 5020 2494 5084 αὐτοῖς
2538 5021 2691 5076 οὐπω
2748 5023 3125 5093 συνεμίγνυτο,
3183 5022 3303 5075 οὐδὲ
3356 5023 3512 5093 δῆλον
3541 5019 3631 5094 ἦν,
3673 5025 3800 5095 πρὶν

2129 5104 2548 5176 ἀπολογήσεται,
2612 5111 2901 5178 Φαρισαῖος
2941 5109 3146 5162 ἀνωθεν
3193 5109 3288 5165 ῶν,
3330 5109 3516 5180 Ὁρᾷς,
3573 5111 3700 5163 ὅταν
3731 5113 3799 5165 τά

2129 5193 2276 5264 πάθη
2312 5193 2643 5267 ὑποχωρήσῃ
2666 5239 2680 5261 ,
2710 5197 2824 5260 πῶς
2853 5199 2886 5267 ή
2915 5197 3140 5268 ἀλήθεια
3166 5197 3511 5267 εὑρίσκεταη
3541 5199 3605 5252 "O
3629 5198 3686 5251 δὲ
3714 5198 3799 5251 λέ-

2126 5297 2304 5347 γουσι,
2340 5282 2499 5335 τοῦτό
2518 5285 2651 5337 ἐστι·
2681 5284 2833 5356 [565]
2854 5288 3002 5337 ποῖον
3031 5285 3300 5354 ἔγκλημα,
3323 5285 3371 5337 εί
3391 5285 3620 5354 ἄγγελος
3647 5287 3796 5356 αὐτῷ

2125 5368 2405 5438 ἐλάλησεν,
2438 5371 2486 5423 εί
2527 5371 2764 5440 πνεῦμα,
2803 5372 2898 5426 καὶ
2930 5373 3032 5424 ὑπ’
3067 5372 3230 5424 αὐτοῦ
3273 5371 3625 5444 κατηχηθεὶς,
3651 5372 3794 5426 οὑτω

2122 5456 2188 5508 τά
2219 5458 2347 5526 περὶ
2367 5459 2717 5522 ἀναστάσεως
2743 5461 3081 5526 ἐκδιδάσκει;
3108 5461 3317 5515 Οὐκοῦν
3347 5461 3513 5515 αὐτοῦ
3545 5462 3794 5514 ἀποστῶ-

2125 5559 2244 5611 μεν,
2277 5544 2351 5614 μὴ
2385 5544 2532 5615 αὐτῷ
2585 5546 2945 5617 πολεμοῦντες
2998 5547 3092 5600 καὶ
3137 5547 3396 5618 θεομάχοι
3451 5548 3787 5618 εὑρεθῶμεν.

2122 5631 2258 5701 Ὅρα
2281 5633 2515 5695 συνετῶς
2543 5634 2737 5698 αὐτοὺς
2767 5635 3393 5706 ὑπεραπολογουμένους,
3425 5636 3518 5689 καὶ
3539 5635 3629 5689 τὸν
3646 5635 3794 5689 Παῦ-

2116 5717 2204 5768 λον
2233 5718 2489 5788 οὐδεμίαν
2513 5721 2694 5784 αὑτοῖς
2721 5722 2932 5777 διδόντα
2969 5722 3158 5794 λαϐήν.
3187 5723 3431 5790 Πολλῆς
3460 5723 3528 5776 δὲ
3550 5722 3790 5792 γενομέ-

2114 5815 2218 5866 νης
2239 5800 2528 5868 στάσεως,
2557 5803 2832 5872 φοϐηθεὶς
2859 5807 2892 5858 ὁ
2914 5804 3339 5875 χιλίαρχοςψὴ
3370 5802 3722 5873 διασπασθῇ
3754 5806 3788 5859 ὀ
