4086 6164
397 346 498 404 357

471 459 598 527 Quis
617 458 680 513 sit
711 471 821 512 vere
839 454 1208 525 magnanimus.
1227 481 1295 493 -—
1311 451 1426 507 Non
1454 467 1583 522 ergo
1606 453 1972 521 magnanimus

395 561 475 608 est
498 548 773 620 prodigus.
793 544 1110 614 Quomodo?
1137 543 1235 610 Qui
1259 545 1404 602 mille
1424 545 1630 612 capitur
1649 541 1810 595 animi
1833 555 1972 594 mor-
1997 555 2000 557 λ

398 643 508 709 his,
541 637 812 710 quomodo
840 636 1016 706 magni
1052 633 1212 690 fuerit
1239 635 1444 689 animi?
1488 633 1671 703 Neque
1709 634 1852 689 enim
1884 631 1974 687 ille

395 732 651 804 pecunias
677 738 1002 795 contemnet,
1034 728 1128 783 sed
1155 729 1315 782 etiam
1342 727 1458 781 aliis
1482 726 1791 795 subjiciatur
1811 725 1972 780 animi

397 823 632 882 morbis;
665 829 724 877 ut
762 822 807 875 si
842 821 962 891 quis
993 820 1290 874 latronibus
1317 834 1505 888 parere
1531 827 1790 889 cogatur.
1838 819 1975 874 liber

398 933 504 972 non
535 917 636 972 erit
661 931 676 970 :
706 928 810 968 non
838 913 977 968 enim
1000 926 1063 967 ex
1086 911 1387 966 divitiarum
1407 919 1711 980 contemptu
1738 909 1793 964 fit
1812 925 1972 980 pecu-

397 1008 603 1061 niarum
629 1005 884 1076 profusio,
913 1002 1006 1058 sed
1027 1002 1166 1072 quod
1191 1003 1465 1072 ignoretur
1483 1042 1498 1068 ,
1521 1017 1626 1071 quo
1653 1011 1806 1071 pacto
1831 1010 1977 1058 recte

395 1094 812 1166 dispensandum
838 1094 913 1148 sit
939 1111 952 1147 :
989 1108 1108 1147 nam
1137 1093 1182 1146 si
1210 1092 1394 1146 liceret
1419 1101 1474 1147 et
1511 1092 1630 1146 illas
1656 1093 1887 1148 retinere
1921 1101 1978 1148 et

399 1188 506 1241 illis
529 1185 652 1253 frui,
683 1185 734 1240 id
760 1186 940 1255 utique
969 1185 1147 1239 vellet.
1175 1182 1276 1250 Qui
1303 1198 1449 1248 vero,
1474 1191 1534 1236 ut
1558 1192 1787 1252 oportet,
1817 1198 1980 1254 pecu-

399 1280 518 1333 nias
544 1277 780 1342 insumit,
809 1278 852 1330 is
875 1281 1242 1346 magnanimus
1272 1283 1354 1330 est
1383 1292 1396 1328 :
1438 1289 1660 1345 magnus
1686 1275 1826 1330 enim
1854 1290 1979 1330 vere

399 1378 484 1424 est
529 1369 618 1422 ille
655 1367 903 1431 animus,
936 1366 1026 1436 qui
1075 1364 1285 1420 afl‘cctui
1323 1380 1430 1419 non
1467 1366 1673 1430 servit,
1714 1365 1805 1435 qui
1847 1365 1978 1419 nihil

400 1466 553 1528 putat
585 1471 704 1511 esse
735 1455 1010 1525 pecunias.
1046 1454 1250 1510 Rursus
1278 1455 1575 1510 uaconomia
1608 1455 1807 1510 bonum
1844 1465 1928 1510 est
1961 1473 1975 1509 :

399 1559 455 1606 et
474 1563 785 1605 meonomus
825 1547 913 1601 ille
954 1547 1187 1616 optimus
1214 1545 1409 1610 fuerit,
1453 1546 1544 1616 qui
1568 1554 1627 1601 ut
1660 1555 1874 1616 oportet
1899 1548 1980 1601 in—

401 1643 596 1708 sumit,
639 1641 726 1709 qui
757 1655 861 1695 non
889 1648 1092 1693 temere
1121 1639 1339 1708 spargit.
1369 1639 1437 1692 At
1464 1639 1532 1693 de
1566 1639 1888 1708 parcimonia
1928 1648 1982 1694 et

402 1731 687 1787 tenacitate
714 1746 820 1784 non
850 1729 990 1784 idem
1017 1727 1324 1783 dicendum.
1372 1727 1464 1783 llle
1503 1743 1732 1798 namque
1761 1729 1935 1782 omnia
1963 1771 1978 1795 ,

401 1832 460 1876 ut
495 1829 709 1890 oportet
733 1820 993 1884 insumit;
1027 1820 1113 1874 hic
1137 1833 1267 1874 vero
1301 1833 1366 1874 ne
1397 1820 1628 1875 instante
1651 1819 1864 1890 quidem
1890 1835 1984 1875 ne-

401 1911 655 1967 cessitate
695 1911 949 1980 pecunias
977 1909 1196 1980 profert.
1232 1909 1573 1966 (Economus
1599 1925 1726 1982 ergo
1767 1926 1985 1982 magna-

402 2004 532 2058 nimi
555 2002 720 2057 frater
746 2002 922 2057 fuerit.
947 2001 1108 2073 Igitur
1128 2003 1284 2057 simul
1308 2018 1566 2072 ponemus
1588 2004 1984 2073 magnanimum

403 2107 460 2153 et
483 2111 856 2161 meonomum;
886 2096 1043 2151 simul
1075 2096 1352 2166 prodigum
1379 2105 1429 2150 et
1460 2106 1702 2152 tenacem
1734 2114 1747 2150 :
1775 2097 1984 2167 utrique

406 2188 551 2242 enim
593 2202 661 2242 ex
712 2185 1003 2256 pusillitate
1039 2186 1200 2240 animi
1240 2186 1343 2241 hoc
1382 2189 1693 2257 patiuntur;
1745 2189 1882 2242 sicut
1927 2197 1982 2243 et

411 2276 490 2331 illi
515 2292 578 2330 ex
607 2276 1057 2345 magnanimitate.
1086 2276 1164 2331 Ne
1191 2277 1348 2346 igitur
1375 2277 1774 2348 magnanimum
1800 2278 1986 2348 appel-

410 2367 579 2422 lemus
634 2381 792 2434 eum,
832 2367 922 2437 qui
963 2375 1165 2423 temere
1207 2367 1496 2437 impendit,
1551 2368 1648 2423 sed
1693 2383 1815 2423 eum
1841 2410 1854 2435 ,
1896 2371 1984 2439 qui

407 2464 592 2526 erogat
615 2464 673 2511 ut
689 2464 931 2526 oportet;
962 2472 1132 2528 neque
1153 2472 1492 2513 meonomum
1511 2459 1749 2514 dicamus
1769 2475 1986 2530 parcum

407 2559 457 2606 et
487 2559 760 2616 tenacem,
790 2551 884 2607 sed
910 2565 1055 2616 eum,
1087 2553 1174 2622 qui
1207 2551 1578 2621 intempestive
1601 2553 1840 2622 pecuniis
1858 2569 1985 2624 par-

406 2642 498 2696 cit.
527 2642 734 2709 Quanta
764 2641 914 2697 dives
939 2642 1030 2698 ille
1056 2643 1358 2711 imumpsit,
1381 2643 1473 2713 qui
1501 2643 1816 2698 induebatur
1849 2660 1990 2714 pur-

408 2747 537 2803 pura
567 2743 624 2788 et
647 2733 854 2804 bysso(
887 2732 1116 2788 Luc.l6.
1149 2733 1215 2789 l9
1242 2734 1437 2804 )‘lSed
1477 2749 1582 2789 non
1624 2742 1740 2789 erat
1765 2750 1986 2805 magna-

409 2826 587 2879 nimus
617 2840 632 2878 :
661 2824 840 2880 anima
883 2839 1114 2894 namque
1145 2825 1261 2894 ejus
1305 2834 1360 2880 et
1402 2824 1716 2881 crudelitate
1751 2833 1805 2880 et
1845 2826 1989 2881 mille

409 2915 770 2985 voluptatibus
789 2915 1156 2981 detinebatur;
1184 2916 1297 2971 haec
1317 2925 1492 2972 autem
1511 2916 1780 2986 quomodo
1800 2932 1988 2987 magna

411 3006 607 3062 fuerit?
632 3005 1000 3076 Magnanimus
1028 3015 1146 3062 erat
1173 3007 1465 3073 Abraham,
1492 3008 1584 3078 qui
1613 3008 1679 3062 ad
1706 3007 1980 3079 hospitali-

413 3107 579 3152 tatem
611 3100 862 3166 peeunias
888 3099 1220 3164 insumebat,
1250 3100 1472 3155 vitulum
1503 3101 1788 3168 mactabat,
1817 3110 1872 3158 et
1901 3102 1989 3157 ttbi

415 3205 553 3259 opus
580 3201 726 3256 erat,
754 3206 857 3246 non
885 3192 1044 3247 modo
1075 3193 1336 3263 pecuniis,
1367 3193 1460 3249 sed
1482 3194 1641 3248 etiam
1663 3195 1854 3249 anima:
1879 3209 1990 3249 suae

419 3296 528 3334 non
556 3281 822 3350 parcebat.
862 3282 916 3338 Si
943 3299 1073 3354 ergo
1115 3285 1406 3340 viderimus
1445 3287 1748 3356 quempiam
1794 3287 1988 3342 lautam

417 3388 660 3429 mensam
690 3385 1065 3444 apponentem,
1093 3378 1410 3434 meretrices
1439 3389 1493 3433 et
1516 3379 1776 3449 parasitos
1798 3379 1996 3434 haben-

415 3472 522 3518 tem
544 3504 560 3529 ,
590 3480 657 3519 ne
677 3466 1072 3534 magnanimum
1101 3466 1250 3520 illum
1276 3483 1560 3529 vocemus.
1589 3469 1681 3523 sed
1706 3470 1992 3525 admodum

414 3556 715 3612 sordidum.
741 3557 877 3613 Vide
908 3573 1166 3628 namque,
1202 3571 1330 3629 quot
1353 3562 1552 3616 morbis
1582 3562 1744 3616 animi
1771 3564 1991 3626 serviat,

415 3647 554 3718 gula:
579 3685 596 3714 ,
643 3647 889 3704 absurdae
929 3648 1222 3718 voluptati,
1255 3650 1544 3706 adulationi
1578 3668 1590 3703 :
1623 3652 1712 3721 qui
1758 3668 1884 3708 vero
1913 3653 1997 3707 his

1346 335 1414 392 IN
1452 319 2184 393 ACTA'APOSTOLORUM.
2227 333 2451 390 llOMlL.
2498 331 2678 390 xux.

3548 341 3650 395 338

2077 445 2319 503 addictus
2361 456 2479 512 est,
2526 456 2584 503 ut
2623 461 2694 503 ne
2735 463 2895 503 unum
2944 450 3157 518 quidem
3194 467 3378 509 eorum
3420 453 3652 527 effugere

2079 541 2280 610 possit,
2318 540 2589 610 quomodo
2627 541 2748 612 quis
2797 545 3195 612 magnanimum
3238 550 3432 604 vocet?
3473 552 3652 621 itaque

2077 631 2225 685 illum
2275 630 2397 686 hinc
2446 632 2619 701 potius
2646 633 3039 702 pusillanimum
3070 638 3373 694 vocabimus
3409 655 3423 702 ;
3453 651 3653 706 quanto

2080 721 2231 791 plura
2252 722 2392 778 enim
2414 723 2733 792 profuderit,
2755 733 2902 780 tanto
2931 727 3096 796 magis
3136 731 3367 785 ostendit
3407 733 3651 787 vitiorum

2078 815 2289 870 illorum
2334 815 2666 888 tyrannidem
2715 818 2875 895 :Inisi
2913 819 3058 874 enim
3096 820 3168 874 illi
3217 821 3368 878 valde
3421 824 3656 895 impera-

2077 916 2231 973 rent,
2260 924 2366 963 non
2398 917 2541 964 tanta
2573 910 2882 965 insumeret.
2957 959 2959 962 .

2149 1001 2486 1072 Eleemosyn‘a
2511 1001 2906 1055 commendatur.
2929 1031 3000 1042 --
3026 1002 3252 1058 Rursum
3286 1005 3328 1057 si
3366 1006 3658 1064 viderimus

2082 1091 2386 1162 quempiam
2415 1091 2543 1146 nihil
2570 1092 2760 1146 horum
2788 1092 2979 1148 talibus
3008 1104 3315 1164 erogantem
3339 1138 3354 1161 ,
3383 1097 3475 1151 sed
3513 1113 3649 1165 pau-

2081 1197 2236 1252 peres
2274 1192 2614 1253 pascentem,
2653 1197 2848 1252 egenos
2883 1182 3194 1250 juvantem,
3237 1201 3358 1239 cum
3403 1185 3658 1256 frugalem

2081 1271 2183 1326 sibi
2225 1281 2378 1341 paret
2431 1286 2706 1336 mensam,
2754 1271 2894 1327 hunc
2931 1272 3218 1329 admodum
3263 1277 3659 1346 magnanimum

2082 1362 2321 1418 dicamus
2363 1381 2376 1417 :
2421 1364 2598 1434 magni
2645 1363 2843 1434 quippe
2886 1374 2970 1420 est
2997 1366 3159 1419 animi
3190 1382 3338 1422 suam
3385 1368 3664 1438 despicere

2083 1457 2314 1526 quietem
2340 1499 2356 1525 ,
2387 1467 2444 1512 et
2467 1457 2697 1513 alienam
2723 1472 2932 1512 curare.
2964 1458 3060 1514 Dic
3084 1459 3224 1514 enim
3254 1460 3406 1526 mihi,
3435 1463 3478 1515 si
3505 1477 3662 1531 quem

2083 1545 2295 1602 videres
2353 1555 2610 1617 tyrannos
2645 1561 2833 1602 omnes
2873 1547 3292 1618 despicientem,
3343 1551 3663 1622 illorumque

2079 1636 2225 1706 jnssa
2252 1637 2399 1691 nihili
2429 1638 2712 1692 facientem
2735 1680 2749 1704 ,
2785 1653 2880 1694 eos
2908 1649 3086 1694 autem
3117 1641 3207 1711 qui
3243 1642 3310 1698 ab
3348 1642 3452 1697 illis
3479 1645 3664 1714 oppri-

2087 1740 2302 1785 muntur
2343 1731 2657 1800 eripientem
2711 1748 2727 1788 :
2773 1747 2951 1788 annon
2993 1733 3094 1788 hoc
3126 1750 3373 1804 magnum
3406 1739 3666 1812 putares?

2086 1820 2199 1875 Hoc
2222 1830 2278 1876 et
2304 1821 2389 1875 hic
2414 1822 2729 1890 cogitemus.
2762 1824 2938 1877 Animi
2965 1823 3185 1879 ad‘ectus
3209 1834 3264 1881 et
3289 1826 3460 1882 morbi
3485 1835 3667 1898 lyr-an.-

2088 1912 2138 1965 ni
2168 1919 2328 1975 sunt;
2360 1911 2406 1965 si
2430 1911 2548 1964 illos
2575 1911 3000 1980 despexerimus,
3033 1916 3207 1984 magni
3239 1917 3469 1982 erimus;
3501 1917 3546 1971 si
3567 1932 3665 1971 au-

2089 2010 2196 2056 tem
2226 2001 2362 2055 alios
2388 2001 2710 2071 eripiamus,
2747 2002 2907 2072 longe
2945 2005 3177 2074 majores
3206 2023 3221 2061 :
3249 2015 3304 2062 et
3328 2007 3520 2062 merito
3543 2009 3669 2076 qui—

2089 2091 2233 2147 dem.
2282 2090 2414 2145 Nam
2456 2091 2545 2161 qui
2591 2107 2696 2146 non
2725 2093 2886 2148 modo
2915 2093 3016 2149 sibi
3046 2095 3354 2163 sufﬁciunt,
3383 2097 3477 2152 sed
3506 2097 3668 2151 etiam

2089 2182 2229 2248 aliis,
2262 2181 2494 2250 majores
2519 2192 2647 2238 sunt
2667 2184 2791 2248 illis,
2823 2185 2914 2254 qui
2945 2195 3192 2241 neutrum
3221 2187 3437 2243 faciunt.
3462 2190 3518 2244 Si
3540 2205 3672 2245 vero

2089 2274 2210 2342 quis
2255 2288 2284 2325 a
2326 2282 2553 2343 tyranno
2585 2275 2767 2344 jussus
2803 2291 2870 2330 ex
2909 2277 3136 2332 subditis
3179 2278 3341 2332 alium
3371 2279 3661 2346 verberet,

2091 2366 2252 2420 alium
2284 2366 2489 2432 trahat,
2519 2367 2682 2421 alium
2710 2371 3035 2426 contumelia
3063 2369 3295 2437 afficiat,
3323 2386 3390 2425 an
3422 2372 3524 2426 hoc
3553 2389 3667 2426 ma-

2091 2457 2330 2525 gnanimi
2370 2472 2492 2512 esse
2517 2457 2795 2514 dicamus?
2822 2459 3273 2530 Haudquaquam,
3304 2473 3361 2517 et
3387 2471 3537 2518 tanto
3571 2464 3673 2517 mi-

2095 2562 2227 2614 nus,
2268 2555 2471 2616 quanto
2511 2548 2682 2617 major
2726 2549 2816 2604 ille
2867 2551 3048 2607 fuerit.
3092 2551 3166 2605 Ita
3209 2566 3296 2607 res
3334 2553 3386 2606 in
3420 2553 3672 2622 prmsenti

2092 2647 2177 2692 est
2217 2659 2230 2692 :
2280 2652 2422 2692 nunc
2457 2638 2598 2692 enim
2627 2639 2941 2708 proponitur
2961 2641 3136 2696 anima
3167 2642 3360 2696 nobilis
3389 2653 3443 2696 et
3469 2643 3673 2711 libera;

2095 2727 2234 2782 hanc
2282 2727 2538 2799 prodigus
2574 2729 2733 2799 jussit
2783 2731 2986 2801 percuti
3035 2748 3065 2787 a
3107 2734 3282 2802 pravis
3329 2734 3610 2790 affectibus
3656 2755 3671 2790 :

2093 2833 2288 2874 eumne
2307 2819 2398 2889 qui
2423 2819 2656 2890 seipsum
2690 2822 2918 2890 percutit
2940 2864 2956 2889 ,
2985 2828 3376 2892 magnanimum
3398 2824 3676 2881 dicemus?

2093 2907 2460 2979 Nequaquam.
2494 2910 2634 2980 Ergo
2656 2910 2924 2968 discamus
2947 2955 2965 2980 ,
2991 2915 3118 2983 quid
3149 2914 3219 2969 sit
3242 2917 3670 2986 magnanimitas,

2095 3000 2222 3070 quid
2264 3001 2644 3069 prodigalitas;
2691 3003 2817 3073 quid
2863 3005 3248 3070 mansuetudo,
3279 3007 3406 3076 quid
3432 3009 3672 3078 ignavia;

2095 3090 2224 3161 quid
2247 3089 2458 3146 dicendi
2484 3092 2739 3161 libertas,
2767 3095 2894 3164 quid
2924 3095 3145 3151 audacia
3181 3119 3195 3151 ς
3229 3105 3284 3150 ut
3306 3097 3420 3152 hac
3451 3099 3592 3154 inter
3617 3117 3679 3157 se

2096 3183 2504 3254 distinguentes.
2523 3200 2789 3258 possumus
2812 3188 3036 3243 Domino
3061 3189 3331 3258 placentes
3358 3201 3676 3260 praesentem

2097 3279 2258 3332 vitam
2291 3278 2621 3349 transigere,
2651 3288 2707 3334 et
2731 3278 2908 3334 futura
2933 3281 3187 3350 consequi
3216 3281 3356 3336 bona
3377 3322 3393 3347 ,
3425 3283 3594 3352 gratia
3623 3293 3677 3338 et

2098 3368 2426 3439 benignitate
2464 3368 2732 3440 Unigeniti
2768 3371 2884 3441 ejus
2908 3412 2925 3439 ,
2957 3372 3170 3440 quicum
3201 3371 3343 3427 Patri
3381 3382 3437 3428 et
3459 3373 3681 3442 Spiritui

2099 3469 2288 3515 sancto
2335 3460 2503 3530 gloria
2526 3501 2540 3524 ,
2559 3445 2857 3530 imperium
2878 3503 2895 3527 ,
2925 3461 3099 3517 honor
3121 3503 3134 3525 ,
3168 3478 3308 3519 nunc
3347 3472 3401 3517 et
3430 3478 3674 3533 semper,

2099 3561 2152 3606 et
2179 3552 2231 3606 in
2257 3552 2450 3608 szecula
2483 3553 2822 3608 szcculorum.
2853 3554 3046 3608 Amen.

1740 3863 2082 3925 HOMILIA
2127 3865 2362 3926 XLIX.

417 3992 550 4048 CAP.
591 3991 683 4048 25.
731 4005 784 4044 v.
842 3989 896 4044 6.
947 3989 1127 4045 Sciens
1185 3999 1350 4043 autem
1401 3989 1598 4044 Paulus
1628 4032 1643 4056 ,
1691 3991 1825 4060 quod
1897 4008 2001 4045 una

499 4098 621 4153 pars
668 4093 794 4136 esset
827 4079 1265 4145 Saddurworum,
1314 4090 1358 4134 et
1395 4082 1555 4134 altera
1600 4080 1999 4147 Pliaristeorum,

495 4175 792 4228 exclamavit
831 4173 883 4226 in
911 4173 1164 4226 concilio:
1201 4171 1308 4225 Viri
1350 4173 1554 4242 fratres,
1583 4189 1673 4242 ego
1711 4172 2002 4226 Pltariscus

495 4281 628 4329 sum,
653 4263 906 4318 Pharisazi
944 4264 1124 4329 ﬁlius;
1173 4263 1235 4315 de
1268 4278 1356 4332 spe
1383 4274 1428 4316 et
1465 4265 1826 4316 resurrectione
1863 4279 2002 4317 mor-

501 4368 705 4409 tuorum
726 4373 816 4426 ego
851 4355 1081 4424 judicor.
1125 4356 1177 4407 7.
1228 4354 1294 4406 Et
1332 4372 1444 4407 cum
1474 4355 1567 4407 hoc
1597 4354 1825 4419 dixisset,
1871 4359 2006 4424 facta

498 4457 570 4501 est
595 4448 836 4501 dissensio
859 4449 988 4500 inter
1018 4445 1306 4498 Pltariswos
1329 4453 1373 4497 et
1400 4444 1711 4498 Sadducteos
1729 4453 1773 4497 et
1796 4443 2007 4498 discissa

502 4549 572 4595 est
617 4539 906 4594 multitudo.
935 4539 986 4594 8.
1017 4537 1291 4594 Sadducwi
1338 4538 1470 4590 enim
1515 4536 1711 4602 dicunt,
1757 4553 1856 4590 non
1905 4553 2010 4592 esse

504 4631 949 4697 resurrectionem,
1005 4644 1163 4697 neque
1203 4627 1436 4698 angelum
1462 4667 1477 4693 ,
1526 4643 1684 4695 neque
1730 4628 2009 4698 spiritum:

504 4723 759 4778 Pharisaei
783 4733 954 4776 autem
985 4732 1196 4790 utraque
1221 4720 1547 4788 conﬁtentur.
1806 4718 1808 4720 ’

508 4816 557 4869 l.
590 4815 820 4868 Rursum
869 4812 1103 4866 humano
1155 4827 1306 4866 more
1353 4810 1606 4878 disserit,
1659 4825 1758 4866 nec
1797 4825 2014 4882 semper

431 4904 602 4973 gratia
633 4902 828 4958 fruitur
853 4919 868 4968 ;
907 4903 1002 4957 sed
1027 4903 1188 4958 etiam
1217 4903 1416 4972 aliquid
1439 4918 1468 4956 a
1493 4903 1672 4973 seipse
1692 4904 2014 4973 permittitur

434 4993 672 5058 afferre;
702 4995 752 5049 id
779 4994 923 5064 quod
955 5009 1082 5048 sane
1111 4994 1232 5048 facit
1258 5012 1272 5048 :
1303 5005 1358 5050 et
1383 4996 1434 5049 in
1465 4994 1569 5050 hoc
1597 5004 1650 5050 et
1679 4995 1729 5049 in
1769 4995 2015 5066 sequenti

438 5085 700 5139 rationem
730 5083 944 5150 reddit,
974 5094 1032 5137 ut
1071 5085 1276 5138 scindat
1311 5085 1701 5141 multitudinem
1733 5097 1918 5141 contra
1959 5101 2018 5141 se

438 5177 579 5232 male
598 5177 959 5247 conjunctam.
984 5177 1164 5246 Neque
1196 5179 1470 5243 mentitur,
1493 5193 1611 5232 cum
1642 5193 1700 5233 se
1728 5178 1856 5233 dicit
1881 5179 2018 5232 Pha-

438 5270 690 5324 rismum:
738 5268 1044 5324 Pharismus
1098 5269 1239 5323 enim
1281 5278 1394 5323 erat
1453 5285 1520 5323 ex
1567 5271 2017 5340 progenitoribus.

443 5361 567 5416 Ideo
587 5361 659 5414 ita
685 5375 806 5416 sese
853 5359 1122 5416 defendit:
1148 5359 1443 5414 Phariswus
1473 5377 1563 5430 ego
1593 5379 1740 5427 sum,
1771 5360 2023 5414 Pharisaei

443 5450 606 5518 ﬁlius,
634 5461 682 5504 et
711 5451 774 5504 de
799 5468 889 5521 spe
917 5467 976 5502 ac
1010 5451 1374 5502 resurrectione
1421 5459 1737 5504 mortuorum
1765 5467 1856 5521 ego
1876 5452 2024 5517 judi-

446 5558 552 5596 cor.
581 5541 716 5610 Quia
745 5543 886 5597 enim
920 5542 993 5596 illi
1024 5541 1274 5595 nolebant
1304 5540 1482 5594 dicere
1509 5555 1605 5595 cur
1637 5541 1782 5594 illum
1810 5542 2017 5610 judica-

448 5645 590 5700 rcnt,
620 5635 830 5705 cogitur
850 5635 959 5704 jam
992 5634 1079 5688 ille
1119 5630 1170 5685 id
1207 5633 1505 5687 enuntiare.
1554 5631 1803 5686 Pharisz
1832 5643 2019 5697 autem,

452 5725 643 5795 inquit,
671 5735 881 5795 utraque
909 5722 1233 5791 conﬁtentur.
1278 5723 1438 5794 Atqui
1476 5724 1574 5779 tria
1598 5732 1749 5780 sunt:
1781 5739 1873 5779 cur
1897 5738 2025 5792 ergo

2106 3993 2234 4047 dicit
2264 3992 2533 4066 Utraque?
2575 3993 2670 4050 Vel
2713 3995 2853 4065 quod
2902 3997 3120 4066 Spiritus
3161 4006 3214 4051 et
3249 3999 3470 4067 angelus
3519 4015 3680 4052 unum

2107 4085 2251 4150 sint;
2283 4085 2365 4139 vel
2395 4086 2517 4154 quia
2539 4085 2703 4141 dictio
2745 4088 2831 4140 illa
2864 4103 2970 4142 non
3013 4088 3186 4141 solum
3219 4088 3284 4142 de
3311 4088 3518 4142 duobus
3543 4128 3557 4153 ,
3591 4090 3686 4142 sed

2109 4173 2267 4226 etiam
2295 4173 2362 4227 de
2403 4174 2573 4228 tribus
2616 4175 2896 4243 accipitur.
2940 4177 3122 4243 Itaque
3145 4176 3337 4230 latiore
3359 4191 3457 4230 usu
3493 4184 3547 4230 et
3577 4192 3682 4230 non

2110 4263 2326 4332 proprie
2367 4263 2446 4317 sic
2471 4264 2721 4332 loquutus
2754 4275 2872 4324 est.,
2899 4265 2966 4317 Et
2992 4263 3151 4318 vide:
3179 4266 3394 4332 quando
3436 4281 3557 4320 cum
3582 4267 3685 4319 illis

2111 4352 2231 4418 fuit,
2279 4362 2403 4407 tunc
2437 4354 2554 4422 ejus
2600 4367 2815 4407 causam
2857 4352 3246 4408 defendendam
3292 4356 3606 4424 suscipiunt.
3634 4357 3673 4415 9.

2119 4462 2138 4495 ι
2175 4442 2368 4497 Factus
2393 4452 2494 4506 est,
2528 4443 2720 4512 inquit,
2766 4444 2970 4498 clamor
3006 4458 3268 4514 magnus;
3307 4454 3364 4499 et
3399 4457 3680 4516 surgentes

2113 4535 2304 4590 scribae
2339 4549 2404 4588 ex
2435 4542 2584 4604 parte
2611 4534 3026 4601 Pharismorum,
3057 4536 3364 4605 pugnabant
3406 4537 3682 4593 dicentes:

2115 4624 2255 4680 Nihil
2287 4625 2412 4680 mali
2456 4626 2757 4681 invenimus
2785 4627 2836 4680 in
2874 4625 3244 4682 homineshoc.
3273 4627 3426 4696 Quod
3450 4631 3491 4684 si
3527 4631 3688 4699 spiri-

2116 4726 2201 4773 tus
2248 4718 2499 4788 loquutus
2538 4727 2623 4774 est
2668 4719 2718 4773 ei
2773 4719 2856 4774 vel
2909 4719 3170 4789 angelus,
3221 4736 3289 4775 ne
3335 4738 3698 4794 repugnemus

2116 4810 2247 4866 Deo.
2283 4829 2302 4864 ›
2331 4811 2399 4865 Ει
2427 4825 2524 4866 cur
2555 4825 2664 4866 non
2699 4813 2927 4866 antehac
2949 4812 3097 4866 illum
3129 4811 3528 4870 defenderunt?
3557 4813 3690 4881 Quia

2119 4901 2224 4956 illis
2244 4901 2482 4956 nondum
2513 4902 2837 4957 commixtus
2864 4910 2999 4968 erat,
3049 4916 3243 4971 neque,
3269 4913 3554 4974 antequam
3577 4919 3698 4960 sese

2119 4991 2445 5057 defenderet,
2481 5002 2666 5047 notum
2698 4999 2814 5046 erat
2836 4992 3010 5062 ipsum
3039 5008 3069 5046 a
3095 4993 3389 5063 majoribus
3417 5009 3537 5049 esse
3558 4995 3695 5049 Plia-

2122 5082 2356 5137 rismum.
2383 5083 2577 5149 Vides,
2635 5083 2850 5153 quando
2896 5083 3056 5137 animi
3102 5083 3324 5139 affectus
3361 5084 3694 5151 abscedunt,

2123 5172 2390 5242 quomodo
2433 5175 2632 5228 veritas
2672 5173 3012 5243 reperiatur?
3072 5172 3187 5228 Hoc
3234 5190 3359 5230 vero
3398 5175 3696 5245 significant

2126 5265 2200 5319 illi
2231 5263 2416 5331 :Quod
2440 5265 2643 5319 crimen
2667 5305 2683 5330 ,
2714 5265 2756 5318 si
2786 5264 3010 5334 angelus
3031 5264 3284 5333 loquutus
3323 5275 3406 5320 est
3435 5265 3505 5332 ei,
3537 5275 3628 5318 aut
3653 5266 3698 5319 si

2127 5359 2367 5427 spiritus,
2385 5367 2437 5412 et
2465 5357 2532 5412 ab
2555 5357 2644 5412 illo
2674 5357 2947 5412 institutus
2973 5356 3052 5411 sic
3076 5356 3144 5411 de
3169 5357 3568 5412 resurrectione
3593 5357 3694 5411 dn-

2127 5453 2284 5504 ceat?
2327 5450 2466 5519 Ergo
2507 5449 2856 5504 abscedamus
2881 5447 3086 5512 abillo,
3122 5463 3212 5510 ne.
3263 5449 3306 5504 si
3336 5465 3454 5504 cum
3478 5449 3570 5504 illo
3601 5467 3699 5518 pu-

2129 5558 2370 5611 gnemus,
2391 5544 2552 5597 Deum
2581 5543 2741 5598 etiam
2763 5541 3153 5611 impugnemus.
3171 5527 3304 5596 Vide
3325 5541 3444 5596 illos
3471 5542 3700 5611 pruden-

2131 5643 2210 5686 ter
2236 5633 2598 5688 defensionem
2627 5639 2894 5702 parantes,
2925 5632 3091 5687 Paulo
3131 5633 3329 5688 nullam
3361 5633 3488 5702 ipsis
3509 5647 3693 5688 ansam

2131 5726 2425 5794 praebente.
2456 5727 2538 5782 lo.
2571 5744 2589 5779 ι
2629 5727 2695 5782 At
2721 5740 2841 5781 cum
2873 5739 3060 5797 magna
3088 5727 3353 5783 dissensio
3382 5727 3518 5783 facta
3539 5734 3704 5793 esset,
