4148 6152
452 277 557 331 359
1155 278 1207 333 S.
1249 276 1524 333 JOANle
1558 276 2026 334 CllllVSOSTOMI
2068 277 2380 334 ARClllEP.
2421 278 2950 339 CONSTANTINOP.

451 397 647 449 timens
677 392 938 460 tribunus,
970 406 1036 447 ne
1064 390 1456 462 discerperetur
1487 392 1679 447 Paulus
1706 392 1774 445 ah
1800 389 2029 460 eis,jus-

450 484 516 539 sit
545 483 834 539 exercitum
861 482 1224 547 descendere;
1251 498 1542 553 raperequc
1562 484 1732 551 ipsum
1758 480 1827 537 de
1851 483 2030 536 medio

449 589 633 630 eorum
664 590 726 630 ac
754 574 1026 631 deducere
1049 576 1101 628 in
1130 586 1327 629 castra.
1367 593 1387 626 ι
1416 575 1589 628 Timet
1608 572 1822 628 demum
1855 573 2026 627 tribu-

447 681 569 733 nus,
598 682 663 722 ne
691 666 1048 736 discerpatur,
1080 668 1201 738 quia
1230 669 1517 722 dixeratse
1545 667 1844 720 Romanum
1877 680 2023 721 esse:

448 755 589 811 unde
614 771 721 811 non
755 757 874 814 sine
924 757 1162 826 periculo
1202 771 1289 813 res
1316 766 1450 813 erat.
1502 756 1689 811 Viden’
1716 757 1868 810 illum
1904 756 2027 826 jure

447 848 643 903 lassum
669 864 789 904 esse
812 864 872 905 se
901 864 1022 905 esse
1050 850 1344 904 Romanum
1367 850 1390 903 ?
1411 850 1644 922 alioquin
1674 867 1847 922 neque
1883 866 2026 907 nunc

444 951 589 997 metu
618 952 863 997 retentus
888 943 1098 998 fuisset.
1144 945 1423 999 Exercitus
1453 960 1583 1001 vero
1633 945 1849 1000 demum
1879 946 2023 1001 abri-

443 1035 522 1101 νξῑ
545 1048 690 1089 eum.
722 1032 795 1090 Ut
836 1044 1014 1090 autem
1061 1035 1306 1091 viderunt
1351 1037 1562 1092 scelesti
1583 1054 1769 1095 omnes
1800 1050 2023 1095 conatus

443 1140 570 1179 suos
619 1125 800 1179 irritos
838 1140 980 1193 esse,
1028 1142 1126 1196 per
1166 1142 1226 1182 se
1272 1128 1451 1182 omnia
1496 1129 1690 1183 faciunt
1726 1147 1740 1183 :
1773 1130 2024 1185 volebant

443 1217 660 1285 quidem
697 1227 752 1271 ct
780 1217 1007 1273 antehac
1033 1258 1047 1283 ,
1093 1218 1188 1274 sed
1217 1219 1437 1275 cohibiti
1485 1221 1694 1276 fuerant
1723 1238 1736 1275 :
1763 1224 1832 1277 ita
1861 1237 2017 1277 num-

442 1321 601 1376 quam
629 1308 867 1363 subsistit
891 1308 1120 1377 nequitia
1149 1350 1165 1375 ,
1208 1318 1283 1365 tot
1325 1310 1484 1366 rebus
1513 1312 1803 1381 impedita:
1835 1328 2022 1383 quam-

443 1399 523 1453 vis
550 1415 669 1469 quae
710 1415 815 1455 non
857 1400 1160 1470 dispensata
1205 1412 1388 1470 erant,
1422 1413 1478 1457 ul.
1510 1413 1564 1458 et
1602 1404 1833 1459 furorem
1861 1403 2019 1459 seda-

441 1499 582 1554 rent,
613 1499 667 1542 et
695 1505 757 1543 ea
786 1489 1075 1556 discerent,
1106 1506 1199 1560 per
1226 1508 1345 1561 qua:
1386 1493 1789 1561 resipiscerent!
1818 1494 2018 1550 Nihilo-

441 1578 617 1634 minus
638 1580 857 1634 instant.
900 1580 1084 1651 Magna
1130 1590 1278 1637 certe
1322 1586 1405 1638 est
1443 1583 1687 1640 defensio
1735 1585 1848 1650 illa,
1873 1585 2015 1656 quod

440 1671 621 1739 immo,
653 1688 814 1742 quem
846 1689 969 1728 mox
993 1675 1313 1744 discerpturi
1341 1685 1513 1742 erant,
1544 1685 1728 1746 raptus
1757 1688 1898 1731 tanta
1925 1694 2018 1747 pe-

437 1762 602 1816 ricula
633 1761 894 1833 eti‘ugerit.
931 1781 949 1814 ε
978 1765 1062 1818 11.
1097 1763 1351 1835 Sequenti
1381 1777 1558 1820 autem
1590 1775 1744 1820 nocte
1759 1767 2016 1821 assistens

434 1854 484 1907 ei
508 1853 782 1922 Dominus,
805 1854 917 1909 ait:
946 1855 1212 1912 Constans
1238 1866 1355 1911 esto
1380 1876 1394 1913 :
1422 1857 1561 1912 sicut
1590 1858 1732 1912 enim
1761 1859 2014 1915 testifica-

438 1950 519 1996 tus
541 1958 599 1997 es
638 1942 705 1998 de
735 1959 820 1999 me
860 1944 910 1998 in
952 1944 1248 2000 Jerusalem
1270 1987 1285 2012 ,
1317 1946 1395 2000 sic
1418 1956 1470 2001 te
1493 1956 1704 2016 Oportet
1732 1958 1789 2003 et
1826 1948 2013 2005 Roma:

436 2032 729 2088 testificari.
752 2033 830 2087 12.
862 2034 1022 2089 Facta
1052 2045 1229 2090 autem
1257 2036 1346 2091 die
1369 2037 1698 2108 eollegerunt
1717 2055 1776 2095 se
1796 2041 2012 2110 quidam

431 2136 496 2174 ex
522 2120 751 2189 Jndmis,
787 2132 842 2177 et
867 2124 1201 2180 devoverunt
1223 2141 1281 2182 se
1302 2126 1557 2192 dicentes,
1592 2145 1763 2199 neque
1791 2132 2014 2186 mandu-

434 2222 653 2268 caturos
686 2229 859 2284 neque
906 2215 1190 2283 bibituros,
1220 2217 1391 2274 donec
1436 2220 1743 2276 occiderent
1764 2223 2006 2280 Paulum.

437 2301 525 2355 13.
580 2302 743 2357 Erant
786 2311 962 2359 autem
1019 2306 1137 2375 plus
1179 2323 1337 2377 quam
1381 2310 1727 2380 quadraginta
1774 2315 1892 2382 viri,
1921 2317 2010 2383 qui

438 2389 575 2445 hanc
603 2393 1025 2460 conjurationem
1058 2396 1318 2453 fecerunt.
1354 2401 1692 2457 Devoverunt
1713 2404 1938 2475 seipsos,
1983 2427 2002 2459 ι

434 2483 625 2554 inquit.
656 2485 845 2541 Viden'
867 2503 1025 2559 quain
1048 2491 1156 2545 sint
1181 2492 1399 2546 violenti
1431 2502 1483 2549 et
1510 2495 1799 2552 ulciscendi
1830 2499 2009 2566 cupidi

432 2576 484 2630 in
511 2577 765 2647 nequitia.
797 2580 931 2647 Quid
953 2592 1054 2648 est,
1086 2582 1156 2639 Se
1170 2585 1470 2641 devoverant
1493 2587 1518 2640 ἵ)
1542 2588 1597 2643 id
1625 2598 1726 2657 est,
1753 2591 2011 2649 Dixerunt

434 2682 494 2723 se
513 2683 633 2725 esse
658 2679 807 2725 extra
830 2671 988 2727 fidem
1016 2674 1067 2728 in
1103 2676 1289 2744 Deum,
1321 2678 1424 2733 nisi
1446 2678 1589 2749 quod
1616 2679 2005 2752 decreverant,

427 2771 614 2816 contra
642 2761 863 2818 Paulum
911 2764 1219 2837 implerent.
1264 2768 1408 2840 Ergo
1450 2787 1668 2840 semper
1705 2784 1829 2830 sunt
1879 2791 2007 2831 ana-

440 2851 766 2907 thematizati
791 2854 864 2908 illi
891 2872 904 2909 :
936 2871 1110 2928 neque
1134 2858 1277 2914 enim
1318 2861 1629 2918 occiderunt
1663 2864 1908 2922 Paulum.
1940 2868 2007 2923 Et

423 2941 774 3012 quadraginta
800 2944 961 3000 simul
981 2950 1325 3003 conveuiunt.
1355 2951 1501 3007 Talis
1527 2962 1707 3008 autem
1723 2971 1855 3025 gens
1881 2967 2002 3013 est:

424 3034 638 3104 quando
666 3034 719 3088 in
754 3035 951 3090 bonum
979 3039 1404 3095 conveniendum
1425 3050 1528 3108 est,
1561 3038 1735 3113 neque
1759 3045 1865 3102 duo
1882 3062 2008 3103 con-

424 3132 673 3190 currunt;
706 3125 919 3195 quando
939 3137 1118 3182 autem
1150 3130 1202 3184 in
1229 3130 1451 3196 malum,
1486 3134 1713 3201 populus
1745 3144 1909 3195 totus.
1936 3138 2007 3195 Et

428 3216 607 3272 socios
633 3227 915 3275 assumunt
964 3220 1124 3276 etiam
1168 3222 1438 3294 principes
1467 3240 1484 3281 :
1512 3224 1635 3281 ideo
1671 3226 1773 3284 hoc
1797 3230 2004 3300 signifi-

421 3322 551 3362 cans
579 3308 730 3364 addit
762 3328 778 3366 :
806 3311 896 3367 14.
934 3330 955 3365 ι
988 3312 1087 3380 Qui
1119 3325 1465 3370 accesserunt
1505 3318 1572 3372 ad
1613 3320 1883 3392 principes
1917 3339 2005 3379 sa-

422 3397 699 3454 cerdotum
731 3409 786 3455 et
805 3402 1048 3458 seniores
1070 3445 1085 3471 ,
1109 3412 1164 3459 et
1189 3404 1441 3460 dixerunt
1467 3425 1481 3461 :
1508 3407 1800 3466 Devotione
1829 3413 2001 3469 devo-

424 3491 600 3546 vimus
642 3507 742 3547 nos
777 3492 912 3548 nihil
941 3504 1268 3565 gustaturos,
1308 3492 1481 3554 donec
1531 3501 1837 3559 oceidanms
1865 3505 1996 3562 Pau‘

426 3581 557 3635 lum.
591 3583 680 3637 15.
706 3584 858 3639 Nunc
904 3601 1032 3657 ergo
1083 3603 1176 3644 vos
1211 3599 1397 3646 notum
1436 3592 1831 3653 facitetribuno
1878 3615 1998 3654 cum

422 3673 674 3741 concilio,
707 3684 765 3730 ut
789 3677 1046 3745 producat
1072 3681 1219 3736 illum
1250 3682 1316 3738 ad
1346 3699 1472 3754 vos,
1505 3696 1773 3758 tamquam
1801 3692 2000 3761 aliquid

423 3762 622 3817 certius
650 3765 959 3835 cognituros
1005 3768 1072 3824 de
1097 3786 1164 3826 eo
1208 3788 1222 3826 :
1263 3789 1360 3829 nos
1407 3791 1535 3830 vero
1563 3779 1869 3849 priusquam
1901 3798 1998 3851 ap-

423 3853 762 3923 propinquat,
788 3860 959 3926 parati
987 3875 1171 3917 sumus
1210 3864 1513 3922 interficere
1542 3869 1711 3925 illum.
1746 3872 1829 3927 16.
1862 3873 1996 3929 Cum

421 3944 662 4002 audisset
714 3958 895 4005 autem
949 3952 1091 4008 filius
1139 3957 1341 4011 sororis
1394 3957 1540 4014 Pauli
1572 3961 2000 4031 insidias,venit

419 4047 473 4092 et
507 4038 724 4096 intravit
773 4043 827 4098 in
879 4054 1090 4111 castra,
1127 4049 1494 4121 nuntiavitque
1539 4053 1723 4109 Paulo.
1778 4057 1863 4112 17.
1897 4059 1997 4116 Vo-

415 4143 547 4184 cans
576 4139 755 4188 autem
809 4133 1007 4191 Paulus
1028 4137 1104 4209 ad
1148 4152 1208 4195 se
1242 4157 1404 4196 unum
1459 4158 1525 4199 ex
1569 4148 1991 4218 centurionibus,

413 4219 486 4274 ait
519 4236 534 4274 :
560 4222 971 4283 Adolescentem
1005 4227 1146 4285 hunc
1178 4232 1377 4300 perduc
1404 4234 1471 4289 ad
1495 4237 1803 4295 tribunum:
1833 4243 1994 4300 habet

414 4312 556 4367 enim
586 4315 783 4387 aliquid
814 4319 887 4374 illi
933 4320 1295 4379 indicandum.
1329 4327 1417 4383 18.
1451 4328 1520 4384 Ει
1544 4329 1635 4387 ille
1660 4333 1874 4402 quidem
1905 4352 1995 4392 as-

420 4420 637 4461 sumens
655 4424 801 4477 eum,
834 4412 984 4467 duxit
1011 4414 1076 4468 ad
1103 4417 1395 4472 tribunum.
1435 4438 1454 4472 »
1499 4421 1729 4478 Rursum
1762 4425 1989 4483 humana

412 4506 658 4555 servatur
702 4502 1058 4571 providentia.
1089 4506 1155 4560 Et
1184 4508 1340 4563 vide:
1376 4511 1577 4567 nullum
1620 4514 1813 4570 Paulus
1865 4519 1990 4574 sinit

414 4591 517 4646 hoc
542 4591 787 4660 discere,
819 4609 995 4665 neque
1038 4598 1409 4654 centurionem
1432 4641 1447 4667 ,
1482 4618 1548 4657 ne
1594 4619 1683 4659 res
1712 4608 1988 4665 manifesta

420 4682 591 4735 fieret.
631 4701 651 4734 ο
686 4682 753 4737 Ει
789 4684 1011 4739 veniens
1037 4688 1282 4743 centurio
1311 4691 1577 4746 nuntiavit
1624 4694 1836 4751 tribuno
1857 4738 1872 4762 ,
1904 4700 1988 4754 di-

409 4785 541 4827 cens
571 4790 585 4826 :
618 4772 841 4831 Vinctus
891 4774 1087 4833 Paulus
1127 4782 1335 4850 rogavit
1364 4799 1450 4838 me
1483 4783 1622 4841 hunc
1671 4787 1986 4847 adolescen-

409 4875 519 4921 tem
551 4867 852 4937 perducere
879 4869 946 4926 ad
991 4880 1064 4937 te,
1118 4870 1403 4929 habentem
1443 4876 1640 4947 aliquid
1668 4879 1814 4950 loqui
1868 4884 1980 4939 tibi.

411 4957 496 5011 19.
520 4958 942 5028 Apprehendcns
972 4972 1149 5017 autem
1179 4963 1423 5020 tribunus
1454 4983 1666 5024 manum
1696 4971 1861 5041 illius,
1893 4990 1982 5032 se-

406 5049 569 5105 cessit
610 5065 732 5106 cum
758 5066 825 5107 eo
849 5068 1094 5109 seorsum
1118 5096 1132 5119 ,
1163 5065 1218 5110 et
1244 5056 1589 5129 interrogavit
1636 5079 1757 5119 eum
1792 5083 1805 5120 :
1843 5068 1982 5136 Quid

405 5152 518 5205 est,
549 5143 693 5213 quod
743 5143 909 5200 habes
946 5146 1288 5203 indicandum
1336 5151 1508 5206 mihi?
1531 5152 1621 5209 20.
1675 5156 1765 5213 ille
1801 5168 1980 5215 autem

405 5231 570 5287 dixit:
603 5234 773 5291 Judaei
814 5238 1190 5308 conSpirarunt
1221 5250 1278 5296 ut
1323 5255 1576 5314 rogarent
1617 5256 1695 5315 te,
1745 5259 1805 5305 ut
1856 5267 1978 5307 cra-

404 5324 545 5379 stina
572 5326 659 5384 die
689 5328 953 5399 producas
993 5332 1216 5389 Paulum
1262 5334 1313 5390 in
1343 5338 1628 5395 concilium
1650 5383 1664 5405 ,
1700 5344 1850 5413 quasi
1877 5346 1978 5401 ali-

401 5417 526 5484 quid
553 5425 852 5479 accuratius
877 5425 1196 5482 sciscitaturi
1224 5429 1292 5483 ab
1341 5429 1456 5484 illo.
1503 5430 1594 5487 2f.
1626 5434 1702 5488 Tu
1743 5450 1871 5492 vero
1909 5454 1977 5494 ne

403 5521 607 5564 morem
653 5516 882 5581 gesseris
926 5516 1030 5573 illis
1063 5536 1075 5572 :
1108 5518 1427 5576 insidiantur
1463 5522 1607 5577 enim
1652 5539 1717 5579 ex
1768 5526 1832 5581 iis
1877 5529 1974 5583 viri

399 5595 580 5663 plures
623 5604 1004 5675 quadraginta,
1056 5611 1143 5681 qui
1189 5612 1396 5682 seipsos
1447 5612 1811 5686 devovcrunt,
1868 5636 1972 5677 non

402 5688 726 5750 manducare
765 5697 847 5752 vel
879 5698 1094 5770 bibere,
1146 5704 1317 5763 donec
1361 5706 1683 5765 interﬁciant
1723 5726 1843 5767 cum
1871 5731 1883 5768 :
1915 5724 1970 5770 ct

3619 297 3721 351 3:0

2144 406 2283 445 utmc
2323 394 2485 461 parati
2516 401 2639 447 sunt
2669 403 3045 464 exspectantes
3073 400 3391 468 promissth
3424 411 3593 462 tnutn.
3626 408 3717 463 2‘2.

2145 485 2415 539 Tribunus
2461 486 2621 556 igitur
2662 488 2864 544 dimisit
2907 489 3304 547 adolescentem
3329 536 3342 560 ,
3377 497 3717 569 prtccipicns.

2135 575 2346 630 Nemini
2369 576 2589 645 dixeris,
2620 580 2761 649 quod
2793 580 2907 636 lucc
2932 583 2998 637 ad
3030 600 3115 637 me
3143 586 3409 643 retuleris.
3448 609 3467 642 ι

2205 665 2259 719 2.
2305 667 2445 724 Bene
2478 669 2720 725 tribunus
2767 672 2919 740 jubet
2945 675 3223 743 occultari,
3272 693 3340 733 ne
3394 681 3480 735 cui
3530 692 3715 739 notum

2137 757 2247 810 fiat.
2310 759 2376 813 Et
2433 769 2557 815 tunc
2606 760 2735 817 dicit
2791 768 3234 832 centurionibus,
3285 772 3411 840 quid
3471 787 3717 844 oporteat

2137 846 2282 913 fieri;
2316 860 2369 904 ct
2410 852 2636 905 mittitur
2677 852 2977 909 Ca35aream
3004 895 3019 923 ,
3047 867 3105 911 ut
3142 858 3252 914 illic
3283 860 3491 917 theatro
3520 865 3572 919 in
3603 882 3716 923 ma-

2127 938 2247 1008 jore
2308 940 2571 1010 disserat,
2612 955 2664 999 et
2718 946 2770 1000 in
2818 946 3114 1018 frequentia
3175 953 3538 1022 splendidiore
3584 978 3599 1014 :
3644 979 3712 1018 ne

2133 1042 2351 1101 possent
2377 1035 2557 1091 dicere
2580 1037 2749 1093 Jutlmi
2775 1055 2788 1090 :
2821 1038 2875 1095 Si
2901 1040 3216 1098 vidissemus
3244 1045 3467 1103 Paulum
3486 1091 3501 1116 ,
3532 1055 3712 1110 credi-

2130 1122 2416 1191 dissemus,
2466 1128 2511 1182 si
2542 1129 2877 1185 audissemus
2919 1132 3223 1190 docentem.
3284 1137 3407 1194 thec
3454 1157 3581 1212 ergo
3609 1146 3714 1203 illis

2129 1216 2404 1271 excusatio
2433 1218 2637 1274 sublata
2668 1229 2772 1276 est.
2828 1219 2895 1274 Et
2939 1224 3168 1293 adstans,
3220 1223 3411 1299 inquit,
3463 1232 3712 1293 Dominus

2130 1305 2259 1359 dixit
2283 1308 2328 1360 ei
2351 1324 2370 1360 :
2402 1305 2653 1363 Constans
2675 1321 2822 1376 esto;
2862 1313 2992 1368 sicut
3021 1317 3155 1370 enim
3180 1322 3480 1389 testiﬁcatus
3515 1341 3567 1378 es
3588 1327 3712 1381 milia

2134 1397 2189 1449 in
2211 1396 2524 1465 Jerusalem,
2572 1401 2641 1455 ita
2688 1413 2881 1472 oportet
2932 1414 2981 1460 te
3030 1408 3180 1461 etiam
3201 1409 3380 1466 Roma:
3427 1417 3707 1484 testiﬁcari.

2127 1484 2280 1554 Vide,
2312 1489 2471 1543 etiam
2521 1500 2798 1562 postquam
2844 1499 3089 1565 apparuit
3131 1501 3200 1564 ei,
3252 1501 3444 1558 iterum
3490 1510 3709 1576 permit-

2131 1576 2193 1630 tit
2219 1593 2341 1632 eum
2387 1579 2623 1636 humano
2663 1598 2813 1638 more
2853 1588 3075 1641 servari.
3110 1589 3178 1643 Et
3202 1590 3322 1659 jure
3357 1594 3577 1651 Paulum
3614 1600 3697 1654 ad-

2123 1669 2407 1737 miremur,
2434 1674 2708 1743 quomodo
2733 1691 2836 1732 non
2862 1678 3105 1734 turbatus
3135 1683 3324 1749 fuerit,
3355 1701 3529 1755 neque
3550 1689 3705 1746 dixe-

2122 1758 2192 1813 rit
2224 1779 2237 1813 :
2268 1759 2406 1826 Quid
2450 1765 2551 1817 hoc
2590 1765 2717 1819 est?
2753 1782 2878 1821 num
2924 1768 3182 1840 deceptus
3224 1788 3343 1827 sum
3387 1791 3415 1829 a
3446 1776 3706 1832 Christo?

2122 1848 2226 1905 Sed
2250 1852 2377 1906 nihil
2407 1853 2707 1923 hujusmodi
2734 1859 3024 1928 cogitavit,
3056 1864 3137 1917 vel
3167 1866 3362 1920 accidit
3391 1868 3462 1934 ei,
3492 1870 3583 1924 sed
3611 1885 3700 1925 SO-

2120 1940 2228 1994 lum
2256 1943 2524 2010 credidit;
2567 1961 2741 2018 neque
2785 1948 2960 2007 tamen
2988 1954 3110 2023 quia
3138 1956 3395 2024 credidit,
3442 1961 3696 2016 dormita-

2119 2031 2217 2096 vit,
2248 2033 2342 2087 sed
2369 2050 2488 2105 qua:
2519 2035 2750 2092 humana
2788 2041 3053 2110 sapientia
3109 2047 3373 2114 provideri
3417 2059 3690 2118 poterant,

2118 2136 2223 2175 non
2252 2125 2614 2191 praetermisit.
2646 2128 2714 2182 Et
2740 2131 3031 2199 perpende,
3076 2138 3342 2205 quomodo
3365 2139 3439 2193 illi
3462 2144 3694 2197 necessi-

2120 2220 2279 2265 t.:tem
2301 2215 2585 2282 quamdam
2607 2217 2707 2271 sibi
2736 2218 3107 2289 imposuerint,
3150 2240 3271 2280 eum
3312 2242 3434 2283 sese
3461 2229 3696 2286 devove-

2119 2311 2260 2355 runt.
2293 2304 2429 2359 Ecce
2451 2304 2714 2376 jejunium
2747 2310 3020 2368 homicidii
3060 2326 3248 2371 mater.
3282 2318 3430 2374 Sicut
3459 2322 3699 2379 Herodes

2119 2393 2603 2462 perjuramentum
2661 2402 3038 2459 necessitatem
3065 2406 3166 2461 sibi
3220 2408 3502 2480 imposuit,
3546 2414 3623 2468 sic
3645 2424 3700 2470 ct

2116 2484 2223 2538 isti.
2248 2484 2407 2541 Tales
2427 2487 2574 2543 enim
2600 2495 2727 2545 'sunt
2754 2492 2955 2550 diaboli
2986 2498 3216 2553 venandi
3258 2509 3439 2569 artes;
3484 2505 3697 2573 pietatis

2114 2577 2365 2634 nimirum
2386 2582 2566 2651 specie
2591 2583 2835 2654 laqueos
2854 2588 3042 2644 tendit.
3088 2591 3249 2662 Atqui
3285 2596 3524 2663 oportuit
3546 2612 3698 2653 acce-

2114 2666 2262 2736 dere,
2288 2670 2534 2729 incusare
2554 2715 2570 2740 ,
2601 2675 2813 2744 judices
2863 2693 3058 2750 cogere
3082 2699 3094 2735 :
3129 2681 3245 2739 haec
3270 2685 3414 2740 enim
3439 2701 3547 2742 non
3573 2699 3696 2743 sunt

2113 2759 2473 2829 sacerdotum,
2500 2764 2597 2820 sed
2627 2765 2892 2823 latronum
2920 2768 2937 2834 ξ
2971 2771 3085 2827 hanc
3112 2789 3216 2827 non
3252 2775 3573 2848 principum,
3598 2780 3692 2833 sed

2114 2848 2557 2909 facinorosorum.
2584 2855 2650 2910 Et
2671 2857 2792 2913 vide
2821 2860 3111 2931 nequitiam
3135 2864 3409 2937 ingentem
3434 2885 3447 2920 :
3470 2885 3576 2925 non
3605 2885 3693 2926 sa-

2086 2970 2091 2977 ·
2115 2941 2180 2996 tis
2206 2942 2420 3011 habent,
2445 2947 2589 3017 quod
2610 2963 2732 3005 sese
2759 2961 2942 3007 mutuo
2988 2967 3359 3026 corrumpant,
3400 2960 3497 3015 sed
3528 2965 3688 3017 etiam

2112 3034 2401 3106 principem
2432 3054 2534 3093 una
2559 3055 2912 3113 corrumpere
2941 3052 3196 3117 satagunt
3220 3064 3235 3102 :
3261 3048 3489 3121 ideoque
3518 3055 3693 3123 provi-

2111 3138 2228 3179 sum
2256 3137 2359 3194 est,
2392 3136 2452 3184 ut
2472 3131 2563 3186 ille
2582 3134 2742 3188 etiam
2773 3135 3009 3203 disceret
3048 3138 3288 3209 ipsorum
3315 3141 3556 3200 insidias.
3584 3148 3690 3216 Ipsi

2111 3233 2241 3274 vero
2265 3236 2372 3275 non
2421 3224 2596 3279 solum
2616 3241 2681 3281 ex
2725 3243 2811 3295 eo,
2860 3231 3002 3299 quod
3030 3232 3167 3288 nihil
3196 3234 3481 3292 dicendum
3528 3238 3693 3296 habe-

2110 3321 2248 3378 rent,
2282 3313 2376 3369 sed
2406 3317 2565 3371 etiam
2585 3334 2651 3374 ex
2680 3336 2766 3388 eo,
2799 3323 2943 3392 quod
2966 3324 3101 3380 clam
3125 3328 3458 3396 molirentur,
3491 3346 3687 3402 argue-

2108 3414 2234 3461 runt
2259 3421 2320 3462 se
2343 3408 2498 3463 nihili
2528 3425 2669 3467 esse.
2701 3412 3005 3473 Verisimile
3033 3428 3212 3475 autem
3256 3429 3336 3477 est
3366 3422 3506 3488 illos,
3538 3433 3684 3494 post-

2110 3512 2274 3567 quam
2304 3498 2504 3556 Paulus
2556 3504 2873 3561 amandatus
2912 3516 3032 3575 est,
3084 3524 3326 3568 summos
3378 3514 3685 3572 sacerdotes

2107 3587 2324 3657 adiisse,
2372 3598 2426 3645 et
2472 3606 2532 3647 re
2576 3593 2774 3650 infecta
2825 3597 3028 3666 pudore
3069 3600 3302 3657 suffusos
3341 3606 3682 3662 abscessisse.

2106 3677 2236 3733 Jure
2280 3689 2459 3736 autem
2513 3681 2616 3739 hoc
2662 3684 2788 3740 facit
2838 3688 3121 3745 tribunus:
3155 3693 3373 3748 nolebat
3419 3696 3560 3751 enim
3602 3712 3681 3753 ve.

2102 3771 2391 3840 gratificari
2422 3774 2507 3830 vel
2537 3790 2794 3833 annucre.
2836 3779 2901 3833 Et
2926 3783 3215 3851 quomodo,
3250 3786 3492 3856 inquies,
3515 3789 3685 3843 credi-

2103 3859 2182 3915 dit
2207 3876 2329 3917 vera
2352 3878 2494 3932 esse,
2527 3883 2648 3936 qua:
2674 3868 2741 3923 ab
2766 3868 3113 3929 adulescente
3154 3878 3580 3934 nuntiabantur?
3606 3882 3683 3937 Ex

2104 3952 2190 4016 iis,
2219 3968 2338 4023 quae
2358 3954 2468 4024 jam
2499 3970 2813 4027 evenerant,
2842 3964 3201 4033 conjectabat,
3230 3970 3353 4039 quia
3379 3981 3434 4026 et
3455 3972 3557 4028 hoc
3578 3960 3692 4029 fac?

2108 4054 2258 4100 turos
2284 4047 2406 4102 illos
2423 4063 2543 4104 esse
2582 4052 2875 4110 verisimile
2917 4065 3052 4111 erat.
3078 4058 3144 4113 Et
3178 4061 3298 4117 vide
3349 4066 3638 4135 nequitiam
3668 4087 3681 4122 :

2102 4139 2250 4207 quasi
2299 4142 2672 4198 necessitatem
2727 4148 2951 4204 summis
2977 4151 3345 4211 sacerdotibus
3367 4153 3681 4214 intuleru’nt.

2104 4230 2167 4284 Et
2199 4245 2266 4286 ne
2295 4231 2507 4288 mireris
2536 4250 2548 4286 :
2586 4250 2705 4289 nam
2734 4238 2780 4291 si
2807 4247 3008 4293 tantum
3037 4240 3087 4295 in
3120 4257 3177 4296 se
3199 4258 3553 4316 susceperunt
3580 4248 3677 4316 illi,

2100 4331 2153 4375 et
2181 4336 2341 4379 omne
2384 4325 2676 4393 periculum
2734 4340 3114 4399 acceptarunt,
3147 4335 3314 4390 multo
3367 4339 3536 4408 magis
3562 4338 3680 4394 illos

2103 4413 2332 4483 idipsum
2353 4415 2588 4473 facturos
2616 4434 2739 4475 esse
2781 4422 3077 4480 verisimile
3097 4435 3233 4482 erat.
3286 4427 3496 4495 Viden’,
3537 4446 3676 4501 quo-

2098 4504 2258 4559 modo
2298 4515 2647 4564 externorum
2688 4512 2955 4568 sententia
3001 4514 3260 4573 innocens
3301 4529 3417 4574 erat
3458 4521 3674 4589 Paulus,

2099 4603 2156 4650 ut
2182 4606 2236 4653 et
2261 4596 2512 4654 Christus
2549 4601 2689 4670 apud
2723 4602 2990 4658 Pilatum?
3036 4606 3140 4662 Sed
3159 4609 3279 4664 vide
3328 4611 3616 4682 nequitiam
3644 4631 3675 4667 ει

2096 4689 2270 4759 selpsa
2310 4701 2663 4762 expugnatam
2691 4711 2705 4747 :
2734 4711 2856 4750 nam
2882 4698 3216 4755 tradiderunt
3242 4701 3413 4769 illum,
3444 4713 3498 4758 ut
3519 4705 3653 4759 dam»

2097 4794 2286 4840 narcnt
2332 4786 2788 4859 occidereutque:
2829 4800 2884 4846 et
2930 4793 3260 4848 contrarium
3302 4797 3510 4864 evenit;
3561 4799 3671 4867 ipse

2093 4888 2323 4945 namque
2363 4876 2540 4934 salvus
2586 4878 2781 4942 evadit,
2820 4888 2875 4936 et
2920 4882 3177 4939 innocens
3218 4887 3503 4955 reperitur.
3559 4888 3671 4945 Nisi

2091 4964 2235 5019 enim
2284 4965 2355 5020 ita
2399 4967 2718 5034 accidisset,
2751 4969 3055 5042 discerptus
3098 4972 3394 5032 fuisset:si
3432 4993 3537 5034 non
3576 4979 3669 5045 ita,

2092 5056 2341 5125 periisset
2367 5066 2422 5113 et
2443 5058 2728 5116 damnatus
2779 5062 2986 5118 fuisset.
3037 5063 3155 5120 Non
3195 5067 3367 5123 solum
3397 5078 3575 5125 autem
3603 5071 3672 5125 ab

2090 5147 2192 5202 hoc
2220 5148 2420 5218 impetu
2441 5149 2631 5205 liberat
2656 5152 2827 5221 ipsum
2854 5155 3128 5223 tribunus;
3157 5159 3251 5214 sed
3282 5161 3445 5215 etiam
3470 5162 3622 5231 juvat
3647 5202 3662 5228 ,

2088 5249 2147 5295 ut
2189 5241 2305 5297 sine
2326 5242 2568 5311 periculo
2616 5259 2736 5299 cum
2780 5255 2926 5301 tanta
2965 5248 3193 5303 militum
3237 5259 3411 5307 turma
3454 5254 3662 5309 evadat.

2087 5330 2157 5386 Et
2179 5333 2467 5402 quomodo,
2496 5335 2621 5389 audi
2656 5335 2973 5408 :subjnugit
3015 5340 3161 5394 enim
3187 5340 3291 5397 :25
3326 5361 3344 5393 ι
3383 5343 3451 5397 Et
3476 5358 3660 5399 accer-

2085 5423 2203 5478 sitis
2232 5423 2442 5480 duobus
2466 5427 2782 5495 quibusdam
2826 5432 3231 5488 centurionibus
3254 5475 3271 5501 ,
3299 5434 3436 5490 dixit
3469 5456 3482 5491 :
3514 5437 3661 5491 Phe-

2084 5523 2270 5584 parate
2321 5516 2450 5571 mihi
2523 5519 2721 5576 milites
2771 5521 3068 5589 ducentos,
3129 5533 3187 5578 ut
3256 5526 3662 5594 proficiscantur

2082 5605 2379 5662 Cassaream
2404 5649 2418 5673 ,
2450 5618 2504 5664 ct
2534 5610 2741 5679 equites
2767 5615 3123 5684 septuaginta,
3156 5623 3209 5670 et
3234 5614 3534 5673 lancearios
3560 5617 3656 5672 du-

2084 5707 2290 5766 centos,
2322 5714 2352 5754 a
2385 5701 2537 5756 tertia
2562 5700 2691 5757 hora
2722 5702 2892 5760 noctis
2925 5723 2935 5762 :
2976 5705 3066 5763 21.
3094 5715 3143 5764 ct
3171 5707 3414 5779 jumcnta
3444 5723 3654 5781 pracpa-
