4086 6164
324 282 426 338 839

1383 284 1449 339 IN
1486 285 1664 341 ACTA
1707 284 2240 344 APOSTOLORUM.
2282 288 2515 344 HOMIL.
2558 288 2744 343 XLIX.

3637 295 3744 349 340

322 398 559 463 Παῦλος
583 396 685 466 ὐπ’
706 397 926 463 αὐτῶν,
950 397 1235 452 ἐκέλευσε
1263 396 1328 450 τὸ
1352 397 1691 467 στράτευμα
1720 398 1986 451 καταϐὰν
2090 416 2295 463 κοντα,
2331 402 2548 466 οἵτινες
2589 399 3028 469 ἀνεθεμάτισαν
3070 399 3322 467 ἑαυτοὺς
3344 403 3499 471 μήτε
3533 414 3747 479 φαγεῖν

317 485 582 552 ἁρπάσαι
639 482 826 538 αὐτὸν
877 485 946 537 ἐκ
991 480 1188 552 μέσου
1242 484 1461 551 αὐτῶν,
1510 485 1756 555 ἀγαγεῖν
1794 502 1860 539 τε
1891 487 1980 551 είς

318 568 432 638 τὴν
457 570 867 640 παρεμϐολήν.
918 570 1164 624 Φοϐεῖται
1219 571 1403 625 λοιπὸν
1466 574 1494 625 ὁ
1554 572 1853 641 χιλίαρχος,
1907 572 1983 642 μὴ

315 657 645 729 διασπασθῇ.
688 657 876 730 ἐπειδὴ
896 654 1069 724 εἶπεν,
1092 660 1175 713 ὅτι
1215 661 1480 729 Ῥωμαῖός
1512 661 1659 713 ἐστιν
1689 675 1702 689 ⁸
1732 660 1856 712 ὅθεν
1889 661 1984 713 καὶ

316 745 416 797 οὐκ
445 745 726 798 ἀκίνδυνον
765 740 833 816 ἦν
870 745 931 798 τὸ
956 747 1205 816 πρᾶγμα.
1251 746 1435 816 Ὁρᾷς,
1464 746 1546 798 ὅτι
1575 745 1797 808 δικαίως
1834 745 1981 815 ὡμο·

318 831 544 900 λόγησεν
596 833 785 885 ἐαυτὸν
819 834 1087 903 Ῥωμαῖον
1139 829 1307 900 εἶναι;
1357 829 1394 904 ἦ
1441 832 1548 905 γὰρ
1594 832 1661 887 ἂν
1716 833 1836 885 ούδέ
1889 831 1984 886 νῦν

318 918 583 988 ἐφοϐήθη.
611 918 719 974 Kal
745 918 807 972 τὸ
838 919 940 989 μὲν
964 918 1279 993 στράτευμα
1305 921 1491 975 λοιπὸν
1517 920 1757 990 ἁρπάζει
1799 920 1980 974 αὐτόν.

330 1005 418 1069 Ὧς
449 1000 669 1059 δὲεῐδον
713 1005 765 1059 οἱ
814 1007 1000 1077 μιαροὶ
1053 1006 1230 1062 πάντα
1281 1009 1541 1080 ἀνήνυτα,
1586 1008 1665 1061 δι’
1688 1007 1895 1062 ἐαυτῶν
1923 1007 1985 1060 τὸ

320 1099 429 1149 πᾶν
462 1096 696 1158 ποιοῦσι,
725 1094 1081 1165 βουληθέντες
1117 1096 1217 1167 μὲν
1276 1097 1370 1151 καὶ
1424 1097 1532 1169 πρὸ
1559 1096 1771 1162 τούτου,
1805 1096 1983 1150 κωλυ-

321 1184 504 1248 θέντες
527 1182 585 1237 δέ
614 1200 627 1212 ·
661 1182 836 1247 οὕτως
891 1184 1128 1254 οὐδαμοῦ
1186 1185 1399 1238 ἵσταται
1427 1186 1460 1255 ή
1491 1185 1658 1238 κακία
1708 1184 1985 1246 τοσούτοις

288 1270 699 1341 ’ἐγκοπτομένη
728 1288 741 1302 ⁸
779 1270 954 1324 καίτοι
979 1271 1146 1324 ’πόσα
1197 1270 1541 1343 ᾠκονομήθη,
1598 1270 1738 1325 ὥστε
1772 1269 1984 1325 καὶτοῦ

322 1357 494 1429 θυμοῦ
525 1356 865 1426 καθυφεῖναι,
914 1359 1007 1411 καὶ
1039 1358 1230 1429 μαθεῖν
1274 1358 1352 1411 δι’
1390 1350 1464 1412 ὧν
1495 1358 1745 1411 ἐδύναντο
1767 1357 1987 1425 ἀνενεγ-

322 1448 458 1500 κεῖν.
500 1444 638 1498 Ἀλλ’
658 1445 810 1499 οὐδὲν
835 1439 997 1518 ἦττον
1040 1447 1380 1514 ἐφίστανται.
1425 1444 1603 1517 Ἱκανὴ
1643 1443 1772 1514 γοῦν
1801 1442 1982 1515 ἐκείνη

321 1536 352 1603 ή
382 1532 668 1602 ἀπολογία,
698 1534 761 1585 τὸ
792 1533 1054 1604 μέλλοντα
1079 1532 1410 1587 διασπᾶσθαι
1447 1531 1540 1587 τὸν
1572 1531 1856 1602 ἄνθρωπον
1882 1531 1982 1601 ἀρ-

326 1624 614 1689 πάζεσθαι,
644 1625 739 1677 καὶ
776 1623 1063 1688 τοσούτους
1099 1634 1119 1655 ⁸
1150 1624 1425 1688 κινδύνους
1446 1624 1726 1694 διαφυγεῖν
1763 1638 1777 1653 ⁸
1816 1621 1897 1691 Τῇ
1919 1620 1987 1675 δὲ

323 1711 577 1779 ἐπιούσῃ
606 1713 776 1766 νυκτί
798 1713 1049 1779 ἐπιστὰς
1070 1711 1229 1778 αὐτῷ
1254 1715 1286 1767 ὁ
1308 1714 1539 1781 Κύριος,
1562 1708 1712 1766 εἴπεο
1738 1709 1954 1779 Θάρσει
1970 1727 1983 1739 ⁸

324 1797 403 1863 ὡς
438 1797 549 1866 γὰρ
595 1797 955 1867 διεμαρτύρω
988 1801 1061 1853 τὰ
1102 1800 1236 1868 περὶ
1264 1799 1411 1869 ἐμοῦ
1443 1802 1531 1865 εὶς
1569 1796 1984 1867 Ἰερουσαλὴμ,

326 1885 478 1938 οὕτω
501 1899 574 1938 σε
603 1884 695 1938 δεῖ
742 1886 840 1942 καὶ
874 1889 959 1952 είς
998 1887 1230 1956 Ῥώμην
1272 1887 1670 1957 μαρτυρῆσαι.
1727 1884 1987 1954 Γενομέ-

326 1990 437 2041 νης
465 1972 530 2025 δέ
560 1971 803 2041 ἡμέρας,
833 1973 1196 2040 ποιήσαντες
1230 1977 1283 2028 οἱ
1318 1974 1581 2028 Ἰουδαῖοι
1607 1972 1986 2042 συστροφὴν,

328 2058 766 2128 ἀνεθεμάτισαν
794 2059 1046 2127 ἑαυτοὺς
1073 2060 1161 2130 μὴ
1207 2061 1422 2130 φαγεῖν
1456 2061 1613 2131 μηδὲ
1649 2060 1808 2115 πιεῖν
1829 2103 1843 2127 ,
1879 2060 1991 2127 ἕως

328 2143 399 2204 οὗ
425 2146 684 2200 ἀνέλωσι
714 2145 823 2199 τὸν
853 2146 1118 2203 Παῦλον.
1154 2143 1358 2202 Ἦσαν
1373 2147 1441 2201 δὲ
1488 2147 1737 2213 πλείους
1769 2160 1992 2201 τεσσα-

323 2234 595 2302 ράκοντα
626 2238 677 2289 οἱ
709 2235 936 2303 ταύτην
972 2234 1087 2303 τὴν
1138 2235 1530 2304 συνωμοσίαν
1576 2234 1987 2302 πεποιηκότες.

333 2321 798 2390 Ἀνεθεμάτισαν
847 2322 1120 2389 ἑαυτοὺς,
1160 2323 1346 2393 φησίν.
1389 2323 1551 2394 Ὁρᾷς
1573 2323 1689 2387 πῶς
1717 2323 1821 2375 είσι
1869 2338 1993 2390 σφο-

331 2399 449 2480 δροὶ
511 2411 605 2463 καὶ
640 2412 927 2481 ἀμυντικοὶ
952 2411 981 2451 b
1009 2412 1136 2483 περὶ
1165 2410 1261 2482 τὴν
1294 2411 1526 2477 κακίαν;
1562 2411 1626 2464 Τί
1663 2411 1830 2473 ἐστιν,
1870 2411 1993 2464 Ἄν-

330 2496 722 2567 εθεμάτισαν;
748 2497 896 2551 Ἀντὶ
923 2496 1192 2563 τοῦ,“Εξω
1222 2494 1359 2551 εἶναι
1380 2498 1478 2568 τῆς
1499 2500 1578 2561 εις
1604 2497 1734 2551 Θεὸν
1759 2499 1995 2560 πίστεως

334 2577 509 2649 εἷπον,
549 2587 599 2638 εί
642 2585 716 2655 μὴ
768 2584 829 2637 τὸ
880 2584 1035 2649 δόξαν
1088 2585 1229 2639 κατά
1270 2583 1483 2639 Παύλου
1512 2586 1812 2655 ποιήσαιεν.
1854 2586 1995 2654 ’Δρα

332 2673 626 2736 διαπαντός
674 2674 813 2727 εἰσιν
860 2671 1419 2742 ἀνατεθεματισμένοι
1479 2674 1674 2726 ἐκεῖνοι
1711 2688 1726 2703 ⁸
1771 2672 1831 2725 ού
1890 2671 1997 2742 γάρ

333 2759 659 2813 ἀπέκτειναν
685 2759 777 2812 τὸν
802 2759 1032 2813 Παῦλον.
1074 2760 1185 2812 Kal
1215 2758 1620 2828 τεσσαράκοντα
1643 2758 1778 2829 ὁμοῦ
1806 2758 1997 2828 συνέρ-

332 2863 521 2915 χονται
551 2845 871 2902 ο.Τοιοῦτον
907 2846 1014 2916 γὰρ
1048 2845 1110 2899 τὸ
1151 2846 1321 2912 ἔθνος,
1368 2846 1497 2899 ὅταν
1547 2845 1644 2916 μὲν
1675 2847 1768 2899 ἐπὶ
1811 2845 1999 2915 ἀγαθῷ

334 2932 427 3004 δὲῃ
464 2933 846 3004 συμφωνῆσαι,
885 2933 1005 2986 οὐδὲ
1045 2932 1139 2986 δύο
1181 2931 1562 3002 συντρέχουσιν
1592 2949 1606 2963 ⁸
1639 2934 1767 2987 ὅταν
1805 2933 1862 2986 δέ
1908 2931 2000 2985 ἐπὶ

337 3020 516 3092 κακῷ,
547 3021 717 3091 δῆμος
740 3019 1047 3090 ὁλόκληρος.
1081 3021 1192 3073 Kal
1229 3019 1566 3090 λαμϐάνουσι
1594 3019 1881 3083 κοινωνοὺς
1908 3020 2002 3073 καὶ

336 3109 465 3170 τοὺς
487 3109 755 3177 ἄρχοντας
781 3123 795 3137 ⁸
825 3107 904 3161 διὸ
924 3107 1018 3161 καὶ
1049 3107 1205 3161 τοῦτο
1232 3105 1407 3176 δηλῶν
1437 3107 1739 3176 ἐπήγαγεν⁸
1773 3107 2004 3171 Οῖτινες

337 3195 784 3262 προσελθόντες
819 3193 941 3260 τοῖς
973 3192 1314 3264 ἀρχιερεῦσι
1355 3193 1455 3248 καί
1509 3193 1634 3258 τοῖς
1680 3192 2005 3262 πρεσϐυτέ-

337 3298 472 3346 ροις
525 3277 700 3334 εἷπον
741 3296 756 3313 ⁸
805 3279 1146 3349 Ἀναθέματι
1199 3280 1709 3349 ἀνεθεματίσαμεν
1752 3279 2005 3346 ἑαυτοὺς

333 3367 609 3437 μηδενὸς
635 3369 982 3439 γεύσασθαι,
1004 3368 1116 3434 ἕως
1143 3363 1213 3423 οὗ
1240 3368 1687 3437 ἀποκτείνωμεν
1720 3366 1827 3421 τὸν
1849 3367 2006 3421 Παῦ-

338 3457 476 3509 λον.
511 3455 643 3510 Νῦν
669 3451 784 3511 οὖν
798 3455 969 3526 ὑμεῖς
995 3454 1364 3525 ἐμφανίσατε
1386 3453 1639 3520 ἑαυτοὺς
1667 3452 1748 3519 τῷ
1785 3452 2008 3523 χιλιάρ-

340 3557 428 3610 χῳ
456 3543 529 3596 ἐν
556 3541 635 3607 τῷ
679 3541 996 3609 συνεδρίῳ,
1052 3541 1211 3606 ὅπως
1268 3540 1457 3595 αὐτὸν
1514 3540 1819 3611 καταγάγῃ
1857 3542 2009 3610 πρὸς

341 3627 521 3699 ὑμᾶς,
551 3630 630 3693 ὡς
657 3627 999 3697 μέλλοντας
1035 3627 1451 3697 διαγινώσκειν
1480 3629 1902 3698 ἀκριϐέστερον
1938 3629 2010 3683 τὰ

348 3717 476 3785 περὶ
510 3715 700 3770 αὑτοῦ
719 3733 733 3747 ⁸
777 3716 949 3786 ἡμεῖς
969 3715 1057 3777 δὲ,
1079 3714 1193 3783 πρὸ
1225 3714 1332 3769 τοῦ
1361 3715 1599 3785 ἐγγίσαι
1626 3718 1832 3781 αὐτὸν,
1863 3716 2012 3771 ἕτοι-

340 3804 444 3869 μοί
471 3803 666 3872 ἐσμεν
703 3802 810 3856 τοῦ
858 3801 1102 3857 ἀνελεῖν
1135 3801 1341 3856 αὐτόν.
1382 3803 1668 3870 Ἀκούσας
1706 3803 1775 3857 δὲ
1820 3807 1855 3858 d
1880 3805 2011 3870 υίὸς

344 3889 456 3959 τῆς
497 3889 776 3959 ἀδελφῆς
817 3891 1061 3944 Παύλου
1110 3889 1177 3944 τὸ
1219 3889 1486 3958 ἕνεδρον,
1530 3892 2013 3961 παραγενόμενος

349 3978 445 4030 καί
470 3976 768 4031 εἰσελθὼν
806 3977 894 4044 είς
952 3975 1068 4044 τὴν
1112 3976 1531 4047 παρεμϐολὴν,
1568 3977 1898 4049 ἀπήγγειλε
1932 3978 2013 4046 τῷ

353 4065 592 4130 Παύλῳ.
634 4063 1215 4134 Προσκαλεσάμενος
1270 4065 1339 4118 δὲ
1394 4068 1427 4120 ό
1477 4066 1718 4133 Παῦλος
1745 4066 1852 4121 ἕνα
1894 4066 2014 4122 τῶν

349 4150 826 4221 ἑκατοντάρχων,
854 4151 969 4221 ἔφη
989 4168 1002 4182 ⁸
1051 4152 1162 4207 Τὸν
1200 4154 1449 4207 νεανίαν
1490 4153 1707 4208 τοῦτον
1747 4155 2017 4224 ἀπάγαγε

348 4235 501 4303 πρὸς
533 4237 641 4289 τὸν
682 4237 995 4305 χιλίαρχον
1025 4252 1038 4266 ⁸
1068 4236 1193 4306 ἔχει
1227 4237 1337 4307 γάρ
1359 4255 1413 4292 τι
1446 4238 1800 4309 ἀπαγγεῖλαι
1834 4239 2013 4305 αὐτῷ.

359 4322 423 4374 '0
438 4322 563 4391 μέν
584 4317 697 4377 οὖν
734 4322 1097 4392 παραλαϐὼν
1126 4323 1332 4389 αὐτὸν,
1363 4323 1549 4393 ἤγαγε
1601 4327 1752 4393 πρὸς
1796 4325 1905 4379 τὸν
1929 4343 2018 4395 χι-

348 4410 631 4479 λίαρχον.
661 4410 830 4464 Πάλιν
879 4410 957 4464 δι’
998 4411 1343 4482 ἀνθρωπίνης
1379 4411 1606 4476 σώζεται
1654 4414 2013 4484 προμηθείας.

350 4498 460 4552 Kal
503 4500 614 4565 δρα
641 4513 656 4529 ⁸
695 4500 724 4551 6
755 4496 965 4562 Παῦλος
1018 4499 1211 4552 οὐδένα
1256 4499 1445 4569 ἀφίησι
1502 4500 1712 4569 μαθεῖν,
1776 4501 1900 4554 οὑδέ
1926 4501 2017 4557 τὸν

349 4585 921 4656 ἐκατόνταρχον,ὦστε
946 4585 1021 4657 μὴ
1048 4585 1108 4639 τὸ
1125 4586 1354 4655 πρᾶγμα
1372 4585 1622 4653 γενέσθαι
1639 4586 2016 4658 διάδηλον.Καί

345 4673 546 4727 ἐλθὼν
569 4676 603 4726 d
628 4671 776 4744 [566]
792 4673 1245 4751 ἐκμτόνταρχος,
1275 4671 1589 4741 ἀνήγγειλε
1611 4673 1691 4740 τῷ
1710 4674 2017 4744 χιλιάρχῳ,

348 4761 551 4829 λέγων
578 4776 592 4789 ⁸
652 4761 714 4814 '0
750 4760 995 4831 δέσμιος
1028 4762 1265 4828 Παῦλος
1301 4763 1877 4832 προσκαλεσάμενός
1917 4783 2018 4834 με,

348 4846 633 4915 ἠρώτησε
687 4847 904 4902 τοῦτον
959 4848 1066 4903 τὸν
1131 4850 1380 4904 νεανίαν
1428 4849 1673 4920 ἀγαγεῖν
1730 4851 1883 4919 πρὸς
1925 4851 2019 4916 σὲ,

348 4931 579 5001 ἔχοντά
605 4951 662 4986 τι
681 4934 954 5003 λαλῆσαί
983 4952 1102 4990 σοι.
1149 4937 1611 5006 Ἐπιλαϐόμενος
1659 4937 1729 4991 δὲ
1765 4937 1878 5008 τῆς
1901 4955 2024 5007 χει-

342 5018 455 5088 ρὸς
476 5021 674 5076 αὐτοῦ
703 5024 736 5075 ό
774 5024 1083 5091 χιλίαρχος
1109 5024 1207 5078 καί
1253 5025 1650 5094 ἀναχωρήσας
1679 5025 1807 5080 κατ’
1842 5026 2019 5089 ἰδίαν,

347 5107 731 5162 ἐπυνθάνετο
765 5124 782 5139 ⁸
828 5110 891 5163 Τί
940 5110 1129 5176 ἐστιν,
1186 5110 1218 5164 ὃ
1270 5112 1429 5180 ἔχεις
1480 5112 1838 5182 ἀπαγγεῖλαί
1886 5131 2020 5183 μοι;

352 5190 503 5249 Εἷπε
526 5194 618 5256 δὲ,
643 5194 733 5249 ὅτι
768 5196 1042 5250 Ἰουδαῖοι
1074 5198 1398 5253 συνέθεντο
1450 5200 1558 5254 τοῦ
1603 5200 1899 5268 ἐρωτῆσαί
1927 5216 2023 5266 σε,

350 5290 515 5358 ὅπως
540 5292 756 5360 αὔριον
787 5293 896 5347 τὸν
937 5294 1184 5348 Παῦλον
1232 5295 1571 5365 καταγάγῃς
1627 5298 1714 5361 εὶς
1760 5295 1826 5349 τὸ
1880 5313 2026 5352 συν-

349 5375 557 5445 έδριον
588 5379 671 5445 ὡς
699 5383 1052 5448 μελλόντων
1069 5398 1124 5436 τι
1160 5381 1580 5450 ἀκριϐέστερον
1619 5384 2027 5438 πυνθάνεσθαι

352 5465 489 5534 παρ’
563 5468 774 5523 αὐτοῦ.
838 5468 923 5521 Σὺ
979 5468 1093 5522 οὖν
1159 5468 1245 5537 μὴ
1305 5468 1558 5536 πεισθῇς
1610 5470 1812 5536 αὐτοῖς
1862 5489 1877 5503 ⁸
1932 5473 2027 5526 ἐν-

352 5550 678 5619 εδρεύουσι
729 5554 839 5623 γὰρ
866 5554 935 5619 ἐξ
973 5553 1170 5610 αὐτῶν
1196 5554 1409 5623 ἂνδρες
1455 5556 1704 5620 πλείους
1739 5560 2030 5626 τεσσαράο

418 5674 444 5741 ξ’
464 5672 502 5721 U
511 5687 612 5741 qus
634 5675 738 5741 md:
749 5712 760 5731 ,
772 5677 828 5724 τὸ
840 5678 1127 5741 διασωθῆναι
1136 5679 1378 5741 ’μέλλοντα
1392 5681 1688 5741 ,διασπᾶσθαι
1698 5678 1778 5726 τὸν
1789 5679 2031 5741 ἄνθρωπον

356 5733 438 5803 καὶ
459 5735 597 5803 τούς.
663 5738 785 5803 δδὶᾳ
807 5733 1067 5803 lresgodd_.
1095 5733 1313 5803 et'S_avi|.
1342 5752 1354 5800 ;
1383 5734 1547 5791 Monlf.
1575 5733 2026 5803 ζημιωτικοί.Ἐι>ιιν.

358 5793 719 5859 οΣυνέρχονται
760 5796 810 5848 in
852 5799 1140 5861 quibusdam
1180 5801 1337 5852 deest.

2081 488 2236 555 μήτε
2262 487 2438 551 πιεῖν,
2469 487 2579 552 ἓως
2625 482 2697 542 οὗ
2749 487 3011 541 ἀνέλωσι
3042 486 3151 541 τὸν
3178 489 3425 544 Παῦλον
3448 506 3463 521 ⁸
3486 496 3585 548 καί
3626 497 3743 551 νῦν

2083 573 2308 644 ἕτοιμοί
2328 576 2446 627 εἱσι
2487 573 2954 643 προσδεχόμενοι
3008 573 3123 641 τὴν
3161 577 3322 644 παρὰ
3342 578 3460 632 σοῦ
3495 580 3746 653 ἐπαγγε-

2082 662 2244 717 λίαν.
2290 660 2353 714 '0
2371 661 2489 730 μὲν
2521 657 2636 715 οὖν
2673 661 2982 729 χιλίαρχος
3020 660 3293 717 ἀπέλυσε
3340 666 3449 720 τὸν
3473 670 3746 734 νεανίαν,

2085 749 2485 818 παραγγείλας
2544 748 2759 817 μηδενί
2830 748 3187 817 ἐκλαλῆσαι,
3241 752 3331 808 ὅτι
3384 753 3751 826 ἐνεφάνισας

2084 839 2270 892 ταῦτα
2298 837 2445 904 πρός
2461 854 2558 905 με.

2155 926 2221 995 β’.
2256 924 2449 988 Καλῶς
2477 926 2505 976 6
2528 924 2802 994 χιλίαρχος
2842 923 3052 979 κελεύει
3091 926 3333 997 κρύψαι,
3371 930 3511 986 ὥστε
3554 934 3629 1004 μὴ
3657 949 3749 1003 γε·

2084 1012 2268 1065 νέσθαι
2290 1012 2467 1081 δῆλον.
2494 1012 2605 1065 Kal
2636 1012 2758 1064 τότε
2777 1011 2924 1080 λέγει
2948 1015 3060 1077 τοῖς
3081 1015 3520 1090 ἑκατοντάρχοις,
3537 1021 3624 1073 ὅτε
3653 1022 3749 1073 καὶ

2083 1099 2337 1170 γενέσθαι
2367 1099 2552 1169 ἐχρῆν·
2585 1100 2679 1152 καὶ
2707 1101 2982 1169 πέμπεται
3000 1098 3183 1153 λοιπὸν
3213 1103 3270 1155 ἐν
3299 1104 3624 1177 Καισαρείᾳ,
3661 1108 3751 1161 ἵνα

2086 1188 2247 1240 κάκεῖ
2274 1185 2526 1256 διαλεχθῇ
2558 1185 2649 1237 ἐπὶ
2691 1185 2934 1255 μείζονος
2968 1185 3197 1257 θεάτρου
3230 1189 3324 1241 καὶ
3369 1189 3751 1263 λαμπροτέρου

2085 1274 2179 1328 τοῦ
2219 1274 2586 1345 ἀκροατηρίου
2612 1288 2625 1300 ·
2669 1273 2755 1326 ῖνα
2784 1272 2858 1343 μὴ
2892 1272 3055 1343 ἔχωσι
3094 1274 3273 1343 λέγειν
3298 1277 3348 1329 οἱ
3385 1277 3641 1340 Ἰουδαῖοι,
3668 1280 3751 1332 ὅτι

2085 1362 2135 1414 εί
2159 1360 2371 1429 εἴδομεν
2397 1359 2629 1424 Παῦλον,
2672 1359 3070 1431 ἐπιστεύσαμεν
3090 1360 3177 1426 ἂν,
3210 1363 3258 1414 εί
3311 1363 3626 1435 ἠκούσαμεν
3657 1366 3752 1417 αύ-

2084 1449 2180 1503 τοῦ
2207 1449 2565 1513 διδάσκοντος.
2600 1449 2708 1501 Kal
2734 1447 2873 1518 αῦτη
2921 1444 3014 1502 οῦν
3047 1449 3230 1514 αὐτοῖς
3269 1450 3519 1505 ἐντεῦθεν
3551 1454 3584 1523 ἡ
3616 1454 3752 1506 ἀπο-

2085 1538 2241 1606 λογία
2274 1538 2618 1591 ἐκκόπτεται.
2641 1536 2751 1591 Καὶ
2772 1537 3045 1602 ἐπιστὰς,
3070 1537 3257 1607 φησὶν,
3291 1541 3324 1592 ό
3351 1541 3564 1607 Κύριος
3584 1535 3754 1593 εἶπεν

2087 1625 2248 1690 αὐτῷ
2272 1642 2287 1656 ⁸
2318 1626 2535 1694 Θάρσει
2559 1641 2573 1657 ⁸
2605 1626 2685 1691 ὠς
2713 1625 2822 1694 γὰρ
2856 1624 3219 1695 διεμαρτύρω
3244 1627 3317 1680 τὰ
3344 1628 3476 1696 περὶ
3500 1628 3646 1698 ἐμοῦ
3665 1631 3754 1696 είς

2099 1712 2517 1781 Ἰερουσαλὴμ,
2545 1713 2700 1766 οὕτω
2733 1727 2806 1766 σε
2830 1712 2927 1766 δεῖ
2944 1713 3043 1767 καί
3084 1716 3171 1778 εἰς
3201 1715 3435 1784 Ῥώμην
3450 1716 3754 1786 μαρτυρῆ-

2089 1817 2212 1856 σαι.
2255 1800 2416 1870 Ὅρα,
2454 1800 2546 1852 καὶ
2584 1799 2721 1870 μετὰ
2761 1799 2824 1852 τὸ
2858 1801 3123 1870 φανῆναι,
3155 1801 3320 1854 πᾶλιν
3346 1804 3570 1872 ἀφίησιν
3597 1803 3757 1857 αὑτὸν

2088 1887 2441 1958 ἀνθρωπίνως
2466 1887 2724 1956 σωθῆναι.
2747 1887 2857 1940 Kal
2877 1886 3022 1951 ἀξιον
3038 1888 3374 1958 ἐκπλαγῆναι
3402 1889 3492 1942 τὸν
3522 1889 3755 1955 Παῦλον,

2090 1971 2205 2035 πῶς
2229 1973 2328 2026 οῦκ
2349 1970 2670 2043 ἐθορυϐήθη,
2706 1973 2825 2026 οὐδὲ
2848 1968 2987 2026 εἴπεο
3005 1974 3069 2026 Τί
3089 1973 3152 2044 δὴ
3180 1974 3336 2029 τοῦτό
3364 1977 3530 2041 ἐστιν;
3549 1971 3657 2048 ἀρα
3681 1975 3759 2047 μὴ

2090 2058 2375 2135 ἠπάτημαι
2399 2057 2549 2127 παρὰ
2568 2056 2661 2111 τοῦ
2682 2057 2724 2110 Χ
2732 2057 2938 2128 ριστοῦ;
2956 2057 3078 2110 ’Δλλ
3095 2059 3106 2075 '
3120 2059 3520 2114 οὐδὲντοιοῦτον
3541 2061 3758 2129 ἐνενόη-

2093 2164 2203 2211 σεν,
2222 2148 2340 2201 οὐδὲ
2353 2147 2570 2211 ἔπαθεν,
2586 2146 2721 2201 ἀλλά
2735 2148 2888 2216 μόνον
2902 2148 3304 2203 ἐπίστευσενόύ
3321 2149 3424 2220 μὴν
3439 2149 3625 2218 ἐπειδὴ
3638 2147 3760 2200 ἐπί-

2093 2253 2314 2290 στευσεν
2329 2277 2344 2299 ,
2379 2234 2624 2289 ὕπνωσεν
2648 2277 2662 2301 ,
2693 2235 2827 2288 ἀλλὰ
2840 2235 2910 2289 τὰ
2924 2236 3110 2288 ἐνόντα
3125 2234 3185 2298 ἐξ
3209 2234 3551 2306 ἀνθρωπίνης
3570 2234 3761 2302 σοφίας

2095 2322 2322 2376 συνιδεῖν
2363 2323 2425 2374 οὐ
2473 2321 2704 2393 προῆκε.
2754 2321 2863 2373 Kal
2911 2320 3105 2373 σκόπει
3161 2319 3278 2385 πῶς
3307 2321 3555 2392 ἀνάγκην
3583 2319 3704 2372 τινὰ
3731 2318 3760 2359 ἀ

2094 2411 2305 2473 ἐαυτοῖς
2328 2411 2524 2463 ἐκεῖνοι
2552 2408 2885 2480 περιέθηκαν
2911 2409 2999 2463 διά
3020 2407 3113 2461 τοῦ
3140 2407 3608 2478 ἀναθεματισμοῦ.
3627 2407 3762 2460 Ἰδοὺ

2095 2496 2319 2568 νηστεία
2350 2496 2701 2567 ἀνδροφονίας
2734 2499 2934 2568 μήτηρ.
2960 2494 3225 2565 Καθάπερ
3257 2496 3286 2546 6
3318 2493 3564 2565 Ἡρώδης
3591 2494 3753 2561 ἀνάγ-

2097 2603 2199 2654 κην
2223 2585 2322 2655 τὴν
2366 2585 2472 2637 ἀπὸ
2511 2584 2602 2637 τοῦ
2639 2585 2802 2655 ὅρκου
2844 2582 3024 2652 ἐαυτῷ
3064 2582 3333 2651 ἐπέθηκεν
3359 2597 3374 2611 ⁸
3416 2580 3558 2634 οὓτω
3582 2581 3646 2652 δὴ
3673 2580 3765 2634 καὶ

2100 2666 2269 2725 οῦτοι.
2295 2669 2535 2724 Τοιαῦτα
2562 2671 2670 2740 γάρ
2690 2670 2759 2722 τά
2785 2669 3068 2722 διαϐολικά
3097 2669 3346 2739 θήρατρα
3367 2683 3381 2698 ⁸
3416 2670 3770 2738 προσχήματι

2097 2763 2256 2834 δῆθεν
2287 2762 2569 2824 εὐλαϐείας
2626 2760 2725 2824 τὰς
2778 2760 3013 2827 παγίδας
3063 2758 3268 2827 τίθησι.
3311 2756 3422 2810 Kal
3460 2756 3565 2826 μὴν
3596 2756 3765 2825 ἐχρῆν

2101 2850 2442 2923 προσελθεῖν,
2474 2848 2639 2919 ἐχρῆν
2679 2846 3025 2900 αἰτιάσασθαι
3045 2884 3060 2911 ,
3090 2844 3437 2914 δικαστήριον
3464 2842 3767 2913 συγκροτῆ-

2102 2956 2230 2993 σαι⁸
2262 2938 2436 2992 ταῦτα
2486 2936 2595 3007 γὰρ
2650 2935 2750 3005 οὐχ
2795 2934 3007 3006 ἱερέων,
3056 2931 3193 2985 ἀλλά
3223 2930 3565 3001 λῃστάρχων,
3595 2927 3768 2982 ταῦτα

2100 3027 2202 3080 οῦκ
2226 3025 2520 3096 ἀρχόντων,
2545 3021 2681 3075 ἀλλά
2724 3020 3037 3091 λυμεώνων.
3086 3018 3198 3071 Kal
3230 3018 3332 3088 ὅρα
3371 3016 3568 3078 κακίας
3595 3015 3768 3085 ὑπερ-

2102 3114 2284 3185 ϐολήν.
2335 3112 2411 3165 Οὐ
2460 3109 2619 3181 μόνον
2669 3107 2928 3178 ἀλλήλους
2992 3103 3406 3175 διαφθείραντες
3446 3101 3762 3173 ἀρκοῦνται,

2103 3201 2241 3256 ἀλλά
2271 3199 2367 3253 καὶ
2393 3197 2485 3252 τὸν
2529 3197 2768 3268 ἄρχοντα
2814 3190 3224 3263 συνδιαφθεῖραι
3268 3187 3601 3259 ἐπιχειροῦσι
3631 3203 3647 3219 ⁸
3673 3186 3761 3239 διὰ

2103 3290 2262 3344 τοῦτο
2282 3285 2608 3359 ᾠκονομήθη
2640 3284 2780 3337 ὥστε
2807 3283 3056 3336 κάκεῖνον
3097 3278 3289 3350 μαθεῖν
3315 3276 3495 3330 αὐτῶν
3522 3275 3618 3346 τὴν
3644 3275 3765 3327 ἐπι-

2105 3377 2320 3448 ϐουλήν.
2350 3374 2513 3428 Αὐτοὶ
2546 3372 2604 3425 δὲ
2635 3371 2698 3425 ού
2739 3369 2897 3441 μόνον
2942 3369 3007 3421 ἐκ
3031 3365 3127 3443 τοῦ
3172 3365 3338 3436 μηδὲν
3383 3363 3527 3434 ἔχειν
3570 3363 3764 3427 εἰπεῖν,

2108 3463 2244 3520 ἀλλά
2275 3463 2372 3517 καὶ
2392 3463 2457 3515 ἐκ
2481 3459 2575 3514 τοῦ
2601 3458 2777 3530 λάθρα
2814 3456 3111 3527 ἐπιχειρεῖν
3151 3452 3386 3523 ήλεγξαν
3419 3449 3648 3512 ἐαυτοὺς
3678 3448 3774 3501 οὐ·

2108 3552 2193 3605 δέν
2232 3551 2409 3613 ὄντας.
2432 3547 2595 3609 Είκὺς
2633 3545 2690 3599 δὲ
2736 3545 2831 3598 καὶ
2865 3543 3005 3613 μετά
3062 3539 3124 3593 τὸ
3163 3537 3535 3607 ἀποσταλῆναι
3591 3533 3774 3600 αὑτὸν,

2111 3637 2425 3710 προσελθεῖν
2455 3635 2581 3696 τοὺς
2606 3632 2880 3703 ἀρχιερεῖς
2916 3626 3221 3692 αἰτοῦντας,
3254 3625 3349 3678 καὶ
3379 3620 3778 3710 καταισχυνθῆέ

2111 3708 2198 3779 ναι
2230 3724 2546 3794 ἀπράκτους
2591 3718 2983 3780 ἀπολυθέντας.
3028 3714 3269 3782 Εἰκότως
3295 3712 3353 3767 δέ
3382 3711 3540 3766 τοῦτο
3577 3709 3723 3763 ποιεῖ
3747 3708 3779 3762 6

2111 3812 2388 3883 χιλίαρχος
2419 3826 2435 3840 ⁸
2475 3808 2536 3861 ού
2584 3806 2692 3875 γὰρ
2730 3803 2795 3875 δὴ
2834 3802 3084 3855 ἐϐούλετο
3129 3801 3253 3854 οὔτε
3298 3798 3626 3883 χαρίσασθαι
3654 3794 3776 3883 οὔτε

2114 3880 2413 3952 ἐπινεῦσαι.
2444 3894 2555 3948 Kal
2581 3893 2717 3958 πῶς,
2746 3890 2944 3961 φησὶν,
2991 3889 3312 3942 ἐπίστευσεν
3345 3885 3518 3956 ἀληθῆ
3549 3880 3686 3937 εἶναι
3710 3881 3780 3936 τὰ

2115 3984 2518 4055 ἐπαγγελθέντα
2540 3980 2692 4051 παρὰ
2710 3978 2802 4032 τοῦ
2843 3976 3092 4041 νεανίου;
3135 3975 3240 4055 ἘκΔ
3268 3972 3377 4025 τῶν
3414 3971 3516 4042 ήδη
3553 3969 3780 4055 γενομέ-

2115 4089 2221 4126 νων
2237 4052 2593 4139 ἐστοχάσατο,
2620 4062 2717 4120 ὅτι
2734 4065 2830 4118 καὶ
2855 4061 3014 4116 τοῦτο
3044 4059 3192 4122 είκὸς
3210 4052 3279 4129 ἦν
3311 4056 3510 4118 αὐτοὺς
3528 4053 3776 4122 ποιῆσαι.

2115 4159 2225 4213 Kal
2251 4158 2351 4227 ὅρα
2378 4156 2476 4225 τὴν
2510 4151 2858 4224 κακουργίαν·
2895 4146 3044 4220 [567]
3065 4146 3252 4215 ὥσπερ
3282 4142 3527 4211 ἀνάγκην
3552 4140 3647 4194 καὶ
3668 4141 3780 4227 τοῖς

2117 4225 2458 4317 ἀρχιερεῦσιν
2509 4240 2833 4307 ἐπέστησαν.
2875 4236 2985 4296 Kal
3046 4232 3122 4302 μὴ
3152 4229 3437 4317 θαυμάσῃς
3458 4238 3521 4317 ⁸-⁸
3551 4228 3651 4317 el—
3670 4225 3781 4296 γὰρ

2118 4311 2367 4385 τοσοῦτον
2416 4326 2617 4379 εἴλοντο
2646 4322 2822 4385 αὐτοὶ,
2871 4320 2965 4373 καὶ
3020 4318 3111 4370 τὸν
3166 4315 3407 4368 κίνδυνον
3466 4311 3782 4375 ἀνεδέξαντο

2120 4420 2319 4483 πάντα,
2356 4413 2538 4484 πολλῷ
2569 4410 2767 4482 μᾶλλον
2801 4408 2895 4462 καὶ
2920 4405 3158 4467 ἐκείνους
3189 4401 3349 4455 τοῦτο
3381 4399 3606 4470 ποιῆσαι
3634 4398 3780 4460 εἰκὸς

2117 4502 2205 4577 ἦν.
2251 4503 2435 4574 Ὁρᾷς,
2492 4499 2609 4561 πῶς
2634 4495 2724 4550 διά
2754 4495 2853 4565 τῆς
2873 4493 3072 4577 ψήφου¹
3097 4488 3206 4544 τῶν
3369 4485 3547 4577 ἀθῶος
3567 4484 3783 4577 γίνεται

2119 4569 2152 4645 6
2175 4569 2405 4653 Παῦλος,
2431 4588 2506 4651 ὡς
2531 4586 2625 4640 καὶ
2654 4586 2682 4639 6
2718 4581 2953 4654 Χριστὸς
2996 4569 3149 4648 παρὰ
3180 4574 3460 4639 Πιλάτου;
3505 4570 3643 4626 Ἀλλ’
3681 4570 3783 4641 δρα

2121 4680 2213 4733 καί
2261 4677 2357 4748 τὴν
2395 4674 2593 4729 κακίαν
2638 4670 2727 4740 ὑφ’
2769 4669 2966 4740 ἐαυτῆς
2992 4661 3411 4735 ἀναιρουμένην.
3449 4658 3784 4748 Παρέδωκαν

2125 4768 2222 4838 μὲν
2245 4742 2354 4836 γὰρ
2378 4762 2559 4829 αὐτὸν,
2586 4759 2725 4814 ὥστε
2783 4757 2876 4811 καὶ
2912 4754 3119 4809 ἀνελεῖν
3150 4751 3242 4806 καὶ
3271 4747 3629 4838 καταδικάσαι
3653 4761 3668 4776 ⁸
3697 4742 3784 4838 vi:

2122 4828 2269 4909 νεται
2289 4828 2344 4906 δέ
2360 4828 2684 4911 τούναντίον,
2700 4846 2791 4900 καὶ
2809 4842 3060 4908 σώζεται,
3074 4841 3167 4893 καὶ
3183 4836 3356 4901 ἀθῶος
3370 4834 3700 4906 εὑρίσκεται.
3720 4828 3784 4882 Εἰ

2123 4943 2230 5014 γὰρ
2267 4940 2341 5011 μὴ
2368 4937 2529 5001 οὕτω,
2552 4935 2656 4989 κᾶν
2675 4929 2974 5001 διεσπάσθη
3001 4944 3013 4957 ⁸
3034 4925 3176 4998 εἰμὴ
3192 4924 3356 5014 οῦτ-ω,
3389 4916 3781 5014 κᾶνάπώλετο,

2124 5004 2227 5084 κᾶν
2241 5004 2619 5091 κατεδικάσθη.
2634 5022 2709 5075 Οὐ
2725 5020 2880 5091 μόνον
2889 5018 2945 5073 δέ
2960 5015 3171 5085 ἐκείνης
3181 5011 3341 5066 αὐτὸν
3353 5010 3450 5080 τῆς
3461 5006 3638 5078 ὁρμῆς
3649 5004 3786 5069 ἐξαι-

2129 5119 2299 5188 ρεῖται
2317 5117 2345 5168 ὁ
2362 5114 2636 5187 χιλίαρχος
2653 5151 2668 5173 ,
2685 5108 2821 5163 ἀλλά
2850 5106 2942 5161 καὶ
2956 5102 3230 5174 ὑπηρέτης
3246 5097 3392 5168 αὐτῷ
3404 5095 3629 5188 γίνεται,
3646 5092 3784 5188 ὥστε

2125 5176 2418 5263 ἀκινδύνως
2440 5176 2765 5265 διασωθῆναι
2800 5192 2937 5263 μετὰ
2958 5189 3226 5258 τοσαύτης
3253 5181 3606 5257 παρατάξεως
3622 5195 3636 5209 ⁸
3693 5176 3790 5232 καὶ

2125 5291 2291 5352 ὅπως,
2311 5287 2494 5341 ἀκουε⁸
2510 5284 2703 5352 ἐπάγει
2715 5284 2844 5351 γάρ’
2862 5278 2972 5332 Καὶ
2993 5272 3561 5372 προσκαλεσάμενος
3572 5265 3680 5320 δύο
3700 5280 3788 5317 τι-

2129 5440 2335 5526 τιῶτας
2351 5458 2715 5521 διακοσίους,
2735 5455 2893 5518 ὅπως
2905 5447 3276 5519 πορευθῶσιν
3301 5447 3388 5510 είς
3404 5440 3782 5508 Καισάρειαν,

2129 5550 2229 5606 καὶ
2267 5525 2466 5611 ἱππεῖς
2517 5541 2942 5611 ἐϐδομήκοντα,
2993 5536 3093 5591 καὶ
3144 5530 3523 5597 δεξιολάϐους
3584 5525 3780 5581 διακο-

2215 5743 2242 5783 Il
2265 5742 2485 5802 Quidam,
2509 5738 2693 5802 σορίας,
2735 5736 2789 5784 οὐ
2828 5734 3102 5802 προέδωκαν
3141 5729 3348 5792 ἀνάγκην
3369 5727 3486 5778 τινά.
3559 5736 3583 5766 θ
3604 5722 3696 5775 Καὶ
3722 5723 3784 5777 μή

2139 5798 2381 5869 θαυμάσῃς
2422 5798 2639 5855 (10081.Ῑῦ
2661 5808 2757 5851 uno
2797 5798 2981 5847 codice.
