4148 6152
359 278 454 332 διι

355 392 552 457 σίους,
577 390 696 446 ἀπὸ
717 388 916 458 τρίτης
935 387 1090 456 ὥρας
1123 389 1231 458 τῆς
1275 389 1515 454 νυκτὸς,
1563 388 1750 456 κτήνη
1801 405 1866 441 τε
1897 404 2005 442 πα·

357 476 682 545 ραστῆσαι,
719 477 818 529 ἵνα
847 474 1301 542 ἐπιϐιϐάσαντες
1325 481 1432 529 τὸν
1460 476 1722 536 Παῦλον,
1749 473 2011 544 ἀγάγωσι

359 566 508 631 πρὸς
531 564 760 632 φήλικα
795 563 902 616 τὸν
937 563 1202 631 ἡγεμόνα
1225 581 1238 593 ·
1280 562 1512 633 γράψας
1539 563 1897 630 ἐπιστολὴν,
1922 577 2017 614 πε-

360 650 686 720 ριέχουσαν
719 651 825 703 τὸν
851 651 1044 704 τύπον
1081 651 1315 705 τοῦτον·
1360 650 1656 715 Κλαύδιος
1687 651 1913 716 Λυσίας
1939 649 2018 715 τῷ

363 737 654 802 κρατίστῳ
673 736 918 805 ἡγεμόνι
935 736 1146 805 Φήλικι
1172 738 1420 806 χαίρειν.
1460 737 1570 790 Τὸν
1594 735 1782 803 ἄνδρα
1805 736 2019 790 τοῦτον

361 824 791 888 συλληφθέντα
837 825 952 876 ὑπὸ
1004 823 1123 876 τῶν
1173 823 1501 886 Ἰουδαίων,
1554 821 1652 874 καί
1720 821 2022 891 μέλλοντα

363 906 730 974 ἀναιρεῖσθαι
777 910 890 962 ὑπ’
921 908 1139 973 αὐτῶν,
1178 910 1428 977 ἐπιστὰς
1463 912 1586 965 σὺν
1630 911 1708 976 τῷ
1735 911 2020 978 στρατεύ-

359 1007 494 1060 ματι
519 992 837 1060 ἐξειλόμην
857 995 1081 1063 μαθὼν,
1113 997 1199 1049 ὅτι
1234 997 1508 1065 Ῥωμαῖός
1528 1000 1659 1054 ἐστι
1686 1016 1698 1028 ·
1719 999 2018 1063 βουλόμε-

363 1096 470 1144 νος
492 1079 560 1132 δὲ
585 1079 805 1146 γνῶναι
849 1082 961 1148 τὴν
992 1085 1206 1147 αἰτίαν,
1255 1085 1330 1138 δι’
1356 1085 1436 1153 ἣν
1473 1086 1805 1140 ἐνεκάλουν
1837 1081 2020 1147 αὐτῷ,

365 1164 706 1234 κατήγαγον
764 1167 952 1221 αὐτὸν
1018 1171 1104 1235 εις
1163 1170 1226 1223 τὸ
1271 1173 1590 1240 συνέδριον
1632 1171 1848 1226 αὐτῶν.
1911 1172 2007 1222 ’0)

366 1248 546 1320 εὗρον
596 1253 1038 1323 ἐγκαλούμενον
1100 1257 1233 1324 περὶ
1289 1255 1628 1327 ζητημάτων
1677 1258 1782 1311 τοῦ
1833 1257 2020 1325 νόμου

368 1336 585 1399 αὐτῶν,
617 1340 810 1407 μηδὲν
855 1341 1027 1402 ἄξιον
1065 1341 1324 1396 θανάτου
1374 1343 1412 1411 ἢ
1471 1342 1711 1413 δεσμῶν
1756 1344 2024 1412 ἔγκλημα

370 1424 607 1492 ἔχοντα.
681 1427 1062 1494 Μηνυθείσης
1124 1428 1191 1482 δέ
1247 1446 1349 1497 μοι
1397 1430 1724 1496 ἐπιϐουλῆς
1774 1429 2025 1498 μέλλειν

371 1510 620 1565 ἔσεσθαι
642 1514 726 1577 είς
745 1513 851 1566 τὸν
871 1513 1058 1581 ἄνδρα
1083 1515 1200 1568 ὑπὸ
1232 1515 1347 1568 τῶν
1393 1518 1698 1571 Ἰουδαίων
1718 1517 1786 1580 ἐξ
1806 1515 2022 1583 αὐτῶν,

373 1595 611 1665 ἔπεμψα
628 1599 775 1664 πρὸς
802 1603 896 1662 σε,
929 1603 1329 1670 παραγγείλας
1365 1604 1463 1656 καὶ
1501 1603 1624 1669 τοῖς
1673 1604 2022 1670 κατηγόροις

372 1684 574 1750 λέγειν
599 1684 670 1739 τὰ
705 1686 854 1753 πρὸς
879 1687 1067 1740 αὑτὸν
1087 1688 1182 1742 ἐπὶ
1225 1689 1362 1743 σοῦ.
1389 1691 1650 1758 Ἔρρωσο
1687 1703 1733 1731 ι’
1764 1690 1905 1759 Ὀρα
1933 1690 2025 1741 καὶ

373 1769 471 1839 τὴν
517 1770 802 1842 ἐπιστολὴν
853 1772 1147 1841 ἀπολογίαν
1211 1775 1438 1845 ἔχουσαν
1505 1777 1601 1844 μὲν
1660 1775 1800 1846 ὑπὲρ
1857 1775 2024 1828 αὐτοῦ

375 1855 593 1924 (Οὐδὲν
615 1857 742 1928 γὰρ,
786 1860 971 1929 φησὶν,
1014 1856 1197 1928 εὗρον
1229 1862 1404 1926 ἄξιον
1450 1862 1712 1916 θανάτου
1757 1862 2027 1931 ἔγκλημα

374 1942 636 2015 ἔχοντα),
683 1947 1010 2016 κατηγορίαν
1047 1948 1106 2000 δέ
1143 1948 1264 2001 κατ’
1294 1947 1578 2018 ἐκείνωνῆ
1609 1947 1751 2002 κατά
1793 1948 1984 2002 τούτου
2008 1964 2024 1979 ο

373 2029 548 2094 οὕτως
573 2031 866 2090 ἐθανάτων.
891 2036 1000 2088 Kal
1037 2036 1252 2106 πρῶτον
1275 2035 1373 2106 μέν
1397 2054 1582 2108 φησιν,
1603 2038 1686 2090 ὅτι
1713 2036 2029 2091 Μέλλοντα

377 2116 742 2186 ἀναιρεῖσθαι
793 2117 910 2174 ὑπὸ
961 2120 1079 2174 τῶν
1131 2123 1434 2178 Ἰουδαίων
1488 2123 1806 2191 ἐξειλόμην
1845 2139 1859 2154 ·
1910 2118 2028 2175 εἷτα

378 2205 748 2274 προστίθησιν,
782 2208 864 2260 ὅτι
895 2209 1000 2261 Καὶ
1028 2209 1366 2278 κατήγαγον
1391 2211 1577 2264 αὐτὸν
1601 2210 1750 2278 πρὸς
1774 2211 1994 2274 αὐτούς
2011 2224 2026 2242 ⁸

381 2293 471 2342 καὶ
497 2293 603 2344 οὐδ’
642 2292 815 2356 οὓτως
847 2288 1006 2364 εὗρόν
1050 2313 1102 2348 τι
1156 2295 1453 2363 ἐγκαλέσαι
1506 2297 1736 2350 ἐκεῖνοι·
1783 2298 1878 2350 καὶ
1913 2297 2032 2350 δέον

379 2374 520 2446 ὕπὲρ
545 2376 639 2429 τοῦ
667 2379 932 2450 προτέρου
971 2382 1388 2451 καταπλαγῆναι
1415 2385 1508 2436 καὶ
1553 2384 2028 2454 καταισχυνθῆναι,

381 2463 541 2516 πάλιν
565 2465 931 2535 ἐπιχειροῦσιν
958 2467 1186 2532 ἀνελεῖν,
1214 2469 1352 2523 ὥστε
1375 2470 1532 2523 πάλιν
1555 2471 1927 2542 λαμπρότερον
1943 2487 2034 2539 γε-

384 2549 564 2604 νέσθαι
597 2552 686 2604 τὸν
710 2551 848 2622 ύπέρ
876 2553 1039 2606 αὐτοῦ
1079 2555 1252 2624 λόγον.
1298 2557 1408 2611 Καὶ
1437 2557 1490 2609 τί
1520 2557 1718 2628 δήποτε
1755 2559 1880 2620 τοὺς
1910 2575 2036 2611 κατ-

380 2637 613 2709 ηγόρους
659 2639 897 2708 πέμπεις
931 2641 1048 2695 Ἵνα
1091 2642 1148 2696 ἐν
1175 2641 1253 2712 τῷ
1291 2642 1654 2714 δικαστηρίῳ,
1702 2643 1829 2697 ἔνθα
1862 2644 2034 2698 ταῦτα

380 2725 767 2798 ἀκριϐέστερον
834 2728 1211 2798 γυμνάζεται,
1267 2729 1443 2794 ἀθῶος
1497 2731 1743 2802 γένηται.
1809 2733 2034 2802 Ἴδωμεν

377 2813 558 2866 τοίνυν
603 2813 808 2868 ἀνωθεν
868 2815 938 2868 τά
988 2818 1272 2887 εἰρημένα.
1317 2819 1485 2887 Ἐπὶ),
1529 2820 1684 2890 φησὶ,
1719 2821 2037 2887 Φαρισαῖός

379 2901 514 2969 είμι.
557 2899 724 2955 Τοῦτο
745 2897 918 2964 εἶπεν,
941 2901 1080 2955 ὥστε
1115 2907 1313 2968 αὐτοὺς
1334 2906 1763 2960 ἐπισπάσασθαι.
1799 2904 1932 2962 Εἶτα
1949 2909 2037 2962 ῐνα

384 2987 459 3057 μὴ
488 2986 614 3058 δόξῃ
641 2986 972 3049 κολακεύειν,
992 2990 1205 3056 ἐπάγει·
1232 2992 1370 3059 Περὶ
1393 2992 1640 3058 ἐλπίδος
1661 2993 1758 3046 καὶ
1786 2994 2039 3049 ἀναστά-

381 3089 536 3138 σεως
560 3071 787 3140 νεκρῶν
813 3074 926 3142 ἐγὼ
958 3076 1250 3144 κρίνομαι.
1305 3077 1437 3130 ’Δπὸ
1461 3078 1559 3146 τῆς
1586 3081 1918 3150 κατηγορίας
1944 3081 2041 3134 a6-

381 3160 491 3213 τῶν
517 3159 610 3213 καὶ
652 3161 750 3231 τῆς
787 3159 1042 3230 διαϐολῆς
1089 3163 1397 3234 συνίστησιν
1437 3166 1627 3219 ἐαυτόν
1653 3181 1670 3196 ·
1699 3167 2038 3222 Σαδδουκαῖοι

387 3247 486 3317 μὲν
507 3247 613 3317 γάρ
642 3246 859 3314 λέγουσι
892 3248 966 3320 μὴ
994 3243 1132 3302 εἶναι
1155 3249 1407 3318 ἄγγελον,
1439 3251 1574 3320 μήτε
1602 3251 1838 3323 πνεῦμα.
1875 3254 2040 3308 Οὐδὲν

385 3331 673 3402 ἀσώματον
719 3333 866 3387 ίσασι
906 3335 1268 3398 Σαδδουκαῖοι,
1317 3338 1454 3406 τάχα
1479 3339 1598 3391 οὐδὲ
1630 3339 1719 3392 τὸν
1755 3339 1906 3403 Θεὸν,
1939 3359 2040 3394 πα-

385 3418 498 3484 χεῖς
525 3431 668 3480 τινες
697 3415 844 3481 ϐντις
868 3433 882 3448 ·
909 3417 1032 3472 ὅθεν
1089 3419 1209 3472 οὐδὲ
1258 3420 1554 3476 ἀνάστασιν
1597 3421 1873 3491 βούλονται
1903 3420 2040 3480 εἶναι

386 3502 682 3555 πιστεύειν.
737 3505 846 3557 Καὶ
901 3505 1296 3572 ἀναστάντες,
1345 3511 1498 3577 φησὶ,
1555 3511 1909 3580 »γραμματεῖς
1934 3512 2041 3567 τοῦ

381 3587 604 3656 μέρους
627 3589 746 3640 τῶν
766 3589 1122 3656 Φαρισαίων,
1145 3591 1496 3661 διεμάχοντο
1521 3594 1801 3664 λέγοντες
1816 3613 1828 3625 °
1853 3597 2044 3653 Οὐδὲν

387 3673 578 3725 κακὸν
602 3674 961 3742 εὑρίσκομεν
993 3674 1063 3727 ἐν
1082 3675 1161 3740 τῷ
1180 3676 1470 3744 ἀνθρώπῳ
1502 3681 1707 3743 τούτῳ.

461 3758 614 3830 [568]
637 3767 705 3827 γ’.
736 3761 1099 3830 Ὀραοάκούει
1116 3763 1209 3815 καὶ
1231 3766 1260 3816 6
1283 3764 1579 3836 χιλίαρχος,
1597 3768 1677 3820 ὅτι
1700 3769 1859 3823 αὐτὸν
1875 3771 2046 3841 ἀπήλ-

388 3846 555 3910 λαξαν
587 3847 944 3917 ἐγκλημάτων
982 3850 1032 3902 οί
1073 3851 1387 3921 Φαρισαῖοι,
1422 3854 1514 3906 καὶ
1552 3853 1856 3924 ἐψηφίσατο
1904 3858 2044 3929 ὑπὲρ

390 3931 576 3996 αὑτοῦ,
599 3932 693 3986 καὶ
720 3932 858 4003 μετά
885 3934 1124 4000 πλείονος
1145 3937 1455 4008 παρρησίας
1481 3940 1715 4010 ἁρπάζει
1736 3942 1916 3997 αὐτόν.
1935 3945 2046 3998 Kal

391 4021 593 4076 αύτάδέ
606 4023 868 4092 εἰρημένα
880 4023 1076 4094 Παύλῳ
1093 4025 1404 4096 φιλοσοφίας
1417 4026 1601 4098 ἐγεμε.
1623 4029 1700 4098 Τῇ
1713 4030 1781 4083 δὲ
1791 4031 2044 4100 ἐπιούσῃ

389 4109 562 4162 νυκτί
589 4108 840 4176 ἐπιστὰς
866 4109 1075 4176 αὑτῷό
1108 4114 1322 4182 Κύριος
1348 4110 1478 4168 εἶπε
1509 4132 1522 4146 ο
1555 4115 1791 4185 Θάρσει,
1820 4118 2041 4172 Παῦλε·

390 4197 470 4262 ὡς
499 4197 606 4265 γὰρ
655 4195 1014 4266 διεμαρτύρω
1039 4198 1110 4252 τὰ
1157 4199 1290 4268 περὶ
1327 4199 1470 4269 ἐμοῦ
1511 4204 1598 4268 εὶς
1631 4203 2045 4274 Ἰερουσαλὴμ,

391 4284 544 4338 οὕτω
561 4300 634 4338 σε
656 4283 746 4338 δεῖ
789 4285 889 4338 καὶ
929 4287 1016 4351 είς
1059 4285 1286 4355 Ῥώμην
1305 4286 1705 4356 μαρτυρῆσαι.
1739 4291 1882 4362 Ὅρα
1905 4291 2045 4362 πόση

393 4372 428 4440 ή
465 4371 804 4443 παράκλησις
827 4388 840 4402 ο
867 4371 1084 4442 πρῶτον
1112 4373 1274 4426 αὐτὸν
1296 4375 1529 4439 ἐπαινεῖ,
1553 4371 1672 4429 εἶτα
1691 4377 1788 4430 οὐκ
1827 4376 2048 4447 ἀφίησιν

391 4457 511 4511 οὐδὲ
540 4459 598 4512 τὸ
619 4459 809 4528 άδηλον
843 4458 943 4529 τῆς
980 4459 1288 4530 ἀποδημίας
1329 4462 1630 4532 φοϐηθῆναι
1656 4463 1756 4533 τῆς
1789 4464 1881 4518 ἐπὶ
1916 4463 2050 4517 Ῥώ-

397 4561 503 4614 μην
539 4561 553 4574 ⁸
591 4545 666 4608 ὡς
709 4547 756 4599 εί
797 4544 980 4612 ἐλεγεν
1009 4561 1023 4576 ο
1064 4546 1178 4597 Οὐκ
1209 4546 1484 4617 ἀπελεύσῃ
1517 4548 1675 4616 μόνον
1711 4551 1890 4612 κακεῖ,
1915 4549 2048 4604 ἀλλὰ

393 4631 489 4683 καὶ
509 4631 742 4702 τοσαύτῃ
771 4631 948 4702 χρήσῃ
979 4632 1280 4702 παρρησίᾳ.
1332 4633 1605 4688 Ἐντεῦθεν
1625 4635 1722 4705 οὐχ
1753 4637 1836 4688 ὅτι
1872 4637 2047 4710 σωθή-

396 4734 550 4770 σεται
573 4717 844 4787 ἐδηλοῦτο,
867 4717 983 4770 ἀλλ’
1005 4719 1086 4770 ὅτι
1115 4722 1211 4772 καὶ
1246 4720 1340 4772 ἐπὶ
1364 4719 1620 4790 μεγάλοις
1653 4724 1990 4793 μαρτυρήσει
2022 4723 2049 4764 1ο

396 4803 681 4873 στεφάνοις
717 4804 776 4856 ἐν
810 4805 876 4875 τῇ
938 4804 1150 4878 μεγάλῃ
1203 4806 1373 4860 πόλει.
1416 4807 1516 4860 Διά
1554 4808 1606 4860 τί
1651 4807 1706 4860 δὲ
1751 4807 1813 4860 οὐ
1857 4809 2047 4883 πρὶνῆ

395 4891 655 4962 ἐμπεσεῖν
677 4890 756 4954 εἰς
776 4891 870 4944 τὸν
893 4891 1155 4953 κίνδυνον,
1181 4893 1352 4965 ἐφάνη
1375 4894 1556 4965 αὑτῷ;
1590 4895 1711 4949 Ὀτι
1741 4896 1828 4950 ἀεὶ
1851 4897 1909 4950 ἐν
1933 4901 2052 4962 ταῖς

394 4979 606 5049 θλίψεσι
640 4978 943 5050 παρακαλεῖ
974 4981 1002 5032 6
1034 4979 1164 5043 Θεὸς
1196 4980 1336 5048 (τότε
1382 4982 1489 5052 γάρ
1529 4983 1898 5056 ποθεινότερος
1923 4987 2050 5053 φαί-

396 5069 591 5135 νεται),
614 5067 708 5119 καὶ
744 5066 804 5118 ἐν
839 5069 950 5127 τοῖς
983 5065 1244 5130 κινδύνοις
1281 5068 1612 5139 ἐγγυμνάζει
1650 5073 1817 5142 ήμᾶς.
1843 5073 2051 5138 Ἀλλως

394 5155 455 5210 δέ
478 5155 600 5208 τότε
632 5154 732 5225 μὲν
754 5156 811 5208 ἐν
842 5153 1020 5207 ἀνέσει
1052 5149 1120 5224 ἦν
1139 5195 1154 5218 ,
1187 5157 1408 5225 ἀφεθεὶς
1441 5158 1547 5212 τῶν
1577 5159 1789 5229 δεσμῶν
1819 5179 1831 5191 ·
1866 5161 1962 5216 νῦν
1996 5163 2052 5216 δέ

397 5242 621 5314 ἐμελλεν
652 5242 813 5296 αὑτὸν
835 5241 1170 5312 διαδέχεσθαι
1194 5243 1358 5322 δεινά.
1387 5246 1504 5299 Ὀτι
1541 5249 2052 5320 ἀνεθεματίσαμεν

399 5328 670 5394 ἑαυτοὺς,
697 5329 850 5400 φησὶ,
882 5327 968 5398 μὴ
1013 5329 1222 5399 φαγεῖν
1246 5332 1402 5400 μηδὲ
1467 5335 1643 5390 πιεῖν.
1691 5337 1882 5404 Βαϐαὶ,
1913 5338 2050 5409 πόση

403 5417 567 5486 μανία
595 5419 608 5470 !
637 5417 860 5480 ἐαυτοὺς
885 5415 962 5488 τῷ
987 5416 1287 5488 ἀναθέματι
1308 5419 1695 5477 ὑποϐάλλουσιν
1730 5424 2046 5494 ἀλογίστως.

403 5503 602 5569 Ὅπως
622 5503 921 5574 καταγάγῃ
949 5505 1156 5571 αὐτὸν,
1193 5507 1346 5579 φησὶ,
1386 5509 1535 5575 πρὸς
1575 5510 1752 5580 ὑμᾶς,
1796 5512 1878 5578 ὡς
1906 5511 2052 5581 μέλ-

400 5591 622 5653 λοντας
665 5589 1086 5658 ἀκριϐέστερον
1128 5591 1543 5662 διαγινώσκειν
1584 5596 1657 5648 τὰ
1682 5598 1815 5665 περὶ
1843 5601 2048 5655 αὑτοῦ.

400 5676 465 5730 Τί
507 5676 718 5741 λέγεις;
749 5675 868 5743 οὐχὶ
911 5676 1160 5748 δεύτερον
1217 5681 1351 5750 πρὸς
1404 5683 1548 5751 ὑμᾶς
1605 5683 2052 5758 ἐδημηγόρησεν;

467 5775 490 5798 ⁴
519 5769 685 5817 Morel.
713 5771 931 5832 ερῥωσθε.
997 5773 1022 5810 b
1049 5773 1097 5822 In
1118 5787 1214 5824 uno
1234 5775 1516 5838 μαρτυρήσει
1540 5778 1702 5827 deest.

1152 275 1209 330 S.
1251 272 1530 329 JOANNIS
1567 270 2048 328 CIIR‘I'SOSTOMI
2089 271 2409 329 ARCIIIEP.
2451 269 2996 329 CONSTANTINOP.

3676 257 3784 316 36!

2116 387 2235 457 ούχὶ
2265 390 2552 459 Φαρισαῖον
2577 385 2764 439 ἐαυτὸν
2801 380 2952 449 elus;
2977 381 3030 435 τί
3069 376 3162 434 οὖν
3188 378 3248 432 τὸ
3275 379 3525 449 περιττὸν
3543 417 3555 440 ρ
3598 373 3788 437 Οὕτως

2115 475 2271 526 οὐδὲν
2297 473 2606 542 ἐφοϐοῦντο,
2631 472 2690 526 ού
2713 471 3059 540 δικαστήρια,
3083 469 3146 520 οὐ
3174 467 3370 537 νόμους
3395 479 3410 496 ο
3439 462 3612 527 οὕτως
3634 463 3787 516 οὐδὲν

2116 562 2302 625 αὐτοῖς
2329 563 2634 632 ἀτόλμητον
2663 555 2749 630 ἦν.
2786 559 2896 612 Kal
2922 560 3020 628 τήν
3043 555 3270 626 γνώμην
3298 550 3669 624 εἰσηγοῦνται,
3691 551 3788 604 καὶ

2113 649 2212 716 τὴν
2260 649 2457 720 πρᾶξιν
2499 647 2948 717 ἐπαγγέλλονται.
2994 644 3282 708 Ἀκούσας
3323 641 3391 694 δὲ
3439 643 3473 694 ὁ
3517 638 3648 704 υίὸς
3678 634 3788 704 τῆς

2116 734 2385 803 ἀδελφῆς
2400 735 2642 788 Παύλου
2669 734 2734 786 τὸ
2768 732 3034 799 ἐνεδρον.
3059 729 3228 782 Τοῦτο
3250 728 3348 797 τῆς
3378 725 3471 780 τοῦ
3492 723 3628 778 Θεοῦ
3648 725 3789 776 οίκο-

2117 823 2306 890 νομίας
2332 817 2400 891 ἦν
2417 821 2620 884 λοιπὸν,
2653 819 2714 872 τὸ
2755 819 2830 890 μὴ
2877 815 3108 870 συνιδεῖν
3132 814 3327 877 αὐτοὺς
3362 813 3444 867 ὅτι
3469 811 3782 866 ἀκούσεται.

2187 908 2252 960 Τί
2267 903 2357 961 οὖν
2372 910 2399 961 6
2416 907 2646 970 Παῦλοςς
2665 906 2777 958 Οὐκ
2792 903 3093 976 ἐθορυϐήθη
3104 944 3116 962 ,
3133 901 3267 955 ἀλλά
3285 900 3540 964 συνεῖδεν,
3555 900 3638 952 ὅτι
3650 895 3786 950 Θεοῦ

2122 994 2268 1046 ἐστιν
2292 993 2450 1066 ἔργον
2472 993 2649 1048 τοῦτο·
2676 995 2772 1047 καὶ
2797 992 2858 1046 τὸ
2893 993 3000 1045 πᾶν
3038 987 3123 1042 ἐπ’
3148 987 3310 1042 αὑτὸν
3348 985 3533 1057 ῥίψας,
3563 981 3708 1055 εἶχεν
3729 984 3791 1048 ἐξ

2119 1079 2279 1150 ἔργου
2311 1080 2407 1150 τὴν
2427 1079 2718 1148 σωτηρίαν.
2743 1079 2854 1132 Kal
2877 1077 3066 1131 σκόπει
3095 1075 3212 1137 πῶς
3232 1076 3312 1138 είς
3331 1073 3533 1142 ἀγαθὸν
3562 1073 3738 1126 πάντα
3758 1072 3789 1124 6

2118 1166 2250 1230 Θεὸς
2276 1167 2643 1237 ᾠκονόμησεν.
2669 1161 2835 1218 Εἶπεν
2862 1167 2890 1218 6
2915 1164 3130 1226 νεανίας
3176 1163 3274 1232 τὴν
3307 1159 3618 1229 ἐπιϐουλὴν,
3669 1159 3790 1210 ἐπι-

2122 1252 2340 1324 στεύθη,
2357 1253 2451 1307 καὶ
2461 1252 2600 1306 οὕτω
2615 1251 2799 1306 λοιπὸν
2817 1249 3136 1314 διασώζεται
3153 1247 3384 1311 Παῦλος.
3405 1247 3514 1299 Kal
3530 1248 3576 1298 εί
3589 1243 3785 1314 ἀφέθη,

2121 1343 2272 1412 φησὶ,
2300 1341 2399 1411 τῆς
2426 1340 2626 1405 αἰτίας,
2642 1339 2732 1392 διὰ
2752 1339 2804 1392 τί
2830 1339 2953 1402 τοὺς
2977 1337 3311 1408 κατηγόρους
3326 1335 3606 1404 ἐπεμψαν;
3625 1334 3787 1386 ’Ὥστε

2119 1428 2512 1500 ἀκριϐεστέραν
2531 1427 2779 1494 γενέσθαι
2804 1425 2895 1497 τὴν
2926 1426 3188 1492 ἐξέτασιψ
3209 1425 3346 1477 ὥστε
3365 1423 3561 1494 μᾶλλον
3589 1421 3790 1500 καθαρ⁹

2121 1499 2278 1584 θῆναι
2300 1527 2322 1555 α
2345 1515 2436 1567 τὸν
2450 1515 2636 1585 ἄνδρα.
2654 1514 2906 1568 Τοιαῦται
2928 1515 2982 1568 αἱ
2999 1513 3092 1566 τοῦ
3104 1511 3235 1566 Θεοῦ
3257 1509 3577 1581 οἰκονομίαν
3616 1508 3693 1562 δι’
3717 1499 3790 1559 ὧν

2125 1601 2475 1672 βλαπτόμεθα
2497 1641 2511 1666 ,
2543 1602 2632 1656 διά
2659 1601 2866 1656 τούτων
2892 1599 3267 1670 ὠφελούμεθα.
3296 1597 3454 1652 Οῦτω
3484 1597 3577 1650 καὶ
3595 1595 3789 1665 Ἰωσὴφ

2123 1688 2508 1742 ἐπεϐουλεύετο
2574 1690 2682 1742 ὑπὸ
2739 1692 2836 1758 τῆς
2918 1688 3203 1757 δεσποίνης
3235 1701 3251 1720 ο
3318 1684 3408 1738 καὶ
3468 1684 3640 1736 ἐδόκει
3696 1683 3794 1752 μέν

2126 1776 2516 1842 ἐπιϐουλεύειν,
2549 1777 2968 1830 ἐπιϐουλεύουσα
2987 1775 3044 1829 δὲ
3075 1775 3133 1827 ἐν
3161 1771 3429 1843 ἀσφαλείᾳ
3462 1771 3794 1840 κατέστησεν

2125 1863 2286 1916 αὐτόν
2310 1880 2325 1895 ο
2373 1863 2476 1932 τῆς
2512 1862 2620 1932 γάρ
2671 1863 2867 1927 οἰκίας,
2919 1862 3045 1915 ἔνθα
3084 1861 3144 1914 τὸ
3182 1859 3363 1930 θηρίον
3404 1859 3575 1910 ἐκεῖνο
3633 1857 3795 1926 ἐτρέ-

2126 1969 2278 2020 φετο,
2310 1951 2489 2021 πολλῷ
2519 1951 2580 2005 τὸ
2619 1953 2989 2021 δεσμωτήριον
3016 1947 3359 2020 ἡμερώτερον
3393 1941 3480 2015 ἦν.
3509 1946 3657 1998 Ἐκεῖ
3691 1945 3792 2015 μὲν

2125 2038 2232 2108 γὰρ
2259 2037 2353 2100 ὣν,
2376 2040 2424 2090 εἰ
2445 2038 2539 2091 καὶ
2560 2037 2619 2091 ἐν
2643 2033 3002 2108 θεραπείᾳῆν,
3025 2035 3148 2088 ἀλλ’
3174 2037 3231 2088 ἐν
3253 2033 3400 2104 φόϐῳ
3426 2032 3678 2101 διηνεκεῖ,
3715 2029 3792 2102 μή

2127 2141 2256 2177 ποτε
2281 2124 2536 2194 ἐπίθηται
2562 2126 2595 2195 ή
2617 2125 2896 2188 δέσποινα,
2942 2123 3036 2176 καὶ
3079 2121 3453 2192 δεσμωτηρίου
3482 2116 3796 2189 χαλεπώτε-

2131 2225 2222 2278 ρον
2246 2211 2274 2262 6
2305 2209 2468 2278 φόϐος
2489 2209 2635 2280 αύτῷ
2669 2209 2917 2264 ἐπέκειτο
2942 2224 2956 2238 ο
2988 2207 3126 2279 μετὰ
3155 2207 3213 2260 δέ
3251 2205 3350 2276 τὴν
3382 2204 3716 2274 κατηγορίαν
3741 2203 3798 2254 ἐν

2129 2295 2282 2367 ἀδείᾳ
2309 2296 2495 2350 λοιπὸν
2525 2298 2618 2350 καὶ
2655 2296 2855 2366 ήσυχίᾳ
2877 2291 2966 2366 ἦν,
2994 2293 3326 2362 ἀπαλλαγεὶς
3352 2291 3562 2344 ἐκείνου
3589 2288 3683 2343 τοῦ
3709 2289 3800 2359 θη-

2130 2383 2242 2453 ρίου
2280 2385 2371 2436 καὶ
2401 2383 2498 2452 τῆς
2525 2381 2915 2453 ἀσχημοσύνης
2947 2381 3041 2434 καὶ
3080 2380 3181 2449 τῆς
3205 2377 3498 2447 ἐπιϐουλῆς
3534 2393 3549 2407 ο
3589 2375 3798 2445 βέλτιον

2131 2469 2239 2540 γὰρ
2263 2468 2407 2538 αύτῷ
2433 2465 2500 2541 ἦν
2534 2467 3104 2538 τεταλαιπωρημένοις
3134 2465 3445 2533 ἀνθρώποις
3476 2465 3737 2524 συνεῖναι,
3762 2461 3797 2532 ἢ

2136 2559 2433 2628 μαινομένῃ
2491 2557 2766 2627 δεσποίνῃ.
2815 2556 3081 2611 Ἐνταῦθα
3141 2557 3238 2625 μὲν
3291 2553 3384 2609 οὖν
3437 2554 3800 2622 παρεμυθεῖτο

2133 2643 2346 2706 ἐαυτὸν,
2378 2644 2457 2696 ὅτι
2485 2643 2570 2696 διά
2595 2642 2949 2713 σωφροσύνην
2975 2642 3229 2696 ἐνέπεσεν
3247 2657 3261 2671 ο
3297 2642 3414 2694 ἐκεῖ
3433 2640 3489 2692 δὲ
3520 2638 3796 2700 ἐδεδοίκει,

2138 2731 2210 2801 μὴ
2237 2731 2364 2802 περὶ⁸
2391 2730 2486 2801 τὴν
2513 2729 2690 2800 ψυχὴν
2717 2726 2852 2800 λάϐῃ
2872 2729 2968 2800 τήν
2996 2729 3229 2800 πληγήν·
3258 2728 3408 2780 ούδέν
3436 2726 3545 2797 γὰρ
3564 2724 3798 2795 ἐπαχθέ-

2136 2833 2323 2886 στερον
2357 2816 2636 2888 ἐρωμένης
2668 2814 2944 2887 [569]νέῳ
2977 2815 3052 2887 μὴ
3085 2814 3410 2886 βουλομένῳ,
3428 2813 3580 2866 οὐδὲν
3613 2810 3800 2879 ἐναγέ-

2136 2919 2348 2973 στερον,
2373 2902 2526 2955 ούδέν
2559 2901 2858 2974 βαρύτερον
2882 2919 2896 2933 ·
2937 2901 3154 2956 πάντων
3191 2901 3406 2972 δεσμῶν
3451 2900 3609 2952 τοῦτο
3635 2897 3797 2968 χαλε-

2135 2989 2398 3060 πώτερον.
2431 2989 2591 3042 ’Ὥστε
2635 2990 2737 3052 οὐκ
2800 2990 2882 3052 εἰς
2927 2988 3303 3061 δεσμωτήριον
3343 2987 3617 3051 ἐνέπεσεν,
3665 2984 3799 3038 ἀλλά

2135 3075 2504 3147 δεσμωτηρίου
2527 3074 2816 3146 ἀπηλλάγη
2839 3095 2852 3108 ·
2881 3074 3288 3147 ἐξεπολέμωσεν
3311 3073 3460 3145 αύτῷ
3491 3075 3582 3128 τὸν
3603 3071 3797 3127 δεσπό-

2135 3180 2254 3232 την,
2287 3161 2424 3216 ἀλλά
2455 3161 2752 3231 κατήλλαξε
2789 3164 2880 3215 τὸν
2913 3161 3065 3227 Θεὸν,
3123 3161 3449 3233 οἰκειότερον
3475 3160 3634 3214 αὐτὸν
3664 3176 3798 3213 κατ·-

2139 3249 2335 3320 έστησε
2391 3249 2469 3320 τῷ
2498 3249 2666 3313 ὅντως
2731 3249 2978 3322 Δεσπότῃ
3030 3248 3108 3318 τῷ
3142 3247 3379 3319 ἀληθινῷ
3406 3263 3421 3277 ⁸
3449 3247 3673 3312 ἐξέϐαλε
3703 3246 3800 3316 τῆς

2136 3338 2456 3401 ἐπιστασίας
2477 3338 2575 3409 τῆς
2603 3339 2660 3390 ἐν
2687 3341 2751 3410 τῇ
2781 3339 2948 3409 οίκίᾳ,
2991 3337 3118 3391 ἀλλ’
3146 3337 3389 3408 ᾠκείωσε
3418 3335 3496 3405 τῷ
3527 3335 3797 3407 Δεσπότῃ’

2136 3425 2304 3479 Πάλιν
2331 3427 2379 3479 οί
2405 3425 2620 3494 ἀδελφοὶ
2645 3425 2952 3494 ἐπώλησαν,
2969 3425 3094 3479 ἀλλ’
3118 3423 3429 3496 ἀπήλλαξαν
3465 3421 3627 3474 αὑτὸν
3667 3437 3799 3473 συν-

2137 3511 2428 3570 οικούντων
2471 3512 2704 3584 ἐχθρῶν,
2752 3511 2948 3580 φθόνου
2981 3511 3075 3566 καὶ
3115 3510 3408 3581 βασκανίας
3429 3507 3648 3576 πολλῆς,
3677 3507 3802 3559 ἐπι-

2140 3594 2338 3664 ϐουλῆς
2391 3595 2786 3666 καθημερινῆς,
2847 3594 3066 3665 μακρὰν
3119 3594 3461 3663 κατέστησαν
3507 3590 3668 3644 αὐτὸν
3690 3590 3804 3643 τῶν

2143 3683 2457 3753 μισούντων.
2487 3681 2549 3734 Τί
2595 3681 2702 3752 γάρ
2750 3681 2944 3734 τούτου
2997 3683 3198 3751 χεῖρον,
3247 3679 3376 3732 ὅταν
3421 3695 3506 3741 τις
3553 3676 3804 3746 ἀδελφοῖς

2146 3770 2400 3841 φθονοῦσι
2423 3773 2688 3824 συνοικεῖν
2745 3769 3137 3837 ἀναγκάζηται,
3195 3767 3324 3821 ὅταν
3367 3766 3446 3820 δι’
3473 3764 3709 3835 ὑποψίας
3741 3761 3800 3836 ᾖ,

2140 3859 2267 3911 ὃταν
2292 3857 2741 3927 ἐπιϐουλεύηται;
2775 3856 2938 3910 Ὥστε
2966 3855 3136 3926 ἐτερα
3162 3854 3260 3924 μὲν
3290 3853 3510 3906 ἐποίουν
3543 3851 3637 3905 καὶ
3657 3844 3804 3904 οὗτοι

2142 3943 2387 4014 κάκείνη,
2415 3944 2577 4013 ἐτερα
2609 3943 2666 3996 δὲ
2700 3943 3035 4014 ᾠκονομεῖτο
3069 3941 3213 4012 ὑπὲρ
3262 3940 3357 3994 τοῦ
3395 3939 3602 3994 δικαίου
3633 3938 3790 4009 μεγάρ

2141 4031 2228 4085 λα.
2257 4032 2385 4084 Ὅτε
2416 4025 2484 4101 ἦν
2511 4032 2566 4083 ἐν
2581 4033 2732 4101 τιμῇ,
2767 4030 2888 4083 τότε
2931 4027 2998 4100 ἦν
3015 4031 3070 4082 ἐν
3091 4028 3318 4099 κινδύνῳ
3352 4045 3368 4060 ·
3399 4029 3487 4082 ὅτε
3506 4023 3574 4098 ἦν
3609 4028 3665 4080 ἐν
3685 4025 3803 4078 ἀτι-

2147 4119 2245 4190 μίᾳ
2273 4118 2326 4182 ἀ,
2355 4119 2476 4171 τότε
2501 4113 2568 4184 ἦν
2590 4118 2648 4170 ἐν
2691 4117 2960 4187 ἀσφαλείᾳ
2986 4134 3000 4148 ·
3040 4116 3138 4170 οῦκ
3168 4115 3535 4186 ἐμνημόνευον
3565 4111 3727 4165 αὑτοῦ
3753 4111 3806 4164 οι

2153 4203 2396 4274 εὐνοῦχοι
2433 4221 2446 4234 ·
2493 4205 2586 4256 καὶ
2633 4203 2830 4268 καλῶς,
2892 4203 2979 4256 ἵνα
3028 4201 3385 4272 λαμπροτέρα
3437 4199 3659 4269 γένηται
3706 4197 3805 4266 τῆς

2144 4290 2328 4355 ἐξόδου
2377 4291 2411 4360 ή
2457 4287 2710 4352 ὑπόθεσις
2739 4305 2754 4319 ο
2792 4289 2877 4341 ἵνα
2926 4288 3000 4359 μὴ
3052 4288 3235 4360 χάριτι
3294 4285 3628 4356 ἀνθρωπίνῃ,
3677 4281 3808 4336 ἀλλ’

2144 4377 2423 4448 οἰκονομίᾳ
2465 4375 2588 4447 θείᾳ
2633 4376 2694 4428 τὸ
2737 4377 2844 4429 πᾶν
2889 4374 3168 4444 λογίζηται
3209 4389 3222 4404 ·
3258 4375 3348 4427 ῐνα
3397 4371 3670 4442 εὐκαίρως
3725 4369 3806 4430 είς

2145 4465 2334 4536 χρείαν
2355 4462 2631 4528 καταστὰς
2673 4463 2914 4534 ἐξαγάγῃ
2953 4478 2967 4493 ⁸
3024 4463 3112 4516 ἵνα
3178 4461 3252 4532 μὴ
3304 4458 3632 4530 εὐεργετῶν,
3673 4453 3804 4509 ἀλλ’

2144 4552 2598 4620 εὐεργετούμενος
2640 4550 2803 4603 αὐτὸν
2852 4549 3058 4619 ἐκϐάλῃ
3111 4547 3202 4602 τοῦ
3247 4545 3623 4616 δεσμωτηρίου
3647 4543 3808 4596 ἀθα-

2149 4638 2282 4710 ραώ.
2323 4639 2436 4692 Οὐκ
2493 4637 2599 4690 ἔδει
2643 4637 2828 4691 δοῦλον
2884 4635 3138 4705 γενέσθαι
3197 4635 3258 4688 τὸ
3317 4635 3511 4704 δῶρον,
3571 4631 3697 4686 ἀλλ’
3726 4630 3804 4691 είς

2146 4727 2390 4794 ἀνάγκην
2420 4725 2758 4790 καταστῆναι
2795 4725 2884 4778 τὸν
2920 4722 3142 4794 βασιλέα
3176 4739 3192 4754 ⁸
3224 4722 3332 4777 ἐδει
3376 4718 3618 4790 φανερὰν
3641 4713 3806 4770 αὐτοῦ

2147 4812 2396 4881 γενέσθαι
2422 4815 2519 4880 τὴν
2543 4813 2754 4881 σοφίαν.
2813 4811 2912 4864 Διά
2959 4809 3117 4863 τοῦτο
3169 4807 3420 4862 λανθάνει
3453 4808 3482 4858 6
3533 4803 3804 4873 εὐνοῦχος,

2149 4903 2235 4954 ἶνα
2265 4900 2338 4970 μὴ
2363 4900 2501 4972 λάθῃ
2542 4900 2830 4968 Αἴγυπτος,
2865 4899 2950 4951 ἵνα
3004 4898 3078 4969 μὴ
3115 4897 3363 4966 ἀγνοήσῃ
3401 4893 3561 4947 αὑτὸν
3584 4890 3614 4942 6
3661 4890 3808 4960 βασι-

2147 4988 2290 5051 λεύς.
2321 4989 2382 5041 El
2411 4989 2531 5041 τότε
2556 4987 2841 5058 ἐξηνέχθη,
2874 4986 3002 5048 ἴσως
3037 4985 3106 5039 ἂν
3134 4985 3228 5038 καὶ
3277 4981 3622 5049 ἐπεθύμησεν
3647 4976 3810 5030 ἀπελ-

2149 5075 2262 5128 θεῖν
2306 5077 2386 5139 είς
2408 5075 2504 5146 τήν
2539 5075 2702 5129 αὑτοῦ
2737 5091 2752 5106 ο
2786 5074 2873 5129 διά
2918 5073 3077 5128 τοῦτο
3112 5071 3336 5142 μυρίαις
3376 5068 3645 5136 ἀνάγκαις
3673 5081 3807 5118 κατ-

2150 5166 2353 5235 έχεται,
2381 5165 2596 5235 πρῶτον
2620 5167 2683 5234 τῇ
2712 5163 3020 5234 δεσποτεία,
3043 5162 3296 5230 δεύτερον
3321 5158 3400 5228 τῷ
3424 5153 3803 5227 δεσμωτηρίῳ,

2147 5251 2330 5323 τρίτον
2353 5253 2410 5304 ἐν
2429 5254 2497 5322 τῇ
2535 5251 2802 5322 βασιλείᾳ,
2833 5251 2920 5303 ῐνα
2942 5249 3116 5303 ταῦτα
3147 5243 3500 5314 οἰκονομηθῇ.
3540 5241 3807 5309 Καθάπερ

2149 5334 2240 5392 οὖν
2269 5355 2387 5392 τινα
2441 5340 2683 5407 γενναῖον
2723 5339 2900 5392 πῶλον
2943 5337 3250 5406 ἐκπηδῆσαι
3300 5331 3620 5401 βουλόμενον
3671 5326 3806 5398 πρὸς

2151 5425 2276 5489 τοὺς
2300 5425 2486 5490 αὐτοῦ,
2515 5427 2764 5495 κατεῖχεν
2795 5426 2824 5477 6
2868 5424 2999 5488 Θεὸς
3049 5424 3167 5476 ἐκεῖ
3227 5421 3307 5474 δι’
3335 5418 3525 5471 αίτιῶν
3558 5415 3803 5479 ἐνδόξων.

2152 5512 2276 5565 Ὀτι
2303 5513 2410 5582 γὰρ
2449 5511 2710 5582 ἐπεθύμει
2732 5511 2822 5566 τὸν
2854 5511 3067 5581 πατέρα
3101 5509 3230 5562 ἰδεῖν
3255 5508 3350 5560 καὶ
3387 5503 3689 5568 ἀπαλλάξαι
3711 5503 3806 5572 τῆς

2150 5599 2361 5670 ὀδύνης,
2391 5598 2548 5668 δῆλον
2576 5599 2639 5652 ἐκ
2669 5599 2762 5652 τοῦ
2792 5599 3014 5652 καλέσαι
3039 5596 3202 5650 αὑτὸν
3226 5596 3360 5648 ἐκεῖ.

2220 5685 2281 5740 δ’.
2313 5683 2574 5738 Βούλεσθε
2603 5685 2698 5739 καὶ
2725 5685 2915 5757 ἐτέρας
2950 5685 3148 5754 ἴδωμεν
3187 5679 3509 5744 ἐπιϐουλὰς,
3559 5678 3639 5731 ὅτι
3672 5675 3810 5747 ὑπὲρ

2211 5781 2232 5803 ⁸
2260 5780 2429 5828 Morel.
2449 5815 2462 5841 ,
2484 5782 2763 5844 καθαρῆναι,
2787 5781 2937 5829 male.
3020 5781 3045 5820 ιι
3068 5777 3264 5834 Morel,
3290 5777 3337 5824 ἐν
3357 5774 3547 5838 ἀθυμίᾳ.
