  <div class='ocr_page' id='page_1' title='image "/cluster/home/n/w/nwhite01/storage/ocr_20150623/60/mdp.39015028539453/346.png"; bbox 0 0 4148 6152; ppageno 0'>
   <div class='ocr_carea' id='block_1_1' title="bbox 405 278 2722 346">
    <p class='ocr_par' dir='ltr' id='par_1_1' title="bbox 405 278 2722 346">
     <span class='ocr_line' id='line_1_1' title="bbox 405 278 2722 346; baseline 0.009 -22"><span class='ocrx_word' id='word_1_1' title='bbox 405 287 500 345; x_wconf 63' lang='lat'><strong>3.“</strong></span> <span class='ocrx_word' id='word_1_2' title='bbox 1392 279 1456 334; x_wconf 87' lang='lat' dir='ltr'><strong>IN</strong></span> <span class='ocrx_word' id='word_1_3' title='bbox 1494 279 1672 336; x_wconf 83' lang='lat' dir='ltr'><strong>ACTA</strong></span> <span class='ocrx_word' id='word_1_4' title='bbox 1712 278 2228 339; x_wconf 76' lang='lat' dir='ltr'><strong>APOSTOLORUM.</strong></span> <span class='ocrx_word' id='word_1_5' title='bbox 2270 284 2494 342; x_wconf 78' lang='lat' dir='ltr'><strong>HOMIL.</strong></span> <span class='ocrx_word' id='word_1_6' title='bbox 2535 287 2722 346; x_wconf 75' lang='lat' dir='ltr'><strong>XLIX.</strong></span> 
     </span>
    </p>
   </div>
   <div class='ocr_carea' id='block_1_2' title="bbox 404 390 1976 466">
    <p class='ocr_par' dir='ltr' id='par_1_2' title="bbox 404 390 1976 466">
     <span class='ocr_line' id='line_1_2' title="bbox 404 390 1976 466; baseline -0.006 -13"><span class='ocrx_word' id='word_1_7' title='bbox 404 408 540 463; x_wconf 86' lang='lat' dir='ltr'><strong>rate,</strong></span> <span class='ocrx_word' id='word_1_8' title='bbox 567 405 625 452; x_wconf 90' lang='lat' dir='ltr'><strong>ut</strong></span> <span class='ocrx_word' id='word_1_9' title='bbox 665 395 996 466; x_wconf 76' lang='lat' dir='ltr'><strong>imponrntcs</strong></span> <span class='ocrx_word' id='word_1_10' title='bbox 1039 391 1283 455; x_wconf 88' lang='lat' dir='ltr'><strong>Paulum,</strong></span> <span class='ocrx_word' id='word_1_11' title='bbox 1327 390 1539 445; x_wconf 86' lang='lat' dir='ltr'><strong>salvum</strong></span> <span class='ocrx_word' id='word_1_12' title='bbox 1591 390 1885 459; x_wconf 89' lang='lat' dir='ltr'><strong>perducant</strong></span> <span class='ocrx_word' id='word_1_13' title='bbox 1911 391 1976 444; x_wconf 89' lang='lat' dir='ltr'><strong>ad</strong></span> 
     </span>
    </p>
   </div>
   <div class='ocr_carea' id='block_1_3' title="bbox 406 482 1983 557">
    <p class='ocr_par' dir='ltr' id='par_1_3' title="bbox 406 482 1983 557">
     <span class='ocr_line' id='line_1_3' title="bbox 406 482 1983 557; baseline -0.003 -15"><span class='ocrx_word' id='word_1_14' title='bbox 406 489 638 544; x_wconf 74' lang='lat' dir='ltr'><strong>Felicem</strong></span> <span class='ocrx_word' id='word_1_15' title='bbox 683 485 968 557; x_wconf 68' lang='lat' dir='ltr'><strong>praesidem</strong></span> <span class='ocrx_word' id='word_1_16' title='bbox 1010 482 1143 537; x_wconf 74' lang='lat'><strong>:26.</strong></span> <span class='ocrx_word' id='word_1_17' title='bbox 1197 482 1440 536; x_wconf 85' lang='lat' dir='ltr'><strong>scribens</strong></span> <span class='ocrx_word' id='word_1_18' title='bbox 1487 482 1767 552; x_wconf 78' lang='lat' dir='ltr'><strong>epistolam</strong></span> <span class='ocrx_word' id='word_1_19' title='bbox 1807 485 1983 538; x_wconf 71' lang='lat' dir='ltr'><strong>conti~</strong></span> 
     </span>
    </p>
   </div>
   <div class='ocr_carea' id='block_1_4' title="bbox 406 575 1977 646">
    <p class='ocr_par' dir='ltr' id='par_1_4' title="bbox 406 575 1977 646">
     <span class='ocr_line' id='line_1_4' title="bbox 406 575 1977 646; baseline -0.003 -10"><span class='ocrx_word' id='word_1_20' title='bbox 406 590 621 636; x_wconf 77' lang='lat' dir='ltr'><strong>nantem</strong></span> <span class='ocrx_word' id='word_1_21' title='bbox 662 579 773 632; x_wconf 79' lang='lat' dir='ltr'><strong>lucc</strong></span> <span class='ocrx_word' id='word_1_22' title='bbox 802 593 818 638; x_wconf 85' lang='lat'><strong>:</strong></span> <span class='ocrx_word' id='word_1_23' title='bbox 847 576 1102 632; x_wconf 88' lang='lat' dir='ltr'><strong>Claudius</strong></span> <span class='ocrx_word' id='word_1_24' title='bbox 1125 575 1314 646; x_wconf 83' lang='lat' dir='ltr'><strong>Lysias</strong></span> <span class='ocrx_word' id='word_1_25' title='bbox 1339 575 1542 644; x_wconf 90' lang='lat' dir='ltr'><strong>optimo</strong></span> <span class='ocrx_word' id='word_1_26' title='bbox 1568 575 1780 644; x_wconf 74' lang='lat' dir='ltr'><strong>praesidi</strong></span> <span class='ocrx_word' id='word_1_27' title='bbox 1813 575 1977 631; x_wconf 83' lang='lat' dir='ltr'><strong>Felici</strong></span> 
     </span>
    </p>
   </div>
   <div class='ocr_carea' id='block_1_5' title="bbox 404 666 1976 736">
    <p class='ocr_par' dir='ltr' id='par_1_5' title="bbox 404 666 1976 736">
     <span class='ocr_line' id='line_1_5' title="bbox 404 666 1976 736; baseline -0.002 -11"><span class='ocrx_word' id='word_1_28' title='bbox 404 673 646 726; x_wconf 88' lang='lat' dir='ltr'><strong>salutem.</strong></span> <span class='ocrx_word' id='word_1_29' title='bbox 678 669 771 724; x_wconf 74' lang='lat'><strong>27.</strong></span> <span class='ocrx_word' id='word_1_30' title='bbox 800 667 984 723; x_wconf 84' lang='lat' dir='ltr'><strong>Virum</strong></span> <span class='ocrx_word' id='word_1_31' title='bbox 1032 666 1172 721; x_wconf 89' lang='lat' dir='ltr'><strong>hunc</strong></span> <span class='ocrx_word' id='word_1_32' title='bbox 1223 666 1669 734; x_wconf 85' lang='lat' dir='ltr'><strong>comprehensum</strong></span> <span class='ocrx_word' id='word_1_33' title='bbox 1696 682 1727 720; x_wconf 89' lang='lat' dir='ltr'><strong>a</strong></span> <span class='ocrx_word' id='word_1_34' title='bbox 1755 667 1976 736; x_wconf 73' lang='lat' dir='ltr'><strong>Judzcis,</strong></span> 
     </span>
    </p>
   </div>
   <div class='ocr_carea' id='block_1_6' title="bbox 402 759 1976 832">
    <p class='ocr_par' dir='ltr' id='par_1_6' title="bbox 402 759 1976 832">
     <span class='ocr_line' id='line_1_6' title="bbox 402 759 1976 832; baseline -0.004 -13"><span class='ocrx_word' id='word_1_35' title='bbox 402 775 455 819; x_wconf 92' lang='lat' dir='ltr'><strong>et</strong></span> <span class='ocrx_word' id='word_1_36' title='bbox 501 763 840 832; x_wconf 77' lang='lat' dir='ltr'><strong>incipientem</strong></span> <span class='ocrx_word' id='word_1_37' title='bbox 889 759 1118 817; x_wconf 82' lang='lat' dir='ltr'><strong>interfici</strong></span> <span class='ocrx_word' id='word_1_38' title='bbox 1170 759 1238 813; x_wconf 89' lang='lat' dir='ltr'><strong>ab</strong></span> <span class='ocrx_word' id='word_1_39' title='bbox 1292 760 1392 824; x_wconf 91' lang='lat' dir='ltr'><strong>eis,</strong></span> <span class='ocrx_word' id='word_1_40' title='bbox 1442 760 1826 828; x_wconf 80' lang='lat' dir='ltr'><strong>superveniens</strong></span> <span class='ocrx_word' id='word_1_41' title='bbox 1857 775 1976 814; x_wconf 90' lang='lat' dir='ltr'><strong>cum</strong></span> 
     </span>
    </p>
   </div>
   <div class='ocr_carea' id='block_1_7' title="bbox 402 852 1977 924">
    <p class='ocr_par' dir='ltr' id='par_1_7' title="bbox 402 852 1977 924">
     <span class='ocr_line' id='line_1_7' title="bbox 402 852 1977 924; baseline -0.003 -14"><span class='ocrx_word' id='word_1_42' title='bbox 402 856 644 911; x_wconf 78' lang='lat' dir='ltr'><strong>exercitu</strong></span> <span class='ocrx_word' id='word_1_43' title='bbox 698 854 900 924; x_wconf 89' lang='lat' dir='ltr'><strong>eripui,</strong></span> <span class='ocrx_word' id='word_1_44' title='bbox 943 853 1160 924; x_wconf 80' lang='lat' dir='ltr'><strong>cognito</strong></span> <span class='ocrx_word' id='word_1_45' title='bbox 1181 853 1324 922; x_wconf 90' lang='lat' dir='ltr'><strong>quod</strong></span> <span class='ocrx_word' id='word_1_46' title='bbox 1365 852 1640 908; x_wconf 83' lang='lat' dir='ltr'><strong>Romanus</strong></span> <span class='ocrx_word' id='word_1_47' title='bbox 1665 862 1848 915; x_wconf 87' lang='lat' dir='ltr'><strong>esset;</strong></span> <span class='ocrx_word' id='word_1_48' title='bbox 1887 853 1977 910; x_wconf 77' lang='lat'><strong>28.</strong></span> 
     </span>
    </p>
   </div>
   <div class='ocr_carea' id='block_1_8' title="bbox 403 944 1980 1017">
    <p class='ocr_par' dir='ltr' id='par_1_8' title="bbox 403 944 1980 1017">
     <span class='ocr_line' id='line_1_8' title="bbox 403 944 1980 1017; baseline 0.001 -18"><span class='ocrx_word' id='word_1_49' title='bbox 403 947 690 1017; x_wconf 88' lang='lat' dir='ltr'><strong>volensque</strong></span> <span class='ocrx_word' id='word_1_50' title='bbox 710 947 850 1002; x_wconf 89' lang='lat' dir='ltr'><strong>scire</strong></span> <span class='ocrx_word' id='word_1_51' title='bbox 878 959 1118 1010; x_wconf 90' lang='lat' dir='ltr'><strong>causam,</strong></span> <span class='ocrx_word' id='word_1_52' title='bbox 1143 960 1300 1014; x_wconf 87' lang='lat' dir='ltr'><strong>quam</strong></span> <span class='ocrx_word' id='word_1_53' title='bbox 1322 944 1646 1014; x_wconf 88' lang='lat' dir='ltr'><strong>objiciehant</strong></span> <span class='ocrx_word' id='word_1_54' title='bbox 1664 945 1765 1011; x_wconf 91' lang='lat' dir='ltr'><strong>illi,</strong></span> <span class='ocrx_word' id='word_1_55' title='bbox 1785 945 1980 1000; x_wconf 77' lang='lat' dir='ltr'><strong>deduxi</strong></span> 
     </span>
    </p>
   </div>
   <div class='ocr_carea' id='block_1_9' title="bbox 400 1036 1975 1106">
    <p class='ocr_par' dir='ltr' id='par_1_9' title="bbox 400 1036 1975 1106">
     <span class='ocr_line' id='line_1_9' title="bbox 400 1036 1975 1106; baseline -0.003 -11"><span class='ocrx_word' id='word_1_56' title='bbox 400 1055 522 1095; x_wconf 88' lang='lat' dir='ltr'><strong>eum</strong></span> <span class='ocrx_word' id='word_1_57' title='bbox 550 1041 603 1094; x_wconf 93' lang='lat' dir='ltr'><strong>in</strong></span> <span class='ocrx_word' id='word_1_58' title='bbox 632 1040 921 1095; x_wconf 89' lang='lat' dir='ltr'><strong>concilium</strong></span> <span class='ocrx_word' id='word_1_59' title='bbox 951 1053 1162 1094; x_wconf 87' lang='lat' dir='ltr'><strong>corum.</strong></span> <span class='ocrx_word' id='word_1_60' title='bbox 1203 1036 1295 1091; x_wconf 77' lang='grc'><strong>29.</strong></span> <span class='ocrx_word' id='word_1_61' title='bbox 1329 1036 1499 1104; x_wconf 85' lang='lat' dir='ltr'><strong>Quem</strong></span> <span class='ocrx_word' id='word_1_62' title='bbox 1545 1037 1786 1106; x_wconf 84' lang='lat' dir='ltr'><strong>comperi</strong></span> <span class='ocrx_word' id='word_1_63' title='bbox 1817 1051 1975 1092; x_wconf 89' lang='lat' dir='ltr'><strong>accn-</strong></span> 
     </span>
    </p>
   </div>
   <div class='ocr_carea' id='block_1_10' title="bbox 401 1127 1975 1201">
    <p class='ocr_par' dir='ltr' id='par_1_10' title="bbox 401 1127 1975 1201">
     <span class='ocr_line' id='line_1_10' title="bbox 401 1127 1975 1201; baseline -0.004 -14"><span class='ocrx_word' id='word_1_64' title='bbox 401 1132 507 1187; x_wconf 89' lang='lat' dir='ltr'><strong>sari</strong></span> <span class='ocrx_word' id='word_1_65' title='bbox 545 1132 615 1186; x_wconf 90' lang='lat' dir='ltr'><strong>de</strong></span> <span class='ocrx_word' id='word_1_66' title='bbox 649 1129 1032 1201; x_wconf 68' lang='lat' dir='ltr'><strong>quaestionibus</strong></span> <span class='ocrx_word' id='word_1_67' title='bbox 1070 1128 1202 1198; x_wconf 81' lang='lat' dir='ltr'><strong>legis</strong></span> <span class='ocrx_word' id='word_1_68' title='bbox 1248 1128 1524 1197; x_wconf 86' lang='lat' dir='ltr'><strong>ipsorum,</strong></span> <span class='ocrx_word' id='word_1_69' title='bbox 1555 1128 1684 1182; x_wconf 85' lang='lat' dir='ltr'><strong>nihil</strong></span> <span class='ocrx_word' id='word_1_70' title='bbox 1730 1143 1858 1182; x_wconf 88' lang='lat' dir='ltr'><strong>vero</strong></span> <span class='ocrx_word' id='word_1_71' title='bbox 1895 1127 1975 1181; x_wconf 89' lang='lat' dir='ltr'><strong>di-</strong></span> 
     </span>
    </p>
   </div>
   <div class='ocr_carea' id='block_1_11' title="bbox 401 1218 1982 1293">
    <p class='ocr_par' dir='ltr' id='par_1_11' title="bbox 401 1218 1982 1293">
     <span class='ocr_line' id='line_1_11' title="bbox 401 1218 1982 1293; baseline -0.003 -17"><span class='ocrx_word' id='word_1_72' title='bbox 401 1239 562 1293; x_wconf 83' lang='lat' dir='ltr'><strong>gnum</strong></span> <span class='ocrx_word' id='word_1_73' title='bbox 594 1230 774 1277; x_wconf 88' lang='lat' dir='ltr'><strong>morte</strong></span> <span class='ocrx_word' id='word_1_74' title='bbox 801 1229 893 1275; x_wconf 89' lang='lat' dir='ltr'><strong>aut</strong></span> <span class='ocrx_word' id='word_1_75' title='bbox 920 1219 1147 1274; x_wconf 83' lang='lat' dir='ltr'><strong>vinculis</strong></span> <span class='ocrx_word' id='word_1_76' title='bbox 1179 1219 1461 1274; x_wconf 75' lang='lat' dir='ltr'><strong>habentem</strong></span> <span class='ocrx_word' id='word_1_77' title='bbox 1492 1219 1757 1274; x_wconf 82' lang='lat' dir='ltr'><strong>criminis.</strong></span> <span class='ocrx_word' id='word_1_78' title='bbox 1793 1218 1882 1274; x_wconf 76' lang='lat'><strong>50.</strong></span> <span class='ocrx_word' id='word_1_79' title='bbox 1915 1219 1982 1273; x_wconf 88' lang='lat' dir='ltr'><strong>Et</strong></span> 
     </span>
    </p>
   </div>
   <div class='ocr_carea' id='block_1_12' title="bbox 401 1311 1974 1382">
    <p class='ocr_par' dir='ltr' id='par_1_12' title="bbox 401 1311 1974 1382">
     <span class='ocr_line' id='line_1_12' title="bbox 401 1311 1974 1382; baseline -0.001 -14"><span class='ocrx_word' id='word_1_80' title='bbox 401 1329 520 1368; x_wconf 90' lang='lat' dir='ltr'><strong>cum</strong></span> <span class='ocrx_word' id='word_1_81' title='bbox 550 1314 680 1367; x_wconf 82' lang='lat' dir='ltr'><strong>mihi</strong></span> <span class='ocrx_word' id='word_1_82' title='bbox 731 1314 995 1382; x_wconf 88' lang='lat' dir='ltr'><strong>perlatum</strong></span> <span class='ocrx_word' id='word_1_83' title='bbox 1043 1320 1188 1368; x_wconf 88' lang='lat' dir='ltr'><strong>esset</strong></span> <span class='ocrx_word' id='word_1_84' title='bbox 1216 1311 1284 1366; x_wconf 89' lang='lat' dir='ltr'><strong>de</strong></span> <span class='ocrx_word' id='word_1_85' title='bbox 1319 1311 1526 1366; x_wconf 84' lang='lat' dir='ltr'><strong>insidiis</strong></span> <span class='ocrx_word' id='word_1_86' title='bbox 1546 1353 1561 1377; x_wconf 96' lang='lat'><strong>,</strong></span> <span class='ocrx_word' id='word_1_87' title='bbox 1593 1326 1727 1381; x_wconf 89' lang='lat' dir='ltr'><strong>quas</strong></span> <span class='ocrx_word' id='word_1_88' title='bbox 1751 1327 1974 1382; x_wconf 74' lang='lat' dir='ltr'><strong>parave-</strong></span> 
     </span>
    </p>
   </div>
   <div class='ocr_carea' id='block_1_13' title="bbox 403 1400 1980 1470">
    <p class='ocr_par' dir='ltr' id='par_1_13' title="bbox 403 1400 1980 1470">
     <span class='ocr_line' id='line_1_13' title="bbox 403 1400 1980 1470; baseline -0.001 -12"><span class='ocrx_word' id='word_1_89' title='bbox 403 1413 522 1458; x_wconf 88' lang='lat' dir='ltr'><strong>rant</strong></span> <span class='ocrx_word' id='word_1_90' title='bbox 548 1404 621 1457; x_wconf 92' lang='lat' dir='ltr'><strong>illi</strong></span> <span class='ocrx_word' id='word_1_91' title='bbox 650 1403 842 1470; x_wconf 73' lang='lat' dir='ltr'><strong>Judwi,</strong></span> <span class='ocrx_word' id='word_1_92' title='bbox 889 1403 1009 1456; x_wconf 89' lang='lat' dir='ltr'><strong>misi</strong></span> <span class='ocrx_word' id='word_1_93' title='bbox 1038 1417 1161 1457; x_wconf 90' lang='lat' dir='ltr'><strong>cum</strong></span> <span class='ocrx_word' id='word_1_94' title='bbox 1183 1401 1249 1455; x_wconf 92' lang='lat' dir='ltr'><strong>ad</strong></span> <span class='ocrx_word' id='word_1_95' title='bbox 1279 1409 1350 1466; x_wconf 88' lang='lat' dir='ltr'><strong>te,</strong></span> <span class='ocrx_word' id='word_1_96' title='bbox 1393 1400 1708 1470; x_wconf 78' lang='lat' dir='ltr'><strong>praecipiens</strong></span> <span class='ocrx_word' id='word_1_97' title='bbox 1755 1417 1980 1456; x_wconf 83' lang='lat' dir='ltr'><strong>accusa-</strong></span> 
     </span>
    </p>
   </div>
   <div class='ocr_carea' id='block_1_14' title="bbox 403 1491 1977 1564">
    <p class='ocr_par' dir='ltr' id='par_1_14' title="bbox 403 1491 1977 1564">
     <span class='ocr_line' id='line_1_14' title="bbox 403 1491 1977 1564; baseline -0.003 -14"><span class='ocrx_word' id='word_1_98' title='bbox 403 1495 626 1557; x_wconf 84' lang='lat' dir='ltr'><strong>toribus,</strong></span> <span class='ocrx_word' id='word_1_99' title='bbox 655 1503 712 1549; x_wconf 93' lang='lat' dir='ltr'><strong>ut</strong></span> <span class='ocrx_word' id='word_1_100' title='bbox 732 1510 850 1564; x_wconf 72' lang='lat' dir='ltr'><strong>qtae</strong></span> <span class='ocrx_word' id='word_1_101' title='bbox 875 1504 1059 1548; x_wconf 89' lang='lat' dir='ltr'><strong>contra</strong></span> <span class='ocrx_word' id='word_1_102' title='bbox 1092 1492 1238 1547; x_wconf 92' lang='lat' dir='ltr'><strong>illum</strong></span> <span class='ocrx_word' id='word_1_103' title='bbox 1266 1491 1483 1556; x_wconf 82' lang='lat' dir='ltr'><strong>habent,</strong></span> <span class='ocrx_word' id='word_1_104' title='bbox 1509 1491 1689 1545; x_wconf 89' lang='lat' dir='ltr'><strong>dicant</strong></span> <span class='ocrx_word' id='word_1_105' title='bbox 1717 1491 1856 1561; x_wconf 89' lang='lat' dir='ltr'><strong>apud</strong></span> <span class='ocrx_word' id='word_1_106' title='bbox 1885 1500 1937 1546; x_wconf 89' lang='lat' dir='ltr'><strong>te</strong></span> <span class='ocrx_word' id='word_1_107' title='bbox 1963 1508 1977 1546; x_wconf 88' lang='lat'><strong>:</strong></span> 
     </span>
    </p>
   </div>
   <div class='ocr_carea' id='block_1_15' title="bbox 408 1583 1983 1655">
    <p class='ocr_par' dir='ltr' id='par_1_15' title="bbox 408 1583 1983 1655">
     <span class='ocr_line' id='line_1_15' title="bbox 408 1583 1983 1655; baseline -0.001 -16"><span class='ocrx_word' id='word_1_108' title='bbox 408 1587 556 1642; x_wconf 83' lang='lat' dir='ltr'><strong>Vale.</strong></span> <span class='ocrx_word' id='word_1_109' title='bbox 591 1605 611 1638; x_wconf 73' lang='grc' dir='ltr'><strong>ι</strong></span> <span class='ocrx_word' id='word_1_110' title='bbox 649 1586 778 1640; x_wconf 81' lang='lat' dir='ltr'><strong>Vide</strong></span> <span class='ocrx_word' id='word_1_111' title='bbox 821 1585 1099 1655; x_wconf 75' lang='lat' dir='ltr'><strong>epistolam</strong></span> <span class='ocrx_word' id='word_1_112' title='bbox 1147 1599 1251 1652; x_wconf 91' lang='lat' dir='ltr'><strong>qua</strong></span> <span class='ocrx_word' id='word_1_113' title='bbox 1299 1584 1414 1650; x_wconf 90' lang='lat' dir='ltr'><strong>ipse</strong></span> <span class='ocrx_word' id='word_1_114' title='bbox 1450 1583 1775 1639; x_wconf 79' lang='lat' dir='ltr'><strong>defenditur.</strong></span> <span class='ocrx_word' id='word_1_115' title='bbox 1808 1584 1983 1655; x_wconf 84' lang='lat' dir='ltr'><strong>(Nihil</strong></span> 
     </span>
    </p>
   </div>
   <div class='ocr_carea' id='block_1_16' title="bbox 399 1673 1978 1747">
    <p class='ocr_par' dir='ltr' id='par_1_16' title="bbox 399 1673 1978 1747">
     <span class='ocr_line' id='line_1_16' title="bbox 399 1673 1978 1747; baseline -0.001 -14"><span class='ocrx_word' id='word_1_116' title='bbox 399 1679 563 1741; x_wconf 85' lang='lat' dir='ltr'><strong>enim,</strong></span> <span class='ocrx_word' id='word_1_117' title='bbox 607 1677 795 1747; x_wconf 78' lang='lat' dir='ltr'><strong>inquit,</strong></span> <span class='ocrx_word' id='word_1_118' title='bbox 827 1676 994 1729; x_wconf 83' lang='lat' dir='ltr'><strong>inveni</strong></span> <span class='ocrx_word' id='word_1_119' title='bbox 1041 1675 1250 1746; x_wconf 75' lang='lat' dir='ltr'><strong>dignum</strong></span> <span class='ocrx_word' id='word_1_120' title='bbox 1288 1683 1448 1729; x_wconf 88' lang='lat' dir='ltr'><strong>morte</strong></span> <span class='ocrx_word' id='word_1_121' title='bbox 1492 1673 1837 1744; x_wconf 84' lang='lat' dir='ltr'><strong>habentem);</strong></span> <span class='ocrx_word' id='word_1_122' title='bbox 1885 1690 1978 1730; x_wconf 88' lang='lat' dir='ltr'><strong>ac-</strong></span> 
     </span>
    </p>
   </div>
   <div class='ocr_carea' id='block_1_17' title="bbox 399 1764 1977 1835">
    <p class='ocr_par' dir='ltr' id='par_1_17' title="bbox 399 1764 1977 1835">
     <span class='ocr_line' id='line_1_17' title="bbox 399 1764 1977 1835; baseline -0.001 -13"><span class='ocrx_word' id='word_1_123' title='bbox 399 1769 726 1823; x_wconf 85' lang='lat' dir='ltr'><strong>cusationem</strong></span> <span class='ocrx_word' id='word_1_124' title='bbox 770 1773 949 1820; x_wconf 89' lang='lat' dir='ltr'><strong>autem</strong></span> <span class='ocrx_word' id='word_1_125' title='bbox 996 1766 1170 1835; x_wconf 80' lang='lat' dir='ltr'><strong>potius</strong></span> <span class='ocrx_word' id='word_1_126' title='bbox 1216 1773 1401 1820; x_wconf 91' lang='lat' dir='ltr'><strong>contra</strong></span> <span class='ocrx_word' id='word_1_127' title='bbox 1426 1764 1569 1833; x_wconf 90' lang='lat' dir='ltr'><strong>illos,</strong></span> <span class='ocrx_word' id='word_1_128' title='bbox 1601 1780 1758 1834; x_wconf 89' lang='lat' dir='ltr'><strong>quam</strong></span> <span class='ocrx_word' id='word_1_129' title='bbox 1789 1773 1977 1820; x_wconf 88' lang='lat' dir='ltr'><strong>contra</strong></span> 
     </span>
    </p>
   </div>
   <div class='ocr_carea' id='block_1_18' title="bbox 402 1854 1978 1925">
    <p class='ocr_par' dir='ltr' id='par_1_18' title="bbox 402 1854 1978 1925">
     <span class='ocr_line' id='line_1_18' title="bbox 402 1854 1978 1925; baseline -0.001 -13"><span class='ocrx_word' id='word_1_130' title='bbox 402 1860 560 1920; x_wconf 83' lang='lat' dir='ltr'><strong>hunc.</strong></span> <span class='ocrx_word' id='word_1_131' title='bbox 609 1857 698 1912; x_wconf 91' lang='lat' dir='ltr'><strong>Sic</strong></span> <span class='ocrx_word' id='word_1_132' title='bbox 721 1856 871 1911; x_wconf 91' lang='lat' dir='ltr'><strong>illum</strong></span> <span class='ocrx_word' id='word_1_133' title='bbox 900 1855 1249 1923; x_wconf 88' lang='lat' dir='ltr'><strong>occidebant,</strong></span> <span class='ocrx_word' id='word_1_134' title='bbox 1273 1855 1366 1910; x_wconf 89' lang='lat' dir='ltr'><strong>sed</strong></span> <span class='ocrx_word' id='word_1_135' title='bbox 1407 1854 1580 1925; x_wconf 88' lang='lat' dir='ltr'><strong>primo</strong></span> <span class='ocrx_word' id='word_1_136' title='bbox 1598 1895 1612 1920; x_wconf 95' lang='lat'><strong>,</strong></span> <span class='ocrx_word' id='word_1_137' title='bbox 1641 1856 1806 1924; x_wconf 91' lang='lat' dir='ltr'><strong>inquit</strong></span> <span class='ocrx_word' id='word_1_138' title='bbox 1830 1897 1845 1922; x_wconf 93' lang='lat'><strong>,</strong></span> <span class='ocrx_word' id='word_1_139' title='bbox 1869 1855 1978 1910; x_wconf 87' lang='lat' dir='ltr'><strong>eri-</strong></span> 
     </span>
    </p>
   </div>
   <div class='ocr_carea' id='block_1_19' title="bbox 403 1946 1976 2019">
    <p class='ocr_par' dir='ltr' id='par_1_19' title="bbox 403 1946 1976 2019">
     <span class='ocr_line' id='line_1_19' title="bbox 403 1946 1976 2019; baseline 0 -17"><span class='ocrx_word' id='word_1_140' title='bbox 403 1951 489 2019; x_wconf 88' lang='lat' dir='ltr'><strong>pui</strong></span> <span class='ocrx_word' id='word_1_141' title='bbox 519 1950 664 2003; x_wconf 91' lang='lat' dir='ltr'><strong>illum</strong></span> <span class='ocrx_word' id='word_1_142' title='bbox 701 1964 826 2002; x_wconf 80' lang='lat' dir='ltr'><strong>mox</strong></span> <span class='ocrx_word' id='word_1_143' title='bbox 855 1946 1278 2002; x_wconf 75' lang='lat' dir='ltr'><strong>interficiendum</strong></span> <span class='ocrx_word' id='word_1_144' title='bbox 1314 1962 1344 2000; x_wconf 89' lang='lat' dir='ltr'><strong>a</strong></span> <span class='ocrx_word' id='word_1_145' title='bbox 1378 1946 1592 2002; x_wconf 69' lang='lat' dir='ltr'><strong>Judreis.</strong></span> <span class='ocrx_word' id='word_1_146' title='bbox 1631 1947 1828 2002; x_wconf 90' lang='lat' dir='ltr'><strong>Deinde</strong></span> <span class='ocrx_word' id='word_1_147' title='bbox 1879 1946 1976 2002; x_wconf 85' lang='lat' dir='ltr'><strong>ad-</strong></span> 
     </span>
    </p>
   </div>
   <div class='ocr_carea' id='block_1_20' title="bbox 403 2036 1978 2108">
    <p class='ocr_par' dir='ltr' id='par_1_20' title="bbox 403 2036 1978 2108">
     <span class='ocr_line' id='line_1_20' title="bbox 403 2036 1978 2108; baseline 0 -15"><span class='ocrx_word' id='word_1_148' title='bbox 403 2039 522 2094; x_wconf 87' lang='lat' dir='ltr'><strong>dit:</strong></span> <span class='ocrx_word' id='word_1_149' title='bbox 553 2037 756 2092; x_wconf 78' lang='lat' dir='ltr'><strong>Deduxi</strong></span> <span class='ocrx_word' id='word_1_150' title='bbox 785 2054 896 2091; x_wconf 86' lang='lat' dir='ltr'><strong>eum</strong></span> <span class='ocrx_word' id='word_1_151' title='bbox 924 2037 991 2090; x_wconf 87' lang='lat' dir='ltr'><strong>ad</strong></span> <span class='ocrx_word' id='word_1_152' title='bbox 1041 2036 1188 2100; x_wconf 87' lang='lat' dir='ltr'><strong>illos;</strong></span> <span class='ocrx_word' id='word_1_153' title='bbox 1223 2045 1279 2091; x_wconf 91' lang='lat' dir='ltr'><strong>et</strong></span> <span class='ocrx_word' id='word_1_154' title='bbox 1319 2051 1492 2106; x_wconf 90' lang='lat' dir='ltr'><strong>neque</strong></span> <span class='ocrx_word' id='word_1_155' title='bbox 1537 2037 1616 2094; x_wconf 88' lang='lat' dir='ltr'><strong>sic</strong></span> <span class='ocrx_word' id='word_1_156' title='bbox 1660 2036 1736 2091; x_wconf 92' lang='lat' dir='ltr'><strong>illi</strong></span> <span class='ocrx_word' id='word_1_157' title='bbox 1779 2036 1978 2108; x_wconf 90' lang='lat' dir='ltr'><strong>aliquid</strong></span> 
     </span>
    </p>
   </div>
   <div class='ocr_carea' id='block_1_21' title="bbox 399 2129 1980 2199">
    <p class='ocr_par' dir='ltr' id='par_1_21' title="bbox 399 2129 1980 2199">
     <span class='ocr_line' id='line_1_21' title="bbox 399 2129 1980 2199; baseline -0.001 -12"><span class='ocrx_word' id='word_1_158' title='bbox 399 2131 756 2187; x_wconf 91' lang='lat' dir='ltr'><strong>accusandum</strong></span> <span class='ocrx_word' id='word_1_159' title='bbox 809 2131 1161 2185; x_wconf 77' lang='lat' dir='ltr'><strong>habuerczet</strong></span> <span class='ocrx_word' id='word_1_160' title='bbox 1209 2145 1329 2184; x_wconf 90' lang='lat' dir='ltr'><strong>cum</strong></span> <span class='ocrx_word' id='word_1_161' title='bbox 1372 2129 1696 2199; x_wconf 86' lang='lat' dir='ltr'><strong>oportuisset</strong></span> <span class='ocrx_word' id='word_1_162' title='bbox 1749 2129 1870 2184; x_wconf 91' lang='lat' dir='ltr'><strong>illos</strong></span> <span class='ocrx_word' id='word_1_163' title='bbox 1911 2145 1980 2185; x_wconf 76' lang='lat' dir='ltr'><strong>ex</strong></span> 
     </span>
    </p>
   </div>
   <div class='ocr_carea' id='block_1_22' title="bbox 407 2220 1979 2291">
    <p class='ocr_par' dir='ltr' id='par_1_22' title="bbox 407 2220 1979 2291">
     <span class='ocr_line' id='line_1_22' title="bbox 407 2220 1979 2291; baseline -0.001 -15"><span class='ocrx_word' id='word_1_164' title='bbox 407 2222 570 2291; x_wconf 91' lang='lat' dir='ltr'><strong>priori</strong></span> <span class='ocrx_word' id='word_1_165' title='bbox 598 2228 792 2275; x_wconf 90' lang='lat' dir='ltr'><strong>conatu</strong></span> <span class='ocrx_word' id='word_1_166' title='bbox 845 2221 1105 2274; x_wconf 90' lang='lat' dir='ltr'><strong>deterreri</strong></span> <span class='ocrx_word' id='word_1_167' title='bbox 1137 2229 1191 2274; x_wconf 91' lang='lat' dir='ltr'><strong>et</strong></span> <span class='ocrx_word' id='word_1_168' title='bbox 1221 2221 1562 2285; x_wconf 82' lang='lat' dir='ltr'><strong>erubescere,</strong></span> <span class='ocrx_word' id='word_1_169' title='bbox 1608 2234 1795 2275; x_wconf 88' lang='lat' dir='ltr'><strong>rursus</strong></span> <span class='ocrx_word' id='word_1_170' title='bbox 1829 2220 1979 2275; x_wconf 87' lang='lat' dir='ltr'><strong>occi-</strong></span> 
     </span>
    </p>
   </div>
   <div class='ocr_carea' id='block_1_23' title="bbox 401 2310 1978 2375">
    <p class='ocr_par' dir='ltr' id='par_1_23' title="bbox 401 2310 1978 2375">
     <span class='ocr_line' id='line_1_23' title="bbox 401 2310 1978 2375; baseline 0 -9"><span class='ocrx_word' id='word_1_171' title='bbox 401 2312 532 2366; x_wconf 76' lang='lat' dir='ltr'><strong>dere</strong></span> <span class='ocrx_word' id='word_1_172' title='bbox 560 2319 802 2375; x_wconf 89' lang='lat' dir='ltr'><strong>tentant,</strong></span> <span class='ocrx_word' id='word_1_173' title='bbox 844 2319 900 2364; x_wconf 91' lang='lat' dir='ltr'><strong>ut</strong></span> <span class='ocrx_word' id='word_1_174' title='bbox 942 2311 1138 2365; x_wconf 89' lang='lat' dir='ltr'><strong>clarior</strong></span> <span class='ocrx_word' id='word_1_175' title='bbox 1180 2325 1341 2366; x_wconf 90' lang='lat' dir='ltr'><strong>causa</strong></span> <span class='ocrx_word' id='word_1_176' title='bbox 1387 2311 1527 2366; x_wconf 86' lang='lat' dir='ltr'><strong>illius</strong></span> <span class='ocrx_word' id='word_1_177' title='bbox 1553 2310 1765 2368; x_wconf 84' lang='lat' dir='ltr'><strong>evadat.</strong></span> <span class='ocrx_word' id='word_1_178' title='bbox 1794 2310 1862 2366; x_wconf 82' lang='lat' dir='ltr'><strong>Et</strong></span> <span class='ocrx_word' id='word_1_179' title='bbox 1884 2326 1978 2366; x_wconf 89' lang='lat' dir='ltr'><strong>cur</strong></span> 
     </span>
    </p>
   </div>
   <div class='ocr_carea' id='block_1_24' title="bbox 400 2402 1980 2468">
    <p class='ocr_par' dir='ltr' id='par_1_24' title="bbox 400 2402 1980 2468">
     <span class='ocr_line' id='line_1_24' title="bbox 400 2402 1980 2468; baseline 0 -11"><span class='ocrx_word' id='word_1_180' title='bbox 400 2412 738 2458; x_wconf 85' lang='lat' dir='ltr'><strong>accusatores</strong></span> <span class='ocrx_word' id='word_1_181' title='bbox 765 2403 925 2457; x_wconf 80' lang='lat' dir='ltr'><strong>mittit</strong></span> <span class='ocrx_word' id='word_1_182' title='bbox 951 2404 974 2457; x_wconf 87' lang='lat'><strong>?</strong></span> <span class='ocrx_word' id='word_1_183' title='bbox 1004 2402 1071 2458; x_wconf 90' lang='lat' dir='ltr'><strong>Ut</strong></span> <span class='ocrx_word' id='word_1_184' title='bbox 1109 2404 1160 2457; x_wconf 91' lang='lat' dir='ltr'><strong>in</strong></span> <span class='ocrx_word' id='word_1_185' title='bbox 1191 2403 1463 2468; x_wconf 86' lang='lat' dir='ltr'><strong>tribunali,</strong></span> <span class='ocrx_word' id='word_1_186' title='bbox 1496 2403 1582 2458; x_wconf 88' lang='lat' dir='ltr'><strong>ubi</strong></span> <span class='ocrx_word' id='word_1_187' title='bbox 1611 2402 1724 2457; x_wconf 80' lang='lat' dir='ltr'><strong>haec</strong></span> <span class='ocrx_word' id='word_1_188' title='bbox 1763 2418 1980 2458; x_wconf 87' lang='lat' dir='ltr'><strong>accura-</strong></span> 
     </span>
    </p>
   </div>
   <div class='ocr_carea' id='block_1_25' title="bbox 401 2494 1976 2564">
    <p class='ocr_par' dir='ltr' id='par_1_25' title="bbox 401 2494 1976 2564">
     <span class='ocr_line' id='line_1_25' title="bbox 401 2494 1976 2564; baseline 0.001 -17"><span class='ocrx_word' id='word_1_189' title='bbox 401 2496 504 2548; x_wconf 90' lang='lat' dir='ltr'><strong>tius</strong></span> <span class='ocrx_word' id='word_1_190' title='bbox 525 2495 991 2561; x_wconf 83' lang='lat' dir='ltr'><strong>examinabantur,</strong></span> <span class='ocrx_word' id='word_1_191' title='bbox 1041 2495 1224 2549; x_wconf 90' lang='lat' dir='ltr'><strong>insons</strong></span> <span class='ocrx_word' id='word_1_192' title='bbox 1250 2494 1636 2550; x_wconf 84' lang='lat' dir='ltr'><strong>declararetur.</strong></span> <span class='ocrx_word' id='word_1_193' title='bbox 1670 2494 1776 2550; x_wconf 86' lang='lat' dir='ltr'><strong>Sed</strong></span> <span class='ocrx_word' id='word_1_194' title='bbox 1803 2509 1976 2564; x_wconf 80' lang='lat' dir='ltr'><strong>supc—</strong></span> 
     </span>
    </p>
   </div>
   <div class='ocr_carea' id='block_1_26' title="bbox 401 2586 1968 2658">
    <p class='ocr_par' dir='ltr' id='par_1_26' title="bbox 401 2586 1968 2658">
     <span class='ocr_line' id='line_1_26' title="bbox 401 2586 1968 2658; baseline 0 -17"><span class='ocrx_word' id='word_1_195' title='bbox 401 2587 510 2642; x_wconf 88' lang='lat' dir='ltr'><strong>rius</strong></span> <span class='ocrx_word' id='word_1_196' title='bbox 539 2587 677 2642; x_wconf 89' lang='lat' dir='ltr'><strong>dicta</strong></span> <span class='ocrx_word' id='word_1_197' title='bbox 705 2598 1029 2658; x_wconf 85' lang='lat' dir='ltr'><strong>repetamus.</strong></span> <span class='ocrx_word' id='word_1_198' title='bbox 1073 2587 1206 2658; x_wconf 88' lang='lat' dir='ltr'><strong>Ego,</strong></span> <span class='ocrx_word' id='word_1_199' title='bbox 1252 2587 1443 2658; x_wconf 91' lang='lat' dir='ltr'><strong>inquit,</strong></span> <span class='ocrx_word' id='word_1_200' title='bbox 1495 2586 1790 2641; x_wconf 76' lang='lat' dir='ltr'><strong>Pharistzus</strong></span> <span class='ocrx_word' id='word_1_201' title='bbox 1836 2603 1968 2641; x_wconf 84' lang='lat' dir='ltr'><strong>sum.</strong></span> 
     </span>
    </p>
   </div>
   <div class='ocr_carea' id='block_1_27' title="bbox 404 2679 1975 2746">
    <p class='ocr_par' dir='ltr' id='par_1_27' title="bbox 404 2679 1975 2746">
     <span class='ocr_line' id='line_1_27' title="bbox 404 2679 1975 2746; baseline 0.003 -16"><span class='ocrx_word' id='word_1_202' title='bbox 404 2681 513 2736; x_wconf 91' lang='lat' dir='ltr'><strong>lloc</strong></span> <span class='ocrx_word' id='word_1_203' title='bbox 550 2681 704 2742; x_wconf 77' lang='lat' dir='ltr'><strong>dixit.</strong></span> <span class='ocrx_word' id='word_1_204' title='bbox 729 2691 784 2736; x_wconf 90' lang='lat' dir='ltr'><strong>ut</strong></span> <span class='ocrx_word' id='word_1_205' title='bbox 813 2681 934 2736; x_wconf 92' lang='lat' dir='ltr'><strong>illos</strong></span> <span class='ocrx_word' id='word_1_206' title='bbox 982 2680 1293 2736; x_wconf 88' lang='lat' dir='ltr'><strong>attraheret.</strong></span> <span class='ocrx_word' id='word_1_207' title='bbox 1325 2680 1526 2736; x_wconf 90' lang='lat' dir='ltr'><strong>Deinde</strong></span> <span class='ocrx_word' id='word_1_208' title='bbox 1547 2721 1562 2746; x_wconf 97' lang='lat'><strong>,</strong></span> <span class='ocrx_word' id='word_1_209' title='bbox 1608 2695 1675 2736; x_wconf 90' lang='lat' dir='ltr'><strong>ne</strong></span> <span class='ocrx_word' id='word_1_210' title='bbox 1704 2679 1975 2734; x_wconf 84' lang='lat' dir='ltr'><strong>videretur</strong></span> 
     </span>
    </p>
   </div>
   <div class='ocr_carea' id='block_1_28' title="bbox 401 2772 1982 2842">
    <p class='ocr_par' dir='ltr' id='par_1_28' title="bbox 401 2772 1982 2842">
     <span class='ocr_line' id='line_1_28' title="bbox 401 2772 1982 2842; baseline -0.001 -16"><span class='ocrx_word' id='word_1_211' title='bbox 401 2772 643 2840; x_wconf 88' lang='lat' dir='ltr'><strong>adulari,</strong></span> <span class='ocrx_word' id='word_1_212' title='bbox 685 2772 864 2828; x_wconf 83' lang='lat' dir='ltr'><strong>subdit</strong></span> <span class='ocrx_word' id='word_1_213' title='bbox 895 2773 1010 2827; x_wconf 87' lang='lat' dir='ltr'><strong>:De</strong></span> <span class='ocrx_word' id='word_1_214' title='bbox 1055 2789 1148 2842; x_wconf 84' lang='lat' dir='ltr'><strong>spe</strong></span> <span class='ocrx_word' id='word_1_215' title='bbox 1198 2783 1244 2826; x_wconf 88' lang='lat' dir='ltr'><strong>et</strong></span> <span class='ocrx_word' id='word_1_216' title='bbox 1264 2772 1627 2826; x_wconf 86' lang='lat' dir='ltr'><strong>resurrectione</strong></span> <span class='ocrx_word' id='word_1_217' title='bbox 1669 2778 1982 2825; x_wconf 77' lang='lat' dir='ltr'><strong>mortuorum</strong></span> 
     </span>
    </p>
   </div>
   <div class='ocr_carea' id='block_1_29' title="bbox 401 2861 1981 2934">
    <p class='ocr_par' dir='ltr' id='par_1_29' title="bbox 401 2861 1981 2934">
     <span class='ocr_line' id='line_1_29' title="bbox 401 2861 1981 2934; baseline 0.001 -19"><span class='ocrx_word' id='word_1_218' title='bbox 401 2879 492 2934; x_wconf 74' lang='lat' dir='ltr'><strong>ego</strong></span> <span class='ocrx_word' id='word_1_219' title='bbox 518 2864 740 2930; x_wconf 81' lang='lat' dir='ltr'><strong>iudicar.</strong></span> <span class='ocrx_word' id='word_1_220' title='bbox 772 2863 854 2917; x_wconf 86' lang='lat' dir='ltr'><strong>Ab</strong></span> <span class='ocrx_word' id='word_1_221' title='bbox 876 2863 1217 2917; x_wconf 82' lang='lat' dir='ltr'><strong>accusatione</strong></span> <span class='ocrx_word' id='word_1_222' title='bbox 1259 2870 1315 2916; x_wconf 89' lang='lat' dir='ltr'><strong>et</strong></span> <span class='ocrx_word' id='word_1_223' title='bbox 1341 2861 1607 2914; x_wconf 87' lang='lat' dir='ltr'><strong>calumnia</strong></span> <span class='ocrx_word' id='word_1_224' title='bbox 1649 2875 1836 2915; x_wconf 87' lang='lat' dir='ltr'><strong>eorum</strong></span> <span class='ocrx_word' id='word_1_225' title='bbox 1860 2873 1981 2916; x_wconf 88' lang='lat' dir='ltr'><strong>sese</strong></span> 
     </span>
    </p>
   </div>
   <div class='ocr_carea' id='block_1_30' title="bbox 398 2953 1971 3022">
    <p class='ocr_par' dir='ltr' id='par_1_30' title="bbox 398 2953 1971 3022">
     <span class='ocr_line' id='line_1_30' title="bbox 398 2953 1971 3022; baseline -0.004 -10"><span class='ocrx_word' id='word_1_226' title='bbox 398 2955 770 3020; x_wconf 84' lang='lat' dir='ltr'><strong>commendat;</strong></span> <span class='ocrx_word' id='word_1_227' title='bbox 803 2954 1082 3010; x_wconf 65' lang='lat' dir='ltr'><strong>Sadducasi</strong></span> <span class='ocrx_word' id='word_1_228' title='bbox 1131 2968 1360 3022; x_wconf 86' lang='lat' dir='ltr'><strong>namque</strong></span> <span class='ocrx_word' id='word_1_229' title='bbox 1382 2953 1566 3007; x_wconf 90' lang='lat' dir='ltr'><strong>dicunt</strong></span> <span class='ocrx_word' id='word_1_230' title='bbox 1594 2966 1701 3007; x_wconf 93' lang='lat' dir='ltr'><strong>non</strong></span> <span class='ocrx_word' id='word_1_231' title='bbox 1725 2967 1845 3008; x_wconf 89' lang='lat' dir='ltr'><strong>esse</strong></span> <span class='ocrx_word' id='word_1_232' title='bbox 1871 2967 1971 3006; x_wconf 90' lang='lat' dir='ltr'><strong>an-</strong></span> 
     </span>
    </p>
   </div>
   <div class='ocr_carea' id='block_1_31' title="bbox 399 3041 1982 3120">
    <p class='ocr_par' dir='ltr' id='par_1_31' title="bbox 399 3041 1982 3120">
     <span class='ocr_line' id='line_1_31' title="bbox 399 3041 1982 3120; baseline -0.004 -17"><span class='ocrx_word' id='word_1_233' title='bbox 399 3049 577 3120; x_wconf 82' lang='lat' dir='ltr'><strong>gelum</strong></span> <span class='ocrx_word' id='word_1_234' title='bbox 604 3089 619 3113; x_wconf 93' lang='lat'><strong>,</strong></span> <span class='ocrx_word' id='word_1_235' title='bbox 650 3061 823 3114; x_wconf 88' lang='lat' dir='ltr'><strong>neque</strong></span> <span class='ocrx_word' id='word_1_236' title='bbox 868 3045 1135 3117; x_wconf 89' lang='lat' dir='ltr'><strong>spiritum.</strong></span> <span class='ocrx_word' id='word_1_237' title='bbox 1187 3041 1332 3099; x_wconf 87' lang='lat' dir='ltr'><strong>Nihil</strong></span> <span class='ocrx_word' id='word_1_238' title='bbox 1395 3045 1766 3114; x_wconf 88' lang='lat' dir='ltr'><strong>incorporeum</strong></span> <span class='ocrx_word' id='word_1_239' title='bbox 1819 3058 1982 3115; x_wconf 79' lang='lat' dir='ltr'><strong>agno-</strong></span> 
     </span>
    </p>
   </div>
   <div class='ocr_carea' id='block_1_32' title="bbox 399 3135 1979 3206">
    <p class='ocr_par' dir='ltr' id='par_1_32' title="bbox 399 3135 1979 3206">
     <span class='ocr_line' id='line_1_32' title="bbox 399 3135 1979 3206; baseline -0.003 -11"><span class='ocrx_word' id='word_1_240' title='bbox 399 3148 559 3196; x_wconf 87' lang='lat' dir='ltr'><strong>scunt</strong></span> <span class='ocrx_word' id='word_1_241' title='bbox 612 3136 910 3204; x_wconf 68' lang='lat' dir='ltr'><strong>Saddueazi,</strong></span> <span class='ocrx_word' id='word_1_242' title='bbox 940 3135 1080 3192; x_wconf 87' lang='lat' dir='ltr'><strong>forte</strong></span> <span class='ocrx_word' id='word_1_243' title='bbox 1134 3151 1307 3206; x_wconf 89' lang='lat' dir='ltr'><strong>neque</strong></span> <span class='ocrx_word' id='word_1_244' title='bbox 1361 3135 1564 3201; x_wconf 89' lang='lat' dir='ltr'><strong>Deum;</strong></span> <span class='ocrx_word' id='word_1_245' title='bbox 1610 3135 1748 3190; x_wconf 89' lang='lat' dir='ltr'><strong>adeo</strong></span> <span class='ocrx_word' id='word_1_246' title='bbox 1801 3136 1979 3190; x_wconf 85' lang='lat' dir='ltr'><strong>crassi</strong></span> 
     </span>
    </p>
   </div>
   <div class='ocr_carea' id='block_1_33' title="bbox 402 3227 1978 3300">
    <p class='ocr_par' dir='ltr' id='par_1_33' title="bbox 402 3227 1978 3300">
     <span class='ocr_line' id='line_1_33' title="bbox 402 3227 1978 3300; baseline -0.005 -12"><span class='ocrx_word' id='word_1_247' title='bbox 402 3241 556 3288; x_wconf 90' lang='lat' dir='ltr'><strong>erant</strong></span> <span class='ocrx_word' id='word_1_248' title='bbox 584 3249 598 3287; x_wconf 93' lang='lat'><strong>:</strong></span> <span class='ocrx_word' id='word_1_249' title='bbox 630 3229 770 3286; x_wconf 89' lang='lat' dir='ltr'><strong>unde</strong></span> <span class='ocrx_word' id='word_1_250' title='bbox 809 3244 982 3300; x_wconf 86' lang='lat' dir='ltr'><strong>neque</strong></span> <span class='ocrx_word' id='word_1_251' title='bbox 1025 3227 1473 3284; x_wconf 91' lang='lat' dir='ltr'><strong>resurrectionem</strong></span> <span class='ocrx_word' id='word_1_252' title='bbox 1518 3227 1742 3283; x_wconf 89' lang='lat' dir='ltr'><strong>credere</strong></span> <span class='ocrx_word' id='word_1_253' title='bbox 1769 3227 1978 3282; x_wconf 90' lang='lat' dir='ltr'><strong>volunt.</strong></span> 
     </span>
    </p>
   </div>
   <div class='ocr_carea' id='block_1_34' title="bbox 407 3317 1978 3394">
    <p class='ocr_par' dir='ltr' id='par_1_34' title="bbox 407 3317 1978 3394">
     <span class='ocr_line' id='line_1_34' title="bbox 407 3317 1978 3394; baseline -0.004 -16"><span class='ocrx_word' id='word_1_254' title='bbox 407 3324 472 3378; x_wconf 82' lang='lat' dir='ltr'><strong>Et</strong></span> <span class='ocrx_word' id='word_1_255' title='bbox 500 3330 776 3394; x_wconf 76' lang='lat' dir='ltr'><strong>surgentes,</strong></span> <span class='ocrx_word' id='word_1_256' title='bbox 823 3320 1011 3391; x_wconf 84' lang='lat' dir='ltr'><strong>inquit,</strong></span> <span class='ocrx_word' id='word_1_257' title='bbox 1056 3320 1234 3374; x_wconf 73' lang='lat' dir='ltr'><strong>scriba:</strong></span> <span class='ocrx_word' id='word_1_258' title='bbox 1271 3336 1335 3374; x_wconf 68' lang='lat' dir='ltr'><strong>ex</strong></span> <span class='ocrx_word' id='word_1_259' title='bbox 1368 3327 1512 3389; x_wconf 84' lang='lat' dir='ltr'><strong>parte</strong></span> <span class='ocrx_word' id='word_1_260' title='bbox 1555 3317 1939 3373; x_wconf 64' lang='lat' dir='ltr'><strong>Pharisaeorum</strong></span> <span class='ocrx_word' id='word_1_261' title='bbox 1961 3359 1978 3385; x_wconf 95' lang='lat'><strong>,</strong></span> 
     </span>
    </p>
   </div>
   <div class='ocr_carea' id='block_1_35' title="bbox 403 3408 1980 3482">
    <p class='ocr_par' dir='ltr' id='par_1_35' title="bbox 403 3408 1980 3482">
     <span class='ocr_line' id='line_1_35' title="bbox 403 3408 1980 3482; baseline -0.004 -14"><span class='ocrx_word' id='word_1_262' title='bbox 403 3413 696 3482; x_wconf 79' lang='lat' dir='ltr'><strong>pugnabant</strong></span> <span class='ocrx_word' id='word_1_263' title='bbox 722 3411 943 3466; x_wconf 80' lang='lat' dir='ltr'><strong>dicentes</strong></span> <span class='ocrx_word' id='word_1_264' title='bbox 968 3427 980 3463; x_wconf 91' lang='lat'><strong>:</strong></span> <span class='ocrx_word' id='word_1_265' title='bbox 1015 3409 1164 3463; x_wconf 83' lang='lat' dir='ltr'><strong>Nihil</strong></span> <span class='ocrx_word' id='word_1_266' title='bbox 1187 3410 1376 3463; x_wconf 84' lang='lat' dir='ltr'><strong>malum</strong></span> <span class='ocrx_word' id='word_1_267' title='bbox 1400 3408 1681 3463; x_wconf 79' lang='lat' dir='ltr'><strong>invenimus</strong></span> <span class='ocrx_word' id='word_1_268' title='bbox 1703 3409 1756 3462; x_wconf 87' lang='lat' dir='ltr'><strong>in</strong></span> <span class='ocrx_word' id='word_1_269' title='bbox 1775 3409 1980 3462; x_wconf 81' lang='lat' dir='ltr'><strong>homine</strong></span> 
     </span>
    </p>
   </div>
   <div class='ocr_carea' id='block_1_36' title="bbox 402 3507 516 3560">
    <p class='ocr_par' dir='ltr' id='par_1_36' title="bbox 402 3507 516 3560">
     <span class='ocr_line' id='line_1_36' title="bbox 402 3507 516 3560; baseline 0.018 -2"><span class='ocrx_word' id='word_1_270' title='bbox 402 3507 516 3560; x_wconf 87' lang='lat' dir='ltr'><strong>isto.</strong></span> 
     </span>
    </p>
   </div>
   <div class='ocr_carea' id='block_1_37' title="bbox 473 3593 1986 3666">
    <p class='ocr_par' dir='ltr' id='par_1_37' title="bbox 473 3593 1986 3666">
     <span class='ocr_line' id='line_1_37' title="bbox 473 3593 1986 3666; baseline -0.003 -14"><span class='ocrx_word' id='word_1_271' title='bbox 473 3598 526 3652; x_wconf 78' lang='grc'><strong>5.</strong></span> <span class='ocrx_word' id='word_1_272' title='bbox 553 3597 683 3653; x_wconf 77' lang='lat' dir='ltr'><strong>Vide</strong></span> <span class='ocrx_word' id='word_1_273' title='bbox 711 3613 725 3653; x_wconf 93' lang='lat'><strong>:</strong></span> <span class='ocrx_word' id='word_1_274' title='bbox 749 3597 896 3651; x_wconf 85' lang='lat' dir='ltr'><strong>audit</strong></span> <span class='ocrx_word' id='word_1_275' title='bbox 918 3596 1182 3664; x_wconf 90' lang='lat' dir='ltr'><strong>tribunus,</strong></span> <span class='ocrx_word' id='word_1_276' title='bbox 1206 3594 1347 3666; x_wconf 88' lang='lat' dir='ltr'><strong>quod</strong></span> <span class='ocrx_word' id='word_1_277' title='bbox 1378 3593 1632 3650; x_wconf 68' lang='lat' dir='ltr'><strong>Pharisaei</strong></span> <span class='ocrx_word' id='word_1_278' title='bbox 1663 3593 1808 3650; x_wconf 83' lang='lat' dir='ltr'><strong>illum</strong></span> <span class='ocrx_word' id='word_1_279' title='bbox 1829 3607 1859 3648; x_wconf 89' lang='lat' dir='ltr'><strong>a</strong></span> <span class='ocrx_word' id='word_1_280' title='bbox 1880 3593 1986 3648; x_wconf 87' lang='lat' dir='ltr'><strong>cri-</strong></span> 
     </span>
    </p>
   </div>
   <div class='ocr_carea' id='block_1_38' title="bbox 405 3685 1982 3757">
    <p class='ocr_par' dir='ltr' id='par_1_38' title="bbox 405 3685 1982 3757">
     <span class='ocr_line' id='line_1_38' title="bbox 405 3685 1982 3757; baseline -0.003 -13"><span class='ocrx_word' id='word_1_281' title='bbox 405 3691 547 3745; x_wconf 89' lang='lat' dir='ltr'><strong>mine</strong></span> <span class='ocrx_word' id='word_1_282' title='bbox 587 3689 836 3755; x_wconf 90' lang='lat' dir='ltr'><strong>libcrent,</strong></span> <span class='ocrx_word' id='word_1_283' title='bbox 867 3698 922 3744; x_wconf 91' lang='lat' dir='ltr'><strong>et</strong></span> <span class='ocrx_word' id='word_1_284' title='bbox 953 3704 1047 3757; x_wconf 91' lang='lat' dir='ltr'><strong>pro</strong></span> <span class='ocrx_word' id='word_1_285' title='bbox 1073 3688 1168 3742; x_wconf 91' lang='lat' dir='ltr'><strong>illo</strong></span> <span class='ocrx_word' id='word_1_286' title='bbox 1197 3688 1515 3743; x_wconf 89' lang='lat' dir='ltr'><strong>sententiam</strong></span> <span class='ocrx_word' id='word_1_287' title='bbox 1563 3685 1721 3752; x_wconf 87' lang='lat' dir='ltr'><strong>tulit,</strong></span> <span class='ocrx_word' id='word_1_288' title='bbox 1750 3701 1813 3740; x_wconf 91' lang='lat' dir='ltr'><strong>ac</strong></span> <span class='ocrx_word' id='word_1_289' title='bbox 1860 3700 1982 3741; x_wconf 90' lang='lat' dir='ltr'><strong>cum</strong></span> 
     </span>
    </p>
   </div>
   <div class='ocr_carea' id='block_1_39' title="bbox 406 3774 1986 3849">
    <p class='ocr_par' dir='ltr' id='par_1_39' title="bbox 406 3774 1986 3849">
     <span class='ocr_line' id='line_1_39' title="bbox 406 3774 1986 3849; baseline -0.003 -16"><span class='ocrx_word' id='word_1_290' title='bbox 406 3780 607 3849; x_wconf 79' lang='lat' dir='ltr'><strong>majore</strong></span> <span class='ocrx_word' id='word_1_291' title='bbox 655 3779 844 3834; x_wconf 76' lang='lat' dir='ltr'><strong>fiducia</strong></span> <span class='ocrx_word' id='word_1_292' title='bbox 890 3778 1105 3848; x_wconf 88' lang='lat' dir='ltr'><strong>abripit.</strong></span> <span class='ocrx_word' id='word_1_293' title='bbox 1161 3778 1236 3832; x_wconf 89' lang='lat' dir='ltr'><strong>Ea</strong></span> <span class='ocrx_word' id='word_1_294' title='bbox 1284 3790 1445 3842; x_wconf 90' lang='lat' dir='ltr'><strong>vero,</strong></span> <span class='ocrx_word' id='word_1_295' title='bbox 1477 3789 1598 3846; x_wconf 65' lang='lat' dir='ltr'><strong>qua:</strong></span> <span class='ocrx_word' id='word_1_296' title='bbox 1639 3774 1777 3830; x_wconf 89' lang='lat' dir='ltr'><strong>dicta</strong></span> <span class='ocrx_word' id='word_1_297' title='bbox 1805 3785 1986 3829; x_wconf 88' lang='lat' dir='ltr'><strong>sunta</strong></span> 
     </span>
    </p>
   </div>
   <div class='ocr_carea' id='block_1_40' title="bbox 405 3865 1988 3940">
    <p class='ocr_par' dir='ltr' id='par_1_40' title="bbox 405 3865 1988 3940">
     <span class='ocr_line' id='line_1_40' title="bbox 405 3865 1988 3940; baseline -0.004 -16"><span class='ocrx_word' id='word_1_298' title='bbox 405 3871 602 3935; x_wconf 79' lang='lat' dir='ltr'><strong>Paulo,</strong></span> <span class='ocrx_word' id='word_1_299' title='bbox 631 3869 979 3940; x_wconf 60' lang='lat' dir='ltr'><strong>philosophias</strong></span> <span class='ocrx_word' id='word_1_300' title='bbox 1001 3870 1155 3939; x_wconf 87' lang='lat' dir='ltr'><strong>plena</strong></span> <span class='ocrx_word' id='word_1_301' title='bbox 1200 3875 1371 3922; x_wconf 88' lang='lat' dir='ltr'><strong>erant.</strong></span> <span class='ocrx_word' id='word_1_302' title='bbox 1421 3865 1660 3936; x_wconf 86' lang='lat' dir='ltr'><strong>Sequenti</strong></span> <span class='ocrx_word' id='word_1_303' title='bbox 1685 3881 1799 3919; x_wconf 80' lang='lat' dir='ltr'><strong>vero</strong></span> <span class='ocrx_word' id='word_1_304' title='bbox 1845 3876 1988 3919; x_wconf 84' lang='lat' dir='ltr'><strong>nocte</strong></span> 
     </span>
    </p>
   </div>
   <div class='ocr_carea' id='block_1_41' title="bbox 404 3953 1985 4022">
    <p class='ocr_par' dir='ltr' id='par_1_41' title="bbox 404 3953 1985 4022">
     <span class='ocr_line' id='line_1_41' title="bbox 404 3953 1985 4022; baseline -0.001 -10"><span class='ocrx_word' id='word_1_305' title='bbox 404 3961 610 4015; x_wconf 81' lang='lat' dir='ltr'><strong>adstans</strong></span> <span class='ocrx_word' id='word_1_306' title='bbox 638 3961 716 4014; x_wconf 84' lang='lat' dir='ltr'><strong>illi</strong></span> <span class='ocrx_word' id='word_1_307' title='bbox 743 3960 992 4014; x_wconf 83' lang='lat' dir='ltr'><strong>Dominus</strong></span> <span class='ocrx_word' id='word_1_308' title='bbox 1018 3959 1145 4014; x_wconf 75' lang='lat' dir='ltr'><strong>dixit</strong></span> <span class='ocrx_word' id='word_1_309' title='bbox 1172 3976 1190 4013; x_wconf 88' lang='lat'><strong>:</strong></span> <span class='ocrx_word' id='word_1_310' title='bbox 1218 3957 1358 4012; x_wconf 87' lang='lat' dir='ltr'><strong>Bono</strong></span> <span class='ocrx_word' id='word_1_311' title='bbox 1382 3957 1552 4011; x_wconf 87' lang='lat' dir='ltr'><strong>animo</strong></span> <span class='ocrx_word' id='word_1_312' title='bbox 1595 3965 1700 4011; x_wconf 84' lang='lat' dir='ltr'><strong>esto</strong></span> <span class='ocrx_word' id='word_1_313' title='bbox 1723 3997 1738 4022; x_wconf 95' lang='lat'><strong>,</strong></span> <span class='ocrx_word' id='word_1_314' title='bbox 1772 3953 1938 4010; x_wconf 85' lang='lat' dir='ltr'><strong>Paule</strong></span> <span class='ocrx_word' id='word_1_315' title='bbox 1966 3972 1985 4010; x_wconf 90' lang='lat'><strong>:</strong></span> 
     </span>
    </p>
   </div>
   <div class='ocr_carea' id='block_1_42' title="bbox 408 4046 1988 4119">
    <p class='ocr_par' dir='ltr' id='par_1_42' title="bbox 408 4046 1988 4119">
     <span class='ocr_line' id='line_1_42' title="bbox 408 4046 1988 4119; baseline -0.003 -15"><span class='ocrx_word' id='word_1_316' title='bbox 408 4061 462 4104; x_wconf 87' lang='lat' dir='ltr'><strong>ut</strong></span> <span class='ocrx_word' id='word_1_317' title='bbox 493 4052 624 4104; x_wconf 84' lang='lat' dir='ltr'><strong>enim</strong></span> <span class='ocrx_word' id='word_1_318' title='bbox 654 4050 946 4119; x_wconf 74' lang='lat' dir='ltr'><strong>testiﬁcatus</strong></span> <span class='ocrx_word' id='word_1_319' title='bbox 973 4065 1026 4104; x_wconf 89' lang='lat' dir='ltr'><strong>es</strong></span> <span class='ocrx_word' id='word_1_320' title='bbox 1051 4048 1175 4102; x_wconf 82' lang='lat' dir='ltr'><strong>mihi</strong></span> <span class='ocrx_word' id='word_1_321' title='bbox 1198 4049 1251 4102; x_wconf 84' lang='lat' dir='ltr'><strong>in</strong></span> <span class='ocrx_word' id='word_1_322' title='bbox 1278 4046 1566 4102; x_wconf 78' lang='lat' dir='ltr'><strong>Jerusalem</strong></span> <span class='ocrx_word' id='word_1_323' title='bbox 1583 4089 1599 4114; x_wconf 97' lang='lat'><strong>,</strong></span> <span class='ocrx_word' id='word_1_324' title='bbox 1630 4048 1702 4101; x_wconf 84' lang='lat' dir='ltr'><strong>ita</strong></span> <span class='ocrx_word' id='word_1_325' title='bbox 1721 4056 1914 4116; x_wconf 85' lang='lat' dir='ltr'><strong>oportet</strong></span> <span class='ocrx_word' id='word_1_326' title='bbox 1940 4057 1988 4100; x_wconf 90' lang='lat' dir='ltr'><strong>te</strong></span> 
     </span>
    </p>
   </div>
   <div class='ocr_carea' id='block_1_43' title="bbox 404 4137 1986 4210">
    <p class='ocr_par' dir='ltr' id='par_1_43' title="bbox 404 4137 1986 4210">
     <span class='ocr_line' id='line_1_43' title="bbox 404 4137 1986 4210; baseline -0.001 -16"><span class='ocrx_word' id='word_1_327' title='bbox 404 4139 656 4196; x_wconf 62' lang='lat' dir='ltr'><strong>et‘llomte</strong></span> <span class='ocrx_word' id='word_1_328' title='bbox 679 4140 958 4209; x_wconf 78' lang='lat' dir='ltr'><strong>testiﬁcari.</strong></span> <span class='ocrx_word' id='word_1_329' title='bbox 1014 4139 1147 4194; x_wconf 74' lang='lat' dir='ltr'><strong>Vide</strong></span> <span class='ocrx_word' id='word_1_330' title='bbox 1193 4149 1388 4210; x_wconf 90' lang='lat' dir='ltr'><strong>quanta</strong></span> <span class='ocrx_word' id='word_1_331' title='bbox 1441 4137 1780 4193; x_wconf 90' lang='lat' dir='ltr'><strong>consolatio:</strong></span> <span class='ocrx_word' id='word_1_332' title='bbox 1816 4137 1986 4206; x_wconf 89' lang='lat' dir='ltr'><strong>primo</strong></span> 
     </span>
    </p>
   </div>
   <div class='ocr_carea' id='block_1_44' title="bbox 406 4227 1988 4296">
    <p class='ocr_par' dir='ltr' id='par_1_44' title="bbox 406 4227 1988 4296">
     <span class='ocr_line' id='line_1_44' title="bbox 406 4227 1988 4296; baseline -0.003 -10"><span class='ocrx_word' id='word_1_333' title='bbox 406 4232 584 4287; x_wconf 81' lang='lat' dir='ltr'><strong>laudat</strong></span> <span class='ocrx_word' id='word_1_334' title='bbox 605 4233 774 4296; x_wconf 90' lang='lat' dir='ltr'><strong>illum;</strong></span> <span class='ocrx_word' id='word_1_335' title='bbox 797 4230 991 4287; x_wconf 90' lang='lat' dir='ltr'><strong>deinde</strong></span> <span class='ocrx_word' id='word_1_336' title='bbox 1013 4245 1118 4286; x_wconf 90' lang='lat' dir='ltr'><strong>non</strong></span> <span class='ocrx_word' id='word_1_337' title='bbox 1135 4230 1259 4285; x_wconf 89' lang='lat' dir='ltr'><strong>sinit</strong></span> <span class='ocrx_word' id='word_1_338' title='bbox 1275 4245 1394 4286; x_wconf 90' lang='lat' dir='ltr'><strong>cum</strong></span> <span class='ocrx_word' id='word_1_339' title='bbox 1415 4229 1677 4285; x_wconf 89' lang='lat' dir='ltr'><strong>occultam</strong></span> <span class='ocrx_word' id='word_1_340' title='bbox 1695 4227 1795 4282; x_wconf 88' lang='lat' dir='ltr'><strong>sibi</strong></span> <span class='ocrx_word' id='word_1_341' title='bbox 1815 4227 1988 4282; x_wconf 90' lang='lat' dir='ltr'><strong>adhuc</strong></span> 
     </span>
    </p>
   </div>
   <div class='ocr_carea' id='block_1_45' title="bbox 408 4319 1986 4394">
    <p class='ocr_par' dir='ltr' id='par_1_45' title="bbox 408 4319 1986 4394">
     <span class='ocr_line' id='line_1_45' title="bbox 408 4319 1986 4394; baseline -0.003 -17"><span class='ocrx_word' id='word_1_342' title='bbox 408 4323 634 4378; x_wconf 65' lang='lat' dir='ltr'><strong>Romam</strong></span> <span class='ocrx_word' id='word_1_343' title='bbox 665 4322 1050 4394; x_wconf 83' lang='lat' dir='ltr'><strong>profectionem</strong></span> <span class='ocrx_word' id='word_1_344' title='bbox 1078 4321 1367 4376; x_wconf 78' lang='lat' dir='ltr'><strong>formidare</strong></span> <span class='ocrx_word' id='word_1_345' title='bbox 1393 4337 1410 4376; x_wconf 94' lang='lat'><strong>:</strong></span> <span class='ocrx_word' id='word_1_346' title='bbox 1436 4335 1500 4374; x_wconf 92' lang='lat' dir='ltr'><strong>ac</strong></span> <span class='ocrx_word' id='word_1_347' title='bbox 1526 4321 1571 4376; x_wconf 88' lang='lat' dir='ltr'><strong>si</strong></span> <span class='ocrx_word' id='word_1_348' title='bbox 1601 4321 1802 4376; x_wconf 88' lang='lat' dir='ltr'><strong>diceret</strong></span> <span class='ocrx_word' id='word_1_349' title='bbox 1830 4338 1842 4374; x_wconf 92' lang='lat'><strong>:</strong></span> <span class='ocrx_word' id='word_1_350' title='bbox 1870 4319 1986 4374; x_wconf 87' lang='lat' dir='ltr'><strong>Non</strong></span> 
     </span>
    </p>
   </div>
   <div class='ocr_carea' id='block_1_46' title="bbox 406 4408 1988 4480">
    <p class='ocr_par' dir='ltr' id='par_1_46' title="bbox 406 4408 1988 4480">
     <span class='ocr_line' id='line_1_46' title="bbox 406 4408 1988 4480; baseline -0.003 -12"><span class='ocrx_word' id='word_1_351' title='bbox 406 4413 569 4468; x_wconf 88' lang='lat' dir='ltr'><strong>modo</strong></span> <span class='ocrx_word' id='word_1_352' title='bbox 599 4413 720 4468; x_wconf 90' lang='lat' dir='ltr'><strong>illuc</strong></span> <span class='ocrx_word' id='word_1_353' title='bbox 748 4413 868 4478; x_wconf 90' lang='lat' dir='ltr'><strong>ibis,</strong></span> <span class='ocrx_word' id='word_1_354' title='bbox 898 4411 995 4468; x_wconf 89' lang='lat' dir='ltr'><strong>sed</strong></span> <span class='ocrx_word' id='word_1_355' title='bbox 1021 4411 1180 4468; x_wconf 89' lang='lat' dir='ltr'><strong>etiam</strong></span> <span class='ocrx_word' id='word_1_356' title='bbox 1210 4419 1355 4465; x_wconf 87' lang='lat' dir='ltr'><strong>tanta</strong></span> <span class='ocrx_word' id='word_1_357' title='bbox 1377 4411 1543 4466; x_wconf 89' lang='lat' dir='ltr'><strong>uteris</strong></span> <span class='ocrx_word' id='word_1_358' title='bbox 1569 4409 1818 4480; x_wconf 89' lang='lat' dir='ltr'><strong>loquendi</strong></span> <span class='ocrx_word' id='word_1_359' title='bbox 1851 4408 1988 4463; x_wconf 85' lang='lat' dir='ltr'><strong>fidu-</strong></span> 
     </span>
    </p>
   </div>
   <div class='ocr_carea' id='block_1_47' title="bbox 402 4498 1989 4571">
    <p class='ocr_par' dir='ltr' id='par_1_47' title="bbox 402 4498 1989 4571">
     <span class='ocr_line' id='line_1_47' title="bbox 402 4498 1989 4571; baseline -0.003 -13"><span class='ocrx_word' id='word_1_360' title='bbox 402 4507 509 4559; x_wconf 87' lang='lat' dir='ltr'><strong>cia.</strong></span> <span class='ocrx_word' id='word_1_361' title='bbox 543 4505 675 4560; x_wconf 90' lang='lat' dir='ltr'><strong>llinc</strong></span> <span class='ocrx_word' id='word_1_362' title='bbox 704 4520 834 4561; x_wconf 88' lang='lat' dir='ltr'><strong>vero</strong></span> <span class='ocrx_word' id='word_1_363' title='bbox 855 4520 960 4560; x_wconf 90' lang='lat' dir='ltr'><strong>non</strong></span> <span class='ocrx_word' id='word_1_364' title='bbox 981 4503 1282 4558; x_wconf 85' lang='lat' dir='ltr'><strong>declaratur</strong></span> <span class='ocrx_word' id='word_1_365' title='bbox 1301 4502 1372 4568; x_wconf 90' lang='lat' dir='ltr'><strong>ei,</strong></span> <span class='ocrx_word' id='word_1_366' title='bbox 1400 4501 1542 4571; x_wconf 88' lang='lat' dir='ltr'><strong>quod</strong></span> <span class='ocrx_word' id='word_1_367' title='bbox 1570 4501 1750 4556; x_wconf 87' lang='lat' dir='ltr'><strong>salvus</strong></span> <span class='ocrx_word' id='word_1_368' title='bbox 1780 4498 1989 4554; x_wconf 87' lang='lat' dir='ltr'><strong>futurus</strong></span> 
     </span>
    </p>
   </div>
   <div class='ocr_carea' id='block_1_48' title="bbox 405 4591 1991 4668">
    <p class='ocr_par' dir='ltr' id='par_1_48' title="bbox 405 4591 1991 4668">
     <span class='ocr_line' id='line_1_48' title="bbox 405 4591 1991 4668; baseline -0.002 -17"><span class='ocrx_word' id='word_1_369' title='bbox 405 4598 501 4664; x_wconf 87' lang='lat' dir='ltr'><strong>sit,</strong></span> <span class='ocrx_word' id='word_1_370' title='bbox 523 4597 619 4652; x_wconf 89' lang='lat' dir='ltr'><strong>sed</strong></span> <span class='ocrx_word' id='word_1_371' title='bbox 643 4597 784 4668; x_wconf 90' lang='lat' dir='ltr'><strong>quod</strong></span> <span class='ocrx_word' id='word_1_372' title='bbox 823 4599 874 4651; x_wconf 93' lang='lat' dir='ltr'><strong>in</strong></span> <span class='ocrx_word' id='word_1_373' title='bbox 910 4611 1101 4667; x_wconf 84' lang='lat' dir='ltr'><strong>magna</strong></span> <span class='ocrx_word' id='word_1_374' title='bbox 1124 4595 1256 4651; x_wconf 88' lang='lat' dir='ltr'><strong>urbe</strong></span> <span class='ocrx_word' id='word_1_375' title='bbox 1282 4609 1378 4665; x_wconf 88' lang='lat' dir='ltr'><strong>pro</strong></span> <span class='ocrx_word' id='word_1_376' title='bbox 1403 4607 1594 4664; x_wconf 85' lang='lat' dir='ltr'><strong>magna</strong></span> <span class='ocrx_word' id='word_1_377' title='bbox 1619 4607 1816 4649; x_wconf 86' lang='lat' dir='ltr'><strong>corona</strong></span> <span class='ocrx_word' id='word_1_378' title='bbox 1841 4591 1991 4648; x_wconf 88' lang='lat' dir='ltr'><strong>testi-</strong></span> 
     </span>
    </p>
   </div>
   <div class='ocr_carea' id='block_1_49' title="bbox 407 4683 1986 4756">
    <p class='ocr_par' dir='ltr' id='par_1_49' title="bbox 407 4683 1986 4756">
     <span class='ocr_line' id='line_1_49' title="bbox 407 4683 1986 4756; baseline -0.001 -17"><span class='ocrx_word' id='word_1_379' title='bbox 407 4686 659 4741; x_wconf 82' lang='lat' dir='ltr'><strong>ficaturus</strong></span> <span class='ocrx_word' id='word_1_380' title='bbox 694 4687 782 4744; x_wconf 88' lang='lat' dir='ltr'><strong>sit.</strong></span> <span class='ocrx_word' id='word_1_381' title='bbox 813 4684 920 4740; x_wconf 90' lang='lat' dir='ltr'><strong>Cur</strong></span> <span class='ocrx_word' id='word_1_382' title='bbox 945 4696 1122 4741; x_wconf 89' lang='lat' dir='ltr'><strong>autem</strong></span> <span class='ocrx_word' id='word_1_383' title='bbox 1151 4700 1281 4751; x_wconf 93' lang='lat' dir='ltr'><strong>non,</strong></span> <span class='ocrx_word' id='word_1_384' title='bbox 1306 4684 1615 4756; x_wconf 87' lang='lat' dir='ltr'><strong>priusquam</strong></span> <span class='ocrx_word' id='word_1_385' title='bbox 1646 4683 1907 4739; x_wconf 89' lang='lat' dir='ltr'><strong>incideret</strong></span> <span class='ocrx_word' id='word_1_386' title='bbox 1934 4683 1986 4738; x_wconf 91' lang='lat' dir='ltr'><strong>in</strong></span> 
     </span>
    </p>
   </div>
   <div class='ocr_carea' id='block_1_50' title="bbox 411 4776 1992 4854">
    <p class='ocr_par' dir='ltr' id='par_1_50' title="bbox 411 4776 1992 4854">
     <span class='ocr_line' id='line_1_50' title="bbox 411 4776 1992 4854; baseline -0.003 -21"><span class='ocrx_word' id='word_1_387' title='bbox 411 4778 725 4848; x_wconf 81' lang='lat' dir='ltr'><strong>periculum,</strong></span> <span class='ocrx_word' id='word_1_388' title='bbox 747 4779 988 4854; x_wconf 85' lang='lat' dir='ltr'><strong>apparuit</strong></span> <span class='ocrx_word' id='word_1_389' title='bbox 1015 4778 1124 4834; x_wconf 83' lang='lat' dir='ltr'><strong>illi?</strong></span> <span class='ocrx_word' id='word_1_390' title='bbox 1143 4778 1274 4846; x_wconf 88' lang='lat' dir='ltr'><strong>Quia</strong></span> <span class='ocrx_word' id='word_1_391' title='bbox 1296 4778 1436 4833; x_wconf 87' lang='lat' dir='ltr'><strong>Deus</strong></span> <span class='ocrx_word' id='word_1_392' title='bbox 1455 4792 1669 4847; x_wconf 85' lang='lat' dir='ltr'><strong>semper</strong></span> <span class='ocrx_word' id='word_1_393' title='bbox 1695 4777 1748 4831; x_wconf 94' lang='lat' dir='ltr'><strong>in</strong></span> <span class='ocrx_word' id='word_1_394' title='bbox 1772 4776 1992 4831; x_wconf 86' lang='lat' dir='ltr'><strong>tribula-</strong></span> 
     </span>
    </p>
   </div>
   <div class='ocr_carea' id='block_1_51' title="bbox 409 4867 1990 4942">
    <p class='ocr_par' dir='ltr' id='par_1_51' title="bbox 409 4867 1990 4942">
     <span class='ocr_line' id='line_1_51' title="bbox 409 4867 1990 4942; baseline -0.002 -17"><span class='ocrx_word' id='word_1_395' title='bbox 409 4870 644 4925; x_wconf 78' lang='lat' dir='ltr'><strong>tionibus</strong></span> <span class='ocrx_word' id='word_1_396' title='bbox 671 4869 1162 4939; x_wconf 87' lang='lat' dir='ltr'><strong>consolatur(tunc</strong></span> <span class='ocrx_word' id='word_1_397' title='bbox 1205 4868 1348 4925; x_wconf 88' lang='lat' dir='ltr'><strong>enim</strong></span> <span class='ocrx_word' id='word_1_398' title='bbox 1383 4867 1787 4942; x_wconf 82' lang='lat' dir='ltr'><strong>desiderabilior</strong></span> <span class='ocrx_word' id='word_1_399' title='bbox 1824 4883 1990 4938; x_wconf 89' lang='lat' dir='ltr'><strong>appa-</strong></span> 
     </span>
    </p>
   </div>
   <div class='ocr_carea' id='block_1_52' title="bbox 408 4960 1991 5033">
    <p class='ocr_par' dir='ltr' id='par_1_52' title="bbox 408 4960 1991 5033">
     <span class='ocr_line' id='line_1_52' title="bbox 408 4960 1991 5033; baseline -0.001 -17"><span class='ocrx_word' id='word_1_400' title='bbox 408 4963 550 5033; x_wconf 85' lang='lat' dir='ltr'><strong>ret),</strong></span> <span class='ocrx_word' id='word_1_401' title='bbox 576 4970 632 5016; x_wconf 89' lang='lat' dir='ltr'><strong>et</strong></span> <span class='ocrx_word' id='word_1_402' title='bbox 659 4963 713 5017; x_wconf 92' lang='lat' dir='ltr'><strong>in</strong></span> <span class='ocrx_word' id='word_1_403' title='bbox 737 4960 987 5032; x_wconf 86' lang='lat' dir='ltr'><strong>periculis</strong></span> <span class='ocrx_word' id='word_1_404' title='bbox 1007 4975 1104 5016; x_wconf 88' lang='lat' dir='ltr'><strong>nos</strong></span> <span class='ocrx_word' id='word_1_405' title='bbox 1123 4969 1355 5016; x_wconf 76' lang='lat' dir='ltr'><strong>exercet.</strong></span> <span class='ocrx_word' id='word_1_406' title='bbox 1381 4961 1630 5031; x_wconf 83' lang='lat' dir='ltr'><strong>Alioquin</strong></span> <span class='ocrx_word' id='word_1_407' title='bbox 1657 4969 1836 5016; x_wconf 90' lang='lat' dir='ltr'><strong>autem</strong></span> <span class='ocrx_word' id='word_1_408' title='bbox 1865 4969 1991 5016; x_wconf 92' lang='lat' dir='ltr'><strong>tunc</strong></span> 
     </span>
    </p>
   </div>
   <div class='ocr_carea' id='block_1_53' title="bbox 412 5051 1990 5124">
    <p class='ocr_par' dir='ltr' id='par_1_53' title="bbox 412 5051 1990 5124">
     <span class='ocr_line' id='line_1_53' title="bbox 412 5051 1990 5124; baseline 0.001 -18"><span class='ocrx_word' id='word_1_409' title='bbox 412 5054 463 5107; x_wconf 92' lang='lat' dir='ltr'><strong>in</strong></span> <span class='ocrx_word' id='word_1_410' title='bbox 494 5053 678 5124; x_wconf 80' lang='lat' dir='ltr'><strong>quieto</strong></span> <span class='ocrx_word' id='word_1_411' title='bbox 725 5061 842 5109; x_wconf 88' lang='lat' dir='ltr'><strong>crat</strong></span> <span class='ocrx_word' id='word_1_412' title='bbox 898 5051 1033 5108; x_wconf 88' lang='lat' dir='ltr'><strong>liber</strong></span> <span class='ocrx_word' id='word_1_413' title='bbox 1059 5067 1089 5105; x_wconf 90' lang='lat' dir='ltr'><strong>a</strong></span> <span class='ocrx_word' id='word_1_414' title='bbox 1118 5052 1344 5107; x_wconf 87' lang='lat' dir='ltr'><strong>vinculis</strong></span> <span class='ocrx_word' id='word_1_415' title='bbox 1375 5067 1390 5106; x_wconf 93' lang='lat'><strong>:</strong></span> <span class='ocrx_word' id='word_1_416' title='bbox 1423 5067 1562 5107; x_wconf 87' lang='lat' dir='ltr'><strong>nunc</strong></span> <span class='ocrx_word' id='word_1_417' title='bbox 1615 5060 1795 5108; x_wconf 87' lang='lat' dir='ltr'><strong>autem</strong></span> <span class='ocrx_word' id='word_1_418' title='bbox 1843 5052 1990 5108; x_wconf 93' lang='lat' dir='ltr'><strong>illum</strong></span> 
     </span>
    </p>
   </div>
   <div class='ocr_carea' id='block_1_54' title="bbox 410 5142 1988 5214">
    <p class='ocr_par' dir='ltr' id='par_1_54' title="bbox 410 5142 1988 5214">
     <span class='ocr_line' id='line_1_54' title="bbox 410 5142 1988 5214; baseline -0.001 -17"><span class='ocrx_word' id='word_1_419' title='bbox 410 5158 590 5214; x_wconf 79' lang='lat' dir='ltr'><strong>gravia</strong></span> <span class='ocrx_word' id='word_1_420' title='bbox 613 5153 902 5213; x_wconf 83' lang='lat' dir='ltr'><strong>exceptura</strong></span> <span class='ocrx_word' id='word_1_421' title='bbox 928 5150 1100 5197; x_wconf 84' lang='lat' dir='ltr'><strong>erant.</strong></span> <span class='ocrx_word' id='word_1_422' title='bbox 1125 5142 1257 5208; x_wconf 82' lang='lat' dir='ltr'><strong>Quia</strong></span> <span class='ocrx_word' id='word_1_423' title='bbox 1277 5142 1560 5197; x_wconf 62' lang='lat' dir='ltr'><strong>devenimus</strong></span> <span class='ocrx_word' id='word_1_424' title='bbox 1585 5159 1696 5206; x_wconf 88' lang='lat' dir='ltr'><strong>nos.</strong></span> <span class='ocrx_word' id='word_1_425' title='bbox 1723 5143 1988 5213; x_wconf 89' lang='lat' dir='ltr'><strong>inquiunt,</strong></span> 
     </span>
    </p>
   </div>
   <div class='ocr_carea' id='block_1_55' title="bbox 409 5231 1989 5302">
    <p class='ocr_par' dir='ltr' id='par_1_55' title="bbox 409 5231 1989 5302">
     <span class='ocr_line' id='line_1_55' title="bbox 409 5231 1989 5302; baseline 0 -15"><span class='ocrx_word' id='word_1_426' title='bbox 409 5250 512 5287; x_wconf 82' lang='lat' dir='ltr'><strong>non</strong></span> <span class='ocrx_word' id='word_1_427' title='bbox 559 5233 868 5288; x_wconf 73' lang='lat' dir='ltr'><strong>manducare</strong></span> <span class='ocrx_word' id='word_1_428' title='bbox 899 5247 1057 5302; x_wconf 78' lang='lat' dir='ltr'><strong>neque</strong></span> <span class='ocrx_word' id='word_1_429' title='bbox 1096 5231 1277 5286; x_wconf 85' lang='lat' dir='ltr'><strong>bibere.</strong></span> <span class='ocrx_word' id='word_1_430' title='bbox 1305 5231 1482 5301; x_wconf 71' lang='lat' dir='ltr'><strong>Papze,</strong></span> <span class='ocrx_word' id='word_1_431' title='bbox 1514 5242 1711 5302; x_wconf 90' lang='lat' dir='ltr'><strong>quanta</strong></span> <span class='ocrx_word' id='word_1_432' title='bbox 1754 5233 1989 5288; x_wconf 88' lang='lat' dir='ltr'><strong>insania!</strong></span> 
     </span>
    </p>
   </div>
   <div class='ocr_carea' id='block_1_56' title="bbox 411 5322 1992 5382">
    <p class='ocr_par' dir='ltr' id='par_1_56' title="bbox 411 5322 1992 5382">
     <span class='ocr_line' id='line_1_56' title="bbox 411 5322 1992 5382; baseline -0.003 0"><span class='ocrx_word' id='word_1_433' title='bbox 411 5325 543 5382; x_wconf 86' lang='lat' dir='ltr'><strong>Sese</strong></span> <span class='ocrx_word' id='word_1_434' title='bbox 572 5325 897 5381; x_wconf 85' lang='lat' dir='ltr'><strong>anathemati</strong></span> <span class='ocrx_word' id='word_1_435' title='bbox 924 5324 1040 5379; x_wconf 92' lang='lat' dir='ltr'><strong>sine</strong></span> <span class='ocrx_word' id='word_1_436' title='bbox 1063 5323 1270 5378; x_wconf 87' lang='lat' dir='ltr'><strong>ratione</strong></span> <span class='ocrx_word' id='word_1_437' title='bbox 1314 5322 1574 5377; x_wconf 81' lang='lat' dir='ltr'><strong>obnoxios</strong></span> <span class='ocrx_word' id='word_1_438' title='bbox 1617 5322 1867 5377; x_wconf 89' lang='lat' dir='ltr'><strong>reddunt.</strong></span> <span class='ocrx_word' id='word_1_439' title='bbox 1924 5323 1992 5378; x_wconf 88' lang='lat' dir='ltr'><strong>Ut</strong></span> 
     </span>
    </p>
   </div>
   <div class='ocr_carea' id='block_1_57' title="bbox 413 5412 1993 5486">
    <p class='ocr_par' dir='ltr' id='par_1_57' title="bbox 413 5412 1993 5486">
     <span class='ocr_line' id='line_1_57' title="bbox 413 5412 1993 5486; baseline -0.003 -15"><span class='ocrx_word' id='word_1_440' title='bbox 413 5416 657 5484; x_wconf 75' lang='lat' dir='ltr'><strong>deducat,</strong></span> <span class='ocrx_word' id='word_1_441' title='bbox 685 5416 946 5486; x_wconf 87' lang='lat' dir='ltr'><strong>inquiunt,</strong></span> <span class='ocrx_word' id='word_1_442' title='bbox 977 5414 1123 5468; x_wconf 84' lang='lat' dir='ltr'><strong>illum</strong></span> <span class='ocrx_word' id='word_1_443' title='bbox 1153 5412 1220 5466; x_wconf 82' lang='lat' dir='ltr'><strong>ad</strong></span> <span class='ocrx_word' id='word_1_444' title='bbox 1241 5429 1345 5476; x_wconf 85' lang='lat' dir='ltr'><strong>vos,</strong></span> <span class='ocrx_word' id='word_1_445' title='bbox 1376 5421 1430 5465; x_wconf 93' lang='lat' dir='ltr'><strong>ut</strong></span> <span class='ocrx_word' id='word_1_446' title='bbox 1451 5413 1738 5466; x_wconf 83' lang='lat' dir='ltr'><strong>accuratius</strong></span> <span class='ocrx_word' id='word_1_447' title='bbox 1759 5414 1993 5482; x_wconf 85' lang='lat' dir='ltr'><strong>cognitu-</strong></span> 
     </span>
    </p>
   </div>
   <div class='ocr_carea' id='block_1_58' title="bbox 415 5501 1994 5576">
    <p class='ocr_par' dir='ltr' id='par_1_58' title="bbox 415 5501 1994 5576">
     <span class='ocr_line' id='line_1_58' title="bbox 415 5501 1994 5576; baseline -0.001 -16"><span class='ocrx_word' id='word_1_448' title='bbox 415 5523 499 5560; x_wconf 86' lang='lat' dir='ltr'><strong>ros</strong></span> <span class='ocrx_word' id='word_1_449' title='bbox 522 5523 732 5561; x_wconf 81' lang='lat' dir='ltr'><strong>eausam</strong></span> <span class='ocrx_word' id='word_1_450' title='bbox 757 5506 885 5576; x_wconf 84' lang='lat' dir='ltr'><strong>ejus.</strong></span> <span class='ocrx_word' id='word_1_451' title='bbox 927 5504 1064 5573; x_wconf 85' lang='lat' dir='ltr'><strong>Quid</strong></span> <span class='ocrx_word' id='word_1_452' title='bbox 1089 5504 1258 5559; x_wconf 87' lang='lat' dir='ltr'><strong>dicis?</strong></span> <span class='ocrx_word' id='word_1_453' title='bbox 1286 5518 1462 5557; x_wconf 89' lang='lat' dir='ltr'><strong>annon</strong></span> <span class='ocrx_word' id='word_1_454' title='bbox 1489 5502 1572 5556; x_wconf 90' lang='lat' dir='ltr'><strong>bis</strong></span> <span class='ocrx_word' id='word_1_455' title='bbox 1597 5501 1746 5558; x_wconf 87' lang='lat' dir='ltr'><strong>vobis</strong></span> <span class='ocrx_word' id='word_1_456' title='bbox 1776 5507 1994 5559; x_wconf 86' lang='lat' dir='ltr'><strong>concio-</strong></span> 
     </span>
    </p>
   </div>
   <div class='ocr_carea' id='block_1_59' title="bbox 415 5590 1994 5651">
    <p class='ocr_par' dir='ltr' id='par_1_59' title="bbox 415 5590 1994 5651">
     <span class='ocr_line' id='line_1_59' title="bbox 415 5590 1994 5651; baseline -0.003 0"><span class='ocrx_word' id='word_1_457' title='bbox 415 5606 574 5651; x_wconf 86' lang='lat' dir='ltr'><strong>natus</strong></span> <span class='ocrx_word' id='word_1_458' title='bbox 615 5595 732 5651; x_wconf 85' lang='lat' dir='ltr'><strong>est?</strong></span> <span class='ocrx_word' id='word_1_459' title='bbox 783 5611 956 5650; x_wconf 90' lang='lat' dir='ltr'><strong>annon</strong></span> <span class='ocrx_word' id='word_1_460' title='bbox 1007 5593 1334 5649; x_wconf 67' lang='lat' dir='ltr'><strong>Pharisaanm</strong></span> <span class='ocrx_word' id='word_1_461' title='bbox 1382 5607 1441 5648; x_wconf 89' lang='lat' dir='ltr'><strong>se</strong></span> <span class='ocrx_word' id='word_1_462' title='bbox 1483 5590 1655 5647; x_wconf 80' lang='lat' dir='ltr'><strong>dixit?</strong></span> <span class='ocrx_word' id='word_1_463' title='bbox 1707 5607 1802 5647; x_wconf 89' lang='lat' dir='ltr'><strong>cur</strong></span> <span class='ocrx_word' id='word_1_464' title='bbox 1853 5594 1994 5648; x_wconf 89' lang='lat' dir='ltr'><strong>aliud</strong></span> 
     </span>
    </p>
   </div>
   <div class='ocr_carea' id='block_1_60' title="bbox 414 5683 1992 5759">
    <p class='ocr_par' dir='ltr' id='par_1_60' title="bbox 414 5683 1992 5759">
     <span class='ocr_line' id='line_1_60' title="bbox 414 5683 1992 5759; baseline -0.002 -16"><span class='ocrx_word' id='word_1_465' title='bbox 414 5689 686 5759; x_wconf 77' lang='lat' dir='ltr'><strong>superflue</strong></span> <span class='ocrx_word' id='word_1_466' title='bbox 706 5686 972 5757; x_wconf 68' lang='lat' dir='ltr'><strong>qumritis?</strong></span> <span class='ocrx_word' id='word_1_467' title='bbox 1001 5684 1074 5741; x_wconf 91' lang='lat' dir='ltr'><strong>lta</strong></span> <span class='ocrx_word' id='word_1_468' title='bbox 1107 5683 1235 5740; x_wconf 93' lang='lat' dir='ltr'><strong>nihil</strong></span> <span class='ocrx_word' id='word_1_469' title='bbox 1270 5683 1596 5753; x_wconf 82' lang='lat' dir='ltr'><strong>metuebant,</strong></span> <span class='ocrx_word' id='word_1_470' title='bbox 1624 5699 1732 5740; x_wconf 91' lang='lat' dir='ltr'><strong>non</strong></span> <span class='ocrx_word' id='word_1_471' title='bbox 1757 5686 1992 5740; x_wconf 83' lang='lat' dir='ltr'><strong>tribuna-</strong></span> 
     </span>
    </p>
   </div>
   <div class='ocr_carea' id='block_1_61' title="bbox 3566 306 3673 362">
    <p class='ocr_par' dir='ltr' id='par_1_61' title="bbox 3566 306 3673 362">
     <span class='ocr_line' id='line_1_61' title="bbox 3566 306 3673 362; baseline 0 0"><span class='ocrx_word' id='word_1_472' title='bbox 3566 306 3673 362; x_wconf 63' lang='grc' dir='ltr'><strong>3ιῇ</strong></span> 
     </span>
    </p>
   </div>
   <div class='ocr_carea' id='block_1_62' title="bbox 2093 395 3669 476">
    <p class='ocr_par' dir='ltr' id='par_1_62' title="bbox 2093 395 3669 476">
     <span class='ocr_line' id='line_1_62' title="bbox 2093 395 3669 476; baseline 0.019 -30"><span class='ocrx_word' id='word_1_473' title='bbox 2093 395 2178 458; x_wconf 78' lang='lat' dir='ltr'><strong>lia,</strong></span> <span class='ocrx_word' id='word_1_474' title='bbox 2205 412 2307 450; x_wconf 91' lang='lat' dir='ltr'><strong>non</strong></span> <span class='ocrx_word' id='word_1_475' title='bbox 2329 397 2473 469; x_wconf 83' lang='lat' dir='ltr'><strong>leges</strong></span> <span class='ocrx_word' id='word_1_476' title='bbox 2499 419 2512 455; x_wconf 91' lang='lat'><strong>:</strong></span> <span class='ocrx_word' id='word_1_477' title='bbox 2539 401 2608 456; x_wconf 87' lang='lat' dir='ltr'><strong>ita</strong></span> <span class='ocrx_word' id='word_1_478' title='bbox 2632 403 2760 458; x_wconf 90' lang='lat' dir='ltr'><strong>nihil</strong></span> <span class='ocrx_word' id='word_1_479' title='bbox 2784 406 2923 474; x_wconf 88' lang='lat' dir='ltr'><strong>apud</strong></span> <span class='ocrx_word' id='word_1_480' title='bbox 2953 405 3072 464; x_wconf 87' lang='lat' dir='ltr'><strong>illos</strong></span> <span class='ocrx_word' id='word_1_481' title='bbox 3100 408 3414 468; x_wconf 85' lang='lat' dir='ltr'><strong>intentatum</strong></span> <span class='ocrx_word' id='word_1_482' title='bbox 3443 428 3576 471; x_wconf 88' lang='lat' dir='ltr'><strong>erat.</strong></span> <span class='ocrx_word' id='word_1_483' title='bbox 3605 423 3669 476; x_wconf 78' lang='lat' dir='ltr'><strong>Et</strong></span> 
     </span>
    </p>
   </div>
   <div class='ocr_carea' id='block_1_63' title="bbox 2085 491 3669 564">
    <p class='ocr_par' dir='ltr' id='par_1_63' title="bbox 2085 491 3669 564">
     <span class='ocr_line' id='line_1_63' title="bbox 2085 491 3669 564; baseline 0.014 -24"><span class='ocrx_word' id='word_1_484' title='bbox 2085 491 2402 545; x_wconf 88' lang='lat' dir='ltr'><strong>sententiam</strong></span> <span class='ocrx_word' id='word_1_485' title='bbox 2452 493 2723 561; x_wconf 89' lang='lat' dir='ltr'><strong>inducunt,</strong></span> <span class='ocrx_word' id='word_1_486' title='bbox 2753 499 3103 555; x_wconf 85' lang='lat' dir='ltr'><strong>etactioncm</strong></span> <span class='ocrx_word' id='word_1_487' title='bbox 3153 503 3489 560; x_wconf 85' lang='lat' dir='ltr'><strong>denuntiant.</strong></span> <span class='ocrx_word' id='word_1_488' title='bbox 3541 508 3669 564; x_wconf 88' lang='lat' dir='ltr'><strong>Cum</strong></span> 
     </span>
    </p>
   </div>
   <div class='ocr_carea' id='block_1_64' title="bbox 2085 580 3668 655">
    <p class='ocr_par' dir='ltr' id='par_1_64' title="bbox 2085 580 3668 655">
     <span class='ocr_line' id='line_1_64' title="bbox 2085 580 3668 655; baseline 0.015 -25"><span class='ocrx_word' id='word_1_489' title='bbox 2085 580 2306 634; x_wconf 80' lang='lat' dir='ltr'><strong>audisset</strong></span> <span class='ocrx_word' id='word_1_490' title='bbox 2327 593 2493 636; x_wconf 85' lang='lat' dir='ltr'><strong>autem</strong></span> <span class='ocrx_word' id='word_1_491' title='bbox 2518 587 2656 654; x_wconf 83' lang='lat' dir='ltr'><strong>ﬁlius</strong></span> <span class='ocrx_word' id='word_1_492' title='bbox 2679 589 2868 642; x_wconf 84' lang='lat' dir='ltr'><strong>sororis</strong></span> <span class='ocrx_word' id='word_1_493' title='bbox 2893 588 3046 645; x_wconf 85' lang='lat' dir='ltr'><strong>Pauli</strong></span> <span class='ocrx_word' id='word_1_494' title='bbox 3070 593 3300 650; x_wconf 86' lang='lat' dir='ltr'><strong>insidias.</strong></span> <span class='ocrx_word' id='word_1_495' title='bbox 3349 597 3460 652; x_wconf 79' lang='lat' dir='ltr'><strong>[loc</strong></span> <span class='ocrx_word' id='word_1_496' title='bbox 3487 615 3553 655; x_wconf 78' lang='lat' dir='ltr'><strong>ex</strong></span> <span class='ocrx_word' id='word_1_497' title='bbox 3581 602 3668 654; x_wconf 76' lang='lat' dir='ltr'><strong>di—</strong></span> 
     </span>
    </p>
   </div>
   <div class='ocr_carea' id='block_1_65' title="bbox 2085 671 3668 746">
    <p class='ocr_par' dir='ltr' id='par_1_65' title="bbox 2085 671 3668 746">
     <span class='ocr_line' id='line_1_65' title="bbox 2085 671 3668 746; baseline 0.013 -24"><span class='ocrx_word' id='word_1_498' title='bbox 2085 671 2205 724; x_wconf 82' lang='lat' dir='ltr'><strong>vina</strong></span> <span class='ocrx_word' id='word_1_499' title='bbox 2231 671 2648 742; x_wconf 83' lang='lat' dir='ltr'><strong>dispensatione,</strong></span> <span class='ocrx_word' id='word_1_500' title='bbox 2674 678 2815 746; x_wconf 87' lang='lat' dir='ltr'><strong>quod</strong></span> <span class='ocrx_word' id='word_1_501' title='bbox 2834 681 3101 736; x_wconf 87' lang='lat' dir='ltr'><strong>nescirent</strong></span> <span class='ocrx_word' id='word_1_502' title='bbox 3117 683 3167 736; x_wconf 93' lang='lat' dir='ltr'><strong>id</strong></span> <span class='ocrx_word' id='word_1_503' title='bbox 3184 686 3410 740; x_wconf 79' lang='lat' dir='ltr'><strong>audiend</strong></span> <span class='ocrx_word' id='word_1_504' title='bbox 3420 704 3506 742; x_wconf 90' lang='lat' dir='ltr'><strong>um</strong></span> <span class='ocrx_word' id='word_1_505' title='bbox 3525 704 3668 746; x_wconf 81' lang='lat' dir='ltr'><strong>esse.</strong></span> 
     </span>
    </p>
   </div>
   <div class='ocr_carea' id='block_1_66' title="bbox 2153 759 3664 839">
    <p class='ocr_par' dir='ltr' id='par_1_66' title="bbox 2153 759 3664 839">
     <span class='ocr_line' id='line_1_66' title="bbox 2153 759 3664 839; baseline 0.013 -25"><span class='ocrx_word' id='word_1_506' title='bbox 2153 759 2311 816; x_wconf 86' lang='lat' dir='ltr'><strong>Pauli</strong></span> <span class='ocrx_word' id='word_1_507' title='bbox 2348 763 2583 831; x_wconf 82' lang='lat' dir='ltr'><strong>ﬁrmitas.</strong></span> <span class='ocrx_word' id='word_1_508' title='bbox 2605 796 2676 806; x_wconf 97' lang='lat'><strong>—</strong></span> <span class='ocrx_word' id='word_1_509' title='bbox 2694 767 2830 835; x_wconf 87' lang='lat' dir='ltr'><strong>Quid</strong></span> <span class='ocrx_word' id='word_1_510' title='bbox 2861 784 2989 839; x_wconf 85' lang='lat' dir='ltr'><strong>ergo</strong></span> <span class='ocrx_word' id='word_1_511' title='bbox 3016 771 3252 828; x_wconf 85' lang='lat' dir='ltr'><strong>Paulus?</strong></span> <span class='ocrx_word' id='word_1_512' title='bbox 3279 774 3394 829; x_wconf 90' lang='lat' dir='ltr'><strong>Non</strong></span> <span class='ocrx_word' id='word_1_513' title='bbox 3423 778 3664 834; x_wconf 87' lang='lat' dir='ltr'><strong>turbatus</strong></span> 
     </span>
    </p>
   </div>
   <div class='ocr_carea' id='block_1_67' title="bbox 2084 851 3666 929">
    <p class='ocr_par' dir='ltr' id='par_1_67' title="bbox 2084 851 3666 929">
     <span class='ocr_line' id='line_1_67' title="bbox 2084 851 3666 929; baseline 0.012 -25"><span class='ocrx_word' id='word_1_514' title='bbox 2084 861 2186 915; x_wconf 90' lang='lat' dir='ltr'><strong>est,</strong></span> <span class='ocrx_word' id='word_1_515' title='bbox 2219 851 2312 907; x_wconf 88' lang='lat' dir='ltr'><strong>sed</strong></span> <span class='ocrx_word' id='word_1_516' title='bbox 2341 853 2600 911; x_wconf 78' lang='lat' dir='ltr'><strong>intellexit</strong></span> <span class='ocrx_word' id='word_1_517' title='bbox 2627 857 2865 914; x_wconf 83' lang='lat' dir='ltr'><strong>divinum</strong></span> <span class='ocrx_word' id='word_1_518' title='bbox 2895 875 3029 929; x_wconf 88' lang='lat' dir='ltr'><strong>opus</strong></span> <span class='ocrx_word' id='word_1_519' title='bbox 3050 877 3170 917; x_wconf 87' lang='lat' dir='ltr'><strong>esse</strong></span> <span class='ocrx_word' id='word_1_520' title='bbox 3195 880 3208 915; x_wconf 90' lang='lat'><strong>:</strong></span> <span class='ocrx_word' id='word_1_521' title='bbox 3237 875 3292 918; x_wconf 89' lang='lat' dir='ltr'><strong>et</strong></span> <span class='ocrx_word' id='word_1_522' title='bbox 3321 873 3486 920; x_wconf 90' lang='lat' dir='ltr'><strong>totum</strong></span> <span class='ocrx_word' id='word_1_523' title='bbox 3521 869 3572 921; x_wconf 91' lang='lat' dir='ltr'><strong>in</strong></span> <span class='ocrx_word' id='word_1_524' title='bbox 3602 871 3666 923; x_wconf 80' lang='lat' dir='ltr'><strong>il-</strong></span> 
     </span>
    </p>
   </div>
   <div class='ocr_carea' id='block_1_68' title="bbox 2087 941 3664 1024">
    <p class='ocr_par' dir='ltr' id='par_1_68' title="bbox 2087 941 3664 1024">
     <span class='ocr_line' id='line_1_68' title="bbox 2087 941 3664 1024; baseline 0.012 -29"><span class='ocrx_word' id='word_1_525' title='bbox 2087 941 2192 996; x_wconf 91' lang='lat' dir='ltr'><strong>lum</strong></span> <span class='ocrx_word' id='word_1_526' title='bbox 2221 944 2531 1014; x_wconf 87' lang='lat' dir='ltr'><strong>conjiciens,</strong></span> <span class='ocrx_word' id='word_1_527' title='bbox 2562 963 2629 1002; x_wconf 80' lang='lat' dir='ltr'><strong>ex</strong></span> <span class='ocrx_word' id='word_1_528' title='bbox 2656 964 2717 1003; x_wconf 90' lang='lat' dir='ltr'><strong>ea</strong></span> <span class='ocrx_word' id='word_1_529' title='bbox 2749 967 2811 1007; x_wconf 86' lang='lat' dir='ltr'><strong>re</strong></span> <span class='ocrx_word' id='word_1_530' title='bbox 2829 951 3054 1007; x_wconf 87' lang='lat' dir='ltr'><strong>salutem</strong></span> <span class='ocrx_word' id='word_1_531' title='bbox 3083 965 3269 1009; x_wconf 90' lang='lat' dir='ltr'><strong>nactus</strong></span> <span class='ocrx_word' id='word_1_532' title='bbox 3297 966 3398 1011; x_wconf 90' lang='lat' dir='ltr'><strong>est.</strong></span> <span class='ocrx_word' id='word_1_533' title='bbox 3432 959 3497 1012; x_wconf 84' lang='lat' dir='ltr'><strong>Et</strong></span> <span class='ocrx_word' id='word_1_534' title='bbox 3523 961 3664 1024; x_wconf 83' lang='lat' dir='ltr'><strong>vide,</strong></span> 
     </span>
    </p>
   </div>
   <div class='ocr_carea' id='block_1_69' title="bbox 2086 1035 3668 1114">
    <p class='ocr_par' dir='ltr' id='par_1_69' title="bbox 2086 1035 3668 1114">
     <span class='ocr_line' id='line_1_69' title="bbox 2086 1035 3668 1114; baseline 0.013 -29"><span class='ocrx_word' id='word_1_535' title='bbox 2086 1035 2352 1103; x_wconf 87' lang='lat' dir='ltr'><strong>quomodo</strong></span> <span class='ocrx_word' id='word_1_536' title='bbox 2392 1037 2530 1093; x_wconf 89' lang='lat' dir='ltr'><strong>Deus</strong></span> <span class='ocrx_word' id='word_1_537' title='bbox 2577 1040 2754 1094; x_wconf 89' lang='lat' dir='ltr'><strong>omnia</strong></span> <span class='ocrx_word' id='word_1_538' title='bbox 2784 1041 2834 1093; x_wconf 90' lang='lat' dir='ltr'><strong>in</strong></span> <span class='ocrx_word' id='word_1_539' title='bbox 2862 1042 3058 1096; x_wconf 87' lang='lat' dir='ltr'><strong>bonttm</strong></span> <span class='ocrx_word' id='word_1_540' title='bbox 3113 1045 3410 1114; x_wconf 88' lang='lat' dir='ltr'><strong>provideat.</strong></span> <span class='ocrx_word' id='word_1_541' title='bbox 3443 1048 3668 1105; x_wconf 88' lang='lat' dir='ltr'><strong>Insidias</strong></span> 
     </span>
    </p>
   </div>
   <div class='ocr_carea' id='block_1_70' title="bbox 2087 1127 3668 1207">
    <p class='ocr_par' dir='ltr' id='par_1_70' title="bbox 2087 1127 3668 1207">
     <span class='ocr_line' id='line_1_70' title="bbox 2087 1127 3668 1207; baseline 0.012 -30"><span class='ocrx_word' id='word_1_542' title='bbox 2087 1127 2292 1179; x_wconf 85' lang='lat' dir='ltr'><strong>nuntiat</strong></span> <span class='ocrx_word' id='word_1_543' title='bbox 2315 1127 2646 1196; x_wconf 72' lang='lat' dir='ltr'><strong>adulescens,</strong></span> <span class='ocrx_word' id='word_1_544' title='bbox 2680 1132 2940 1187; x_wconf 89' lang='lat' dir='ltr'><strong>creditum</strong></span> <span class='ocrx_word' id='word_1_545' title='bbox 2967 1144 3049 1188; x_wconf 92' lang='lat' dir='ltr'><strong>cst</strong></span> <span class='ocrx_word' id='word_1_546' title='bbox 3073 1136 3142 1199; x_wconf 85' lang='lat' dir='ltr'><strong>ei,</strong></span> <span class='ocrx_word' id='word_1_547' title='bbox 3170 1146 3223 1190; x_wconf 87' lang='lat' dir='ltr'><strong>et</strong></span> <span class='ocrx_word' id='word_1_548' title='bbox 3247 1138 3324 1192; x_wconf 92' lang='lat' dir='ltr'><strong>sic</strong></span> <span class='ocrx_word' id='word_1_549' title='bbox 3351 1148 3530 1207; x_wconf 85' lang='lat' dir='ltr'><strong>postea</strong></span> <span class='ocrx_word' id='word_1_550' title='bbox 3556 1156 3668 1195; x_wconf 87' lang='lat' dir='ltr'><strong>scr-</strong></span> 
     </span>
    </p>
   </div>
   <div class='ocr_carea' id='block_1_71' title="bbox 2086 1219 3667 1298">
    <p class='ocr_par' dir='ltr' id='par_1_71' title="bbox 2086 1219 3667 1298">
     <span class='ocr_line' id='line_1_71' title="bbox 2086 1219 3667 1298; baseline 0.011 -28"><span class='ocrx_word' id='word_1_551' title='bbox 2086 1226 2242 1272; x_wconf 88' lang='lat' dir='ltr'><strong>vatur</strong></span> <span class='ocrx_word' id='word_1_552' title='bbox 2284 1219 2499 1276; x_wconf 87' lang='lat' dir='ltr'><strong>Paulus.</strong></span> <span class='ocrx_word' id='word_1_553' title='bbox 2538 1223 2607 1277; x_wconf 87' lang='lat' dir='ltr'><strong>Et</strong></span> <span class='ocrx_word' id='word_1_554' title='bbox 2639 1225 2684 1278; x_wconf 91' lang='lat' dir='ltr'><strong>si</strong></span> <span class='ocrx_word' id='word_1_555' title='bbox 2722 1240 2750 1276; x_wconf 88' lang='lat' dir='ltr'><strong>a</strong></span> <span class='ocrx_word' id='word_1_556' title='bbox 2790 1238 2948 1280; x_wconf 89' lang='lat' dir='ltr'><strong>causa</strong></span> <span class='ocrx_word' id='word_1_557' title='bbox 2979 1227 3098 1294; x_wconf 91' lang='lat' dir='ltr'><strong>illa,</strong></span> <span class='ocrx_word' id='word_1_558' title='bbox 3131 1229 3358 1298; x_wconf 86' lang='lat' dir='ltr'><strong>inquies,</strong></span> <span class='ocrx_word' id='word_1_559' title='bbox 3391 1231 3667 1288; x_wconf 83' lang='lat' dir='ltr'><strong>absolutus</strong></span> 
     </span>
    </p>
   </div>
   <div class='ocr_carea' id='block_1_72' title="bbox 2085 1313 3666 1385">
    <p class='ocr_par' dir='ltr' id='par_1_72' title="bbox 2085 1313 3666 1385">
     <span class='ocr_line' id='line_1_72' title="bbox 2085 1313 3666 1385; baseline 0.011 -24"><span class='ocrx_word' id='word_1_560' title='bbox 2085 1319 2186 1374; x_wconf 88' lang='lat' dir='ltr'><strong>est,</strong></span> <span class='ocrx_word' id='word_1_561' title='bbox 2214 1324 2311 1365; x_wconf 91' lang='lat' dir='ltr'><strong>cur</strong></span> <span class='ocrx_word' id='word_1_562' title='bbox 2336 1313 2597 1367; x_wconf 87' lang='lat' dir='ltr'><strong>miserunt</strong></span> <span class='ocrx_word' id='word_1_563' title='bbox 2621 1325 2959 1371; x_wconf 77' lang='lat' dir='ltr'><strong>accusatores</strong></span> <span class='ocrx_word' id='word_1_564' title='bbox 2979 1318 3001 1370; x_wconf 84' lang='lat'><strong>?</strong></span> <span class='ocrx_word' id='word_1_565' title='bbox 3022 1317 3092 1373; x_wconf 83' lang='lat' dir='ltr'><strong>Ut</strong></span> <span class='ocrx_word' id='word_1_566' title='bbox 3117 1322 3415 1385; x_wconf 81' lang='lat' dir='ltr'><strong>accuratius</strong></span> <span class='ocrx_word' id='word_1_567' title='bbox 3442 1338 3666 1378; x_wconf 79' lang='lat' dir='ltr'><strong>examen</strong></span> 
     </span>
    </p>
   </div>
   <div class='ocr_carea' id='block_1_73' title="bbox 2087 1399 3664 1478">
    <p class='ocr_par' dir='ltr' id='par_1_73' title="bbox 2087 1399 3664 1478">
     <span class='ocr_line' id='line_1_73' title="bbox 2087 1399 3664 1478; baseline 0.01 -25"><span class='ocrx_word' id='word_1_568' title='bbox 2087 1399 2278 1466; x_wconf 84' lang='lat' dir='ltr'><strong>ﬁeret;</strong></span> <span class='ocrx_word' id='word_1_569' title='bbox 2334 1412 2392 1456; x_wconf 91' lang='lat' dir='ltr'><strong>ut</strong></span> <span class='ocrx_word' id='word_1_570' title='bbox 2441 1404 2610 1474; x_wconf 86' lang='lat' dir='ltr'><strong>magis</strong></span> <span class='ocrx_word' id='word_1_571' title='bbox 2665 1405 2756 1461; x_wconf 88' lang='lat' dir='ltr'><strong>ille</strong></span> <span class='ocrx_word' id='word_1_572' title='bbox 2811 1418 3148 1478; x_wconf 85' lang='lat' dir='ltr'><strong>purgaretur.</strong></span> <span class='ocrx_word' id='word_1_573' title='bbox 3196 1409 3353 1466; x_wconf 89' lang='lat' dir='ltr'><strong>Tales</strong></span> <span class='ocrx_word' id='word_1_574' title='bbox 3397 1422 3521 1466; x_wconf 91' lang='lat' dir='ltr'><strong>sunt</strong></span> <span class='ocrx_word' id='word_1_575' title='bbox 3569 1413 3664 1469; x_wconf 88' lang='lat' dir='ltr'><strong>Dei</strong></span> 
     </span>
    </p>
   </div>
   <div class='ocr_carea' id='block_1_74' title="bbox 2085 1492 3655 1574">
    <p class='ocr_par' dir='ltr' id='par_1_74' title="bbox 2085 1492 3655 1574">
     <span class='ocr_line' id='line_1_74' title="bbox 2085 1492 3655 1574; baseline 0.01 -28"><span class='ocrx_word' id='word_1_576' title='bbox 2085 1492 2508 1562; x_wconf 83' lang='lat' dir='ltr'><strong>dispensationes</strong></span> <span class='ocrx_word' id='word_1_577' title='bbox 2538 1513 2552 1551; x_wconf 92' lang='lat'><strong>:</strong></span> <span class='ocrx_word' id='word_1_578' title='bbox 2586 1513 2649 1552; x_wconf 84' lang='lat' dir='ltr'><strong>ex</strong></span> <span class='ocrx_word' id='word_1_579' title='bbox 2680 1499 2871 1569; x_wconf 86' lang='lat' dir='ltr'><strong>quibus</strong></span> <span class='ocrx_word' id='word_1_580' title='bbox 2898 1501 3169 1571; x_wconf 84' lang='lat' dir='ltr'><strong>laedimur,</strong></span> <span class='ocrx_word' id='word_1_581' title='bbox 3197 1518 3261 1558; x_wconf 78' lang='lat' dir='ltr'><strong>ex</strong></span> <span class='ocrx_word' id='word_1_582' title='bbox 3298 1505 3362 1560; x_wconf 90' lang='lat' dir='ltr'><strong>iis</strong></span> <span class='ocrx_word' id='word_1_583' title='bbox 3390 1507 3655 1574; x_wconf 85' lang='lat' dir='ltr'><strong>jnvamur.</strong></span> 
     </span>
    </p>
   </div>
   <div class='ocr_carea' id='block_1_75' title="bbox 2085 1584 3657 1662">
    <p class='ocr_par' dir='ltr' id='par_1_75' title="bbox 2085 1584 3657 1662">
     <span class='ocr_line' id='line_1_75' title="bbox 2085 1584 3657 1662; baseline 0.011 -25"><span class='ocrx_word' id='word_1_584' title='bbox 2085 1584 2162 1639; x_wconf 89' lang='lat' dir='ltr'><strong>sic</strong></span> <span class='ocrx_word' id='word_1_585' title='bbox 2190 1595 2244 1640; x_wconf 91' lang='lat' dir='ltr'><strong>et</strong></span> <span class='ocrx_word' id='word_1_586' title='bbox 2269 1586 2466 1657; x_wconf 87' lang='lat' dir='ltr'><strong>Joseph</strong></span> <span class='ocrx_word' id='word_1_587' title='bbox 2494 1588 2699 1645; x_wconf 90' lang='lat' dir='ltr'><strong>insidiis</strong></span> <span class='ocrx_word' id='word_1_588' title='bbox 2728 1591 3086 1660; x_wconf 85' lang='lat' dir='ltr'><strong>impetebatur</strong></span> <span class='ocrx_word' id='word_1_589' title='bbox 3115 1610 3143 1646; x_wconf 90' lang='lat' dir='ltr'><strong>a</strong></span> <span class='ocrx_word' id='word_1_590' title='bbox 3175 1594 3420 1662; x_wconf 86' lang='lat' dir='ltr'><strong>domina;</strong></span> <span class='ocrx_word' id='word_1_591' title='bbox 3453 1607 3511 1653; x_wconf 90' lang='lat' dir='ltr'><strong>et</strong></span> <span class='ocrx_word' id='word_1_592' title='bbox 3529 1598 3657 1654; x_wconf 80' lang='lat' dir='ltr'><strong>dum</strong></span> 
     </span>
    </p>
   </div>
   <div class='ocr_carea' id='block_1_76' title="bbox 2086 1675 3662 1749">
    <p class='ocr_par' dir='ltr' id='par_1_76' title="bbox 2086 1675 3662 1749">
     <span class='ocr_line' id='line_1_76' title="bbox 2086 1675 3662 1749; baseline 0.01 -19"><span class='ocrx_word' id='word_1_593' title='bbox 2086 1675 2177 1730; x_wconf 91' lang='lat' dir='ltr'><strong>illa</strong></span> <span class='ocrx_word' id='word_1_594' title='bbox 2232 1677 2505 1734; x_wconf 85' lang='lat' dir='ltr'><strong>videretur</strong></span> <span class='ocrx_word' id='word_1_595' title='bbox 2531 1680 2608 1736; x_wconf 91' lang='lat' dir='ltr'><strong>illi</strong></span> <span class='ocrx_word' id='word_1_596' title='bbox 2640 1681 2906 1749; x_wconf 87' lang='lat' dir='ltr'><strong>insidiari,</strong></span> <span class='ocrx_word' id='word_1_597' title='bbox 2932 1685 2982 1737; x_wconf 93' lang='lat' dir='ltr'><strong>in</strong></span> <span class='ocrx_word' id='word_1_598' title='bbox 3013 1686 3301 1741; x_wconf 84' lang='lat' dir='ltr'><strong>securitate</strong></span> <span class='ocrx_word' id='word_1_599' title='bbox 3347 1690 3619 1744; x_wconf 85' lang='lat' dir='ltr'><strong>constituit</strong></span> <span class='ocrx_word' id='word_1_600' title='bbox 3648 1709 3662 1746; x_wconf 95' lang='lat'><strong>:</strong></span> 
     </span>
    </p>
   </div>
   <div class='ocr_carea' id='block_1_77' title="bbox 2084 1769 3662 1851">
    <p class='ocr_par' dir='ltr' id='par_1_77' title="bbox 2084 1769 3662 1851">
     <span class='ocr_line' id='line_1_77' title="bbox 2084 1769 3662 1851; baseline 0.009 -31"><span class='ocrx_word' id='word_1_601' title='bbox 2084 1781 2271 1822; x_wconf 83' lang='lat' dir='ltr'><strong>carcer</strong></span> <span class='ocrx_word' id='word_1_602' title='bbox 2298 1769 2438 1824; x_wconf 91' lang='lat' dir='ltr'><strong>enim</strong></span> <span class='ocrx_word' id='word_1_603' title='bbox 2472 1771 2629 1841; x_wconf 82' lang='lat' dir='ltr'><strong>longe</strong></span> <span class='ocrx_word' id='word_1_604' title='bbox 2659 1773 2838 1828; x_wconf 89' lang='lat' dir='ltr'><strong>mitior</strong></span> <span class='ocrx_word' id='word_1_605' title='bbox 2864 1783 2980 1829; x_wconf 89' lang='lat' dir='ltr'><strong>erat</strong></span> <span class='ocrx_word' id='word_1_606' title='bbox 3006 1775 3169 1832; x_wconf 89' lang='lat' dir='ltr'><strong>domo</strong></span> <span class='ocrx_word' id='word_1_607' title='bbox 3191 1778 3210 1850; x_wconf 89' lang='lat'>(</span> <span class='ocrx_word' id='word_1_608' title='bbox 3230 1776 3358 1834; x_wconf 85' lang='lat' dir='ltr'><strong>Cen.</strong></span> <span class='ocrx_word' id='word_1_609' title='bbox 3411 1780 3516 1851; x_wconf 76' lang='lat'><strong>39)</strong></span> <span class='ocrx_word' id='word_1_610' title='bbox 3541 1823 3556 1848; x_wconf 95' lang='lat'><strong>,</strong></span> <span class='ocrx_word' id='word_1_611' title='bbox 3611 1783 3662 1835; x_wconf 91' lang='lat' dir='ltr'><strong>in</strong></span> 
     </span>
    </p>
   </div>
   <div class='ocr_carea' id='block_1_78' title="bbox 2084 1858 3663 1937">
    <p class='ocr_par' dir='ltr' id='par_1_78' title="bbox 2084 1858 3663 1937">
     <span class='ocr_line' id='line_1_78' title="bbox 2084 1858 3663 1937; baseline 0.01 -26"><span class='ocrx_word' id='word_1_612' title='bbox 2084 1872 2191 1926; x_wconf 85' lang='lat' dir='ltr'><strong>qua</strong></span> <span class='ocrx_word' id='word_1_613' title='bbox 2227 1858 2342 1913; x_wconf 91' lang='lat' dir='ltr'><strong>fera</strong></span> <span class='ocrx_word' id='word_1_614' title='bbox 2392 1861 2480 1915; x_wconf 89' lang='lat' dir='ltr'><strong>illa</strong></span> <span class='ocrx_word' id='word_1_615' title='bbox 2511 1864 2865 1918; x_wconf 88' lang='lat' dir='ltr'><strong>nutriebatur.</strong></span> <span class='ocrx_word' id='word_1_616' title='bbox 2919 1866 3031 1922; x_wconf 90' lang='lat' dir='ltr'><strong>Illic</strong></span> <span class='ocrx_word' id='word_1_617' title='bbox 3056 1869 3196 1921; x_wconf 89' lang='lat' dir='ltr'><strong>enim</strong></span> <span class='ocrx_word' id='word_1_618' title='bbox 3225 1883 3345 1923; x_wconf 91' lang='lat' dir='ltr'><strong>cum</strong></span> <span class='ocrx_word' id='word_1_619' title='bbox 3375 1880 3534 1937; x_wconf 88' lang='lat' dir='ltr'><strong>esset,</strong></span> <span class='ocrx_word' id='word_1_620' title='bbox 3563 1873 3663 1927; x_wconf 87' lang='lat' dir='ltr'><strong>etsi</strong></span> 
     </span>
    </p>
   </div>
   <div class='ocr_carea' id='block_1_79' title="bbox 2086 1950 3664 2026">
    <p class='ocr_par' dir='ltr' id='par_1_79' title="bbox 2086 1950 3664 2026">
     <span class='ocr_line' id='line_1_79' title="bbox 2086 1950 3664 2026; baseline 0.009 -25"><span class='ocrx_word' id='word_1_621' title='bbox 2086 1950 2477 2006; x_wconf 79' lang='lat' dir='ltr'><strong>niinistraretur</strong></span> <span class='ocrx_word' id='word_1_622' title='bbox 2499 1952 2618 2022; x_wconf 89' lang='lat' dir='ltr'><strong>ipsi,</strong></span> <span class='ocrx_word' id='word_1_623' title='bbox 2642 1962 2697 2008; x_wconf 92' lang='lat' dir='ltr'><strong>at</strong></span> <span class='ocrx_word' id='word_1_624' title='bbox 2724 1955 2774 2008; x_wconf 90' lang='lat' dir='ltr'><strong>in</strong></span> <span class='ocrx_word' id='word_1_625' title='bbox 2801 1965 2946 2010; x_wconf 91' lang='lat' dir='ltr'><strong>metu</strong></span> <span class='ocrx_word' id='word_1_626' title='bbox 2968 1970 3181 2026; x_wconf 88' lang='lat' dir='ltr'><strong>semper</strong></span> <span class='ocrx_word' id='word_1_627' title='bbox 3200 1969 3336 2025; x_wconf 89' lang='lat' dir='ltr'><strong>erat,</strong></span> <span class='ocrx_word' id='word_1_628' title='bbox 3362 1975 3428 2013; x_wconf 91' lang='lat' dir='ltr'><strong>nc</strong></span> <span class='ocrx_word' id='word_1_629' title='bbox 3449 1960 3664 2015; x_wconf 86' lang='lat' dir='ltr'><strong>domina</strong></span> 
     </span>
    </p>
   </div>
   <div class='ocr_carea' id='block_1_80' title="bbox 2083 2041 3664 2116">
    <p class='ocr_par' dir='ltr' id='par_1_80' title="bbox 2083 2041 3664 2116">
     <span class='ocr_line' id='line_1_80' title="bbox 2083 2041 3664 2116; baseline 0.009 -24"><span class='ocrx_word' id='word_1_630' title='bbox 2083 2053 2143 2092; x_wconf 89' lang='lat' dir='ltr'><strong>se</strong></span> <span class='ocrx_word' id='word_1_631' title='bbox 2168 2041 2546 2111; x_wconf 79' lang='lat' dir='ltr'><strong>aggrederetur</strong></span> <span class='ocrx_word' id='word_1_632' title='bbox 2569 2084 2584 2108; x_wconf 95' lang='lat'><strong>,</strong></span> <span class='ocrx_word' id='word_1_633' title='bbox 2618 2052 2672 2099; x_wconf 88' lang='lat' dir='ltr'><strong>et</strong></span> <span class='ocrx_word' id='word_1_634' title='bbox 2696 2059 2916 2099; x_wconf 87' lang='lat' dir='ltr'><strong>carcere</strong></span> <span class='ocrx_word' id='word_1_635' title='bbox 2945 2049 3162 2116; x_wconf 78' lang='lat' dir='ltr'><strong>gravior</strong></span> <span class='ocrx_word' id='word_1_636' title='bbox 3191 2049 3265 2104; x_wconf 91' lang='lat' dir='ltr'><strong>illi</strong></span> <span class='ocrx_word' id='word_1_637' title='bbox 3297 2059 3468 2105; x_wconf 87' lang='lat' dir='ltr'><strong>metus</strong></span> <span class='ocrx_word' id='word_1_638' title='bbox 3498 2052 3664 2107; x_wconf 84' lang='lat' dir='ltr'><strong>insta-</strong></span> 
     </span>
    </p>
   </div>
   <div class='ocr_carea' id='block_1_81' title="bbox 2083 2129 3663 2202">
    <p class='ocr_par' dir='ltr' id='par_1_81' title="bbox 2083 2129 3663 2202">
     <span class='ocr_line' id='line_1_81' title="bbox 2083 2129 3663 2202; baseline 0.009 -18"><span class='ocrx_word' id='word_1_639' title='bbox 2083 2129 2172 2185; x_wconf 89' lang='lat' dir='ltr'><strong>bat</strong></span> <span class='ocrx_word' id='word_1_640' title='bbox 2200 2151 2212 2186; x_wconf 90' lang='lat'><strong>:</strong></span> <span class='ocrx_word' id='word_1_641' title='bbox 2245 2142 2364 2202; x_wconf 87' lang='lat' dir='ltr'><strong>post</strong></span> <span class='ocrx_word' id='word_1_642' title='bbox 2391 2134 2786 2190; x_wconf 90' lang='lat' dir='ltr'><strong>accusationem</strong></span> <span class='ocrx_word' id='word_1_643' title='bbox 2813 2145 2989 2191; x_wconf 88' lang='lat' dir='ltr'><strong>autem</strong></span> <span class='ocrx_word' id='word_1_644' title='bbox 3023 2138 3074 2191; x_wconf 91' lang='lat' dir='ltr'><strong>in</strong></span> <span class='ocrx_word' id='word_1_645' title='bbox 3105 2141 3396 2195; x_wconf 88' lang='lat' dir='ltr'><strong>securitate</strong></span> <span class='ocrx_word' id='word_1_646' title='bbox 3448 2142 3663 2198; x_wconf 89' lang='lat' dir='ltr'><strong>demum</strong></span> 
     </span>
    </p>
   </div>
   <div class='ocr_carea' id='block_1_82' title="bbox 2084 2223 3666 2300">
    <p class='ocr_par' dir='ltr' id='par_1_82' title="bbox 2084 2223 3666 2300">
     <span class='ocr_line' id='line_1_82' title="bbox 2084 2223 3666 2300; baseline 0.009 -26"><span class='ocrx_word' id='word_1_647' title='bbox 2084 2232 2138 2275; x_wconf 91' lang='lat' dir='ltr'><strong>et</strong></span> <span class='ocrx_word' id='word_1_648' title='bbox 2189 2223 2369 2292; x_wconf 89' lang='lat' dir='ltr'><strong>quiete</strong></span> <span class='ocrx_word' id='word_1_649' title='bbox 2414 2223 2662 2294; x_wconf 76' lang='lat' dir='ltr'><strong>degebat,</strong></span> <span class='ocrx_word' id='word_1_650' title='bbox 2693 2225 2762 2280; x_wconf 91' lang='lat' dir='ltr'><strong>ab</strong></span> <span class='ocrx_word' id='word_1_651' title='bbox 2803 2227 2946 2282; x_wconf 91' lang='lat' dir='ltr'><strong>illius</strong></span> <span class='ocrx_word' id='word_1_652' title='bbox 2985 2227 3113 2284; x_wconf 72' lang='lat' dir='ltr'><strong>ferat</strong></span> <span class='ocrx_word' id='word_1_653' title='bbox 3156 2239 3210 2284; x_wconf 92' lang='lat' dir='ltr'><strong>et</strong></span> <span class='ocrx_word' id='word_1_654' title='bbox 3261 2231 3587 2300; x_wconf 86' lang='lat' dir='ltr'><strong>turpitudine</strong></span> <span class='ocrx_word' id='word_1_655' title='bbox 3611 2245 3666 2288; x_wconf 87' lang='lat' dir='ltr'><strong>et</strong></span> 
     </span>
    </p>
   </div>
   <div class='ocr_carea' id='block_1_83' title="bbox 2084 2312 3664 2391">
    <p class='ocr_par' dir='ltr' id='par_1_83' title="bbox 2084 2312 3664 2391">
     <span class='ocr_line' id='line_1_83' title="bbox 2084 2312 3664 2391; baseline 0.008 -25"><span class='ocrx_word' id='word_1_656' title='bbox 2084 2312 2290 2368; x_wconf 89' lang='lat' dir='ltr'><strong>insidiis</strong></span> <span class='ocrx_word' id='word_1_657' title='bbox 2346 2314 2600 2370; x_wconf 89' lang='lat' dir='ltr'><strong>liberatus</strong></span> <span class='ocrx_word' id='word_1_658' title='bbox 2635 2337 2648 2372; x_wconf 91' lang='lat'><strong>:</strong></span> <span class='ocrx_word' id='word_1_659' title='bbox 2675 2317 2964 2386; x_wconf 86' lang='lat' dir='ltr'><strong>jucundius</strong></span> <span class='ocrx_word' id='word_1_660' title='bbox 3013 2319 3156 2374; x_wconf 88' lang='lat' dir='ltr'><strong>enim</strong></span> <span class='ocrx_word' id='word_1_661' title='bbox 3210 2320 3312 2391; x_wconf 80' lang='lat' dir='ltr'><strong>ipsi</strong></span> <span class='ocrx_word' id='word_1_662' title='bbox 3368 2331 3487 2377; x_wconf 83' lang='lat' dir='ltr'><strong>erat</strong></span> <span class='ocrx_word' id='word_1_663' title='bbox 3543 2340 3664 2379; x_wconf 91' lang='lat' dir='ltr'><strong>cum</strong></span> 
     </span>
    </p>
   </div>
   <div class='ocr_carea' id='block_1_84' title="bbox 2085 2404 3668 2479">
    <p class='ocr_par' dir='ltr' id='par_1_84' title="bbox 2085 2404 3668 2479">
     <span class='ocr_line' id='line_1_84' title="bbox 2085 2404 3668 2479; baseline 0.009 -25"><span class='ocrx_word' id='word_1_664' title='bbox 2085 2406 2402 2459; x_wconf 52' lang='lat' dir='ltr'><strong>a‘rtnnnnsis</strong></span> <span class='ocrx_word' id='word_1_665' title='bbox 2430 2404 2733 2461; x_wconf 89' lang='lat' dir='ltr'><strong>hominibus</strong></span> <span class='ocrx_word' id='word_1_666' title='bbox 2760 2408 2976 2478; x_wconf 89' lang='lat' dir='ltr'><strong>degere,</strong></span> <span class='ocrx_word' id='word_1_667' title='bbox 3009 2424 3167 2479; x_wconf 77' lang='lat' dir='ltr'><strong>quam</strong></span> <span class='ocrx_word' id='word_1_668' title='bbox 3190 2425 3310 2466; x_wconf 91' lang='lat' dir='ltr'><strong>cum</strong></span> <span class='ocrx_word' id='word_1_669' title='bbox 3337 2411 3547 2469; x_wconf 90' lang='lat' dir='ltr'><strong>furente</strong></span> <span class='ocrx_word' id='word_1_670' title='bbox 3573 2414 3668 2468; x_wconf 90' lang='lat' dir='ltr'><strong>do-</strong></span> 
     </span>
    </p>
   </div>
   <div class='ocr_carea' id='block_1_85' title="bbox 2085 2491 3668 2574">
    <p class='ocr_par' dir='ltr' id='par_1_85' title="bbox 2085 2491 3668 2574">
     <span class='ocr_line' id='line_1_85' title="bbox 2085 2491 3668 2574; baseline 0.009 -29"><span class='ocrx_word' id='word_1_671' title='bbox 2085 2491 2245 2546; x_wconf 86' lang='lat' dir='ltr'><strong>mina.</strong></span> <span class='ocrx_word' id='word_1_672' title='bbox 2271 2491 2432 2546; x_wconf 84' lang='lat' dir='ltr'><strong>isthic</strong></span> <span class='ocrx_word' id='word_1_673' title='bbox 2452 2509 2579 2563; x_wconf 84' lang='lat' dir='ltr'><strong>ergo</strong></span> <span class='ocrx_word' id='word_1_674' title='bbox 2604 2495 2839 2565; x_wconf 85' lang='lat' dir='ltr'><strong>scipsum</strong></span> <span class='ocrx_word' id='word_1_675' title='bbox 2868 2499 3264 2567; x_wconf 79' lang='lat' dir='ltr'><strong>consolabatur,</strong></span> <span class='ocrx_word' id='word_1_676' title='bbox 3288 2501 3429 2571; x_wconf 83' lang='lat' dir='ltr'><strong>quod</strong></span> <span class='ocrx_word' id='word_1_677' title='bbox 3453 2513 3668 2574; x_wconf 77' lang='lat' dir='ltr'><strong>prOpter</strong></span> 
     </span>
    </p>
   </div>
   <div class='ocr_carea' id='block_1_86' title="bbox 2085 2582 3666 2660">
    <p class='ocr_par' dir='ltr' id='par_1_86' title="bbox 2085 2582 3666 2660">
     <span class='ocr_line' id='line_1_86' title="bbox 2085 2582 3666 2660; baseline 0.009 -26"><span class='ocrx_word' id='word_1_678' title='bbox 2085 2582 2380 2636; x_wconf 87' lang='lat' dir='ltr'><strong>castitatem</strong></span> <span class='ocrx_word' id='word_1_679' title='bbox 2429 2598 2496 2638; x_wconf 91' lang='lat' dir='ltr'><strong>eo</strong></span> <span class='ocrx_word' id='word_1_680' title='bbox 2543 2584 2846 2652; x_wconf 87' lang='lat' dir='ltr'><strong>incidisset;</strong></span> <span class='ocrx_word' id='word_1_681' title='bbox 2893 2587 3003 2644; x_wconf 90' lang='lat' dir='ltr'><strong>illic</strong></span> <span class='ocrx_word' id='word_1_682' title='bbox 3051 2605 3178 2645; x_wconf 89' lang='lat' dir='ltr'><strong>vero</strong></span> <span class='ocrx_word' id='word_1_683' title='bbox 3227 2591 3486 2660; x_wconf 83' lang='lat' dir='ltr'><strong>timebat,</strong></span> <span class='ocrx_word' id='word_1_684' title='bbox 3518 2609 3585 2648; x_wconf 89' lang='lat' dir='ltr'><strong>ne</strong></span> <span class='ocrx_word' id='word_1_685' title='bbox 3615 2596 3666 2648; x_wconf 91' lang='lat' dir='ltr'><strong>in</strong></span> 
     </span>
    </p>
   </div>
   <div class='ocr_carea' id='block_1_87' title="bbox 2084 2674 3669 2750">
    <p class='ocr_par' dir='ltr' id='par_1_87' title="bbox 2084 2674 3669 2750">
     <span class='ocr_line' id='line_1_87' title="bbox 2084 2674 3669 2750; baseline 0.008 -24"><span class='ocrx_word' id='word_1_686' title='bbox 2084 2674 2262 2727; x_wconf 87' lang='lat' dir='ltr'><strong>anima</strong></span> <span class='ocrx_word' id='word_1_687' title='bbox 2287 2675 2491 2744; x_wconf 83' lang='lat' dir='ltr'><strong>plagam</strong></span> <span class='ocrx_word' id='word_1_688' title='bbox 2516 2676 2822 2743; x_wconf 89' lang='lat' dir='ltr'><strong>acciperet:</strong></span> <span class='ocrx_word' id='word_1_689' title='bbox 2851 2679 3071 2734; x_wconf 81' lang='lat' dir='ltr'><strong>muliere</strong></span> <span class='ocrx_word' id='word_1_690' title='bbox 3090 2680 3286 2750; x_wconf 86' lang='lat' dir='ltr'><strong>quippe</strong></span> <span class='ocrx_word' id='word_1_691' title='bbox 3305 2692 3518 2738; x_wconf 84' lang='lat' dir='ltr'><strong>amante</strong></span> <span class='ocrx_word' id='word_1_692' title='bbox 3539 2685 3669 2740; x_wconf 92' lang='lat' dir='ltr'><strong>nihil</strong></span> 
     </span>
    </p>
   </div>
   <div class='ocr_carea' id='block_1_88' title="bbox 2086 2765 3668 2845">
    <p class='ocr_par' dir='ltr' id='par_1_88' title="bbox 2086 2765 3668 2845">
     <span class='ocr_line' id='line_1_88' title="bbox 2086 2765 3668 2845; baseline 0.008 -27"><span class='ocrx_word' id='word_1_693' title='bbox 2086 2765 2287 2820; x_wconf 82' lang='lat' dir='ltr'><strong>nolenti</strong></span> <span class='ocrx_word' id='word_1_694' title='bbox 2311 2765 2493 2835; x_wconf 88' lang='lat' dir='ltr'><strong>juveni</strong></span> <span class='ocrx_word' id='word_1_695' title='bbox 2524 2767 2832 2833; x_wconf 90' lang='lat' dir='ltr'><strong>molestius,</strong></span> <span class='ocrx_word' id='word_1_696' title='bbox 2858 2768 2988 2823; x_wconf 91' lang='lat' dir='ltr'><strong>nihil</strong></span> <span class='ocrx_word' id='word_1_697' title='bbox 3035 2770 3336 2839; x_wconf 86' lang='lat' dir='ltr'><strong>scelestius,</strong></span> <span class='ocrx_word' id='word_1_698' title='bbox 3369 2773 3498 2828; x_wconf 92' lang='lat' dir='ltr'><strong>nihil</strong></span> <span class='ocrx_word' id='word_1_699' title='bbox 3543 2791 3668 2845; x_wconf 83' lang='lat' dir='ltr'><strong>gra-</strong></span> 
     </span>
    </p>
   </div>
   <div class='ocr_carea' id='block_1_89' title="bbox 2084 2855 3671 2936">
    <p class='ocr_par' dir='ltr' id='par_1_89' title="bbox 2084 2855 3671 2936">
     <span class='ocr_line' id='line_1_89' title="bbox 2084 2855 3671 2936; baseline 0.008 -27"><span class='ocrx_word' id='word_1_700' title='bbox 2084 2855 2236 2911; x_wconf 83' lang='lat' dir='ltr'><strong>vius:</strong></span> <span class='ocrx_word' id='word_1_701' title='bbox 2264 2857 2510 2912; x_wconf 84' lang='lat' dir='ltr'><strong>omnibus</strong></span> <span class='ocrx_word' id='word_1_702' title='bbox 2537 2857 2640 2912; x_wconf 87' lang='lat' dir='ltr'><strong>hoc</strong></span> <span class='ocrx_word' id='word_1_703' title='bbox 2666 2859 2892 2915; x_wconf 89' lang='lat' dir='ltr'><strong>vinculis</strong></span> <span class='ocrx_word' id='word_1_704' title='bbox 2911 2861 3350 2917; x_wconf 86' lang='lat' dir='ltr'><strong>onerosissimum</strong></span> <span class='ocrx_word' id='word_1_705' title='bbox 3367 2874 3469 2918; x_wconf 91' lang='lat' dir='ltr'><strong>est.</strong></span> <span class='ocrx_word' id='word_1_706' title='bbox 3491 2863 3671 2936; x_wconf 80' lang='lat' dir='ltr'><strong>Itaque</strong></span> 
     </span>
    </p>
   </div>
   <div class='ocr_carea' id='block_1_90' title="bbox 2085 2945 3668 3014">
    <p class='ocr_par' dir='ltr' id='par_1_90' title="bbox 2085 2945 3668 3014">
     <span class='ocr_line' id='line_1_90' title="bbox 2085 2945 3668 3014; baseline 0.006 -14"><span class='ocrx_word' id='word_1_707' title='bbox 2085 2959 2191 3000; x_wconf 87' lang='lat' dir='ltr'><strong>non</strong></span> <span class='ocrx_word' id='word_1_708' title='bbox 2223 2945 2274 2999; x_wconf 91' lang='lat' dir='ltr'><strong>in</strong></span> <span class='ocrx_word' id='word_1_709' title='bbox 2302 2961 2571 3002; x_wconf 87' lang='lat' dir='ltr'><strong>carcerem</strong></span> <span class='ocrx_word' id='word_1_710' title='bbox 2603 2947 2824 3014; x_wconf 87' lang='lat' dir='ltr'><strong>incidit,</strong></span> <span class='ocrx_word' id='word_1_711' title='bbox 2851 2948 2947 3004; x_wconf 86' lang='lat' dir='ltr'><strong>sed</strong></span> <span class='ocrx_word' id='word_1_712' title='bbox 2967 2965 2996 3002; x_wconf 92' lang='lat' dir='ltr'><strong>a</strong></span> <span class='ocrx_word' id='word_1_713' title='bbox 3023 2963 3241 3006; x_wconf 86' lang='lat' dir='ltr'><strong>carcere</strong></span> <span class='ocrx_word' id='word_1_714' title='bbox 3262 2951 3516 3008; x_wconf 89' lang='lat' dir='ltr'><strong>liberatus</strong></span> <span class='ocrx_word' id='word_1_715' title='bbox 3545 2965 3626 3010; x_wconf 87' lang='lat' dir='ltr'><strong>est</strong></span> <span class='ocrx_word' id='word_1_716' title='bbox 3655 2974 3668 3010; x_wconf 91' lang='lat'><strong>:</strong></span> 
     </span>
    </p>
   </div>
   <div class='ocr_carea' id='block_1_91' title="bbox 2085 3036 3668 3107">
    <p class='ocr_par' dir='ltr' id='par_1_91' title="bbox 2085 3036 3668 3107">
     <span class='ocr_line' id='line_1_91' title="bbox 2085 3036 3668 3107; baseline 0.005 -13"><span class='ocrx_word' id='word_1_717' title='bbox 2085 3036 2356 3094; x_wconf 88' lang='lat' dir='ltr'><strong>inimicum</strong></span> <span class='ocrx_word' id='word_1_718' title='bbox 2389 3038 2463 3093; x_wconf 87' lang='lat' dir='ltr'><strong>illi</strong></span> <span class='ocrx_word' id='word_1_719' title='bbox 2493 3039 2729 3094; x_wconf 89' lang='lat' dir='ltr'><strong>reddidit</strong></span> <span class='ocrx_word' id='word_1_720' title='bbox 2759 3039 2970 3107; x_wconf 91' lang='lat' dir='ltr'><strong>herum,</strong></span> <span class='ocrx_word' id='word_1_721' title='bbox 3004 3041 3100 3097; x_wconf 88' lang='lat' dir='ltr'><strong>sed</strong></span> <span class='ocrx_word' id='word_1_722' title='bbox 3127 3043 3434 3100; x_wconf 85' lang='lat' dir='ltr'><strong>conciliavit</strong></span> <span class='ocrx_word' id='word_1_723' title='bbox 3458 3046 3627 3100; x_wconf 91' lang='lat' dir='ltr'><strong>Deum</strong></span> <span class='ocrx_word' id='word_1_724' title='bbox 3653 3067 3668 3103; x_wconf 93' lang='lat'><strong>:</strong></span> 
     </span>
    </p>
   </div>
   <div class='ocr_carea' id='block_1_92' title="bbox 2085 3131 3669 3208">
    <p class='ocr_par' dir='ltr' id='par_1_92' title="bbox 2085 3131 3669 3208">
     <span class='ocr_line' id='line_1_92' title="bbox 2085 3131 3669 3208; baseline 0.005 -22"><span class='ocrx_word' id='word_1_725' title='bbox 2085 3131 2478 3187; x_wconf 74' lang='lat' dir='ltr'><strong>familiariorem</strong></span> <span class='ocrx_word' id='word_1_726' title='bbox 2499 3134 2670 3204; x_wconf 90' lang='lat' dir='ltr'><strong>ipsum</strong></span> <span class='ocrx_word' id='word_1_727' title='bbox 2690 3133 2922 3190; x_wconf 87' lang='lat' dir='ltr'><strong>reddidit</strong></span> <span class='ocrx_word' id='word_1_728' title='bbox 2937 3149 3066 3191; x_wconf 86' lang='lat' dir='ltr'><strong>vero</strong></span> <span class='ocrx_word' id='word_1_729' title='bbox 3086 3135 3325 3204; x_wconf 80' lang='lat' dir='ltr'><strong>domino,</strong></span> <span class='ocrx_word' id='word_1_730' title='bbox 3345 3137 3500 3208; x_wconf 86' lang='lat' dir='ltr'><strong>cjecit</strong></span> <span class='ocrx_word' id='word_1_731' title='bbox 3521 3139 3669 3194; x_wconf 89' lang='lat' dir='ltr'><strong>illum</strong></span> 
     </span>
    </p>
   </div>
   <div class='ocr_carea' id='block_1_93' title="bbox 2084 3223 3671 3293">
    <p class='ocr_par' dir='ltr' id='par_1_93' title="bbox 2084 3223 3671 3293">
     <span class='ocr_line' id='line_1_93' title="bbox 2084 3223 3671 3293; baseline 0.006 -16"><span class='ocrx_word' id='word_1_732' title='bbox 2084 3236 2149 3278; x_wconf 84' lang='lat' dir='ltr'><strong>ex</strong></span> <span class='ocrx_word' id='word_1_733' title='bbox 2193 3223 2509 3292; x_wconf 66' lang='lat' dir='ltr'><strong>praefectura</strong></span> <span class='ocrx_word' id='word_1_734' title='bbox 2559 3224 2752 3280; x_wconf 83' lang='lat' dir='ltr'><strong>domus</strong></span> <span class='ocrx_word' id='word_1_735' title='bbox 2801 3239 2934 3293; x_wconf 71' lang='lat' dir='ltr'><strong>sum,</strong></span> <span class='ocrx_word' id='word_1_736' title='bbox 2961 3225 3054 3281; x_wconf 90' lang='lat' dir='ltr'><strong>sed</strong></span> <span class='ocrx_word' id='word_1_737' title='bbox 3079 3226 3298 3282; x_wconf 92' lang='lat' dir='ltr'><strong>domino</strong></span> <span class='ocrx_word' id='word_1_738' title='bbox 3320 3227 3671 3286; x_wconf 90' lang='lat' dir='ltr'><strong>domesticum</strong></span> 
     </span>
    </p>
   </div>
   <div class='ocr_carea' id='block_1_94' title="bbox 2084 3313 3670 3385">
    <p class='ocr_par' dir='ltr' id='par_1_94' title="bbox 2084 3313 3670 3385">
     <span class='ocr_line' id='line_1_94' title="bbox 2084 3313 3670 3385; baseline 0.003 -15"><span class='ocrx_word' id='word_1_739' title='bbox 2084 3313 2335 3370; x_wconf 79' lang='lat' dir='ltr'><strong>reddidit.</strong></span> <span class='ocrx_word' id='word_1_740' title='bbox 2381 3314 2610 3370; x_wconf 80' lang='lat' dir='ltr'><strong>Rursum</strong></span> <span class='ocrx_word' id='word_1_741' title='bbox 2636 3315 2827 3371; x_wconf 79' lang='lat' dir='ltr'><strong>fratres</strong></span> <span class='ocrx_word' id='word_1_742' title='bbox 2857 3316 3227 3385; x_wconf 89' lang='lat' dir='ltr'><strong>vendiderunt,</strong></span> <span class='ocrx_word' id='word_1_743' title='bbox 3255 3317 3348 3373; x_wconf 90' lang='lat' dir='ltr'><strong>sed</strong></span> <span class='ocrx_word' id='word_1_744' title='bbox 3377 3318 3670 3375; x_wconf 89' lang='lat' dir='ltr'><strong>liberarunt</strong></span> 
     </span>
    </p>
   </div>
   <div class='ocr_carea' id='block_1_95' title="bbox 2086 3407 3673 3470">
    <p class='ocr_par' dir='ltr' id='par_1_95' title="bbox 2086 3407 3673 3470">
     <span class='ocr_line' id='line_1_95' title="bbox 2086 3407 3673 3470; baseline 0.004 -9"><span class='ocrx_word' id='word_1_745' title='bbox 2086 3420 2208 3461; x_wconf 90' lang='lat' dir='ltr'><strong>cum</strong></span> <span class='ocrx_word' id='word_1_746' title='bbox 2237 3422 2270 3462; x_wconf 84' lang='lat' dir='ltr'><strong>a</strong></span> <span class='ocrx_word' id='word_1_747' title='bbox 2294 3407 2769 3464; x_wconf 86' lang='lat' dir='ltr'><strong>contubernalibus</strong></span> <span class='ocrx_word' id='word_1_748' title='bbox 2812 3408 3059 3469; x_wconf 87' lang='lat' dir='ltr'><strong>inimicis.</strong></span> <span class='ocrx_word' id='word_1_749' title='bbox 3110 3409 3178 3463; x_wconf 88' lang='lat' dir='ltr'><strong>ab</strong></span> <span class='ocrx_word' id='word_1_750' title='bbox 3199 3409 3396 3465; x_wconf 90' lang='lat' dir='ltr'><strong>invidia</strong></span> <span class='ocrx_word' id='word_1_751' title='bbox 3423 3421 3474 3466; x_wconf 89' lang='lat' dir='ltr'><strong>et</strong></span> <span class='ocrx_word' id='word_1_752' title='bbox 3506 3412 3673 3470; x_wconf 83' lang='lat' dir='ltr'><strong>livore</strong></span> 
     </span>
    </p>
   </div>
   <div class='ocr_carea' id='block_1_96' title="bbox 2087 3501 3676 3576">
    <p class='ocr_par' dir='ltr' id='par_1_96' title="bbox 2087 3501 3676 3576">
     <span class='ocr_line' id='line_1_96' title="bbox 2087 3501 3676 3576; baseline 0.004 -21"><span class='ocrx_word' id='word_1_753' title='bbox 2087 3501 2276 3568; x_wconf 84' lang='lat' dir='ltr'><strong>multo,</strong></span> <span class='ocrx_word' id='word_1_754' title='bbox 2303 3517 2332 3556; x_wconf 90' lang='lat' dir='ltr'><strong>a</strong></span> <span class='ocrx_word' id='word_1_755' title='bbox 2363 3501 2687 3572; x_wconf 90' lang='lat' dir='ltr'><strong>quotidianis</strong></span> <span class='ocrx_word' id='word_1_756' title='bbox 2712 3503 2955 3571; x_wconf 85' lang='lat' dir='ltr'><strong>insidiis;</strong></span> <span class='ocrx_word' id='word_1_757' title='bbox 3008 3505 3154 3559; x_wconf 89' lang='lat' dir='ltr'><strong>illum</strong></span> <span class='ocrx_word' id='word_1_758' title='bbox 3187 3506 3370 3576; x_wconf 91' lang='lat' dir='ltr'><strong>procul</strong></span> <span class='ocrx_word' id='word_1_759' title='bbox 3397 3507 3464 3561; x_wconf 93' lang='lat' dir='ltr'><strong>ab</strong></span> <span class='ocrx_word' id='word_1_760' title='bbox 3490 3507 3676 3562; x_wconf 80' lang='lat' dir='ltr'><strong>odien-</strong></span> 
     </span>
    </p>
   </div>
   <div class='ocr_carea' id='block_1_97' title="bbox 2090 3592 3671 3667">
    <p class='ocr_par' dir='ltr' id='par_1_97' title="bbox 2090 3592 3671 3667">
     <span class='ocr_line' id='line_1_97' title="bbox 2090 3592 3671 3667; baseline 0.004 -21"><span class='ocrx_word' id='word_1_761' title='bbox 2090 3592 2228 3646; x_wconf 85' lang='lat' dir='ltr'><strong>tibus</strong></span> <span class='ocrx_word' id='word_1_762' title='bbox 2262 3607 2320 3648; x_wconf 92' lang='lat' dir='ltr'><strong>sc</strong></span> <span class='ocrx_word' id='word_1_763' title='bbox 2345 3593 2717 3648; x_wconf 83' lang='lat' dir='ltr'><strong>amandarunt.</strong></span> <span class='ocrx_word' id='word_1_764' title='bbox 2775 3593 2913 3662; x_wconf 92' lang='lat' dir='ltr'><strong>Quid</strong></span> <span class='ocrx_word' id='word_1_765' title='bbox 2959 3595 3101 3650; x_wconf 87' lang='lat' dir='ltr'><strong>enim</strong></span> <span class='ocrx_word' id='word_1_766' title='bbox 3149 3596 3248 3650; x_wconf 88' lang='lat' dir='ltr'><strong>hac</strong></span> <span class='ocrx_word' id='word_1_767' title='bbox 3295 3611 3354 3652; x_wconf 88' lang='lat' dir='ltr'><strong>re</strong></span> <span class='ocrx_word' id='word_1_768' title='bbox 3399 3597 3671 3667; x_wconf 90' lang='lat' dir='ltr'><strong>deterius,</strong></span> 
     </span>
    </p>
   </div>
   <div class='ocr_carea' id='block_1_98' title="bbox 2088 3681 3672 3759">
    <p class='ocr_par' dir='ltr' id='par_1_98' title="bbox 2088 3681 3672 3759">
     <span class='ocr_line' id='line_1_98' title="bbox 2088 3681 3672 3759; baseline 0.006 -24"><span class='ocrx_word' id='word_1_769' title='bbox 2088 3681 2301 3752; x_wconf 90' lang='lat' dir='ltr'><strong>quando</strong></span> <span class='ocrx_word' id='word_1_770' title='bbox 2327 3683 2445 3752; x_wconf 90' lang='lat' dir='ltr'><strong>quis</strong></span> <span class='ocrx_word' id='word_1_771' title='bbox 2474 3697 2595 3737; x_wconf 91' lang='lat' dir='ltr'><strong>cum</strong></span> <span class='ocrx_word' id='word_1_772' title='bbox 2627 3684 2878 3740; x_wconf 79' lang='lat' dir='ltr'><strong>fratribus</strong></span> <span class='ocrx_word' id='word_1_773' title='bbox 2934 3684 3129 3740; x_wconf 80' lang='lat' dir='ltr'><strong>invidis</strong></span> <span class='ocrx_word' id='word_1_774' title='bbox 3161 3685 3399 3742; x_wconf 90' lang='lat' dir='ltr'><strong>habitare</strong></span> <span class='ocrx_word' id='word_1_775' title='bbox 3426 3689 3634 3759; x_wconf 84' lang='lat' dir='ltr'><strong>cogitur</strong></span> <span class='ocrx_word' id='word_1_776' title='bbox 3656 3731 3672 3756; x_wconf 91' lang='lat'><strong>,</strong></span> 
     </span>
    </p>
   </div>
   <div class='ocr_carea' id='block_1_99' title="bbox 2088 3771 3673 3850">
    <p class='ocr_par' dir='ltr' id='par_1_99' title="bbox 2088 3771 3673 3850">
     <span class='ocr_line' id='line_1_99' title="bbox 2088 3771 3673 3850; baseline 0.005 -24"><span class='ocrx_word' id='word_1_777' title='bbox 2088 3771 2303 3841; x_wconf 90' lang='lat' dir='ltr'><strong>quando</strong></span> <span class='ocrx_word' id='word_1_778' title='bbox 2346 3779 2626 3842; x_wconf 89' lang='lat' dir='ltr'><strong>suspectus</strong></span> <span class='ocrx_word' id='word_1_779' title='bbox 2663 3781 2784 3838; x_wconf 91' lang='lat' dir='ltr'><strong>est,</strong></span> <span class='ocrx_word' id='word_1_780' title='bbox 2815 3781 2871 3828; x_wconf 90' lang='lat' dir='ltr'><strong>et</strong></span> <span class='ocrx_word' id='word_1_781' title='bbox 2895 3773 3102 3829; x_wconf 88' lang='lat' dir='ltr'><strong>insidiis</strong></span> <span class='ocrx_word' id='word_1_782' title='bbox 3149 3775 3454 3845; x_wconf 84' lang='lat' dir='ltr'><strong>appetitur?</strong></span> <span class='ocrx_word' id='word_1_783' title='bbox 3493 3776 3673 3850; x_wconf 88' lang='lat' dir='ltr'><strong>Itaque</strong></span> 
     </span>
    </p>
   </div>
   <div class='ocr_carea' id='block_1_100' title="bbox 2089 3860 3673 3938">
    <p class='ocr_par' dir='ltr' id='par_1_100' title="bbox 2089 3860 3673 3938">
     <span class='ocr_line' id='line_1_100' title="bbox 2089 3860 3673 3938; baseline 0.006 -24"><span class='ocrx_word' id='word_1_784' title='bbox 2089 3860 2190 3915; x_wconf 86' lang='lat' dir='ltr'><strong>alia</strong></span> <span class='ocrx_word' id='word_1_785' title='bbox 2239 3860 2501 3916; x_wconf 88' lang='lat' dir='ltr'><strong>faciebant</strong></span> <span class='ocrx_word' id='word_1_786' title='bbox 2531 3869 2585 3916; x_wconf 90' lang='lat' dir='ltr'><strong>et</strong></span> <span class='ocrx_word' id='word_1_787' title='bbox 2615 3861 2689 3915; x_wconf 91' lang='lat' dir='ltr'><strong>illi</strong></span> <span class='ocrx_word' id='word_1_788' title='bbox 2720 3871 2774 3917; x_wconf 89' lang='lat' dir='ltr'><strong>et</strong></span> <span class='ocrx_word' id='word_1_789' title='bbox 2804 3862 2913 3929; x_wconf 91' lang='lat' dir='ltr'><strong>illa,</strong></span> <span class='ocrx_word' id='word_1_790' title='bbox 2946 3863 3049 3917; x_wconf 85' lang='lat' dir='ltr'><strong>alia</strong></span> <span class='ocrx_word' id='word_1_791' title='bbox 3099 3872 3156 3919; x_wconf 86' lang='lat' dir='ltr'><strong>et</strong></span> <span class='ocrx_word' id='word_1_792' title='bbox 3199 3881 3389 3935; x_wconf 79' lang='lat' dir='ltr'><strong>magna</strong></span> <span class='ocrx_word' id='word_1_793' title='bbox 3418 3882 3511 3936; x_wconf 92' lang='lat' dir='ltr'><strong>pro</strong></span> <span class='ocrx_word' id='word_1_794' title='bbox 3530 3868 3673 3938; x_wconf 88' lang='lat' dir='ltr'><strong>justo</strong></span> 
     </span>
    </p>
   </div>
   <div class='ocr_carea' id='block_1_101' title="bbox 2090 3955 3676 4029">
    <p class='ocr_par' dir='ltr' id='par_1_101' title="bbox 2090 3955 3676 4029">
     <span class='ocr_line' id='line_1_101' title="bbox 2090 3955 3676 4029; baseline 0.005 -23"><span class='ocrx_word' id='word_1_795' title='bbox 2090 3955 2502 4025; x_wconf 86' lang='lat' dir='ltr'><strong>apparabantur.</strong></span> <span class='ocrx_word' id='word_1_796' title='bbox 2559 3955 2692 4010; x_wconf 88' lang='lat' dir='ltr'><strong>Cum</strong></span> <span class='ocrx_word' id='word_1_797' title='bbox 2718 3956 2770 4011; x_wconf 91' lang='lat' dir='ltr'><strong>in</strong></span> <span class='ocrx_word' id='word_1_798' title='bbox 2799 3956 3002 4012; x_wconf 88' lang='lat' dir='ltr'><strong>honore</strong></span> <span class='ocrx_word' id='word_1_799' title='bbox 3024 3957 3272 4028; x_wconf 75' lang='lat' dir='ltr'><strong>degebat,</strong></span> <span class='ocrx_word' id='word_1_800' title='bbox 3307 3971 3430 4015; x_wconf 86' lang='lat' dir='ltr'><strong>tunc</strong></span> <span class='ocrx_word' id='word_1_801' title='bbox 3454 3961 3503 4014; x_wconf 89' lang='lat' dir='ltr'><strong>in</strong></span> <span class='ocrx_word' id='word_1_802' title='bbox 3535 3961 3676 4029; x_wconf 89' lang='lat' dir='ltr'><strong>peri-</strong></span> 
     </span>
    </p>
   </div>
   <div class='ocr_carea' id='block_1_102' title="bbox 2091 4045 3672 4117">
    <p class='ocr_par' dir='ltr' id='par_1_102' title="bbox 2091 4045 3672 4117">
     <span class='ocr_line' id='line_1_102' title="bbox 2091 4045 3672 4117; baseline 0.003 -19"><span class='ocrx_word' id='word_1_803' title='bbox 2091 4045 2212 4099; x_wconf 87' lang='lat' dir='ltr'><strong>culo</strong></span> <span class='ocrx_word' id='word_1_804' title='bbox 2259 4053 2403 4116; x_wconf 89' lang='lat' dir='ltr'><strong>erat;</strong></span> <span class='ocrx_word' id='word_1_805' title='bbox 2449 4060 2574 4101; x_wconf 81' lang='lat' dir='ltr'><strong>cum</strong></span> <span class='ocrx_word' id='word_1_806' title='bbox 2617 4046 2668 4100; x_wconf 90' lang='lat' dir='ltr'><strong>in</strong></span> <span class='ocrx_word' id='word_1_807' title='bbox 2720 4047 3030 4117; x_wconf 73' lang='lat' dir='ltr'><strong>ignominia,</strong></span> <span class='ocrx_word' id='word_1_808' title='bbox 3079 4058 3202 4102; x_wconf 91' lang='lat' dir='ltr'><strong>tunc</strong></span> <span class='ocrx_word' id='word_1_809' title='bbox 3243 4050 3297 4103; x_wconf 92' lang='lat' dir='ltr'><strong>in</strong></span> <span class='ocrx_word' id='word_1_810' title='bbox 3341 4051 3672 4104; x_wconf 89' lang='lat' dir='ltr'><strong>securitate:</strong></span> 
     </span>
    </p>
   </div>
   <div class='ocr_carea' id='block_1_103' title="bbox 2091 4138 3675 4210">
    <p class='ocr_par' dir='ltr' id='par_1_103' title="bbox 2091 4138 3675 4210">
     <span class='ocr_line' id='line_1_103' title="bbox 2091 4138 3675 4210; baseline 0.003 -20"><span class='ocrx_word' id='word_1_811' title='bbox 2091 4151 2198 4190; x_wconf 92' lang='lat' dir='ltr'><strong>non</strong></span> <span class='ocrx_word' id='word_1_812' title='bbox 2227 4152 2491 4193; x_wconf 87' lang='lat' dir='ltr'><strong>memores</strong></span> <span class='ocrx_word' id='word_1_813' title='bbox 2517 4138 2632 4208; x_wconf 90' lang='lat' dir='ltr'><strong>ejus</strong></span> <span class='ocrx_word' id='word_1_814' title='bbox 2661 4148 2813 4193; x_wconf 91' lang='lat' dir='ltr'><strong>erant</strong></span> <span class='ocrx_word' id='word_1_815' title='bbox 2837 4140 3102 4204; x_wconf 88' lang='lat' dir='ltr'><strong>eunuchi;</strong></span> <span class='ocrx_word' id='word_1_816' title='bbox 3126 4150 3180 4194; x_wconf 91' lang='lat' dir='ltr'><strong>et</strong></span> <span class='ocrx_word' id='word_1_817' title='bbox 3205 4141 3340 4195; x_wconf 89' lang='lat' dir='ltr'><strong>bene</strong></span> <span class='ocrx_word' id='word_1_818' title='bbox 3368 4160 3381 4194; x_wconf 94' lang='lat'><strong>:</strong></span> <span class='ocrx_word' id='word_1_819' title='bbox 3413 4154 3471 4194; x_wconf 89' lang='lat' dir='ltr'><strong>ut</strong></span> <span class='ocrx_word' id='word_1_820' title='bbox 3495 4141 3675 4210; x_wconf 58' lang='lat' dir='ltr'><strong>splen.</strong></span> 
     </span>
    </p>
   </div>
   <div class='ocr_carea' id='block_1_104' title="bbox 2091 4227 3672 4302">
    <p class='ocr_par' dir='ltr' id='par_1_104' title="bbox 2091 4227 3672 4302">
     <span class='ocr_line' id='line_1_104' title="bbox 2091 4227 3672 4302; baseline 0.003 -20"><span class='ocrx_word' id='word_1_821' title='bbox 2091 4227 2263 4282; x_wconf 87' lang='lat' dir='ltr'><strong>didior</strong></span> <span class='ocrx_word' id='word_1_822' title='bbox 2285 4229 2434 4283; x_wconf 85' lang='lat' dir='ltr'><strong>fieret</strong></span> <span class='ocrx_word' id='word_1_823' title='bbox 2457 4230 2631 4283; x_wconf 74' lang='lat' dir='ltr'><strong>exitus</strong></span> <span class='ocrx_word' id='word_1_824' title='bbox 2655 4245 2835 4294; x_wconf 88' lang='lat' dir='ltr'><strong>causa,</strong></span> <span class='ocrx_word' id='word_1_825' title='bbox 2868 4238 3030 4299; x_wconf 91' lang='lat' dir='ltr'><strong>utque</strong></span> <span class='ocrx_word' id='word_1_826' title='bbox 3057 4245 3164 4284; x_wconf 90' lang='lat' dir='ltr'><strong>non</strong></span> <span class='ocrx_word' id='word_1_827' title='bbox 3193 4230 3438 4286; x_wconf 68' lang='lat' dir='ltr'><strong>humanas</strong></span> <span class='ocrx_word' id='word_1_828' title='bbox 3468 4233 3672 4302; x_wconf 74' lang='lat' dir='ltr'><strong>gratim,</strong></span> 
     </span>
    </p>
   </div>
   <div class='ocr_carea' id='block_1_105' title="bbox 2093 4318 3678 4389">
    <p class='ocr_par' dir='ltr' id='par_1_105' title="bbox 2093 4318 3678 4389">
     <span class='ocr_line' id='line_1_105' title="bbox 2093 4318 3678 4389; baseline 0.002 -14"><span class='ocrx_word' id='word_1_829' title='bbox 2093 4318 2186 4375; x_wconf 85' lang='lat' dir='ltr'><strong>sed</strong></span> <span class='ocrx_word' id='word_1_830' title='bbox 2208 4319 2401 4374; x_wconf 72' lang='lat' dir='ltr'><strong>divina:</strong></span> <span class='ocrx_word' id='word_1_831' title='bbox 2422 4319 2771 4389; x_wconf 74' lang='lat' dir='ltr'><strong>providentia:</strong></span> <span class='ocrx_word' id='word_1_832' title='bbox 2799 4328 2967 4374; x_wconf 87' lang='lat' dir='ltr'><strong>totum</strong></span> <span class='ocrx_word' id='word_1_833' title='bbox 2998 4321 3425 4376; x_wconf 88' lang='lat' dir='ltr'><strong>adscriberetur:</strong></span> <span class='ocrx_word' id='word_1_834' title='bbox 3457 4331 3513 4377; x_wconf 94' lang='lat' dir='ltr'><strong>ut</strong></span> <span class='ocrx_word' id='word_1_835' title='bbox 3543 4331 3678 4377; x_wconf 67' lang='lat' dir='ltr'><strong>temo</strong></span> 
     </span>
    </p>
   </div>
   <div class='ocr_carea' id='block_1_106' title="bbox 2093 4410 3677 4481">
    <p class='ocr_par' dir='ltr' id='par_1_106' title="bbox 2093 4410 3677 4481">
     <span class='ocr_line' id='line_1_106' title="bbox 2093 4410 3677 4481; baseline 0.001 -14"><span class='ocrx_word' id='word_1_836' title='bbox 2093 4411 2296 4481; x_wconf 89' lang='lat' dir='ltr'><strong>pcstive</strong></span> <span class='ocrx_word' id='word_1_837' title='bbox 2320 4411 2466 4465; x_wconf 85' lang='lat' dir='ltr'><strong>illum</strong></span> <span class='ocrx_word' id='word_1_838' title='bbox 2485 4410 2550 4466; x_wconf 88' lang='lat' dir='ltr'><strong>ad</strong></span> <span class='ocrx_word' id='word_1_839' title='bbox 2573 4425 2726 4465; x_wconf 89' lang='lat' dir='ltr'><strong>usum</strong></span> <span class='ocrx_word' id='word_1_840' title='bbox 2746 4410 3078 4466; x_wconf 89' lang='lat' dir='ltr'><strong>constituens</strong></span> <span class='ocrx_word' id='word_1_841' title='bbox 3097 4411 3376 4479; x_wconf 89' lang='lat' dir='ltr'><strong>educeret;</strong></span> <span class='ocrx_word' id='word_1_842' title='bbox 3395 4422 3452 4467; x_wconf 92' lang='lat' dir='ltr'><strong>ut</strong></span> <span class='ocrx_word' id='word_1_843' title='bbox 3470 4412 3677 4469; x_wconf 85' lang='lat' dir='ltr'><strong>Pharao</strong></span> 
     </span>
    </p>
   </div>
   <div class='ocr_carea' id='block_1_107' title="bbox 2094 4500 3676 4574">
    <p class='ocr_par' dir='ltr' id='par_1_107' title="bbox 2094 4500 3676 4574">
     <span class='ocr_line' id='line_1_107' title="bbox 2094 4500 3676 4574; baseline 0.003 -19"><span class='ocrx_word' id='word_1_844' title='bbox 2094 4515 2202 4555; x_wconf 89' lang='lat' dir='ltr'><strong>non</strong></span> <span class='ocrx_word' id='word_1_845' title='bbox 2228 4500 2547 4556; x_wconf 85' lang='lat' dir='ltr'><strong>beneficium</strong></span> <span class='ocrx_word' id='word_1_846' title='bbox 2578 4501 2713 4556; x_wconf 90' lang='lat' dir='ltr'><strong>dans</strong></span> <span class='ocrx_word' id='word_1_847' title='bbox 2731 4543 2746 4569; x_wconf 98' lang='lat'><strong>,</strong></span> <span class='ocrx_word' id='word_1_848' title='bbox 2774 4501 2868 4557; x_wconf 79' lang='lat' dir='ltr'><strong>sed</strong></span> <span class='ocrx_word' id='word_1_849' title='bbox 2896 4502 2966 4559; x_wconf 89' lang='lat' dir='ltr'><strong>ab</strong></span> <span class='ocrx_word' id='word_1_850' title='bbox 2991 4516 3056 4557; x_wconf 94' lang='lat' dir='ltr'><strong>eo</strong></span> <span class='ocrx_word' id='word_1_851' title='bbox 3082 4502 3381 4573; x_wconf 87' lang='lat' dir='ltr'><strong>accipiens,</strong></span> <span class='ocrx_word' id='word_1_852' title='bbox 3411 4505 3583 4574; x_wconf 88' lang='lat' dir='ltr'><strong>ipsum</strong></span> <span class='ocrx_word' id='word_1_853' title='bbox 3609 4521 3676 4560; x_wconf 75' lang='lat' dir='ltr'><strong>ex</strong></span> 
     </span>
    </p>
   </div>
   <div class='ocr_carea' id='block_1_108' title="bbox 2093 4590 3675 4662">
    <p class='ocr_par' dir='ltr' id='par_1_108' title="bbox 2093 4590 3675 4662">
     <span class='ocr_line' id='line_1_108' title="bbox 2093 4590 3675 4662; baseline 0.003 -16"><span class='ocrx_word' id='word_1_854' title='bbox 2093 4605 2310 4647; x_wconf 89' lang='lat' dir='ltr'><strong>carcere</strong></span> <span class='ocrx_word' id='word_1_855' title='bbox 2338 4590 2578 4661; x_wconf 88' lang='lat' dir='ltr'><strong>ejiceret.</strong></span> <span class='ocrx_word' id='word_1_856' title='bbox 2625 4591 2741 4647; x_wconf 83' lang='lat' dir='ltr'><strong>Non</strong></span> <span class='ocrx_word' id='word_1_857' title='bbox 2775 4593 3054 4662; x_wconf 88' lang='lat' dir='ltr'><strong>oportebat</strong></span> <span class='ocrx_word' id='word_1_858' title='bbox 3081 4593 3275 4649; x_wconf 90' lang='lat' dir='ltr'><strong>servile</strong></span> <span class='ocrx_word' id='word_1_859' title='bbox 3299 4593 3497 4651; x_wconf 90' lang='lat' dir='ltr'><strong>donum</strong></span> <span class='ocrx_word' id='word_1_860' title='bbox 3533 4611 3675 4661; x_wconf 87' lang='lat' dir='ltr'><strong>esse,</strong></span> 
     </span>
    </p>
   </div>
   <div class='ocr_carea' id='block_1_109' title="bbox 2093 4680 3676 4756">
    <p class='ocr_par' dir='ltr' id='par_1_109' title="bbox 2093 4680 3676 4756">
     <span class='ocr_line' id='line_1_109' title="bbox 2093 4680 3676 4756; baseline 0.004 -21"><span class='ocrx_word' id='word_1_861' title='bbox 2093 4680 2187 4736; x_wconf 89' lang='lat' dir='ltr'><strong>sed</strong></span> <span class='ocrx_word' id='word_1_862' title='bbox 2218 4695 2397 4752; x_wconf 80' lang='lat' dir='ltr'><strong>regem</strong></span> <span class='ocrx_word' id='word_1_863' title='bbox 2426 4681 2745 4738; x_wconf 85' lang='lat' dir='ltr'><strong>necessitate</strong></span> <span class='ocrx_word' id='word_1_864' title='bbox 2774 4683 2890 4753; x_wconf 82' lang='lat' dir='ltr'><strong>cogi</strong></span> <span class='ocrx_word' id='word_1_865' title='bbox 2917 4700 2930 4736; x_wconf 92' lang='lat'><strong>:</strong></span> <span class='ocrx_word' id='word_1_866' title='bbox 2959 4685 3239 4753; x_wconf 82' lang='lat' dir='ltr'><strong>oportebat</strong></span> <span class='ocrx_word' id='word_1_867' title='bbox 3279 4684 3420 4742; x_wconf 89' lang='lat' dir='ltr'><strong>illius</strong></span> <span class='ocrx_word' id='word_1_868' title='bbox 3460 4686 3676 4756; x_wconf 85' lang='lat' dir='ltr'><strong>sapien-</strong></span> 
     </span>
    </p>
   </div>
   <div class='ocr_carea' id='block_1_110' title="bbox 2096 4773 3679 4844">
    <p class='ocr_par' dir='ltr' id='par_1_110' title="bbox 2096 4773 3679 4844">
     <span class='ocr_line' id='line_1_110' title="bbox 2096 4773 3679 4844; baseline 0.003 -15"><span class='ocrx_word' id='word_1_869' title='bbox 2096 4774 2220 4829; x_wconf 87' lang='lat' dir='ltr'><strong>tiam</strong></span> <span class='ocrx_word' id='word_1_870' title='bbox 2249 4773 2585 4830; x_wconf 81' lang='lat' dir='ltr'><strong>manifestam</strong></span> <span class='ocrx_word' id='word_1_871' title='bbox 2615 4789 2754 4831; x_wconf 88' lang='lat' dir='ltr'><strong>esse.</strong></span> <span class='ocrx_word' id='word_1_872' title='bbox 2788 4775 2914 4835; x_wconf 85' lang='lat' dir='ltr'><strong>Ideo</strong></span> <span class='ocrx_word' id='word_1_873' title='bbox 2935 4776 3268 4832; x_wconf 79' lang='lat' dir='ltr'><strong>obliviscitur</strong></span> <span class='ocrx_word' id='word_1_874' title='bbox 3295 4776 3591 4844; x_wconf 83' lang='lat' dir='ltr'><strong>eunuchus,</strong></span> <span class='ocrx_word' id='word_1_875' title='bbox 3620 4786 3679 4833; x_wconf 72' lang='lat' dir='ltr'><strong>ut</strong></span> 
     </span>
    </p>
   </div>
   <div class='ocr_carea' id='block_1_111' title="bbox 2095 4863 3685 4938">
    <p class='ocr_par' dir='ltr' id='par_1_111' title="bbox 2095 4863 3685 4938">
     <span class='ocr_line' id='line_1_111' title="bbox 2095 4863 3685 4938; baseline 0.002 -18"><span class='ocrx_word' id='word_1_876' title='bbox 2095 4881 2162 4920; x_wconf 92' lang='lat' dir='ltr'><strong>ne</strong></span> <span class='ocrx_word' id='word_1_877' title='bbox 2183 4866 2345 4922; x_wconf 87' lang='lat' dir='ltr'><strong>lateat</strong></span> <span class='ocrx_word' id='word_1_878' title='bbox 2367 4866 2676 4938; x_wconf 65' lang='lat' dir='ltr'><strong>Aigyptum,</strong></span> <span class='ocrx_word' id='word_1_879' title='bbox 2709 4875 2766 4921; x_wconf 93' lang='lat' dir='ltr'><strong>ut</strong></span> <span class='ocrx_word' id='word_1_880' title='bbox 2793 4883 2862 4922; x_wconf 91' lang='lat' dir='ltr'><strong>ne</strong></span> <span class='ocrx_word' id='word_1_881' title='bbox 2886 4863 3032 4921; x_wconf 84' lang='lat' dir='ltr'><strong>illum</strong></span> <span class='ocrx_word' id='word_1_882' title='bbox 3062 4883 3156 4922; x_wconf 78' lang='lat' dir='ltr'><strong>rex</strong></span> <span class='ocrx_word' id='word_1_883' title='bbox 3184 4867 3414 4937; x_wconf 82' lang='lat' dir='ltr'><strong>ignoret.</strong></span> <span class='ocrx_word' id='word_1_884' title='bbox 3468 4865 3523 4923; x_wconf 89' lang='lat' dir='ltr'><strong>Si</strong></span> <span class='ocrx_word' id='word_1_885' title='bbox 3555 4877 3685 4924; x_wconf 76' lang='lat' dir='ltr'><strong>tunc</strong></span> 
     </span>
    </p>
   </div>
   <div class='ocr_carea' id='block_1_112' title="bbox 2095 4956 3683 5022">
    <p class='ocr_par' dir='ltr' id='par_1_112' title="bbox 2095 4956 3683 5022">
     <span class='ocr_line' id='line_1_112' title="bbox 2095 4956 3683 5022; baseline 0 -10"><span class='ocrx_word' id='word_1_886' title='bbox 2095 4957 2318 5012; x_wconf 87' lang='lat' dir='ltr'><strong>eductus</strong></span> <span class='ocrx_word' id='word_1_887' title='bbox 2359 4956 2564 5022; x_wconf 87' lang='lat' dir='ltr'><strong>fuisset,</strong></span> <span class='ocrx_word' id='word_1_888' title='bbox 2589 4956 2726 5011; x_wconf 86' lang='lat' dir='ltr'><strong>forte</strong></span> <span class='ocrx_word' id='word_1_889' title='bbox 2759 4956 3014 5012; x_wconf 90' lang='lat' dir='ltr'><strong>voluisset</strong></span> <span class='ocrx_word' id='word_1_890' title='bbox 3054 4959 3108 5012; x_wconf 91' lang='lat' dir='ltr'><strong>in</strong></span> <span class='ocrx_word' id='word_1_891' title='bbox 3149 4965 3343 5011; x_wconf 89' lang='lat' dir='ltr'><strong>terram</strong></span> <span class='ocrx_word' id='word_1_892' title='bbox 3388 4971 3538 5011; x_wconf 88' lang='lat' dir='ltr'><strong>suam</strong></span> <span class='ocrx_word' id='word_1_893' title='bbox 3590 4973 3683 5012; x_wconf 88' lang='lat' dir='ltr'><strong>re-</strong></span> 
     </span>
    </p>
   </div>
   <div class='ocr_carea' id='block_1_113' title="bbox 2095 5047 3680 5118">
    <p class='ocr_par' dir='ltr' id='par_1_113' title="bbox 2095 5047 3680 5118">
     <span class='ocr_line' id='line_1_113' title="bbox 2095 5047 3680 5118; baseline 0 -16"><span class='ocrx_word' id='word_1_894' title='bbox 2095 5047 2258 5103; x_wconf 85' lang='lat' dir='ltr'><strong>verti:</strong></span> <span class='ocrx_word' id='word_1_895' title='bbox 2284 5047 2508 5116; x_wconf 87' lang='lat' dir='ltr'><strong>ideoque</strong></span> <span class='ocrx_word' id='word_1_896' title='bbox 2524 5047 2668 5102; x_wconf 88' lang='lat' dir='ltr'><strong>mille</strong></span> <span class='ocrx_word' id='word_1_897' title='bbox 2693 5047 3100 5104; x_wconf 88' lang='lat' dir='ltr'><strong>necessitatibus</strong></span> <span class='ocrx_word' id='word_1_898' title='bbox 3129 5048 3419 5102; x_wconf 84' lang='lat' dir='ltr'><strong>retinetur:</strong></span> <span class='ocrx_word' id='word_1_899' title='bbox 3444 5049 3680 5118; x_wconf 83' lang='lat' dir='ltr'><strong>primum</strong></span> 
     </span>
    </p>
   </div>
   <div class='ocr_carea' id='block_1_114' title="bbox 2097 5135 3687 5208">
    <p class='ocr_par' dir='ltr' id='par_1_114' title="bbox 2097 5135 3687 5208">
     <span class='ocr_line' id='line_1_114' title="bbox 2097 5135 3687 5208; baseline 0.001 -17"><span class='ocrx_word' id='word_1_900' title='bbox 2097 5137 2356 5204; x_wconf 84' lang='lat' dir='ltr'><strong>dominio,</strong></span> <span class='ocrx_word' id='word_1_901' title='bbox 2401 5136 2597 5192; x_wconf 87' lang='lat' dir='ltr'><strong>deinde</strong></span> <span class='ocrx_word' id='word_1_902' title='bbox 2647 5151 2900 5203; x_wconf 88' lang='lat' dir='ltr'><strong>carcere,</strong></span> <span class='ocrx_word' id='word_1_903' title='bbox 2929 5138 3086 5193; x_wconf 88' lang='lat' dir='ltr'><strong>tertio</strong></span> <span class='ocrx_word' id='word_1_904' title='bbox 3133 5138 3186 5192; x_wconf 91' lang='lat' dir='ltr'><strong>in</strong></span> <span class='ocrx_word' id='word_1_905' title='bbox 3231 5153 3435 5208; x_wconf 86' lang='lat' dir='ltr'><strong>regno,</strong></span> <span class='ocrx_word' id='word_1_906' title='bbox 3468 5147 3527 5192; x_wconf 82' lang='lat' dir='ltr'><strong>ut</strong></span> <span class='ocrx_word' id='word_1_907' title='bbox 3564 5135 3687 5193; x_wconf 64' lang='lat' dir='ltr'><strong>hinc</strong></span> 
     </span>
    </p>
   </div>
   <div class='ocr_carea' id='block_1_115' title="bbox 2097 5229 3685 5302">
    <p class='ocr_par' dir='ltr' id='par_1_115' title="bbox 2097 5229 3685 5302">
     <span class='ocr_line' id='line_1_115' title="bbox 2097 5229 3685 5302; baseline -0.001 -17"><span class='ocrx_word' id='word_1_908' title='bbox 2097 5231 2554 5301; x_wconf 86' lang='lat' dir='ltr'><strong>dispensarcntur.</strong></span> <span class='ocrx_word' id='word_1_909' title='bbox 2581 5229 2732 5287; x_wconf 82' lang='lat' dir='ltr'><strong>Sicut</strong></span> <span class='ocrx_word' id='word_1_910' title='bbox 2749 5245 2876 5302; x_wconf 81' lang='lat' dir='ltr'><strong>ergo</strong></span> <span class='ocrx_word' id='word_1_911' title='bbox 2902 5245 3220 5299; x_wconf 82' lang='lat' dir='ltr'><strong>generosum</strong></span> <span class='ocrx_word' id='word_1_912' title='bbox 3244 5245 3437 5300; x_wconf 88' lang='lat' dir='ltr'><strong>equum</strong></span> <span class='ocrx_word' id='word_1_913' title='bbox 3461 5229 3526 5284; x_wconf 87' lang='lat' dir='ltr'><strong>ad</strong></span> <span class='ocrx_word' id='word_1_914' title='bbox 3554 5244 3685 5284; x_wconf 84' lang='lat' dir='ltr'><strong>suos</strong></span> 
     </span>
    </p>
   </div>
   <div class='ocr_carea' id='block_1_116' title="bbox 2099 5319 3687 5392">
    <p class='ocr_par' dir='ltr' id='par_1_116' title="bbox 2099 5319 3687 5392">
     <span class='ocr_line' id='line_1_116' title="bbox 2099 5319 3687 5392; baseline -0.002 -15"><span class='ocrx_word' id='word_1_915' title='bbox 2099 5323 2312 5378; x_wconf 73' lang='lat' dir='ltr'><strong>exsilire</strong></span> <span class='ocrx_word' id='word_1_916' title='bbox 2331 5321 2619 5386; x_wconf 85' lang='lat' dir='ltr'><strong>volentem,</strong></span> <span class='ocrx_word' id='word_1_917' title='bbox 2647 5322 2784 5377; x_wconf 86' lang='lat' dir='ltr'><strong>Deus</strong></span> <span class='ocrx_word' id='word_1_918' title='bbox 2829 5337 2950 5379; x_wconf 91' lang='lat' dir='ltr'><strong>eum</strong></span> <span class='ocrx_word' id='word_1_919' title='bbox 2996 5321 3153 5377; x_wconf 77' lang='lat' dir='ltr'><strong>ist-hic</strong></span> <span class='ocrx_word' id='word_1_920' title='bbox 3177 5322 3437 5392; x_wconf 83' lang='lat' dir='ltr'><strong>gloriosas</strong></span> <span class='ocrx_word' id='word_1_921' title='bbox 3461 5319 3533 5376; x_wconf 91' lang='lat' dir='ltr'><strong>ob</strong></span> <span class='ocrx_word' id='word_1_922' title='bbox 3554 5335 3687 5375; x_wconf 82' lang='lat' dir='ltr'><strong>can-</strong></span> 
     </span>
    </p>
   </div>
   <div class='ocr_carea' id='block_1_117' title="bbox 2098 5411 3687 5484">
    <p class='ocr_par' dir='ltr' id='par_1_117' title="bbox 2098 5411 3687 5484">
     <span class='ocr_line' id='line_1_117' title="bbox 2098 5411 3687 5484; baseline -0.001 -16"><span class='ocrx_word' id='word_1_923' title='bbox 2098 5428 2189 5468; x_wconf 87' lang='lat' dir='ltr'><strong>sas</strong></span> <span class='ocrx_word' id='word_1_924' title='bbox 2213 5412 2450 5468; x_wconf 89' lang='lat' dir='ltr'><strong>retinuit.</strong></span> <span class='ocrx_word' id='word_1_925' title='bbox 2497 5411 2650 5479; x_wconf 90' lang='lat' dir='ltr'><strong>Quod</strong></span> <span class='ocrx_word' id='word_1_926' title='bbox 2677 5412 2817 5468; x_wconf 91' lang='lat' dir='ltr'><strong>enim</strong></span> <span class='ocrx_word' id='word_1_927' title='bbox 2847 5421 3053 5484; x_wconf 89' lang='lat' dir='ltr'><strong>patrem</strong></span> <span class='ocrx_word' id='word_1_928' title='bbox 3083 5412 3266 5467; x_wconf 90' lang='lat' dir='ltr'><strong>videre</strong></span> <span class='ocrx_word' id='word_1_929' title='bbox 3311 5421 3540 5481; x_wconf 88' lang='lat' dir='ltr'><strong>optaret,</strong></span> <span class='ocrx_word' id='word_1_930' title='bbox 3571 5421 3625 5467; x_wconf 89' lang='lat' dir='ltr'><strong>et</strong></span> <span class='ocrx_word' id='word_1_931' title='bbox 3649 5427 3687 5466; x_wconf 80' lang='lat' dir='ltr'><strong>a</strong></span> 
     </span>
    </p>
   </div>
   <div class='ocr_carea' id='block_1_118' title="bbox 2101 5502 3683 5574">
    <p class='ocr_par' dir='ltr' id='par_1_118' title="bbox 2101 5502 3683 5574">
     <span class='ocr_line' id='line_1_118' title="bbox 2101 5502 3683 5574; baseline 0 -16"><span class='ocrx_word' id='word_1_932' title='bbox 2101 5503 2289 5559; x_wconf 86' lang='lat' dir='ltr'><strong>dolore</strong></span> <span class='ocrx_word' id='word_1_933' title='bbox 2317 5502 2552 5568; x_wconf 89' lang='lat' dir='ltr'><strong>liberari,</strong></span> <span class='ocrx_word' id='word_1_934' title='bbox 2602 5503 2777 5574; x_wconf 87' lang='lat' dir='ltr'><strong>palam</strong></span> <span class='ocrx_word' id='word_1_935' title='bbox 2807 5515 2889 5560; x_wconf 88' lang='lat' dir='ltr'><strong>est</strong></span> <span class='ocrx_word' id='word_1_936' title='bbox 2908 5520 2975 5560; x_wconf 78' lang='lat' dir='ltr'><strong>ex</strong></span> <span class='ocrx_word' id='word_1_937' title='bbox 3003 5519 3069 5558; x_wconf 89' lang='lat' dir='ltr'><strong>eo</strong></span> <span class='ocrx_word' id='word_1_938' title='bbox 3091 5545 3104 5570; x_wconf 88' lang='lat'><strong>,</strong></span> <span class='ocrx_word' id='word_1_939' title='bbox 3134 5502 3275 5574; x_wconf 86' lang='lat' dir='ltr'><strong>quod</strong></span> <span class='ocrx_word' id='word_1_940' title='bbox 3302 5503 3474 5574; x_wconf 86' lang='lat' dir='ltr'><strong>ipsum</strong></span> <span class='ocrx_word' id='word_1_941' title='bbox 3505 5502 3683 5559; x_wconf 73' lang='lat' dir='ltr'><strong>isthu:</strong></span> 
     </span>
    </p>
   </div>
   <div class='ocr_carea' id='block_1_119' title="bbox 2101 5595 2371 5651">
    <p class='ocr_par' dir='ltr' id='par_1_119' title="bbox 2101 5595 2371 5651">
     <span class='ocr_line' id='line_1_119' title="bbox 2101 5595 2371 5651; baseline -0.004 -1"><span class='ocrx_word' id='word_1_942' title='bbox 2101 5595 2347 5651; x_wconf 89' lang='lat' dir='ltr'><strong>acciverit</strong></span> <span class='ocrx_word' id='word_1_943' title='bbox 2358 5635 2371 5649; x_wconf 94' lang='lat'><strong>.</strong></span> 
     </span>
    </p>
   </div>
   <div class='ocr_carea' id='block_1_120' title="bbox 2175 5687 3691 5762">
    <p class='ocr_par' dir='ltr' id='par_1_120' title="bbox 2175 5687 3691 5762">
     <span class='ocr_line' id='line_1_120' title="bbox 2175 5687 3691 5762; baseline 0.001 -20"><span class='ocrx_word' id='word_1_944' title='bbox 2175 5689 2228 5742; x_wconf 72' lang='grc'><strong>4.</strong></span> <span class='ocrx_word' id='word_1_945' title='bbox 2260 5687 2432 5743; x_wconf 79' lang='lat' dir='ltr'><strong>Vultis</strong></span> <span class='ocrx_word' id='word_1_946' title='bbox 2459 5687 2588 5743; x_wconf 88' lang='lat' dir='ltr'><strong>alias</strong></span> <span class='ocrx_word' id='word_1_947' title='bbox 2617 5702 2827 5760; x_wconf 86' lang='lat' dir='ltr'><strong>quoque</strong></span> <span class='ocrx_word' id='word_1_948' title='bbox 2846 5688 3120 5746; x_wconf 84' lang='lat' dir='ltr'><strong>videamus</strong></span> <span class='ocrx_word' id='word_1_949' title='bbox 3151 5688 3390 5760; x_wconf 90' lang='lat' dir='ltr'><strong>insidias,</strong></span> <span class='ocrx_word' id='word_1_950' title='bbox 3415 5689 3556 5762; x_wconf 86' lang='lat' dir='ltr'><strong>quod</strong></span> <span class='ocrx_word' id='word_1_951' title='bbox 3583 5705 3691 5762; x_wconf 75' lang='lat' dir='ltr'><strong>pro</strong></span> 
     </span>
    </p>
   </div>
  </div>
