4086 6164
221 278 239 296 ⁸
325 267 430 325 διε

324 380 619 453 ἀπήγαγε,
640 384 940 446 κελεύσας
955 381 1097 447 τοὺς
1118 381 1488 451 κατηγόρους
1508 380 1698 435 αὑτοῦ
1714 380 1995 450 ἔρχεσθαι

324 470 425 522 ενπί
472 470 621 525 σοῦ’
667 471 805 540 παρ’
849 465 921 525 οὗ
967 468 1227 522 δύνασαι
1269 467 1453 534 αὐτὸς·
1485 468 1814 536 ἀνακρίνας
1857 467 1990 534 περί

330 553 571 609 πάντων
609 557 833 610 τούτων
862 554 1205 623 ἐπιγνῶναι,
1231 548 1321 607 ὧν
1344 553 1518 623 ἡμεῖς
1547 554 1997 622 κατηγοροῦμεν

328 641 536 695 αὐτοῦ.
569 641 697 706 Τοῖς
718 640 867 695 κατὰ
896 640 1011 708 τὴν
1041 640 1422 709 οἰκουμένην,
1455 641 1641 710 φησὶν,
1695 639 1996 705 Ἰουδαίοις

332 726 480 798 [572]
513 730 762 792 στάσεις
799 728 1103 782 κινοῦντα.
1143 727 1231 790 Ὠς
1257 725 1510 797 λυμεῶνα
1539 726 1725 782 λοιπὸν
1753 728 1848 780 καὶ¹
1880 743 1997 779 κοι-

329 811 420 865 νὸν
446 813 638 883 ἐχθρὸν
668 812 764 866 τοῦ
804 813 991 877 ἔθνους
1027 812 1372 867 διαϐάλλουσι
1399 812 1789 884 πρωτοστάτην
1811 828 1870 865 τε
1899 813 1998 881 τῆς

329 897 441 950 τῶν
473 897 812 968 Ναζωραίων
847 898 1161 970 [αἱρέσεως.
1205 898 1408 951 Ἐδόκει
1448 897 1609 952 τοῦτο
1636 897 2000 951 ἐπονείδιστον

335 979 495 1046 εἶναι,
520 983 581 1037 τὸ
605 984 711 1038 τῶν
751 983 1152 1056 Ναζωραξων]’
1186 985 1267 1037 διὸ
1290 985 1384 1037 καὶ
1412 984 1572 1038 τοῦτο
1605 985 1873 1055 παρῆγον,
1906 983 2001 1037 καὶ

334 1070 445 1123 ἀπὸ
468 1070 657 1124 τούτου
689 1071 852 1125 πάλιν
883 1072 1159 1125 διέϐαλλον
1186 1072 1374 1126 αὐτόν·
1411 1074 1445 1141 ἡ
1478 1072 1587 1142 γὰρ
1628 1070 1880 1141 Ναζαρὲθ
1905 1070 1999 1122 εύ-

334 1156 494 1228 τελὴς
523 1152 612 1228 ἦν.
640 1157 749 1212 Καὶ
780 1161 1078 1226 εὑρόντες,
1112 1161 1296 1229 φησίν.
1336 1159 1499 1229 Ὅρα,
1531 1158 1649 1221 πῶς
1680 1155 2001 1226 κακούργως

336 1243 412 1307 ὡς
444 1245 772 1315 διαφυγόντα
802 1245 1215 1319 συκοφαντοῦσι,
1258 1245 1353 1297 καὶ
1394 1244 1591 1313 μόλιςη
1631 1243 2000 1312 ἐπιτυχόντες,

338 1330 519 1384 καίτοι
547 1331 688 1385 ἐπτὰ
712 1331 921 1403 ἡμέρας
954 1330 1098 1402 εἶχεν
1123 1334 1180 1385 ἐν
1206 1331 1281 1401 τῷ
1304 1330 1454 1401 ἱερῷ.
1490 1332 1600 1383 Ὃν
1635 1329 1732 1382 καί
1754 1329 2003 1396 ἐκρατή-

341 1430 557 1485 σαμεν,
597 1419 695 1470 καί
734 1421 885 1471 κατὰ
933 1417 1040 1471 τὸν
1073 1417 1362 1485 ἡμέτερον
1402 1417 1592 1485 νόμον
1619 1415 2006 1483 ἠθελήσαμεν

343 1501 557 1570 κρῖναι.
588 1503 729 1574 Ὅρα
760 1504 878 1567 πῶς
907 1504 1002 1556 καὶ
1033 1503 1125 1556 τὸν
1163 1503 1325 1573 νόμον
1361 1501 1675 1573 ὑϐρίζουσιν
1697 1516 1711 1530 ·
1750 1501 1802 1554 εί
1827 1516 1890 1568 γε
1930 1499 2005 1570 μὴ

342 1588 504 1642 τοῦτο
518 1589 682 1660 νόμου
697 1586 786 1661 ἦν,
801 1591 862 1644 τὸ
876 1589 1121 1657 τύπτειν,
1144 1591 1204 1644 τὸ
1224 1592 1488 1660 ἀναιρεῖν,
1513 1590 1575 1643 τὸ
1604 1588 1791 1656 ἐνεδρα
1810 1589 2003 1639 ποιεῖν.

345 1669 483 1729 Εἶτα
510 1677 604 1728 καὶ
627 1676 718 1731 τοῦ
746 1678 944 1730 Λυσίου
972 1677 1297 1747 κατηγορία,
1323 1675 1645 1744 Παρελθὼν
1670 1675 1738 1729 δὲ
1777 1672 2008 1736 Λυσίας

348 1764 384 1816 ό
424 1765 736 1834 χιλίαρχος
760 1767 910 1835 μετὰ
939 1765 1178 1834 πολλῆς
1200 1760 1347 1830 ,Βίας
1371 1766 1439 1818 ἐκ
1468 1764 1588 1817 τῶν
1611 1763 1824 1832 χειρῶν
1843 1757 2012 1830 ἡμῶν

349 1850 694 1921 ἀπήγαγενο
727 1855 789 1907 ού
835 1854 1113 1924 προσῆκον
1147 1854 1315 1924 αύτῷ,
1361 1854 1515 1922 φησὶ,
1543 1853 1777 1921 πρᾶγμα
1806 1847 2007 1901 ποιῶν·

348 1937 501 2007 ὅμως
518 1939 757 2011 ἐποίησε.
782 1939 924 2007 Παρ⁹
947 1936 1019 1996 οὗ
1043 1940 1302 1993 δύνασαι
1329 1939 1512 2004 αὐτὸς
1531 1936 1849 2004 ἀνακρίνας
1877 1932 2011 2000 περὶ

350 2025 579 2080 τούτων
599 2026 843 2081 πάντων
868 2026 1111 2097 γνῶναι,
1134 2021 1223 2080 ὧν
1248 2025 1415 2094 ἡμεῖς
1441 2022 1889 2093 κατηγοροῦμεν
1908 2021 2014 2074 αύ-

351 2110 481 2166 τοῦ.
515 2115 923 2167 Συνεπὲθεντο
962 2112 1030 2166 δὲ
1077 2114 1174 2169 καί
1212 2116 1266 2166 οἰ
1320 2111 1592 2167 Ἰουδαῖοι
1612 2150 1626 2173 ,
1675 2108 2016 2178 φάσκοντες

355 2197 543 2253 ταῦτα
575 2200 763 2266 οὕτως
790 2199 971 2269 ἔχειν.
1004 2200 1070 2252 Τί
1097 2195 1189 2253 οὖν
1221 2201 1249 2252 ὁ
1269 2198 1480 2261 Παῦλος
1500 2215 1514 2263 ;
1538 2194 1647 2267 ἆρα
1687 2197 1778 2249 ἐπὶ
1808 2194 2017 2254 τούτοις

355 2285 522 2352 dmi;
545 2283 830 2354 Οὐδαμῶς·
856 2285 993 2339 ἀλλὰ
1022 2285 1458 2357 παρρησιάζεται
1484 2284 1645 2338 πάλιν
1673 2284 1767 2336 καὶ
1789 2280 2019 2351 άποκρίυ

357 2383 508 2423 νεται
530 2385 543 2398 ·
582 2371 676 2424 καὶ
713 2371 871 2426 τοῦτο
912 2370 1007 2425 τοῦ
1052 2372 1314 2442 ἡγεμόνος
1346 2369 1724 2441 βουληθέντος’
1769 2368 2019 2438 ἐπήγαγε

358 2457 488 2526 γάρ·
532 2458 843 2527 Ἀπεκρίθη
874 2457 942 2511 δὲ
966 2458 1207 2524 Παῦλος
1230 2460 1557 2522 νεύσαντος
1580 2453 1740 2521 αὐτῷ
1757 2454 1864 2508 τοῦ
1886 2455 2041 2523 ἠγετ

352 2545 542 2611 μόνος
564 2543 767 2614 λέγειν
784 2563 797 2576 ·
837 2547 938 2599 Ἐκ
973 2543 1220 2598 πολλῶν
1245 2541 1395 2597 ἐτῶν
1423 2543 1566 2597 ὄντα
1586 2559 1666 2596 σε
1698 2540 1907 2610 κριτὴν
1935 2538 2024 2591 δί-

354 2648 530 2686 καιον
554 2631 634 2697 τῷ
669 2632 828 2686 ἔθνει
854 2634 1041 2699 τούτῳ
1070 2630 1490 2699 ἐπιστάμενος,
1516 2630 1916 2699 εὐθυμότερον
1952 2627 2025 2680 τὰ

355 2717 489 2784 περί
516 2717 777 2786 ἐμαυτοῦ
800 2717 1230 2787 ἀπολογοῦμαι,
1259 2715 1600 2786 δυναμένου
1630 2731 1750 2769 σου
1780 2712 2021 2783 γνῶναι,

355 2803 448 2858 ὅτι
501 2805 572 2858 οὐ
631 2805 879 2872 πλείους
926 2805 1048 2859 εἰσί
1093 2821 1194 2872 μοι
1227 2805 1437 2874 ἡμέραι
1474 2803 1760 2865 δεκαδύο,
1808 2800 1908 2870 ἀφ’
1950 2794 2026 2869 ἧς

356 2890 580 2959 ἀνέϐην
608 2891 1056 2961 προσκυνήσων
1083 2892 1152 2944 ἐν
1197 2889 1613 2959 Ἰερουσαλήμ.
1644 2888 1754 2944 Καὶ
1794 2887 1931 2942 οὔτε
1955 2886 2027 2938 ἐν

360 2976 443 3045 τῷ
484 2978 617 3047 ἰερῷ
646 2975 829 3047 εὗρόν
852 2996 929 3047 με
958 2980 1109 3046 πρός
1139 2994 1274 3032 τινα
1300 2976 1726 3044 διαλεγόμενον
1748 2974 1786 3040 ἢ
1815 2972 2026 3027 ἐπισύ-

362 3077 588 3118 στασιν
623 3064 913 3119 ποιοῦντα
947 3065 1166 3132 ὄχλων,
1195 3063 1332 3117 οὔτε
1366 3064 1435 3115 ὲν
1463 3062 1592 3127 ταῖς
1628 3059 2025 3129 συναγωγαῖς,

361 3151 503 3206 οὔτε
547 3149 699 3203 κατὰ
730 3150 844 3218 τὴν
887 3152 1097 3205 πόλιν·
1143 3149 1283 3203 οὔτε
1332 3145 1716 3218 παραστῆσαι
1764 3147 1880 3201 νῦν
1925 3146 2030 3200 δύ-

362 3253 600 3303 νανται,
648 3237 783 3306 περὶ
829 3232 918 3293 ὧν
962 3237 1079 3292 νῦν
1127 3236 1528 3306 κατηγοροῦσί
1567 3252 1706 3304 μου.
1754 3235 1868 3288 Οὐκ
1915 3233 2029 3288 ἐστι

363 3324 535 3380 ταῦτα
561 3325 852 3389 κολακείας
872 3325 940 3379 τά
963 3326 1204 3397 ῥήματα,
1231 3324 1292 3377 τὸ
1318 3313 1663 3395 μαρτυρῆσαι
1689 3322 1769 3393 τῷ
1799 3322 2029 3393 δικαστῇ

364 3411 747 3484 δικαιοσύνην
790 3411 905 3467 ἀλλ’
948 3414 1133 3466 ἐκεῖνα
1187 3411 1412 3482 μᾶλλον,
1452 3410 1514 3464 τὸ
1551 3411 1743 3463 εἰπεῖν·
1784 3407 2033 3477 Πολλῆς

366 3500 615 3569 εἰρήνης
646 3498 1047 3569 τυγχάνοντες
1069 3498 1165 3552 διὰ
1193 3497 1330 3551 σοῦ.
1364 3497 1430 3549 Τί
1461 3492 1554 3550 οὖν
1591 3496 1793 3559 ἀδίκως
1814 3494 2032 3548 στασιά-

370 3586 525 3652 ζετε;
555 3586 756 3639 Σκόπει
796 3585 882 3639 δέ’
908 3587 1104 3639 ἐκεῖνοι
1145 3584 1282 3658 πρὸς
1321 3584 1532 3639 ἀδικίαν
1569 3583 1907 3655 παρώρμων,
1943 3576 2032 3637 οὗ-

371 3688 464 3737 τος
501 3672 563 3725 τὸ
602 3672 808 3726 δίκαιον
852 3670 1064 3741 ὲζήτει’
1113 3671 1193 3725 διὸ
1230 3673 1323 3725 καὶ
1367 3671 1585 3740 ἔλεγεν⁵
1615 3671 2034 3739 Εὐθυμότερον

370 3758 447 3811 τὰ
493 3755 627 3824 περὶ
673 3754 933 3826 ἐμαυτοῦ
985 3756 1421 3826 ἀπολογοῦμαι*
1478 3752 1597 3809 εἶτα
1640 3756 1733 3809 καὶ
1787 3756 1895 3808 ἀπὸ
1938 3753 2030 3808 τοῦ

371 3844 565 3916 χρόνου
609 3842 976 3913 ἰσχυρίζεται·
1032 3844 1133 3899 Ἐκ
1179 3843 1428 3899 πολλῶν
1480 3842 1630 3896 ἐτῶν
1680 3841 1808 3913 γὰρ,
1846 3841 2030 3911 φησὶν,

374 3929 521 3985 ὄντα
547 3945 622 3985 σε
651 3930 863 3999 κριτὴν
895 3929 1313 3999 ἐπιστάμενος.
1349 3931 1458 3983 Καὶ
1481 3930 1534 3980 τί
1565 3928 1722 3982 τοῦτο
1745 3928 1880 3999 πρὸς
1902 3927 2035 3980 ἁπό-

373 4015 538 4083 δειξιν
577 4016 879 4083 συνετέλει;
928 4016 1113 4083 Μέγαο
1167 4017 1405 4083 δείκνυσι
1446 4014 1577 4084 γὰρ,
1616 4015 1697 4067 ὅτι
1739 4015 1833 4067 καὶ
1873 4013 2037 4076 αὐτὸς

372 4100 483 4159 οἶδε
512 4105 676 4177 μηδὲν
719 4098 794 4160 ὧν
840 4108 1225 4177 κατηγορεῖται
1260 4103 1614 4173 πεποιηκότα.
1664 4103 1726 4155 Εἰ
1754 4102 1811 4155 δὲ
1841 4100 2033 4155 ἐπισύ-

376 4193 563 4247 στασίν
607 4209 738 4248 ποτε
763 4194 1033 4263 ἐκίνησεν,
1078 4194 1372 4262 ἐγίνωσκεν
1404 4192 1470 4244 ἂν
1500 4190 1692 4261 κριτὴς
1724 4187 1821 4251 ὢν,
1855 4188 1949 4242 καὶ
1977 4187 2037 4241 τὸ

372 4280 614 4333 τοιοῦτον
647 4279 809 4333 αὐτὸν
834 4280 933 4333 οὐκ
958 4279 1263 4333 ἐλάνθανεν.
1295 4274 1428 4331 Εἶτα
1459 4277 1645 4348 ἐπειδὴ
1678 4277 1707 4328 ὁ
1733 4276 2038 4346 κατήγορος

373 4365 526 4420 οὐδὲν
563 4361 674 4436 εἶχε
705 4353 873 4430 δεῖξαι
916 4368 973 4418 ἐν
1015 4363 1424 4434 Ἱεροσολύμοις,
1472 4365 1574 4433 ὅρα
1622 4362 1672 4415 τί
1706 4377 1872 4432 φησι·
1910 4359 2038 4424 Τοῖς

374 4453 525 4508 κατὰ
572 4452 689 4520 τὴν
736 4451 1095 4520 οἰκουμένην
1132 4451 1319 4506 πᾶσιν
1368 4450 1691 4515 Ἰουδαίοις,
1724 4449 1914 4518 ψεῦδος
1946 4447 2038 4500 ἐπὶ

372 4540 556 4610 ψεύδει
596 4539 860 4603 συντιθείς
880 4540 928 4594 ι).
963 4540 1062 4592 Διὰ
1107 4538 1265 4591 τοῦτο
1300 4540 1329 4590 ὁ
1367 4537 1574 4600 Παῦλος
1603 4535 1850 4589 ἐντεῦθεν
1877 4535 2039 4590 αὐτὸν

375 4627 654 4697 ἀφέλκων,
712 4624 1168 4695 Προσκυνήσων
1220 4622 1464 4690 ἀνέϐην,
1516 4621 1697 4690 λέγει·
1760 4620 2039 4692 μονονουχὶ

376 4713 646 4782 ἀπολογοῦ
656 4729 813 4784 μενος
832 4711 919 4765 διὰ
950 4710 1163 4771 τούτου,
1186 4709 1267 4763 ὅτι
1295 4708 1545 4761 τοσοῦτον
1578 4706 1767 4776 ἀπέχω
1792 4707 1887 4759 τοῦ
1914 4707 2040 4759 στά-

379 4819 493 4866 σεις
532 4801 703 4854 κινεῖν
726 4815 740 4829 ·
776 4798 871 4852 καὶ
908 4796 1080 4867 τούτῳ
1121 4794 1443 4864 ἐνδιατρίϐει
1475 4792 1552 4863 τῷ
1580 4792 1773 4863 δικαίῳ
1804 4794 1934 4864 ὅπερ
1971 4789 2041 4862 ἦν

381 4888 635 4961 ἰσχυρόνο
679 4885 877 4953 ἐπάγει
924 4885 1065 4954 γάρ·
1103 4883 1209 4937 Καὶ
1242 4883 1381 4935 οὔτε
1401 4881 1470 4933 ἐν
1498 4880 1577 4945 τῷ
1605 4879 1759 4948 ἱερῷ,
1797 4880 1936 4934 οὔτε
1973 4880 2041 4936 ἐν

382 4976 454 5047 τῇ
479 4977 672 5039 πόλει,
703 4974 843 5029 οὔτε
872 4973 943 5027 ἐν
961 4971 1036 5041 τῇ
1064 4966 1387 5040 συναγωγῇ
1420 4964 1603 5036 εὗρόν
1627 4984 1704 5036 με
1734 4968 1882 5036 πρός
1908 4984 2042 5022 τινα

377 5063 829 5133 διαλεγόμενον.
876 5060 1053 5131 Ὅπερ
1096 5054 1165 5129 ἦν
1194 5058 1289 5110 καὶ
1343 5055 1562 5126 ἀληθές.
1618 5056 1886 5118 Κάκεῖνος
1944 5055 2041 5124 μὲν

377 5147 815 5220 Πρωτοστὰτην
861 5146 1016 5214 φησὶ,
1072 5143 1325 5213 καθάπερ
1354 5141 1446 5196 ἐπί⁵
1491 5143 1674 5212 μάχης
1719 5140 1814 5194 καὶ
1845 5142 2041 5195 συστά-

382 5251 553 5300 σεως·
580 5228 735 5298 οὗτος
777 5233 833 5286 δὲ
872 5233 973 5302 ὅρα
1012 5229 1128 5292 πῶς
1155 5228 1411 5292 ἐπιεικῶς
1431 5229 1821 5299 ἁποκρίνεταιο
1871 5229 2039 5298 Ὅμο-

379 5323 540 5393 λογῶ
572 5323 641 5377 δὲ
669 5321 845 5377 τοῦτό
864 5335 985 5381 σοι,
1016 5319 1107 5372 ὅτι
1134 5318 1282 5371 κατὰ
1313 5316 1429 5385 τὴν
1453 5315 1616 5380 ὁδὸν,
1648 5314 1727 5383 ἣν
1752 5315 2043 5384 λέγουσιν

381 5411 636 5479 αἵρεσιν,
682 5409 834 5463 οὕτω
882 5406 1147 5475 λατρεύω
1177 5402 1257 5470 τῷ
1288 5402 1532 5470 πατρῴῳ
1569 5401 1718 5473 [575]
1766 5399 1907 5466 Θεῷ,
1948 5419 2042 5455 πι-

383 5498 616 5551 στεύων
647 5495 797 5553 πᾶσι
839 5495 965 5562 τοῖς
992 5493 1143 5548 κατὰ
1175 5492 1382 5561 νόμον,
1426 5490 1525 5544 καί
1552 5490 1621 5543 ἐν
1652 5490 1778 5555 τοῖς
1815 5489 2044 5558 προφή-

385 5600 513 5647 ταις
548 5582 985 5653 γεγραμμένοις,
1016 5582 1235 5638 ἐλπίδα
1270 5568 1430 5652 ἔχων
1465 5581 1549 5645 εἱς
1584 5576 1691 5632 τὸν
1744 5577 1909 5643 Θεὸν,
1965 5576 2045 5645 ἣν

450 5729 594 5791 {Alii
635 5731 917 5791 διαφυγόντα
956 5730 1030 5778 ἀεὶ
1068 5731 1330 5788 διέϐαλλον,
1376 5729 1457 5776 καὶ
1482 5727 1628 5787 μόλις.
1694 5725 1721 5764 b
1753 5722 1945 5780 Ψεῦδος
1970 5724 2044 5772 ἐπὶ

388 5787 549 5852 ψεύδει
579 5787 801 5845 συντιθείς
844 5790 987 5840 deest
1022 5792 1068 5838 in
1098 5804 1210 5839 uno.

1090 264 1147 320 S.
1185 261 1471 322 JOANNIS
1508 262 1999 321 CHRYSOSTOMI
2041 264 2357 324 ARCIIIEP.
2394 262 2942 322 CONSTANTINOP.

3658 265 3770 320 346

2102 386 2198 437 καὶ
2249 383 2418 437 αὺτοί
2463 380 2926 451 προσδέχονται,
2976 377 3320 433 ἀνάστασιν
3356 375 3613 444 μέλλειν
3641 381 3777 436 ἐσε-

2100 474 2242 525 σθαι
2261 468 2508 523 δικαίων
2532 484 2597 521 τε
2615 467 2712 521 καί
2741 463 2986 520 ἀδίκων.

2137 554 2237 625 ..β’,
2275 555 2447 627 Ὅρα*
2484 552 2745 626 ἐχιῦριζον
2782 549 2944 605 αὑτὸν
2984 550 3219 603 ἐκεῖνοι·
3253 544 3406 617 οὗτος
3438 554 3771 622 συνεισάγει,

2103 643 2196 696 καὶ
2221 643 2412 695 οίκειοῖ
2437 640 2628 695 ἐαυτὸν
2648 638 2726 710 τῷ
2753 637 2902 709 νόμῳ
2935 637 3005 691 δι’
3033 631 3109 690 ὧν
3136 636 3498 705 ἀπολογεῖται.
3534 640 3645 692 Kal
3679 640 3774 711 βε-

2101 728 2271 781 ϐαιῶν
2301 729 2330 781 δ
2358 723 2499 788 εἷπε,
2525 727 2686 780 πάλιν
2722 725 2951 790 ἐπάγει·
3003 724 3101 776 Ἐν
3123 724 3312 789 τούτῳ
3342 725 3410 777 δὲ
3459 727 3556 778 καὶ
3588 728 3776 794 αὐτὸς

2103 813 2290 875 ἀσκῶ,
2339 815 2735 882 ἀπρόσκοπον
2786 809 3147 877 συνείδησιν
3176 810 3337 880 ἔχων
3370 814 3520 879 πρός
3566 830 3631 866 τε
3666 813 3780 867 τὸν

2107 900 2258 954 Θεὸν
2281 902 2379 954 καί
2416 900 2568 969 πρὸς
2600 897 2741 963 τοὺς
2767 895 3118 965 ἀνθρώπους
3135 895 3482 964 διαπαντός.
3515 901 3595 953 Δι’
3626 900 3780 954 ἐτῶν

2106 988 2175 1042 δὲ
2206 990 2505 1043 πλειόνων
2536 986 2978 1055 παρεγενόμην,
3028 984 3450 1055 ἐλεημοσύνας
3502 991 3782 1056 ποιήσων

2107 1077 2191 1141 είς
2222 1074 2289 1129 τὸ
2340 1076 2515 1140 ἔθνος
2554 1091 2675 1144 μου
2713 1074 2814 1126 καί
2865 1071 3233 1140 προσφορὰς,
3263 1071 3335 1125 ἐν
3380 1067 3470 1138 οἷς
3495 1070 3678 1142 εὗρόν
3699 1093 3781 1144 με

2109 1161 2477 1230 ἡγνισμένον
2503 1161 2571 1214 ἐν
2598 1158 2678 1225 τῷ
2708 1156 2859 1228 ,ἰερῷ
2905 1158 3142 1226 οὐμετά
3187 1157 3401 1227 ὄχλου,
3440 1159 3584 1214 οὐδὲ
3627 1163 3779 1230 μετὰ

2110 1246 2362 1313 θορύϐου
2397 1245 2578 1310 τινός.
2611 1244 2677 1296 Τί
2714 1240 2807 1298 οὖν
2839 1243 3073 1313 ἀνέσηςς
3120 1245 3174 1296 τί
3198 1239 3394 1314 ἦλθεςς
3430 1245 3782 1315 Προσκυνῆ-

2111 1345 2239 1394 σαι;
2260 1330 2694 1400 ἐλεημοσύνας,
2724 1330 2879 1400 φησὶ,
2911 1328 3194 1396 ποιῆσαι·
3228 1328 3369 1382 ὥστε
3392 1329 3549 1385 τοῦτο
3584 1332 3687 1386 οὐκ
3709 1328 3781 1404 ἦν

2114 1416 2458 1479 στασιώδους.
2499 1411 2629 1470 Εἶτα
2679 1418 2775 1472 καὶ
2824 1414 3075 1469 ἐκϐάλλει
3134 1414 3313 1468 αὐτῶν
3367 1416 3430 1469 τὸ
3467 1418 3775 1488 πρόσωπον,

2114 1505 2286 1575 λέγων
2309 1506 2651 1578 ἀδιορίστως·
2705 1508 2800 1560 Ἐν
2831 1501 2917 1571 οἷς
2950 1501 3130 1574 εὗρόν
3162 1504 3241 1575 μέ
3297 1522 3459 1572 τινες
3499 1504 3620 1561 τῶν
3660 1507 3779 1564 ἀπὸ

2115 1591 2226 1660 τῆς
2272 1593 2478 1658 Ἀσίας
2520 1592 2790 1648 Ἰουδαῖοι
2813 1609 2827 1623 ·
2863 1591 2971 1658 οὓς
3019 1592 3139 1646 ἔδει
3189 1592 3287 1645 ἐπὶ
3323 1592 3440 1646 σοῦ
3486 1592 3779 1662 παρεῖναι,

2118 1680 2217 1732 καί
2259 1680 2610 1749 κατηγορεῖν
2639 1680 2695 1733 εἰ
2721 1697 2774 1733 τι
2800 1679 3001 1749 ἔχοιεν
3023 1681 3174 1748 πρός
3197 1694 3308 1749 με’
3342 1679 3382 1748 ἢ
3407 1681 3578 1735 αὺτοί
3616 1675 3785 1736 οὗτοι

2117 1766 2476 1830 εἰπάτωσαν,
2510 1768 2569 1820 τί
2595 1762 2776 1834 εὗρον
2801 1766 2871 1820 ἐν
2897 1767 3023 1835 ἐμοὶ
3055 1765 3336 1835 ἀδίκημα,
3363 1766 3621 1832 στάντος
3662 1784 3784 1836 μου

2118 1852 2220 1905 ἐπὶ
2253 1852 2359 1906 τοῦ
2408 1852 2730 1920 συνεδρίου
2751 1867 2765 1880 ’
2814 1851 2852 1919 ἢ
2888 1851 3022 1919 περί
3052 1850 3194 1921 μιᾶς
3216 1852 3430 1929 ταύτης
3474 1849 3680 1920 φωνῆς
3709 1846 3786 1921 ἧς

2122 1938 2417 2008 ἐκέκραξα
2445 1938 2635 2006 ἑστὼς
2668 1941 2739 1993 ἐν
2780 1937 3005 2003 αὐτοῖς,
3045 1938 3134 1992 ὅτι
3203 1939 3343 2007 Περί
3391 1937 3784 2006 ἀναστάσεως

2124 2025 2353 2095 νεκρῶν
2376 2026 2489 2095 ἐγὼ
2518 2026 2786 2095 σήμερον
2828 2026 3105 2094 κρίνομαι
3146 2024 3249 2093 ὑφ’
3270 2024 3457 2091 ὑμῶν.
3486 2023 3656 2078 Τοῦτο
3689 2040 3789 2076 πεο

2128 2114 2337 2184 ριουσία
2365 2113 2770 2183 δικαιωμάτων,
2801 2114 2872 2183 μὴ
2891 2112 3115 2180 φεύγειν
3135 2112 3263 2175 τοὺς
3291 2111 3648 2182 κατηγόρους,
3672 2110 3787 2165 ἀλλ’

2125 2199 2341 2271 ἕτοιμον
2369 2194 2509 2253 εἶναι
2563 2201 2697 2253 πᾶσι
2755 2198 2951 2252 διδόναι
3001 2197 3177 2266 λόγον.
3231 2197 3367 2266 Περί
3401 2196 3793 2263 ἀναστάσεως

2124 2284 2352 2353 νεκρῶν
2370 2285 2485 2354 ἐγὼ
2509 2285 2794 2355 σήμερον,
2824 2284 2978 2355 φησὶ,
3009 2285 3300 2353 κρίνομαι.
3338 2284 3448 2335 Καὶ
3469 2282 3623 2336 οὐδὲν
3636 2278 3792 2337 εἶπεν

2127 2366 2203 2426 ὧν
2241 2369 2384 2442 εἶχεν
2429 2373 2652 2435 εἰκότως
2688 2374 2861 2425 εἰπεῖν
2894 2382 2943 2438 ο,
2975 2372 3056 2425 ὅτι
3085 2368 3507 2433 ἐπεϐούλευσαν,
3538 2372 3623 2425 ὅτι
3660 2385 3796 2423 κατ·

2130 2459 2286 2528 ἐσχον
2311 2457 2492 2521 αὑτὸν,
2515 2460 2596 2511 ὅτι
2616 2458 2829 2528 ἐνεδρον
2855 2458 3117 2528 ἐποίησαν
3138 2456 3329 2527 (ταῦτα
3350 2457 3460 2528 γὰρ
3488 2458 3618 2528 παρ’
3650 2457 3795 2511 ἐκεί-

2130 2563 2236 2600 νων
2267 2545 2483 2614 λέγεται
2538 2544 2824 2614 γενέσθαι·
2862 2545 3011 2617 παρὰ
3039 2544 3098 2598 δέ
3126 2543 3342 2605 τούτου,
3398 2543 3494 2597 καὶ
3547 2543 3798 2597 κινδύνου

2130 2632 2302 2695 ὄντος,
2325 2634 2424 2686 οὐκ
2448 2631 2570 2702 Em)‘
2589 2630 2725 2685 ἀλλὰ
2753 2633 2901 2703 σιγᾷ,
2929 2631 3023 2685 καί⁸
3059 2631 3219 2699 μόνον
3256 2630 3629 2697 ἀπολογεῖται,
3671 2627 3799 2683 καί-

2131 2736 2212 2772 τοι
2238 2718 2403 2789 μυρία
2430 2719 2569 2791 ἔχων
2600 2719 2794 2773 εἰπεῖν.
2858 2718 3030 2771 Τοῦτο
3058 2716 3220 2771 αὐτὸν
3252 2716 3350 2770 καὶ
3399 2719 3457 2770 ἐν
3488 2715 3799 2786 Καισαρείᾳ,

2133 2805 2305 2858 ἐποίει
2333 2805 2600 2876 λαμπρὸν,
2636 2805 2696 2859 τὸ
2724 2805 2861 2876 μετὰ
2892 2803 3158 2873 τοσαύτης
3205 2802 3381 2856 ἐλθεῖν
3415 2800 3796 2873 παρατάξεως.

2147 2893 2248 2946 Ἐν
2276 2886 2368 2958 οἷς
2417 2887 2599 2958 εὗρόν
2636 2909 2734 2961 με,
2776 2890 2960 2962 φησὶν,
2999 2889 3369 2959 ἡγνισμένον
3408 2889 3479 2942 ἐν
3507 2887 3590 2954 τῷ
3641 2887 3799 2956 ἰερῷ.

2134 2977 2259 3042 Πῶς
2295 2974 2389 3031 οὖν
2427 2977 2796 3048 ἐϐεϐήλωσεν;
2848 2977 2909 3029 ού
2962 2976 3072 3046 γὰρ
3104 2970 3171 3046 ἦν
3202 2974 3295 3028 τοῦ
3329 2974 3493 3029 αὐτοῦ
3520 2974 3617 3027 καὶ
3646 2972 3803 3041 ἁγνί-

2136 3067 2323 3133 ζεσθαι
2347 3068 2442 3121 καὶ
2469 3068 2814 3138 προσκυνεῖν,
2852 3064 2948 3119 καὶ
2975 3064 3063 3117 διὰ
3095 3062 3253 3116 τοῦτο
3286 3061 3543 3133 ἔρχεσθαι
3590 3062 3687 3115 καὶ
3715 3059 3805 3131 βε-

2137 3154 2355 3225 ϐηλοῦν.
2383 3152 2552 3206 Τοῦτο
2585 3153 2679 3206 καὶ
2709 3151 3075 3219 δικαιολογίας
3121 3148 3357 3218 ὑποψίαν
3379 3149 3493 3219 ἔχει
3526 3148 3587 3201 τὸ
3621 3147 3697 3219 μὴ
3722 3148 3803 3210 είς

2143 3240 2350 3311 μακρὸν
2372 3238 2665 3310 ἐμπίπτειν
2696 3239 2786 3291 τὸν
2813 3237 2968 3305 λόγον
3005 3238 3101 3308 ἐᾷν
3129 3235 3174 3290 ἀ.
3224 3235 3333 3291 Kal
3380 3232 3667 3306 χαρίζεται
3725 3234 3808 3304 τῷ

2139 3327 2390 3397 δικαστῇ.
2429 3326 2581 3396 Ἐμοὶ
2613 3327 2670 3379 δὲ
2696 3327 2844 3379 δοκεῖ
2871 3324 3111 3394 κάκείνῳ
3138 3322 3446 3376 συστέλλειν
3476 3320 3576 3392 τὴν
3602 3320 3805 3375 ἀπολο⁴

2140 3414 2286 3483 γίαν.
2328 3413 2467 3467 Ἀλλ’
2509 3414 2706 3483 ἴδωμεν
2752 3410 2958 3466 ἄνωθεν
3006 3410 3074 3464 τά
3106 3409 3394 3482 εἰρημένα.
3439 3407 3658 3479 Ἐπειδὴ
3697 3406 3810 3478 πρὸ

2139 3502 2332 3555 τούτου
2386 3501 2572 3573 μακρὰ
2603 3499 3015 3571 ἐδημηγόρησεν
3042 3500 3072 3552 ὁ
3116 3496 3435 3568 Τέρτυλλος,
3463 3495 3675 3558 δεικνὺς
3721 3495 3813 3548 ὅτι

2140 3590 2485 3657 ἐγκόπτεται,
2506 3589 2606 3641 ούκ
2632 3582 2804 3653 εἶπεν,
2842 3587 3107 3639 Ἄκουσον
3138 3583 3233 3637 τοῦ
3263 3582 3588 3654 πράγματος
3611 3599 3627 3614 ’
3665 3578 3809 3647 ἀλλ’,

2143 3675 2277 3730 Ἵνα
2304 3691 2379 3729 σε
2395 3674 2482 3743 μὴ
2501 3672 2601 3727 ἐπὶ
2632 3672 2845 3727 πλεῖον
2866 3672 3154 3743 ἐγκόπτω,
3190 3667 3519 3738 παρακαλῶ
3545 3666 3811 3723 ἀκοῦσαί

2140 3777 2215 3818 σε
2245 3762 2415 3831 ἡμῶν
2440 3760 2516 3830 τῇ
2552 3759 2638 3828 σῇ
2663 3759 2966 3827 ἐπιεικείᾳ.
2998 3758 3152 3828 Τάχα
3190 3754 3508 3828 θεραπεύων
3539 3753 3684 3809 οὕτω
3715 3752 3809 3808 τὸν

2141 3849 2298 3919 λόγον
2336 3848 2766 3912 κατασκευάζευ
2817 3844 2850 3915 ἢ
2892 3844 2984 3899 καὶ
3039 3842 3257 3914 ἀληθῶς
3299 3841 3457 3897 τοῦτο
3507 3837 3810 3906 ἐπιεικείας

2141 3938 2462 4008 τεκμήριον,
2517 3937 2566 3988 εἰ
2617 3933 2788 4006 παρὸν
2839 3931 3009 3986 πολλὰ
3041 3932 3250 3997 εἰπεῖν,
3282 3929 3425 4000 ὑπὲρ
3464 3926 3561 3981 τοῦ
3597 3926 3675 3999 μὴ
3706 3928 3809 3980 ἐν-

2142 4024 2320 4094 οχλεῖν
2350 4023 2505 4088 ὀλίγα
2524 4039 2607 4085 τις
2639 4021 2804 4088 λέγοι.
2824 4020 3094 4088 Ε’ὒρομεν
3115 4018 3222 4089 γὰρ
3245 4016 3353 4072 τὸν
3382 4013 3573 4084 ἄνδρα
3591 4014 3813 4068 τοῦτον

2142 4116 2388 4183 λοιμόν·
2429 4113 2518 4175 ὃς,
2549 4111 2703 4180 φησὶ,
2734 4109 2831 4163 καί
2857 4108 2922 4162 τὸ
2952 4108 3113 4177 ἰερὸν
3134 4107 3417 4174 ἐπείρασε
3438 4101 3808 4171 βεϐηλῶσαι.

2145 4200 2352 4256 Οὐκοῦν
2380 4200 2481 4254 οὐκ
2508 4198 2832 4269 ἐϐεϐήλωσε.
2853 4196 2920 4249 Τί
2951 4191 3065 4258 οὖν,
3100 4196 3148 4247 εἰ
3177 4191 3411 4262 ἀλλαχοῦ
3445 4192 3605 4246 τοῦτο
3625 4189 3812 4260 ἐποίη-

2148 4300 2272 4350 σεν;
2325 4282 2588 4352 οὐδαμῶς
2608 4296 2622 4311 ⁸
2666 4275 2704 4351 ἦ
2726 4279 2835 4350 γὰρ
2862 4279 2927 4334 ἂν
2961 4278 3054 4333 καὶ
3081 4272 3200 4330 εἷπε
3225 4292 3239 4307 ’
3280 4275 3376 4329 νῦν
3407 4275 3463 4328 δὲ
3496 4274 3835 4341 Ἐπείρασε,

2150 4374 2250 4444 μὲν
2286 4372 2455 4441 λέγει,
2496 4370 2557 4423 τὸ
2595 4369 2651 4423 δὲ
2670 4369 2807 4432 πῶς,
2827 4368 2889 4420 ού
2919 4366 3261 4438 προστίθησι.
3302 4364 3415 4417 Kal
3440 4363 3510 4416 τὰ
3539 4363 3639 4433 μὲν
3669 4361 3812 4414 κατὰ

2147 4460 2360 4516 Παύλου
2394 4458 2568 4522 οὕτως
2609 4457 2813 4527 ἐπῆρεν
2835 4471 2849 4486 ·
2888 4457 2992 4524 δρα
3017 4453 3162 4506 δὲτὰ
3196 4450 3372 4505 αὐτῶν
3405 4449 3524 4513 πῶς
3579 4448 3807 4501 ἐλαττοῖ.

2153 4551 2263 4603 ’ον
2295 4547 2394 4602 καί
2448 4543 2882 4615 ἐκρατήσαμεν,
2915 4541 3065 4613 [57η
3107 4541 3258 4610 φησὶ,
3294 4537 3396 4592 καί
3426 4537 3811 4605 ἠθελήσαμεν

2147 4636 2341 4703 κρῖναι
2353 4632 2501 4687 κατὰ
2517 4631 2623 4685 τὸν
2635 4630 2922 4701 ἡμέτερον
2937 4630 3142 4697 νόμον.
3170 4629 3287 4693 Παί
3295 4623 3489 4679 ελθὼν
3499 4622 3567 4676 δὲ
3582 4622 3810 4687 Λυσίας

2149 4725 2478 4792 χιλίαρχος,
2507 4718 2655 4792 μετὰ
2701 4718 2937 4786 πολλῆς
2960 4717 3107 4781 βίας
3133 4715 3200 4768 ἐκ
3236 4713 3353 4768 τῶν
3396 4709 3613 4781 χειρῶν
3644 4708 3811 4779 ήμῶν

2146 4809 2474 4880 ἀπήγαγεν.
2519 4807 2783 4862 Ἐνταῦοα
2811 4806 3100 4869 δείκνυσιν,
3139 4803 3220 4856 ὃτι
3272 4802 3367 4854 καὶ
3416 4798 3811 4871 ἐπηρεάζονται

2148 4903 2224 4964 εἰς,
2253 4898 2576 4968 δικαστήρια
2614 4895 2895 4967 ἐρχόμενοι
2925 4891 3070 4958 ξένα,
3120 4888 3213 4943 xal
3237 4889 3319 4942 ὅτι
3347 4887 3449 4940 οὐκ
3476 4886 3544 4940 ἂν
3565 4883 3813 4955 ἠνώχλη-

2149 5004 2247 5040 σαν
2276 4985 2459 5046 αύτὸν,
2490 4985 2537 5036 εἰ
2566 4984 2640 5054 μὴ
2665 4983 2870 5045 ἐκεῖνος
2897 4977 3198 5049 ἠνάγκασε,
3226 4975 3320 5029 καὶ
3348 4972 3423 5035 ὡς
3452 4972 3513 5025 ού
3537 4970 3831 5041 προσῆκον

2147 5073 2296 5143 αὑτῷ
2324 5073 2539 5143 ἦρπασε
2576 5071 2664 5123 τὸν
2690 5069 2858 5141 ἄνδρα
2882 5086 2894 5099 ο
2928 5067 3022 5121 καὶ
3060 5064 3171 5136 γὰρ
3211 5062 3281 5116 τὰ
3311 5059 3626 5128 ἀδικήματα
3678 5056 3811 5143 πρὸς

2148 5142 2294 5230 ἡμᾶς
2319 5142 2408 5229 ἦν,
2443 5156 2538 5211 καὶ
2578 5155 2640 5209 τὺ
2683 5156 3030 5224 δικαστήριον
3058 5150 3184 5222 παρ’
3214 5150 3346 5219 ἡμῖν
3398 5146 3506 5199 ἔδει
3533 5142 3809 5230 γενέσθαι.

2150 5228 2277 5302 Ὅτι
2330 5228 2441 5317 γὰρ
2476 5244 2635 5298 τοῦτό
2689 5245 2856 5307 ἐστιν,
2891 5244 2992 5311 ὅρα
3023 5240 3085 5293 τὸ
3140 5236 3268 5306 ἑξῆς
3290 5254 3304 5266 ’
3361 5237 3522 5317 Ms:th
3551 5228 3810 5317 πολλῆς.

2150 5334 2304 5405 φησὶ,
2547 5330 2647 5383 Βία
2705 5330 2813 5400 γὰρ
2860 5325 3020 5380 τοῦτό
3071 5326 3206 5378 ἐστι.
3247 5321 3390 5391 Παρ⁹
3430 5314 3502 5373 οὗ
3556 5316 3816 5405 δύνασαι

2148 5399 2390 5489 γνῶναι.
2427 5415 2560 5471 Ούδέ
2587 5399 2960 5484 κατηγορῆσαι
2990 5411 3185 5482 τολμᾷο
3233 5400 3675 5489 συγγνωμονικδς
3707 5399 3815 5489 γὰρ

2151 5484 2288 5577 ἀνὴρ
2324 5501 2425 5576 ἦν’
2465 5504 2587 5557 οὐδὲ
2614 5500 2800 5564 ἁπλῶς
2835 5500 3183 5571 παρέρχεται.
3234 5490 3370 5547 Εἶτα
3397 5489 3579 5577 πάλιν,
3616 5486 3704 5540 [va
3740 5484 3814 5577 μὴ

2149 5571 2275 5663 δόξῇ
2303 5571 2612 5661 ψεύδεσθαι.
2645 5587 2806 5641 αὐτὸν
2838 5587 3122 5657 ἐφίστησιν
3170 5577 3361 5635 ἑαυτοῦ
3392 5576 3696 5646 κατήγορον
3724 5571 3812 5624 τὸν

2211 5722 2231 5744 ⁸
2255 5721 2387 5780 ΗΜ.
2406 5720 2605 5775 εἰκότως
2630 5718 2797 5778 εἰπεῖν,
2819 5716 2998 5766 desunt
3024 5714 3073 5764 in
3098 5725 3195 5762 uno
3214 5709 3301 5760 cod
3386 5706 3413 5747 τι
3447 5706 3558 5769 Ἐᾷν
3577 5701 3725 5750 deest
3762 5696 3814 5747 in

2156 5781 2441 5845 quibusdam
2466 5793 2580 5830 mss.
