4086 6164
363 370 472 427 ’με

364 476 615 533 munibus
643 473 845 533 Judais
872 475 924 530 in
951 473 1204 532 universo
1229 475 1385 543 orbe,
1415 484 1471 530 et
1499 483 1772 530 auctorem
1802 473 1947 527 sedi-

367 570 531 625 tionis
573 580 734 625 secta:
780 566 1201 635 Nasarenorum,
1249 566 1304 625 6.
1354 568 1445 638 qui
1492 567 1654 622 etiam
1697 565 1951 634 templum

364 660 572 715 violare
590 666 816 716 conatus
840 666 961 715 est:
993 673 1153 730 quem
1178 666 1235 713 et
1268 658 1659 728 apprehensum
1687 656 1953 710 voluimus

368 750 668 805 secundum
698 749 872 819 legem
899 757 1138 804 nostram
1184 747 1447 818 judicare.
1477 748 1530 802 7.
1559 746 1954 816 Superveniens

367 852 546 897 autem
592 841 840 897 tribunus
883 840 1092 911 Lysias,
1139 828 1267 894 cum
1290 839 1338 893 vi
1377 853 1567 908 magna
1608 836 1802 906 eripuit
1829 851 1950 892 eum

367 933 435 988 de
463 932 712 987 manibus
741 931 964 996 nostris,
991 931 1044 986 8.
1073 929 1276 1000 jubens
1302 936 1643 984 accusatores
1671 926 1787 996 ejus
1807 925 1872 979 ad
1903 932 1955 980 te

370 1023 556 1077 venire
581 1038 597 1088 ;
625 1037 655 1091 a
685 1036 792 1093 quo
817 1021 1019 1091 poteris
1050 1021 1167 1090 ipse
1185 1019 1438 1091 judicans
1482 1018 1551 1074 de
1579 1018 1825 1073 omnibus
1847 1015 1954 1071 illis

366 1127 715 1182 cognoscere,
757 1110 826 1167 de
861 1112 1054 1182 quibus
1099 1127 1197 1166 nos
1226 1124 1540 1166 accusamus
1568 1123 1712 1164 eum.
1755 1106 1953 1162 Conci-

369 1214 593 1267 tantem,
628 1223 649 1257 ι
703 1203 912 1274 inquit,
966 1222 986 1256 t
1020 1203 1314 1258 seditiones
1353 1201 1600 1256 omnibus
1639 1199 1841 1255 Judacis
1898 1201 1954 1252 in

368 1296 621 1349 universo
643 1292 793 1350 orbe.
832 1310 852 1346 ι
891 1292 955 1348 Ut
986 1291 1299 1363 pestiferum
1327 1300 1382 1345 et
1412 1304 1752 1346 communem
1778 1288 1953 1358 gentis

370 1390 579 1443 hostem
607 1385 756 1441 illum
797 1386 1193 1440 calumniantur
1213 1426 1227 1451 ,
1259 1399 1323 1439 ac
1351 1391 1515 1439 secta:
1556 1381 1950 1437 Nazarenorum

369 1483 769 1556 principem=(a)
792 1482 930 1554 [Hoc
955 1482 1243 1536 maximum
1270 1480 1476 1535 crimen
1504 1477 1784 1533 videbatur
1812 1473 1953 1546 quod

368 1586 515 1632 esset
540 1568 900 1643 Nazareuus.]
959 1573 1080 1628 ideo
1106 1570 1210 1627 hoc
1231 1571 1613 1641 produxerunt,
1635 1574 1691 1623 et
1715 1582 1778 1622 ea
1805 1566 1871 1621 de
1895 1580 1955 1621 re

368 1668 562 1721 iterum
592 1664 1052 1720 calumniabantur
1071 1679 1224 1725 eum;
1254 1662 1479 1718 Nazaret
1505 1663 1645 1717 enim
1670 1659 1786 1715 vilis
1817 1670 1951 1714 erat.

372 1757 439 1811 Et
467 1759 797 1822 invenientes,
830 1756 1022 1825 inquit.
1057 1754 1190 1810 Vide
1212 1795 1228 1820 ,
1260 1769 1419 1823 quam
1461 1762 1679 1808 versute
1719 1752 1866 1805 illum
1898 1759 1957 1804 ut

374 1846 659 1917 profugum
708 1846 1127 1910 calumnientur,
1161 1845 1246 1899 vix
1293 1844 1440 1898 illum
1491 1842 1784 1912 assequuti,
1833 1856 1952 1894 cmn

369 1948 575 2008 septem
605 1937 794 1993 diebus
820 1937 872 1992 itt
904 1937 1101 2008 templo
1127 1937 1304 1991 fuerit.
1328 1936 1490 2003 Quem
1510 1942 1555 1988 et
1584 1933 1955 2004 apprehensum

370 2034 621 2085 voluimus
649 2030 927 2084 secundant
953 2029 1110 2099 legem
1137 2036 1358 2082 nostram
1378 2026 1635 2097 judicare.
1663 2024 1792 2079 Vide
1820 2038 1956 2094 quo-

374 2123 536 2177 modo
563 2132 617 2178 et
641 2122 813 2193 legem
832 2122 1156 2176 contumelia
1185 2119 1420 2175 afﬁciant
1453 2136 1467 2173 :
1496 2119 1596 2173 nisi
1624 2117 1849 2172 fortasse
1870 2131 1958 2171 se-

372 2213 609 2267 cundum
654 2213 826 2284 legem
876 2222 1014 2276 erat,
1045 2211 1352 2276 verberare,
1393 2207 1662 2273 occidere,
1694 2207 1952 2262 insidiari.

376 2304 629 2376 Sequitur
652 2304 825 2376 Lysia:
852 2304 1139 2359 accusatio.
1190 2302 1559 2373 Superveniens
1583 2311 1751 2353 autem
1775 2298 1958 2370 Lysias

376 2396 605 2448 tribunus
624 2411 737 2447 cum
762 2394 811 2447 vi
840 2409 1028 2464 magna
1047 2394 1230 2463 eripuit
1256 2408 1370 2445 eum
1397 2408 1460 2445 ea:
1484 2390 1714 2445 manibus
1750 2390 1952 2445 nostris.

374 2487 492 2543 Non
518 2487 874 2542 conveniebat
902 2487 1000 2552 illi,
1035 2486 1228 2556 inquit,
1258 2501 1373 2540 rem
1403 2484 1540 2539 hanc
1566 2482 1764 2548 facere,
1798 2498 1956 2554 quam

378 2588 556 2632 tamen
584 2576 733 2632 fecit.
771 2576 851 2631 Ea:
876 2593 975 2646 quo
1003 2576 1189 2645 poteris
1210 2577 1452 2647 judicans
1495 2576 1560 2629 de
1605 2575 1684 2628 Itis
1728 2575 1959 2628 omnibus

376 2685 697 2740 cognoscere,
728 2672 790 2722 de
816 2668 997 2736 quibus
1026 2684 1117 2721 nos
1149 2681 1447 2723 accusamus
1466 2667 1632 2719 illum.
1658 2664 1712 2719 9.
1745 2665 1960 2735 Adjece-

376 2773 491 2818 runt
520 2773 688 2816 autem
723 2772 769 2815 et
795 2760 996 2824 Judtei,
1032 2760 1249 2814 dicentes
1276 2760 1382 2814 lucc
1410 2759 1480 2810 ita
1515 2774 1568 2811 se
1595 2756 1793 2812 habere.
1823 2755 1959 2822 Quid

378 2869 505 2924 ergo
536 2851 768 2906 Paulus?
798 2867 922 2906 num
946 2851 1011 2905 ad
1039 2851 1152 2904 lucc
1198 2849 1376 2903 tacet?
1405 2848 1640 2912 Minime,
1670 2846 1765 2901 sed
1793 2845 1962 2900 libere

378 2946 613 3016 liquitur
640 2945 833 2999 iterum
861 2951 916 2997 et
943 2943 1254 3011 reSpondet,
1285 2941 1444 3010 idque
1466 2939 1682 2993 volente
1708 2937 1956 3006 prmside;

379 3037 616 3093 subdidit
640 3036 787 3091 enim
820 3053 833 3089 :
868 3052 888 3086 s
928 3035 1016 3090 10.
1048 3034 1344 3104 Respondit
1387 3040 1567 3085 autem
1598 3030 1830 3096 Paulus,
1861 3044 1962 3105 att-

383 3139 584 3185 nuente
609 3128 710 3182 sibi
751 3127 973 3197 praeside
1013 3136 1068 3180 ut
1112 3126 1352 3180 diceret:
1385 3123 1463 3178 Ex
1510 3123 1690 3177 multis
1727 3122 1880 3175 annis
1911 3129 1963 3174 te

382 3236 507 3275 esse
526 3198 973 3288 justumjudicem
1002 3215 1148 3287 genti
1178 3215 1303 3270 huic
1338 3215 1516 3269 sciens
1541 3254 1555 3277 ,
1605 3213 1746 3269 bono
1781 3211 1964 3266 animo

387 3327 484 3381 pre
511 3326 597 3364 me
625 3308 966 3365 satisfaciam.
997 3309 1086 3361 11.
1117 3304 1275 3362 Potes
1295 3306 1437 3360 enim
1460 3318 1807 3375 cognoscere,
1841 3302 1962 3372 quia

347 3416 489 3456 ‘non
551 3400 669 3470 plus
715 3408 839 3454 sunt
899 3398 1027 3453 mihi
1076 3397 1231 3463 dies,
1308 3412 1467 3465 quam
1511 3394 1831 3460 duodecim,
1898 3408 1965 3448 ex

382 3509 489 3564 quo
516 3491 731 3547 ascendi
755 3491 979 3546 adorare
1025 3490 1077 3544 in
1117 3488 1413 3545 Jerusalem
1450 3505 1464 3543 :
1498 3488 1583 3543 12.
1617 3497 1672 3544 et
1705 3504 1876 3559 neque
1908 3489 1961 3544 in

387 3584 585 3654 templo
634 3583 953 3637 invenerunt
981 3595 1067 3635 me
1102 3595 1222 3639 cum
1263 3580 1442 3649 aliquo
1485 3579 1844 3649 disputantem
1875 3590 1967 3635 aut

385 3689 704 3731 concursum
737 3671 1018 3727 facientem
1045 3671 1235 3735 turhze,
1259 3685 1434 3741 neque
1455 3670 1506 3724 in
1539 3671 1842 3742 synagogis,
1875 3672 1962 3726 15.

388 3781 560 3836 neque
601 3766 652 3819 in
696 3765 952 3821 civitate:
991 3779 1162 3833 neque
1203 3763 1428 3831 probare
1467 3773 1692 3833 possunt
1749 3779 1847 3827 ea,
1899 3764 1968 3821 de

387 3859 578 3928 quibus
610 3872 751 3910 nunc
776 3872 862 3909 me
885 3862 1156 3910 accusant.
1192 3873 1209 3905 ι
1254 3854 1368 3907 Non
1400 3863 1524 3908 sunt
1556 3854 1671 3909 lucc
1700 3855 1968 3910 adulatio-

391 3955 472 4007 nis
502 3951 684 4015 verba,
719 3950 991 4006 testificari
1016 3948 1174 4017 iudici
1200 3948 1500 4017 justitiam;
1532 3949 1626 4004 sed
1659 3948 1745 4003 illa
1770 3950 1967 4018 petius,

391 4044 516 4098 Cum
545 4043 598 4095 in
644 4042 803 4094 multa
845 4056 967 4111 pace
1003 4056 1212 4110 agamus
1256 4056 1344 4110 per
1387 4048 1451 4093 te.
1484 4038 1592 4095 Cur
1619 4057 1748 4110 ergo
1776 4042 1972 4112 injuste

393 4133 686 4186 seditiones
712 4130 909 4200 agilis?
940 4129 1218 4200 Perpende
1238 4139 1442 4196 autem,
1477 4131 1553 4184 illi
1571 4131 1636 4184 ad
1657 4133 1969 4200 injustitiam

399 4222 688 4291 pellebant,
724 4220 811 4274 hic
851 4208 1112 4289 justitiam
1160 4221 1435 4284 quaerebat
1476 4239 1490 4274 :
1539 4221 1662 4277 ideo
1713 4221 1970 4278 dicebat:

398 4313 536 4368 Bono
580 4313 748 4365 animo
795 4328 885 4383 pro
938 4328 1017 4365 me
1053 4312 1397 4379 satisfaciam;
1437 4311 1630 4368 deinde
1673 4329 1702 4366 ει
1736 4325 1977 4384 tempore

396 4406 717 4459 confirmat:
756 4402 817 4457 Et
849 4404 1018 4457 multis
1053 4405 1221 4469 annis,
1256 4404 1446 4473 inquit,
1476 4414 1524 4457 te
1549 4405 1769 4463 iudicem
1792 4408 1974 4461 sciens.

402 4498 467 4552 Et
500 4496 628 4567 quid
662 4497 762 4550 hoc
801 4496 867 4550 ad
907 4496 1419 4549 demonstrationem
1450 4482 1781 4550 conducebat
1802 4498 1824 4550 ?
1847 4498 1978 4552 Mul-

400 4596 509 4641 tutn
542 4603 556 4638 :
588 4586 824 4639 ostendit
866 4585 1009 4639 enim
1037 4585 1212 4654 ipsum
1263 4599 1477 4654 quoque
1521 4586 1694 4651 scire,
1747 4588 1878 4642 nihil
1921 4604 1980 4644 se

399 4691 586 4730 eorum
636 4675 860 4738 fecisse,
899 4676 966 4730 de
1003 4676 1195 4745 quibus
1231 4680 1596 4731 accusabatur.
1647 4678 1703 4732 Si
1744 4694 1872 4734 vero
1897 4695 1983 4735 se-

400 4768 658 4822 ditionem
685 4766 1023 4829 concitasset,
1053 4767 1165 4835 ipse
1188 4766 1353 4836 judex
1382 4776 1602 4835 nosset,
1630 4785 1802 4845 neque
1834 4772 1982 4826 il'.um

403 4867 546 4912 tanta
573 4872 659 4911 res
688 4857 898 4911 lateret.
930 4857 1133 4912 Deinde
1161 4859 1285 4927 quia
1303 4869 1581 4914 accusator
1602 4840 1973 4931 nihil-probare

405 4959 652 5021 potuerat
689 4950 1071 5021 Jerosolymis,
1102 4952 1223 5006 vide
1252 4954 1374 5022 quid
1408 4954 1550 5015 dicat
1579 4973 1593 5007 :
1631 4955 1873 5010 Omnibus
1899 4959 1985 5027 qui

403 5043 459 5096 its
500 5051 607 5096 toto
635 5042 753 5096 orbe
779 5052 897 5095 sunt
932 5041 1154 5109 Iudaeis,
1191 5046 1523 5100 mendacium
1566 5048 1844 5103 mendacio
1886 5050 1983 5103 ad-

404 5136 538 5191 dens
563 5136 603 5189 ³.
630 5134 756 5189 Ideo
785 5135 979 5190 Paulus
1006 5136 1130 5191 inde
1156 5136 1302 5191 illum
1324 5137 1635 5203 deturbatis,
1669 5141 1743 5195 ait
1790 5158 1803 5193 :
1846 5142 1981 5197 Ado-

406 5236 609 5281 raturus
630 5227 836 5280 ascendi
853 5241 873 5290 ;
903 5228 1052 5296 quasi
1079 5243 1138 5281 se
1169 5228 1246 5282 sic
1272 5244 1502 5300 purgans
1528 5231 1784 5286 :Tantum
1815 5235 1987 5296 abest,

367 5346 375 5353 -
408 5326 463 5370 ιιι
489 5317 790 5372 seditiones
818 5318 1046 5372 excitem
1074 5332 1090 5382 ;
1121 5328 1171 5373 et
1204 5320 1258 5372 in
1292 5321 1394 5375 hoc
1423 5333 1660 5376 moratur
1687 5325 1989 5391 ratioeinio,

407 5409 549 5476 quod
573 5416 720 5463 certe
743 5408 976 5463 validum
999 5418 1115 5464 erat
1140 5426 1154 5474 ;
1189 5409 1334 5464 addit
1364 5413 1505 5465 enim
1538 5429 1551 5465 :
1584 5411 1764 5483 Neque
1787 5417 1838 5468 iu
1870 5429 1995 5470 tent—

411 5499 513 5566 pto,
541 5517 703 5567 neque
726 5501 777 5554 in
798 5500 1016 5566 civitate,
1041 5517 1198 5570 neque
1216 5501 1268 5554 in
1297 5503 1565 5574 sydagogis
1594 5505 1885 5558 invenerunt
1916 5524 1994 5561 tne

477 5635 494 5666 ί
534 5635 678 5693 Illud,
702 5635 1033 5695 mendacium,
1053 5633 1314 5685 mmtdacio
1327 5635 1532 5690 addens.
1571 5636 1718 5687 deest
1739 5637 1788 5686 in
1812 5652 1930 5687 uno.

473 5695 677 5756 ((1)le
705 5697 834 5761 inter
857 5694 1061 5761 uncinOs
1083 5695 1242 5745 clausa
1260 5701 1371 5747 sunt
1389 5709 1483 5747 non
1507 5694 1795 5760 lcgtmturin
1812 5700 1993 5761 Meum,

415 5755 559 5819 Itque
584 5755 614 5806 e
632 5755 805 5807 Sat-ilio
818 5758 1045 5821 suppleta
1069 5764 1202 5806 sunt.

1396 361 1464 419 IN
1501 362 1684 419 ACTA
1722 360 2238 418 APOSTOLURUM.
2282 364 2507 419 HOMIL.
2552 363 2615 420 L.

3531 373 3636 428 3&6

2056 489 2171 527 cum
2199 475 2372 546 aliqua
2410 478 2772 548 disputantem.
2813 480 2965 548 Quod
3008 484 3171 541 etiam
3201 500 3383 543 verum
3409 497 3542 544 erat.
3577 488 3643 544 Et

2058 563 2147 619 ille
2176 566 2391 635 quidem
2426 569 2572 625 illum
2596 569 2889 642 Principem
2910 574 3062 644 dicit,
3089 578 3239 647 quasi
3270 579 3322 634 in
3345 594 3521 651 pugna
3547 590 3642 634 aut

2058 656 2319 722 tumultu;
2350 662 2436 717 hic
2459 677 2591 720 vero
2625 665 2746 721 vide
2769 681 2929 736 quam
2958 680 3236 728 mansuete
3272 673 3595 744 respondeat
3622 691 3637 727 :

2062 769 2082 803 ι
2123 752 2211 807 14.
2259 752 2535 810 Conﬁteor
2578 767 2756 812 autem
2800 758 2893 812 tibi
2938 760 3081 829 quod
3130 764 3423 820 secundum
3474 765 3636 832 viam,

2054 857 2213 912 quam
2243 855 2434 900 vocant
2464 847 2731 917 haeresim,
2759 851 2838 904 sic
2867 852 3039 921 patrio
3062 853 3169 909 Deo
3186 853 3382 918 servio,
3410 857 3639 913 credens

2053 935 2326 1000 omnibus,
2358 952 2478 1007 qua;
2506 940 2557 993 in
2590 941 2707 1012 lege
2732 953 2789 1000 et
2809 943 3089 1014 prophetis
3118 947 3316 1016 scripta
3342 958 3507 1017 sunt;
3545 951 3637 1009 15.

2056 1039 2206 1095 spem
2231 1027 2435 1083 habens
2459 1031 2509 1085 in
2541 1030 2745 1100 Deum,
2774 1050 2935 1104 quam
2977 1045 3031 1092 et
3082 1037 3180 1106 ipsi
3223 1040 3635 1108 amplectuntur,

2058 1116 2288 1173 futuram
2322 1124 2769 1180 resurrectionem
2795 1126 3061 1193 justorum
3089 1138 3142 1182 et
3169 1129 3510 1199 iujustorum.
3543 1151 3564 1184 ι

2125 1209 2179 1264 2.
2220 1209 2386 1267 Vide:
2421 1213 2591 1282 ipsum
2625 1216 2697 1269 illi
2724 1218 3064 1285 separabant,
3091 1219 3176 1275 hic
3202 1236 3329 1275 vero
3354 1237 3413 1275 se
3439 1223 3633 1292 adjun-

2057 1301 2131 1371 git
2171 1302 2269 1372 legi
2314 1318 2436 1358 sese
2467 1307 2757 1374 purgando.
2792 1308 2860 1362 Et
2895 1309 3035 1378 quod
3059 1311 3263 1367 dixerat
3294 1312 3639 1381 conﬁrmans,

2059 1392 2250 1447 iterum
2281 1394 2462 1462 adjicit
2490 1412 2504 1451 :
2534 1397 2622 1452 16.
2656 1397 2719 1450 In
2743 1398 2837 1453 hoc
2864 1410 2907 1453 et
2932 1401 3040 1471 ipse
3067 1403 3245 1456 studeo
3274 1404 3383 1458 sine
3415 1403 3639 1471 aliendi-

2057 1485 2171 1539 culo
2199 1487 2549 1542 conscientiam
2588 1488 2772 1544 habere
2795 1491 2863 1544 ad
2892 1489 3056 1546 Deum
3082 1503 3130 1547 et
3156 1493 3224 1546 ad
3259 1494 3485 1550 homines
3511 1513 3644 1551 sem-

2058 1593 2166 1640 per.
2195 1577 2277 1630 17.
2311 1575 2431 1631 Post
2456 1595 2616 1632 annos
2635 1591 2803 1634 autem
2820 1582 3007 1649 plures,
3026 1584 3368 1654 etcentosynas
3411 1590 3641 1657 facturus

2055 1667 2107 1719 in
2144 1677 2338 1737 gentem
2379 1684 2561 1733 nteant,
2613 1671 2743 1733 veni,
2784 1681 2830 1725 et
2876 1671 3172 1729 oblationes.
3217 1675 3305 1731 18.
3352 1674 3418 1730 1η
3462 1677 3642 1747 quibus

2055 1768 2347 1810 invenerunt
2383 1774 2461 1812 me
2495 1761 2820 1828 puri/iculum
2860 1763 2914 1816 in
2941 1764 3128 1832 templo
3150 1805 3167 1831 ,
3200 1781 3302 1820 non
3330 1782 3447 1821 cum
3471 1768 3632 1831 turba,

2056 1863 2213 1913 neque
2238 1864 2349 1900 cum
2374 1850 2608 1903 tumultu.
2641 1850 2750 1906 Cur
2771 1866 2898 1922 ergo
2926 1855 3211 1910 ascendisti
3232 1856 3255 1910 ?
3278 1870 3375 1911 cur
3398 1859 3591 1914 venisti
3617 1860 3641 1912 ?

2055 1939 2390 2004 Adoraturus,
2410 1941 2766 2011 cleemosynas,
2788 1945 2974 2013 inquit,
2994 1950 3243 2016 facturus.
3262 1948 3442 2020 Itaque
3462 1950 3514 2006 id
3532 1966 3638 2026 non

2057 2041 2174 2085 erat
2203 2032 2463 2086 seditiosi.
2511 2033 2713 2089 Deinde
2741 2035 2952 2091 illorum
3000 2038 3181 2109 dejieit
3206 2056 3522 2110 personam,
3549 2044 3640 2098 di-

2059 2138 2187 2179 cens
2218 2126 2334 2178 sine
2372 2124 2722 2181 discrimine:
2776 2126 2842 2181 In
2868 2130 3047 2198 quibus
3089 2148 3171 2186 me
3211 2134 3505 2188 invenerunt
3546 2136 3636 2190 19.

2057 2213 2264 2281 quidam
2294 2230 2356 2268 ea:
2400 2214 2521 2268 Asia
2545 2213 2737 2281 Judwi,
2762 2232 2889 2286 quos
2926 2220 3188 2288 oportebat
3209 2223 3350 2291 apud
3378 2231 3425 2277 te
3452 2234 3637 2294 praesto

2060 2319 2190 2369 esse,
2237 2314 2284 2357 et
2331 2320 2569 2359 accusare
2592 2345 2607 2371 ,
2631 2306 2673 2359 si
2693 2306 2818 2376 quid
2844 2307 3084 2362 haberent
3109 2309 3374 2364 adversum
3410 2329 3491 2366 me
3510 2328 3530 2365 :
3548 2313 3640 2369 ευ.

2059 2402 2145 2445 aut
2175 2394 2227 2445 hi
2256 2394 2353 2462 ipsi
2380 2395 2583 2458 dicant,
2615 2396 2659 2448 si
2682 2396 2802 2464 quid
2826 2396 3120 2453 invenerunt
3151 2400 3205 2454 in
3232 2416 3312 2454 me
3340 2401 3640 2469 iniquitatis,

2058 2503 2173 2538 cum
2195 2496 2317 2539 stent
2336 2487 2638 2551 inconcilio,
2659 2488 2748 2542 2|.
2772 2490 2871 2543 nisi
2900 2490 2965 2542 de
2991 2490 3086 2543 hac
3112 2508 3215 2545 una
3240 2509 3380 2558 voce,
3408 2510 3509 2560 qua
3533 2495 3644 2548 cla-

2060 2577 2193 2627 mavi
2231 2575 2361 2627 inter
2387 2591 2470 2628 eos
2492 2585 2633 2629 stans
2672 2592 2690 2629 :
2722 2578 2785 2630 de
2812 2581 3174 2634 resurrectione
3201 2591 3513 2637 mortuorum
3550 2601 3645 2655 ego

2061 2665 2211 2720 hodie
2220 2665 2428 2736 judicor
2450 2683 2483 2719 ιι
2503 2668 2660 2722 vobis.
2690 2668 2815 2723 llaec
2834 2679 2917 2725 est
2945 2673 3160 2740 cepiosa
3177 2673 3507 2743 justificatio,
3539 2692 3643 2731 non

2063 2757 2245 2824 fugere
2271 2755 2338 2810 ab
2367 2758 2769 2812 accusatoribus
2788 2800 2804 2825 ,
2850 2760 2943 2813 sed
2974 2770 3215 2828 paratum
3243 2778 3361 2818 esse
3403 2766 3468 2818 ad
3517 2767 3642 2820 red-

2061 2847 2289 2901 dentiam
2317 2848 2561 2902 omnibus
2592 2849 2869 2904 rationem.
2904 2849 2982 2904 De
3013 2855 3376 2909 resurrectione
3418 2866 3643 2910 mortuo-

2061 2954 2175 2991 rum
2217 2953 2328 3008 ego,
2364 2938 2554 3007 inquit,
2590 2939 2741 2993 hodie
2769 2939 2979 3011 judicor
3002 2942 3210 2998 avobis.
3250 2944 3315 2999 Et
3343 2945 3471 3001 nihil
3515 2947 3649 3002 dixit

2062 3040 2269 3093 eorum,
2302 3041 2422 3095 quae
2445 3026 2565 3096 jure
2597 3037 2804 3097 poterat
2823 3030 3003 3086 dicere
3028 3049 3042 3085 :
3068 3031 3211 3101 quod
3239 3033 3473 3090 insidiati
3500 3046 3647 3103 sunt,

2064 3115 2408 3172 detinuerunt
2451 3118 2645 3188 ipsum,
2687 3119 2907 3175 insidias
2936 3129 3247 3179 struxerunt
3293 3124 3450 3195 (haec
3502 3127 3648 3183 enim

2064 3207 2131 3263 ab
2162 3209 2293 3277 ipsis
2324 3207 2460 3264 facta
2503 3218 2819 3274 narrantur;
2852 3212 2920 3266 ab
2948 3213 3049 3268 hoc
3077 3225 3254 3271 autem
3274 3258 3289 3281 ,
3319 3217 3442 3273 licet
3467 3219 3518 3274 in
3550 3236 3648 3291 pe-

2063 3302 2232 3357 riculo
2259 3311 2504 3357 versante
2523 3345 2537 3368 ,
2566 3319 2672 3358 non
2698 3303 2847 3375 item)
2872 3347 2887 3369 ,
2942 3305 3036 3360 sed
3067 3316 3224 3373 tacet,
3253 3317 3308 3364 et
3331 3310 3504 3365 solum
3530 3326 3652 3367 sese

2067 3402 2277 3463 purgat,
2311 3402 2364 3447 et
2394 3393 2439 3446 si
2466 3393 2742 3447 innumera
2765 3393 2946 3451 dicere
2970 3398 3245 3465 potuisset.
3274 3399 3386 3454 [loc
3417 3400 3564 3455 illum
3596 3403 3650 3456 in

2065 3484 2308 3540 Caesarea
2348 3483 2553 3539 clarum
2584 3484 2872 3550 reddebat,
2902 3487 3046 3558 quod
3077 3504 3199 3544 cum
3242 3498 3390 3546 tanto
3436 3492 3663 3561 agmine

2065 3574 2325 3629 venisset.
2352 3573 2418 3628 In
2439 3575 2619 3643 quibus
2651 3577 2943 3631 invenerunt
2970 3595 3068 3646 me,
3098 3580 3294 3647 inquit,
3329 3582 3654 3651 puriﬁcatam

2066 3668 2121 3722 in
2163 3666 2368 3740 templo.
2419 3667 2696 3734 Quomodo
2726 3684 2853 3738 ergo
2901 3670 3152 3726 violavit?
3188 3688 3293 3727 non
3320 3675 3465 3729 enim
3498 3675 3641 3745 ejus-

2066 3759 2188 3819 dem
2231 3759 2463 3813 hominis
2489 3768 2632 3827 erat,
2690 3761 2982 3831 puriﬂcari,
3009 3763 3267 3829 adorare,
3299 3774 3353 3820 et
3389 3766 3509 3822 ideo
3556 3782 3651 3823 ve-

2069 3854 2220 3919 nire,
2280 3862 2335 3908 et
2404 3852 2627 3907 violare.
2698 3853 2812 3909 Hoc
2867 3865 3061 3909 autem.
3094 3858 3159 3909 ad
3222 3858 3654 3927 justiticationem

2072 3946 2318 4001 conferre
2363 3945 2628 4009 videatur,
2660 3947 2801 4017 quod
2831 3962 2935 4001 non
2963 3948 3018 4002 in
3049 3949 3266 4020 longum
3310 3953 3507 4007 incidat
3536 3970 3657 4010 ser-

2074 4053 2309 4093 monem.
2353 4038 2418 4091 Et
2452 4036 2784 4106 gratificatur
2826 4037 3015 4107 judici.
3049 4025 3178 4094 Mihi
3223 4051 3400 4095 autem
3451 4043 3658 4096 videtur

2073 4128 2233 4181 etiam
2264 4127 2366 4181 hoc
2408 4125 2775 4181 defensionem
2801 4141 2950 4180 suam
2984 4128 3321 4183 contrahere.
3353 4129 3456 4184 Sed
3494 4145 3657 4199 supe-

2076 4219 2185 4272 rius
2213 4218 2354 4271 dicta
2384 4227 2710 4286 repetamus.
2738 4216 2872 4282 Quia
2904 4219 3134 4273 antehac
3173 4220 3395 4274 multttm
3432 4224 3657 4276 'concio-

2078 4316 2233 4361 natus
2254 4316 2368 4362 erat
2383 4304 2672 4371 Tertullus,
2696 4306 2985 4361 ostendens
3007 4323 3068 4362 se
3084 4310 3401 4377 compendio
3421 4312 3658 4377 studere,

2080 4415 2183 4452 non
2212 4398 2365 4463 dixit,
2397 4398 2533 4452 Audi
2562 4412 2712 4462 rem;
2746 4397 2860 4462 sed,
2895 4398 2977 4453 Ne
3009 4408 3057 4453 te
3102 4400 3290 4455 diutius
3317 4419 3504 4469 morer,
3539 4422 3661 4475 rogo

2081 4489 2258 4542 audias
2284 4504 2374 4543 nos
2399 4505 2492 4559 pro
2518 4497 2607 4542 tua
2634 4488 2964 4544 humanitate.
3012 4490 3174 4546 Forte
3199 4499 3256 4546 ut
3280 4496 3500 4562 gratiam
3547 4496 3664 4565 ejus

2082 4587 2373 4646 aucupetur
2420 4579 2498 4633 sic
2543 4592 2845 4635 sermonem
2885 4590 3154 4651 apparat:
3190 4583 3270 4637 vel
3314 4585 3473 4638 etiam
3504 4601 3660 4639 man-

2084 4671 2378 4726 suetudinis
2403 4671 2611 4740 signum
2653 4681 2757 4737 est,
2785 4687 2906 4727 cum
2929 4674 3048 4744 quis
3075 4675 3224 4743 plura
3253 4675 3434 4732 dicere
3460 4679 3666 4740 valens,

2086 4776 2250 4831 pauca
2279 4761 2426 4826 dicit,
2460 4770 2516 4814 ut
2569 4776 2636 4816 ne
2665 4763 2963 4817 molestiam
2996 4766 3189 4833 pariat.
3222 4765 3541 4832 Invenimus,
3587 4770 3670 4821 in-

2086 4853 2219 4922 quit,
2253 4853 2384 4905 hnnc
2412 4853 2574 4905 virum
2615 4853 2910 4922 pestiferum
2938 4870 2957 4909 :
2986 4856 3093 4924 qui,
3131 4857 3320 4927 inquit,
3357 4868 3403 4911 et
3425 4859 3669 4927 templum

2090 4945 2283 5000 stature
2303 4943 2523 4996 tentavit.
2552 4942 2690 5010 Ergo
2709 4957 2813 4996 non
2836 4942 3073 4999 violavit.
3109 4945 3244 5013 Quid
3264 4949 3438 5017 igitur,
3471 4950 3517 5002 si
3546 4949 3672 5005 alibi

2090 5032 2196 5089 hoc
2226 5032 2389 5086 fecit?
2419 5018 2634 5086 Minime
2662 5049 2676 5083 :
2706 5034 2837 5088 alias
2858 5036 3000 5089 enim
3051 5036 3302 5104 dixisset;
3350 5038 3459 5107 jam
3507 5055 3635 5095 vero
3657 5080 3673 5103 ,

2093 5120 2342 5188 Tentavit,
2378 5120 2544 5186 dicit;
2574 5136 2681 5192 quo
2701 5133 2881 5178 autem
2908 5125 3088 5193 modo,
3120 5139 3227 5181 non
3257 5126 3424 5181 addit.
3461 5128 3521 5182 Et
3548 5144 3668 5197 qua!

2093 5214 2316 5268 Paulum
2347 5213 2562 5284 quidem
2604 5216 2957 5284 spectabant,
2988 5217 3066 5273 sic
3095 5219 3316 5281 extulit;
3348 5220 3469 5275 vide
3495 5231 3673 5276 autem

2094 5304 2363 5376 quomodo
2388 5320 2508 5373 qua:
2533 5318 2627 5358 sua
2655 5314 2779 5359 sunt
2795 5307 3019 5361 minuat.
3046 5308 3206 5371 Quem
3225 5310 3672 5378 appreltenanuus,

2097 5395 2285 5463 inquit,
2317 5401 2363 5446 et
2393 5395 2637 5447 voluimus
2668 5395 2906 5465 judicare
2931 5400 3206 5450 secundum
3249 5399 3404 5468 legem
3429 5413 3671 5455 nostram.

2098 5484 2465 5554 Superveniens
2493 5489 2663 5538 autem
2690 5484 2873 5555 Lysias
2922 5488 3153 5541 tribunus
3202 5504 3318 5543 cum
3348 5495 3509 5545 multa
3535 5494 3583 5546 vi
3611 5510 3674 5548 es:

2099 5575 2329 5629 manibus
2351 5576 2534 5629 nostris
2572 5575 2811 5647 abripuit.
2850 5577 2947 5632 Hic
2966 5579 3233 5648 ostendit,
3262 5581 3363 5637 sibi
3393 5583 3674 5639 molestum

2099 5682 2218 5722 esse
2248 5667 2313 5721 ad
2344 5675 2598 5721 extranea
2645 5669 2927 5724 tribunalia
2955 5673 3159 5736 venire,
3190 5681 3245 5728 et
3269 5674 3408 5744 quod
3439 5691 3544 5729 non
3578 5678 3671 5744 ξι)εὲ

2102 5757 2309 5813 molesti
2365 5756 2611 5827 fuissent,
2662 5760 2762 5814 nisi
2815 5762 2926 5831 ipse
2975 5764 3264 5832 coegisset,
3296 5767 3541 5838 quodque
3568 5783 3675 5823 non
