4148 6152
462 400 563 457 357

461 516 527 571 ad
572 513 719 568 illum
775 509 1065 580 pertineret
1114 506 1284 560 virum
1335 502 1580 571 abripere
1612 516 1626 553 :
1657 512 1778 550 nam
1833 492 2044 563 injuria:

463 616 646 660 contra
673 617 773 660 nos
797 609 970 667 erant,
995 609 1049 653 et
1081 598 1340 667 judicium
1374 592 1512 663 apud
1545 605 1642 644 nos
1685 587 1797 642 fieri
1827 593 2045 654 oporte-

464 698 497 751 Ι)
516 708 571 751 .t.
602 694 751 762 Quod
769 702 947 748 autem
969 704 1059 745 res
1081 691 1159 745 sic
1189 687 1403 751 habeat,
1432 683 1708 753 sequentia
1735 679 1854 734 vide
1879 696 1893 731 :
1924 677 2051 731 Cum

465 788 625 843 multa
646 790 713 855 vi,
748 786 938 857 inquit.
973 784 1062 839 Vis
1087 783 1230 839 enim
1258 789 1391 835 erat.
1439 779 1476 831 A
1507 794 1606 847 quo
1652 775 1836 844 poteris
1865 786 2052 841 cogno-

463 899 617 935 scere.
649 880 833 952 Neque
861 892 1116 933 accusare
1147 873 1308 930 audet
1330 890 1345 926 :
1367 881 1479 927 erat
1500 872 1642 925 enim
1669 870 1751 923 vir
1776 868 2048 922 clemens:

466 989 641 1043 neque
683 974 801 1027 sine
830 985 990 1024 causa
1021 965 1402 1038 pratercurrit.
1456 961 1661 1018 Deinde
1703 961 1932 1022 iterum,
1984 971 2052 1011 ne

466 1064 682 1117 mentiri
713 1060 1014 1121 videretur,
1048 1059 1221 1128 ipsum
1265 1056 1483 1110 Paulum
1528 1053 1608 1106 sui
1640 1051 1807 1119 ipsius
1832 1062 2052 1101 accusa-

466 1166 635 1207 torem
669 1151 890 1206 inducit.
922 1150 967 1202 A
1004 1164 1102 1218 quo
1134 1157 1273 1218 potes
1297 1186 1313 1211 ,
1366 1144 1555 1214 inquit,
1606 1143 1667 1196 de
1714 1141 1792 1194 Itis
1820 1139 2050 1193 omnibus

466 1246 756 1313 dijudieans
799 1257 1120 1313 cognoscere.
1153 1237 1430 1293 Accedunt
1470 1244 1650 1305 postea
1679 1233 1939 1287 dictorum
1970 1240 2053 1285 te-

467 1346 579 1389 stes
614 1352 627 1389 :
660 1334 964 1405 Adjecerunt
993 1341 1158 1385 autem
1182 1339 1226 1384 et
1253 1327 1445 1390 Juda’i,
1479 1327 1699 1379 dicentes
1744 1325 1851 1376 [nec
1890 1324 1961 1375 ita
2001 1337 2055 1375 se

472 1425 672 1479 habere.
702 1428 1055 1478 Accusatores
1076 1430 1200 1475 sunt
1229 1429 1284 1474 et
1313 1428 1480 1473 testes
1507 1427 1561 1472 et
1587 1424 1948 1471 accusatores.
1984 1413 2055 1467 At

467 1518 666 1573 Paulus
696 1514 981 1586 respondet
1013 1530 1026 1565 :
1060 1513 1236 1568 Sciens
1263 1528 1325 1565 ea:
1354 1510 1526 1564 multis
1549 1509 1697 1562 annis
1737 1518 1783 1561 te
1823 1523 1929 1560 esse
1960 1506 2056 1575 ju-

468 1623 601 1664 stum
618 1611 867 1681 judicem.
896 1607 1010 1662 Non
1043 1620 1171 1676 ergo
1204 1604 1516 1673 peregrinus
1546 1611 1823 1668 estneque
1849 1599 2055 1651 alienus

470 1719 645 1772 neque
688 1710 931 1765 novator,
961 1701 1003 1753 si
1033 1714 1063 1752 a
1092 1697 1272 1751 Innltis
1301 1697 1457 1750 annis
1504 1693 1653 1747 novit
1678 1691 1933 1760 judicem.
1987 1688 2056 1742 Et

469 1805 617 1851 recte
643 1793 843 1848 addidit
872 1791 1023 1856 illud,
1054 1788 1284 1855 Iustum,
1314 1798 1459 1841 utne
1487 1786 1553 1840 ad
1576 1799 1841 1839 summum
1872 1781 2051 1851 ponti-

470 1888 626 1943 ficem
657 1887 968 1955 respiceret,
1013 1885 1095 1939 vel
1124 1884 1190 1936 ad
1226 1881 1482 1950 populum
1509 1920 1525 1945 ,
1559 1876 1641 1930 vel
1674 1875 1740 1929 ad
1772 1881 2054 1928 accusato-

472 1996 608 2036 rem.
641 1979 797 2043 Vide,
831 1975 1104 2048 quomodo
1132 1989 1236 2029 non
1270 1970 1534 2042 processit
1558 1968 1623 2022 ad
1651 1964 2053 2026 contumeliam,

471 2072 570 2128 etsi
604 2071 893 2125 necessitas
921 2077 1087 2122 esset.
1118 2066 1357 2128 Credens,
1392 2062 1582 2131 inquit,
1631 2060 1897 2122 omnibus,
1946 2071 2059 2125 qua

468 2164 523 2216 in
545 2164 651 2233 lege
672 2170 803 2214 sunt.
836 2160 946 2213 Hoc
975 2159 1147 2221 dixit,
1188 2155 1479 2210 ostendens
1510 2152 1715 2206 nullum
1757 2149 2051 2214 hominem,

471 2254 561 2322 qui
612 2252 796 2306 credat
836 2249 1287 2304 resurrectionem
1314 2246 1578 2307 futuram,
1622 2243 1743 2297 talia
1796 2241 2057 2295 facturum

475 2356 631 2405 esse;
655 2355 812 2409 quam
844 2349 899 2393 et
935 2339 1009 2392 illi
1037 2345 1365 2406 exspectant.
1398 2335 1513 2389 Non
1532 2334 1665 2388 dixit
1688 2335 1755 2389 de
1786 2334 1886 2395 his,
1917 2331 2058 2402 quod

409 2407 429 2425 ’
476 2407 701 2485 credant
743 2429 826 2493 iis,
868 2444 990 2498 quae
1020 2428 1072 2482 in
1125 2427 1401 2497 prophetis
1441 2426 1635 2495 scripta
1677 2436 1801 2478 sunt
1848 2430 2059 2493 (neque

478 2523 622 2575 enim
650 2520 1006 2590 credebant);
1059 2520 1150 2575 sed
1185 2521 1269 2575 hic
1311 2520 1557 2574 omnibus
1598 2519 1888 2583 credebat,
1953 2532 2059 2571 non

479 2614 555 2667 illi
588 2630 601 2665 :
630 2612 901 2681 quomodo
953 2620 1154 2677 autem,
1203 2611 1415 2679 longum
1470 2621 1612 2666 esset
1672 2624 1813 2663 nunc
1858 2609 2056 2663 dicere.

477 2702 649 2758 Tanta
675 2704 828 2768 dixit,
870 2713 924 2759 et
948 2718 1207 2774 nusquam
1239 2703 1433 2758 Christi
1463 2704 1725 2759 meminit.
1762 2703 1856 2756 llic
1883 2712 2059 2756 autem

479 2806 536 2849 ttt
562 2796 712 2861 dixit,
740 2796 985 2862 Credens,
1015 2797 1172 2850 etiam
1196 2811 1279 2861 ea,
1307 2811 1422 2865 qua:
1440 2794 1708 2849 Christum
1727 2793 2060 2861 spectabant,

478 2889 880 2958 complectitur;
919 2888 1012 2943 scd
1040 2889 1251 2943 interim
1298 2888 1348 2940 in
1376 2887 1785 2941 I'CSIII'I'CCllHNl,‘
1813 2901 2064 2939 sermone

480 2990 742 3043 moratur,
772 2980 911 3051 quod
941 2981 1131 3050 dogma
1153 2980 1283 3049 ipsis
1304 2994 1590 3033 commune
1611 2989 1744 3041 erat,
1775 2990 1825 3033 et
1848 2994 2062 3033 Omnem

480 3070 761 3127 seditionis
780 3072 1138 3139 suspicionem
1171 3071 1364 3125 aufert.
1401 3071 1600 3124 Deinde
1623 3086 1876 3124 ascensus
1904 3084 2063 3123 causa

480 3164 740 3233 sequitur.
764 3162 1141 3233 Eleemosynos,
1160 3162 1353 3232 inquit,
1379 3172 1426 3215 et
1448 3163 1725 3215 oblationes
1753 3166 1985 3231 facturus
2012 3163 2065 3216 in

481 3264 679 3324 gentem
718 3269 902 3319 meam,
929 3254 1063 3315 veni,
1090 3252 1240 3321 idque
1262 3269 1353 3322 per
1373 3268 1533 3304 annos
1564 3254 1752 3321 plures.
1787 3252 2067 3319 Quomodo

483 3359 610 3414 ergo
659 3345 925 3398 turbasset
973 3359 1100 3408 eos,
1159 3343 1351 3413 quibus
1393 3343 1792 3413 eleemosynam
1844 3344 2066 3398 daturus

484 3442 688 3488 tantum
723 3435 822 3488 iter
859 3433 1215 3502 susceperat?
1246 3432 1366 3487 Non
1396 3450 1510 3485 cum
1540 3433 1705 3497 turba,
1740 3434 1945 3502 inquit,
1976 3451 2066 3489 nec

483 3540 599 3576 cum
626 3525 860 3579 tumultu.
896 3525 1102 3592 Ubique
1129 3523 1446 3578 seditionem
1469 3525 1749 3579 inficiatur.
1784 3525 1945 3579 Recte
1973 3541 2065 3579 att-

487 3624 593 3668 tem
631 3617 849 3669 advocat
880 3627 1222 3669 accusatores
1248 3618 1336 3685 qui
1363 3616 1432 3671 ab
1461 3618 1583 3672 Asia
1603 3660 1617 3683 ,
1664 3619 1849 3672 dicens
1879 3636 1891 3671 :
1929 3618 2066 3685 Quos

488 3708 747 3776 oportebat
771 3707 909 3775 apud
935 3717 981 3759 te
1004 3724 1261 3773 accusare,
1293 3710 1335 3761 si
1379 3709 1501 3777 quid
1526 3709 1763 3763 haberent
1802 3712 2067 3763 adversum

490 3816 585 3853 me.
620 3798 692 3853 lta
722 3799 1055 3867 confidebat,
1087 3816 1145 3853 se
1174 3800 1427 3854 mundum
1469 3818 1589 3857 esse
1634 3817 1662 3854 a
1718 3802 1960 3866 crimine,
2011 3812 2067 3857 ut

486 3890 650 3943 etiam
680 3899 932 3959 provocet
966 3906 1078 3944 eos.
1111 3891 1177 3945 Et
1208 3908 1311 3945 non
1341 3906 1434 3945 eos
1464 3893 1670 3956 solum,
1705 3895 1794 3960 qui
1844 3894 1912 3948 ab
1940 3895 2065 3948 Asia

487 3990 661 4047 erant,
694 3996 876 4034 verum
918 3982 1074 4051 etiam
1107 3997 1222 4047 eos,
1245 3986 1330 4051 qtti
1360 3998 1424 4036 ex
1441 3983 1759 4049 Jerusalem,
1790 3995 2069 4038 accusato-

487 4087 576 4125 res
596 4087 703 4126 non
726 4073 927 4141 rejicit;
958 4074 1049 4127 sed
1076 4073 1172 4126 hos
1199 4088 1412 4141 quoque
1432 4084 1619 4128 evocat
1640 4076 1896 4144 adjiciens
1923 4094 1935 4128 :
1968 4077 2067 4129 Ant

489 4163 543 4214 Ιρὶ
569 4163 669 4232 ipsi
711 4164 900 4217 dicant.
938 4164 1146 4217 Etenim
1194 4164 1312 4217 ideo
1351 4164 1419 4217 ab
1446 4164 1594 4217 initio
1624 4180 1764 4234 :egre
1805 4165 2063 4228 ferebant,

487 4254 628 4323 quod
659 4257 1106 4311 resurrectionem
1147 4256 1483 4326 praedicaret.
1520 4258 1581 4311 Et
1630 4258 1764 4312 bene
1794 4258 1871 4312 sie
1903 4258 2067 4313 facie-

487 4348 575 4402 bat
601 4367 613 4403 :
639 4348 739 4402 hoc
765 4350 905 4403 enim
929 4359 1169 4415 ostenso,
1201 4349 1353 4403 facile
1379 4359 1433 4403 et
1456 4349 1725 4403 Christum
1748 4360 1802 4405 et
1826 4366 2067 4405 resurre-

485 4437 718 4492 ctionetn
748 4439 864 4506 ejus
910 4439 1212 4494 inducebat.
1253 4440 1387 4506 Quid
1426 4441 1742 4503 invenerunt,
1778 4443 1980 4510 inquit,
2013 4443 2065 4496 in

484 4546 562 4582 me
602 4530 882 4600 injustitiar,
918 4545 1033 4582 cum
1058 4541 1242 4583 starem
1264 4530 1316 4582 in
1338 4531 1593 4584 concilio?
1624 4529 1685 4582 In
1712 4533 1947 4598 concilio,
1980 4533 2065 4586 in-

481 4621 634 4689 quit,
664 4619 955 4672 ostendens
983 4620 1101 4672 illos
1132 4618 1265 4671 nihil
1309 4619 1597 4682 invenisse,
1653 4635 1760 4672 non
1818 4622 2062 4689 privatim

482 4710 830 4779 inquisitione
855 4710 1007 4773 facta,
1042 4708 1138 4763 sed
1161 4708 1502 4763 multitudine
1530 4720 1795 4778 przcsente
1822 4721 1876 4765 et
1904 4728 2064 4767 accu-

479 4813 596 4857 rate
624 4800 965 4870 dijudicante.

551 4892 605 4945 3.
647 4892 797 4958 Quod
826 4899 1003 4945 autem
1036 4890 1150 4945 hmc
1180 4906 1304 4944 vera
1347 4891 1472 4954 sint,
1504 4893 1853 4949 testificantur
1880 4897 1944 4963 ii,
1976 4898 2064 4968 qui

479 4984 549 5039 de
577 4985 679 5039 hoc
701 4994 972 5038 accusant.
1003 4983 1126 5038 Ideo
1151 4984 1363 5038 dicebat
1388 5002 1401 5038 :
1432 4983 1499 5037 In
1529 4984 1623 5038 hoc
1653 4997 1820 5040 autent
1850 4992 2045 5055 studeo,

482 5086 535 5131 ut
559 5079 669 5131 sine
690 5075 998 5142 oﬂ'endiculo
1026 5076 1387 5129 conscientiam
1430 5078 1641 5131 habeam
1670 5095 1791 5151 erga
1824 5081 1984 5134 Deum
2018 5093 2065 5136 et

479 5188 600 5243 erga
638 5171 884 5225 bantines.
919 5168 1155 5225 Perfecta
1181 5170 1322 5224 enim
1353 5170 1467 5226 lucc
1495 5172 1663 5225 virtus
1693 5185 1773 5227 est
1796 5215 1810 5238 ,
1853 5176 2064 5245 quando

485 5263 788 5318 hominibus
834 5262 1148 5316 occasiones
1194 5277 1300 5315 non
1344 5261 1569 5328 damus,
1616 5272 1671 5317 et
1711 5265 1851 5335 apud
1898 5268 2061 5322 Deum

478 5356 757 5412 studemus
784 5370 905 5410 esse
931 5353 1048 5408 sine
1075 5351 1418 5408 offendiculo.
1447 5353 1560 5419 Qua
1582 5354 1798 5408 clamavi
1821 5358 1874 5410 in
1897 5360 2067 5411 conci-

483 5451 585 5515 lio,
630 5452 817 5521 inquit.
862 5448 1183 5503 Violentiam
1224 5447 1436 5503 illorum
1475 5449 1709 5503 ostendit
1735 5464 1855 5504 eum
1895 5450 2059 5516 dicit,

485 5540 707 5597 Clamant“
728 5560 746 5607 ;
776 5556 840 5596 ac
863 5541 907 5594 si
938 5541 1144 5595 diceret
1169 5556 1182 5592 :
1212 5538 1328 5595 Non
1357 5549 1581 5609 possunt
1606 5540 1787 5595 dicere
1814 5555 1901 5595 me
1926 5541 2066 5597 elec-

483 5644 721 5701 mosynae
746 5631 966 5685 obtentu
996 5631 1111 5684 haec
1142 5630 1371 5685 fecisse:
1414 5646 1520 5685 non
1549 5630 1689 5686 enim
1720 5644 1841 5683 eum
1871 5632 2020 5685 turba
2044 5670 2061 5696 ,

482 5735 653 5789 neque
690 5738 810 5776 cum
842 5722 1070 5777 tumultu
1098 5723 1198 5778 hoc
1226 5723 1480 5777 faciebam
1510 5740 1523 5775 :
1573 5720 1809 5791 alioquin
1833 5736 1959 5778 vero
1988 5722 2064 5775 in—

1166 391 1221 448 S.
1262 384 1540 470 JOANNlS
1574 376 2049 444 CllllYSOSTOlll
2088 375 2406 432 ARCHIEP.
2447 377 2978 434 CONSTANTINOP.

3636 378 3742 434 318

2156 493 2443 561 quis-itione
2482 493 2580 548 hac
2620 494 2689 549 de
2719 510 2776 549 re
2804 494 2938 549 facta
2962 536 2976 559 ,
3005 493 3133 549 nihil
3179 494 3297 563 plus
3342 492 3739 548 inveniebatur.

2158 584 2347 638 Vidisti
2386 585 2438 638 in
2469 586 2717 654 periculis
2759 586 3219 640 mansuetudinem
3243 586 3265 638 ?
3293 585 3468 639 vidisti
3503 586 3738 655 linguam

2156 675 2382 731 honesta
2413 678 2720 747 loquentem
2742 719 2755 743 ,
2786 689 2841 733 et
2870 678 3138 746 quomodo
3172 692 3331 729 unum
3365 685 3568 729 tantum
3595 692 3745 745 qna!-

2155 779 2279 834 rat,
2332 779 2389 824 ut
2434 770 2536 825 sibi
2580 770 2787 839 objecta
2834 770 3068 834 refutet,
3118 784 3217 823 nec
3263 770 3382 822 illos
3427 768 3745 823 criminibus

2154 863 2384 927 obruat,
2434 862 2533 915 nisi
2564 877 2684 916 cum
2714 862 2779 915 ad
2810 861 3177 915 defensionem
3218 861 3543 931 cogeretur?
3587 872 3644 914 ut
3687 868 3745 915 et

2154 953 2402 1008 Christus
2428 953 2640 1010 dicrbat
2669 972 2681 1008 :
2715 953 2824 1023 Ego
2854 953 3157 1007 dwnwnium
3184 970 3283 1006 non
3313 954 3471 1006 habeo
3494 995 3510 1017 ,
3536 955 3623 1006 sed
3652 953 3745 1006 Ito-

2155 1046 2367 1112 noriﬁco
2398 1045 2609 1101 Patrem
2638 1062 2803 1099 meum
2825 1087 2838 1104 .
2870 1058 2914 1099 et
2941 1063 3025 1099 eos
3054 1046 3395 1099 inhonorastis
3420 1063 3499 1098 me
3538 1047 3554 1113 (
3579 1044 3739 1100 Joan.

2155 1138 2206 1192 8.
2236 1138 2349 1208 49).
2401 1139 2550 1194 llunc
2578 1149 2630 1194 et
2671 1154 2770 1193 nos
2798 1141 3108 1193 imitemur:
3150 1140 3271 1207 quia
3300 1148 3355 1193 et
3394 1141 3506 1207 ipse
3545 1139 3742 1195 Christi

2158 1230 2397 1283 imitator
2427 1240 2561 1283 erat.
2613 1229 2669 1286 Si
2702 1231 2793 1285 ille
2822 1232 2951 1283 nihil
2984 1232 3049 1284 iis
3073 1272 3086 1295 ,
3134 1231 3222 1299 qui
3251 1230 3316 1283 ad
3345 1230 3546 1283 ca‘dem
3572 1247 3742 1285 vene-

2158 1331 2300 1385 rant,
2332 1337 2581 1390 asperum
2613 1321 2766 1387 dixit,
2798 1337 2898 1392 qua
2928 1337 3025 1375 nos
3052 1323 3201 1374 venia
3228 1321 3371 1391 digni
3401 1323 3605 1375 erimus
3629 1365 3644 1389 ,
3690 1324 3742 1376 in

2158 1413 2416 1466 conviciis
2446 1423 2500 1466 et
2543 1416 2883 1467 contumeliis
2925 1413 3151 1474 eﬂ'erati,
3195 1413 3284 1481 qui
3330 1414 3588 1468 scelestos
3626 1429 3744 1468 sce-

2159 1504 2583 1573 lestissimosque
2614 1520 2865 1559 vocamus
2895 1505 3136 1559 inimicos
3166 1517 3376 1559 nostros
3401 1506 3425 1558 ?
3463 1521 3620 1574 quam
3652 1506 3745 1561 de-

2160 1594 2449 1650 fensionem
2472 1596 2803 1657 habebimus,
2826 1597 2913 1665 qui
2934 1596 3177 1651 inimicos
3192 1598 3409 1650 omnino
3432 1598 3745 1652 habeamus?

2159 1690 2350 1742 Annon
2378 1688 2529 1741 audis
2554 1703 2674 1741 eum
2704 1730 2717 1753 ,
2752 1690 2839 1757 qui
2875 1689 3100 1743 honorat
3125 1730 3138 1752 ,
3168 1689 3400 1756 seipsmn
3434 1688 3748 1744 honorare?

2159 1780 2267 1833 Nos
2293 1790 2471 1834 autem
2503 1795 2601 1834 nos
2632 1780 2774 1849 ipsos
2801 1781 3122 1833 contumelia
3151 1780 3431 1832 afficiam.»
3480 1783 3743 1846 Accusas,

2160 1872 2300 1939 quod
2345 1871 2667 1925 contumelia
2697 1871 2921 1925 affectus
2946 1872 3020 1925 sis
3049 1888 3063 1925 :
3110 1887 3207 1924 cur
3236 1871 3392 1940 igitur
3425 1872 3536 1939 ipse
3565 1872 3614 1924 in
3644 1871 3744 1924 hoc

2161 1964 2363 2016 crimen
2392 1962 2624 2016 incidis?
2650 1978 2745 2015 cur
2767 1965 2990 2030 teipsum
3018 1964 3297 2016 confodi»?
3325 1963 3473 2017 Mane
3503 1964 3741 2030 paSsione

2164 2069 2384 2120 vacuus,
2416 2070 2571 2109 mane
2599 2055 2964 2109 invulneratus
2993 2073 3007 2109 :
3038 2072 3123 2120 ne,
3152 2056 3276 2108 dum
3308 2057 3384 2107 vis
3417 2056 3636 2110 alterum
3668 2059 3740 2110 fe-

2162 2150 2288 2212 rire,
2323 2148 2548 2216 teipsum
2578 2148 2732 2201 malis
2758 2149 3017 2202 involvas.
3064 2147 3177 2201 Non
3208 2149 3406 2202 sufficit
3436 2149 3584 2201 nobis
3609 2148 3746 2202 alius

2162 2238 2321 2290 animi
2340 2238 2616 2300 tumultus,
2642 2240 2854 2292 nemine
2880 2239 3182 2292 concitante
3206 2249 3401 2301 motus,
3428 2248 3485 2292 ut
3503 2238 3748 2293 absurda:

2164 2330 2631 2397 cuticupiseentim,
2663 2346 2946 2397 niteret-es,
2980 2331 3209 2385 tristiti:c
3237 2342 3292 2385 et
3321 2332 3534 2397 similia,
3566 2342 3619 2385 ut
3648 2333 3749 2387 alia

2165 2422 2318 2476 nobis
2354 2423 2795 2477 accuntulemus?

2238 2514 2566 2568 Contumelia:
2590 2517 2841 2585 quomodo
2870 2516 3110 2584 ferendtc.
3138 2546 3209 2555 —
3237 2516 3303 2569 Et
3332 2516 3599 2586 quomodo
3633 2534 3752 2586 pos-

2164 2607 2320 2662 sibile
2361 2616 2443 2661 est
2466 2646 2482 2673 ,
2534 2608 2777 2677 inquies,
2819 2607 3172 2661 contumelias
3204 2609 3386 2661 ferre?
3434 2611 3711 2674 Quomodo
3736 2650 3753 2676 ,

2166 2712 2383 2765 qumso,
2418 2697 2745 2765 impossibile
2772 2700 2889 2753 est?
2920 2698 3110 2753 vulnus
3140 2699 3293 2753 nobis
3319 2718 3346 2753 a
3379 2703 3552 2753 verbis
3584 2703 3753 2755 nasci-

2170 2790 2297 2842 tur?
2324 2790 2601 2843 cicatrices
2633 2790 2683 2844 in
2715 2790 3026 2859 corporibus
3055 2793 3220 2844 sunt?
3241 2793 3393 2859 quale
3421 2794 3577 2859 igitur
3605 2793 3754 2846 nobis

2167 2880 2421 2933 damnum
2452 2881 2689 2934 accidit?
2720 2880 2901 2951 Itaque
2930 2884 2973 2935 si
3004 2883 3245 2946 velimus,
3281 2887 3419 2937 ferre
3450 2900 3754 2953 possumus.

2171 2970 2437 3024 Ponamus
2478 2971 2632 3024 nobis
2678 2971 2849 3040 legem
2900 2988 2967 3026 ne
3014 2972 3327 3038 doleamus,
3375 2985 3428 3028 et
3465 2976 3754 3030 sustinebi-

2170 3077 2288 3115 mus
2316 3082 2327 3115 :
2365 3062 2518 3117 nobis
2550 3063 2681 3134 ipsis
2709 3065 2949 3119 dicamus
2975 3084 2987 3116 :
3011 3064 3124 3119 Non
3152 3077 3233 3120 est
3263 3068 3571 3134 inimicitize,
3603 3072 3755 3123 infir-

2170 3154 2369 3207 mitatis
2412 3163 2534 3209 est:
2582 3170 2707 3209 vere
2748 3156 2889 3209 enim
2933 3156 3258 3211 infirmitatis
3290 3169 3390 3213 est.
3438 3158 3568 3213 Nam
3614 3160 3757 3229 quod

2170 3262 2277 3301 non
2306 3246 2375 3301 sit
2401 3263 2465 3301 ex
2499 3248 2773 3301 inimicitia
2806 3249 2889 3303 vel
2923 3250 3267 3317 malignitate,
3300 3252 3643 3305 voluitetiam
3669 3254 3758 3308 ille

2170 3354 2229 3395 se
2267 3340 2554 3403 cohibere,
2602 3343 2845 3411 quamvis
2889 3343 2938 3395 in
2986 3344 3165 3396 inultis
3205 3349 3273 3397 sit
3323 3344 3501 3399 leestts.
3556 3346 3608 3401 Si
3655 3345 3757 3401 huc

2170 3433 2571 3486 consideremus
2600 3434 2772 3487 solum
2801 3475 2815 3498 ,
2848 3435 2987 3503 quod
3016 3451 3079 3488 ex
3120 3435 3428 3491 infirmitate
3455 3439 3525 3492 sit
3549 3481 3565 3503 ,
3612 3438 3758 3494 fere-

2172 3540 2289 3577 mus
2318 3565 2331 3587 ,
2366 3532 2421 3578 et
2465 3524 2800 3593 ignoscemus
2841 3526 3057 3594 quidem
3090 3527 3161 3580 illi
3187 3569 3202 3591 ,
3235 3528 3651 3599 eonabinmrque
3691 3547 3759 3585 ne

2170 3626 2222 3669 ct
2254 3616 2351 3683 ipsi
2399 3616 2670 3670 cadamus.
2714 3616 2842 3669 Nam
2873 3632 3062 3670 omnes
3085 3657 3101 3683 ,
3143 3618 3231 3687 qui
3265 3632 3551 3687 praisentcs
3591 3631 3713 3674 sunt
3736 3663 3757 3689 ,

2172 3707 2517 3772 interrogabo
2548 3726 2559 3761 :
2604 3723 2729 3761 ntttn
2763 3708 2830 3760 ita
2862 3708 3221 3777 philosophari
3253 3714 3473 3778 potestis
3493 3754 3505 3775 ,
3540 3724 3591 3765 ut
3624 3729 3759 3766 eon-

2175 3799 2423 3853 tumelias
2457 3798 2678 3853 feratis?
2725 3798 2919 3868 Utique
2958 3811 3104 3868 puto.
3152 3801 3290 3869 Ergo
3338 3802 3424 3856 ille
3471 3804 3663 3856 invitus
3706 3815 3761 3860 te

2170 3890 2494 3944 contumelia
2526 3888 2739 3951 affecit,
2776 3906 2880 3943 non
2913 3891 3095 3944 volens
3118 3932 3132 3953 ,
3163 3892 3256 3945 sed
3298 3892 3365 3947 ab
3403 3894 3592 3946 affectu
3632 3911 3759 3948 eoa-

2171 3990 2289 4034 ctus
2319 3998 2331 4033 :
2372 3990 2422 4033 te
2453 3981 2689 4033 continue.
2733 3979 2848 4034 Non
2882 3981 3030 4035 vides
3060 3982 3461 4037 dzemoniacos?
3491 3985 3637 4037 Sicut
3669 3988 3759 4040 ille

2173 4088 2279 4127 non
2320 4083 2424 4126 tam
2455 4088 2519 4127 ex
2551 4073 2822 4127 inimicitia
2844 4114 2860 4138 ,
2888 4089 3044 4142 quam
3074 4090 3137 4128 ex
3170 4075 3479 4130 infirmitate
3518 4078 3619 4131 hoc
3639 4095 3759 4132 sns-

2172 4165 2306 4218 tinet
2340 4181 2354 4217 :
2385 4164 2463 4217 sic
2487 4172 2542 4217 et
2582 4179 2681 4217 nos
2724 4179 2827 4217 non
2877 4174 2981 4218 tam
3013 4180 3043 4218 a
3078 4168 3522 4221 contuitu-harum
3568 4177 3757 4223 natura

2174 4269 2486 4319 movemur,
2518 4270 2677 4324 quam
2705 4271 2733 4308 a
2768 4257 2919 4309 nobis
2948 4256 3094 4325 ipsis.
3128 4257 3337 4312 Etenim
3367 4260 3635 4327 quomodo
3680 4262 3760 4313 in-

2172 4348 2443 4401 sauientcs
2473 4346 2689 4401 easdem
2735 4349 3087 4403 contumelias
3113 4350 3397 4403 inferentes
3427 4352 3715 4405 toleramus
3735 4354 3761 4405 ?

2173 4438 2377 4493 Rursus
2407 4439 2450 4493 si
2480 4439 2635 4493 amici
2662 4449 2787 4493 sunt
2817 4440 2871 4503 ii,
2894 4419 2991 4510 qui
3019 4443 3367 4495 contumelias
3394 4442 3649 4509 inferunt,
3675 4447 3760 4500 vel

2172 4532 2214 4587 si
2244 4532 2473 4601 majores
2497 4574 2511 4596 ,
2558 4531 2813 4587 ferimus:
2847 4533 3116 4602 quomodo
3145 4549 3272 4603 ergo
3319 4550 3422 4588 non
3465 4536 3756 4594 absurdum

2170 4621 2364 4687 fuerit,
2396 4637 2517 4676 cum
2549 4632 2657 4676 tres
2688 4624 2792 4676 sint
2816 4665 2831 4687 ,
2864 4639 3053 4692 nempe
3078 4624 3270 4690 amici,
3305 4626 3475 4679 insani
3502 4637 3555 4680 et
3583 4629 3758 4699 majo-

2171 4731 2280 4781 res,
2312 4715 2451 4769 ferre
2478 4716 2631 4780 illos;
2665 4732 2815 4784 pares
2842 4727 3018 4771 autem
3050 4718 3130 4770 vel
3163 4718 3397 4773 minores
3428 4735 3536 4775 non
3572 4720 3759 4776 ferre?

2171 4807 2326 4878 Stepe
2356 4807 2470 4861 dixi
2499 4826 2513 4861 :
2556 4806 2813 4865 Momenta
2850 4822 2922 4862 .ea
2951 4823 3038 4861 res
3066 4818 3148 4862 est
3176 4819 3229 4863 ct
3269 4810 3439 4864 subita
3467 4812 3711 4882 abreptio
3740 4830 3756 4867 :

2169 4915 2359 4970 parum
2384 4901 2694 4965 toleremus,
2724 4909 2777 4953 et
2797 4909 2965 4953 totum
2993 4899 3330 4969 perfecimus.
3361 4900 3571 4968 Quanto
3590 4906 3758 4973 magis

2169 4991 2544 5045 contumeliam
2571 4989 2750 5054 infert,
2770 4990 3194 5044 tautoinfirmior
3207 4990 3756 5063 est.Nostin‘qnando

2168 5094 2413 5156 oporteat
2440 5086 2623 5140 dolere
2644 5085 2669 5137 ἲ
2693 5084 2916 5151 Quando
2944 5086 3094 5141 nobis
3117 5089 3492 5143 contumeliam
3525 5091 3758 5147 inferen-

2169 5180 2312 5234 tibus
2340 5179 2427 5233 ille
2458 5179 2686 5245 tacebit;
2735 5186 2858 5232 tunc
2887 5179 3029 5234 enim
3059 5179 3149 5235 ille
3178 5180 3391 5248 quidem
3422 5180 3573 5235 fortis
3598 5224 3614 5249 ,
3659 5200 3764 5239 nos

2169 5280 2345 5324 autem
2376 5269 2571 5324 infirmi
2600 5285 2826 5324 sumus:
2869 5271 2912 5323 si
2942 5287 3071 5326 vero
3095 5274 3423 5326 contrarium
3453 5274 3718 5330 efficiatur
3740 5317 3757 5341 ,

2168 5361 2327 5414 etiam
2371 5359 2604 5429 gaudere
2643 5370 2894 5429 oportet:
2938 5371 3224 5416 coronatus
3260 5379 3351 5427 es,
3400 5366 3759 5433 proclamatns

2168 5466 2265 5514 es;
2321 5468 2427 5504 non
2464 5452 2515 5505 in
2565 5468 2790 5521 agonem
2834 5453 3025 5507 ductus
3052 5496 3068 5521 ,
3101 5470 3207 5508 non
3236 5456 3366 5510 solis
3437 5458 3715 5512 radiorum
3739 5500 3756 5525 ,

2169 5542 2401 5611 pulveris
2428 5543 2671 5597 molestia
2700 5543 2944 5610 affectus,
2979 5560 3087 5600 non
3110 5548 3376 5602 consertis
3402 5549 3649 5602 manibus
3673 5548 3756 5604 vel

2168 5635 2315 5689 ansis
2364 5635 2543 5701 datis;
2591 5636 2685 5691 sed
2730 5638 3007 5692 voluntate
3053 5647 3256 5693 tantum
3283 5681 3298 5703 ,
3332 5649 3387 5695 et
3434 5641 3631 5695 sedens
3671 5641 3757 5697 vel

2168 5736 2354 5795 stans,
2397 5741 2642 5797 magnam
2684 5729 2932 5798 accepisti
2966 5744 3259 5798 coronam;
3306 5748 3403 5788 nec
3435 5732 3595 5787 modo
3635 5749 3756 5788 ma.-
