  <div class='ocr_page' id='page_1' title='image "/cluster/home/n/w/nwhite01/storage/ocr_20150623/60/mdp.39015028539453/353.png"; bbox 0 0 4148 6152; ppageno 0'>
   <div class='ocr_carea' id='block_1_1' title="bbox 402 277 506 334">
    <p class='ocr_par' dir='ltr' id='par_1_1' title="bbox 402 277 506 334">
     <span class='ocr_line' id='line_1_1' title="bbox 402 277 506 334; baseline 0 -1"><span class='ocrx_word' id='word_1_1' title='bbox 402 277 506 334; x_wconf 62' lang='lat'>319</span> 
     </span>
    </p>
   </div>
   <div class='ocr_carea' id='block_1_2' title="bbox 404 384 2065 462">
    <p class='ocr_par' dir='ltr' id='par_1_2' title="bbox 404 384 2065 462">
     <span class='ocr_line' id='line_1_2' title="bbox 404 384 2065 462; baseline -0.002 -20"><span class='ocrx_word' id='word_1_2' title='bbox 404 390 586 444; x_wconf 84' lang='grc' dir='ltr'>Ἔστω</span> <span class='ocrx_word' id='word_1_3' title='bbox 621 400 753 462; x_wconf 85' lang='grc' dir='ltr'>παρ’</span> <span class='ocrx_word' id='word_1_4' title='bbox 782 392 912 462; x_wconf 72' lang='grc' dir='ltr'>ἡμῖν</span> <span class='ocrx_word' id='word_1_5' title='bbox 953 389 982 443; x_wconf 99' lang='lat'>6</span> <span class='ocrx_word' id='word_1_6' title='bbox 1010 387 1108 458; x_wconf 82' lang='grc' dir='ltr'>τῆς</span> <span class='ocrx_word' id='word_1_7' title='bbox 1137 387 1308 458; x_wconf 75' lang='grc' dir='ltr'>ὀργῆς</span> <span class='ocrx_word' id='word_1_8' title='bbox 1336 385 1594 458; x_wconf 79' lang='grc' dir='ltr'>σπινθὴρ,</span> <span class='ocrx_word' id='word_1_9' title='bbox 1624 386 1764 440; x_wconf 79' lang='grc' dir='ltr'>ὥστε</span> <span class='ocrx_word' id='word_1_10' title='bbox 1795 384 2065 456; x_wconf 70' lang='grc' dir='ltr'>εὐκαίροις</span> 
     </span>
    </p>
   </div>
   <div class='ocr_carea' id='block_1_3' title="bbox 400 480 2064 557">
    <p class='ocr_par' dir='ltr' id='par_1_3' title="bbox 400 480 2064 557">
     <span class='ocr_line' id='line_1_3' title="bbox 400 480 2064 557; baseline -0.001 -22"><span class='ocrx_word' id='word_1_11' title='bbox 400 486 755 551; x_wconf 82' lang='grc' dir='ltr'>ἀνάπτεσθαι,</span> <span class='ocrx_word' id='word_1_12' title='bbox 783 489 857 557; x_wconf 80' lang='grc' dir='ltr'>μὴ</span> <span class='ocrx_word' id='word_1_13' title='bbox 882 486 1005 541; x_wconf 75' lang='grc' dir='ltr'>καθ’</span> <span class='ocrx_word' id='word_1_14' title='bbox 1023 488 1057 557; x_wconf 86' lang='grc' dir='ltr'><strong>ἡ</strong></span> <span class='ocrx_word' id='word_1_15' title='bbox 1066 486 1180 556; x_wconf 88' lang='grc' dir='ltr'>μῶν</span> <span class='ocrx_word' id='word_1_16' title='bbox 1203 483 1406 546; x_wconf 87' lang='grc' dir='ltr'>αὐτῶν,</span> <span class='ocrx_word' id='word_1_17' title='bbox 1428 482 1569 552; x_wconf 81' lang='grc' dir='ltr'>μηδὲ</span> <span class='ocrx_word' id='word_1_18' title='bbox 1587 481 1652 534; x_wconf 78' lang='grc' dir='ltr'>ἵν’</span> <span class='ocrx_word' id='word_1_19' title='bbox 1672 482 1821 551; x_wconf 79' lang='grc' dir='ltr'>ἡμᾶς</span> <span class='ocrx_word' id='word_1_20' title='bbox 1851 480 2064 551; x_wconf 90' lang='grc' dir='ltr'>μυρίοις</span> 
     </span>
    </p>
   </div>
   <div class='ocr_carea' id='block_1_4' title="bbox 400 576 2071 655">
    <p class='ocr_par' dir='ltr' id='par_1_4' title="bbox 400 576 2071 655">
     <span class='ocr_line' id='line_1_4' title="bbox 400 576 2071 655; baseline -0.001 -24"><span class='ocrx_word' id='word_1_21' title='bbox 400 581 666 654; x_wconf 83' lang='grc' dir='ltr'>περιϐάλῃ</span> <span class='ocrx_word' id='word_1_22' title='bbox 701 586 913 648; x_wconf 88' lang='grc' dir='ltr'>κακοῖς.</span> <span class='ocrx_word' id='word_1_23' title='bbox 936 585 1047 655; x_wconf 88' lang='grc' dir='ltr'>Οὐχ</span> <span class='ocrx_word' id='word_1_24' title='bbox 1067 584 1231 655; x_wconf 76' lang='grc' dir='ltr'>δρᾶτε</span> <span class='ocrx_word' id='word_1_25' title='bbox 1252 583 1312 633; x_wconf 90' lang='grc' dir='ltr'>ἐν</span> <span class='ocrx_word' id='word_1_26' title='bbox 1338 582 1460 644; x_wconf 85' lang='grc' dir='ltr'>ταῖς</span> <span class='ocrx_word' id='word_1_27' title='bbox 1485 579 1683 642; x_wconf 79' lang='grc' dir='ltr'>οἰκίαις</span> <span class='ocrx_word' id='word_1_28' title='bbox 1711 578 1771 631; x_wconf 84' lang='grc' dir='ltr'>τὸ</span> <span class='ocrx_word' id='word_1_29' title='bbox 1806 576 1915 647; x_wconf 97' lang='grc' dir='ltr'>πῦρ</span> <span class='ocrx_word' id='word_1_30' title='bbox 1935 577 2071 630; x_wconf 73' lang='grc' dir='ltr'>ἀποο</span> 
     </span>
    </p>
   </div>
   <div class='ocr_carea' id='block_1_5' title="bbox 400 672 2068 749">
    <p class='ocr_par' dir='ltr' id='par_1_5' title="bbox 400 672 2068 749">
     <span class='ocr_line' id='line_1_5' title="bbox 400 672 2068 749; baseline -0.001 -22"><span class='ocrx_word' id='word_1_31' title='bbox 400 679 750 747; x_wconf 81' lang='grc' dir='ltr'>τεταγμένον,</span> <span class='ocrx_word' id='word_1_32' title='bbox 781 682 874 734; x_wconf 68' lang='grc' dir='ltr'>καὶ</span> <span class='ocrx_word' id='word_1_33' title='bbox 897 682 959 734; x_wconf 91' lang='grc' dir='ltr'>οὐ</span> <span class='ocrx_word' id='word_1_34' title='bbox 986 677 1267 749; x_wconf 81' lang='grc' dir='ltr'>πανταχοῦ</span> <span class='ocrx_word' id='word_1_35' title='bbox 1301 676 1653 749; x_wconf 77' lang='grc' dir='ltr'>ἐρριμμένον,</span> <span class='ocrx_word' id='word_1_36' title='bbox 1686 672 1811 727; x_wconf 80' lang='grc' dir='ltr'>οὔτε</span> <span class='ocrx_word' id='word_1_37' title='bbox 1847 675 1907 726; x_wconf 84' lang='grc' dir='ltr'>ἐν</span> <span class='ocrx_word' id='word_1_38' title='bbox 1938 672 2068 742; x_wconf 90' lang='grc' dir='ltr'>χόρ-</span> 
     </span>
    </p>
   </div>
   <div class='ocr_carea' id='block_1_6' title="bbox 400 769 2069 845">
    <p class='ocr_par' dir='ltr' id='par_1_6' title="bbox 400 769 2069 845">
     <span class='ocr_line' id='line_1_6' title="bbox 400 769 2069 845; baseline -0.001 -21"><span class='ocrx_word' id='word_1_39' title='bbox 400 788 496 840; x_wconf 84' lang='grc' dir='ltr'>τῳ,</span> <span class='ocrx_word' id='word_1_40' title='bbox 531 772 653 827; x_wconf 83' lang='grc' dir='ltr'>οὐτε</span> <span class='ocrx_word' id='word_1_41' title='bbox 704 776 763 828; x_wconf 89' lang='grc' dir='ltr'>ἐν</span> <span class='ocrx_word' id='word_1_42' title='bbox 816 775 1072 845; x_wconf 81' lang='grc' dir='ltr'>ἱματίοις,</span> <span class='ocrx_word' id='word_1_43' title='bbox 1106 775 1231 828; x_wconf 85' lang='grc' dir='ltr'>οῦτε</span> <span class='ocrx_word' id='word_1_44' title='bbox 1278 773 1484 838; x_wconf 62' lang='grc' dir='ltr'>ἅπλῶς</span> <span class='ocrx_word' id='word_1_45' title='bbox 1536 771 1679 825; x_wconf 84' lang='grc' dir='ltr'>ὥστε</span> <span class='ocrx_word' id='word_1_46' title='bbox 1739 770 1814 842; x_wconf 82' lang='grc' dir='ltr'>μὴ</span> <span class='ocrx_word' id='word_1_47' title='bbox 1867 769 2069 840; x_wconf 79' lang='grc' dir='ltr'>ἀνέμου</span> 
     </span>
    </p>
   </div>
   <div class='ocr_carea' id='block_1_7' title="bbox 399 864 2069 939">
    <p class='ocr_par' dir='ltr' id='par_1_7' title="bbox 399 864 2069 939">
     <span class='ocr_line' id='line_1_7' title="bbox 399 864 2069 939; baseline -0.002 -18"><span class='ocrx_word' id='word_1_48' title='bbox 399 871 729 939; x_wconf 79' lang='grc' dir='ltr'>ἐμπνέοντος</span> <span class='ocrx_word' id='word_1_49' title='bbox 775 871 1142 936; x_wconf 79' lang='grc' dir='ltr'>ἐξάπτεσθαι·</span> <span class='ocrx_word' id='word_1_50' title='bbox 1184 869 1320 925; x_wconf 87' lang='grc' dir='ltr'>ἀλλά</span> <span class='ocrx_word' id='word_1_51' title='bbox 1366 868 1471 924; x_wconf 80' lang='grc' dir='ltr'>κᾶν</span> <span class='ocrx_word' id='word_1_52' title='bbox 1517 867 1824 939; x_wconf 88' lang='grc' dir='ltr'>θεράπαινα</span> <span class='ocrx_word' id='word_1_53' title='bbox 1877 864 2069 935; x_wconf 80' lang='grc' dir='ltr'>λύχνον</span> 
     </span>
    </p>
   </div>
   <div class='ocr_carea' id='block_1_8' title="bbox 400 963 2070 1042">
    <p class='ocr_par' dir='ltr' id='par_1_8' title="bbox 400 963 2070 1042">
     <span class='ocr_line' id='line_1_8' title="bbox 400 963 2070 1042; baseline 0.007 -24"><span class='ocrx_word' id='word_1_54' title='bbox 400 967 522 1040; x_wconf 79' lang='grc' dir='ltr'>ἔχῃ,</span> <span class='ocrx_word' id='word_1_55' title='bbox 551 970 655 1023; x_wconf 76' lang='grc' dir='ltr'>κᾶν</span> <span class='ocrx_word' id='word_1_56' title='bbox 699 972 727 1024; x_wconf 90' lang='lat'>6</span> <span class='ocrx_word' id='word_1_57' title='bbox 776 972 1037 1041; x_wconf 89' lang='grc' dir='ltr'>μάγειρος</span> <span class='ocrx_word' id='word_1_58' title='bbox 1072 970 1330 1042; x_wconf 81' lang='grc' dir='ltr'>ἀνακαίῃ,</span> <span class='ocrx_word' id='word_1_59' title='bbox 1379 966 1728 1039; x_wconf 81' lang='grc' dir='ltr'>παραγγελία</span> <span class='ocrx_word' id='word_1_60' title='bbox 1756 964 1947 1034; x_wconf 72' lang='grc' dir='ltr'>πολλὴν</span> <span class='ocrx_word' id='word_1_61' title='bbox 1994 963 2070 1034; x_wconf 81' lang='grc' dir='ltr'>μὴ</span> 
     </span>
    </p>
   </div>
   <div class='ocr_carea' id='block_1_9' title="bbox 400 1054 2072 1138">
    <p class='ocr_par' dir='ltr' id='par_1_9' title="bbox 400 1054 2072 1138">
     <span class='ocr_line' id='line_1_9' title="bbox 400 1054 2072 1138; baseline -0.002 -23"><span class='ocrx_word' id='word_1_62' title='bbox 400 1065 534 1134; x_wconf 86' lang='grc' dir='ltr'>παρ’</span> <span class='ocrx_word' id='word_1_63' title='bbox 555 1065 774 1135; x_wconf 78' lang='grc' dir='ltr'>ἄνεμον,</span> <span class='ocrx_word' id='word_1_64' title='bbox 833 1067 965 1138; x_wconf 84' lang='grc' dir='ltr'>μηδέ</span> <span class='ocrx_word' id='word_1_65' title='bbox 999 1054 1209 1130; x_wconf 74' lang='grc' dir='ltr'>σανίδος</span> <span class='ocrx_word' id='word_1_66' title='bbox 1242 1066 1433 1135; x_wconf 80' lang='grc' dir='ltr'>ἐγγὺς,</span> <span class='ocrx_word' id='word_1_67' title='bbox 1463 1064 1599 1135; x_wconf 89' lang='grc' dir='ltr'>μηδέ</span> <span class='ocrx_word' id='word_1_68' title='bbox 1637 1064 1696 1116; x_wconf 87' lang='grc' dir='ltr'>ἐν</span> <span class='ocrx_word' id='word_1_69' title='bbox 1724 1061 1878 1116; x_wconf 80' lang='grc' dir='ltr'>νυκτὶ</span> <span class='ocrx_word' id='word_1_70' title='bbox 1915 1058 2072 1112; x_wconf 88' lang='grc' dir='ltr'>τοῦτο</span> 
     </span>
    </p>
   </div>
   <div class='ocr_carea' id='block_1_10' title="bbox 400 1155 2067 1235">
    <p class='ocr_par' dir='ltr' id='par_1_10' title="bbox 400 1155 2067 1235">
     <span class='ocr_line' id='line_1_10' title="bbox 400 1155 2067 1235; baseline -0.002 -25"><span class='ocrx_word' id='word_1_71' title='bbox 400 1163 607 1212; x_wconf 83' lang='grc' dir='ltr'>ποιεῖν·</span> <span class='ocrx_word' id='word_1_72' title='bbox 657 1161 773 1215; x_wconf 74' lang='grc' dir='ltr'>ἀλλ’</span> <span class='ocrx_word' id='word_1_73' title='bbox 808 1164 935 1216; x_wconf 84' lang='grc' dir='ltr'>ὅταν</span> <span class='ocrx_word' id='word_1_74' title='bbox 965 1163 1247 1235; x_wconf 80' lang='grc' dir='ltr'>καταλάϐῃ</span> <span class='ocrx_word' id='word_1_75' title='bbox 1276 1164 1310 1232; x_wconf 78' lang='grc' dir='ltr'>ἡ</span> <span class='ocrx_word' id='word_1_76' title='bbox 1362 1160 1481 1226; x_wconf 81' lang='grc' dir='ltr'>νὺξ,</span> <span class='ocrx_word' id='word_1_77' title='bbox 1525 1159 1881 1231; x_wconf 82' lang='grc' dir='ltr'>ἐκοιμίσαμεν</span> <span class='ocrx_word' id='word_1_78' title='bbox 1914 1155 2067 1219; x_wconf 86' lang='grc' dir='ltr'>αὐτὸ,</span> 
     </span>
    </p>
   </div>
   <div class='ocr_carea' id='block_1_11' title="bbox 398 1251 2068 1328">
    <p class='ocr_par' dir='ltr' id='par_1_11' title="bbox 398 1251 2068 1328">
     <span class='ocr_line' id='line_1_11' title="bbox 398 1251 2068 1328; baseline -0.002 -23"><span class='ocrx_word' id='word_1_79' title='bbox 398 1254 630 1320; x_wconf 78' lang='grc' dir='ltr'>δεδιότες</span> <span class='ocrx_word' id='word_1_80' title='bbox 664 1259 737 1328; x_wconf 79' lang='grc' dir='ltr'>μή</span> <span class='ocrx_word' id='word_1_81' title='bbox 773 1276 924 1320; x_wconf 90' lang='grc' dir='ltr'>ποτε,</span> <span class='ocrx_word' id='word_1_82' title='bbox 960 1258 1326 1313; x_wconf 83' lang='grc' dir='ltr'>καθευδόντων</span> <span class='ocrx_word' id='word_1_83' title='bbox 1364 1256 1521 1328; x_wconf 76' lang='grc' dir='ltr'>ἡμῶν</span> <span class='ocrx_word' id='word_1_84' title='bbox 1546 1255 1642 1310; x_wconf 59' lang='grc' dir='ltr'>καὶ⁵</span> <span class='ocrx_word' id='word_1_85' title='bbox 1673 1251 1885 1315; x_wconf 75' lang='grc' dir='ltr'>οὐδενὸς</span> <span class='ocrx_word' id='word_1_86' title='bbox 1917 1251 2068 1314; x_wconf 83' lang='grc' dir='ltr'>δντος</span> 
     </span>
    </p>
   </div>
   <div class='ocr_carea' id='block_1_12' title="bbox 399 1346 2071 1424">
    <p class='ocr_par' dir='ltr' id='par_1_12' title="bbox 399 1346 2071 1424">
     <span class='ocr_line' id='line_1_12' title="bbox 399 1346 2071 1424; baseline 0.001 -23"><span class='ocrx_word' id='word_1_87' title='bbox 399 1350 493 1403; x_wconf 89' lang='grc' dir='ltr'>τοῦ</span> <span class='ocrx_word' id='word_1_88' title='bbox 515 1351 951 1424; x_wconf 81' lang='grc' dir='ltr'>ἐπικουροῦντος,</span> <span class='ocrx_word' id='word_1_89' title='bbox 972 1356 1209 1424; x_wconf 80' lang='grc' dir='ltr'>ἀναφθῇ,</span> <span class='ocrx_word' id='word_1_90' title='bbox 1232 1355 1327 1408; x_wconf 73' lang='grc' dir='ltr'>καὶ</span> <span class='ocrx_word' id='word_1_91' title='bbox 1349 1353 1557 1415; x_wconf 78' lang='grc' dir='ltr'>πάντας</span> <span class='ocrx_word' id='word_1_92' title='bbox 1575 1350 1869 1422; x_wconf 84' lang='grc' dir='ltr'>ἐμπρήσῃ;</span> <span class='ocrx_word' id='word_1_93' title='bbox 1899 1346 2071 1400; x_wconf 81' lang='grc' dir='ltr'>Τοῦτο</span> 
     </span>
    </p>
   </div>
   <div class='ocr_carea' id='block_1_13' title="bbox 401 1443 2071 1522">
    <p class='ocr_par' dir='ltr' id='par_1_13' title="bbox 401 1443 2071 1522">
     <span class='ocr_line' id='line_1_13' title="bbox 401 1443 2071 1522; baseline 0.001 -23"><span class='ocrx_word' id='word_1_94' title='bbox 401 1448 494 1499; x_wconf 76' lang='grc' dir='ltr'>καὶ</span> <span class='ocrx_word' id='word_1_95' title='bbox 551 1448 643 1501; x_wconf 78' lang='grc' dir='ltr'>ἐπὶ</span> <span class='ocrx_word' id='word_1_96' title='bbox 674 1448 770 1502; x_wconf 89' lang='grc' dir='ltr'>τοῦ</span> <span class='ocrx_word' id='word_1_97' title='bbox 804 1449 976 1521; x_wconf 87' lang='grc' dir='ltr'>θυμοῦ</span> <span class='ocrx_word' id='word_1_98' title='bbox 1022 1452 1261 1519; x_wconf 78' lang='grc' dir='ltr'>γινέσθω</span> <span class='ocrx_word' id='word_1_99' title='bbox 1281 1467 1295 1481; x_wconf 89' lang='grc'>·</span> <span class='ocrx_word' id='word_1_100' title='bbox 1335 1450 1412 1522; x_wconf 83' lang='grc' dir='ltr'>μὴ</span> <span class='ocrx_word' id='word_1_101' title='bbox 1443 1446 1721 1519; x_wconf 87' lang='grc' dir='ltr'>πανταχοῦ</span> <span class='ocrx_word' id='word_1_102' title='bbox 1755 1443 2071 1516; x_wconf 86' lang='grc' dir='ltr'>διεσπάρθω</span> 
     </span>
    </p>
   </div>
   <div class='ocr_carea' id='block_1_14' title="bbox 399 1535 2068 1613">
    <p class='ocr_par' dir='ltr' id='par_1_14' title="bbox 399 1535 2068 1613">
     <span class='ocr_line' id='line_1_14' title="bbox 399 1535 2068 1613; baseline 0.001 -25"><span class='ocrx_word' id='word_1_103' title='bbox 399 1538 508 1591; x_wconf 88' lang='grc' dir='ltr'>τῶν</span> <span class='ocrx_word' id='word_1_104' title='bbox 540 1539 820 1612; x_wconf 77' lang='grc' dir='ltr'>ἡμετέρων</span> <span class='ocrx_word' id='word_1_105' title='bbox 843 1541 1139 1613; x_wconf 84' lang='grc' dir='ltr'>λογισμῶν,</span> <span class='ocrx_word' id='word_1_106' title='bbox 1168 1543 1283 1597; x_wconf 81' lang='grc' dir='ltr'>ἀλλ’</span> <span class='ocrx_word' id='word_1_107' title='bbox 1309 1541 1364 1595; x_wconf 78' lang='grc' dir='ltr'>έν</span> <span class='ocrx_word' id='word_1_108' title='bbox 1387 1560 1493 1596; x_wconf 90' lang='grc' dir='ltr'>τινι</span> <span class='ocrx_word' id='word_1_109' title='bbox 1513 1540 1666 1611; x_wconf 83' lang='grc' dir='ltr'>βάθει</span> <span class='ocrx_word' id='word_1_110' title='bbox 1685 1539 1788 1609; x_wconf 84' lang='grc' dir='ltr'>τῆς</span> <span class='ocrx_word' id='word_1_111' title='bbox 1810 1535 2068 1602; x_wconf 82' lang='grc' dir='ltr'>διανοίας,</span> 
     </span>
    </p>
   </div>
   <div class='ocr_carea' id='block_1_15' title="bbox 400 1633 2071 1709">
    <p class='ocr_par' dir='ltr' id='par_1_15' title="bbox 400 1633 2071 1709">
     <span class='ocr_line' id='line_1_15' title="bbox 400 1633 2071 1709; baseline -0.002 -22"><span class='ocrx_word' id='word_1_112' title='bbox 400 1633 540 1688; x_wconf 85' lang='grc' dir='ltr'>ὥστε</span> <span class='ocrx_word' id='word_1_113' title='bbox 587 1636 661 1708; x_wconf 83' lang='grc' dir='ltr'>μὴ</span> <span class='ocrx_word' id='word_1_114' title='bbox 692 1636 785 1691; x_wconf 74' lang='grc' dir='ltr'>τὸν</span> <span class='ocrx_word' id='word_1_115' title='bbox 805 1639 1002 1709; x_wconf 87' lang='grc' dir='ltr'>άνεμον</span> <span class='ocrx_word' id='word_1_116' title='bbox 1022 1640 1114 1694; x_wconf 83' lang='grc' dir='ltr'>τὸν</span> <span class='ocrx_word' id='word_1_117' title='bbox 1141 1639 1249 1693; x_wconf 77' lang='grc' dir='ltr'>ἀπὸ</span> <span class='ocrx_word' id='word_1_118' title='bbox 1276 1639 1385 1692; x_wconf 88' lang='grc' dir='ltr'>τῶν</span> <span class='ocrx_word' id='word_1_119' title='bbox 1416 1636 1678 1708; x_wconf 78' lang='grc' dir='ltr'>ῥημάτων</span> <span class='ocrx_word' id='word_1_120' title='bbox 1696 1635 1793 1689; x_wconf 89' lang='grc' dir='ltr'>τοῦ</span> <span class='ocrx_word' id='word_1_121' title='bbox 1824 1634 2071 1688; x_wconf 61' lang='grc' dir='ltr'>δι’-ἐναν-</span> 
     </span>
    </p>
   </div>
   <div class='ocr_carea' id='block_1_16' title="bbox 398 1726 2071 1807">
    <p class='ocr_par' dir='ltr' id='par_1_16' title="bbox 398 1726 2071 1807">
     <span class='ocr_line' id='line_1_16' title="bbox 398 1726 2071 1807; baseline -0.001 -27"><span class='ocrx_word' id='word_1_122' title='bbox 398 1729 519 1792; x_wconf 83' lang='grc' dir='ltr'>τίας</span> <span class='ocrx_word' id='word_1_123' title='bbox 542 1731 778 1797; x_wconf 75' lang='grc' dir='ltr'>εὐκόλως</span> <span class='ocrx_word' id='word_1_124' title='bbox 805 1735 1161 1805; x_wconf 88' lang='grc' dir='ltr'>ἐφικνεῖσθαι,</span> <span class='ocrx_word' id='word_1_125' title='bbox 1185 1734 1321 1788; x_wconf 79' lang='grc' dir='ltr'>ἀλλὰ</span> <span class='ocrx_word' id='word_1_126' title='bbox 1361 1733 1490 1807; x_wconf 85' lang='grc' dir='ltr'>παρ’</span> <span class='ocrx_word' id='word_1_127' title='bbox 1521 1733 1679 1804; x_wconf 77' lang='grc' dir='ltr'>ἡμῶν</span> <span class='ocrx_word' id='word_1_128' title='bbox 1710 1729 1959 1801; x_wconf 87' lang='grc' dir='ltr'>δέχεσθαι</span> <span class='ocrx_word' id='word_1_129' title='bbox 1979 1726 2071 1780; x_wconf 78' lang='grc' dir='ltr'>τὸν</span> 
     </span>
    </p>
   </div>
   <div class='ocr_carea' id='block_1_17' title="bbox 397 1825 2072 1903">
    <p class='ocr_par' dir='ltr' id='par_1_17' title="bbox 397 1825 2072 1903">
     <span class='ocr_line' id='line_1_17' title="bbox 397 1825 2072 1903; baseline 0 -25"><span class='ocrx_word' id='word_1_130' title='bbox 397 1826 617 1896; x_wconf 83' lang='grc' dir='ltr'>ἄνεμον,</span> <span class='ocrx_word' id='word_1_131' title='bbox 661 1828 773 1883; x_wconf 90' lang='grc' dir='ltr'>τῶν</span> <span class='ocrx_word' id='word_1_132' title='bbox 804 1832 1019 1886; x_wconf 88' lang='grc' dir='ltr'>εἰδότων</span> <span class='ocrx_word' id='word_1_133' title='bbox 1045 1831 1378 1903; x_wconf 78' lang='grc' dir='ltr'>συμμέτρως</span> <span class='ocrx_word' id='word_1_134' title='bbox 1412 1831 1541 1885; x_wconf 84' lang='grc' dir='ltr'>αὐτὸ</span> <span class='ocrx_word' id='word_1_135' title='bbox 1574 1832 1745 1882; x_wconf 86' lang='grc' dir='ltr'>κινεῖν</span> <span class='ocrx_word' id='word_1_136' title='bbox 1777 1827 1871 1880; x_wconf 67' lang='grc' dir='ltr'>καὶ</span> <span class='ocrx_word' id='word_1_137' title='bbox 1898 1825 2072 1892; x_wconf 86' lang='grc' dir='ltr'>ἀσφα-</span> 
     </span>
    </p>
   </div>
   <div class='ocr_carea' id='block_1_18' title="bbox 397 1919 2069 1999">
    <p class='ocr_par' dir='ltr' id='par_1_18' title="bbox 397 1919 2069 1999">
     <span class='ocr_line' id='line_1_18' title="bbox 397 1919 2069 1999; baseline 0.007 -26"><span class='ocrx_word' id='word_1_138' title='bbox 397 1921 524 1986; x_wconf 86' lang='grc' dir='ltr'>λῶς.</span> <span class='ocrx_word' id='word_1_139' title='bbox 561 1924 660 1978; x_wconf 75' lang='grc' dir='ltr'>Ἂν</span> <span class='ocrx_word' id='word_1_140' title='bbox 690 1925 887 1990; x_wconf 77' lang='grc' dir='ltr'>ἔξωθεν</span> <span class='ocrx_word' id='word_1_141' title='bbox 932 1928 1134 1999; x_wconf 86' lang='grc' dir='ltr'>ἄνεμον</span> <span class='ocrx_word' id='word_1_142' title='bbox 1181 1927 1401 1998; x_wconf 89' lang='grc' dir='ltr'>δέχηται</span> <span class='ocrx_word' id='word_1_143' title='bbox 1433 1926 1535 1978; x_wconf 89' lang='grc' dir='ltr'>οὐκ</span> <span class='ocrx_word' id='word_1_144' title='bbox 1575 1920 1683 1977; x_wconf 77' lang='grc' dir='ltr'>οἶδε</span> <span class='ocrx_word' id='word_1_145' title='bbox 1735 1922 1797 1974; x_wconf 86' lang='grc' dir='ltr'>τὸ</span> <span class='ocrx_word' id='word_1_146' title='bbox 1850 1919 2069 1991; x_wconf 71' lang='grc' dir='ltr'>μέτρον,</span> 
     </span>
    </p>
   </div>
   <div class='ocr_carea' id='block_1_19' title="bbox 394 2014 2071 2096">
    <p class='ocr_par' dir='ltr' id='par_1_19' title="bbox 394 2014 2071 2096">
     <span class='ocr_line' id='line_1_19' title="bbox 394 2014 2071 2096; baseline 0.001 -27"><span class='ocrx_word' id='word_1_147' title='bbox 394 2018 534 2073; x_wconf 84' lang='grc' dir='ltr'>ἀλλά</span> <span class='ocrx_word' id='word_1_148' title='bbox 552 2022 728 2076; x_wconf 88' lang='grc' dir='ltr'>πάντα</span> <span class='ocrx_word' id='word_1_149' title='bbox 749 2024 1052 2096; x_wconf 79' lang='grc' dir='ltr'>ἐμπρήσει·</span> <span class='ocrx_word' id='word_1_150' title='bbox 1095 2025 1357 2088; x_wconf 81' lang='grc' dir='ltr'>πολλάκις</span> <span class='ocrx_word' id='word_1_151' title='bbox 1386 2024 1480 2077; x_wconf 79' lang='grc' dir='ltr'>καὶ</span> <span class='ocrx_word' id='word_1_152' title='bbox 1514 2019 1886 2076; x_wconf 82' lang='grc' dir='ltr'>καθευδόντων</span> <span class='ocrx_word' id='word_1_153' title='bbox 1914 2014 2071 2087; x_wconf 79' lang='grc' dir='ltr'>ἡμῶν</span> 
     </span>
    </p>
   </div>
   <div class='ocr_carea' id='block_1_20' title="bbox 392 2113 2066 2192">
    <p class='ocr_par' dir='ltr' id='par_1_20' title="bbox 392 2113 2066 2192">
     <span class='ocr_line' id='line_1_20' title="bbox 392 2113 2066 2192; baseline 0 -25"><span class='ocrx_word' id='word_1_154' title='bbox 392 2117 423 2167; x_wconf 93' lang='lat'>6</span> <span class='ocrx_word' id='word_1_155' title='bbox 445 2116 643 2189; x_wconf 79' lang='grc' dir='ltr'>ἄνεμος</span> <span class='ocrx_word' id='word_1_156' title='bbox 673 2114 829 2185; x_wconf 73' lang='grc' dir='ltr'>οὗτος</span> <span class='ocrx_word' id='word_1_157' title='bbox 872 2124 1215 2192; x_wconf 79' lang='grc' dir='ltr'>ἐμπεσεῖται,</span> <span class='ocrx_word' id='word_1_158' title='bbox 1260 2122 1353 2176; x_wconf 77' lang='grc' dir='ltr'>καί</span> <span class='ocrx_word' id='word_1_159' title='bbox 1384 2121 1453 2175; x_wconf 83' lang='grc' dir='ltr'>τά</span> <span class='ocrx_word' id='word_1_160' title='bbox 1497 2120 1676 2174; x_wconf 85' lang='grc' dir='ltr'>πάντα</span> <span class='ocrx_word' id='word_1_161' title='bbox 1707 2113 2066 2171; x_wconf 62' lang='grc' dir='ltr'>κατακαύσεα</span> 
     </span>
    </p>
   </div>
   <div class='ocr_carea' id='block_1_21' title="bbox 399 2210 2070 2288">
    <p class='ocr_par' dir='ltr' id='par_1_21' title="bbox 399 2210 2070 2288">
     <span class='ocr_line' id='line_1_21' title="bbox 399 2210 2070 2288; baseline -0.001 -23"><span class='ocrx_word' id='word_1_162' title='bbox 399 2212 580 2267; x_wconf 84' lang='grc' dir='ltr'>Ἔστω</span> <span class='ocrx_word' id='word_1_163' title='bbox 626 2210 723 2269; x_wconf 84' lang='grc' dir='ltr'>οῦν</span> <span class='ocrx_word' id='word_1_164' title='bbox 774 2218 908 2286; x_wconf 78' lang='grc' dir='ltr'>ἡμῖν</span> <span class='ocrx_word' id='word_1_165' title='bbox 950 2217 1091 2271; x_wconf 84' lang='grc' dir='ltr'>ὥστε</span> <span class='ocrx_word' id='word_1_166' title='bbox 1133 2218 1250 2288; x_wconf 86' lang='grc' dir='ltr'>φῶς</span> <span class='ocrx_word' id='word_1_167' title='bbox 1293 2219 1555 2272; x_wconf 82' lang='grc' dir='ltr'>ἀνάπτειν</span> <span class='ocrx_word' id='word_1_168' title='bbox 1601 2216 1792 2288; x_wconf 85' lang='grc' dir='ltr'>μόνον·</span> <span class='ocrx_word' id='word_1_169' title='bbox 1839 2212 2070 2268; x_wconf 83' lang='grc' dir='ltr'>ἀνάπτει</span> 
     </span>
    </p>
   </div>
   <div class='ocr_carea' id='block_1_22' title="bbox 393 2307 2070 2385">
    <p class='ocr_par' dir='ltr' id='par_1_22' title="bbox 393 2307 2070 2385">
     <span class='ocr_line' id='line_1_22' title="bbox 393 2307 2070 2385; baseline -0.007 -11"><span class='ocrx_word' id='word_1_170' title='bbox 393 2307 502 2380; x_wconf 72' lang='grc' dir='ltr'>γὰρ</span> <span class='ocrx_word' id='word_1_171' title='bbox 546 2310 663 2377; x_wconf 74' lang='grc' dir='ltr'>φῶς</span> <span class='ocrx_word' id='word_1_172' title='bbox 711 2313 740 2364; x_wconf 73' lang='grc'>6</span> <span class='ocrx_word' id='word_1_173' title='bbox 782 2311 988 2382; x_wconf 79' lang='grc' dir='ltr'>θυμὸς,</span> <span class='ocrx_word' id='word_1_174' title='bbox 1042 2314 1171 2367; x_wconf 85' lang='grc' dir='ltr'>ὅταν</span> <span class='ocrx_word' id='word_1_175' title='bbox 1217 2314 1604 2385; x_wconf 84' lang='grc' dir='ltr'>προσηκόντως</span> <span class='ocrx_word' id='word_1_176' title='bbox 1660 2311 1918 2381; x_wconf 84' lang='grc' dir='ltr'>γένηται·</span> <span class='ocrx_word' id='word_1_177' title='bbox 1973 2307 2070 2363; x_wconf 73' lang='grc' dir='ltr'>καὶ</span> 
     </span>
    </p>
   </div>
   <div class='ocr_carea' id='block_1_23' title="bbox 394 2403 2068 2478">
    <p class='ocr_par' dir='ltr' id='par_1_23' title="bbox 394 2403 2068 2478">
     <span class='ocr_line' id='line_1_23' title="bbox 394 2403 2068 2478; baseline 0.001 -21"><span class='ocrx_word' id='word_1_178' title='bbox 394 2403 686 2473; x_wconf 80' lang='grc' dir='ltr'>λαμπάδας</span> <span class='ocrx_word' id='word_1_179' title='bbox 713 2406 925 2478; x_wconf 77' lang='grc' dir='ltr'>ἔχωμεν</span> <span class='ocrx_word' id='word_1_180' title='bbox 965 2408 1107 2463; x_wconf 86' lang='grc' dir='ltr'>κατὰ</span> <span class='ocrx_word' id='word_1_181' title='bbox 1144 2410 1254 2462; x_wconf 89' lang='grc' dir='ltr'>τῶν</span> <span class='ocrx_word' id='word_1_182' title='bbox 1281 2410 1609 2464; x_wconf 81' lang='grc' dir='ltr'>ἀδικούντων</span> <span class='ocrx_word' id='word_1_183' title='bbox 1648 2407 1888 2478; x_wconf 81' lang='grc' dir='ltr'>ἐτέρους,</span> <span class='ocrx_word' id='word_1_184' title='bbox 1927 2404 2068 2459; x_wconf 87' lang='grc' dir='ltr'>κατά</span> 
     </span>
    </p>
   </div>
   <div class='ocr_carea' id='block_1_24' title="bbox 393 2500 2069 2576">
    <p class='ocr_par' dir='ltr' id='par_1_24' title="bbox 393 2500 2069 2576">
     <span class='ocr_line' id='line_1_24' title="bbox 393 2500 2069 2576; baseline 0.001 -23"><span class='ocrx_word' id='word_1_185' title='bbox 393 2500 489 2553; x_wconf 84' lang='grc' dir='ltr'>τοῦ</span> <span class='ocrx_word' id='word_1_186' title='bbox 544 2501 810 2555; x_wconf 85' lang='grc' dir='ltr'>διαϐόλου.</span> <span class='ocrx_word' id='word_1_187' title='bbox 868 2504 958 2574; x_wconf 85' lang='grc' dir='ltr'>Μὴ</span> <span class='ocrx_word' id='word_1_188' title='bbox 1015 2505 1290 2576; x_wconf 77' lang='grc' dir='ltr'>πανταχοῦ</span> <span class='ocrx_word' id='word_1_189' title='bbox 1338 2505 1560 2568; x_wconf 81' lang='grc' dir='ltr'>κείσθω,</span> <span class='ocrx_word' id='word_1_190' title='bbox 1625 2503 1761 2575; x_wconf 86' lang='grc' dir='ltr'>μηδέ</span> <span class='ocrx_word' id='word_1_191' title='bbox 1820 2501 2069 2575; x_wconf 77' lang='grc' dir='ltr'>ἐρῤίφθω</span> 
     </span>
    </p>
   </div>
   <div class='ocr_carea' id='block_1_25' title="bbox 394 2597 2068 2673">
    <p class='ocr_par' dir='ltr' id='par_1_25' title="bbox 394 2597 2068 2673">
     <span class='ocr_line' id='line_1_25' title="bbox 394 2597 2068 2673; baseline 0.007 -24"><span class='ocrx_word' id='word_1_192' title='bbox 394 2598 653 2669; x_wconf 80' lang='grc' dir='ltr'>σπινθὴρ,</span> <span class='ocrx_word' id='word_1_193' title='bbox 689 2599 807 2652; x_wconf 82' lang='grc' dir='ltr'>ἀλλ’</span> <span class='ocrx_word' id='word_1_194' title='bbox 827 2601 886 2652; x_wconf 89' lang='grc' dir='ltr'>ἐν</span> <span class='ocrx_word' id='word_1_195' title='bbox 918 2601 1096 2673; x_wconf 81' lang='grc' dir='ltr'>τέφρᾳ</span> <span class='ocrx_word' id='word_1_196' title='bbox 1126 2601 1516 2672; x_wconf 77' lang='grc' dir='ltr'>φυλάττωμεν·</span> <span class='ocrx_word' id='word_1_197' title='bbox 1546 2603 1605 2655; x_wconf 77' lang='grc' dir='ltr'>ἐν</span> <span class='ocrx_word' id='word_1_198' title='bbox 1637 2602 1754 2663; x_wconf 85' lang='grc' dir='ltr'>τοῖς</span> <span class='ocrx_word' id='word_1_199' title='bbox 1785 2597 2068 2667; x_wconf 71' lang='grc' dir='ltr'>λογισμοῖς</span> 
     </span>
    </p>
   </div>
   <div class='ocr_carea' id='block_1_26' title="bbox 391 2692 2064 2769">
    <p class='ocr_par' dir='ltr' id='par_1_26' title="bbox 391 2692 2064 2769">
     <span class='ocr_line' id='line_1_26' title="bbox 391 2692 2064 2769; baseline 0.001 -23"><span class='ocrx_word' id='word_1_200' title='bbox 391 2696 504 2759; x_wconf 81' lang='grc' dir='ltr'>τοῖς</span> <span class='ocrx_word' id='word_1_201' title='bbox 555 2699 829 2760; x_wconf 83' lang='grc' dir='ltr'>ταπεινοῖς</span> <span class='ocrx_word' id='word_1_202' title='bbox 862 2698 1200 2769; x_wconf 76' lang='grc' dir='ltr'>κοιμίζωμεν</span> <span class='ocrx_word' id='word_1_203' title='bbox 1232 2715 1251 2736; x_wconf 80' lang='grc' dir='ltr'>ι</span> <span class='ocrx_word' id='word_1_204' title='bbox 1289 2700 1471 2752; x_wconf 84' lang='grc' dir='ltr'>αὐτόν.</span> <span class='ocrx_word' id='word_1_205' title='bbox 1525 2699 1597 2752; x_wconf 81' lang='grc' dir='ltr'>Οὐ</span> <span class='ocrx_word' id='word_1_206' title='bbox 1636 2696 1870 2750; x_wconf 87' lang='grc' dir='ltr'>πάντοτε</span> <span class='ocrx_word' id='word_1_207' title='bbox 1898 2692 2064 2749; x_wconf 88' lang='grc' dir='ltr'>αὐτοῦ</span> 
     </span>
    </p>
   </div>
   <div class='ocr_carea' id='block_1_27' title="bbox 389 2789 2066 2865">
    <p class='ocr_par' dir='ltr' id='par_1_27' title="bbox 389 2789 2066 2865">
     <span class='ocr_line' id='line_1_27' title="bbox 389 2789 2066 2865; baseline -0.002 -19"><span class='ocrx_word' id='word_1_208' title='bbox 389 2793 643 2863; x_wconf 84' lang='grc' dir='ltr'>δεόμεθα,</span> <span class='ocrx_word' id='word_1_209' title='bbox 709 2794 822 2847; x_wconf 88' lang='grc' dir='ltr'>ἀλλ’</span> <span class='ocrx_word' id='word_1_210' title='bbox 876 2795 1007 2847; x_wconf 78' lang='grc' dir='ltr'>ὅταν</span> <span class='ocrx_word' id='word_1_211' title='bbox 1057 2796 1501 2865; x_wconf 81' lang='grc' dir='ltr'>κατεργάσασθαί</span> <span class='ocrx_word' id='word_1_212' title='bbox 1547 2812 1601 2847; x_wconf 87' lang='grc' dir='ltr'>τι</span> <span class='ocrx_word' id='word_1_213' title='bbox 1638 2795 1754 2865; x_wconf 83' lang='grc' dir='ltr'>δέῃ,</span> <span class='ocrx_word' id='word_1_214' title='bbox 1791 2793 1885 2847; x_wconf 77' lang='grc' dir='ltr'>καὶ</span> <span class='ocrx_word' id='word_1_215' title='bbox 1913 2789 2066 2863; x_wconf 77' lang='lat'>[577]</span> 
     </span>
    </p>
   </div>
   <div class='ocr_carea' id='block_1_28' title="bbox 391 2888 2068 2962">
    <p class='ocr_par' dir='ltr' id='par_1_28' title="bbox 391 2888 2068 2962">
     <span class='ocr_line' id='line_1_28' title="bbox 391 2888 2068 2962; baseline -0.001 -20"><span class='ocrx_word' id='word_1_216' title='bbox 391 2888 613 2959; x_wconf 83' lang='grc' dir='ltr'>ποιῆσαι</span> <span class='ocrx_word' id='word_1_217' title='bbox 663 2890 867 2943; x_wconf 75' lang='grc' dir='ltr'>ἁπαλόν</span> <span class='ocrx_word' id='word_1_218' title='bbox 890 2909 902 2920; x_wconf 91' lang='grc'>·</span> <span class='ocrx_word' id='word_1_219' title='bbox 955 2892 1081 2945; x_wconf 76' lang='grc' dir='ltr'>ὅταν</span> <span class='ocrx_word' id='word_1_220' title='bbox 1132 2891 1390 2960; x_wconf 78' lang='grc' dir='ltr'>πώρωσιν</span> <span class='ocrx_word' id='word_1_221' title='bbox 1458 2891 1694 2962; x_wconf 80' lang='grc' dir='ltr'>μαλάξαι</span> <span class='ocrx_word' id='word_1_222' title='bbox 1748 2890 1843 2960; x_wconf 84' lang='grc' dir='ltr'>δέῃ</span> <span class='ocrx_word' id='word_1_223' title='bbox 1870 2928 1885 2950; x_wconf 88' lang='grc'>,</span> <span class='ocrx_word' id='word_1_224' title='bbox 1938 2889 2068 2941; x_wconf 81' lang='grc' dir='ltr'>ὅταν</span> 
     </span>
    </p>
   </div>
   <div class='ocr_carea' id='block_1_29' title="bbox 388 2984 1156 3056">
    <p class='ocr_par' dir='ltr' id='par_1_29' title="bbox 388 2984 1156 3056">
     <span class='ocr_line' id='line_1_29' title="bbox 388 2984 1156 3056; baseline 0.005 -20"><span class='ocrx_word' id='word_1_225' title='bbox 388 2984 490 3054; x_wconf 79' lang='grc' dir='ltr'>τῆς</span> <span class='ocrx_word' id='word_1_226' title='bbox 548 2985 726 3056; x_wconf 73' lang='grc' dir='ltr'>ψυχῆς</span> <span class='ocrx_word' id='word_1_227' title='bbox 788 2987 1156 3054; x_wconf 81' lang='grc' dir='ltr'>καταγνῶναι.</span> 
     </span>
    </p>
   </div>
   <div class='ocr_carea' id='block_1_30' title="bbox 456 3082 2068 3156">
    <p class='ocr_par' dir='ltr' id='par_1_30' title="bbox 456 3082 2068 3156">
     <span class='ocr_line' id='line_1_30' title="bbox 456 3082 2068 3156; baseline 0.001 -20"><span class='ocrx_word' id='word_1_228' title='bbox 456 3084 522 3136; x_wconf 87' lang='grc' dir='ltr'>δ’.</span> <span class='ocrx_word' id='word_1_229' title='bbox 558 3083 709 3136; x_wconf 88' lang='grc' dir='ltr'>Πόσα</span> <span class='ocrx_word' id='word_1_230' title='bbox 757 3082 919 3153; x_wconf 74' lang='grc' dir='ltr'>θυμοὶ</span> <span class='ocrx_word' id='word_1_231' title='bbox 955 3084 1048 3137; x_wconf 79' lang='grc' dir='ltr'>καὶ</span> <span class='ocrx_word' id='word_1_232' title='bbox 1075 3084 1237 3156; x_wconf 71' lang='grc' dir='ltr'>ὀργαὶ</span> <span class='ocrx_word' id='word_1_233' title='bbox 1275 3085 1423 3138; x_wconf 83' lang='grc' dir='ltr'>δεινά</span> <span class='ocrx_word' id='word_1_234' title='bbox 1465 3084 1917 3155; x_wconf 79' lang='grc' dir='ltr'>κατειργάσαντοί</span> <span class='ocrx_word' id='word_1_235' title='bbox 1956 3085 2068 3137; x_wconf 72' lang='grc' dir='ltr'>Καὶ</span> 
     </span>
    </p>
   </div>
   <div class='ocr_carea' id='block_1_31' title="bbox 389 3178 2066 3249">
    <p class='ocr_par' dir='ltr' id='par_1_31' title="bbox 389 3178 2066 3249">
     <span class='ocr_line' id='line_1_31' title="bbox 389 3178 2066 3249; baseline 0.001 -19"><span class='ocrx_word' id='word_1_236' title='bbox 389 3179 451 3231; x_wconf 78' lang='grc' dir='ltr'>τὸ</span> <span class='ocrx_word' id='word_1_237' title='bbox 476 3178 539 3248; x_wconf 85' lang='grc' dir='ltr'>δὴ</span> <span class='ocrx_word' id='word_1_238' title='bbox 565 3178 820 3249; x_wconf 83' lang='grc' dir='ltr'>χαλεπὸν,</span> <span class='ocrx_word' id='word_1_239' title='bbox 854 3180 984 3234; x_wconf 81' lang='grc' dir='ltr'>ὅταν</span> <span class='ocrx_word' id='word_1_240' title='bbox 1013 3179 1410 3249; x_wconf 86' lang='grc' dir='ltr'>διαναστῶμεν,</span> <span class='ocrx_word' id='word_1_241' title='bbox 1441 3181 1541 3234; x_wconf 85' lang='grc' dir='ltr'>οὐκ</span> <span class='ocrx_word' id='word_1_242' title='bbox 1567 3179 1646 3234; x_wconf 80' lang='grc' dir='ltr'>ἐτι</span> <span class='ocrx_word' id='word_1_243' title='bbox 1669 3180 1764 3233; x_wconf 91' lang='grc' dir='ltr'>τοῦ</span> <span class='ocrx_word' id='word_1_244' title='bbox 1792 3179 2066 3234; x_wconf 79' lang='grc' dir='ltr'>συνελθεῖν</span> 
     </span>
    </p>
   </div>
   <div class='ocr_carea' id='block_1_32' title="bbox 389 3275 2068 3348">
    <p class='ocr_par' dir='ltr' id='par_1_32' title="bbox 389 3275 2068 3348">
     <span class='ocr_line' id='line_1_32' title="bbox 389 3275 2068 3348; baseline 0.001 -21"><span class='ocrx_word' id='word_1_245' title='bbox 389 3278 557 3345; x_wconf 78' lang='grc' dir='ltr'>ἐσμεν</span> <span class='ocrx_word' id='word_1_246' title='bbox 575 3275 775 3348; x_wconf 89' lang='grc' dir='ltr'>κύριοι,</span> <span class='ocrx_word' id='word_1_247' title='bbox 807 3276 921 3331; x_wconf 89' lang='grc' dir='ltr'>ἀλλ’</span> <span class='ocrx_word' id='word_1_248' title='bbox 941 3276 1027 3330; x_wconf 84' lang='grc' dir='ltr'>έτέ</span> <span class='ocrx_word' id='word_1_249' title='bbox 1034 3293 1161 3348; x_wconf 91' lang='grc' dir='ltr'>ρους</span> <span class='ocrx_word' id='word_1_250' title='bbox 1191 3276 1552 3347; x_wconf 78' lang='grc' dir='ltr'>ἀναμένομεν·</span> <span class='ocrx_word' id='word_1_251' title='bbox 1574 3276 1801 3338; x_wconf 77' lang='grc' dir='ltr'>ἕκαστος</span> <span class='ocrx_word' id='word_1_252' title='bbox 1816 3275 2068 3347; x_wconf 89' lang='grc' dir='ltr'>αἰσχύνε-</span> 
     </span>
    </p>
   </div>
   <div class='ocr_carea' id='block_1_33' title="bbox 388 3371 2063 3445">
    <p class='ocr_par' dir='ltr' id='par_1_33' title="bbox 388 3371 2063 3445">
     <span class='ocr_line' id='line_1_33' title="bbox 388 3371 2063 3445; baseline 0.002 -20"><span class='ocrx_word' id='word_1_253' title='bbox 388 3391 477 3427; x_wconf 85' lang='grc' dir='ltr'>ται</span> <span class='ocrx_word' id='word_1_254' title='bbox 495 3373 589 3426; x_wconf 68' lang='grc' dir='ltr'>καὶ</span> <span class='ocrx_word' id='word_1_255' title='bbox 608 3372 837 3445; x_wconf 76' lang='grc' dir='ltr'>ἐρυθριᾷ</span> <span class='ocrx_word' id='word_1_256' title='bbox 864 3372 1176 3427; x_wconf 85' lang='grc' dir='ltr'>ἐπανελθὼν</span> <span class='ocrx_word' id='word_1_257' title='bbox 1209 3371 1539 3438; x_wconf 78' lang='grc' dir='ltr'>καταλλάξαι</span> <span class='ocrx_word' id='word_1_258' title='bbox 1555 3373 1646 3426; x_wconf 83' lang='grc' dir='ltr'>τὸν</span> <span class='ocrx_word' id='word_1_259' title='bbox 1666 3374 1874 3445; x_wconf 77' lang='grc' dir='ltr'>ἕτερον.</span> <span class='ocrx_word' id='word_1_260' title='bbox 1897 3375 2063 3445; x_wconf 87' lang='grc' dir='ltr'>Ὅρα,</span> 
     </span>
    </p>
   </div>
   <div class='ocr_carea' id='block_1_34' title="bbox 386 3467 2065 3540">
    <p class='ocr_par' dir='ltr' id='par_1_34' title="bbox 386 3467 2065 3540">
     <span class='ocr_line' id='line_1_34' title="bbox 386 3467 2065 3540; baseline 0.004 -21"><span class='ocrx_word' id='word_1_261' title='bbox 386 3468 667 3539; x_wconf 76' lang='grc' dir='ltr'>διαστῆναι</span> <span class='ocrx_word' id='word_1_262' title='bbox 722 3468 822 3539; x_wconf 87' lang='grc' dir='ltr'>μέν</span> <span class='ocrx_word' id='word_1_263' title='bbox 875 3469 969 3522; x_wconf 74' lang='grc' dir='ltr'>καὶ</span> <span class='ocrx_word' id='word_1_264' title='bbox 1016 3467 1388 3539; x_wconf 74' lang='grc' dir='ltr'>διασχισθῆναι</span> <span class='ocrx_word' id='word_1_265' title='bbox 1436 3468 1538 3522; x_wconf 89' lang='grc' dir='ltr'>οὐκ</span> <span class='ocrx_word' id='word_1_266' title='bbox 1566 3469 1900 3540; x_wconf 86' lang='grc' dir='ltr'>αἰσχύνεται,</span> <span class='ocrx_word' id='word_1_267' title='bbox 1929 3469 2065 3525; x_wconf 86' lang='grc' dir='ltr'>ἀλλά</span> 
     </span>
    </p>
   </div>
   <div class='ocr_carea' id='block_1_35' title="bbox 360 3564 2064 3638">
    <p class='ocr_par' dir='ltr' id='par_1_35' title="bbox 360 3564 2064 3638">
     <span class='ocr_line' id='line_1_35' title="bbox 360 3564 2064 3638; baseline 0.002 -21"><span class='ocrx_word' id='word_1_268' title='bbox 360 3620 365 3625; x_wconf 63' lang='grc'>,</span> <span class='ocrx_word' id='word_1_269' title='bbox 389 3565 482 3619; x_wconf 86' lang='grc' dir='ltr'>τοῦ</span> <span class='ocrx_word' id='word_1_270' title='bbox 513 3564 683 3618; x_wconf 88' lang='grc' dir='ltr'>κακοῦ</span> <span class='ocrx_word' id='word_1_271' title='bbox 710 3565 919 3633; x_wconf 87' lang='grc' dir='ltr'>γίνεται</span> <span class='ocrx_word' id='word_1_272' title='bbox 947 3564 1215 3636; x_wconf 86' lang='grc' dir='ltr'>ἀρχηγός·</span> <span class='ocrx_word' id='word_1_273' title='bbox 1270 3567 1587 3636; x_wconf 79' lang='grc' dir='ltr'>προσελθεῖν</span> <span class='ocrx_word' id='word_1_274' title='bbox 1615 3566 1671 3619; x_wconf 84' lang='grc' dir='ltr'>δέ</span> <span class='ocrx_word' id='word_1_275' title='bbox 1704 3567 1798 3620; x_wconf 75' lang='grc' dir='ltr'>καὶ</span> <span class='ocrx_word' id='word_1_276' title='bbox 1824 3566 1884 3620; x_wconf 84' lang='grc' dir='ltr'>τὸ</span> <span class='ocrx_word' id='word_1_277' title='bbox 1917 3569 2064 3638; x_wconf 84' lang='grc' dir='ltr'>ἐσχι-</span> 
     </span>
    </p>
   </div>
   <div class='ocr_carea' id='block_1_36' title="bbox 392 3659 2063 3733">
    <p class='ocr_par' dir='ltr' id='par_1_36' title="bbox 392 3659 2063 3733">
     <span class='ocr_line' id='line_1_36' title="bbox 392 3659 2063 3733; baseline 0.004 -19"><span class='ocrx_word' id='word_1_278' title='bbox 392 3662 590 3731; x_wconf 76' lang='grc' dir='ltr'>σμένον</span> <span class='ocrx_word' id='word_1_279' title='bbox 639 3660 806 3731; x_wconf 72' lang='grc' dir='ltr'>ῥάψαι</span> <span class='ocrx_word' id='word_1_280' title='bbox 833 3659 1149 3730; x_wconf 84' lang='grc' dir='ltr'>αἰσχύνεται</span> <span class='ocrx_word' id='word_1_281' title='bbox 1173 3678 1187 3691; x_wconf 77' lang='grc' dir='ltr'><strong>ο</strong></span> <span class='ocrx_word' id='word_1_282' title='bbox 1247 3662 1339 3715; x_wconf 73' lang='grc' dir='ltr'>καὶ</span> <span class='ocrx_word' id='word_1_283' title='bbox 1381 3662 1577 3715; x_wconf 83' lang='grc' dir='ltr'>ταυτὸν</span> <span class='ocrx_word' id='word_1_284' title='bbox 1607 3663 1915 3733; x_wconf 87' lang='grc' dir='ltr'>συμϐαίνει,</span> <span class='ocrx_word' id='word_1_285' title='bbox 1949 3660 2063 3721; x_wconf 76' lang='grc' dir='ltr'>οἷον</span> 
     </span>
    </p>
   </div>
   <div class='ocr_carea' id='block_1_37' title="bbox 386 3751 2062 3829">
    <p class='ocr_par' dir='ltr' id='par_1_37' title="bbox 386 3751 2062 3829">
     <span class='ocr_line' id='line_1_37' title="bbox 386 3751 2062 3829; baseline 0.005 -22"><span class='ocrx_word' id='word_1_286' title='bbox 386 3755 454 3807; x_wconf 79' lang='grc' dir='ltr'>ἂν</span> <span class='ocrx_word' id='word_1_287' title='bbox 485 3755 537 3809; x_wconf 81' lang='grc' dir='ltr'>εἰ</span> <span class='ocrx_word' id='word_1_288' title='bbox 565 3769 650 3816; x_wconf 87' lang='grc' dir='ltr'>τις</span> <span class='ocrx_word' id='word_1_289' title='bbox 694 3751 970 3821; x_wconf 72' lang='grc' dir='ltr'>ἀποκόψαι</span> <span class='ocrx_word' id='word_1_290' title='bbox 1003 3752 1100 3824; x_wconf 91' lang='grc' dir='ltr'>μέν</span> <span class='ocrx_word' id='word_1_291' title='bbox 1124 3753 1185 3808; x_wconf 80' lang='grc' dir='ltr'>τὸ</span> <span class='ocrx_word' id='word_1_292' title='bbox 1212 3754 1371 3825; x_wconf 84' lang='grc' dir='ltr'>μέλος</span> <span class='ocrx_word' id='word_1_293' title='bbox 1398 3758 1471 3828; x_wconf 81' lang='grc' dir='ltr'>μὴ</span> <span class='ocrx_word' id='word_1_294' title='bbox 1499 3759 1702 3829; x_wconf 89' lang='grc' dir='ltr'>ὀκνοίη.</span> <span class='ocrx_word' id='word_1_295' title='bbox 1732 3762 2062 3829; x_wconf 84' lang='grc' dir='ltr'>συναγαγεῖν</span> 
     </span>
    </p>
   </div>
   <div class='ocr_carea' id='block_1_38' title="bbox 385 3838 2058 3924">
    <p class='ocr_par' dir='ltr' id='par_1_38' title="bbox 385 3838 2058 3924">
     <span class='ocr_line' id='line_1_38' title="bbox 385 3838 2058 3924; baseline 0.007 -26"><span class='ocrx_word' id='word_1_296' title='bbox 385 3846 441 3898; x_wconf 75' lang='grc' dir='ltr'>δὲ</span> <span class='ocrx_word' id='word_1_297' title='bbox 477 3844 802 3915; x_wconf 66' lang='grc' dir='ltr'>αἰσχύνοιτο.</span> <span class='ocrx_word' id='word_1_298' title='bbox 856 3844 920 3897; x_wconf 92' lang='grc' dir='ltr'>Τί</span> <span class='ocrx_word' id='word_1_299' title='bbox 975 3843 1171 3914; x_wconf 74' lang='grc' dir='ltr'>λέγεις,</span> <span class='ocrx_word' id='word_1_300' title='bbox 1213 3847 1501 3919; x_wconf 83' lang='grc' dir='ltr'>άνθρωπε;</span> <span class='ocrx_word' id='word_1_301' title='bbox 1531 3838 1794 3923; x_wconf 76' lang='grc' dir='ltr'>ἠδίκησας</span> <span class='ocrx_word' id='word_1_302' title='bbox 1826 3853 2058 3924; x_wconf 87' lang='grc' dir='ltr'>μεγάλα,</span> 
     </span>
    </p>
   </div>
   <div class='ocr_carea' id='block_1_39' title="bbox 387 3937 2060 4013">
    <p class='ocr_par' dir='ltr' id='par_1_39' title="bbox 387 3937 2060 4013">
     <span class='ocr_line' id='line_1_39' title="bbox 387 3937 2060 4013; baseline 0.008 -23"><span class='ocrx_word' id='word_1_303' title='bbox 387 3939 481 3990; x_wconf 68' lang='grc' dir='ltr'>καὶ</span> <span class='ocrx_word' id='word_1_304' title='bbox 506 3937 667 4001; x_wconf 80' lang='grc' dir='ltr'>αύτος</span> <span class='ocrx_word' id='word_1_305' title='bbox 698 3937 869 4001; x_wconf 72' lang='grc' dir='ltr'>αἴτιος</span> <span class='ocrx_word' id='word_1_306' title='bbox 905 3938 1089 4006; x_wconf 77' lang='grc' dir='ltr'>ἐγένου</span> <span class='ocrx_word' id='word_1_307' title='bbox 1121 3940 1217 4009; x_wconf 79' lang='grc' dir='ltr'>τῆς</span> <span class='ocrx_word' id='word_1_308' title='bbox 1249 3941 1460 4013; x_wconf 73' lang='grc' dir='ltr'>μάχηες</span> <span class='ocrx_word' id='word_1_309' title='bbox 1494 3945 1704 4001; x_wconf 87' lang='grc' dir='ltr'>Οὐκοῦν</span> <span class='ocrx_word' id='word_1_310' title='bbox 1750 3946 1958 4011; x_wconf 85' lang='grc' dir='ltr'>δίκαιος</span> <span class='ocrx_word' id='word_1_311' title='bbox 1992 3948 2060 4003; x_wconf 74' lang='grc' dir='ltr'>ἂν</span> 
     </span>
    </p>
   </div>
   <div class='ocr_carea' id='block_1_40' title="bbox 386 4028 2056 4120">
    <p class='ocr_par' dir='ltr' id='par_1_40' title="bbox 386 4028 2056 4120">
     <span class='ocr_line' id='line_1_40' title="bbox 386 4028 2056 4120; baseline 0.013 -46"><span class='ocrx_word' id='word_1_312' title='bbox 386 4032 503 4097; x_wconf 74' lang='grc' dir='ltr'>εῐης</span> <span class='ocrx_word' id='word_1_313' title='bbox 532 4029 797 4100; x_wconf 79' lang='grc' dir='ltr'>πρότερος</span> <span class='ocrx_word' id='word_1_314' title='bbox 821 4028 1076 4083; x_wconf 81' lang='grc' dir='ltr'>ἀπελθεῖν</span> <span class='ocrx_word' id='word_1_315' title='bbox 1116 4032 1209 4087; x_wconf 70' lang='grc' dir='ltr'>καὶ</span> <span class='ocrx_word' id='word_1_316' title='bbox 1236 4035 1664 4120; x_wconf 68' lang='grc' dir='ltr'>καταλλαγῆναι,</span> <span class='ocrx_word' id='word_1_317' title='bbox 1706 4037 1801 4091; x_wconf 62' lang='lat' dir='ltr'>an</span> <span class='ocrx_word' id='word_1_318' title='bbox 1833 4038 1937 4110; x_wconf 85' lang='grc' dir='ltr'>τὴν</span> <span class='ocrx_word' id='word_1_319' title='bbox 1967 4042 2056 4095; x_wconf 88' lang='grc' dir='ltr'>αἰ-</span> 
     </span>
    </p>
   </div>
   <div class='ocr_carea' id='block_1_41' title="bbox 382 4121 2058 4198">
    <p class='ocr_par' dir='ltr' id='par_1_41' title="bbox 382 4121 2058 4198">
     <span class='ocr_line' id='line_1_41' title="bbox 382 4121 2058 4198; baseline 0.007 -24"><span class='ocrx_word' id='word_1_320' title='bbox 382 4122 502 4174; x_wconf 80' lang='grc' dir='ltr'>τίαν</span> <span class='ocrx_word' id='word_1_321' title='bbox 523 4121 682 4185; x_wconf 77' lang='grc' dir='ltr'>αὐτὸς</span> <span class='ocrx_word' id='word_1_322' title='bbox 720 4124 1037 4196; x_wconf 65' lang='grc' dir='ltr'>παρασχών.</span> <span class='ocrx_word' id='word_1_323' title='bbox 1082 4125 1221 4179; x_wconf 85' lang='grc' dir='ltr'>Ἀλλ’</span> <span class='ocrx_word' id='word_1_324' title='bbox 1246 4125 1511 4197; x_wconf 74' lang='grc' dir='ltr'>ἠδίκησαν</span> <span class='ocrx_word' id='word_1_325' title='bbox 1534 4128 1581 4194; x_wconf 74' lang='lat' dir='ltr'><strong>b,</strong></span> <span class='ocrx_word' id='word_1_326' title='bbox 1616 4131 1866 4194; x_wconf 85' lang='grc' dir='ltr'>κάκεῖνος</span> <span class='ocrx_word' id='word_1_327' title='bbox 1885 4131 2058 4198; x_wconf 77' lang='grc' dir='ltr'>αἴτιός</span> 
     </span>
    </p>
   </div>
   <div class='ocr_carea' id='block_1_42' title="bbox 380 4217 2053 4294">
    <p class='ocr_par' dir='ltr' id='par_1_42' title="bbox 380 4217 2053 4294">
     <span class='ocr_line' id='line_1_42' title="bbox 380 4217 2053 4294; baseline 0.008 -30"><span class='ocrx_word' id='word_1_328' title='bbox 380 4218 558 4282; x_wconf 77' lang='grc' dir='ltr'>ἐστιν,</span> <span class='ocrx_word' id='word_1_329' title='bbox 590 4217 797 4271; x_wconf 89' lang='grc' dir='ltr'>Οὐκοῦν</span> <span class='ocrx_word' id='word_1_330' title='bbox 823 4219 915 4271; x_wconf 72' lang='grc' dir='ltr'>καὶ</span> <span class='ocrx_word' id='word_1_331' title='bbox 942 4217 1031 4272; x_wconf 77' lang='grc' dir='ltr'>διὰ</span> <span class='ocrx_word' id='word_1_332' title='bbox 1058 4217 1235 4283; x_wconf 89' lang='grc' dir='ltr'>τοῦτο,</span> <span class='ocrx_word' id='word_1_333' title='bbox 1255 4219 1340 4273; x_wconf 77' lang='grc' dir='ltr'>ἵνα</span> <span class='ocrx_word' id='word_1_334' title='bbox 1366 4219 1566 4288; x_wconf 80' lang='grc' dir='ltr'>μᾶλλόν</span> <span class='ocrx_word' id='word_1_335' title='bbox 1598 4238 1656 4274; x_wconf 91' lang='grc' dir='ltr'>σε</span> <span class='ocrx_word' id='word_1_336' title='bbox 1679 4222 2053 4294; x_wconf 83' lang='grc' dir='ltr'>θαυμάσωσιν,</span> 
     </span>
    </p>
   </div>
   <div class='ocr_carea' id='block_1_43' title="bbox 385 4308 2055 4385">
    <p class='ocr_par' dir='ltr' id='par_1_43' title="bbox 385 4308 2055 4385">
     <span class='ocr_line' id='line_1_43' title="bbox 385 4308 2055 4385; baseline 0.007 -25"><span class='ocrx_word' id='word_1_337' title='bbox 385 4313 472 4363; x_wconf 71' lang='grc' dir='ltr'>ἵνα</span> <span class='ocrx_word' id='word_1_338' title='bbox 498 4309 634 4379; x_wconf 75' lang='grc' dir='ltr'>πρὸς</span> <span class='ocrx_word' id='word_1_339' title='bbox 663 4308 740 4380; x_wconf 83' lang='grc' dir='ltr'>τῷ</span> <span class='ocrx_word' id='word_1_340' title='bbox 776 4310 1027 4381; x_wconf 82' lang='grc' dir='ltr'>προτέρῳ</span> <span class='ocrx_word' id='word_1_341' title='bbox 1075 4311 1168 4364; x_wconf 76' lang='grc' dir='ltr'>καὶ</span> <span class='ocrx_word' id='word_1_342' title='bbox 1217 4310 1276 4365; x_wconf 86' lang='grc' dir='ltr'>ἐν</span> <span class='ocrx_word' id='word_1_343' title='bbox 1305 4311 1380 4382; x_wconf 85' lang='grc' dir='ltr'>τῷ</span> <span class='ocrx_word' id='word_1_344' title='bbox 1417 4312 1654 4385; x_wconf 85' lang='grc' dir='ltr'>δευτέρῳ</span> <span class='ocrx_word' id='word_1_345' title='bbox 1691 4314 1761 4369; x_wconf 85' lang='grc' dir='ltr'>τά</span> <span class='ocrx_word' id='word_1_346' title='bbox 1811 4320 2055 4385; x_wconf 87' lang='grc' dir='ltr'>πρωτεῖα</span> 
     </span>
    </p>
   </div>
   <div class='ocr_carea' id='block_1_44' title="bbox 380 4400 2055 4475">
    <p class='ocr_par' dir='ltr' id='par_1_44' title="bbox 380 4400 2055 4475">
     <span class='ocr_line' id='line_1_44' title="bbox 380 4400 2055 4475; baseline 0.005 -22"><span class='ocrx_word' id='word_1_347' title='bbox 380 4402 530 4472; x_wconf 79' lang='grc' dir='ltr'>ἔχῃς,</span> <span class='ocrx_word' id='word_1_348' title='bbox 564 4400 753 4473; x_wconf 84' lang='grc' dir='ltr'>ὥσπερ</span> <span class='ocrx_word' id='word_1_349' title='bbox 780 4403 839 4455; x_wconf 88' lang='grc' dir='ltr'>οὐ</span> <span class='ocrx_word' id='word_1_350' title='bbox 870 4402 963 4455; x_wconf 91' lang='grc' dir='ltr'>τοῦ</span> <span class='ocrx_word' id='word_1_351' title='bbox 991 4401 1243 4471; x_wconf 84' lang='grc' dir='ltr'>γενέσθαι</span> <span class='ocrx_word' id='word_1_352' title='bbox 1273 4403 1376 4473; x_wconf 85' lang='grc' dir='ltr'>τῆς</span> <span class='ocrx_word' id='word_1_353' title='bbox 1420 4402 1619 4475; x_wconf 74' lang='grc' dir='ltr'>ἔχθρας</span> <span class='ocrx_word' id='word_1_354' title='bbox 1658 4406 1851 4469; x_wconf 74' lang='grc' dir='ltr'>αἴτιος,</span> <span class='ocrx_word' id='word_1_355' title='bbox 1880 4407 2055 4472; x_wconf 74' lang='grc' dir='ltr'>οὕτως</span> 
     </span>
    </p>
   </div>
   <div class='ocr_carea' id='block_1_45' title="bbox 377 4491 2053 4565">
    <p class='ocr_par' dir='ltr' id='par_1_45' title="bbox 377 4491 2053 4565">
     <span class='ocr_line' id='line_1_45' title="bbox 377 4491 2053 4565; baseline 0.007 -22"><span class='ocrx_word' id='word_1_356' title='bbox 377 4492 500 4546; x_wconf 82' lang='grc' dir='ltr'>οὐδέ</span> <span class='ocrx_word' id='word_1_357' title='bbox 550 4491 642 4546; x_wconf 86' lang='grc' dir='ltr'>τοῦ</span> <span class='ocrx_word' id='word_1_358' title='bbox 674 4493 968 4563; x_wconf 73' lang='grc' dir='ltr'>ἐκταθῆναι</span> <span class='ocrx_word' id='word_1_359' title='bbox 1002 4494 1095 4546; x_wconf 74' lang='grc' dir='ltr'>ἐπὶ</span> <span class='ocrx_word' id='word_1_360' title='bbox 1134 4494 1295 4547; x_wconf 87' lang='grc' dir='ltr'>πλέον</span> <span class='ocrx_word' id='word_1_361' title='bbox 1346 4495 1448 4564; x_wconf 85' lang='grc' dir='ltr'>τὴν</span> <span class='ocrx_word' id='word_1_362' title='bbox 1500 4494 1731 4565; x_wconf 80' lang='grc' dir='ltr'>ἔχθραν·</span> <span class='ocrx_word' id='word_1_363' title='bbox 1781 4496 1910 4562; x_wconf 76' lang='grc' dir='ltr'>ἴσως</span> <span class='ocrx_word' id='word_1_364' title='bbox 1957 4502 2053 4554; x_wconf 74' lang='grc' dir='ltr'>καὶ</span> 
     </span>
    </p>
   </div>
   <div class='ocr_carea' id='block_1_46' title="bbox 377 4583 2050 4663">
    <p class='ocr_par' dir='ltr' id='par_1_46' title="bbox 377 4583 2050 4663">
     <span class='ocr_line' id='line_1_46' title="bbox 377 4583 2050 4663; baseline 0.007 -29"><span class='ocrx_word' id='word_1_365' title='bbox 377 4584 584 4646; x_wconf 75' lang='grc' dir='ltr'>ἐκεῖνος</span> <span class='ocrx_word' id='word_1_366' title='bbox 639 4584 808 4653; x_wconf 88' lang='grc' dir='ltr'>μυρία</span> <span class='ocrx_word' id='word_1_367' title='bbox 842 4583 1096 4645; x_wconf 89' lang='grc' dir='ltr'>συνειδὼς</span> <span class='ocrx_word' id='word_1_368' title='bbox 1124 4583 1302 4653; x_wconf 81' lang='grc' dir='ltr'>ἐαυτῷ</span> <span class='ocrx_word' id='word_1_369' title='bbox 1330 4583 1645 4653; x_wconf 79' lang='grc' dir='ltr'>αἰσχύνεται</span> <span class='ocrx_word' id='word_1_370' title='bbox 1685 4588 1774 4640; x_wconf 73' lang='grc' dir='ltr'>καὶ</span> <span class='ocrx_word' id='word_1_371' title='bbox 1800 4589 2050 4663; x_wconf 82' lang='grc' dir='ltr'>ἐρυθριᾷ.</span> 
     </span>
    </p>
   </div>
   <div class='ocr_carea' id='block_1_47' title="bbox 389 4672 2051 4752">
    <p class='ocr_par' dir='ltr' id='par_1_47' title="bbox 389 4672 2051 4752">
     <span class='ocr_line' id='line_1_47' title="bbox 389 4672 2051 4752; baseline 0.001 -26"><span class='ocrx_word' id='word_1_372' title='bbox 389 4672 529 4726; x_wconf 77' lang='grc' dir='ltr'>Ἀλλ’</span> <span class='ocrx_word' id='word_1_373' title='bbox 562 4673 952 4742; x_wconf 85' lang='grc' dir='ltr'>ἀπονενόηται;</span> <span class='ocrx_word' id='word_1_374' title='bbox 1008 4673 1192 4745; x_wconf 79' lang='grc' dir='ltr'>Ταύτῃ</span> <span class='ocrx_word' id='word_1_375' title='bbox 1227 4674 1461 4743; x_wconf 85' lang='grc' dir='ltr'>μάλιστα</span> <span class='ocrx_word' id='word_1_376' title='bbox 1499 4675 1574 4746; x_wconf 79' lang='grc' dir='ltr'>μὴ</span> <span class='ocrx_word' id='word_1_377' title='bbox 1601 4676 1838 4752; x_wconf 73' lang='grc' dir='ltr'>ὀκνήσῃς</span> <span class='ocrx_word' id='word_1_378' title='bbox 1883 4700 2051 4752; x_wconf 84' lang='grc' dir='ltr'>προσ-</span> 
     </span>
    </p>
   </div>
   <div class='ocr_carea' id='block_1_48' title="bbox 373 4764 2048 4837">
    <p class='ocr_par' dir='ltr' id='par_1_48' title="bbox 373 4764 2048 4837">
     <span class='ocr_line' id='line_1_48' title="bbox 373 4764 2048 4837; baseline 0.008 -19"><span class='ocrx_word' id='word_1_379' title='bbox 373 4765 631 4836; x_wconf 85' lang='grc' dir='ltr'>δραμεῖν·</span> <span class='ocrx_word' id='word_1_380' title='bbox 664 4766 758 4818; x_wconf 78' lang='grc' dir='ltr'>καί</span> <span class='ocrx_word' id='word_1_381' title='bbox 780 4764 886 4836; x_wconf 82' lang='grc' dir='ltr'>γὰρ</span> <span class='ocrx_word' id='word_1_382' title='bbox 912 4764 1129 4817; x_wconf 86' lang='grc' dir='ltr'>διπλοῦν</span> <span class='ocrx_word' id='word_1_383' title='bbox 1158 4767 1289 4836; x_wconf 79' lang='grc' dir='ltr'>παρ’</span> <span class='ocrx_word' id='word_1_384' title='bbox 1317 4766 1464 4837; x_wconf 83' lang='grc' dir='ltr'>αὐτῷ</span> <span class='ocrx_word' id='word_1_385' title='bbox 1492 4769 1550 4820; x_wconf 76' lang='grc' dir='ltr'>τὸ</span> <span class='ocrx_word' id='word_1_386' title='bbox 1572 4769 1764 4832; x_wconf 83' lang='grc' dir='ltr'>πάθος,</span> <span class='ocrx_word' id='word_1_387' title='bbox 1800 4774 1890 4826; x_wconf 70' lang='grc' dir='ltr'>καὶ</span> <span class='ocrx_word' id='word_1_388' title='bbox 1913 4776 2048 4832; x_wconf 86' lang='grc' dir='ltr'>ἀπό-</span> 
     </span>
    </p>
   </div>
   <div class='ocr_carea' id='block_1_49' title="bbox 373 4851 2047 4939">
    <p class='ocr_par' dir='ltr' id='par_1_49' title="bbox 373 4851 2047 4939">
     <span class='ocr_line' id='line_1_49' title="bbox 373 4851 2047 4939; baseline 0.001 -28"><span class='ocrx_word' id='word_1_389' title='bbox 373 4874 494 4911; x_wconf 82' lang='grc' dir='ltr'>νοια</span> <span class='ocrx_word' id='word_1_390' title='bbox 522 4857 618 4910; x_wconf 75' lang='grc' dir='ltr'>καὶ</span> <span class='ocrx_word' id='word_1_391' title='bbox 641 4856 800 4926; x_wconf 79' lang='grc' dir='ltr'>ὀργή.</span> <span class='ocrx_word' id='word_1_392' title='bbox 835 4857 905 4911; x_wconf 82' lang='grc' dir='ltr'>Σὺ</span> <span class='ocrx_word' id='word_1_393' title='bbox 930 4856 1029 4926; x_wconf 81' lang='grc' dir='ltr'>τὴν</span> <span class='ocrx_word' id='word_1_394' title='bbox 1046 4856 1225 4909; x_wconf 91' lang='grc' dir='ltr'>αἰτίαν</span> <span class='ocrx_word' id='word_1_395' title='bbox 1252 4851 1431 4920; x_wconf 72' lang='grc' dir='ltr'>εἴπας,</span> <span class='ocrx_word' id='word_1_396' title='bbox 1459 4859 1526 4912; x_wconf 83' lang='grc' dir='ltr'>δι’</span> <span class='ocrx_word' id='word_1_397' title='bbox 1551 4860 1617 4930; x_wconf 79' lang='grc' dir='ltr'>ἣν</span> <span class='ocrx_word' id='word_1_398' title='bbox 1644 4859 1878 4929; x_wconf 83' lang='grc' dir='ltr'>ὀφείλεις</span> <span class='ocrx_word' id='word_1_399' title='bbox 1910 4867 2047 4939; x_wconf 82' lang='grc' dir='ltr'>πρό..</span> 
     </span>
    </p>
   </div>
   <div class='ocr_carea' id='block_1_50' title="bbox 371 4948 2044 5023">
    <p class='ocr_par' dir='ltr' id='par_1_50' title="bbox 371 4948 2044 5023">
     <span class='ocr_line' id='line_1_50' title="bbox 371 4948 2044 5023; baseline 0.001 -20"><span class='ocrx_word' id='word_1_400' title='bbox 371 4966 528 5023; x_wconf 90' lang='grc' dir='ltr'>τερος</span> <span class='ocrx_word' id='word_1_401' title='bbox 558 4948 832 5012; x_wconf 89' lang='grc' dir='ltr'>ἀπελθεῖν,</span> <span class='ocrx_word' id='word_1_402' title='bbox 854 4950 881 5002; x_wconf 86' lang='grc' dir='ltr'>ό</span> <span class='ocrx_word' id='word_1_403' title='bbox 910 4949 1189 5016; x_wconf 89' lang='grc' dir='ltr'>ὐγιαίνων,</span> <span class='ocrx_word' id='word_1_404' title='bbox 1222 4950 1251 5002; x_wconf 90' lang='lat'>6</span> <span class='ocrx_word' id='word_1_405' title='bbox 1279 4949 1579 5020; x_wconf 79' lang='grc' dir='ltr'>δυνάμενος</span> <span class='ocrx_word' id='word_1_406' title='bbox 1614 4952 1832 5022; x_wconf 81' lang='grc' dir='ltr'>βλέπειν</span> <span class='ocrx_word' id='word_1_407' title='bbox 1853 4975 1867 4988; x_wconf 87' lang='grc'>·</span> <span class='ocrx_word' id='word_1_408' title='bbox 1900 4960 2044 5014; x_wconf 85' lang='grc' dir='ltr'>ἐκεῖ-</span> 
     </span>
    </p>
   </div>
   <div class='ocr_carea' id='block_1_51' title="bbox 371 5039 2044 5120">
    <p class='ocr_par' dir='ltr' id='par_1_51' title="bbox 371 5039 2044 5120">
     <span class='ocr_line' id='line_1_51' title="bbox 371 5039 2044 5120; baseline 0.007 -27"><span class='ocrx_word' id='word_1_409' title='bbox 371 5058 460 5106; x_wconf 88' lang='grc' dir='ltr'>νος</span> <span class='ocrx_word' id='word_1_410' title='bbox 492 5039 599 5113; x_wconf 84' lang='grc' dir='ltr'>γάρ</span> <span class='ocrx_word' id='word_1_411' title='bbox 626 5042 685 5094; x_wconf 89' lang='grc' dir='ltr'>ἐν</span> <span class='ocrx_word' id='word_1_412' title='bbox 727 5041 903 5111; x_wconf 84' lang='grc' dir='ltr'>σκότῳ</span> <span class='ocrx_word' id='word_1_413' title='bbox 931 5041 1045 5093; x_wconf 86' lang='grc' dir='ltr'>ἐστί</span> <span class='ocrx_word' id='word_1_414' title='bbox 1065 5059 1078 5070; x_wconf 88' lang='grc'>·</span> <span class='ocrx_word' id='word_1_415' title='bbox 1112 5039 1348 5095; x_wconf 88' lang='grc' dir='ltr'>τοιοῦτον</span> <span class='ocrx_word' id='word_1_416' title='bbox 1373 5041 1533 5114; x_wconf 80' lang='grc' dir='ltr'>γάρὴ</span> <span class='ocrx_word' id='word_1_417' title='bbox 1564 5043 1700 5115; x_wconf 81' lang='grc' dir='ltr'>ὀργὴ</span> <span class='ocrx_word' id='word_1_418' title='bbox 1734 5047 1879 5120; x_wconf 78' lang='grc' dir='ltr'>καὶὴ</span> <span class='ocrx_word' id='word_1_419' title='bbox 1913 5050 2044 5105; x_wconf 87' lang='grc' dir='ltr'>ἁλα-</span> 
     </span>
    </p>
   </div>
   <div class='ocr_carea' id='block_1_52' title="bbox 1191 269 3068 332">
    <p class='ocr_par' dir='ltr' id='par_1_52' title="bbox 1191 269 3068 332">
     <span class='ocr_line' id='line_1_52' title="bbox 1191 269 3068 332; baseline 0.004 -6"><span class='ocrx_word' id='word_1_420' title='bbox 1191 271 1251 326; x_wconf 78' lang='lat' dir='ltr'>S.</span> <span class='ocrx_word' id='word_1_421' title='bbox 1291 270 1579 328; x_wconf 76' lang='lat' dir='ltr'>JOANNIS</span> <span class='ocrx_word' id='word_1_422' title='bbox 1620 269 1799 327; x_wconf 60' lang='lat' dir='ltr'>CH8)</span> <span class='ocrx_word' id='word_1_423' title='bbox 1815 269 2115 325; x_wconf 79' lang='lat' dir='ltr'>SOSTOMI</span> <span class='ocrx_word' id='word_1_424' title='bbox 2154 270 2480 328; x_wconf 78' lang='lat' dir='ltr'>ARCIIIEP.</span> <span class='ocrx_word' id='word_1_425' title='bbox 2518 275 3068 332; x_wconf 70' lang='lat' dir='ltr'>CONSTANTINOP.</span> 
     </span>
    </p>
   </div>
   <div class='ocr_carea' id='block_1_53' title="bbox 3748 277 3854 334">
    <p class='ocr_par' dir='ltr' id='par_1_53' title="bbox 3748 277 3854 334">
     <span class='ocr_line' id='line_1_53' title="bbox 3748 277 3854 334; baseline 0 0"><span class='ocrx_word' id='word_1_426' title='bbox 3748 277 3854 334; x_wconf 74' lang='lat' dir='ltr'>S50</span> 
     </span>
    </p>
   </div>
   <div class='ocr_carea' id='block_1_54' title="bbox 2176 387 3854 464">
    <p class='ocr_par' dir='ltr' id='par_1_54' title="bbox 2176 387 3854 464">
     <span class='ocr_line' id='line_1_54' title="bbox 2176 387 3854 464; baseline 0.008 -26"><span class='ocrx_word' id='word_1_427' title='bbox 2176 401 2281 450; x_wconf 91' lang='grc' dir='ltr'>σιν,</span> <span class='ocrx_word' id='word_1_428' title='bbox 2342 387 2416 451; x_wconf 87' lang='grc' dir='ltr'>ὡς</span> <span class='ocrx_word' id='word_1_429' title='bbox 2466 391 2527 443; x_wconf 87' lang='grc' dir='ltr'>οὐ</span> <span class='ocrx_word' id='word_1_430' title='bbox 2590 395 2887 448; x_wconf 78' lang='grc' dir='ltr'>νοσούντων</span> <span class='ocrx_word' id='word_1_431' title='bbox 2944 394 3170 464; x_wconf 84' lang='grc' dir='ltr'>σφόδρα,</span> <span class='ocrx_word' id='word_1_432' title='bbox 3213 392 3406 446; x_wconf 78' lang='grc' dir='ltr'>τῶνδὲ</span> <span class='ocrx_word' id='word_1_433' title='bbox 3438 395 3854 464; x_wconf 77' lang='grc' dir='ltr'>κατακειμένων</span> 
     </span>
    </p>
   </div>
   <div class='ocr_carea' id='block_1_55' title="bbox 2173 482 3851 563">
    <p class='ocr_par' dir='ltr' id='par_1_55' title="bbox 2173 482 3851 563">
     <span class='ocr_line' id='line_1_55' title="bbox 2173 482 3851 563; baseline 0.006 -29"><span class='ocrx_word' id='word_1_434' title='bbox 2173 482 2374 537; x_wconf 88' lang='grc' dir='ltr'>οὐκέτι.</span> <span class='ocrx_word' id='word_1_435' title='bbox 2413 488 2481 539; x_wconf 88' lang='grc' dir='ltr'><em>Ἦ</em></span> <span class='ocrx_word' id='word_1_436' title='bbox 2517 489 2578 541; x_wconf 91' lang='grc' dir='ltr'>οὐ</span> <span class='ocrx_word' id='word_1_437' title='bbox 2621 489 2769 543; x_wconf 85' lang='grc' dir='ltr'>δοκεῖ</span> <span class='ocrx_word' id='word_1_438' title='bbox 2802 508 2887 543; x_wconf 92' lang='grc' dir='ltr'>σοι</span> <span class='ocrx_word' id='word_1_439' title='bbox 2921 489 3232 560; x_wconf 75' lang='grc' dir='ltr'>ἀρρωστίας</span> <span class='ocrx_word' id='word_1_440' title='bbox 3280 484 3420 543; x_wconf 74' lang='grc' dir='ltr'>εἶναι</span> <span class='ocrx_word' id='word_1_441' title='bbox 3468 489 3851 563; x_wconf 78' lang='grc' dir='ltr'>χαλεπώτερον</span> 
     </span>
    </p>
   </div>
   <div class='ocr_carea' id='block_1_56' title="bbox 2174 576 3847 657">
    <p class='ocr_par' dir='ltr' id='par_1_56' title="bbox 2174 576 3847 657">
     <span class='ocr_line' id='line_1_56' title="bbox 2174 576 3847 657; baseline 0.008 -28"><span class='ocrx_word' id='word_1_442' title='bbox 2174 576 2404 632; x_wconf 90' lang='grc' dir='ltr'>ἀπόνοια</span> <span class='ocrx_word' id='word_1_443' title='bbox 2430 582 2526 633; x_wconf 72' lang='grc' dir='ltr'>καὶ</span> <span class='ocrx_word' id='word_1_444' title='bbox 2545 582 2741 651; x_wconf 68' lang='grc' dir='ltr'>θυμόςε</span> <span class='ocrx_word' id='word_1_445' title='bbox 2770 586 2868 655; x_wconf 89' lang='grc' dir='ltr'>οὐχ</span> <span class='ocrx_word' id='word_1_446' title='bbox 2890 587 2918 638; x_wconf 88' lang='lat'>6</span> <span class='ocrx_word' id='word_1_447' title='bbox 2943 585 3041 654; x_wconf 80' lang='grc' dir='ltr'>μὲν</span> <span class='ocrx_word' id='word_1_448' title='bbox 3062 583 3282 653; x_wconf 79' lang='grc' dir='ltr'>πυρετῷ</span> <span class='ocrx_word' id='word_1_449' title='bbox 3304 601 3414 636; x_wconf 82' lang='grc' dir='ltr'>τινι</span> <span class='ocrx_word' id='word_1_450' title='bbox 3437 585 3579 638; x_wconf 84' lang='grc' dir='ltr'>ἐοικε</span> <span class='ocrx_word' id='word_1_451' title='bbox 3609 586 3847 657; x_wconf 85' lang='grc' dir='ltr'>σφοδρῷ.</span> 
     </span>
    </p>
   </div>
   <div class='ocr_carea' id='block_1_57' title="bbox 2173 671 3850 750">
    <p class='ocr_par' dir='ltr' id='par_1_57' title="bbox 2173 671 3850 750">
     <span class='ocr_line' id='line_1_57' title="bbox 2173 671 3850 750; baseline 0.007 -27"><span class='ocrx_word' id='word_1_452' title='bbox 2173 671 2208 741; x_wconf 80' lang='grc' dir='ltr'>ἡ</span> <span class='ocrx_word' id='word_1_453' title='bbox 2231 671 2288 724; x_wconf 82' lang='grc' dir='ltr'>δὲ</span> <span class='ocrx_word' id='word_1_454' title='bbox 2314 673 2703 745; x_wconf 81' lang='grc' dir='ltr'>φλεγμαίνοντι</span> <span class='ocrx_word' id='word_1_455' title='bbox 2727 679 3047 748; x_wconf 84' lang='grc' dir='ltr'>σώματικαί</span> <span class='ocrx_word' id='word_1_456' title='bbox 3073 679 3385 742; x_wconf 81' lang='grc' dir='ltr'>οἱδαίνοντι;</span> <span class='ocrx_word' id='word_1_457' title='bbox 3417 679 3700 750; x_wconf 84' lang='grc' dir='ltr'>Ἐννόησον</span> <span class='ocrx_word' id='word_1_458' title='bbox 3722 682 3850 734; x_wconf 83' lang='grc' dir='ltr'>ὅσον</span> 
     </span>
    </p>
   </div>
   <div class='ocr_carea' id='block_1_58' title="bbox 2173 761 3845 845">
    <p class='ocr_par' dir='ltr' id='par_1_58' title="bbox 2173 761 3845 845">
     <span class='ocr_line' id='line_1_58' title="bbox 2173 761 3845 845; baseline 0.008 -31"><span class='ocrx_word' id='word_1_459' title='bbox 2173 761 2289 816; x_wconf 80' lang='grc' dir='ltr'>ἐστί</span> <span class='ocrx_word' id='word_1_460' title='bbox 2322 767 2555 836; x_wconf 82' lang='grc' dir='ltr'>πυρετὸν</span> <span class='ocrx_word' id='word_1_461' title='bbox 2573 767 2718 839; x_wconf 79' lang='grc' dir='ltr'>ἔχειν</span> <span class='ocrx_word' id='word_1_462' title='bbox 2749 771 2839 823; x_wconf 78' lang='grc' dir='ltr'>καὶ</span> <span class='ocrx_word' id='word_1_463' title='bbox 2869 770 3098 842; x_wconf 76' lang='grc' dir='ltr'>οἴδημα·</span> <span class='ocrx_word' id='word_1_464' title='bbox 3134 771 3356 833; x_wconf 81' lang='grc' dir='ltr'>ἄπελθε,</span> <span class='ocrx_word' id='word_1_465' title='bbox 3393 771 3583 824; x_wconf 87' lang='grc' dir='ltr'>σϐέσον</span> <span class='ocrx_word' id='word_1_466' title='bbox 3617 773 3678 825; x_wconf 78' lang='grc' dir='ltr'>τὸ</span> <span class='ocrx_word' id='word_1_467' title='bbox 3710 774 3845 845; x_wconf 84' lang='grc' dir='ltr'>πῦρ·</span> 
     </span>
    </p>
   </div>
   <div class='ocr_carea' id='block_1_59' title="bbox 2171 856 3849 936">
    <p class='ocr_par' dir='ltr' id='par_1_59' title="bbox 2171 856 3849 936">
     <span class='ocr_line' id='line_1_59' title="bbox 2171 856 3849 936; baseline 0.007 -26"><span class='ocrx_word' id='word_1_468' title='bbox 2171 856 2397 913; x_wconf 89' lang='grc' dir='ltr'>δύνασαι</span> <span class='ocrx_word' id='word_1_469' title='bbox 2425 862 2533 932; x_wconf 75' lang='grc' dir='ltr'>γάρ</span> <span class='ocrx_word' id='word_1_470' title='bbox 2567 867 2632 935; x_wconf 83' lang='grc' dir='ltr'>τῇ</span> <span class='ocrx_word' id='word_1_471' title='bbox 2681 866 2865 935; x_wconf 84' lang='grc' dir='ltr'>χάριτι</span> <span class='ocrx_word' id='word_1_472' title='bbox 2910 866 3005 920; x_wconf 82' lang='grc' dir='ltr'>τοῦ</span> <span class='ocrx_word' id='word_1_473' title='bbox 3041 865 3208 920; x_wconf 80' lang='grc' dir='ltr'>Θεοῦ·</span> <span class='ocrx_word' id='word_1_474' title='bbox 3264 865 3453 936; x_wconf 86' lang='grc' dir='ltr'>ῶσπερ</span> <span class='ocrx_word' id='word_1_475' title='bbox 3485 865 3636 920; x_wconf 81' lang='grc' dir='ltr'>ῦδατι</span> <span class='ocrx_word' id='word_1_476' title='bbox 3677 868 3849 922; x_wconf 86' lang='grc' dir='ltr'>κατά-</span> 
     </span>
    </p>
   </div>
   <div class='ocr_carea' id='block_1_60' title="bbox 2175 951 3848 1028">
    <p class='ocr_par' dir='ltr' id='par_1_60' title="bbox 2175 951 3848 1028">
     <span class='ocr_line' id='line_1_60' title="bbox 2175 951 3848 1028; baseline 0.006 -25"><span class='ocrx_word' id='word_1_477' title='bbox 2175 951 2382 1005; x_wconf 78' lang='grc' dir='ltr'>στειλον</span> <span class='ocrx_word' id='word_1_478' title='bbox 2426 955 2525 1025; x_wconf 82' lang='grc' dir='ltr'>τὴν</span> <span class='ocrx_word' id='word_1_479' title='bbox 2571 956 2902 1028; x_wconf 75' lang='grc' dir='ltr'>φλεγμονὴν.</span> <span class='ocrx_word' id='word_1_480' title='bbox 2953 959 3019 1011; x_wconf 91' lang='grc' dir='ltr'>Τί</span> <span class='ocrx_word' id='word_1_481' title='bbox 3050 955 3166 1024; x_wconf 76' lang='grc' dir='ltr'>οὖν,</span> <span class='ocrx_word' id='word_1_482' title='bbox 3198 957 3264 1011; x_wconf 82' lang='grc' dir='ltr'>ἂν</span> <span class='ocrx_word' id='word_1_483' title='bbox 3303 957 3450 1028; x_wconf 83' lang='grc' dir='ltr'>αὐτῷ</span> <span class='ocrx_word' id='word_1_484' title='bbox 3482 957 3656 1025; x_wconf 86' lang='grc' dir='ltr'>τούτῳ</span> <span class='ocrx_word' id='word_1_485' title='bbox 3684 960 3848 1013; x_wconf 85' lang='grc' dir='ltr'>πλέον</span> 
     </span>
    </p>
   </div>
   <div class='ocr_carea' id='block_1_61' title="bbox 2173 1041 3849 1125">
    <p class='ocr_par' dir='ltr' id='par_1_61' title="bbox 2173 1041 3849 1125">
     <span class='ocr_line' id='line_1_61' title="bbox 2173 1041 3849 1125; baseline 0.008 -33"><span class='ocrx_word' id='word_1_486' title='bbox 2173 1041 2482 1116; x_wconf 77' lang='grc' dir='ltr'>ἐπαίρεται,</span> <span class='ocrx_word' id='word_1_487' title='bbox 2507 1049 2704 1118; x_wconf 83' lang='grc' dir='ltr'>φησίν;</span> <span class='ocrx_word' id='word_1_488' title='bbox 2747 1052 2912 1105; x_wconf 82' lang='grc' dir='ltr'>Οὐδὲν</span> <span class='ocrx_word' id='word_1_489' title='bbox 2943 1051 3097 1125; x_wconf 84' lang='grc' dir='ltr'>παρὰ</span> <span class='ocrx_word' id='word_1_490' title='bbox 3135 1052 3226 1104; x_wconf 82' lang='grc' dir='ltr'>σέ·</span> <span class='ocrx_word' id='word_1_491' title='bbox 3263 1051 3327 1104; x_wconf 86' lang='grc' dir='ltr'>σύ</span> <span class='ocrx_word' id='word_1_492' title='bbox 3361 1051 3460 1122; x_wconf 79' lang='grc' dir='ltr'>μὲν</span> <span class='ocrx_word' id='word_1_493' title='bbox 3486 1051 3594 1122; x_wconf 85' lang='grc' dir='ltr'>γὰρ</span> <span class='ocrx_word' id='word_1_494' title='bbox 3622 1051 3683 1103; x_wconf 73' lang='grc' dir='ltr'>τὸ</span> <span class='ocrx_word' id='word_1_495' title='bbox 3714 1069 3849 1105; x_wconf 84' lang='grc' dir='ltr'>σαυ-</span> 
     </span>
    </p>
   </div>
   <div class='ocr_carea' id='block_1_62' title="bbox 2170 1136 3848 1219">
    <p class='ocr_par' dir='ltr' id='par_1_62' title="bbox 2170 1136 3848 1219">
     <span class='ocr_line' id='line_1_62' title="bbox 2170 1136 3848 1219; baseline 0.007 -29"><span class='ocrx_word' id='word_1_496' title='bbox 2170 1136 2268 1191; x_wconf 80' lang='grc' dir='ltr'>τοῦ</span> <span class='ocrx_word' id='word_1_497' title='bbox 2298 1142 2581 1215; x_wconf 79' lang='grc' dir='ltr'>ἐποίησας,</span> <span class='ocrx_word' id='word_1_498' title='bbox 2603 1147 2811 1211; x_wconf 84' lang='grc' dir='ltr'>ἐκεῖνος</span> <span class='ocrx_word' id='word_1_499' title='bbox 2832 1148 2887 1201; x_wconf 81' lang='grc' dir='ltr'>δὲ</span> <span class='ocrx_word' id='word_1_500' title='bbox 2922 1148 3098 1219; x_wconf 84' lang='grc' dir='ltr'>ἐαυτῷ</span> <span class='ocrx_word' id='word_1_501' title='bbox 3128 1147 3453 1216; x_wconf 77' lang='grc' dir='ltr'>λογιζέσθω·</span> <span class='ocrx_word' id='word_1_502' title='bbox 3512 1149 3587 1219; x_wconf 72' lang='grc' dir='ltr'>μὴ</span> <span class='ocrx_word' id='word_1_503' title='bbox 3617 1166 3848 1216; x_wconf 80' lang='grc' dir='ltr'>καταγι-</span> 
     </span>
    </p>
   </div>
   <div class='ocr_carea' id='block_1_63' title="bbox 2173 1238 3846 1315">
    <p class='ocr_par' dir='ltr' id='par_1_63' title="bbox 2173 1238 3846 1315">
     <span class='ocr_line' id='line_1_63' title="bbox 2173 1238 3846 1315; baseline 0.006 -27"><span class='ocrx_word' id='word_1_504' title='bbox 2173 1238 2428 1294; x_wconf 87' lang='grc' dir='ltr'>νωσκέτω</span> <span class='ocrx_word' id='word_1_505' title='bbox 2477 1242 2631 1312; x_wconf 85' lang='grc' dir='ltr'>ήμῶν</span> <span class='ocrx_word' id='word_1_506' title='bbox 2657 1244 2720 1297; x_wconf 84' lang='grc' dir='ltr'>τὸ</span> <span class='ocrx_word' id='word_1_507' title='bbox 2764 1245 3022 1309; x_wconf 81' lang='grc' dir='ltr'>συνειδὸς,</span> <span class='ocrx_word' id='word_1_508' title='bbox 3069 1246 3149 1298; x_wconf 84' lang='grc' dir='ltr'>ὅτι</span> <span class='ocrx_word' id='word_1_509' title='bbox 3197 1243 3355 1315; x_wconf 79' lang='grc' dir='ltr'>ἡμῶν</span> <span class='ocrx_word' id='word_1_510' title='bbox 3388 1244 3743 1297; x_wconf 80' lang='grc' dir='ltr'>ἐλλειπόντων</span> <span class='ocrx_word' id='word_1_511' title='bbox 3788 1261 3846 1298; x_wconf 81' lang='grc' dir='ltr'>τι</span> 
     </span>
    </p>
   </div>
   <div class='ocr_carea' id='block_1_64' title="bbox 2171 1327 3849 1406">
    <p class='ocr_par' dir='ltr' id='par_1_64' title="bbox 2171 1327 3849 1406">
     <span class='ocr_line' id='line_1_64' title="bbox 2171 1327 3849 1406; baseline 0.015 -25"><span class='ocrx_word' id='word_1_512' title='bbox 2171 1327 2279 1383; x_wconf 88' lang='grc' dir='ltr'>τῶν</span> <span class='ocrx_word' id='word_1_513' title='bbox 2306 1329 2531 1386; x_wconf 86' lang='grc' dir='ltr'>δεόντων</span> <span class='ocrx_word' id='word_1_514' title='bbox 2564 1334 2723 1388; x_wconf 87' lang='grc' dir='ltr'>τοῦτο</span> <span class='ocrx_word' id='word_1_515' title='bbox 2760 1335 2991 1404; x_wconf 89' lang='grc' dir='ltr'>γίνεται.</span> <span class='ocrx_word' id='word_1_516' title='bbox 3028 1335 3268 1406; x_wconf 68' lang='grc' dir='ltr'>Ψώμιιῖἓ.</span> <span class='ocrx_word' id='word_1_517' title='bbox 3301 1337 3456 1405; x_wconf 67' lang='grc' dir='ltr'><strong>φησὶν</strong></span> <span class='ocrx_word' id='word_1_518' title='bbox 3480 1335 3591 1388; x_wconf 75' lang='grc' dir='ltr'>τὸν</span> <span class='ocrx_word' id='word_1_519' title='bbox 3627 1335 3849 1403; x_wconf 65' lang='grc' dir='ltr'>ἐχθρόν</span> 
     </span>
    </p>
   </div>
   <div class='ocr_carea' id='block_1_65' title="bbox 2170 1428 3848 1499">
    <p class='ocr_par' dir='ltr' id='par_1_65' title="bbox 2170 1428 3848 1499">
     <span class='ocr_line' id='line_1_65' title="bbox 2170 1428 3848 1499; baseline 0.005 -22"><span class='ocrx_word' id='word_1_520' title='bbox 2170 1436 2328 1479; x_wconf 70' lang='grc' dir='ltr'>σουε</span> <span class='ocrx_word' id='word_1_521' title='bbox 2351 1441 2365 1456; x_wconf 86' lang='grc'>·</span> <span class='ocrx_word' id='word_1_522' title='bbox 2425 1428 2601 1483; x_wconf 84' lang='grc' dir='ltr'>τοῦτο</span> <span class='ocrx_word' id='word_1_523' title='bbox 2646 1429 2757 1499; x_wconf 80' lang='grc' dir='ltr'>γὰρ</span> <span class='ocrx_word' id='word_1_524' title='bbox 2793 1428 2982 1483; x_wconf 77' lang='grc' dir='ltr'>ποιῶν</span> <span class='ocrx_word' id='word_1_525' title='bbox 3025 1430 3326 1499; x_wconf 75' lang='grc' dir='ltr'>ἄνθρακας</span> <span class='ocrx_word' id='word_1_526' title='bbox 3377 1431 3566 1497; x_wconf 74' lang='grc' dir='ltr'>πυρὸς</span> <span class='ocrx_word' id='word_1_527' title='bbox 3620 1428 3848 1495; x_wconf 64' lang='grc' dir='ltr'>σωίεύο</span> 
     </span>
    </p>
   </div>
   <div class='ocr_carea' id='block_1_66' title="bbox 2171 1516 3845 1592">
    <p class='ocr_par' dir='ltr' id='par_1_66' title="bbox 2171 1516 3845 1592">
     <span class='ocr_line' id='line_1_66' title="bbox 2171 1516 3845 1592; baseline 0.003 -25"><span class='ocrx_word' id='word_1_528' title='bbox 2171 1529 2304 1581; x_wconf 83' lang='grc' dir='ltr'>σεις</span> <span class='ocrx_word' id='word_1_529' title='bbox 2332 1516 2430 1570; x_wconf 79' lang='grc' dir='ltr'>ἐπὶ</span> <span class='ocrx_word' id='word_1_530' title='bbox 2468 1517 2584 1585; x_wconf 76' lang='grc' dir='ltr'>τὴν</span> <span class='ocrx_word' id='word_1_531' title='bbox 2633 1521 2913 1590; x_wconf 61' lang='grc' dir='ltr'>κεφαλὴν</span> <span class='ocrx_word' id='word_1_532' title='bbox 2939 1522 3147 1576; x_wconf 81' lang='grc' dir='ltr'>αὐτοῦ.</span> <span class='ocrx_word' id='word_1_533' title='bbox 3178 1522 3286 1575; x_wconf 73' lang='grc' dir='ltr'>Καὶ</span> <span class='ocrx_word' id='word_1_534' title='bbox 3328 1524 3498 1592; x_wconf 80' lang='grc' dir='ltr'>ὅμως,</span> <span class='ocrx_word' id='word_1_535' title='bbox 3526 1520 3621 1573; x_wconf 72' lang='grc' dir='ltr'>καὶ</span> <span class='ocrx_word' id='word_1_536' title='bbox 3650 1518 3845 1572; x_wconf 87' lang='grc' dir='ltr'>τούτου</span> 
     </span>
    </p>
   </div>
   <div class='ocr_carea' id='block_1_67' title="bbox 2169 1607 3847 1682">
    <p class='ocr_par' dir='ltr' id='par_1_67' title="bbox 2169 1607 3847 1682">
     <span class='ocr_line' id='line_1_67' title="bbox 2169 1607 3847 1682; baseline 0.004 -23"><span class='ocrx_word' id='word_1_537' title='bbox 2169 1607 2341 1672; x_wconf 73' lang='grc' dir='ltr'>ὄντος,</span> <span class='ocrx_word' id='word_1_538' title='bbox 2373 1610 2584 1664; x_wconf 89' lang='grc' dir='ltr'>κελεύει</span> <span class='ocrx_word' id='word_1_539' title='bbox 2614 1612 2868 1666; x_wconf 85' lang='grc' dir='ltr'>ἀπελθεῖν</span> <span class='ocrx_word' id='word_1_540' title='bbox 2907 1615 3003 1667; x_wconf 70' lang='grc' dir='ltr'>καὶ</span> <span class='ocrx_word' id='word_1_541' title='bbox 3038 1612 3445 1682; x_wconf 78' lang='grc' dir='ltr'>καταλλαγῆναι</span> <span class='ocrx_word' id='word_1_542' title='bbox 3486 1613 3579 1667; x_wconf 72' lang='grc' dir='ltr'>καὶ</span> <span class='ocrx_word' id='word_1_543' title='bbox 3621 1613 3847 1681; x_wconf 86' lang='grc' dir='ltr'>εὐεργε-</span> 
     </span>
    </p>
   </div>
   <div class='ocr_carea' id='block_1_68' title="bbox 2169 1699 3847 1774">
    <p class='ocr_par' dir='ltr' id='par_1_68' title="bbox 2169 1699 3847 1774">
     <span class='ocr_line' id='line_1_68' title="bbox 2169 1699 3847 1774; baseline 0.005 -26"><span class='ocrx_word' id='word_1_544' title='bbox 2169 1699 2305 1760; x_wconf 88' lang='grc' dir='ltr'>τεῖν,</span> <span class='ocrx_word' id='word_1_545' title='bbox 2354 1700 2452 1770; x_wconf 86' lang='grc' dir='ltr'>οὐχ</span> <span class='ocrx_word' id='word_1_546' title='bbox 2502 1701 2588 1755; x_wconf 83' lang='grc' dir='ltr'>ἵνα</span> <span class='ocrx_word' id='word_1_547' title='bbox 2644 1702 2922 1774; x_wconf 79' lang='grc' dir='ltr'>ἄνθρακας</span> <span class='ocrx_word' id='word_1_548' title='bbox 2973 1704 3144 1772; x_wconf 82' lang='grc' dir='ltr'>πυρὸς</span> <span class='ocrx_word' id='word_1_549' title='bbox 3193 1706 3543 1774; x_wconf 86' lang='grc' dir='ltr'>σωρεύωμεν,</span> <span class='ocrx_word' id='word_1_550' title='bbox 3602 1703 3717 1757; x_wconf 76' lang='grc' dir='ltr'>ἀλλ’</span> <span class='ocrx_word' id='word_1_551' title='bbox 3756 1704 3847 1757; x_wconf 82' lang='grc' dir='ltr'>ῖνα</span> 
     </span>
    </p>
   </div>
   <div class='ocr_carea' id='block_1_69' title="bbox 2172 1790 3846 1871">
    <p class='ocr_par' dir='ltr' id='par_1_69' title="bbox 2172 1790 3846 1871">
     <span class='ocr_line' id='line_1_69' title="bbox 2172 1790 3846 1871; baseline 0.004 -29"><span class='ocrx_word' id='word_1_552' title='bbox 2172 1790 2329 1855; x_wconf 88' lang='grc' dir='ltr'>εἰδὼς</span> <span class='ocrx_word' id='word_1_553' title='bbox 2352 1794 2558 1858; x_wconf 87' lang='grc' dir='ltr'>ἐκεῖνος</span> <span class='ocrx_word' id='word_1_554' title='bbox 2585 1795 2744 1849; x_wconf 88' lang='grc' dir='ltr'>τοῦτο</span> <span class='ocrx_word' id='word_1_555' title='bbox 2788 1796 3241 1866; x_wconf 88' lang='grc' dir='ltr'>καταστέλληται,</span> <span class='ocrx_word' id='word_1_556' title='bbox 3273 1796 3361 1850; x_wconf 81' lang='grc' dir='ltr'>ῖνα</span> <span class='ocrx_word' id='word_1_557' title='bbox 3387 1797 3590 1871; x_wconf 80' lang='grc' dir='ltr'>τρέμῃ,</span> <span class='ocrx_word' id='word_1_558' title='bbox 3625 1797 3712 1850; x_wconf 78' lang='grc' dir='ltr'>ἵνα</span> <span class='ocrx_word' id='word_1_559' title='bbox 3747 1814 3846 1864; x_wconf 74' lang='grc' dir='ltr'>φο·</span> 
     </span>
    </p>
   </div>
   <div class='ocr_carea' id='block_1_70' title="bbox 2171 1879 3844 1959">
    <p class='ocr_par' dir='ltr' id='par_1_70' title="bbox 2171 1879 3844 1959">
     <span class='ocr_line' id='line_1_70' title="bbox 2171 1879 3844 1959; baseline 0.004 -27"><span class='ocrx_word' id='word_1_560' title='bbox 2171 1879 2332 1951; x_wconf 80' lang='grc' dir='ltr'>ϐῆται</span> <span class='ocrx_word' id='word_1_561' title='bbox 2352 1884 2452 1948; x_wconf 84' lang='grc' dir='ltr'>τὰς</span> <span class='ocrx_word' id='word_1_562' title='bbox 2471 1886 2788 1957; x_wconf 82' lang='grc' dir='ltr'>εὐεργεσίας</span> <span class='ocrx_word' id='word_1_563' title='bbox 2819 1887 3020 1959; x_wconf 74' lang='grc' dir='ltr'>μᾶλλον</span> <span class='ocrx_word' id='word_1_564' title='bbox 3049 1888 3162 1941; x_wconf 86' lang='grc' dir='ltr'>τῶν</span> <span class='ocrx_word' id='word_1_565' title='bbox 3180 1887 3391 1958; x_wconf 81' lang='grc' dir='ltr'>ἐχθρῶν</span> <span class='ocrx_word' id='word_1_566' title='bbox 3413 1887 3638 1950; x_wconf 56' lang='grc' dir='ltr'>καὶτὰς</span> <span class='ocrx_word' id='word_1_567' title='bbox 3657 1887 3844 1954; x_wconf 79' lang='grc' dir='ltr'>φιλίας</span> 
     </span>
    </p>
   </div>
   <div class='ocr_carea' id='block_1_71' title="bbox 2170 1972 3845 2052">
    <p class='ocr_par' dir='ltr' id='par_1_71' title="bbox 2170 1972 3845 2052">
     <span class='ocr_line' id='line_1_71' title="bbox 2170 1972 3845 2052; baseline 0.002 -23"><span class='ocrx_word' id='word_1_568' title='bbox 2170 1972 2328 2044; x_wconf 83' lang='grc' dir='ltr'>ἢτάς</span> <span class='ocrx_word' id='word_1_569' title='bbox 2365 1977 2783 2042; x_wconf 85' lang='grc' dir='ltr'>ἐπιϐουλάς..ού</span> <span class='ocrx_word' id='word_1_570' title='bbox 2839 1980 2951 2052; x_wconf 86' lang='grc' dir='ltr'>γὰρ</span> <span class='ocrx_word' id='word_1_571' title='bbox 3008 1978 3181 2043; x_wconf 77' lang='grc' dir='ltr'>οὕτως</span> <span class='ocrx_word' id='word_1_572' title='bbox 3233 1978 3425 2051; x_wconf 80' lang='grc' dir='ltr'>ἐχθρὸς</span> <span class='ocrx_word' id='word_1_573' title='bbox 3486 1978 3845 2050; x_wconf 81' lang='grc' dir='ltr'>μνησικακῶν</span> 
     </span>
    </p>
   </div>
   <div class='ocr_carea' id='block_1_72' title="bbox 2173 2069 3843 2146">
    <p class='ocr_par' dir='ltr' id='par_1_72' title="bbox 2173 2069 3843 2146">
     <span class='ocr_line' id='line_1_72' title="bbox 2173 2069 3843 2146; baseline 0.006 -23"><span class='ocrx_word' id='word_1_574' title='bbox 2173 2069 2399 2140; x_wconf 86' lang='grc' dir='ltr'>βλάπτει</span> <span class='ocrx_word' id='word_1_575' title='bbox 2432 2073 2523 2126; x_wconf 80' lang='grc' dir='ltr'>τὸν</span> <span class='ocrx_word' id='word_1_576' title='bbox 2579 2074 2858 2146; x_wconf 83' lang='grc' dir='ltr'>μισοῦντα,</span> <span class='ocrx_word' id='word_1_577' title='bbox 2891 2076 2966 2140; x_wconf 85' lang='grc' dir='ltr'>ὡς</span> <span class='ocrx_word' id='word_1_578' title='bbox 3010 2079 3039 2129; x_wconf 89' lang='grc' dir='ltr'>ό</span> <span class='ocrx_word' id='word_1_579' title='bbox 3076 2075 3304 2144; x_wconf 83' lang='grc' dir='ltr'>ὠφελῶν</span> <span class='ocrx_word' id='word_1_580' title='bbox 3361 2076 3456 2129; x_wconf 78' lang='grc' dir='ltr'>καὶ</span> <span class='ocrx_word' id='word_1_581' title='bbox 3511 2074 3843 2146; x_wconf 81' lang='grc' dir='ltr'>εὐεργετῶν.</span> 
     </span>
    </p>
   </div>
   <div class='ocr_carea' id='block_1_73' title="bbox 2169 2166 3847 2242">
    <p class='ocr_par' dir='ltr' id='par_1_73' title="bbox 2169 2166 3847 2242">
     <span class='ocr_line' id='line_1_73' title="bbox 2169 2166 3847 2242; baseline 0.003 -23"><span class='ocrx_word' id='word_1_582' title='bbox 2169 2166 2541 2238; x_wconf 87' lang='grc' dir='ltr'>Μνησικακῶν</span> <span class='ocrx_word' id='word_1_583' title='bbox 2587 2172 2717 2242; x_wconf 87' lang='grc' dir='ltr'>γὰρ,</span> <span class='ocrx_word' id='word_1_584' title='bbox 2779 2173 2873 2226; x_wconf 78' lang='grc' dir='ltr'>καί</span> <span class='ocrx_word' id='word_1_585' title='bbox 2925 2173 3117 2226; x_wconf 84' lang='grc' dir='ltr'>ἐαυτὸν</span> <span class='ocrx_word' id='word_1_586' title='bbox 3150 2173 3401 2226; x_wconf 84' lang='grc' dir='ltr'>κάκεῖνον</span> <span class='ocrx_word' id='word_1_587' title='bbox 3451 2172 3681 2242; x_wconf 75' lang='grc' dir='ltr'>ἔϐλαψεν</span> <span class='ocrx_word' id='word_1_588' title='bbox 3711 2172 3847 2237; x_wconf 76' lang='grc' dir='ltr'>ῖσως</span> 
     </span>
    </p>
   </div>
   <div class='ocr_carea' id='block_1_74' title="bbox 2171 2260 3844 2337">
    <p class='ocr_par' dir='ltr' id='par_1_74' title="bbox 2171 2260 3844 2337">
     <span class='ocr_line' id='line_1_74' title="bbox 2171 2260 3844 2337; baseline 0.001 -21"><span class='ocrx_word' id='word_1_589' title='bbox 2171 2260 2365 2330; x_wconf 84' lang='grc' dir='ltr'>μικρόν</span> <span class='ocrx_word' id='word_1_590' title='bbox 2389 2279 2469 2314; x_wconf 89' lang='grc' dir='ltr'>τι·</span> <span class='ocrx_word' id='word_1_591' title='bbox 2493 2263 2798 2333; x_wconf 85' lang='grc' dir='ltr'>εὐεργετῶν</span> <span class='ocrx_word' id='word_1_592' title='bbox 2820 2264 2897 2329; x_wconf 87' lang='grc' dir='ltr'>δὲ,</span> <span class='ocrx_word' id='word_1_593' title='bbox 2923 2264 3203 2337; x_wconf 80' lang='grc' dir='ltr'>ἄνθρακας</span> <span class='ocrx_word' id='word_1_594' title='bbox 3232 2265 3402 2336; x_wconf 80' lang='grc' dir='ltr'>πυρὸς</span> <span class='ocrx_word' id='word_1_595' title='bbox 3425 2264 3730 2334; x_wconf 83' lang='grc' dir='ltr'>ἐσώρευσεν</span> <span class='ocrx_word' id='word_1_596' title='bbox 3750 2264 3844 2318; x_wconf 79' lang='grc' dir='ltr'>ἐπὶ</span> 
     </span>
    </p>
   </div>
   <div class='ocr_carea' id='block_1_75' title="bbox 2166 2351 3842 2429">
    <p class='ocr_par' dir='ltr' id='par_1_75' title="bbox 2166 2351 3842 2429">
     <span class='ocr_line' id='line_1_75' title="bbox 2166 2351 3842 2429; baseline 0.005 -29"><span class='ocrx_word' id='word_1_597' title='bbox 2166 2351 2267 2420; x_wconf 80' lang='grc' dir='ltr'>τὴν</span> <span class='ocrx_word' id='word_1_598' title='bbox 2303 2352 2543 2424; x_wconf 82' lang='grc' dir='ltr'>κεφαλὴν</span> <span class='ocrx_word' id='word_1_599' title='bbox 2574 2355 2759 2409; x_wconf 88' lang='grc' dir='ltr'>αὐτοῦ.</span> <span class='ocrx_word' id='word_1_600' title='bbox 2792 2356 3001 2410; x_wconf 90' lang='grc' dir='ltr'>Οὐκοῦν</span> <span class='ocrx_word' id='word_1_601' title='bbox 3038 2359 3098 2410; x_wconf 84' lang='grc' dir='ltr'>οὐ</span> <span class='ocrx_word' id='word_1_602' title='bbox 3132 2356 3213 2410; x_wconf 86' lang='grc' dir='ltr'>δεῖ</span> <span class='ocrx_word' id='word_1_603' title='bbox 3238 2355 3390 2429; x_wconf 77' lang='grc'>[578]</span> <span class='ocrx_word' id='word_1_604' title='bbox 3423 2358 3620 2422; x_wconf 88' lang='grc' dir='ltr'>ποιεῖν,</span> <span class='ocrx_word' id='word_1_605' title='bbox 3654 2356 3842 2426; x_wconf 71' lang='grc' dir='ltr'>φησὶν,</span> 
     </span>
    </p>
   </div>
   <div class='ocr_carea' id='block_1_76' title="bbox 2169 2442 3845 2519">
    <p class='ocr_par' dir='ltr' id='par_1_76' title="bbox 2169 2442 3845 2519">
     <span class='ocr_line' id='line_1_76' title="bbox 2169 2442 3845 2519; baseline 0.003 -25"><span class='ocrx_word' id='word_1_606' title='bbox 2169 2442 2257 2495; x_wconf 80' lang='grc' dir='ltr'>ἵνα</span> <span class='ocrx_word' id='word_1_607' title='bbox 2311 2444 2385 2515; x_wconf 87' lang='grc' dir='ltr'>μὴ</span> <span class='ocrx_word' id='word_1_608' title='bbox 2440 2445 2768 2516; x_wconf 88' lang='grc' dir='ltr'>σωρεύωμεν</span> <span class='ocrx_word' id='word_1_609' title='bbox 2804 2447 3129 2519; x_wconf 76' lang='grc' dir='ltr'>άνθρακαςς</span> <span class='ocrx_word' id='word_1_610' title='bbox 3174 2447 3313 2501; x_wconf 84' lang='grc' dir='ltr'>Ἀλλ’</span> <span class='ocrx_word' id='word_1_611' title='bbox 3359 2448 3561 2518; x_wconf 82' lang='grc' dir='ltr'>ἐτέρως</span> <span class='ocrx_word' id='word_1_612' title='bbox 3618 2446 3712 2498; x_wconf 71' lang='grc' dir='ltr'>ἐπὶ</span> <span class='ocrx_word' id='word_1_613' title='bbox 3742 2445 3845 2516; x_wconf 59' lang='grc' dir='ltr'>τὴν</span> 
     </span>
    </p>
   </div>
   <div class='ocr_carea' id='block_1_77' title="bbox 2168 2536 3846 2611">
    <p class='ocr_par' dir='ltr' id='par_1_77' title="bbox 2168 2536 3846 2611">
     <span class='ocr_line' id='line_1_77' title="bbox 2168 2536 3846 2611; baseline 0.004 -25"><span class='ocrx_word' id='word_1_614' title='bbox 2168 2536 2408 2605; x_wconf 83' lang='grc' dir='ltr'>κεφαλὴν</span> <span class='ocrx_word' id='word_1_615' title='bbox 2441 2537 2538 2608; x_wconf 71' lang='grc' dir='ltr'>τὴν</span> <span class='ocrx_word' id='word_1_616' title='bbox 2570 2538 2669 2610; x_wconf 79' lang='grc' dir='ltr'>σὴν</span> <span class='ocrx_word' id='word_1_617' title='bbox 2699 2539 2977 2611; x_wconf 78' lang='grc' dir='ltr'>ἄνθρακας</span> <span class='ocrx_word' id='word_1_618' title='bbox 3011 2540 3272 2611; x_wconf 85' lang='grc' dir='ltr'>σωρεύειν</span> <span class='ocrx_word' id='word_1_619' title='bbox 3328 2539 3542 2605; x_wconf 87' lang='grc' dir='ltr'>θέλεις;</span> <span class='ocrx_word' id='word_1_620' title='bbox 3595 2539 3691 2591; x_wconf 78' lang='grc' dir='ltr'>καὶ</span> <span class='ocrx_word' id='word_1_621' title='bbox 3732 2537 3846 2607; x_wconf 77' lang='grc' dir='ltr'>γὰρ</span> 
     </span>
    </p>
   </div>
   <div class='ocr_carea' id='block_1_78' title="bbox 2165 2627 3841 2702">
    <p class='ocr_par' dir='ltr' id='par_1_78' title="bbox 2165 2627 3841 2702">
     <span class='ocr_line' id='line_1_78' title="bbox 2165 2627 3841 2702; baseline 0.002 -24"><span class='ocrx_word' id='word_1_622' title='bbox 2165 2627 2324 2681; x_wconf 87' lang='grc' dir='ltr'>τοῦτο</span> <span class='ocrx_word' id='word_1_623' title='bbox 2371 2627 2396 2667; x_wconf 72' lang='grc' dir='ltr'>ἀ</span> <span class='ocrx_word' id='word_1_624' title='bbox 2432 2632 2577 2683; x_wconf 87' lang='grc' dir='ltr'>ποιεῖ</span> <span class='ocrx_word' id='word_1_625' title='bbox 2609 2632 2970 2702; x_wconf 84' lang='grc' dir='ltr'>μνησικακία.</span> <span class='ocrx_word' id='word_1_626' title='bbox 3001 2631 3141 2685; x_wconf 84' lang='grc' dir='ltr'>Ἀλλ’</span> <span class='ocrx_word' id='word_1_627' title='bbox 3185 2633 3278 2685; x_wconf 79' lang='grc' dir='ltr'>ἐπὶ</span> <span class='ocrx_word' id='word_1_628' title='bbox 3319 2630 3503 2684; x_wconf 88' lang='grc' dir='ltr'>πλεῖον</span> <span class='ocrx_word' id='word_1_629' title='bbox 3542 2630 3841 2697; x_wconf 76' lang='grc' dir='ltr'>ἐκτείνεινς</span> 
     </span>
    </p>
   </div>
   <div class='ocr_carea' id='block_1_79' title="bbox 2167 2712 3845 2792">
    <p class='ocr_par' dir='ltr' id='par_1_79' title="bbox 2167 2712 3845 2792">
     <span class='ocr_line' id='line_1_79' title="bbox 2167 2712 3845 2792; baseline 0.001 -22"><span class='ocrx_word' id='word_1_630' title='bbox 2167 2716 2429 2789; x_wconf 85' lang='grc' dir='ltr'>οὐδαμῶς</span> <span class='ocrx_word' id='word_1_631' title='bbox 2451 2736 2464 2750; x_wconf 91' lang='grc'>·</span> <span class='ocrx_word' id='word_1_632' title='bbox 2493 2712 2688 2792; x_wconf 79' lang='grc' dir='ltr'>ού’γὰρ</span> <span class='ocrx_word' id='word_1_633' title='bbox 2721 2723 2785 2775; x_wconf 86' lang='grc' dir='ltr'>σὺ</span> <span class='ocrx_word' id='word_1_634' title='bbox 2811 2722 2970 2776; x_wconf 86' lang='grc' dir='ltr'>τοῦτο</span> <span class='ocrx_word' id='word_1_635' title='bbox 2998 2725 3193 2789; x_wconf 84' lang='grc' dir='ltr'>ποιεῖς,</span> <span class='ocrx_word' id='word_1_636' title='bbox 3220 2722 3336 2775; x_wconf 81' lang='grc' dir='ltr'>ἀλλ’</span> <span class='ocrx_word' id='word_1_637' title='bbox 3363 2723 3570 2784; x_wconf 82' lang='grc' dir='ltr'>ἐκεῖνος</span> <span class='ocrx_word' id='word_1_638' title='bbox 3590 2723 3619 2773; x_wconf 92' lang='lat'>6</span> <span class='ocrx_word' id='word_1_639' title='bbox 3647 2717 3845 2791; x_wconf 86' lang='grc' dir='ltr'>θηριώ-</span> 
     </span>
    </p>
   </div>
   <div class='ocr_carea' id='block_1_80' title="bbox 2164 2807 3844 2886">
    <p class='ocr_par' dir='ltr' id='par_1_80' title="bbox 2164 2807 3844 2886">
     <span class='ocr_line' id='line_1_80' title="bbox 2164 2807 3844 2886; baseline -0.001 -21"><span class='ocrx_word' id='word_1_640' title='bbox 2164 2807 2280 2881; x_wconf 86' lang='grc' dir='ltr'>δης.</span> <span class='ocrx_word' id='word_1_641' title='bbox 2305 2813 2367 2864; x_wconf 74' lang='grc' dir='ltr'>Εἰ</span> <span class='ocrx_word' id='word_1_642' title='bbox 2397 2815 2503 2883; x_wconf 85' lang='grc' dir='ltr'>γάρ</span> <span class='ocrx_word' id='word_1_643' title='bbox 2523 2814 2937 2884; x_wconf 86' lang='grc' dir='ltr'>εὐεργετοῦντός</span> <span class='ocrx_word' id='word_1_644' title='bbox 2961 2832 3054 2868; x_wconf 88' lang='grc' dir='ltr'>σου</span> <span class='ocrx_word' id='word_1_645' title='bbox 3090 2816 3186 2869; x_wconf 70' lang='grc' dir='ltr'>καὶ</span> <span class='ocrx_word' id='word_1_646' title='bbox 3213 2815 3483 2886; x_wconf 89' lang='grc' dir='ltr'>τιμῶντος</span> <span class='ocrx_word' id='word_1_647' title='bbox 3503 2813 3600 2867; x_wconf 74' lang='grc' dir='ltr'>καὶ</span> <span class='ocrx_word' id='word_1_648' title='bbox 3631 2810 3844 2866; x_wconf 78' lang='grc' dir='ltr'>καταλ-</span> 
     </span>
    </p>
   </div>
   <div class='ocr_carea' id='block_1_81' title="bbox 2165 2900 3844 2976">
    <p class='ocr_par' dir='ltr' id='par_1_81' title="bbox 2165 2900 3844 2976">
     <span class='ocr_line' id='line_1_81' title="bbox 2165 2900 3844 2976; baseline 0.001 -23"><span class='ocrx_word' id='word_1_649' title='bbox 2165 2900 2468 2967; x_wconf 85' lang='grc' dir='ltr'>λάττοντος,</span> <span class='ocrx_word' id='word_1_650' title='bbox 2503 2905 2654 2975; x_wconf 88' lang='grc' dir='ltr'>μένει</span> <span class='ocrx_word' id='word_1_651' title='bbox 2687 2906 2970 2975; x_wconf 85' lang='grc' dir='ltr'>φυλάττων</span> <span class='ocrx_word' id='word_1_652' title='bbox 2990 2908 3198 2970; x_wconf 82' lang='grc' dir='ltr'>ἐκεῖνος</span> <span class='ocrx_word' id='word_1_653' title='bbox 3222 2907 3323 2976; x_wconf 83' lang='grc' dir='ltr'>τὴν</span> <span class='ocrx_word' id='word_1_654' title='bbox 3354 2904 3674 2976; x_wconf 87' lang='grc' dir='ltr'>ἀπέχθειαν,</span> <span class='ocrx_word' id='word_1_655' title='bbox 3708 2904 3844 2956; x_wconf 86' lang='grc' dir='ltr'>ἐαυ-</span> 
     </span>
    </p>
   </div>
   <div class='ocr_carea' id='block_1_82' title="bbox 2166 2991 3843 3067">
    <p class='ocr_par' dir='ltr' id='par_1_82' title="bbox 2166 2991 3843 3067">
     <span class='ocr_line' id='line_1_82' title="bbox 2166 2991 3843 3067; baseline 0.004 -23"><span class='ocrx_word' id='word_1_656' title='bbox 2166 2991 2241 3063; x_wconf 82' lang='grc' dir='ltr'>τῷ</span> <span class='ocrx_word' id='word_1_657' title='bbox 2288 2994 2349 3046; x_wconf 81' lang='grc' dir='ltr'>τὸ</span> <span class='ocrx_word' id='word_1_658' title='bbox 2375 2995 2487 3065; x_wconf 86' lang='grc' dir='ltr'>πῦρ</span> <span class='ocrx_word' id='word_1_659' title='bbox 2519 2996 2748 3065; x_wconf 74' lang='grc' dir='ltr'>ἀνῆψεν,</span> <span class='ocrx_word' id='word_1_660' title='bbox 2799 2998 2961 3062; x_wconf 82' lang='grc' dir='ltr'>αὐτὸς</span> <span class='ocrx_word' id='word_1_661' title='bbox 2995 2997 3216 3067; x_wconf 81' lang='grc' dir='ltr'>ἔφλεξεν</span> <span class='ocrx_word' id='word_1_662' title='bbox 3245 2996 3410 3051; x_wconf 87' lang='grc' dir='ltr'>αὐτοῦ</span> <span class='ocrx_word' id='word_1_663' title='bbox 3440 2996 3539 3066; x_wconf 83' lang='grc' dir='ltr'>τὴν</span> <span class='ocrx_word' id='word_1_664' title='bbox 3561 2995 3843 3066; x_wconf 75' lang='grc' dir='ltr'>κεφαλήν·</span> 
     </span>
    </p>
   </div>
   <div class='ocr_carea' id='block_1_83' title="bbox 2166 3084 3842 3159">
    <p class='ocr_par' dir='ltr' id='par_1_83' title="bbox 2166 3084 3842 3159">
     <span class='ocr_line' id='line_1_83' title="bbox 2166 3084 3842 3159; baseline 0.004 -24"><span class='ocrx_word' id='word_1_665' title='bbox 2166 3084 2230 3136; x_wconf 77' lang='grc' dir='ltr'>σὺ</span> <span class='ocrx_word' id='word_1_666' title='bbox 2252 3085 2307 3138; x_wconf 88' lang='grc' dir='ltr'>δὲ</span> <span class='ocrx_word' id='word_1_667' title='bbox 2333 3085 2569 3150; x_wconf 83' lang='grc' dir='ltr'>ἀναίτιος</span> <span class='ocrx_word' id='word_1_668' title='bbox 2600 3084 2670 3140; x_wconf 83' lang='grc' dir='ltr'>εἷ.</span> <span class='ocrx_word' id='word_1_669' title='bbox 2711 3088 2803 3158; x_wconf 86' lang='grc' dir='ltr'>Μὴ</span> <span class='ocrx_word' id='word_1_670' title='bbox 2836 3088 2987 3157; x_wconf 90' lang='grc' dir='ltr'>γίνου</span> <span class='ocrx_word' id='word_1_671' title='bbox 3019 3088 3114 3142; x_wconf 89' lang='grc' dir='ltr'>τοῦ</span> <span class='ocrx_word' id='word_1_672' title='bbox 3140 3087 3276 3142; x_wconf 88' lang='grc' dir='ltr'>Θεοῦ</span> <span class='ocrx_word' id='word_1_673' title='bbox 3306 3087 3842 3159; x_wconf 82' lang='grc' dir='ltr'>φιλανθρωπότερος,</span> 
     </span>
    </p>
   </div>
   <div class='ocr_carea' id='block_1_84' title="bbox 2163 3176 3841 3252">
    <p class='ocr_par' dir='ltr' id='par_1_84' title="bbox 2163 3176 3841 3252">
     <span class='ocr_line' id='line_1_84' title="bbox 2163 3176 3841 3252; baseline 0.004 -25"><span class='ocrx_word' id='word_1_674' title='bbox 2163 3176 2287 3228; x_wconf 79' lang='grc' dir='ltr'>ἐπεὶ</span> <span class='ocrx_word' id='word_1_675' title='bbox 2321 3178 2490 3248; x_wconf 89' lang='grc' dir='ltr'>μυρία</span> <span class='ocrx_word' id='word_1_676' title='bbox 2519 3178 2686 3251; x_wconf 79' lang='grc' dir='ltr'>πείσῃ</span> <span class='ocrx_word' id='word_1_677' title='bbox 2717 3179 2891 3235; x_wconf 73' lang='grc' dir='ltr'>δεινά*</span> <span class='ocrx_word' id='word_1_678' title='bbox 2933 3181 3135 3250; x_wconf 82' lang='grc' dir='ltr'>μᾶλλον</span> <span class='ocrx_word' id='word_1_679' title='bbox 3159 3181 3236 3241; x_wconf 85' lang='grc' dir='ltr'>δέ.</span> <span class='ocrx_word' id='word_1_680' title='bbox 3270 3181 3379 3234; x_wconf 87' lang='grc' dir='ltr'>οὐδ’</span> <span class='ocrx_word' id='word_1_681' title='bbox 3400 3181 3465 3235; x_wconf 84' lang='grc' dir='ltr'>ἂν</span> <span class='ocrx_word' id='word_1_682' title='bbox 3490 3180 3653 3252; x_wconf 80' lang='grc' dir='ltr'>θέλῃς</span> <span class='ocrx_word' id='word_1_683' title='bbox 3682 3180 3841 3251; x_wconf 71' lang='grc' dir='ltr'>δυνήη</span> 
     </span>
    </p>
   </div>
   <div class='ocr_carea' id='block_1_85' title="bbox 2167 3269 3837 3343">
    <p class='ocr_par' dir='ltr' id='par_1_85' title="bbox 2167 3269 3837 3343">
     <span class='ocr_line' id='line_1_85' title="bbox 2167 3269 3837 3343; baseline 0.005 -23"><span class='ocrx_word' id='word_1_684' title='bbox 2167 3282 2254 3339; x_wconf 81' lang='grc' dir='ltr'>σῃ,</span> <span class='ocrx_word' id='word_1_685' title='bbox 2283 3269 2404 3322; x_wconf 86' lang='grc' dir='ltr'>οὐδέ</span> <span class='ocrx_word' id='word_1_686' title='bbox 2430 3270 2571 3324; x_wconf 87' lang='grc' dir='ltr'>κατά</span> <span class='ocrx_word' id='word_1_687' title='bbox 2611 3272 2829 3342; x_wconf 90' lang='grc' dir='ltr'>μικρόν.</span> <span class='ocrx_word' id='word_1_688' title='bbox 2861 3272 2984 3336; x_wconf 88' lang='grc' dir='ltr'>Πῶς</span> <span class='ocrx_word' id='word_1_689' title='bbox 3016 3272 3163 3342; x_wconf 87' lang='grc' dir='ltr'>γάρ;</span> <span class='ocrx_word' id='word_1_690' title='bbox 3195 3273 3390 3326; x_wconf 84' lang='grc' dir='ltr'>Ὀσον</span> <span class='ocrx_word' id='word_1_691' title='bbox 3422 3271 3635 3343; x_wconf 76' lang='grc' dir='ltr'>ἀπέχει</span> <span class='ocrx_word' id='word_1_692' title='bbox 3671 3275 3704 3327; x_wconf 87' lang='grc' dir='ltr'>ό</span> <span class='ocrx_word' id='word_1_693' title='bbox 3736 3274 3837 3328; x_wconf 82' lang='grc' dir='ltr'>οὐ·</span> 
     </span>
    </p>
   </div>
   <div class='ocr_carea' id='block_1_86' title="bbox 2153 3358 3841 3433">
    <p class='ocr_par' dir='ltr' id='par_1_86' title="bbox 2153 3358 3841 3433">
     <span class='ocr_line' id='line_1_86' title="bbox 2153 3358 3841 3433; baseline -0.005 -7"><span class='ocrx_word' id='word_1_694' title='bbox 2153 3358 2343 3426; x_wconf 79' lang='grc' dir='ltr'>ρανὸς</span> <span class='ocrx_word' id='word_1_695' title='bbox 2372 3360 2494 3415; x_wconf 81' lang='grc' dir='ltr'>ἀπὸ</span> <span class='ocrx_word' id='word_1_696' title='bbox 2545 3361 2656 3430; x_wconf 82' lang='grc' dir='ltr'>τῆς</span> <span class='ocrx_word' id='word_1_697' title='bbox 2701 3362 2835 3433; x_wconf 75' lang='grc' dir='ltr'>γῆς,</span> <span class='ocrx_word' id='word_1_698' title='bbox 2868 3363 3024 3433; x_wconf 75' lang='grc' dir='ltr'>φησὶ,</span> <span class='ocrx_word' id='word_1_699' title='bbox 3052 3363 3351 3419; x_wconf 82' lang='grc' dir='ltr'>τοσοῦτον</span> <span class='ocrx_word' id='word_1_700' title='bbox 3396 3361 3734 3432; x_wconf 75' lang='grc' dir='ltr'>ἀπέχουσιν</span> <span class='ocrx_word' id='word_1_701' title='bbox 3777 3364 3841 3417; x_wconf 81' lang='lat' dir='ltr'><strong><em>a1</em></strong></span> 
     </span>
    </p>
   </div>
   <div class='ocr_carea' id='block_1_87' title="bbox 2155 3451 3842 3523">
    <p class='ocr_par' dir='ltr' id='par_1_87' title="bbox 2155 3451 3842 3523">
     <span class='ocr_line' id='line_1_87' title="bbox 2155 3451 3842 3523; baseline 0.002 -17"><span class='ocrx_word' id='word_1_702' title='bbox 2155 3451 2387 3515; x_wconf 74' lang='grc' dir='ltr'>βουλαί</span> <span class='ocrx_word' id='word_1_703' title='bbox 2417 3470 2537 3522; x_wconf 84' lang='grc' dir='ltr'>μου</span> <span class='ocrx_word' id='word_1_704' title='bbox 2567 3454 2685 3508; x_wconf 82' lang='grc' dir='ltr'>ἀπὸ</span> <span class='ocrx_word' id='word_1_705' title='bbox 2724 3453 2845 3509; x_wconf 77' lang='grc' dir='ltr'>τῶν</span> <span class='ocrx_word' id='word_1_706' title='bbox 2880 3452 3131 3519; x_wconf 76' lang='grc' dir='ltr'>,βουλῶν</span> <span class='ocrx_word' id='word_1_707' title='bbox 3175 3453 3373 3523; x_wconf 74' lang='grc' dir='ltr'>ὑμῶν·</span> <span class='ocrx_word' id='word_1_708' title='bbox 3410 3454 3508 3508; x_wconf 71' lang='grc' dir='ltr'>καὶ</span> <span class='ocrx_word' id='word_1_709' title='bbox 3540 3455 3725 3507; x_wconf 81' lang='grc' dir='ltr'>πάλιν·</span> <span class='ocrx_word' id='word_1_710' title='bbox 3771 3457 3842 3510; x_wconf 79' lang='grc' dir='ltr'>Εἰ</span> 
     </span>
    </p>
   </div>
   <div class='ocr_carea' id='block_1_88' title="bbox 2161 3539 3841 3613">
    <p class='ocr_par' dir='ltr' id='par_1_88' title="bbox 2161 3539 3841 3613">
     <span class='ocr_line' id='line_1_88' title="bbox 2161 3539 3841 3613; baseline 0.004 -21"><span class='ocrx_word' id='word_1_711' title='bbox 2161 3539 2350 3608; x_wconf 74' lang='grc' dir='ltr'>ὑμεῖς,</span> <span class='ocrx_word' id='word_1_712' title='bbox 2415 3541 2569 3612; x_wconf 77' lang='grc' dir='ltr'>φησί,</span> <span class='ocrx_word' id='word_1_713' title='bbox 2607 3542 2857 3612; x_wconf 83' lang='grc' dir='ltr'>πονηροί</span> <span class='ocrx_word' id='word_1_714' title='bbox 2890 3542 3063 3610; x_wconf 79' lang='grc' dir='ltr'>ὄντες</span> <span class='ocrx_word' id='word_1_715' title='bbox 3111 3542 3310 3597; x_wconf 78' lang='grc' dir='ltr'>οἴδατε</span> <span class='ocrx_word' id='word_1_716' title='bbox 3358 3542 3587 3613; x_wconf 80' lang='grc' dir='ltr'>δόματα</span> <span class='ocrx_word' id='word_1_717' title='bbox 3646 3545 3841 3608; x_wconf 71' lang='grc' dir='ltr'>ἀγαθὰ</span> 
     </span>
    </p>
   </div>
   <div class='ocr_carea' id='block_1_89' title="bbox 2160 3632 3841 3707">
    <p class='ocr_par' dir='ltr' id='par_1_89' title="bbox 2160 3632 3841 3707">
     <span class='ocr_line' id='line_1_89' title="bbox 2160 3632 3841 3707; baseline 0.002 -21"><span class='ocrx_word' id='word_1_718' title='bbox 2160 3632 2389 3686; x_wconf 83' lang='grc' dir='ltr'>διδόναι</span> <span class='ocrx_word' id='word_1_719' title='bbox 2424 3633 2548 3699; x_wconf 84' lang='grc' dir='ltr'>τοῖς</span> <span class='ocrx_word' id='word_1_720' title='bbox 2581 3633 2815 3702; x_wconf 76' lang='grc' dir='ltr'>τέκνοις</span> <span class='ocrx_word' id='word_1_721' title='bbox 2836 3635 3025 3705; x_wconf 74' lang='grc' dir='ltr'>ὑμῶν,</span> <span class='ocrx_word' id='word_1_722' title='bbox 3080 3636 3251 3700; x_wconf 83' lang='grc' dir='ltr'>πόσῳ</span> <span class='ocrx_word' id='word_1_723' title='bbox 3288 3633 3532 3705; x_wconf 63' lang='grc' dir='ltr'>μᾶλλον</span> <span class='ocrx_word' id='word_1_724' title='bbox 3570 3638 3604 3689; x_wconf 80' lang='grc' dir='ltr'><em>ὁ</em></span> <span class='ocrx_word' id='word_1_725' title='bbox 3634 3635 3841 3707; x_wconf 73' lang='grc' dir='ltr'>Πατὴρ</span> 
     </span>
    </p>
   </div>
   <div class='ocr_carea' id='block_1_90' title="bbox 2159 3723 3841 3796">
    <p class='ocr_par' dir='ltr' id='par_1_90' title="bbox 2159 3723 3841 3796">
     <span class='ocr_line' id='line_1_90' title="bbox 2159 3723 3841 3796; baseline 0 -16"><span class='ocrx_word' id='word_1_726' title='bbox 2159 3723 2327 3794; x_wconf 81' lang='grc' dir='ltr'>ὑμῶν</span> <span class='ocrx_word' id='word_1_727' title='bbox 2356 3727 2390 3779; x_wconf 82' lang='grc' dir='ltr'><em>ὁ</em></span> <span class='ocrx_word' id='word_1_728' title='bbox 2412 3725 2691 3794; x_wconf 80' lang='grc' dir='ltr'>οὐράνιος</span> <span class='ocrx_word' id='word_1_729' title='bbox 2712 3725 2889 3779; x_wconf 86' lang='grc' dir='ltr'>δώσει</span> <span class='ocrx_word' id='word_1_730' title='bbox 2905 3725 3046 3796; x_wconf 76' lang='grc' dir='ltr'>ὑμῖν</span> <span class='ocrx_word' id='word_1_731' title='bbox 3060 3742 3080 3791; x_wconf 89' lang='lat'><strong><em>;</em></strong></span> <span class='ocrx_word' id='word_1_732' title='bbox 3110 3726 3271 3779; x_wconf 81' lang='grc' dir='ltr'>Ἀλλὰ</span> <span class='ocrx_word' id='word_1_733' title='bbox 3310 3725 3509 3796; x_wconf 78' lang='grc' dir='ltr'>σκῆψις</span> <span class='ocrx_word' id='word_1_734' title='bbox 3536 3724 3713 3780; x_wconf 84' lang='grc' dir='ltr'>ταῦτα</span> <span class='ocrx_word' id='word_1_735' title='bbox 3740 3727 3841 3780; x_wconf 73' lang='grc' dir='ltr'>καὶ</span> 
     </span>
    </p>
   </div>
   <div class='ocr_carea' id='block_1_91' title="bbox 2159 3808 3837 3890">
    <p class='ocr_par' dir='ltr' id='par_1_91' title="bbox 2159 3808 3837 3890">
     <span class='ocr_line' id='line_1_91' title="bbox 2159 3808 3837 3890; baseline 0.004 -22"><span class='ocrx_word' id='word_1_736' title='bbox 2159 3815 2450 3886; x_wconf 88' lang='grc' dir='ltr'>πρόφασις.</span> <span class='ocrx_word' id='word_1_737' title='bbox 2505 3816 2597 3888; x_wconf 84' lang='grc' dir='ltr'>Μὴ</span> <span class='ocrx_word' id='word_1_738' title='bbox 2645 3816 2709 3887; x_wconf 80' lang='grc' dir='ltr'>δὴ</span> <span class='ocrx_word' id='word_1_739' title='bbox 2764 3816 3112 3888; x_wconf 80' lang='grc' dir='ltr'>σοφιζώμεθα</span> <span class='ocrx_word' id='word_1_740' title='bbox 3165 3818 3232 3872; x_wconf 85' lang='grc' dir='ltr'>τά</span> <span class='ocrx_word' id='word_1_741' title='bbox 3291 3808 3689 3890; x_wconf 80' lang='grc' dir='ltr'>προστάγματα</span> <span class='ocrx_word' id='word_1_742' title='bbox 3736 3819 3837 3875; x_wconf 88' lang='grc' dir='ltr'>τοῦ</span> 
     </span>
    </p>
   </div>
   <div class='ocr_carea' id='block_1_92' title="bbox 2156 3906 3840 3981">
    <p class='ocr_par' dir='ltr' id='par_1_92' title="bbox 2156 3906 3840 3981">
     <span class='ocr_line' id='line_1_92' title="bbox 2156 3906 3840 3981; baseline 0.004 -19"><span class='ocrx_word' id='word_1_743' title='bbox 2156 3906 2316 3962; x_wconf 89' lang='grc' dir='ltr'>Θεοῦ.</span> <span class='ocrx_word' id='word_1_744' title='bbox 2361 3907 2474 3961; x_wconf 73' lang='grc' dir='ltr'>Καὶ</span> <span class='ocrx_word' id='word_1_745' title='bbox 2529 3908 2648 3970; x_wconf 90' lang='grc' dir='ltr'>πῶς</span> <span class='ocrx_word' id='word_1_746' title='bbox 2702 3908 3068 3979; x_wconf 76' lang='grc' dir='ltr'>σοφιζόμεθα,</span> <span class='ocrx_word' id='word_1_747' title='bbox 3125 3909 3322 3981; x_wconf 84' lang='grc' dir='ltr'>φησίν;</span> <span class='ocrx_word' id='word_1_748' title='bbox 3383 3906 3517 3963; x_wconf 79' lang='grc' dir='ltr'>Εἷπε</span> <span class='ocrx_word' id='word_1_749' title='bbox 3563 3928 3576 3941; x_wconf 92' lang='grc'>·</span> <span class='ocrx_word' id='word_1_750' title='bbox 3652 3911 3840 3968; x_wconf 84' lang='grc' dir='ltr'>Τοῦτο</span> 
     </span>
    </p>
   </div>
   <div class='ocr_carea' id='block_1_93' title="bbox 2157 3999 3838 4071">
    <p class='ocr_par' dir='ltr' id='par_1_93' title="bbox 2157 3999 3838 4071">
     <span class='ocr_line' id='line_1_93' title="bbox 2157 3999 3838 4071; baseline 0 -16"><span class='ocrx_word' id='word_1_751' title='bbox 2157 4000 2366 4068; x_wconf 79' lang='grc' dir='ltr'>ποιῶν,</span> <span class='ocrx_word' id='word_1_752' title='bbox 2414 3999 2719 4068; x_wconf 76' lang='grc' dir='ltr'>ἄνθρακας</span> <span class='ocrx_word' id='word_1_753' title='bbox 2742 3999 2933 4068; x_wconf 83' lang='grc' dir='ltr'>πυρὸς</span> <span class='ocrx_word' id='word_1_754' title='bbox 2949 4002 3279 4068; x_wconf 84' lang='grc' dir='ltr'>σωρεύσεις</span> <span class='ocrx_word' id='word_1_755' title='bbox 3295 4000 3393 4054; x_wconf 77' lang='grc' dir='ltr'>ἐπὶ</span> <span class='ocrx_word' id='word_1_756' title='bbox 3416 4001 3532 4069; x_wconf 80' lang='grc' dir='ltr'>τὴν</span> <span class='ocrx_word' id='word_1_757' title='bbox 3552 4001 3838 4071; x_wconf 60' lang='grc' dir='ltr'>κεφαλὴν</span> 
     </span>
    </p>
   </div>
   <div class='ocr_carea' id='block_1_94' title="bbox 2154 4090 3833 4165">
    <p class='ocr_par' dir='ltr' id='par_1_94' title="bbox 2154 4090 3833 4165">
     <span class='ocr_line' id='line_1_94' title="bbox 2154 4090 3833 4165; baseline 0.002 -21"><span class='ocrx_word' id='word_1_758' title='bbox 2154 4091 2340 4146; x_wconf 85' lang='grc' dir='ltr'>αὐτοῦ</span> <span class='ocrx_word' id='word_1_759' title='bbox 2363 4108 2377 4124; x_wconf 88' lang='grc'>·</span> <span class='ocrx_word' id='word_1_760' title='bbox 2416 4092 2480 4144; x_wconf 80' lang='grc' dir='ltr'>σὺ</span> <span class='ocrx_word' id='word_1_761' title='bbox 2510 4091 2567 4144; x_wconf 83' lang='grc' dir='ltr'>δὲ</span> <span class='ocrx_word' id='word_1_762' title='bbox 2594 4090 2793 4160; x_wconf 88' lang='grc' dir='ltr'>λέγεις·</span> <span class='ocrx_word' id='word_1_763' title='bbox 2829 4091 3106 4164; x_wconf 81' lang='grc' dir='ltr'>Φοϐοῦμαι</span> <span class='ocrx_word' id='word_1_764' title='bbox 3138 4092 3230 4148; x_wconf 83' lang='grc' dir='ltr'>τὸν</span> <span class='ocrx_word' id='word_1_765' title='bbox 3261 4093 3475 4165; x_wconf 82' lang='grc' dir='ltr'>ἐχθρὸν,</span> <span class='ocrx_word' id='word_1_766' title='bbox 3507 4094 3590 4147; x_wconf 86' lang='grc' dir='ltr'>ὅτι</span> <span class='ocrx_word' id='word_1_767' title='bbox 3616 4094 3833 4164; x_wconf 84' lang='grc' dir='ltr'>μεγάλα</span> 
     </span>
    </p>
   </div>
   <div class='ocr_carea' id='block_1_95' title="bbox 2158 4185 3834 4257">
    <p class='ocr_par' dir='ltr' id='par_1_95' title="bbox 2158 4185 3834 4257">
     <span class='ocr_line' id='line_1_95' title="bbox 2158 4185 3834 4257; baseline -0.001 -19"><span class='ocrx_word' id='word_1_768' title='bbox 2158 4200 2225 4254; x_wconf 88' lang='grc' dir='ltr'>με</span> <span class='ocrx_word' id='word_1_769' title='bbox 2264 4186 2544 4257; x_wconf 80' lang='grc' dir='ltr'>ἠδίκησεν.</span> <span class='ocrx_word' id='word_1_770' title='bbox 2598 4187 2673 4240; x_wconf 84' lang='grc' dir='ltr'>Οὐ</span> <span class='ocrx_word' id='word_1_771' title='bbox 2726 4185 2901 4240; x_wconf 88' lang='grc' dir='ltr'>ταῦτα</span> <span class='ocrx_word' id='word_1_772' title='bbox 2953 4185 3170 4254; x_wconf 87' lang='grc' dir='ltr'>λέγεις;</span> <span class='ocrx_word' id='word_1_773' title='bbox 3230 4185 3352 4248; x_wconf 88' lang='grc' dir='ltr'>Πῶς</span> <span class='ocrx_word' id='word_1_774' title='bbox 3393 4185 3449 4238; x_wconf 87' lang='grc' dir='ltr'>δέ</span> <span class='ocrx_word' id='word_1_775' title='bbox 3491 4186 3627 4249; x_wconf 83' lang='grc' dir='ltr'>ὅλως</span> <span class='ocrx_word' id='word_1_776' title='bbox 3672 4186 3834 4256; x_wconf 82' lang='grc' dir='ltr'>ἔσχες</span> 
     </span>
    </p>
   </div>
   <div class='ocr_carea' id='block_1_96' title="bbox 2151 4278 3832 4354">
    <p class='ocr_par' dir='ltr' id='par_1_96' title="bbox 2151 4278 3832 4354">
     <span class='ocr_line' id='line_1_96' title="bbox 2151 4278 3832 4354; baseline 0.002 -23"><span class='ocrx_word' id='word_1_777' title='bbox 2151 4278 2382 4351; x_wconf 85' lang='grc' dir='ltr'>ἐχθρόν;</span> <span class='ocrx_word' id='word_1_778' title='bbox 2429 4282 2788 4354; x_wconf 84' lang='grc' dir='ltr'>Ἀδικήσαντα</span> <span class='ocrx_word' id='word_1_779' title='bbox 2843 4283 3005 4354; x_wconf 78' lang='grc' dir='ltr'>φοϐῇ.</span> <span class='ocrx_word' id='word_1_780' title='bbox 3044 4281 3238 4336; x_wconf 82' lang='grc' dir='ltr'>σαυτὸν</span> <span class='ocrx_word' id='word_1_781' title='bbox 3282 4281 3338 4334; x_wconf 78' lang='grc' dir='ltr'>δὲ</span> <span class='ocrx_word' id='word_1_782' title='bbox 3386 4283 3448 4334; x_wconf 90' lang='grc' dir='ltr'>οὐ</span> <span class='ocrx_word' id='word_1_783' title='bbox 3474 4281 3662 4352; x_wconf 42' lang='grc' dir='ltr'>φοϐῇ</span> <span class='ocrx_word' id='word_1_784' title='bbox 3704 4280 3832 4335; x_wconf 67' lang='grc' dir='ltr'>Εἴθε</span> 
     </span>
    </p>
   </div>
   <div class='ocr_carea' id='block_1_97' title="bbox 2154 4372 3831 4446">
    <p class='ocr_par' dir='ltr' id='par_1_97' title="bbox 2154 4372 3831 4446">
     <span class='ocr_line' id='line_1_97' title="bbox 2154 4372 3831 4446; baseline 0.003 -22"><span class='ocrx_word' id='word_1_785' title='bbox 2154 4372 2351 4426; x_wconf 84' lang='grc' dir='ltr'>σαυτοῦ</span> <span class='ocrx_word' id='word_1_786' title='bbox 2386 4374 2717 4444; x_wconf 80' lang='grc' dir='ltr'>ἐφρόντιζες.</span> <span class='ocrx_word' id='word_1_787' title='bbox 2774 4375 2866 4446; x_wconf 81' lang='grc' dir='ltr'>Μὴ</span> <span class='ocrx_word' id='word_1_788' title='bbox 2911 4374 3054 4427; x_wconf 87' lang='grc' dir='ltr'>ποίει</span> <span class='ocrx_word' id='word_1_789' title='bbox 3091 4373 3277 4443; x_wconf 83' lang='grc' dir='ltr'>σκοπῷ</span> <span class='ocrx_word' id='word_1_790' title='bbox 3309 4374 3568 4443; x_wconf 72' lang='grc' dir='ltr'>τοιούτῳ·</span> <span class='ocrx_word' id='word_1_791' title='bbox 3626 4376 3831 4443; x_wconf 79' lang='grc' dir='ltr'>μᾶλλον</span> 
     </span>
    </p>
   </div>
   <div class='ocr_carea' id='block_1_98' title="bbox 2149 4459 3831 4538">
    <p class='ocr_par' dir='ltr' id='par_1_98' title="bbox 2149 4459 3831 4538">
     <span class='ocr_line' id='line_1_98' title="bbox 2149 4459 3831 4538; baseline 0.003 -21"><span class='ocrx_word' id='word_1_792' title='bbox 2149 4464 2206 4517; x_wconf 84' lang='grc' dir='ltr'>δέ</span> <span class='ocrx_word' id='word_1_793' title='bbox 2228 4465 2330 4518; x_wconf 83' lang='grc' dir='ltr'>κᾶν</span> <span class='ocrx_word' id='word_1_794' title='bbox 2355 4466 2580 4538; x_wconf 85' lang='grc' dir='ltr'>τοιούτῳ</span> <span class='ocrx_word' id='word_1_795' title='bbox 2605 4466 2827 4537; x_wconf 85' lang='grc' dir='ltr'>ποίησον</span> <span class='ocrx_word' id='word_1_796' title='bbox 2853 4466 3058 4537; x_wconf 83' lang='grc' dir='ltr'>σκοπῷ.</span> <span class='ocrx_word' id='word_1_797' title='bbox 3097 4466 3238 4519; x_wconf 83' lang='grc' dir='ltr'>Ἀλλ’</span> <span class='ocrx_word' id='word_1_798' title='bbox 3263 4467 3325 4519; x_wconf 84' lang='grc' dir='ltr'>οὐ</span> <span class='ocrx_word' id='word_1_799' title='bbox 3350 4459 3540 4530; x_wconf 79' lang='grc' dir='ltr'>ποιεῖς.</span> <span class='ocrx_word' id='word_1_800' title='bbox 3579 4467 3653 4521; x_wconf 89' lang='grc' dir='ltr'>Οὐ</span> <span class='ocrx_word' id='word_1_801' title='bbox 3684 4466 3831 4537; x_wconf 84' lang='grc' dir='ltr'>λέγω</span> 
     </span>
    </p>
   </div>
   <div class='ocr_carea' id='block_1_99' title="bbox 2152 4548 3828 4633">
    <p class='ocr_par' dir='ltr' id='par_1_99' title="bbox 2152 4548 3828 4633">
     <span class='ocr_line' id='line_1_99' title="bbox 2152 4548 3828 4633; baseline 0.004 -23"><span class='ocrx_word' id='word_1_802' title='bbox 2152 4573 2254 4623; x_wconf 90' lang='grc' dir='ltr'>σοι,</span> <span class='ocrx_word' id='word_1_803' title='bbox 2293 4559 2375 4611; x_wconf 77' lang='grc' dir='ltr'>ὃτι</span> <span class='ocrx_word' id='word_1_804' title='bbox 2404 4558 2681 4630; x_wconf 80' lang='grc' dir='ltr'>ἄνθρακας</span> <span class='ocrx_word' id='word_1_805' title='bbox 2709 4559 2881 4630; x_wconf 67' lang='grc' dir='ltr'>πυρὸς</span> <span class='ocrx_word' id='word_1_806' title='bbox 2913 4548 3227 4630; x_wconf 86' lang='grc' dir='ltr'>σωρεύσεις,</span> <span class='ocrx_word' id='word_1_807' title='bbox 3258 4559 3394 4614; x_wconf 83' lang='grc' dir='ltr'>ἀλλὰ</span> <span class='ocrx_word' id='word_1_808' title='bbox 3440 4561 3535 4613; x_wconf 78' lang='grc' dir='ltr'>καὶ</span> <span class='ocrx_word' id='word_1_809' title='bbox 3553 4561 3742 4633; x_wconf 76' lang='grc' dir='ltr'>ἕτερόν</span> <span class='ocrx_word' id='word_1_810' title='bbox 3774 4579 3828 4616; x_wconf 91' lang='grc' dir='ltr'>τι</span> 
     </span>
    </p>
   </div>
   <div class='ocr_carea' id='block_1_100' title="bbox 2149 4650 3826 4724">
    <p class='ocr_par' dir='ltr' id='par_1_100' title="bbox 2149 4650 3826 4724">
     <span class='ocr_line' id='line_1_100' title="bbox 2149 4650 3826 4724; baseline 0.004 -22"><span class='ocrx_word' id='word_1_811' title='bbox 2149 4650 2310 4704; x_wconf 81' lang='grc' dir='ltr'>πλέον</span> <span class='ocrx_word' id='word_1_812' title='bbox 2334 4651 2486 4720; x_wconf 81' lang='grc' dir='ltr'>,λέγω</span> <span class='ocrx_word' id='word_1_813' title='bbox 2508 4665 2522 4679; x_wconf 87' lang='grc'>·</span> <span class='ocrx_word' id='word_1_814' title='bbox 2571 4652 2728 4723; x_wconf 90' lang='grc' dir='ltr'>μόνον</span> <span class='ocrx_word' id='word_1_815' title='bbox 2769 4652 3012 4721; x_wconf 76' lang='grc' dir='ltr'>ποίησον.</span> <span class='ocrx_word' id='word_1_816' title='bbox 3045 4651 3229 4706; x_wconf 89' lang='grc' dir='ltr'>Ταῦτα</span> <span class='ocrx_word' id='word_1_817' title='bbox 3256 4653 3364 4724; x_wconf 83' lang='grc' dir='ltr'>γὰρ</span> <span class='ocrx_word' id='word_1_818' title='bbox 3393 4653 3593 4719; x_wconf 86' lang='grc' dir='ltr'>πάντα,</span> <span class='ocrx_word' id='word_1_819' title='bbox 3635 4655 3719 4706; x_wconf 80' lang='grc' dir='ltr'>ἵνα</span> <span class='ocrx_word' id='word_1_820' title='bbox 3762 4672 3826 4709; x_wconf 77' lang='grc' dir='ltr'>σε</span> 
     </span>
    </p>
   </div>
   <div class='ocr_carea' id='block_1_101' title="bbox 2146 4743 3826 4817">
    <p class='ocr_par' dir='ltr' id='par_1_101' title="bbox 2146 4743 3826 4817">
     <span class='ocr_line' id='line_1_101' title="bbox 2146 4743 3826 4817; baseline 0.005 -23"><span class='ocrx_word' id='word_1_821' title='bbox 2146 4743 2531 4813; x_wconf 61' lang='grc' dir='ltr'>ἐπικαλέσηται,</span> <span class='ocrx_word' id='word_1_822' title='bbox 2563 4746 2725 4814; x_wconf 66' lang='grc' dir='ltr'>φησιν</span> <span class='ocrx_word' id='word_1_823' title='bbox 2746 4746 2774 4797; x_wconf 90' lang='grc' dir='ltr'>ό</span> <span class='ocrx_word' id='word_1_824' title='bbox 2801 4745 3028 4809; x_wconf 84' lang='grc' dir='ltr'>Παῦλος,</span> <span class='ocrx_word' id='word_1_825' title='bbox 3055 4744 3227 4799; x_wconf 87' lang='grc' dir='ltr'>ἐλπίδι</span> <span class='ocrx_word' id='word_1_826' title='bbox 3245 4746 3343 4816; x_wconf 83' lang='grc' dir='ltr'>τῆς</span> <span class='ocrx_word' id='word_1_827' title='bbox 3361 4745 3632 4817; x_wconf 78' lang='grc' dir='ltr'>τιμωρίας</span> <span class='ocrx_word' id='word_1_828' title='bbox 3663 4747 3826 4803; x_wconf 81' lang='grc' dir='ltr'>λῦσαι</span> 
     </span>
    </p>
   </div>
   <div class='ocr_carea' id='block_1_102' title="bbox 2144 4836 3825 4909">
    <p class='ocr_par' dir='ltr' id='par_1_102' title="bbox 2144 4836 3825 4909">
     <span class='ocr_line' id='line_1_102' title="bbox 2144 4836 3825 4909; baseline 0.002 -20"><span class='ocrx_word' id='word_1_829' title='bbox 2144 4838 2242 4908; x_wconf 73' lang='grc' dir='ltr'>τὴν</span> <span class='ocrx_word' id='word_1_830' title='bbox 2274 4836 2494 4908; x_wconf 76' lang='grc' dir='ltr'>ἔχθραν.</span> <span class='ocrx_word' id='word_1_831' title='bbox 2530 4837 2746 4909; x_wconf 80' lang='grc' dir='ltr'>Ἐπειδὴ</span> <span class='ocrx_word' id='word_1_832' title='bbox 2772 4837 3056 4909; x_wconf 84' lang='grc' dir='ltr'>θηριώδεις</span> <span class='ocrx_word' id='word_1_833' title='bbox 3081 4838 3268 4908; x_wconf 83' lang='grc' dir='ltr'>ἐσμὲν,</span> <span class='ocrx_word' id='word_1_834' title='bbox 3295 4839 3389 4892; x_wconf 72' lang='grc' dir='ltr'>καὶ</span> <span class='ocrx_word' id='word_1_835' title='bbox 3419 4840 3522 4893; x_wconf 84' lang='grc' dir='ltr'>οὐκ</span> <span class='ocrx_word' id='word_1_836' title='bbox 3552 4839 3618 4892; x_wconf 86' lang='grc' dir='ltr'>ἂν</span> <span class='ocrx_word' id='word_1_837' title='bbox 3646 4840 3825 4909; x_wconf 83' lang='grc' dir='ltr'>άλλως</span> 
     </span>
    </p>
   </div>
   <div class='ocr_carea' id='block_1_103' title="bbox 2144 4929 3827 5003">
    <p class='ocr_par' dir='ltr' id='par_1_103' title="bbox 2144 4929 3827 5003">
     <span class='ocr_line' id='line_1_103' title="bbox 2144 4929 3827 5003; baseline 0.002 -20"><span class='ocrx_word' id='word_1_838' title='bbox 2144 4930 2511 5002; x_wconf 79' lang='grc' dir='ltr'>ανασχοίμεθα</span> <span class='ocrx_word' id='word_1_839' title='bbox 2537 4931 2627 4985; x_wconf 81' lang='grc' dir='ltr'>τὸν</span> <span class='ocrx_word' id='word_1_840' title='bbox 2666 4930 2858 5002; x_wconf 74' lang='grc' dir='ltr'>ἐχθρὸν</span> <span class='ocrx_word' id='word_1_841' title='bbox 2888 4929 3132 5000; x_wconf 83' lang='grc' dir='ltr'>φιλῆσαι,</span> <span class='ocrx_word' id='word_1_842' title='bbox 3166 4932 3214 4984; x_wconf 84' lang='grc' dir='ltr'>εἰ</span> <span class='ocrx_word' id='word_1_843' title='bbox 3249 4931 3326 5003; x_wconf 76' lang='grc' dir='ltr'>μή</span> <span class='ocrx_word' id='word_1_844' title='bbox 3360 4947 3484 4985; x_wconf 86' lang='grc' dir='ltr'>τινα</span> <span class='ocrx_word' id='word_1_845' title='bbox 3510 4932 3827 5003; x_wconf 86' lang='grc' dir='ltr'>προσδοκῶ-</span> 
     </span>
    </p>
   </div>
   <div class='ocr_carea' id='block_1_104' title="bbox 2145 5021 3824 5096">
    <p class='ocr_par' dir='ltr' id='par_1_104' title="bbox 2145 5021 3824 5096">
     <span class='ocr_line' id='line_1_104' title="bbox 2145 5021 3824 5096; baseline 0.002 -22"><span class='ocrx_word' id='word_1_846' title='bbox 2145 5040 2246 5089; x_wconf 83' lang='grc' dir='ltr'>μεν</span> <span class='ocrx_word' id='word_1_847' title='bbox 2286 5024 2577 5094; x_wconf 86' lang='grc' dir='ltr'>τιμωρίαν,</span> <span class='ocrx_word' id='word_1_848' title='bbox 2633 5023 2884 5093; x_wconf 89' lang='grc' dir='ltr'>καθάπερ</span> <span class='ocrx_word' id='word_1_849' title='bbox 2924 5023 3033 5077; x_wconf 74' lang='grc' dir='ltr'>τινὶ</span> <span class='ocrx_word' id='word_1_850' title='bbox 3073 5023 3245 5095; x_wconf 81' lang='grc' dir='ltr'>θηρίῳ</span> <span class='ocrx_word' id='word_1_851' title='bbox 3277 5021 3462 5079; x_wconf 76' lang='grc' dir='ltr'>δίδωσι</span> <span class='ocrx_word' id='word_1_852' title='bbox 3489 5023 3694 5095; x_wconf 89' lang='grc' dir='ltr'>ταύτην</span> <span class='ocrx_word' id='word_1_853' title='bbox 3719 5022 3824 5096; x_wconf 77' lang='grc' dir='ltr'>τὴν</span> 
     </span>
    </p>
   </div>
   <div class='ocr_carea' id='block_1_105' title="bbox 372 5114 3821 5208">
    <p class='ocr_par' dir='ltr' id='par_1_105' title="bbox 372 5114 3821 5208">
     <span class='ocr_line' id='line_1_105' title="bbox 372 5114 3821 5208; baseline 0.009 -59"><span class='ocrx_word' id='word_1_854' title='bbox 372 5134 569 5197; x_wconf 47' lang='lat' dir='ltr'>(cum.</span> <span class='ocrx_word' id='word_1_855' title='bbox 632 5132 705 5186; x_wconf 67' lang='grc' dir='ltr'>Σὺ</span> <span class='ocrx_word' id='word_1_856' title='bbox 758 5132 815 5186; x_wconf 63' lang='grc' dir='ltr'>δὲ</span> <span class='ocrx_word' id='word_1_857' title='bbox 864 5135 893 5185; x_wconf 66' lang='grc' dir='ltr'><strong>ὁ</strong></span> <span class='ocrx_word' id='word_1_858' title='bbox 934 5130 1138 5185; x_wconf 68' lang='grc' dir='ltr'>τούτων</span> <span class='ocrx_word' id='word_1_859' title='bbox 1189 5131 1606 5205; x_wconf 65' lang='grc' dir='ltr'>ἀπηλλαγμένος</span> <span class='ocrx_word' id='word_1_860' title='bbox 1646 5114 1738 5189; x_wconf 44' lang='grc' dir='ltr'>κάει</span> <span class='ocrx_word' id='word_1_861' title='bbox 1784 5114 2043 5208; x_wconf 51' lang='grc' dir='ltr'>ὑγίαένωιν</span> <span class='ocrx_word' id='word_1_862' title='bbox 2069 5114 2356 5183; x_wconf 52' lang='grc' dir='ltr'>ςςξιᾶζαν·</span> <span class='ocrx_word' id='word_1_863' title='bbox 2400 5116 2520 5208; x_wconf 75' lang='grc' dir='ltr'>ἐπεὶ</span> <span class='ocrx_word' id='word_1_864' title='bbox 2568 5117 2677 5178; x_wconf 81' lang='grc' dir='ltr'>τοῖς</span> <span class='ocrx_word' id='word_1_865' title='bbox 2708 5116 3019 5178; x_wconf 76' lang='grc' dir='ltr'>ἀποστόλοις</span> <span class='ocrx_word' id='word_1_866' title='bbox 3051 5116 3111 5170; x_wconf 88' lang='grc' dir='ltr'>οὐ</span> <span class='ocrx_word' id='word_1_867' title='bbox 3159 5116 3316 5170; x_wconf 86' lang='grc' dir='ltr'>τοῦτό</span> <span class='ocrx_word' id='word_1_868' title='bbox 3342 5132 3528 5186; x_wconf 87' lang='grc' dir='ltr'>φησιν,</span> <span class='ocrx_word' id='word_1_869' title='bbox 3562 5115 3700 5169; x_wconf 84' lang='grc' dir='ltr'>ἀλλά</span> <span class='ocrx_word' id='word_1_870' title='bbox 3727 5117 3821 5183; x_wconf 81' lang='grc' dir='ltr'>τί;</span> 
     </span>
    </p>
   </div>
   <div class='ocr_carea' id='block_1_106' title="bbox 310 5223 2041 5300">
    <p class='ocr_par' dir='ltr' id='par_1_106' title="bbox 310 5223 2041 5300">
     <span class='ocr_line' id='line_1_106' title="bbox 310 5223 2041 5300; baseline 0.005 -21"><span class='ocrx_word' id='word_1_871' title='bbox 310 5232 314 5235; x_wconf 68' lang='grc'>⁷</span> <span class='ocrx_word' id='word_1_872' title='bbox 369 5224 657 5297; x_wconf 88' lang='grc' dir='ltr'>πρόσελθε,</span> <span class='ocrx_word' id='word_1_873' title='bbox 689 5224 826 5296; x_wconf 82' lang='grc' dir='ltr'>πρὸς</span> <span class='ocrx_word' id='word_1_874' title='bbox 856 5223 948 5277; x_wconf 77' lang='grc' dir='ltr'>τὸν</span> <span class='ocrx_word' id='word_1_875' title='bbox 970 5223 1248 5293; x_wconf 87' lang='grc' dir='ltr'>κάμνοντα</span> <span class='ocrx_word' id='word_1_876' title='bbox 1265 5226 1294 5277; x_wconf 94' lang='lat'>6</span> <span class='ocrx_word' id='word_1_877' title='bbox 1318 5225 1515 5292; x_wconf 84' lang='grc' dir='ltr'>ἰατρός.</span> <span class='ocrx_word' id='word_1_878' title='bbox 1541 5228 1630 5300; x_wconf 82' lang='grc' dir='ltr'>Μή</span> <span class='ocrx_word' id='word_1_879' title='bbox 1656 5247 1739 5293; x_wconf 85' lang='grc' dir='ltr'>τις</span> <span class='ocrx_word' id='word_1_880' title='bbox 1757 5229 1904 5299; x_wconf 85' lang='grc' dir='ltr'>λέγει</span> <span class='ocrx_word' id='word_1_881' title='bbox 1932 5233 2041 5287; x_wconf 85' lang='grc' dir='ltr'>τῶν</span> 
     </span>
    </p>
   </div>
   <div class='ocr_carea' id='block_1_107' title="bbox 372 5314 2042 5390">
    <p class='ocr_par' dir='ltr' id='par_1_107' title="bbox 372 5314 2042 5390">
     <span class='ocr_line' id='line_1_107' title="bbox 372 5314 2042 5390; baseline 0.002 -21"><span class='ocrx_word' id='word_1_882' title='bbox 372 5317 594 5390; x_wconf 87' lang='grc' dir='ltr'>ἰατρῶν,</span> <span class='ocrx_word' id='word_1_883' title='bbox 641 5316 857 5387; x_wconf 82' lang='grc' dir='ltr'>Ἐπειδὴ</span> <span class='ocrx_word' id='word_1_884' title='bbox 910 5314 1125 5368; x_wconf 74' lang='grc' dir='ltr'>ἀσθενεῖ</span> <span class='ocrx_word' id='word_1_885' title='bbox 1175 5316 1276 5370; x_wconf 88' lang='grc' dir='ltr'>οὐκ</span> <span class='ocrx_word' id='word_1_886' title='bbox 1328 5317 1673 5389; x_wconf 87' lang='grc' dir='ltr'>ἀπέρχομαι;</span> <span class='ocrx_word' id='word_1_887' title='bbox 1730 5321 1889 5377; x_wconf 84' lang='grc' dir='ltr'>Ἀλλὰ</span> <span class='ocrx_word' id='word_1_888' title='bbox 1953 5325 2042 5379; x_wconf 68' lang='grc' dir='ltr'>διὰ</span> 
     </span>
    </p>
   </div>
   <div class='ocr_carea' id='block_1_108' title="bbox 366 5408 2040 5485">
    <p class='ocr_par' dir='ltr' id='par_1_108' title="bbox 366 5408 2040 5485">
     <span class='ocr_line' id='line_1_108' title="bbox 366 5408 2040 5485; baseline 0.006 -23"><span class='ocrx_word' id='word_1_889' title='bbox 366 5410 525 5463; x_wconf 86' lang='grc' dir='ltr'>τοῦτο</span> <span class='ocrx_word' id='word_1_890' title='bbox 551 5409 785 5480; x_wconf 85' lang='grc' dir='ltr'>μάλιστα</span> <span class='ocrx_word' id='word_1_891' title='bbox 814 5408 1136 5479; x_wconf 73' lang='grc' dir='ltr'>βαδίζουσιν,</span> <span class='ocrx_word' id='word_1_892' title='bbox 1169 5408 1297 5462; x_wconf 80' lang='grc' dir='ltr'>ὅταν</span> <span class='ocrx_word' id='word_1_893' title='bbox 1331 5409 1480 5463; x_wconf 76' lang='grc' dir='ltr'>ἴδωσι</span> <span class='ocrx_word' id='word_1_894' title='bbox 1514 5411 1589 5484; x_wconf 78' lang='grc' dir='ltr'>μὴ</span> <span class='ocrx_word' id='word_1_895' title='bbox 1632 5412 1926 5485; x_wconf 80' lang='grc' dir='ltr'>δυνηθέντα</span> <span class='ocrx_word' id='word_1_896' title='bbox 1953 5421 2040 5473; x_wconf 85' lang='grc' dir='ltr'>ἐλ-</span> 
     </span>
    </p>
   </div>
   <div class='ocr_carea' id='block_1_109' title="bbox 368 5499 2039 5578">
    <p class='ocr_par' dir='ltr' id='par_1_109' title="bbox 368 5499 2039 5578">
     <span class='ocr_line' id='line_1_109' title="bbox 368 5499 2039 5578; baseline 0.007 -28"><span class='ocrx_word' id='word_1_897' title='bbox 368 5499 499 5555; x_wconf 66' lang='grc' dir='ltr'>εεῖν.</span> <span class='ocrx_word' id='word_1_898' title='bbox 534 5500 655 5554; x_wconf 89' lang='grc' dir='ltr'>Τῶν</span> <span class='ocrx_word' id='word_1_899' title='bbox 690 5502 787 5572; x_wconf 71' lang='grc' dir='ltr'>μὲν</span> <span class='ocrx_word' id='word_1_900' title='bbox 822 5503 929 5572; x_wconf 79' lang='grc' dir='ltr'>γάρ</span> <span class='ocrx_word' id='word_1_901' title='bbox 954 5502 1270 5573; x_wconf 87' lang='grc' dir='ltr'>δυναμένων</span> <span class='ocrx_word' id='word_1_902' title='bbox 1305 5503 1400 5556; x_wconf 70' lang='grc' dir='ltr'>καὶ</span> <span class='ocrx_word' id='word_1_903' title='bbox 1440 5502 1698 5561; x_wconf 80' lang='grc' dir='ltr'>ἐλάττονα</span> <span class='ocrx_word' id='word_1_904' title='bbox 1724 5509 2039 5578; x_wconf 75' lang='grc' dir='ltr'>φροντίζου-</span> 
     </span>
    </p>
   </div>
   <div class='ocr_carea' id='block_1_110' title="bbox 367 5702 2037 5820">
    <p class='ocr_par' dir='ltr' id='par_1_110' title="bbox 367 5702 2037 5820">
     <span class='ocr_line' id='line_1_110' title="bbox 367 5702 2037 5820; baseline 0.014 -75"><span class='ocrx_word' id='word_1_905' title='bbox 367 5705 471 5815; x_wconf 49' lang='lat' dir='ltr'>In;</span> <span class='ocrx_word' id='word_1_906' title='bbox 489 5702 775 5820; x_wconf 51' lang='grc' dir='ltr'>ῗέῗργῗῖἒηιθ</span> <span class='ocrx_word' id='word_1_907' title='bbox 798 5709 908 5759; x_wconf 77' lang='lat' dir='ltr'>Sav.</span> <span class='ocrx_word' id='word_1_908' title='bbox 930 5716 982 5759; x_wconf 78' lang='lat' dir='ltr'>el</span> <span class='ocrx_word' id='word_1_909' title='bbox 1005 5712 1125 5760; x_wconf 82' lang='lat' dir='ltr'>codd</span> <span class='ocrx_word' id='word_1_910' title='bbox 1151 5727 1163 5773; x_wconf 85' lang='lat'><strong>;</strong></span> <span class='ocrx_word' id='word_1_911' title='bbox 1189 5713 1657 5775; x_wconf 73' lang='grc' dir='ltr'>Μοιιίί.,κομίζ‹ι›μεν</span> <span class='ocrx_word' id='word_1_912' title='bbox 1691 5714 1807 5764; x_wconf 75' lang='lat' dir='ltr'>Eon</span> <span class='ocrx_word' id='word_1_913' title='bbox 1853 5715 1879 5756; x_wconf 69' lang='grc' dir='ltr'>ι»</span> <span class='ocrx_word' id='word_1_914' title='bbox 1898 5717 2037 5767; x_wconf 69' lang='lat' dir='ltr'>Alius</span> 
     </span>
    </p>
   </div>
   <div class='ocr_carea' id='block_1_111' title="bbox 2141 5207 3824 5278">
    <p class='ocr_par' dir='ltr' id='par_1_111' title="bbox 2141 5207 3824 5278">
     <span class='ocr_line' id='line_1_111' title="bbox 2141 5207 3824 5278; baseline 0 -17"><span class='ocrx_word' id='word_1_915' title='bbox 2141 5209 2340 5273; x_wconf 80' lang='grc' dir='ltr'>Ὅπως</span> <span class='ocrx_word' id='word_1_916' title='bbox 2364 5207 2619 5276; x_wconf 79' lang='grc' dir='ltr'>γένησθε</span> <span class='ocrx_word' id='word_1_917' title='bbox 2640 5208 2824 5276; x_wconf 80' lang='grc' dir='ltr'>ὅμοιοι</span> <span class='ocrx_word' id='word_1_918' title='bbox 2838 5208 2946 5262; x_wconf 85' lang='grc' dir='ltr'>τοῦ</span> <span class='ocrx_word' id='word_1_919' title='bbox 2966 5208 3197 5278; x_wconf 50' lang='grc' dir='ltr'>Πατρίῖς</span> <span class='ocrx_word' id='word_1_920' title='bbox 3221 5208 3387 5278; x_wconf 71' lang='grc' dir='ltr'>ὑμῶν</span> <span class='ocrx_word' id='word_1_921' title='bbox 3418 5208 3523 5263; x_wconf 83' lang='grc' dir='ltr'>τοῦ</span> <span class='ocrx_word' id='word_1_922' title='bbox 3544 5208 3615 5261; x_wconf 78' lang='grc' dir='ltr'>ἐν</span> <span class='ocrx_word' id='word_1_923' title='bbox 3641 5210 3824 5277; x_wconf 71' lang='grc' dir='ltr'>οὐρα-</span> 
     </span>
    </p>
   </div>
   <div class='ocr_carea' id='block_1_112' title="bbox 2138 5300 3819 5373">
    <p class='ocr_par' dir='ltr' id='par_1_112' title="bbox 2138 5300 3819 5373">
     <span class='ocr_line' id='line_1_112' title="bbox 2138 5300 3819 5373; baseline 0.001 -19"><span class='ocrx_word' id='word_1_924' title='bbox 2138 5301 2287 5368; x_wconf 71' lang='grc' dir='ltr'>ονοῗς.</span> <span class='ocrx_word' id='word_1_925' title='bbox 2320 5300 2527 5364; x_wconf 75' lang='grc' dir='ltr'>’Ἄλλως</span> <span class='ocrx_word' id='word_1_926' title='bbox 2553 5301 2608 5354; x_wconf 77' lang='grc' dir='ltr'>δὲ</span> <span class='ocrx_word' id='word_1_927' title='bbox 2640 5302 2741 5355; x_wconf 88' lang='grc' dir='ltr'>οὐκ</span> <span class='ocrx_word' id='word_1_928' title='bbox 2777 5301 2924 5355; x_wconf 78' lang='grc' dir='ltr'>ἐστιν</span> <span class='ocrx_word' id='word_1_929' title='bbox 2947 5300 3341 5373; x_wconf 82' lang='grc' dir='ltr'>εὐεργετοῦντα</span> <span class='ocrx_word' id='word_1_930' title='bbox 3369 5301 3466 5356; x_wconf 75' lang='grc' dir='ltr'>καὶ</span> <span class='ocrx_word' id='word_1_931' title='bbox 3490 5303 3819 5373; x_wconf 68' lang='grc' dir='ltr'>εὐεργετούο</span> 
     </span>
    </p>
   </div>
   <div class='ocr_carea' id='block_1_113' title="bbox 2141 5392 3821 5467">
    <p class='ocr_par' dir='ltr' id='par_1_113' title="bbox 2141 5392 3821 5467">
     <span class='ocr_line' id='line_1_113' title="bbox 2141 5392 3821 5467; baseline 0.003 -22"><span class='ocrx_word' id='word_1_932' title='bbox 2141 5410 2301 5465; x_wconf 86' lang='grc' dir='ltr'>μενον</span> <span class='ocrx_word' id='word_1_933' title='bbox 2333 5396 2510 5464; x_wconf 89' lang='grc' dir='ltr'>μεῖναι</span> <span class='ocrx_word' id='word_1_934' title='bbox 2532 5392 2742 5465; x_wconf 84' lang='grc' dir='ltr'>ἐχθρόν.</span> <span class='ocrx_word' id='word_1_935' title='bbox 2773 5394 2870 5448; x_wconf 83' lang='grc' dir='ltr'>Διά</span> <span class='ocrx_word' id='word_1_936' title='bbox 2899 5394 3059 5448; x_wconf 89' lang='grc' dir='ltr'>τοῦτο</span> <span class='ocrx_word' id='word_1_937' title='bbox 3088 5395 3261 5448; x_wconf 88' lang='grc' dir='ltr'>ταῦτα</span> <span class='ocrx_word' id='word_1_938' title='bbox 3307 5395 3492 5467; x_wconf 76' lang='grc' dir='ltr'>ἔθηκε.</span> <span class='ocrx_word' id='word_1_939' title='bbox 3524 5396 3591 5449; x_wconf 81' lang='grc' dir='ltr'>Τί</span> <span class='ocrx_word' id='word_1_940' title='bbox 3616 5398 3674 5449; x_wconf 89' lang='grc' dir='ltr'>ἐν</span> <span class='ocrx_word' id='word_1_941' title='bbox 3701 5400 3821 5464; x_wconf 88' lang='grc' dir='ltr'>τοῖς</span> 
     </span>
    </p>
   </div>
   <div class='ocr_carea' id='block_1_114' title="bbox 2136 5485 3819 5560">
    <p class='ocr_par' dir='ltr' id='par_1_114' title="bbox 2136 5485 3819 5560">
     <span class='ocr_line' id='line_1_114' title="bbox 2136 5485 3819 5560; baseline 0.002 -22"><span class='ocrx_word' id='word_1_942' title='bbox 2136 5485 2314 5553; x_wconf 73' lang='grc' dir='ltr'>λόγοις</span> <span class='ocrx_word' id='word_1_943' title='bbox 2342 5485 2667 5555; x_wconf 84' lang='grc' dir='ltr'>φιλοσοφῶν,</span> <span class='ocrx_word' id='word_1_944' title='bbox 2698 5486 2754 5537; x_wconf 87' lang='grc' dir='ltr'>ἐν</span> <span class='ocrx_word' id='word_1_945' title='bbox 2785 5488 2895 5549; x_wconf 87' lang='grc' dir='ltr'>τοῖς</span> <span class='ocrx_word' id='word_1_946' title='bbox 2933 5485 3113 5557; x_wconf 79' lang='grc' dir='ltr'>ἔργοις</span> <span class='ocrx_word' id='word_1_947' title='bbox 3136 5487 3253 5541; x_wconf 82' lang='grc' dir='ltr'>οὐδὲ</span> <span class='ocrx_word' id='word_1_948' title='bbox 3285 5488 3347 5541; x_wconf 80' lang='grc' dir='ltr'>τὸ</span> <span class='ocrx_word' id='word_1_949' title='bbox 3382 5489 3581 5560; x_wconf 89' lang='grc' dir='ltr'>μέτρον</span> <span class='ocrx_word' id='word_1_950' title='bbox 3610 5489 3819 5560; x_wconf 62' lang='grc' dir='ltr'>φυλάτ-</span> 
     </span>
    </p>
   </div>
   <div class='ocr_carea' id='block_1_115' title="bbox 2200 5706 3804 5780">
    <p class='ocr_par' dir='ltr' id='par_1_115' title="bbox 2200 5706 3804 5780">
     <span class='ocr_line' id='line_1_115' title="bbox 2200 5706 3804 5780; baseline 0.009 -28"><span class='ocrx_word' id='word_1_951' title='bbox 2200 5709 2222 5780; x_wconf 60' lang='grc' dir='ltr'><strong>ξ</strong></span> <span class='ocrx_word' id='word_1_952' title='bbox 2249 5706 2380 5780; x_wconf 41' lang='grc' dir='ltr'>Περι,</span> <span class='ocrx_word' id='word_1_953' title='bbox 2406 5710 2607 5780; x_wconf 71' lang='grc' dir='ltr'>ψώμιζε,</span> <span class='ocrx_word' id='word_1_954' title='bbox 2628 5710 2871 5780; x_wconf 43' lang='grc' dir='ltr'>ξῃσὶητὸν</span> <span class='ocrx_word' id='word_1_955' title='bbox 2892 5712 3054 5776; x_wconf 77' lang='grc' dir='ltr'>ἐχθρόν</span> <span class='ocrx_word' id='word_1_956' title='bbox 3073 5728 3182 5775; x_wconf 79' lang='grc' dir='ltr'>σου,</span> <span class='ocrx_word' id='word_1_957' title='bbox 3205 5710 3390 5765; x_wconf 76' lang='lat' dir='ltr'>desunt</span> <span class='ocrx_word' id='word_1_958' title='bbox 3408 5714 3459 5764; x_wconf 84' lang='lat' dir='ltr'>in</span> <span class='ocrx_word' id='word_1_959' title='bbox 3482 5726 3578 5764; x_wconf 89' lang='lat' dir='ltr'>uno</span> <span class='ocrx_word' id='word_1_960' title='bbox 3606 5714 3804 5769; x_wconf 57' lang='lat' dir='ltr'>eodm.</span> 
     </span>
    </p>
   </div>
   <div class='ocr_carea' id='block_1_116' title="bbox 2141 5738 2881 5835">
    <p class='ocr_par' dir='ltr' id='par_1_116' title="bbox 2141 5738 2881 5835">
     <span class='ocr_line' id='line_1_116' title="bbox 2252 5738 2871 5769; baseline 0.01 -17"><span class='ocrx_word' id='word_1_961' title='bbox 2252 5738 2348 5753; x_wconf 65' lang='lat' dir='ltr'>un-</span> <span class='ocrx_word' id='word_1_962' title='bbox 2369 5745 2380 5762; x_wconf 87' lang='grc'>,</span> <span class='ocrx_word' id='word_1_963' title='bbox 2406 5738 2607 5769; x_wconf 52' lang='grc' dir='ltr'>γυ-μιηε,</span> <span class='ocrx_word' id='word_1_964' title='bbox 2646 5738 2682 5756; x_wconf 50' lang='grc' dir='ltr'>νι</span> <span class='ocrx_word' id='word_1_965' title='bbox 2700 5738 2767 5765; x_wconf 63' lang='lat' dir='ltr'>ut,</span> <span class='ocrx_word' id='word_1_966' title='bbox 2798 5738 2871 5758; x_wconf 77' lang='grc' dir='ltr'>ιυν</span> 
     </span>
     <span class='ocr_line' id='line_1_117' title="bbox 2141 5738 2881 5835; baseline 0.004 -18"><span class='ocrx_word' id='word_1_967' title='bbox 2141 5766 2163 5805; x_wconf 71' lang='grc' dir='ltr'><em>δ</em></span> <span class='ocrx_word' id='word_1_968' title='bbox 2182 5768 2317 5827; x_wconf 65' lang='grc' dir='ltr'>ιιοιεῖ</span> <span class='ocrx_word' id='word_1_969' title='bbox 2340 5770 2479 5818; x_wconf 69' lang='lat' dir='ltr'>deus!</span> <span class='ocrx_word' id='word_1_970' title='bbox 2508 5771 2554 5818; x_wconf 78' lang='lat' dir='ltr'>in</span> <span class='ocrx_word' id='word_1_971' title='bbox 2576 5738 2881 5835; x_wconf 50' lang='lat' dir='ltr'>.pﬁﬁusdam.</span> 
     </span>
    </p>
   </div>
  </div>
