4086 6164
396 316 502 374 διο

394 452 589 508 gnata,
617 436 713 494 sed
742 436 849 494 illis
884 437 1043 510 longe
1066 436 1322 508 maiorem
1348 438 1365 472 ⁸
1395 453 1411 492 :
1443 451 1548 494 non
1581 453 1675 509 par
1711 447 1792 505 est
1830 438 1974 494 enim

399 531 673 585 inimicum
724 541 1118 602 Oppugnantem
1162 531 1360 599 ferire,
1401 540 1455 585 et
1494 532 1597 586 tela
1627 531 1721 585 ira:
1746 532 1981 586 vincere.

402 621 583 677 Vicisti
623 621 767 677 nulla
807 623 930 678 data
964 638 1132 689 ansa,
1168 624 1413 679 morbum
1442 624 1605 678 animi
1646 634 1794 679 tuum
1834 624 1983 693 deje-

395 713 515 767 eisti
537 752 552 776 ,
581 722 910 767 commotam
940 717 1105 768 feram
1133 713 1385 783 jngulasti
1408 753 1425 780 ,
1456 724 1511 768 et
1541 711 1774 767 furorem
1823 728 1986 767 com-

400 804 681 872 pressisti,
727 813 784 858 ut
828 813 1013 873 pastor
1042 804 1257 873 quidam
1293 805 1562 873 optimus:
1603 803 1759 858 civile
1789 801 1982 858 bellum

400 893 638 948 futurum
673 903 826 959 erat,
857 894 1150 949 domestica
1196 908 1389 964 pugna.
1420 892 1553 948 Nam
1598 894 1737 948 sicut
1779 893 1849 955 ii,
1895 893 1984 962 qui

400 986 598 1041 niani:
639 985 769 1041 foris
817 985 1109 1051 obsident,
1158 985 1317 1040 civile
1364 984 1562 1039 bellum
1611 985 1882 1050 excitant,
1932 994 1987 1038 et

401 1076 476 1130 ita
506 1076 766 1131 vincunt:
818 1076 899 1131 sic
925 1076 1016 1146 qui
1046 1076 1425 1131 contumeliam
1457 1074 1657 1137 infert,
1704 1076 1747 1129 si
1779 1075 1985 1144 passio-

407 1184 532 1224 nem
565 1170 617 1222 in
649 1168 804 1223 nobis
832 1183 938 1223 non
968 1169 1198 1231 excitet,
1229 1158 1442 1223 vincere
1483 1183 1588 1222 non
1621 1167 1813 1237 poterit
1839 1184 1853 1230 ;
1886 1166 1984 1220 nisi

405 1278 505 1317 nos
535 1261 635 1331 ipsi
667 1274 766 1315 nos
796 1260 1174 1326 incendamus,
1207 1261 1297 1315 ille
1327 1261 1524 1315 nullam
1555 1261 1660 1315 vim
1698 1259 1874 1315 habet.
1909 1259 1990 1316 Sit

401 1353 548 1409 enim
582 1352 739 1407 nobis
769 1353 863 1407 ira:
892 1353 1123 1407 scintilla
1152 1393 1168 1418 ,
1206 1361 1262 1406 ut
1289 1360 1591 1421 opportune
1627 1352 1946 1406 accendatur
1971 1392 1986 1416 ,

405 1457 514 1497 non
542 1450 727 1497 contra
759 1458 858 1496 nos
880 1443 1044 1510 ipsos,
1071 1456 1137 1496 ne
1158 1456 1257 1497 nos
1285 1441 1576 1496 innumeris
1602 1440 1792 1496 afliciat
1812 1442 1987 1495 malis.

403 1534 520 1590 Non
548 1534 739 1589 videtis
766 1534 817 1588 in
846 1534 1096 1589 domibus
1122 1535 1297 1604 ignem
1337 1534 1666 1589 reconditum
1692 1575 1708 1599 ,
1737 1548 1836 1589 nec
1870 1534 1990 1589 ubi-

402 1641 508 1695 que
536 1625 831 1695 projectum
857 1666 871 1689 ,
905 1640 1010 1679 non
1040 1624 1094 1679 in
1130 1625 1271 1679 [ωηο
1295 1666 1308 1689 ,
1342 1639 1448 1680 non
1481 1625 1532 1680 in
1563 1625 1799 1680 vestibus
1822 1666 1838 1690 ,
1886 1640 1990 1681 non

408 1726 612 1770 temere
636 1756 650 1780 ,
681 1731 749 1771 ne
775 1717 936 1771 flante
966 1725 1127 1771 vento
1155 1716 1510 1782 incendatur;
1543 1715 1636 1772 sed
1666 1717 1780 1772 sive
1803 1717 1992 1771 ancilla

409 1806 682 1861 lucernam
722 1805 911 1861 habeat
933 1849 948 1873 ,
989 1806 1102 1863 sive
1130 1822 1291 1863 cocus
1326 1807 1582 1863 accendat
1603 1848 1619 1874 ,
1651 1808 1995 1863 denuntiatur

406 1898 531 1962 illis,
560 1914 629 1953 ne
653 1898 720 1952 ad
750 1907 991 1965 ventum,
1026 1916 1092 1953 ne
1122 1915 1291 1970 prope
1324 1901 1578 1964 tabulam,
1612 1918 1678 1957 ne
1707 1912 1865 1957 noctu
1894 1902 1995 1956 hoc

409 1987 649 2055 faciant;
682 1989 775 2045 sed
802 1991 1122 2047 adveniente
1154 2001 1310 2048 nocte
1338 1993 1514 2061 ignem
1543 1993 1813 2062 sepimus,
1842 1994 1994 2049 veriti

407 2094 477 2135 ne
517 2079 651 2136 forte
685 2082 1074 2138 dormientibus
1114 2086 1269 2139 nobis
1306 2094 1362 2139 et
1399 2088 1612 2140 nem'ne
1640 2098 1860 2142 curante
1902 2102 1994 2141 ac-

406 2173 702 2242 cendatur,
736 2184 790 2230 et
826 2190 1016 2232 omnes
1047 2177 1277 2232 exurat?
1308 2176 1419 2231 Hoc
1447 2178 1498 2232 in
1528 2177 1604 2232 ira
1631 2194 1839 2249 quoque
1867 2180 1954 2233 fiat
1979 2197 1991 2232 :

412 2280 482 2319 ne
508 2267 723 2320 omnino
750 2266 801 2320 in
829 2268 1244 2337 cegitationibus
1269 2270 1470 2324 nostris
1497 2270 1836 2339 dlspergatur
1856 2310 1870 2334 ,
1900 2269 1995 2325 scd

413 2357 466 2410 in
496 2357 721 2427 quodam
747 2359 943 2414 mentis
977 2359 1239 2429 profundo
1270 2370 1497 2429 ponatur
1516 2403 1531 2427 ,
1560 2370 1618 2415 ut
1645 2377 1712 2416 ne
1738 2369 1929 2415 ventus
1965 2376 1997 2416 a

410 2448 587 2503 verbis
616 2449 908 2505 adversarii
951 2450 1107 2505 facile
1145 2452 1421 2515 adveniat,
1453 2452 1549 2506 sed
1578 2468 1608 2507 a
1641 2453 1796 2507 nobis
1825 2453 1996 2507 susci-

409 2540 587 2610 piatur
611 2552 820 2604 ventus,
853 2543 1147 2599 scientibus
1174 2544 1321 2597 illum
1352 2552 1647 2615 temperate
1671 2555 1726 2600 et
1753 2553 1865 2599 tuto
1886 2560 2000 2599 ιιιο-

410 2647 554 2687 vere.
592 2633 649 2687 Si
678 2633 880 2688 deforis
911 2643 1126 2689 ventum
1158 2635 1404 2705 accipiat,
1439 2637 1607 2690 nescit
1635 2635 1873 2700 modum,
1904 2636 1998 2690 sed

406 2724 588 2777 omnia
616 2725 910 2779 accendet:
938 2741 1082 2793 smpe
1111 2726 1266 2780 nobis
1292 2726 1678 2782 dormientibus
1702 2737 1888 2782 ventus
1910 2726 2001 2782 ille

410 2813 615 2869 incidet
654 2824 709 2870 et
738 2816 920 2871 omnia
944 2817 1244 2873 comburet.
1292 2818 1373 2872 Sit
1401 2833 1531 2888 ergo
1561 2817 1715 2873 nobis
1755 2828 1956 2873 tantum
1978 2859 1998 2885 ,

410 2915 468 2959 ut
493 2907 664 2962 lucem
686 2908 946 2963 accendat
970 2925 984 2962 :
1018 2909 1191 2965 lucem
1219 2910 1362 2964 enim
1390 2910 1635 2965 accendit
1661 2910 1756 2974 ira,
1786 2910 2001 2980 quando

409 2988 666 3055 decenter
686 3012 933 3058 movetur
958 3019 971 3056 :
993 3012 1046 3057 et
1071 3000 1215 3057 faces
1240 3002 1532 3057 habeamus
1552 3010 1738 3056 contra
1766 3016 1883 3067 eos,
1911 3003 2000 3072 qni

409 3092 547 3146 alios
575 3093 772 3147 ladunt
791 3135 806 3157 ,
831 3102 1017 3148 contra
1045 3093 1336 3148 diabolum.
1365 3093 1441 3147 Ne
1466 3094 1659 3164 ubique
1677 3095 1877 3164 jaceat,
1905 3109 2004 3149 nec

413 3182 733 3252 projiciatur
761 3184 1015 3249 scintilla,
1043 3182 1138 3238 sed
1180 3184 1231 3238 in
1270 3184 1453 3239 cinere
1481 3200 1756 3241 servemus
1783 3204 1797 3240 :
1828 3186 1878 3239 in
1907 3185 2003 3239 hu-

415 3273 633 3326 milibus
669 3275 1076 3344 cogitationibus
1119 3274 1391 3346 sopiamus
1438 3275 1598 3330 illam.
1632 3275 1746 3330 Non
1791 3291 2005 3346 semper

371 3424 378 3431 ,
415 3364 502 3418 illa
527 3378 661 3434 opus
685 3365 960 3433 habemus,
989 3366 1083 3421 sed
1110 3366 1324 3435 quando
1346 3367 1555 3435 operari
1575 3368 1700 3437 quid
1719 3377 1928 3437 oportet
1951 3377 2005 3422 ct

412 3456 658 3510 emollire
678 3497 692 3521 ,
721 3456 936 3526 quando
966 3458 1310 3527 pertinaciam
1339 3473 1618 3528 superare,
1648 3459 1860 3528 quando
1890 3460 2005 3512 aui-

413 3563 556 3602 mam
584 3548 928 3621 redarguere.

483 3639 538 3694 4.
576 3639 938 3693 Reconcilialio
962 3641 1213 3710 quomodo
1236 3643 1810 3712 qurerenda.—Quanta
1834 3644 1905 3697 ira
1927 3643 2005 3695 fn-

414 3747 612 3800 rnrque
635 3733 770 3786 mala
792 3745 1109 3801 pepererunt
1135 3735 1149 3787 !
1171 3734 1428 3804 Quodque
1444 3736 1656 3805 gravius
1673 3745 1771 3796 e~t,
1792 3736 2005 3805 quando

419 3825 712 3890 surgimus,
748 3839 853 3877 non
880 3825 1018 3879 ultra
1048 3825 1207 3879 simul
1234 3828 1521 3880 convenire
1549 3827 1838 3895 poterimus
1859 3869 1871 3888 ,
1911 3827 2003 3881 sed

414 3917 550 3968 aiios
580 3924 957 3985 exspectamus
986 3932 999 3967 :
1028 3916 1392 3986 unusquisque
1421 3916 1765 3971 confunditur
1794 3926 1848 3971 et
1878 3933 2004 3970 cru-

417 4005 586 4059 ln-scit
614 4004 827 4060 rediens
853 4006 917 4060 ad
947 4006 1405 4062 reconciliandum
1435 4007 1620 4061 alium.
1652 4007 1810 4072 Vide,
1843 4008 2004 4062 dividi

416 4107 466 4153 ct
495 4096 722 4152 discindi
753 4114 859 4153 non
889 4099 1177 4166 erubescit,
1210 4100 1302 4154 sed
1334 4100 1391 4153 lit
1420 4101 1541 4154 mali
1572 4101 1676 4155 dux
1705 4117 1720 4167 ;
1749 4101 2007 4156 accedere

416 4199 597 4243 autem
626 4199 677 4245 ct
708 4191 938 4245 scissum
968 4207 1230 4246 consnere
1256 4192 1543 4246 erubescit.
1575 4192 1749 4261 Atque
1776 4192 2004 4261 idipsnm

417 4281 663 4351 contigit,
688 4296 750 4336 ac
778 4282 821 4336 si
849 4282 969 4352 quis
997 4283 1294 4336 membrum
1320 4282 1533 4352 quidem
1560 4283 1873 4337 abscindere
1901 4297 2017 4337 nou

418 4382 672 4441 gravetur
695 4414 710 4437 ,
752 4374 1082 4444 conjungere
1118 4385 1294 4429 autem
1339 4374 1637 4427 erubescat.
1667 4374 1801 4440 Quid
1833 4373 1968 4429 dicis
1990 4413 2005 4437 ,

425 4464 631 4518 homo?
660 4465 882 4519 multum
914 4465 1094 4518 hesisti
1114 4506 1129 4528 ,
1159 4474 1213 4518 et
1244 4466 1355 4534 ipse
1382 4473 1567 4518 auctor
1595 4463 1738 4517 fuiSIi
1779 4464 2008 4533 pugnae?

424 4559 605 4625 Itaque
645 4557 766 4624 jure
796 4557 941 4627 prior
967 4572 1064 4612 eas
1098 4569 1152 4611 et
1180 4557 1542 4611 reconcilieris
1564 4597 1580 4621 ,
1608 4564 1791 4624 utpote
1818 4556 1908 4626 qui
1954 4555 2007 4611 in

421 4664 581 4702 eausa
615 4648 796 4703 fueris.
828 4651 895 4703 At
936 4650 1099 4704 la~sus
1136 4666 1196 4702 es
1219 4689 1241 4714 ,
1268 4657 1327 4702 et
1370 4648 1457 4703 ille
1499 4649 1549 4701 in
1592 4664 1748 4701 causa
1780 4648 1905 4702 est?
1942 4647 2009 4702 Et

422 4741 545 4794 ideo
572 4741 732 4811 igitur
754 4783 768 4806 ,
804 4749 861 4794 ut
899 4741 1067 4812 magis
1096 4739 1436 4822 admirationi
1468 4740 1711 4792 hahearis
1731 4779 1753 4801 μ
1778 4748 1835 4792 ιιι
1863 4748 1917 4794 et
1957 4740 2007 4793 in

425 4831 599 4899 primo
628 4840 678 4885 et
709 4832 760 4884 in
788 4832 1026 4886 secundo
1053 4833 1249 4901 primas
1282 4831 1496 4884 habeas.
1528 4830 1638 4884 Non
1669 4829 1809 4884 fuisti
1838 4831 2012 4884 inimi-

422 4922 564 4977 crtize
596 4937 758 4977 causa
782 4965 797 4988 ,
843 4924 915 4977 ita
961 4939 1058 4977 nec
1086 4939 1243 4979 causa
1273 4934 1389 4977 esto
1417 4923 1556 4991 quod
1582 4939 1645 4976 ca
1673 4923 1891 4976 ulterius
1916 4938 2011 4977 ex-

426 5014 709 5069 tendatur:
758 5016 997 5071 fortassis
1040 5025 1093 5067 ct
1142 5016 1231 5068 ille
1282 5016 1568 5068 multorum
1615 5014 1716 5068 sibi
1762 5015 2010 5069 conscius

421 5105 712 5160 erubescit.
746 5105 849 5161 Sed
882 5120 1136 5175 arrogans
1167 5107 1289 5159 est?
1330 5107 1452 5160 Ideo
1482 5106 1711 5160 maxime
1740 5123 1803 5159 ne
1833 5106 2011 5175 segnis

424 5199 498 5252 sis
532 5196 599 5252 ad
627 5196 989 5251 accedi-nthnn
1018 5214 1030 5248 :
1061 5213 1180 5250 nam
1208 5197 1400 5267 duplex
1433 5208 1516 5252 est
1543 5199 1679 5267 apud
1711 5199 1855 5252 illum
1890 5214 2008 5267 pas-

423 5288 543 5353 sio,
593 5287 896 5357 arrogantia
945 5298 998 5341 et
1049 5287 1145 5341 ira.
1193 5288 1271 5341 Tu
1303 5289 1515 5355 quidem
1545 5304 1760 5343 causam
1788 5289 2008 5355 dixisti,

428 5389 649 5449 propter
676 5394 837 5446 quam
870 5378 1015 5447 prior
1041 5377 1299 5431 accedere
1337 5377 1503 5432 debes
1526 5420 1539 5443 ,
1570 5380 1687 5448 quia
1720 5393 1882 5432 sanus
1911 5395 1969 5433 es
1995 5423 2010 5447 ,

427 5471 549 5537 quia
579 5469 764 5525 videre
798 5476 949 5538 potes
976 5486 990 5521 :
1023 5468 1114 5523 ille
1146 5484 1372 5537 namque
1404 5468 1455 5520 in
1484 5468 1719 5522 tenebris
1750 5479 1864 5535 est;
1896 5470 2013 5524 talis

429 5560 626 5632 quippe
656 5568 738 5615 cst
769 5560 844 5613 ira
875 5567 930 5615 et
956 5558 1279 5628 arrogantia.
1314 5556 1394 5612 Tu
1422 5573 1548 5611 vero
1578 5558 1645 5612 ab
1674 5557 1776 5612 illis
1808 5558 1942 5614 liber
1964 5569 2015 5616 ct

504 5699 518 5729 ⁸
555 5695 964 5756 (.utidamlegunt.
989 5706 1212 5749 umquam
1231 5689 1459 5754 accepisti
1481 5704 1734 5751 coronam,
1761 5690 1853 5742 illis
1881 5690 2015 5755 longe

438 5756 667 5806 maiorem
680 5773 739 5826 ,ο
760 5755 907 5807 nisSis
925 5757 1236 5818 interpositis.
1492 5778 1501 5785 -

1421 314 1487 373 IN
1526 316 1703 373 ACTA
1744 313 2244 373 APOSTOLORUM
2308 314 2534 373 llOMlL.
2577 315 2639 373 L.

3568 324 3671 379 πετο

2091 454 2251 494 sanus
2290 443 2482 495 accede
2511 440 2577 494 ad
2621 454 2818 509 aigrum
2865 439 3117 494 Inedieus.
3167 437 3298 494 Num
3340 439 3459 509 quis
3499 442 3673 495 medi-

2089 546 2271 586 corum
2304 532 2518 595 dixerit,
2565 531 2697 599 Quia
2747 531 2986 584 inllnnus
3031 543 3150 598 est,
3185 547 3289 586 nun
3336 531 3513 586 vado?
3559 528 3672 586 iniu

2091 621 2212 677 ideo
2241 624 2472 678 maxime
2500 624 2699 678 vadunt
2726 665 2740 688 ,
2773 638 2892 677 cum
2933 623 3144 677 videant
3187 624 3332 678 illum
3379 640 3484 677 non
3516 637 3673 693 posse

2089 716 2291 769 venire.
2332 714 2463 770 Nam
2492 729 2605 781 cos,
2627 716 2715 785 qui
2749 715 2996 769 incedere
3019 715 3193 769 valent
3214 756 3228 779 ,
3254 716 3429 769 minus
3458 727 3669 776 curant,

2088 805 2227 873 quod
2258 820 2361 859 non
2394 805 2614 859 nimium
2655 813 2951 875 aegrotent;
2997 804 3044 859 di
3065 806 3377 860 cmnbentes
3401 822 3527 862 vero
3563 822 3669 860 non

2093 896 2238 949 item.
2271 896 2463 950 Annon
2495 895 2703 950 videtur
2744 896 2837 950 tibi
2884 895 3189 949 infirmitate
3222 897 3520 964 graviorem
3549 911 3671 952 esse

2088 989 2447 1059 arrogantiam
2477 997 2532 1044 ct
2570 990 2747 1043 iram?
2788 1002 2966 1043 annon
3016 986 3106 1041 illa
3154 987 3455 1043 vehementi
3494 989 3626 1045 febri
3650 1030 3667 1056 ,

2092 1080 2207 1135 haec
2229 1095 2358 1134 vero
2396 1080 2618 1135 tumenti
2649 1089 2703 1134 et
2731 1079 2917 1133 inﬂato
2945 1079 3157 1148 corpori
3194 1078 3385 1133 similis
3409 1081 3528 1134 est?
3561 1080 3666 1135 Cu-

2091 1173 2197 1241 gita
2224 1182 2481 1242 quantum
2531 1174 2600 1227 sit
2645 1172 2833 1227 febrim
2884 1180 2940 1228 et
2986 1170 3266 1226 humorem
3298 1170 3534 1226 habere:
3579 1188 3669 1224 Va:

2091 1263 2178 1327 de,
2210 1263 2489 1332 distingue
2518 1264 2693 1334 ignem
2724 1280 2737 1316 :
2770 1272 2923 1332 potes
2961 1263 3104 1317 enim
3148 1276 3245 1332 per
3285 1262 3509 1332 gratiam
3542 1263 3629 1317 Dei
3659 1279 3670 1312 :

2092 1357 2241 1424 quasi
2270 1370 2407 1425 aqua
2449 1369 2729 1425 compesce
2756 1356 3023 1409 ardorem.
3068 1354 3206 1422 Quid
3235 1371 3393 1425 ergo,
3425 1354 3631 1425 inquies
3656 1396 3672 1422 ,

2092 1445 2137 1499 si
2165 1444 2268 1499 hoc
2309 1445 2424 1515 ipso
2466 1452 2634 1515 magis
2671 1446 2996 1501 extollatur?
3028 1446 3167 1501 Nihil
3211 1446 3278 1501 ad
3326 1456 3415 1501 te:
3448 1455 3502 1501 tu
3533 1447 3673 1501 enim

2094 1538 2235 1607 quod
2276 1539 2327 1592 in
2372 1548 2422 1593 te
2462 1548 2578 1594 erat
2606 1537 2818 1605 fecisti,
2849 1538 2937 1594 ille
2963 1538 3062 1593 sibi
3091 1538 3188 1607 ipsi
3222 1539 3482 1607 imputet:
3518 1539 3676 1593 modo

2097 1642 2163 1683 ne
2191 1628 2517 1684 condemnet
2544 1645 2644 1685 nos
2665 1629 2993 1684 conscientia
3025 1638 3225 1694 nostra,
3257 1631 3395 1700 quod
3427 1630 3554 1685 illud
3584 1628 3679 1684 ﬁat

2098 1719 2250 1775 nobis
2289 1735 2409 1790 qua:
2451 1721 2861 1790 requirebantur
2890 1721 3272 1775 omittentibns.
3309 1720 3472 1776 Pasce
3509 1722 3680 1776 inimi-

2095 1828 2210 1865 cum
2256 1820 2398 1865 luunt
2428 1851 2445 1877 ,
2490 1813 2661 1883 inquit
2685 1852 2700 1876 ,
2750 1814 2845 1866 hoc
2886 1813 3020 1867 enim
3051 1814 3241 1884 faciens
3269 1814 3508 1868 carbones
3547 1814 3679 1886 ignis

2095 1901 2387 1956 accumula:
2410 1918 2562 1972 super
2590 1912 2741 1972 caput
2774 1904 2885 1971 eius
2909 1903 2928 1975 (
2953 1901 3102 1958 Rom.
3138 1902 3223 1958 l2.
3251 1902 3321 1958 20
3339 1888 3477 1975 ).‘Et
3501 1914 3677 1958 tamen

2097 2007 2218 2053 cum
2257 2008 2346 2048 res
2376 1994 2447 2048 ita
2477 1994 2690 2061 habeat,
2715 1995 2866 2067 jubet
2891 1995 3038 2051 abire
3060 2037 3075 2060 ,
3107 1997 3445 2053 reconciliari
3490 2006 3545 2053 et
3586 1998 3681 2052 be-

2099 2082 2346 2140 nefacere
2367 2126 2382 2151 ,
2415 2100 2522 2140 non
2554 2096 2613 2140 ut
2651 2086 2913 2142 carbones
2940 2088 3075 2158 ignis
3104 2090 3539 2156 accumulemus;
3587 2094 3681 2145 sed

2101 2189 2158 2235 ιιι
2188 2181 2277 2238 ille
2306 2180 2407 2237 hoc
2436 2182 2614 2237 sciens
2642 2194 3048 2253 compescatur,
3083 2194 3142 2239 ut
3171 2194 3367 2242 tremat
3402 2184 3684 2241 formidet-

2100 2287 2203 2342 que
2249 2272 2419 2342 magis
2466 2272 2725 2328 beneficia
2765 2289 2925 2343 quam
2956 2274 3294 2339 inimicitias,
3325 2284 3379 2330 et
3423 2275 3686 2331 amicitias

2103 2363 2271 2434 magis
2311 2379 2471 2435 quam
2518 2364 2760 2419 insidias.
2810 2364 2926 2419 Non
2965 2367 3107 2419 enim
3141 2366 3386 2421 inimicus
3430 2368 3686 2421 ultiom-m

2103 2455 2369 2510 meditans
2397 2457 2468 2511 ita
2495 2456 2641 2512 laedit
2668 2472 2727 2513 se
2751 2456 3045 2518 odientcm,
3082 2467 3141 2512 ut
3168 2459 3257 2528 qui
3279 2458 3491 2528 adjuvat
3522 2469 3570 2513 et
3596 2460 3690 2512 be-

2104 2545 2319 2599 nefacit.
2351 2546 2561 2601 Etenim
2592 2548 2683 2617 qui
2716 2548 2973 2602 ultionem
3001 2543 3291 2602 meditatur
3314 2588 3329 2614 ,
3360 2560 3413 2602 ct
3443 2563 3501 2603 se
3543 2549 3688 2601 hedit

2102 2646 2157 2690 et
2183 2637 2326 2690 illum
2362 2635 2501 2691 forte
2531 2652 2752 2707 parum;
2785 2639 2874 2708 qui
2903 2648 3084 2694 autem
3112 2638 3400 2704 benefacit,
3430 2640 3691 2694 carbones

2105 2727 2241 2797 ignis
2266 2728 2568 2782 accumulat
2593 2744 2757 2797 super
2780 2738 2939 2797 caput
2965 2728 3103 2798 ejus.
3132 2729 3272 2798 Ergo
3303 2730 3353 2782 id
3380 2728 3557 2783 facere
3583 2744 3689 2784 non

2103 2818 2403 2884 debemus,
2456 2835 2524 2873 ne
2572 2821 2969 2874 accumulemus
3014 2820 3318 2875 carbones?
3366 2821 3469 2875 Sed
3515 2821 3693 2876 alioue

2106 2909 2267 2963 modo
2312 2909 2393 2964 vis
2440 2910 2701 2965 carbones
2745 2920 3036 2980 congerere
3091 2925 3255 2980 super
3290 2920 3454 2980 caput
3496 2914 3693 2967 tuum?

2105 3000 2305 3056 etenim
2354 3000 2460 3054 hoc
2508 3000 2636 3055 facit
2680 3002 2896 3058 ultionis
2934 3002 3217 3071 cupiditas.
3250 3002 3356 3057 Sed
3402 3003 3568 3073 magis
3612 3005 3692 3059 vis

2107 3092 2396 3146 extendam
2420 3095 2443 3147 ἲ
2464 3092 2681 3147 Minime
2708 3112 2719 3146 :
2746 3107 2853 3148 non
2878 3094 3019 3148 enim
3049 3102 3104 3148 tu
3132 3092 3233 3148 hoc
3251 3093 3402 3160 facis,
3431 3095 3525 3150 sed
3552 3094 3693 3151 illius

2110 3184 2313 3240 feritas.
2341 3184 2395 3240 Si
2428 3186 2573 3239 enim
2606 3193 2658 3239 te
2686 3185 3051 3240 benefaciente
3073 3194 3126 3239 et
3158 3184 3457 3240 houorante
3487 3196 3541 3240 et
3565 3201 3695 3242 con-

2107 3276 2292 3331 ciliare
2320 3276 2589 3343 studente,
2621 3277 2713 3331 ille
2747 3286 2960 3331 maneat
2990 3290 3214 3331 servans
3241 3277 3563 3340 inimicitias.
3587 3278 3691 3334 sibi

2110 3368 2209 3436 ipsi
2252 3367 2429 3437 ignem
2470 3368 2754 3432 accendit;
2800 3369 2914 3436 ipse
2954 3382 3109 3421 suum
3141 3368 3346 3423 exussit
3386 3379 3582 3439 caput:
3637 3379 3695 3425 tu

2110 3475 2237 3514 vero
2269 3459 2570 3529 inculpatus
2609 3474 2688 3514 es.
2742 3458 2818 3514 Ne
2864 3459 2941 3513 sis
2979 3459 3148 3529 magis
3186 3459 3491 3514 misericors
3534 3476 3693 3530 quam

2113 3552 2273 3618 Deus,
2301 3553 2424 3622 quia
2454 3552 2734 3607 innumera
2767 3552 2984 3621 patieris
3012 3552 3165 3607 malis
3191 3552 3324 3605 mala
3351 3568 3365 3618 ;
3400 3553 3507 3606 imo
3532 3554 3575 3606 si
3604 3568 3697 3607 vo-

2112 3643 2303 3705 lueris,
2334 3657 2439 3696 non
2472 3643 2669 3711 poteris
2690 3683 2706 3709 ,
2734 3657 2799 3696 ne
2826 3642 3102 3696 minimum
3128 3641 3364 3712 quidem.
3410 3642 3695 3710 Quomodo

2111 3736 2252 3789 cnim
2275 3737 2298 3788 ?
2327 3736 2585 3800 Quantum
2615 3735 2769 3788 distat
2797 3734 2976 3788 caelum
3004 3752 3036 3788 (ι
3064 3744 3196 3788 terra
3220 3774 3235 3799 ,
3266 3734 3467 3805 inquit,
3495 3745 3693 3789 tantum

2110 3830 2299 3880 distant
2328 3826 2540 3880 consilia
2566 3842 2674 3878 mea
2712 3842 2742 3878 a
2783 3826 3006 3879 consiliis
3050 3827 3224 3880 vestris
3270 3824 3437 3897 (Isai.
3474 3828 3562 3883 55.
3591 3826 3648 3894 9)
3678 3844 3692 3890 ;

2111 3928 2162 3971 et
2190 3932 2399 3972 rursum
2430 3936 2442 3970 :
2490 3915 2548 3970 Si
2579 3932 2684 3980 vos,
2709 3914 2901 3984 inquit,
2927 3931 3039 3967 cum
3062 3915 3172 3968 sitis
3197 3915 3340 3979 ntali,
3371 3915 3528 3969 nostis
3561 3916 3692 3969 bona

2111 4008 2235 4061 dare
2270 4008 2391 4074 ﬁliis
2429 4007 2648 4069 uestris;
2697 4013 2886 4076 quanto
2929 4006 3092 4075 magis
3121 4004 3273 4057 Pater
3297 4015 3454 4058 vester
3483 4006 3695 4059 rwlcstis

2112 4101 2249 4154 dabit
2280 4100 2417 4153 vobis
2467 4099 2682 4165 (Matth.
2729 4099 2783 4149 7.
2818 4096 2950 4165 li)?
2991 4096 3096 4150 Sed
3130 4097 3243 4149 hzrc
3271 4095 3519 4149 obtcu'tus
3549 4104 3693 4149 sunt.

2112 4193 2189 4246 Ne
2232 4192 2393 4261 igitur
2434 4188 2727 4257 sophistice
2755 4188 3168 4255 interpretemur
3193 4185 3442 4239 mandata
3473 4185 3584 4239 Dei.
3633 4186 3698 4241 Et

2111 4281 2383 4352 quomodo
2423 4279 2715 4348 sophistice
2746 4275 3203 4346 interpretamur?
3239 4276 3416 4344 Dixit,
3463 4275 3577 4329 Hoc
3616 4276 3698 4346 {u-

2112 4377 2268 4441 ciens,
2296 4376 2536 4427 carbones
2562 4371 2692 4441 ignis
2714 4371 2941 4441 congeris
2970 4385 3119 4439 super
3143 4377 3294 4435 caput
3315 4370 3424 4436 ejus
3447 4385 3465 4431 ;
3493 4379 3546 4423 tu
3571 4385 3698 4423 vero

2113 4469 2249 4521 dicis
2269 4508 2283 4532 ,
2314 4466 2503 4520 Timeo
2530 4463 2839 4526 inimicum,
2869 4461 2989 4532 quia
3020 4477 3103 4515 me
3135 4461 3288 4515 valde
3320 4462 3471 4515 la‘sit.
3502 4464 3694 4516 Annon
3768 4456 3769 4459 “

2116 4558 2217 4613 hoc
2246 4558 2419 4611 dicis?
2456 4552 2736 4624 Quomodo
2783 4553 3058 4607 inimicum
3104 4551 3305 4606 habes?
3353 4551 3529 4607 Times
3575 4568 3697 4611 eum

2115 4652 2201 4717 qui
2247 4659 2299 4703 te
2342 4647 2474 4701 laesit
2501 4686 2515 4709 ,
2563 4644 2792 4714 tcipsum
2833 4657 2961 4697 vero
2992 4659 3095 4696 non
3132 4643 3327 4696 limes?
3366 4641 3577 4697 Utinam
3620 4646 3695 4696 ιιιί
3758 4681 3765 4693 .,

2114 4755 2297 4794 cnrmn
2330 4737 2584 4792 haberes!
2608 4736 2683 4790 Ne
2711 4733 2843 4789 illud
2874 4734 2975 4789 hoc
3015 4749 3179 4802 scepo
3210 4733 3411 4798 facias;
3457 4734 3563 4788 imo
3593 4735 3697 4789 Sal-

2118 4842 2224 4885 tcm
2268 4830 2368 4884 hoc
2397 4843 2562 4898 scopo
2598 4826 2781 4881 facias.
2826 4824 2931 4881 Sed
2964 4839 3067 4878 non
3098 4824 3248 4878 facis.
3299 4824 3411 4877 Non
3455 4825 3573 4879 dico
3605 4826 3698 4878 tibi

2116 4924 2258 4993 quod
2289 4923 2553 4976 carbones
2580 4919 2713 4989 ignis
2739 4932 3017 4987 congercs,
3047 4915 3142 4970 scd
3170 4915 3329 4969 etiam
3360 4916 3499 4969 aliud
3532 4916 3700 4982 majus

2124 5017 2236 5069 lico
2269 5032 2281 5067 :
2328 5024 2532 5066 tantum
2575 5011 2675 5065 fac.
2716 5009 2841 5063 Haec
2872 5011 3014 5063 enim
3051 5008 3227 5062 utnnia
3260 5017 3317 5061 ut
3358 5018 3407 5062 te
3449 5019 3700 5077 prmorct

2122 5107 2315 5161 Paulus
2355 5105 2480 5158 dicit
2508 5145 2523 5165 ,
2571 5106 2973 5171 exspectatione
3020 5117 3190 5171 ptume
3221 5101 3432 5155 solvere
3470 5101 3698 5155 inimici-

2120 5202 2268 5253 tiam.
2312 5195 2573 5265 Quouiam
2607 5193 2758 5248 ferini
2790 5208 2993 5255 sumus,
3027 5207 3197 5261 neque
3226 5191 3382 5245 aliter
3405 5190 3698 5245 adducere-

2122 5304 2240 5341 ιιιιιι·
2286 5285 2350 5339 ad
2400 5285 2674 5339 inimicum
2706 5282 3068 5351 diligendum,
3116 5282 3214 5335 nisi
3246 5281 3560 5348 supplicium
3606 5299 3703 5338 cx-

2121 5389 2508 5447 Spectareinus,
2532 5375 2680 5443 quasi
2711 5374 2918 5427 cuidam
2950 5374 3072 5425 ferte
3102 5372 3239 5425 hanc
3267 5388 3494 5425 mussant
3520 5374 3697 5427 tradit.

2122 5471 2252 5525 Nam
2284 5467 2545 5537 apostolis
2577 5480 2681 5519 non
2711 5463 2814 5518 hoc
2839 5464 3083 5518 Christus
3108 5463 3266 5522 dicit,
3300 5462 3392 5514 sed
3429 5462 3593 5529 quid?
3633 5460 3701 5519 Ut

2122 5563 2228 5615 suis
2254 5558 2442 5613 similes
2474 5556 2618 5609 Patri
2639 5566 2818 5620 vestro,
2840 5554 2925 5622 qui
2946 5564 3016 5607 est
3047 5553 3096 5606 in
3115 5553 3248 5606 rwlis
3279 5552 3487 5623 (Manli.
3510 5553 3564 5608 5.
3584 5555 3699 5623 4-5).

2124 5649 2370 5720 Alioquin
2396 5662 2521 5702 vero
2543 5645 2656 5700 ﬁeri
2683 5660 2785 5700 non
2812 5653 3002 5715 potest,
3030 5653 3085 5695 ut
3109 5645 3195 5712 qui
3221 5643 3473 5699 beneficia
3499 5648 3633 5699 conf.
3658 5659 3721 5704 rt.

2125 5756 2177 5796 ct
2207 5744 2295 5812 qui
2326 5740 2553 5809 accipit,
2584 5748 2832 5792 maneant
2878 5737 3095 5790 inimici.
3130 5736 3328 5790 Idcirco
3359 5736 3471 5792 ba‘c
3505 5738 3698 5808 pesult.
