4086 6164
427 291 525 348 551

429 403 539 461 Cur
596 403 725 460 dum
781 400 960 458 verbis
1012 393 1442 470 philosopharis,
1505 394 1558 448 in
1599 406 1763 462 opere
1805 389 2020 443 modum

433 510 541 550 non
570 494 794 550 servas?
835 492 1013 555 Bene,
1054 504 1163 545 non
1205 487 1378 557 pascis
1418 486 1564 540 illum
1589 523 1604 547 ,
1650 499 1717 538 ne
1761 481 2022 535 carbones

434 587 571 654 ignis
600 597 862 654 congeras
891 600 904 634 :
939 596 1069 650 ergo
1098 578 1312 648 parcis?
1342 591 1472 645 ergo
1497 574 1676 643 diligis
1694 615 1708 638 ,
1740 582 1796 626 et
1834 585 1900 625 ex
1927 569 2021 624 tali

429 693 596 748 scopo
636 676 740 731 hoc
777 673 954 729 facis?
996 673 1109 727 Scit
1147 671 1327 736 Deus,
1373 677 1550 722 utrum
1597 665 1686 719 tali
1729 678 1894 732 scopo
1940 661 2021 716 di-

432 784 560 822 cas:
600 775 748 822 certe
792 764 931 833 apud
978 777 1079 818 nos
1119 761 1413 832 sephistam
1461 756 1596 826 agis.
1642 754 1835 809 Curam
1878 754 2020 822 geris

429 861 655 923 inimici,
678 867 733 914 et
761 859 916 912 times
945 871 1012 911 ne
1039 853 1328 925 puniatur?
1352 853 1490 921 Ergo
1518 849 1651 903 iram
1673 844 1975 902 exstinxisti
2002 860 2016 898 :

429 952 519 1020 qui
551 951 695 1004 enim
726 949 806 1004 sic
830 946 1020 1016 diligit.
1055 955 1111 1001 ut
1139 945 1257 1015 ejus
1286 942 1567 997 utilitatem
1593 954 1705 993 sua:
1733 933 1986 1006 prazl'erat

430 1058 540 1096 non
569 1041 727 1095 habet
765 1039 1060 1094 inimicum.
1095 1037 1206 1091 Hoc
1249 1035 1432 1089 dicere
1472 1029 1686 1101 possis:
1735 1025 2020 1094 Usquequo

431 1133 676 1186 ludemus
701 1132 753 1184 in
781 1130 944 1186 rebus
974 1145 1086 1184 non
1113 1127 1336 1182 ludicris
1360 1133 1416 1181 et
1441 1123 1652 1178 veniam
1681 1135 1786 1173 non
1819 1114 2020 1169 haben-

431 1223 608 1277 tibus?
649 1223 987 1292 Quapropter
1031 1234 1162 1290 rogo
1192 1215 1624 1291 [fraternitatem
1656 1217 1890 1263 nostram
1938 1203 2017 1256 di-

1205 280 1262 339 5.
1302 276 1580 337 JOANNIS
1603 271 2075 333 CliRYSOSTOMI
2115 269 2434 328 ARCHIEP.
2470 269 3001 329 CONSTANTINOP.

2130 393 2318 443 tectam
2349 404 2381 443 a
2408 389 2634 445 Domino
2649 390 2759 446 Deo
2774 398 2828 446 et
2842 389 3117 448 Salvatore
3129 399 3316 448 nostro
3330 391 3458 450 Jesu
3472 391 3685 448 Christo
3695 443 3714 467 ,

2127 469 2224 536 oro
2251 493 2305 534 et
2328 480 2552 535 obsecro
2580 495 2675 537 vos
2716 522 2731 546 .
2774 483 3024 537 obtentus
3052 482 3358 552 hujusmodi
3399 485 3713 542 rescinden-

2128 579 2232 634 tes.
2255 586 2323 626 ne
2347 580 2755 627 contemnamus
2783 573 2929 644 leges
2957 573 3046 627 Dei
3073 571 3283 644 [neque
3307 586 3574 648 prtecepta
3596 579 3711 648 ejus

2125 662 2505 736 Spernamus],
2539 674 2595 719 ut
2628 665 2897 735 possimus
2926 664 3152 720 Domino
3178 660 3449 737 placentes
3478 685 3712 739 praesen—

2128 761 2233 807 tem
2265 755 2424 809 vitam
2456 756 2792 825 transigere,
2836 766 2891 813 et
2933 758 3194 826 promissa
3233 761 3488 831 consequi
3535 762 3706 829 bona,

2123 843 2292 911 gratia
2320 855 2376 898 et
2401 844 2730 915 benignitate
2763 846 2973 902 Domini
2999 848 3166 903 nostri
3190 848 3316 904 Jesu
3346 849 3564 919 Christi,
3593 855 3712 923 qui-

2124 949 2244 987 cum
2273 934 2413 989 Patri
2443 935 2633 1005 gloria,
2661 938 2963 1007 imperium,
2982 939 3176 1005 honor,
3201 955 3321 995 cum
3345 945 3706 1012 sanctissimo,

2123 1023 2268 1079 bono
2292 1035 2346 1080 et
2371 1026 2582 1081 viviﬁco
2607 1027 2831 1096 Spiritu,
2863 1043 3006 1085 nunc
3030 1039 3086 1085 et
3115 1044 3330 1103 semper
3353 1073 3370 1100 ,
3411 1042 3468 1089 et
3509 1035 3563 1088 in
3606 1049 3705 1091 sar-

2123 1115 2243 1169 cula
2288 1116 2629 1172 surculorum.
2677 1119 2868 1174 Amen.

434 1323 3709 1358 Mm

1851 1380 2184 1448 HOMILIA
2207 1383 2330 1458 ιιι.

425 1547 555 1606 Car.
611 1550 700 1605 24.
750 1567 803 1605 v.
848 1549 938 1604 22.
973 1548 1185 1603 Distulit
1237 1557 1404 1600 autem
1449 1543 1567 1598 illos
1608 1537 1799 1599 Felix,
1843 1531 2017 1586 certis-

494 1644 620 1696 sime
647 1643 807 1696 sciens
833 1643 896 1696 de
918 1643 998 1695 via
1019 1642 1114 1694 hac
1139 1682 1153 1704 ,
1181 1638 1350 1692 dicens
1373 1653 1391 1690 :
1419 1633 1546 1689 Cum
1573 1631 1754 1701 Lysias
1785 1628 2017 1681 tribunus

496 1732 848 1798 descenderit,
899 1733 1194 1802 dignoscam
1238 1745 1318 1783 res
1364 1735 1574 1782 vestras.
1620 1721 1712 1778 25.
1759 1718 2017 1785 Jussitque

497 1825 842 1878 centurionem
886 1821 1138 1876 custodire
1185 1818 1448 1882 Paulum,
1493 1817 1756 1884 ipsumque
1797 1808 2015 1876 requiem

495 1918 676 1971 habere
701 1958 714 1979 ,
757 1916 1102 1983 neminemque
1131 1911 1463 1981 familiarium
1491 1902 1744 1976 prohiberi
1767 1943 1788 1966 ,
1820 1898 2009 1967 quomi-

498 2024 594 2060 nus
619 2008 924 2060 ministraret
951 2006 996 2058 ei
1021 2045 1037 2070 ,
1067 2003 1143 2059 vel
1167 1999 1428 2055 accederet
1451 1997 1521 2050 ad
1547 2012 1682 2050 eum.
1946 2015 1953 2019 ~

497 2101 550 2154 i.
615 2099 748 2154 Vide
797 2108 992 2169 quanta
1042 2097 1135 2150 ﬁat
1179 2093 1462 2165 probatio,
1508 2090 1684 2160 primo
1721 2084 1936 2156 quidem
1984 2099 2012 2135 a

424 2192 609 2246 multis
632 2233 647 2256 ,
675 2190 873 2244 deinde
905 2188 1077 2242 multo
1097 2196 1341 2256 tempore
1363 2223 1382 2250 ,
1413 2191 1472 2236 ut
1497 2195 1566 2235 ne
1591 2178 1697 2233 dici
1729 2183 1907 2248 posset
1925 2174 2014 2242 ju~

423 2283 622 2336 dit-ium
646 2281 841 2350 raptim
867 2281 1060 2334 factum
1089 2277 1272 2332 fuisse.
1295 2275 1430 2344 Quia
1457 2272 1602 2328 enim
1628 2274 2014 2324 memoraverat

426 2373 638 2444 Lysiam
669 2381 852 2426 orator
877 2414 892 2437 ,
921 2371 1104 2424 dicens
1134 2369 1280 2422 illum
1327 2366 1383 2421 vi
1424 2363 1709 2420 abduxisse
1749 2360 1968 2414 Erulum
1995 2399 2009 2424 ,

423 2475 721 2532 omiurtime
747 2463 925 2518 subdit
949 2461 1142 2516 Felicis
1170 2460 1332 2515 verba
1352 2500 1367 2524 ,
1395 2467 1449 2512 et
1473 2457 1548 2510 ait
1573 2474 1588 2510 :
1618 2452 1823 2508 Distulit
1845 2459 2015 2502 autem

425 2557 539 2610 illos
575 2555 721 2609 Felix
745 2597 758 2616 ,
795 2554 1069 2608 certissime
1094 2552 1256 2606 sciens
1281 2549 1344 2602 de
1369 2549 1450 2602 via
1475 2548 1610 2611 hac;
1640 2543 1690 2597 id
1722 2552 1799 2596 est
1828 2582 1842 2605 ,
1873 2549 2010 2594 ti-m-

426 2630 628 2716 pesuive
659 2646 900 2707 remisit;
953 2659 1058 2698 non
1099 2656 1234 2713 opus
1277 2640 1482 2695 habens
1527 2637 1773 2700 discere,
1816 2635 1909 2687 sed
1956 2642 2012 2685 nt

423 2738 701 2808 repelleret
733 2737 971 2792 Judaeos.
1017 2735 1291 2790 Dimittere
1322 2741 1542 2802 propter
1581 2729 1699 2783 illos
1757 2726 2008 2791 nolebat;

425 2830 614 2898 punire
662 2845 769 2882 non
824 2825 1405 2898 poterat;_impudens
1441 2822 1581 2877 enim
1629 2820 1832 2873 fuisset.
1890 2816 2010 2869 Ideo

421 2894 595 2974 dilFert
622 2962 637 2986 ,
666 2894 850 2973 dicens
879 2938 892 2973 :
923 2917 1048 2973 Cum
1078 2894 1258 2986 Lysias
1290 2914 1521 2968 tribunus
1547 2909 1859 2965 descenderit
1885 2950 1897 2965 .
1926 2908 2007 2960 di-

421 3027 659 3082 gnoscam
693 3028 772 3063 res
817 3019 1026 3063 vestras.
1072 3007 1333 3076 Jussitque
1375 3004 1713 3058 centurionem
1757 2999 2011 3052 custodire

428 3101 648 3156 Paulum
674 3143 687 3164 ,
716 3103 978 3170 ipsumque
1003 3099 1221 3163 requiem
1248 3097 1428 3149 habere
1448 3138 1461 3159 ,
1490 3093 1832 3161 neminemque
1855 3091 2005 3160 [uini-

427 3193 630 3248 liarium
659 3191 912 3262 pro/liberi
937 3232 951 3256 ,
980 3190 1248 3254 quominus
1275 3186 1577 3240 ministraret
1615 3185 1661 3237 ei
1681 3225 1694 3248 ,
1746 3182 1818 3235 uel
1862 3197 2007 3234 acce-

425 3285 561 3338 deret
589 3285 656 3336 ad
685 3299 816 3336 eum.
872 3281 1108 3351 Requiem
1155 3278 1374 3342 habere,
1423 3275 1612 3344 inquit.
1657 3271 1746 3327 Sic
1786 3272 1931 3325 illum
1976 3287 2004 3324 a

420 3377 734 3432 criminibus
765 3376 990 3429 liberum
1025 3372 1248 3442 judicat.
1280 3370 1390 3424 Cur
1433 3382 1561 3437 ergo
1597 3365 1801 3420 detinet
1840 3379 1961 3418 eum
1984 3364 2008 3414 ’ἐ

421 3467 478 3522 In
502 3467 806 3522 intimorum
835 3466 1058 3536 gratiam
1084 3505 1102 3530 ,
1131 3465 1213 3517 vel
1243 3463 1402 3517 etiam
1425 3475 1648 3529 sperans
1670 3474 1728 3513 se
1756 3458 2006 3526 pecunias

419 3569 757 3626 accepturum
791 3572 933 3611 esse.
969 3556 1171 3608 Idcirco
1203 3553 1423 3607 Paulum
1456 3560 1681 3614 evocat;
1727 3548 1866 3618 quod
1907 3563 2005 3600 att-

427 3661 531 3702 tem
559 3649 679 3702 ideo
706 3647 1011 3700 evocaverit
1031 3687 1046 3711 ,
1079 3645 1275 3698 indicat
1297 3642 1448 3697 nobis
1477 3643 1708 3710 scriptor
1730 3682 1744 3703 ,
1779 3639 2003 3708 subjun-

417 3753 551 3810 gens
577 3752 638 3791 ac
666 3737 850 3791 dicens
881 3755 894 3790 :
926 3736 1016 3791 24.
1054 3735 1176 3789 Post
1216 3736 1406 3803 aliquot
1444 3744 1612 3787 autem
1659 3733 1766 3786 dies
1806 3732 2006 3784 veniens

421 3827 575 3882 Felix
603 3844 716 3881 cum
749 3827 976 3881 Drusilla
1004 3843 1158 3882 uxore
1181 3843 1273 3880 sua
1296 3868 1309 3891 ,
1341 3842 1452 3894 qua:
1477 3835 1583 3878 erat
1607 3824 1790 3877 ludam
1815 3863 1828 3886 ,
1861 3840 2007 3875 voca.

417 3921 486 3973 uit
517 3919 740 3974 Paulum
764 3963 780 3987 ,
809 3930 857 3973 et
887 3921 1074 3974 audivit
1100 3919 1160 3972 ab
1190 3937 1246 3972 eo
1274 3919 1425 3988 [idem
1452 3961 1464 3983 ,
1493 3934 1605 3986 qua:
1643 3927 1713 3971 est
1756 3917 1809 3969 in
1854 3915 2004 3969 Citri—

414 4011 767 4067 stumJesum.
799 4013 891 4067 25.
939 4011 1243 4082 Disputante
1287 4020 1452 4064 autem
1489 4008 1580 4062 illo
1624 4009 1686 4062 de
1723 4008 1923 4079 justitia
1957 4018 2007 4060 et

416 4101 645 4160 castitate
667 4114 715 4159 et
735 4104 796 4158 de
815 4105 1016 4175 judicio
1041 4105 1212 4173 futuro
1232 4148 1246 4169 ,
1274 4102 1593 4172 tremefactus
1622 4100 1774 4155 Felix
1793 4116 2006 4169 respon-

419 4199 536 4253 dit:
565 4197 716 4263 Quod
739 4215 873 4252 nunc
901 4201 1110 4261 attinet,
1142 4197 1304 4262 vade;
1350 4205 1573 4264 tempore
1606 4205 1774 4248 autent
1813 4209 2004 4264 appor-

420 4300 542 4344 tuno
570 4306 821 4343 accersam
847 4299 895 4344 te
921 4305 940 4343 :
965 4289 1054 4344 26.
1079 4289 1229 4342 simul
1253 4303 1462 4358 sperans
1485 4291 1592 4358 fore
1612 4295 1664 4339 ut
1691 4285 1902 4355 pecunia
1928 4283 2007 4337 illi

419 4381 627 4434 daretur
653 4399 682 4434 a
713 4381 881 4436 Paulo
912 4392 964 4435 ut
992 4381 1202 4435 solveret
1233 4398 1345 4433 eum
1375 4394 1394 4433 :
1425 4389 1629 4448 propter
1666 4376 1802 4448 quod
1831 4386 1875 4429 et
1900 4379 2003 4438 fre-

414 4483 620 4539 quenter
645 4489 906 4526 accersens
929 4489 1040 4524 eum
1063 4513 1078 4538 ,
1103 4471 1396 4541 loquebatur
1434 4486 1546 4523 cum
1586 4485 1663 4522 eo.
1710 4467 1844 4522 Vide
1870 4483 2001 4535 quo-

420 4563 582 4616 modo
625 4578 746 4632 qua}
785 4563 982 4632 scripta
1029 4573 1191 4629 sunt,
1234 4563 1515 4616 veritatem
1559 4579 1666 4630 prie
1713 4577 1771 4614 se
1811 4559 2000 4615 ferant.

425 4655 749 4709 Accersebat
788 4671 908 4707 cum
959 4654 1306 4722 frequenter,
1356 4668 1463 4706 non
1504 4652 1775 4706 admirans
1819 4652 2000 4716 ἱιῐιιηι,

415 4760 586 4814 neque
616 4744 756 4798 dicta
793 4743 1054 4810 laudans,
1100 4759 1198 4798 nec
1243 4743 1382 4813 quod
1421 4743 1583 4796 vellet
1611 4743 1868 4806 credere;
1910 4744 2002 4797 sed

415 4835 543 4904 quid
567 4835 591 4889 τ
618 4834 933 4904 Exspectans
957 4876 971 4898 ,
1007 4835 1218 4903 inquit,
1254 4844 1306 4887 ut
1341 4835 1565 4902 pecuniae
1609 4833 1703 4886 sibi
1741 4834 2001 4888 darentur.

417 4925 552 4981 Vide
582 4925 850 4996 quomodo
881 4941 988 4980 non
1018 4927 1249 4981 occultet
1297 4927 1383 4980 hic
1420 4927 1614 4996 judicis
1657 4928 2000 4983 sententiam.

415 5019 580 5089 Atqui
607 5019 650 5072 si
672 5019 980 5073 damnasset
1011 5061 1025 5083 ,
1055 5035 1160 5072 non
1191 5018 1292 5073 hoc
1317 5017 1532 5073 fecisset
1557 5060 1572 5084 ,
1605 5035 1776 5089 neque
1802 5020 2001 5074 viduis-

417 5117 502 5162 set
531 5108 717 5163 audire
741 5107 1052 5162 damnatum
1081 5118 1132 5161 et
1160 5109 1464 5163 scelestum.
1500 5108 1568 5163 Et
1593 5109 1713 5164 vide
1743 5110 1963 5164 Paulum

415 5210 514 5252 etsi
545 5214 666 5253 eum
699 5199 939 5268 principe
983 5200 1322 5267 loquentem,
1373 5200 1499 5255 nihil
1547 5216 1732 5255 eorum
1781 5201 2000 5266 dicere,

417 5303 536 5356 qua:
562 5288 880 5344 videbantur
908 5307 1067 5359 pOSse
1107 5291 1342 5344 aninmm
1376 5291 1492 5359 ejus
1527 5291 1872 5357 demulcere;
1909 5293 2002 5347 sed

422 5394 541 5445 qua:
571 5380 716 5433 illum
747 5382 1058 5445 terrebant,
1090 5381 1313 5452 ejusque
1344 5392 1576 5437 mentem
1603 5384 1998 5438 concutiebant.

425 5470 698 5539 Disputans
723 5512 738 5535 ,
768 5473 975 5544 inquit,
1005 5474 1069 5529 de
1087 5474 1293 5545 justitia
1317 5517 1332 5540 ,
1363 5475 1427 5529 de
1449 5477 1678 5530 castitate
1701 5487 1746 5530 et
1775 5477 1835 5530 de
1859 5478 2000 5537 judi-

424 5558 498 5610 cio
523 5560 714 5625 futuro.
738 5561 1088 5633 Tremefactus
1117 5574 1188 5619 est
1217 5563 1386 5618 Felix.
1416 5566 1584 5619 Tanta
1615 5567 1692 5620 vis
1714 5576 1830 5620 erat
1855 5567 1998 5620 Pauli

424 5648 705 5704 verborum
732 5691 746 5715 ,
780 5661 837 5706 ut
865 5655 1157 5724 principem
1202 5665 1484 5711 terrerent.
1535 5657 1596 5710 Et
1651 5657 1738 5711 hic
1785 5657 1998 5724 quidem

425 5751 786 5797 snecessurcm
837 5746 1068 5815 accipit,
1128 5757 1182 5802 et
1229 5747 1367 5804 hunc
1426 5750 1657 5804 vinctum
1714 5750 1994 5821 relinquit,

2123 1524 2364 1592 quamvis
2393 1539 2500 1580 non
2529 1527 2846 1596 oportebat,
2879 1539 2934 1586 ct
2980 1530 3102 1588 ﬁnis
3148 1535 3504 1604 imponendos
3551 1551 3708 1610 erat;

2121 1615 2217 1670 sed
2245 1615 2337 1670 ille
2364 1617 2415 1670 in
2440 1616 2745 1674 Iudaeorum
2773 1623 2995 1692 gratiam
3021 1626 3238 1696 reliquit
3264 1629 3431 1684 illum.
3465 1632 3547 1686 Illi
3578 1649 3710 1690 vero

2121 1707 2199 1759 sic
2241 1709 2541 1777 urgebant,
2593 1719 2649 1764 ut
2695 1712 2886 1766 iterum
2941 1715 3080 1784 apud
3127 1717 3359 1786 judicem
3411 1721 3708 1793 instarent;

2121 1798 2363 1866 quamvis
2381 1799 2519 1868 apud
2549 1801 2752 1855 nullum
2783 1819 3030 1874 umquam
3055 1809 3422 1876 apostolorum
3452 1813 3530 1866 sie
3561 1830 3709 1869 urse-

2123 1890 2267 1953 rint,
2297 1890 2394 1944 sed
2425 1902 2702 1962 postquam
2733 1895 2785 1949 in
2817 1896 2938 1952 illos
2967 1898 3335 1966 incesserant,
3378 1903 3706 1963 destiterint.

2120 1977 2195 2032 ita
2227 1981 2494 2048 provisum
2521 1993 2604 2038 est
2627 2025 2644 2051 ,
2674 1996 2730 2040 ut
2756 1987 3088 2060 JerosMyma
3120 1992 3398 2049 recederet
3426 2037 3438 2059 .
3470 2013 3592 2052 cum
3627 2010 3709 2055 ta-

2121 2073 2257 2128 libus
2289 2075 2412 2129 l'eris
2441 2075 2724 2134 decertans
2750 2097 2764 2143 ;
2793 2091 2847 2134 et
2877 2091 3052 2137 tamen
3103 2084 3178 2138 illi
3214 2097 3404 2158 rogant
3439 2089 3610 2159 ipsum
3642 2110 3710 2149 eo

2118 2164 2309 2219 adduci
2352 2167 2722 2236 judicandum.
2770 2172 2876 2227 Sed
2923 2173 3012 2237 hic
3056 2192 3268 2233 rursum
3310 2184 3559 2251 apparuit
3612 2184 3709 2242 Dei

2120 2258 2446 2324 providentia
2478 2299 2495 2324 ,
2529 2262 2616 2330 qui
2667 2263 2719 2317 id
2752 2263 2988 2332 judicent
3037 2266 3216 2323 facere
3260 2287 3366 2324 non
3413 2275 3655 2343 permisit
3687 2293 3706 2334 :

2118 2347 2408 2404 verisimile
2451 2362 2599 2406 certe
2645 2361 2761 2407 erat
2802 2354 2975 2426 ipsum
3024 2374 3192 2427 nuper
3233 2360 3298 2414 ad
3349 2365 3706 2435 principatum

2115 2449 2356 2493 evectum
2380 2482 2392 2502 ,
2428 2441 2480 2495 id
2507 2442 2772 2499 facturum
2804 2447 2855 2500 in
2885 2448 3096 2504 illorum
3137 2453 3363 2521 gratiam
3404 2471 3564 2524 esse;
3608 2461 3705 2514 sed

2117 2545 2220 2580 non
2251 2531 2500 2585 concedit
2533 2533 2694 2588 Deus.
2741 2534 3032 2606 Postquam
3063 2550 3240 2595 autem
3273 2543 3704 2618 descenderant,

2118 2621 2476 2689 itnpudentius
2505 2635 2561 2680 et
2592 2628 2955 2684 vehementius
2984 2637 3353 2691 accusationes
3386 2639 3650 2697 intentant
3679 2663 3695 2699 :

2114 2729 2340 2785 eumque
2367 2733 2471 2771 non
2507 2731 2723 2786 possent
2755 2722 2903 2777 illum
2931 2742 2994 2779 ex
3029 2727 3284 2796 legalibus
3313 2746 3509 2801 capere
3533 2777 3548 2802 ,
3579 2753 3698 2792 rur-

2113 2823 2206 2862 sus
2232 2824 2328 2878 pro
2354 2826 2504 2865 more
2529 2828 2628 2866 suo
2655 2811 2922 2870 Ciesarem
2955 2819 3249 2886 inducunt,
3279 2834 3335 2876 ut
3362 2823 3576 2881 Christo
3606 2830 3704 2883 ob-

2108 2899 2372 2967 jecerunt.
2401 2901 2619 2957 Paulum
2649 2907 2794 2959 enim
2817 2921 2875 2960 se
2905 2909 3195 2966 defendere
3222 2914 3288 2968 de
3318 2915 3545 2985 objectis
3571 2937 3703 2975 eon-

2115 3002 2193 3046 tra
2254 2994 2522 3050 Caesarem
2583 3000 2856 3067 peccatis,
2918 3003 3088 3070 palam
3159 3017 3306 3072 erat,
3383 3011 3523 3066 unde
3585 3013 3700 3070 lucc

2111 3080 2391 3139 declarans
2417 3087 2588 3156 pergit
2619 3106 2631 3140 :
2663 3088 2753 3142 27.
2787 3089 2999 3144 Biennio
3027 3105 3192 3146 autem
3223 3097 3420 3166 expleto
3440 3143 3455 3167 ,
3504 3108 3701 3176 accepit

2111 3191 2441 3230 successorem
2497 3177 2650 3234 Felix
2703 3181 2945 3236 Porcium
3002 3185 3231 3239 Festum.
3295 3189 3331 3241 ν
3337 3192 3476 3245 olens
3529 3208 3697 3254 autem

2110 3271 2326 3338 gratiam
2358 3283 2597 3340 praestare
2617 3273 2816 3330 Judtcis
2845 3277 2994 3332 Felix
3018 3324 3031 3346 ,
3075 3283 3277 3351 reliquit
3319 3283 3545 3340 Paulum
3583 3293 3695 3344 rin-

2111 3370 2262 3413 ctuni.
2299 3360 2446 3430 (Cap.
2477 3362 2599 3440 25.)
2644 3367 2692 3419 1.
2744 3366 2926 3424 Festus
2967 3388 3084 3441 ergo
3122 3387 3355 3443 suscepta
3397 3382 3693 3448 provincia,
3747 3376 3757 3386 ’

2113 3464 2221 3516 post
2252 3456 2474 3508 triduum
2518 3460 2739 3512 ascendit
2784 3461 3014 3516 CaIsarca
3042 3463 3434 3537 Jerosolymam.
3461 3472 3515 3525 2.
3544 3473 3696 3528 Adie-

2110 3558 2323 3614 runtque
2351 3548 2496 3602 illum
2523 3552 2772 3621 principes
2799 3557 3113 3608 sacerdotum
3143 3568 3191 3610 et
3218 3560 3370 3628 primi
3393 3560 3694 3620 Judazorum

2109 3641 2349 3696 adversus
2400 3641 2656 3708 Paulum,
2700 3655 2745 3697 et
2794 3647 3036 3714 rogabant
3084 3666 3234 3712 eum;
3281 3652 3333 3705 5.
3381 3657 3694 3721 postulantes

2109 3734 2328 3802 gratiam
2355 3735 2592 3789 adversus
2621 3753 2733 3790 eum
2753 3782 2764 3800 ,
2794 3748 2848 3790 ut
2865 3741 3064 3810 juberet
3092 3743 3299 3808 perduci
3325 3762 3437 3797 eum
3466 3747 3516 3798 in
3542 3747 3695 3802 Jeru-

2109 3825 2303 3890 salem,
2337 3827 2548 3881 insidias
2575 3829 2830 3883 tendentes
2872 3840 2924 3883 ut
2955 3833 3290 3901 interﬁcerent
3335 3853 3446 3890 eum
3490 3841 3542 3892 in
3591 3842 3688 3897 via.

2109 3921 2165 3971 4.
2200 3918 2379 3972 Festus
2410 3937 2522 3973 vero
2553 3923 2810 3989 respondit
2835 3965 2848 3988 ,
2881 3933 2934 3976 ut
2961 3937 3244 3980 servaretur
3269 3932 3468 3997 quidem
3499 3931 3694 3988 Paulus

2109 4009 2390 4074 Caesar-etv,
2419 4028 2472 4064 se
2497 4028 2609 4064 vero
2636 4014 2768 4065 brevi
2806 4014 2895 4067 illo
2935 4017 3296 4084 profecturum.
3336 4023 3388 4076 5.
3436 4021 3537 4086 Qui
3581 4041 3692 4079 vero

2108 4101 2238 4154 inter
2261 4116 2344 4152 vos
2371 4142 2383 4162 ,
2417 4101 2585 4168 inquit
2612 4144 2626 4166 ,
2661 4114 2884 4171 potentes
2908 4116 3024 4158 sunt
3049 4148 3061 4169 ,
3106 4108 3458 4164 descendentes
3495 4115 3649 4168 simul
3673 4158 3688 4180 ,

2109 4191 2152 4242 si
2179 4190 2312 4258 quod
2338 4200 2408 4243 est
2432 4193 2654 4257 crimen,
2683 4205 2917 4247 accusent
2941 4211 3073 4251 eum.
3116 4198 3171 4252 6.
3202 4198 3501 4258 Demaratus
3524 4215 3691 4259 autem

2109 4279 2239 4334 inter
2257 4296 2340 4334 eos
2362 4280 2536 4334 diebus
2558 4281 2674 4352 plus
2698 4301 2849 4353 quam
2873 4288 3039 4340 decem
3065 4328 3079 4353 ,
3104 4289 3356 4343 descendit
3378 4291 3655 4348 Cwsaream
3672 4337 3687 4362 ,

2109 4385 2155 4428 et
2184 4385 2383 4443 postero
2422 4375 2505 4428 die
2546 4376 2672 4429 sedit
2716 4394 2810 4447 pro
2852 4377 3132 4447 tribunali,
3164 4383 3418 4453 jussitque
3465 4384 3688 4441 Paulum

2108 4466 2314 4519 adduci.
2351 4467 2402 4520 7.
2437 4467 2536 4533 Qui
2574 4485 2688 4521 cum
2735 4470 3005 4530 perductus
3050 4483 3209 4539 esset,
3257 4477 3688 4532 circmnstetcrunt

2109 4574 2220 4610 eum
2245 4597 2261 4622 ,
2289 4559 2378 4627 qui
2407 4575 2438 4611 α
2465 4557 2751 4612 Jerusalem
2783 4561 3138 4616 descenderant
3162 4563 3332 4618 Judaei
3353 4609 3368 4634 ,
3418 4569 3602 4622 multas
3645 4581 3688 4622 et

2107 4668 2284 4720 graves
2331 4667 2512 4704 causas
2559 4651 2846 4720 objicientes
2885 4653 3056 4708 Paulo
3081 4696 3094 4718 ,
3151 4673 3274 4726 quas
3312 4675 3414 4711 non
3462 4671 3688 4727 poterant

2109 4743 2321 4812 probare
2345 4758 2364 4795 :
2385 4743 2438 4798 8.
2473 4741 2637 4796 Paulo
2663 4745 3171 4800 rationein-reddente
3195 4790 3208 4813 ,
3250 4751 3488 4818 quoniam
3537 4768 3690 4820 neque

2108 4835 2159 4887 in
2187 4836 2343 4904 legem
2372 4833 2670 4888 Judazorum
2695 4876 2710 4898 ,
2741 4853 2897 4904 neque
2927 4838 2977 4890 in
3003 4839 3279 4907 templum,
3318 4857 3476 4910 neque
3499 4843 3548 4894 in
3577 4841 3687 4896 Ca:-

2107 4944 2270 4980 sarem
2302 4927 2520 4998 peccaui.
2551 4927 2604 4982 9.
2647 4925 2831 4981 Festus
2871 4939 3039 4982 autem
3082 4931 3253 4982 volens
3297 4934 3513 5000 gratiam
3554 4951 3688 5003 pra:-

2106 5029 2240 5072 stare
2264 5017 2463 5070 Judu‘is
2485 5059 2499 5081 ,
2531 5019 2838 5088 respondens
2867 5019 3032 5074 Paulo
3053 5059 3073 5086 ,
3101 5022 3230 5074 dixit
3257 5038 3275 5076 :
3313 5021 3396 5077 Vis
3419 5023 3656 5094 Jercsoly
3673 5059 3688 5069 η

2109 5127 2243 5162 niam
2272 5109 2571 5162 descendere
2593 5152 2608 5173 ,
2635 5121 2682 5163 et
2707 5110 2775 5164 ibi
2802 5113 2863 5164 de
2887 5111 2964 5166 liis
2980 5113 3206 5183 jndicari
3228 5117 3370 5182 apud
3399 5119 3516 5170 me!
3561 5117 3691 5170 Vide

2107 5202 2374 5273 quOIIIUdO
2400 5211 2456 5257 et
2487 5203 2576 5257 ille
2601 5203 2664 5257 Ju
2689 5206 2798 5258 laris
2821 5207 3180 5274 gratilicatur,
3213 5209 3464 5263 universo
3495 5211 3685 5280 popula

2106 5304 2161 5347 et
2212 5294 2434 5349 civitati.
2483 5294 2606 5348 Ideo
2644 5311 2840 5360 rursus
2891 5298 3038 5352 illiilli
3091 5299 3396 5367 term-facit,
3445 5302 3690 5356 humanis

2109 5397 2262 5442 utens
2288 5387 2453 5442 armis
2481 5405 2495 5441 :
2525 5397 2578 5441 et
2603 5388 2723 5440 andi
2754 5389 3041 5456 quomodo.
3071 5392 3160 5446 10,
3194 5392 3333 5447 Dixit
3357 5405 3525 5448 autem
3551 5395 3690 5448 Pau-

2109 5479 2188 5532 lus
2217 5496 2235 5533 :
2265 5479 2345 5533 Ad
2366 5479 2589 5534 tribunal
2612 5479 2827 5536 Cwsaris
2851 5493 2926 5536 sto
2948 5499 2968 5547 ;
2989 5484 3056 5538 ibi
3095 5502 3175 5538 me
3209 5497 3400 5554 Oportet
3431 5487 3675 5558 judicari.

2106 5569 2305 5624 Judwis
2334 5571 2463 5624 nihil
2491 5573 2639 5625 nocui
2663 5615 2677 5637 ,
2701 5574 2829 5626 sicut
2857 5585 2910 5627 tu
2940 5576 3114 5628 melius
3140 5578 3292 5630 nosti.
3323 5579 3410 5632 il.
3453 5578 3513 5634 Si
3555 5581 3685 5633 enim

2109 5663 2256 5713 nocui
2273 5702 2287 5726 ,
2310 5671 2396 5714 aut
2412 5662 2620 5732 dignum
2645 5675 2802 5717 morte
2821 5665 3015 5734 aliquid
3037 5667 3134 5735 [cci
3157 5707 3170 5730 ,
3193 5682 3295 5723 non
3319 5684 3494 5723 recuso
3515 5671 3640 5723 mori
3667 5684 3683 5722 :

2110 5755 2148 5807 si
2181 5769 2290 5807 νει-ο
2333 5753 2461 5808 nihil
2505 5765 2575 5810 est
2618 5772 2830 5825 eorum,
2880 5773 2991 5826 qua:
3019 5760 3069 5811 hi
3115 5773 3349 5814 accusant
3391 5777 3505 5828 me,
3552 5777 3691 5816 nemo
