4148 6152
315 215 423 270 553

318 330 460 401 πίνῳ
489 327 830 400 χρησάμενος
842 328 1010 396 ὅπλῳ·
1034 327 1128 379 καὶ
1152 325 1316 379 ἄκουε
1333 324 1467 387 πῶς.
1493 319 1642 376 Εἶπε
1664 321 1733 375 δὲ
1759 324 1791 376 ό
1814 319 1973 375 Παῦ-

315 419 446 483 λος·
467 415 597 473 Ἐπί
619 413 723 469 τοῦ
736 414 1011 483 βήματος
1031 415 1330 480 Καίσαρος
1350 410 1539 476 ἑστώς
1561 413 1697 478 ειμι,
1711 404 1782 464 οὗ
1799 424 1871 476 με
1886 407 1982 461 δεῖ

316 503 646 571 κρίνεσθαι.
711 500 1031 565 Ἰουδαίους
1074 498 1255 553 οὐδὲν
1287 497 1549 564 ἠδίκησα
1570 537 1584 557 ,
1624 497 1700 561 ὡς
1754 495 1847 549 καὶ
1896 494 1979 548 σὺ

316 590 572 644 κάλλιον
594 587 1106 657 ἐπιγινώσκεις.Εί
1127 584 1246 655 μὲν
1265 586 1377 654 γὰρ
1417 582 1600 638 ἀδικῶ
1618 625 1632 647 ,
1669 583 1765 637 καί
1808 582 1982 646 ἄξιον

318 679 577 735 θανάτου
606 678 884 748 πέπραχά
910 695 988 742 τι,
1018 679 1090 731 οὐ
1116 676 1505 744 παραὶτοῦμαι
1534 676 1600 728 τὸ
1630 674 1976 730 ἀποθανεῖν·

317 771 371 821 εὶ
393 767 463 821 δὲ
484 765 665 821 οὐδέν
688 766 860 820 ἐστιν
882 759 970 819 ὧν
993 759 1161 819 οὗτοι
1189 762 1592 832 κατηγοροῦσί
1611 779 1755 833 μου,
1783 761 1972 827 οὐδείς

312 871 392 926 με
420 855 668 909 δύναται
702 852 907 917 αὐτοῖς
939 852 1322 920 χαρίσασθαι.
1361 851 1635 919 Καίσαρα
1665 848 1984 903 ἐπικαλοῦ-

312 957 440 1011 μαι.
476 940 618 995 Ἀλλ’
652 939 796 993 είποι
817 939 882 993 ἀν
912 956 994 1002 τις
1022 936 1256 992 ἐνταῦθα
1277 954 1289 966 ·
1320 936 1428 990 Kal
1454 936 1598 999 τίνος
1615 935 1799 989 ἕνεκεν
1821 934 1984 989 ἀκού-

320 1045 441 1092 σας,
484 1028 567 1081 δτι
610 1025 719 1081 Καὶ
755 1027 825 1081 ἐν
874 1023 1064 1093 Ῥώμῃ
1097 1040 1171 1078 σε
1198 1023 1290 1079 δεῖ
1325 1022 1706 1093 μαρτυρῆσαι
1750 1021 1820 1076 τὰ
1852 1019 1985 1089 περὶ

315 1116 486 1187 ἐμοῦ,
518 1115 594 1178 ὡς
626 1112 870 1168 ἀπιστῶν
893 1112 1067 1168 ταῦτα
1098 1112 1305 1176 ἐποίει;
1340 1111 1432 1183 Μή
1462 1112 1693 1179 γένοιτο,
1728 1109 1864 1163 ἀλλά
1890 1110 1985 1163 καὶ

320 1203 527 1274 σφόδρα
546 1200 836 1256 πιστεύων.
855 1200 1073 1256 Μᾶλλον
1094 1196 1188 1254 οὖν
1215 1199 1568 1270 πειράζοντος
1591 1193 1658 1270 ἦν
1679 1198 1740 1251 τὸ
1764 1197 1985 1268 θαρρεῖν

318 1289 504 1361 ἐκείνῃ
645 1288 955 1359 ἀποφάσει,
983 1288 1079 1344 καὶ
1123 1290 1204 1350 είς
1239 1287 1464 1360 μυρίους
1492 1287 1682 1340 ἐαυτὸν
1711 1297 1738 1326 ι
1774 1284 1984 1356 ἐμϐάλ-

318 1375 433 1429 λειν
476 1374 770 1439 κινδύνους,
807 1376 901 1429 καὶ
943 1375 1152 1443 λέγειν·
1189 1374 1415 1444 Ἰδωμεν
1448 1376 1497 1427 εἰ
1524 1372 1747 1427 δύναται
1789 1375 1817 1425 ό
1853 1372 1985 1433 Θεὸς

322 1459 473 1533 [581]
497 1461 591 1514 καὶ
616 1459 789 1524 οὕτως
809 1461 1083 1528 ἐξελέσθαι
1117 1477 1203 1531 με.
1240 1460 1381 1514 Ἀλλ’
1400 1462 1461 1514 οὐ
1492 1462 1635 1512 ποιεῖ
1654 1459 1810 1512 τοῦτο
1836 1458 1984 1512 Παῦ-

319 1544 433 1609 λος,
454 1544 589 1598 ἀλλά
609 1545 678 1597 τά
702 1543 824 1598 καθ’
845 1543 1036 1598 ἐαυτὸν
1057 1544 1235 1598 πάντα
1265 1545 1526 1616 εἰσφέρει,
1554 1544 1615 1597 τὸ
1633 1545 1741 1596 πᾶν
1766 1543 1985 1613 ἐπιτρέ-

322 1649 443 1686 πων
470 1632 548 1702 τῷ
576 1631 696 1702 Θεῷ
717 1646 730 1657 ‘
771 1632 952 1706 ἠρέμα
993 1632 1051 1686 δὲ
1087 1634 1182 1686 καὶ
1214 1632 1551 1687 καθάπτεται
1581 1630 1676 1685 τοῦ
1726 1631 1986 1701 ἄρχοντος

321 1718 495 1783 οὕτως
530 1720 995 1790 ἀπολογούμενος·
1042 1720 1325 1790 μονονουχὶ
1354 1719 1465 1791 γάρ
1509 1718 1666 1773 τοῦτο
1709 1715 1884 1784 λέγει·
1922 1716 1986 1769 El

325 1805 427 1877 μὲν
454 1806 645 1870 ἀδικῶ,
677 1806 886 1870 καλῶς·
918 1806 968 1860 εί
993 1805 1049 1860 δέ
1081 1808 1183 1861 οὐκ
1205 1807 1397 1869 ἀδικῶ,
1423 1806 1476 1858 τί
1505 1821 1571 1875 με
1598 1803 1855 1868 ἐκδίδως;
1885 1803 1991 1856 Οὐ-

322 1888 452 1956 δεὶς
473 1888 726 1960 δύναταί
752 1906 850 1960 με,
883 1889 1039 1959 φησὶ,
1081 1890 1462 1958 χαρίσασθαι.
1493 1887 1584 1949 Εἰς
1619 1885 1784 1954 φόϐον
1824 1884 1988 1939 αὐτὸν

323 1975 576 2032 ἐνέϐαλεν
602 1976 744 2031 ὥστε
774 1977 910 2048 μηδέ
941 1977 1135 2031 ἐκόντα
1163 1974 1490 2047 χαρίσασθαι
1508 2014 1524 2037 ,
1555 1973 1692 2027 ἀλλά
1721 1973 1813 2026 καὶ
1851 1971 1990 2043 πρὸς

323 2059 565 2124 ἐκείνους
602 2060 747 2131 ἐχειν
781 2059 1078 2128 ἀπολογίαν
1108 2060 1206 2129 τὴν
1250 2058 1458 2127 ἐφεσιν.
1501 2057 1638 2112 Τότε
1686 2059 1719 2110 ό
1752 2054 1991 2124 Φῆστος

321 2148 733 2214 συλλαλήσας
748 2148 900 2217 μετά
925 2146 1033 2201 τοῦ
1060 2146 1454 2215 συμϐουλίου,
1487 2145 1775 2214 ἀπεκρίθη
1797 2159 1810 2174 ’
1846 2144 1988 2199 Καί-

324 2250 485 2302 σαρα
515 2234 935 2300 ἐπικέκλησαι,
961 2232 1056 2287 ἐπὶ
1093 2232 1367 2300 Καίσαρα
1393 2233 1683 2301 πορεύσῃ.

399 2314 466 2384 β’.
487 2315 652 2387 Ὅρα,
680 2314 1055 2369 ἀνακοινοῦται
1082 2316 1159 2386 τῷ
1186 2315 1481 2387 Ἀγρίππᾳ,
1498 2315 1640 2370 ὥστε
1660 2317 1753 2370 καὶ
1774 2316 1991 2388 ἐτέρους

325 2395 579 2464 γενέσθαι
630 2395 792 2449 πάλιν
830 2396 1145 2466 ἀκροατάς,
1185 2399 1278 2451 καὶ
1322 2398 1413 2451 τὸν
1459 2397 1718 2469 βασιλέα,
1766 2399 1864 2452 καὶ
1899 2399 1991 2452 τὸν

327 2488 581 2557 στρατὸν,
633 2491 727 2542 καὶ
773 2489 869 2561 τὴν
911 2490 1193 2562 Βερνίκην.
1236 2487 1368 2544 Εἶτα
1408 2490 1465 2544 δέ
1496 2490 1658 2545 πάλιν
1706 2490 1989 2560 ἀπολογία.

338 2572 605 2642 Ἥμερῶν
653 2573 724 2628 δὲ
758 2575 1224 2646 διαγενομένων,
1268 2578 1594 2645 Ἀγρίππας
1622 2580 1656 2632 ό
1693 2578 1994 2644 ,ϐασιλεὺς

327 2662 431 2716 καί
474 2662 728 2731 Βερνίκη
768 2664 1157 2732 κατήντησαν
1196 2667 1283 2731 είς
1327 2663 1689 2734 Καισάρειαν
1725 2666 1994 2720 ἀσπασόσ

322 2763 496 2817 μενοι
539 2746 648 2801 τὸν
674 2748 937 2815 Φῆστον.
987 2750 1084 2817 Ὧς
1127 2749 1197 2803 δὲ
1238 2752 1487 2818 πλείους
1519 2752 1743 2822 ἡμέρας
1783 2752 1996 2820 διέτρι-

326 2836 439 2888 ϐον
463 2833 608 2899 ἐκεῖ,
639 2837 673 2890 ό
700 2834 936 2904 Φῆστος
960 2835 1040 2902 τῷ
1065 2836 1314 2901 ,ϐασιλεῖ
1338 2837 1583 2892 ἀνέθετο
1611 2839 1685 2892 τὰ
1713 2839 1863 2892 κατὰ
1888 2838 1999 2892 τὸν

330 2922 605 2986 Παῦλον,
647 2922 869 2992 λέγων·
928 2923 1101 2992 Ἀνήρ
1145 2924 1240 2989 τίς
1278 2924 1409 2978 ἐστι
1458 2924 1999 2995 καταλελειμμένος

329 3012 451 3069 ὑπὸ
480 3013 745 3079 Φήλικος
781 3013 1026 3080 δέσμιος
1046 3030 1062 3046 ·
1105 3013 1242 3080 περὶ
1270 3009 1365 3074 οὗ,
1397 3012 1723 3081 γενομένου
1746 3031 1867 3081 μου
1909 3017 1998 3081 είς

343 3096 746 3164 Ἰεροσόλυμα.
765 3095 1134 3163 ἐνεφάνισαν
1152 3096 1207 3147 οι
1231 3095 1526 3164 ἀρχιερεῖς
1546 3095 1645 3148 καί
1667 3097 1721 3149 οί
1743 3097 1970 3163 πρεσϐύ
1982 3127 2001 3138 -

330 3197 493 3251 τεροι
520 3180 639 3236 τῶν
679 3181 1008 3248 Ἰουδαίων,
1045 3183 1383 3250 αἰτούμενοι
1416 3182 1546 3235 κατ’
1573 3181 1760 3235 αὐτοῦ
1797 3180 1995 3250 δίκην.

332 3270 490 3339 Πρὸς
512 3269 621 3336 οὓς
646 3271 998 3339 ἀπεκρίθην,
1037 3267 1127 3322 ὅτι
1164 3270 1287 3329 Οὐκ
1318 3268 1490 3323 ἔστιν
1516 3268 1653 3334 ἔθος
1693 3267 2001 3337 Ῥωμαίοις

334 3355 675 3427 χαρίζεσθαί
704 3373 839 3411 τινα
876 3357 1194 3425 ἄνθρωπον
1231 3358 1320 3421 είς
1354 3353 1678 3423 ἀπώλειαν,
1716 3356 1859 3426 πρὶν
1896 3357 1936 3424 ἢ
1969 3359 2004 3411 ό

333 3444 851 3512 κατηγορούμενος
886 3442 1036 3496 κατὰ
1063 3445 1389 3511 πρόσωπον
1425 3442 1554 3510 ἔχοι
1582 3443 1726 3510 τοὺς
1762 3444 2005 3513 κατηγό-

329 3545 501 3596 ⁴ρους,
535 3531 724 3584 τόπον
753 3547 818 3584 τε
841 3531 1173 3597 ἀπολογίας
1195 3528 1370 3584 λάϐοι
1397 3531 1529 3600 περὶ
1563 3531 1671 3585 τοῦ
1700 3530 2001 3602 ἐγκλήμα-

337 3633 462 3682 τος.
517 3616 944 3671 Συνελθόντων
987 3612 1102 3670 οὖν
1146 3614 1348 3670 αὐτῶν
1392 3617 1604 3673 ἐνθάδε
1621 3660 1635 3683 ,
1696 3618 2007 3687 ἀναϐολὴν

335 3702 634 3775 μηδεμίαν
678 3700 1116 3771 ποιησάμενος,
1162 3700 1237 3771 τῇ
1272 3702 1420 3770 ἑξῆς
1461 3705 1719 3773 καθίσας
1760 3707 1858 3760 ἐπὶ
1898 3707 2004 3762 τοῦ

332 3787 645 3859 βήματος,
692 3787 993 3842 ἐκέλευσα
1032 3787 1293 3857 ἀχθῆναι
1334 3791 1443 3845 τὸν
1489 3790 1701 3859 ἀνδρα.
1749 3793 1887 3861 Περὶ
1931 3789 2004 3850 οὗ

338 3874 665 3941 σταθέντες
693 3877 749 3928 οι
784 3875 1098 3944 κατήγοροι
1130 3876 1417 3945 οὐδεμίαν
1458 3879 1656 3931 αἰτίαν
1690 3878 2004 3948 ἐπέφερον,

337 3956 432 4019 ὢν
452 3963 756 4016 ὑπενόουν
778 3961 910 4032 ἐγώ·
946 3958 1243 4031 ζητήματα
1275 3961 1344 4015 δέ
1370 3980 1505 4016 τινα
1538 3965 1670 4032 περὶ
1707 3964 1817 4033 τῆς
1855 3966 2010 4032 ιδίας

340 4049 810 4119 δεισιδαιμονίας
853 4045 1022 4120 εἶχον
1069 4050 1221 4118 πρὸς
1269 4049 1458 4105 αὐτὸν
1476 4091 1490 4115 ,
1526 4051 1627 4106 καὶ
1669 4053 1805 4121 περί
1846 4070 2011 4120 τινος

354 4135 560 4204 Ἰησοῦ
606 4137 996 4204 τεθνηκότος,
1048 4136 1121 4191 δν
1172 4139 1445 4207 ἔφασκεν
1503 4142 1536 4194 ό
1586 4140 1825 4206 Παῦλος
1879 4139 2006 4210 ζῆν.

353 4226 791 4296 Ἀπορούμενος
838 4224 907 4279 δὲ
952 4224 1068 4296 ἐγὼ
1111 4226 1244 4295 περὶ
1296 4225 1414 4295 τὴν
1451 4228 1666 4282 τούτου
1725 4226 2007 4297 ζήτησιν,

340 4309 589 4381 ἔλεγον,
628 4314 683 4366 εί
714 4312 1002 4377 βούλοιτο
1048 4315 1408 4382 πορεύεσθαι
1452 4315 1540 4380 είς
1592 4314 2010 4384 Ἰερουσαλὴμ.

343 4397 518 4453 κάκεῖ
550 4400 856 4468 κρίνεσθαι
900 4399 1036 4468 περὶ
1075 4402 1320 4455 τούτων.
1365 4400 1476 4454 Τοῦ
1514 4400 1582 4453 δὲ
1612 4403 1857 4456 Παύλου
1886 4403 2014 4456 ἐπι-

344 4486 761 4554 καλεσαμένω
783 4483 1109 4553 τηρηθῆναι
1130 4477 1317 4539 αὺὶόν
1335 4487 1423 4550 είς
1446 4483 1562 4552 τὴν
1578 4486 1683 4539 τοῦ
1705 4487 2013 4541 Σεϐαστοῦ

343 4571 689 4642 διάγνωσιν,
725 4572 1025 4626 ἐκέλευσα
1048 4573 1351 4640 τηρεῖσθαι
1377 4571 1585 4636 αὐτὸν,
1616 4572 1726 4638 ἕως
1754 4573 1832 4627 ἂν
1862 4572 2011 4643 πέμ-

343 4666 442 4732 ψω
487 4661 677 4717 αὐτὸν
707 4660 856 4730 πρὸς
899 4661 1192 4729 Καίσαρα.
1236 4659 1562 4729 Ἀγρίππας
1606 4659 1676 4713 δὲ
1712 4662 1864 4729 πρὸς
1906 4662 2014 4717 τόν

345 4749 589 4819 Φῆστον
628 4747 763 4816 ἔφη·
799 4747 1167 4815 Ἐϐουλόμην
1203 4747 1302 4799 καὶ
1340 4745 1523 4812 αὐτὸς
1558 4746 1664 4801 τοῦ
1700 4732 2013 4816 ἀνθρώπου

345 4837 626 4893 ἀκοῦσαι.
665 4836 729 4890 '0
750 4834 841 4901 δὲ,
876 4834 1114 4903 Αὔριον,
1143 4834 1327 4904 φησὶν,
1353 4834 1589 4903 ἀκούσῃ
1630 4835 1836 4890 αὑτοῦ.
1872 4838 2013 4907 Ὅρα

347 4924 685 4996 κατηγορίαν
707 4922 989 4981 ,Ἰουδαίων
1013 4921 1193 4985 πάλιν,
1226 4922 1286 4974 οὐ
1316 4922 1466 4993 παρά
1491 4922 1586 4976 τοῦ
1617 4923 1851 4990 Παύλου,
1880 4922 2015 4979 άλλᾶ

347 5013 504 5085 παρά
528 5011 622 5066 τοῦ
656 5012 936 5082 ἄρχοντος.
979 5008 1393 5078 ἐνεφάνισαν,
1426 5010 1613 5080 φησὶν,
1641 5014 1695 5065 cl
1723 5012 2017 5082 ἀρχιερεῖς

347 5099 448 5154 καὶ
470 5102 524 5154 al
546 5100 933 5168 πρεσϐύτεροι
968 5095 1087 5151 τῶν
1135 5097 1458 5163 Ἰουδαίων,
1506 5100 1844 5169 αίτούμενοι
1888 5102 2014 5154 κατ’

346 5188 536 5243 αὐτοῦ
572 5188 771 5256 δίκην.
820 5186 983 5254 Πρὸς
1009 5184 1118 5251 οὓς
1145 5182 1261 5251 ἐγὼ
1290 5184 1638 5254 ἀπεκρίθην.
1674 5188 1816 5257 Ὅρα
1846 5188 1940 5241 καὶ
1963 5185 2019 5240 τί

349 5274 705 5346 ἀποκρίνεται
734 5274 814 5337 εἰς
844 5272 1106 5344 αἰσχύνην
1149 5270 1329 5326 αὐτῶν
1349 5288 1363 5303 ·
1392 5273 1475 5326 ὅτι
1510 5274 1633 5328 Οὐκ
1677 5273 1853 5327 ἔστιν
1879 5273 2019 5339 ἔθος

361 5360 668 5430 Ῥωμαίοις
698 5357 1042 5432 χαρίζεσθαί
1075 5376 1208 5414 τινα
1236 5357 1551 5429 ἄνθρωπον
1579 5362 1668 5427 εις
1693 5360 2015 5415 ἀπώλειαν·

351 5447 602 5501 τουτέστι
626 5486 641 5511 ,
685 5449 818 5519 πρὶν
844 5447 879 5519 ἢ
910 5446 1069 5514 λόγου
1100 5446 1250 5517 αὐτῷ
1290 5447 1612 5516 μεταδοῦναι
1654 5447 1914 5502 ἀδύνατον
1958 5446 2021 5499 τὸ

353 5533 672 5605 χαρίζεσθαι
699 5533 906 5597 ἁπλῶς.
940 5533 1097 5587 Κατὰ
1122 5532 1183 5588 τὸ
1213 5534 1402 5602 εἰωθὸς
1429 5535 1488 5591 δὲ
1515 5534 1770 5606 ποιήσας,
1804 5535 1903 5604 οὐχ
1927 5524 2020 5586 εὖ·

355 5636 449 5693 ρεν
477 5614 689 5675 αἰτίαν·
744 5622 866 5673 ὅθεν
897 5622 989 5674 καὶ
1013 5621 1295 5690 ἀπορεῖται
1339 5621 1432 5674 ἐπὶ
1475 5620 1665 5692 τούτῳ.
1711 5621 1820 5675 Kal
1865 5620 2021 5690 δῆλον

414 5721 443 5753 ³
469 5718 605 5771 Lnus
638 5719 721 5783 [Α.
746 5718 825 5783 Β]
868 5719 1148 5782 ἐπιϐάλλειν,
1173 5720 1318 5770 male.

1191 208 1247 263 S.
1289 204 1573 261 JOANNIS
1609 203 2097 261 CHRYSOSTOMI
2133 203 2455 262 ARCHIEP.
2494 206 3043 267 CONSTANTINOP.
3158 239 3166 248 -

3643 212 3759 270 353$

2082 318 2242 373 τοῦτο
2272 320 2338 373 δι’
2379 315 2455 376 ὧν
2497 322 2767 393 ἐπήγαγε,
2814 325 2990 392 λέγων
3009 342 3023 356 ·
3076 326 3502 393 Ἄπορούμενος
3538 326 3605 379 δὲ
3634 323 3757 394 ἐγὼ

2082 406 2218 474 περὶ
2254 408 2369 474 τὴν
2405 410 2631 462 τούτων
2661 408 2931 478 ζήτησιν.
2965 410 3153 474 Οὕτως
3180 407 3323 475 εἷπε,
3352 410 3663 474 συσκιάζων
3691 408 3757 462 τδ

2079 494 2277 546 οίκεῖον
2305 495 2630 566 ἁμάρτημα.
2662 498 2774 550 Kal
2801 500 3005 561 ἐκεῖνος
3040 498 3139 569 μὲν
3180 499 3484 563 συσκιάξει,
3529 495 3760 570 Ἀγρίπ-

2082 597 2189 643 πας
2225 580 2283 634 δὲ
2329 582 2586 651 ἐπιθυμεῖ
2630 584 2758 636 ίδεῖν
2795 585 2979 638 αὐτόν.
3019 585 3162 655 Ὅρα
3200 586 3289 638 ἀεὶ
3332 586 3460 648 τοὺς
3486 585 3756 654 ἄρχοντας

2081 666 2532 738 διακρουομένους
2551 670 2649 741 τὴν
2668 671 2967 740 ἐπάχθειαν
2996 671 3094 742 τὴν
3129 671 3453 742 ’ίουδαῖκὴν,
3484 672 3578 725 καὶ
3601 668 3758 741 παρὰ

2083 754 2142 809 τὸ
2174 754 2383 808 δίκαιον
2417 757 2900 827 ἀναγκαζομένους
2932 757 3195 821 πολλάκις
3241 760 3416 811 ποιεῖν
3437 796 3452 822 ,
3486 757 3584 811 καὶ
3626 772 3758 828 προ-

2080 840 2277 909 φάσεις
2310 840 2461 913 [382]
2511 842 2902 911 ἐπιζητοῦντας
2947 845 3048 914 τῆς
3094 843 3403 916 ἀναϐολῆς·
3433 845 3496 897 οὐ
3534 843 3646 915 γὰρ
3689 840 3759 912 δὴ

2083 927 2293 996 ἀγνοῶν
2328 928 2638 994 ἀνεϐάλετο,
2666 928 2780 984 ἀλλ’
2811 929 2985 993 εἰδώς.
3022 932 3084 985 Ὀ
3124 931 3182 986 δὲ
3225 930 3535 1001 Ἀγρίππας
3563 930 3623 982 οὐ
3659 929 3761 1000 μδ-

2092 1031 2173 1070 θον
2201 1016 2261 1070 οὐ
2290 1016 2655 1088 διακρούεται,
2704 1017 2840 1071 ἀλλά
2878 1019 2973 1072 καὶ⁸
3016 1017 3245 1072 ἀκοῦσαι
3273 1018 3550 1088 βούλεται·
3598 1016 3628 1071 ὃ
3660 1016 3759 1070 καὶ

2085 1103 2363 1175 Θαυμάσαι
2400 1105 2568 1170 ἀξιον,
2600 1106 2762 1160 πόθεν
2801 1108 2881 1169 εἰς
2922 1107 3216 1178 ἐπιθυμίαν
3246 1107 3484 1176 κατέστη
3511 1104 3604 1158 τοῦ
3634 1103 3761 1175 βού-

2084 1190 2272 1245 λεσθαι
2305 1193 2430 1245 ίδεῖν
2457 1192 2760 1263 ἄνθρωπον,
2796 1195 2845 1246 εί
2875 1192 2968 1246 καὶ
3001 1192 3222 1258 ἀδίκως,
3243 1193 3393 1263 ὅμως
3420 1191 3761 1261 κατηγορού-

2088 1294 2268 1348 μενον.
2307 1280 2491 1342 Οὒτως
2523 1275 2591 1348 ἦν
2622 1280 2715 1332 καὶ
2752 1279 2910 1334 τοῦτο
2937 1279 3268 1350 οἰκονομίας.
3301 1279 3393 1333 Διὸ
3423 1279 3520 1333 καὶ⁸
3554 1280 3587 1349 ή
3619 1277 3762 1348 γυνὴ

2086 1364 2252 1420 αὐτοῦ
2285 1366 2592 1430 συνακούει,
2630 1368 2723 1420 καὶ
2757 1366 2859 1436 τῆς
2890 1368 3207 1439 ἀκροάσεως
3244 1367 3344 1421 οὐκ
3383 1365 3765 1435 ἀπολιμπάνε-

2085 1471 2196 1508 ται.
2229 1455 2338 1507 Καὶ
2363 1454 2482 1507 ούδέ
2522 1454 2710 1518 ἁπλῶς
2749 1455 3038 1525 ἀκροᾶται,
3077 1453 3214 1508 ἀλλά
3249 1452 3385 1524 μετά
3419 1452 3623 1522 πολλῆς
3658 1451 3762 1521 τῆς

2085 1541 2271 1611 τιμῆς.
2304 1541 2586 1608 Τοσαύτην
2615 1540 2739 1611 ἔσχε
2766 1543 2866 1611 τὴν
2893 1540 3190 1611 ἐπιθυμίαν
3209 1557 3223 1571 ·
3253 1540 3313 1593 ού
3344 1538 3454 1609 γὰρ
3482 1537 3569 1600 ἂν,
3598 1538 3649 1590 εί
3683 1536 3763 1607 μὴ

2089 1625 2431 1697 ἐπεθύμησεν
2452 1667 2466 1692 ,
2495 1627 2758 1698 ἐζήτησεν
2784 1627 2849 1681 ἂν
2875 1625 3128 1691 ἀκοῦσαι,
3156 1625 3262 1679 οὐδ’
3304 1626 3371 1679 ἂν
3415 1624 3509 1678 καὶ
3534 1623 3634 1693 τὴν
3661 1638 3765 1690 γυι-

2088 1715 2251 1766 ναῖκα
2279 1713 2536 1767 κοινωνὸν
2562 1715 2858 1784 ἐποιήσατο
2876 1715 2976 1784 τῆς
3002 1713 3340 1784 ἀκροάσεως,
3358 1714 3407 1765 εἰ
3439 1712 3514 1783 μὴ
3547 1709 3765 1782 μεγάλα

2088 1800 2217 1869 περὶ
2244 1798 2410 1853 αὑτοῦ
2447 1800 2796 1868 ἐφαντάζετο.
2840 1801 2996 1871 Ἐμοὶ⁵
3036 1799 3095 1853 δέ
3124 1800 3272 1853 δοκεῖ
3303 1798 3566 1868 κάκείνην
3601 1795 3766 1850 τοῦτο

2089 1885 2346 1957 ποθῆσαι.
2380 1888 2491 1941 Kal
2521 1888 2622 1959 ὅρα
2651 1887 2743 1941 τὸν
2784 1888 2995 1941 Παῦλον
3022 1887 3224 1951 εὐθέως
3261 1886 3322 1939 οὐ
3356 1886 3485 1958 περί
3522 1886 3766 1946 πίστεως

2094 1975 2254 2044 μόνον
2278 1974 2399 2028 οὐδὲ
2430 1974 2557 2046 περὶ
2581 1974 2831 2040 ἀφέσεως
2869 1973 3304 2047 ἁμαρτημάτων,
3342 1972 3480 2026 ἀλλά
3507 1970 3603 2024 καὶ⁵
3631 1969 3765 2036 περὶ

2089 2060 2197 2115 τῶν
2234 2060 2525 2132 πρακτέων
2549 2061 2578 2101 ιι
2601 2060 2996 2137 διαλεγόμενον.
3036 2059 3177 2114 Ἀλλ’
3218 2058 3419 2129 ίδωμεν
3461 2056 3671 2113 ἀνωθεν
3693 2056 3767 2109 τὰ

2088 2147 2206 2218 είρη
2215 2146 2369 2216 μένα.
2404 2145 2477 2200 Τὸ
2501 2146 2620 2200 νῦν
2638 2147 2803 2215 ἕχον,
2832 2146 2986 2215 φησὶ,
3013 2145 3273 2212 πορεύου
3292 2158 3307 2171 ·
3332 2142 3545 2211 καιρὸν
3560 2141 3630 2194 δὲ
3654 2143 3771 2195 λα-

2090 2235 2228 2299 ϐὼν,
2251 2232 2739 2303 μετακαλέσομαί
2764 2248 2858 2287 σε.
2891 2234 3038 2304 Ὅρα
3071 2234 3171 2301 τὴν
3205 2232 3495 2302 πώρωσιν·
3537 2228 3767 2282 τοιαῦτα

2091 2320 2342 2388 ἀκούων,
2399 2321 2659 2391 χρήματα
2716 2319 3020 2390 προσεδόκα
3071 2318 3334 2391 λήψεσθαι
3392 2317 3523 2387 παρ’
3571 2314 3763 2370 αὐτοῦ.

2091 2409 2202 2463 Kal
2249 2409 2310 2462 οὑ
2357 2407 2516 2460 τοῦτο
2557 2407 2717 2478 μόνον
2760 2406 2963 2472 δεινὸν,
2992 2405 3132 2459 ἀλλά
3175 2405 3271 2459 καὶ
3301 2403 3628 2474 διαλεχθεὶς,
3660 2402 3769 2455 οὐκ

2091 2496 2304 2566 ἀφῆκεν
2343 2494 2539 2559 αὐτὸν,
2578 2493 2695 2547 ἀλλ’
2729 2494 2918 2564 ἐπειδὴ
2969 2492 3107 2564 πρὸς
3151 2491 3230 2563 τῷ
3276 2491 3420 2545 τέλει
3454 2491 3556 2561 τῆς
3588 2487 3770 2561 ἀρχῆς

2091 2579 2191 2654 ἦν,
2232 2582 2522 2636 κατέλιπεν
2562 2580 2724 2634 αὐτὸν
2750 2581 2969 2653 δέσμιον
2989 2622 3006 2648 ,
3048 2581 3136 2634 ίνα
3161 2580 3452 2651 χαρίσηται
3477 2580 3591 2641 τοῖς
3630 2578 3766 2630 Ἰου-

2091 2670 2293 2732 δαίδις·
2331 2667 2473 2721 ὥστε
2500 2667 2562 2721 οὐ
2601 2668 2899 2738 χρημάτων
2930 2668 3041 2738 ἦρα
3067 2666 3261 2737 μόνον,
3289 2664 3427 2721 ἀλλά
3459 2665 3551 2717 καὶ
3581 2663 3761 2731 δόξης.

2096 2753 2220 2818 Πῶς
2270 2758 2565 2826 χρήματα,
2613 2752 2812 2823 μιαρὲ,
2862 2753 3015 2824 παρά
3070 2750 3356 2822 ἀνθρώπου
3410 2750 3473 2803 τὸ
3522 2747 3767 2803 ἐναντίον

2095 2841 2455 2914 κηρύττοντος
2480 2841 2791 2913 ἐπιζητεῖς;
2821 2841 2943 2895 Ὀτι
2970 2840 3028 2892 δὲ
3057 2840 3159 2893 οὐκ
3186 2838 3346 2892 ἔλαϐε
3366 2878 3381 2902 ,
3409 2837 3581 2907 δῆλον
3600 2834 3663 2901 ἐξ
3690 2829 3768 2889 ὧν

2095 2931 2247 2983 εἴασε
2264 2928 2567 2999 δεδεμένον,
2588 2927 2757 2990 λύσας
2782 2926 2869 2990 ἂν,
2897 2927 3054 2998 εἴπερ
3074 2924 3254 2980 ἐλαϐε.
3284 2925 3419 2996 Περὶ
3438 2923 3771 2995 ἐγκρατείας

2097 3009 2252 3079 οὗτος
2285 3016 2575 3084 διελέγετο,
2611 3016 2814 3081 ἐκεῖνος
2842 3013 2900 3067 δέ
2946 3015 3206 3085 χρήματα
3245 3011 3549 3083 προσεδόκα
3583 3009 3774 3065 λαϐεῖν

2102 3104 2233 3173 παρ’
2266 3102 2432 3156 αὑτοῦ
2466 3103 2641 3156 ταῦτα
2680 3101 3087 3172 διαλεγομένου.
3120 3100 3233 3154 Kal
3283 3099 3506 3167 αἰτῆσαι
3542 3098 3641 3167 μὲν
3671 3096 3776 3150 οὐκ

2102 3190 2327 3261 ἐτόλμα·
2356 3189 2596 3243 τοιοῦτον
2643 3189 2755 3260 γὰρ
2793 3191 2826 3259 ἡ
2860 3187 3046 3252 κακία,
3075 3186 3248 3240 δειλὸν
3296 3186 3392 3238 καὶ
3433 3185 3613 3238 πάντα
3639 3184 3775 3237 ὑπο-

2102 3275 2394 3330 πτεῦοννο·
2435 3276 2630 3348 ἤλπιζε
2665 3276 2764 3348 δέ·
2798 3275 2939 3330 ὥστε
2978 3274 3205 3338 εἰκότως
3244 3273 3430 3337 αὐτοῖς
3466 3263 3778 3343 ἐχαρίζετο.

2103 3365 2198 3419 ἀτε
2220 3344 2472 3418 τοσοῦτον
2499 3344 2829 3434 άρξαξέκεῖ.
2865 3361 3107 3432 Φῆστος
3132 3356 3248 3417 οὖν
3268 3360 3477 3427 ἐπιϐὰς
3498 3358 3574 3428 τῇ
3597 3359 3779 3426 ἐπαρ-

2102 3452 2238 3521 χίᾳ·
2260 3450 2630 3521 ἐνεφάνισαν
2660 3448 2822 3514 αὐτῷ
2852 3449 2886 3503 ὅ
2912 3466 2977 3503 τε
3003 3448 3316 3519 ἀρχιερεὺς
3348 3447 3447 3502 καὶ
3476 3451 3528 3502 οἱ
3558 3446 3781 3514 πρῶτοι

2101 3537 2223 3592 τῶν
2283 3537 2577 3593 Ἰουδαίων
2616 3536 2769 3591 κατὰ
2813 3535 3052 3600 Παύλου,
3094 3534 3278 3605 φησίν.
3324 3533 3541 3596 Εὐθέως
3580 3531 3675 3584 καὶ
3712 3531 3780 3584 ἐν

2104 3626 2245 3698 ἀρχῇ
2281 3622 2584 3697 προσῆλθον
2624 3625 2675 3677 οί
2713 3625 2909 3694 ἱερεῖς,
2935 3623 3037 3676 οὐκ
3069 3622 3135 3676 ἂν
3178 3622 3510 3692 ὀκνήσαντες
3553 3620 3649 3673 καὶ
3694 3620 3781 3682 εις

2106 3713 2445 3784 Καισάρειαν
2477 3710 2680 3776 ἐλθεῖν,
2727 3711 2776 3763 εἰ
2820 3709 2895 3781 μὴ
2933 3708 3073 3779 ἔφθη
3112 3708 3373 3774 ἀνελθὼν,
3413 3709 3547 3761 ὅπου
3577 3723 3641 3775 γε
3686 3706 3783 3759 εὐ-

2107 3800 2244 3863 θέως
2270 3798 2522 3852 ἐπιϐάντι
2552 3797 2966 3868 προσέρχονται.
3000 3797 3111 3851 Καὶ
3141 3797 3404 3860 καταϐὰς
3444 3793 3515 3847 ἐν
3555 3796 3781 3846 Καισα-

2099 3887 2259 3956 ρείᾳ,
2294 3885 2575 3953 διατρίϐει
2599 3883 2748 3938 δέκα
2779 3883 3022 3953 ἡμέρας.
3050 3884 3224 3952 Τάχα,
3254 3881 3426 3944 δοκῶ,
3457 3880 3597 3933 ὥστε
3621 3881 3783 3947 ἐγγε-

2107 3973 2418 4035 νέσθαιτοίς
2439 3970 2783 4040 βουλομένοις
2801 3970 2963 4024 αὑτὸν
2980 3969 3307 4040 διαφθεῖραι.
3326 3967 3536 4031 Παῦλος
3551 3966 3606 4019 δέ
3630 3961 3700 4037 ἦν
3718 3966 3783 4018 ἐν

2107 4058 2187 4130 τῷ
2212 4057 2589 4129 δεσμωτηρίῳ.
2619 4056 2727 4111 Καὶ
2755 4055 3143 4126 παρεκάλουν
3167 4054 3375 4119 αὐτὸν,
3402 4054 3587 4123 φησὶν,
3620 4051 3786 4116 ὅπως

2104 4148 2561 4219 μεταπέμψηται
2607 4145 2795 4199 αὐτὸν
2837 4147 2924 4211 είς
2983 4144 3392 4212 Ἰερουσαλὴμ.
3438 4142 3549 4194 Kal
3592 4140 3679 4193 διὰ
3725 4138 3785 4192 τί

2111 4236 2270 4306 χάριν
2302 4234 2513 4306 ᾔτησαν
2534 4273 2549 4297 ,
2579 4232 2628 4284 εί
2670 4231 2875 4294 δίκαιός
2909 4232 3057 4283 ἐστιν
3094 4228 3420 4291 ἀποθανεῖνς
3465 4226 3605 4279 Ἀλλ’
3636 4225 3785 4280 οὕτω

2112 4322 2352 4391 κάκείνῳ
2382 4320 2515 4391 δήλη
2539 4319 2753 4386 ἐγένετο
2783 4320 2816 4389 ή
2851 4317 3112 4387 ἐπιϐουλὴ
3130 4357 3143 4377 ,
3180 4315 3257 4379 ὡς
3289 4315 3675 4384 διαλεγόμενον
3701 4314 3784 4366 εί-

2113 4412 2261 4462 πεῖν·
2294 4406 2534 4474 Ἄνδρες
2549 4409 2604 4460 οὶ
2627 4405 3071 4474 συμπαρόντες,
3097 4401 3365 4470 θεωρεῖτε
3392 4401 3629 4465 τοῦτον,
3648 4399 3785 4468 περι

2112 4490 2185 4552 οὗ
2217 4494 2282 4549 τὸ
2317 4493 2552 4561 πλῆθος
2578 4492 2869 4562 ἐνέτυχόν
2890 4509 2995 4560 μοι
3032 4490 3149 4544 τῶν
3199 4488 3518 4545 Ἰουδαίων.
3550 4488 3649 4540 Διά
3675 4486 3787 4557 γὰρ

2113 4582 2227 4649 τοῦ,
2245 4583 2582 4650 Ὲνέτυχον,
2607 4580 2689 4645 τὸ,
2721 4578 3040 4648 Αίτούμενοι
3071 4579 3193 4631 κατ’
3212 4577 3376 4630 αὐτοῦ
3405 4576 3588 4646 χάριν,
3612 4573 3783 4643 δηλοῖ.

2115 4669 2279 4723 Ὥστε
2322 4669 2424 4741 ἤδη
2472 4668 2757 4721 ἐϐούλοντο
2804 4666 2967 4719 αὐτὸν
3017 4666 3097 4728 είς
3142 4664 3419 4733 ἀπόφασιν
3457 4662 3784 4729 ἐξενεγκεῖν,

2115 4757 2436 4827 φοϐούμενοι
2465 4755 2562 4827 τὴν
2596 4755 2807 4809 Παύλου
2847 4753 3115 4823 γλῶτταν.
3144 4753 3210 4805 Τί
3241 4751 3523 4822 φοϐεῖσθες
3553 4750 3607 4803 τί
3636 4748 3790 4801 ἐπεί-

2114 4862 2270 4914 γετε;
2294 4844 2465 4898 Τοῦτο
2493 4844 2603 4914 γὰρ
2625 4843 2879 4912 ἐμφαίνει
2907 4842 2988 4904 τὸ,
3026 4839 3437 4894 Φυλάττεσθαι
3461 4837 3671 4891 αὐτόν.
3697 4833 3791 4905 Μὴ

2114 4934 2223 5003 γάρ
2254 4932 2475 5002 φεύγει;
2510 4934 2574 4986 Ol
2610 4928 2725 4985 οὖν
2760 4930 2830 4982 ἐν
2874 4929 3049 4998 ὑμῖν,
3073 4928 3227 4998 φησὶ,
3264 4924 3508 4980 δυνατοί
3546 4938 3793 4991 κατηγο-

2108 5022 2408 5092 ρείτωσαν
2442 5019 2648 5074 αὑτοῦ.
2698 5017 2864 5071 Πάλιν
2904 5017 3200 5087 κατήγοροι
3234 5016 3292 5067 ἐν
3331 5010 3656 5082 Καισαρείᾳ,
3697 5012 3792 5063 καὶ

2118 5108 2279 5163 πάλιν
2305 5107 2559 5175 ἐξάγεται
2594 5104 2825 5168 Παῦλος.
2865 5102 2943 5173 Τῇ
2973 5102 3040 5156 δὲ
3064 5103 3352 5171 ἐπαύριον
3381 5100 3661 5163 καθίσας,
3691 5113 3795 5167 πρη-

2121 5197 2225 5259 σὶν,
2254 5194 2353 5248 ἐπὶ
2375 5194 2480 5248 τοῦ
2501 5191 2798 5263 βήματος.

2185 5288 2260 5351 γ’.
2291 5283 2462 5352 Ὅρα,
2491 5281 2696 5344 εὐθέως
2736 5278 2906 5333 ἐλθὼν
2945 5277 3198 5332 ἐκάθισεν
3236 5275 3330 5329 ἐπὶ
3368 5274 3464 5329 τοῦ
3516 5272 3789 5345 βήματος·

2120 5370 2291 5433 οὕτως
2313 5369 2474 5422 αὐτὸν
2491 5367 2664 5421 ὤθουν
2697 5366 2834 5437 μετά
2853 5368 3120 5435 τοσαύτης
3151 5364 3408 5431 σπουδῆς,
3435 5361 3608 5423 οὕτως
3645 5354 3795 5430 [585]

2121 5459 2452 5527 ἐπείγουσιν.
2474 5457 2620 5520 Ἕως
2656 5457 2755 5527 μὲν
2789 5451 2883 5508 οὖν
2921 5454 3133 5507 οὐδέπω
3162 5454 3360 5522 πεῖραν
3384 5446 3454 5521 ἦν
3474 5446 3656 5501 λαϐὼν
3686 5445 3801 5500 τῶν

2188 5661 2447 5732 {Ouidium
2472 5660 2566 5707 τῶν
2592 5660 2885 5732 πρακτικῶν.
2967 5659 2985 5679 ⁸
3014 5656 3146 5717 113:0,
3183 5650 3335 5705 δειλὸν
3375 5651 3453 5701 καὶ
3477 5649 3633 5699 πάντα
3675 5647 3797 5696 ὓπο-

2126 5719 2317 5784 πτεῦἇν,
2344 5721 2521 5773 absunt
2540 5736 2567 5771 ιι
2589 5719 2896 5783 quibusdam.
