4148 6152
370 335 476 390 1553

380 460 538 523 potest
565 465 642 502 me
670 446 774 500 illis
804 443 1014 498 donare.
1064 441 1315 496 Casarem
1359 436 1582 506 appello.
1629 432 1732 487 Sed
1778 430 1970 484 dixerit

381 543 642 612 quispiam
672 557 686 592 :
720 537 828 591 Cur
853 549 976 589 cum
1000 532 1240 587 audisset
1264 571 1279 595 ,
1309 528 1517 598 Oportet
1547 538 1594 580 te
1616 527 1765 579 etiam
1795 523 1972 578 Roma:

384 629 639 701 testiﬁcari
665 631 726 683 de
751 645 830 683 me
853 629 872 700 (
893 628 1011 681 Act.
1030 625 1122 681 25.
1146 625 1206 678 Η
1235 623 1276 693 ),
1302 621 1449 691 quasi
1474 634 1577 673 non
1606 617 1831 672 credens
1859 616 1972 669 [nec

387 720 649 776 faciebat?
675 719 858 781 Absit;
881 718 974 772 sed
997 725 1050 772 et
1072 714 1225 769 valde
1251 711 1501 766 credens.
1521 709 1684 777 Magis
1709 721 1836 761 vero
1854 715 1971 759 ten-

386 813 543 867 tanlis
575 811 761 864 fuisset
791 810 933 863 illius
961 806 1242 862 sententia:
1271 802 1455 866 ﬁdere,
1483 813 1710 868 seseque
1737 799 1788 850 in
1830 795 1974 849 mille

385 905 614 973 pericula
649 901 922 970 conjicere
947 940 963 963 ,
995 913 1058 951 ac
1079 897 1296 952 dicere:
1329 893 1618 947 Videamus
1645 903 1770 942 num
1807 885 1972 954 possit

390 997 524 1051 ῡυυς
547 997 708 1050 etiam
733 995 810 1047 sic
833 992 1041 1059 eripere
1073 1005 1178 1044 me.
1203 985 1308 1042 Sed
1334 986 1434 1038 hoc
1465 998 1571 1037 non
1598 981 1722 1035 facit
1745 978 1938 1033 Paulus
1956 1017 1971 1039 ,

389 1104 576 1142 verum
606 1103 722 1156 qua:
757 1099 922 1154 penes
947 1098 1006 1137 se
1039 1089 1193 1135 erant
1220 1079 1400 1133 omnia
1431 1075 1642 1137 adfert,
1675 1081 1840 1127 totum
1872 1070 1978 1123 Deo

388 1179 725 1248 permittens.
757 1175 888 1229 Sese
918 1186 1048 1227 vero
1071 1170 1368 1225 defendens
1389 1208 1404 1232 ,
1453 1167 1644 1221 leviter
1682 1161 1976 1232 principem

391 1266 741 1338 perstringit,
775 1279 838 1318 ac
867 1263 910 1316 si
939 1262 1184 1316 diceret:
1215 1259 1270 1312 Si
1311 1257 1506 1324 injuste
1546 1254 1627 1323 egi
1655 1293 1670 1317 ,
1713 1252 1886 1312 bene;
1937 1249 1979 1302 si

394 1375 500 1413 non
530 1359 726 1426 injuste
747 1356 828 1425 egi
857 1397 871 1421 ,
896 1370 992 1406 cur
1013 1367 1097 1404 me
1121 1349 1284 1404 tradis
1305 1348 1328 1387 τ
1363 1346 1528 1400 Nemo
1553 1352 1709 1413 potest
1734 1384 1747 1402 ,
1777 1340 1979 1406 inquit,

397 1467 478 1502 ine
502 1449 710 1501 donare.
742 1447 934 1498 Metum
964 1443 1038 1495 illi
1072 1441 1294 1503 incutit,
1332 1447 1390 1490 nt
1427 1453 1532 1488 non
1577 1435 1742 1503 possit
1783 1431 1984 1483 donare

403 1540 450 1595 si
474 1538 621 1601 velit,
653 1533 745 1588 sed
767 1532 930 1586 etiam
960 1527 1102 1598 apud
1128 1528 1252 1581 illos
1282 1541 1381 1596 pro
1399 1525 1758 1580 excusatione
1787 1523 1987 1577 habeat

399 1626 838 1699 appellationem.
873 1621 959 1675 12.
995 1619 1138 1673 Tunc
1175 1616 1362 1672 Festus
1393 1632 1510 1669 cum
1541 1615 1766 1668 concilio
1793 1616 1982 1684 loquu-

397 1732 508 1781 tus,
539 1717 842 1786 respondit:
865 1715 1129 1768 Cmsarem
1149 1713 1462 1781 appellasti;
1485 1713 1552 1764 ad
1575 1712 1840 1766 Cursarem
1858 1711 1979 1764 ibis.

469 1807 546 1862 2.’
571 1806 704 1861 Vide
730 1848 745 1871 ,
775 1820 890 1860 rem
918 1803 1168 1874 Agrippae
1192 1800 1555 1854 communicat
1578 1837 1594 1860 ,
1626 1804 1683 1849 ut
1711 1797 1872 1849 etiam
1902 1792 1991 1846 alii

399 1901 507 1954 sint
531 1897 805 1952 auditores
831 1938 845 1960 ,
865 1907 918 1952 et
936 1911 1035 1950 rex
1059 1903 1112 1948 et
1137 1892 1407 1948 exercitus
1432 1899 1488 1944 et
1513 1889 1755 1942 Bernice.
1789 1883 1992 1938 Deinde

384 1970 614 2044 rursum
651 1987 914 2042 defensio.
951 2003 970 2036 ‹
1012 1985 1098 2039 15.
1129 1983 1188 2037 Et
1219 1998 1341 2036 cum
1368 1980 1484 2034 dies
1512 1979 1715 2047 aliquot
1742 1976 1993 2030 transacti

401 2088 622 2145 essent,
658 2078 889 2147 Agrippa
919 2091 1008 2130 rex
1037 2083 1092 2129 et
1129 2075 1353 2130 Bernice
1391 2069 1787 2126 descenderunt
1815 2066 1994 2122 Caesa-

407 2185 553 2224 ream
580 2168 644 2222 ad
674 2167 1011 2221 salutandum
1061 2164 1296 2219 Festum.
1325 2163 1412 2216 M.
1447 2161 1513 2216 Et
1555 2175 1678 2214 cum
1721 2160 1836 2213 dies
1881 2157 1996 2226 plu-

407 2276 499 2316 res
541 2261 608 2312 ibi
648 2259 1086 2321 demorarentur,
1125 2255 1313 2310 Festus
1356 2254 1464 2322 regi
1507 2249 1775 2306 relulitde
1811 2247 1996 2312 Paulo,

408 2351 598 2406 dicens
625 2368 638 2402 :
674 2347 765 2402 γη·
791 2349 1006 2416 quidam
1034 2358 1116 2401 est
1149 2345 1435 2400 derelictus
1477 2360 1505 2396 a
1539 2343 1716 2397 Felice
1747 2341 1956 2394 vinctus
1985 2355 1998 2390 :

414 2447 504 2500 15.
537 2445 605 2499 de
631 2459 738 2513 quo
765 2485 780 2509 ,
809 2458 930 2496 cum
978 2457 1155 2496 essem
1193 2440 1542 2511 JeroSolymis
1567 2481 1581 2504 ,
1625 2438 1875 2492 adierunt
1917 2449 2004 2488 me

415 2538 682 2607 principes
735 2534 1075 2589 sacerdotum
1131 2543 1183 2587 et
1233 2531 1473 2586 seniores
1517 2529 1862 2590 Iudaeorum,
1912 2539 2008 2594 po-

417 2626 680 2680 stulantes
731 2625 986 2678 adversus
1017 2623 1162 2676 illum
1217 2623 1633 2676 damnationem.
1676 2618 1762 2673 16.
1805 2617 2006 2685 Quibus

415 2715 716 2785 respondi:
765 2715 878 2770 Non
924 2724 1009 2770 est
1053 2714 1310 2768 Romanis
1357 2709 1694 2767 consuetudo
1745 2707 2006 2762 datnnare

418 2809 651 2877 aliquem
685 2807 956 2862 hominem
987 2845 1001 2868 ,
1035 2805 1344 2873 priusquam
1378 2805 1423 2857 is
1453 2802 1544 2870 qui
1570 2807 1850 2854 accusatur
1871 2813 2006 2866 pra:-

417 2911 600 2956 Sentes
655 2900 852 2954 habeat
901 2907 1283 2959 accusatores,
1343 2896 1631 2962 locumque
1685 2889 2010 2946 defendendi

422 2994 652 3062 accipiat
701 2993 766 3044 ad
815 2989 1076 3044 abluenda
1133 2989 1380 3042 crimina.
1429 2987 1517 3042 ΓΙ,
1561 2986 1694 3040 Cum
1742 2998 1868 3053 ergo
1911 2981 2015 3036 huc

420 3085 805 3141 eomenissent
829 3121 843 3144 ,
873 3082 990 3134 sine
1022 3079 1125 3132 ulla
1157 3078 1415 3131 dilatione
1442 3076 1683 3145 sequenti
1713 3074 1796 3128 die
1822 3073 2016 3128 sedens

423 3191 527 3245 pro
596 3171 846 3226 trilnmali
907 3169 1040 3239 jussi
1110 3169 1298 3222 adduci
1351 3169 1543 3221 virum.
1597 3167 1680 3220 i8.
1746 3165 1820 3219 De
1875 3179 2010 3232 quo,

424 3279 550 3318 cum
581 3264 858 3320 stetissent
886 3273 1227 3316 accusatores
1251 3301 1266 3325 ,
1310 3261 1513 3313 nullam
1552 3273 1767 3312 causam
1806 3255 2015 3311 delere-

426 3356 596 3420 bant,
653 3353 722 3410 de
768 3353 962 3422 quibus
1008 3367 1110 3422 ego
1149 3351 1498 3420 suSpicabar;
1556 3349 1645 3405 19.
1697 3349 2018 3418 qua-stiones

423 3460 558 3500 vero
581 3444 838 3515 quasdam
865 3444 932 3498 de
961 3458 1058 3497 sua
1089 3443 1473 3512 superstitione
1516 3440 1787 3496 habebant
1830 3440 2021 3494 adver-

423 3549 522 3589 sus
547 3549 667 3588 eum
693 3575 708 3598 ,
742 3544 797 3588 et
829 3533 895 3588 de
919 3532 1151 3603 quodam
1196 3533 1322 3587 Jesu
1363 3532 1616 3587 defuncto
1639 3572 1654 3594 ,
1685 3548 1844 3601 quem
1871 3531 2018 3585 aflir-

428 3626 612 3681 tnahat
658 3625 854 3680 Paulus
895 3626 1095 3678 vivere.
1151 3623 1241 3679 20.
1292 3623 1558 3677 Hmsitans
1605 3635 1782 3678 autem
1829 3638 1928 3691 ego
1955 3622 2022 3676 de

427 3717 736 3787 hujusmodi
769 3717 1086 3787 quiestione,
1129 3715 1370 3770 dicebam
1397 3757 1411 3780 ,
1440 3732 1564 3768 num
1592 3715 1750 3770 vellet
1777 3715 1852 3768 ire
1871 3713 2024 3770 .lcro-

426 3810 806 3880 solymam,ct
856 3808 928 3861 ibi
964 3807 1191 3878 jndicari
1234 3807 1300 3861 de
1348 3807 1474 3861 illis.
1516 3805 1607 3860 2|.
1653 3807 1816 3860 Paulo
1844 3814 2022 3860 autem

425 3899 736 3968 appellante
761 3938 776 3963 ,
809 3907 864 3951 ut
893 3908 1204 3952 servaretur
1239 3897 1304 3951 ad
1346 3897 1568 3966 Augusti
1618 3898 1978 3964 cognitionem
2006 3937 2022 3960 ,

425 3989 565 4058 jussi
610 3990 812 4043 servari
840 4004 997 4052 eum,
1031 3988 1200 4042 donec
1230 3989 1431 4041 mittam
1461 4003 1582 4042 eum
1629 3987 1694 4040 ad
1735 3987 2023 4040 Cmsarcm.

426 4080 527 4134 29..
576 4079 807 4147 Agrippa
870 4088 1046 4132 autem
1114 4078 1275 4132 Fesxo
1337 4078 1511 4132 dixit:
1567 4077 1768 4132 Vellem
1812 4088 1864 4131 et
1915 4077 2026 4146 ipse

431 4173 708 4227 hominem
737 4171 939 4226 audire.
970 4170 1136 4236 Cras,
1169 4173 1361 4240 inquit,
1410 4170 1598 4225 audies
1630 4171 1795 4223 illmn.
1844 4188 1863 4221 ι
1898 4169 2028 4223 Vide

437 4278 654 4318 rursum
681 4263 1078 4317 accusationem
1110 4262 1417 4318 Juda-ormn
1453 4279 1555 4317 non
1589 4277 1616 4315 a
1654 4261 1815 4314 l’aulo
1838 4302 1852 4325 ,
1882 4262 1974 4313 sed
2000 4277 2030 4315 a

433 4356 680 4425 principe
719 4365 1006 4409 narratam.
1063 4355 1309 4407 Adierunt
1348 4369 1463 4418 me,
1515 4353 1720 4419 inquit,
1781 4353 2031 4420 principes

435 4447 758 4502 sacerdotalia
780 4455 826 4499 et
847 4447 1067 4499 seniores
1089 4443 1390 4496 Judworum
1414 4481 1428 4508 ,
1457 4430 1770 4510 postulantes
1792 4441 2033 4496 adversus

437 4555 556 4593 eum
602 4539 996 4592 damnationem.
1049 4534 1239 4601 Quibus
1291 4549 1380 4604 ego
1419 4533 1678 4600 respondi.
1733 4532 1863 4586 Vide
1906 4533 2031 4601 quid

442 4628 771 4697 respondeat
799 4627 866 4680 ad
895 4627 1107 4680 illorum
1143 4622 1512 4676 confusionem
1539 4639 1554 4675 :
1587 4621 1708 4675 Non
1729 4631 1799 4675 est
1828 4638 2035 4675 consue-

443 4721 568 4772 tutlo
603 4718 844 4772 Romanis
871 4721 1062 4770 donare
1087 4716 1304 4785 aliquem
1340 4715 1593 4767 hominem
1619 4755 1632 4776 ,
1662 4723 1716 4767 ut
1743 4725 1952 4783 pereat;
1983 4714 2034 4768 id

445 4820 527 4864 est
551 4851 566 4875 ,
603 4819 889 4878 antequam
937 4809 1200 4862 rationem
1239 4805 1470 4872 reddat,
1499 4822 1603 4861 non
1653 4815 1827 4874 potest
1869 4808 2033 4860 vestri

445 4900 613 4969 gratia
647 4899 804 4954 tradi.
830 4898 900 4954 Ut
928 4913 1054 4952 vero
1085 4899 1376 4953 Secundum
1404 4911 1606 4950 morem
1634 4895 1757 4949 fecit
1778 4937 1790 4958 ,
1819 4911 2033 4949 causam

449 5007 552 5047 non
605 4993 1040 5060 invenitzmiarc
1096 4992 1193 5044 hac
1243 4991 1308 5043 de
1356 5004 1414 5044 rc
1460 4989 1712 5042 lia-sitat?
1766 4999 1822 5042 ut
1874 4990 2037 5057 liquet

449 5100 510 5138 ex
575 5084 924 5154 sequentibus
981 5101 994 5136 :
1053 5081 1310 5136 Htesitans
1364 5092 1532 5134 autem
1584 5097 1675 5149 ego
1735 5081 1798 5134 tle
1853 5081 2035 5142 [mins-

450 5178 586 5232 modi
615 5177 909 5247 quazstione.
941 5175 1032 5230 Sic
1062 5174 1312 5243 loquitur,
1358 5189 1514 5227 suum
1563 5173 1886 5226 adumbrans
1919 5187 2035 5240 pec,

456 5279 653 5325 catum.
686 5269 754 5323 Et
782 5267 872 5322 ille
901 5267 1114 5336 quidem
1151 5265 1426 5318 adumbrat
1453 5303 1466 5324 ,
1492 5268 1720 5333 Agrippa
1745 5280 1873 5317 vero
1894 5272 2039 5332 ctqnt

458 5357 600 5414 Illum
625 5359 828 5414 videre.
875 5357 1010 5412 Vide
1037 5356 1306 5425 principes
1345 5368 1558 5422 semper
1589 5353 1915 5407 inimicitiam
1941 5353 2034 5408 Ju-

458 5448 662 5504 daicam
693 5448 957 5519 repellere
981 5488 998 5513 ,
1028 5455 1083 5502 et
1112 5454 1308 5515 pneter
1323 5444 1411 5514 jus
1438 5458 1580 5511 smpe
1608 5458 1767 5511 agere
1796 5445 1910 5512 cogi
1936 5486 1950 5508 ,
1977 5461 2039 5498 ac

459 5539 726 5596 dilationis
753 5554 914 5598 ansas
939 5553 1183 5609 quaerere
1214 5555 1230 5588 :
1266 5550 1370 5589 non
1399 5535 1541 5588 enim
1591 5533 1840 5601 ignorans
1889 5535 2038 5590 diffe-

463 5630 608 5685 rebat
630 5673 646 5700 ,
677 5633 769 5687 sed
795 5645 1011 5702 gnarus.
1062 5627 1295 5699 Agrippa
1327 5640 1456 5679 vero
1490 5637 1594 5678 non
1630 5625 1786 5679 modo
1815 5643 1918 5680 non
1953 5643 2035 5683 rc-

466 5720 634 5790 pellit,
659 5722 752 5778 sed
775 5731 828 5778 et
850 5721 1036 5776 audire
1057 5729 1205 5790 optat
1227 5737 1240 5772 :
1265 5716 1406 5788 quod
1429 5715 1778 5771 admiratione
1799 5717 2034 5788 dignum,

1438 324 1500 380 IN
1542 323 1718 377 ACTA
1761 315 2280 374 APOSTOLORUM.
2324 318 2554 373 IIOMIL.
2596 318 2682 374 ιι.

3549 329 3657 384 35!

2081 429 2222 483 unde
2250 429 2300 482 in
2330 429 2654 484 desiderium
2680 431 2886 485 venerit
2910 431 3119 487 videndi
3145 433 3416 491 hominem
3443 452 3661 493 accusa-

2079 530 2188 574 tum
2218 521 2339 575 licet
2368 522 2585 591 injuste.
2618 521 2692 577 ita
2725 533 2776 577 et
2801 524 2902 579 hoc
2932 541 3025 594 per
3051 527 3438 594 providentiam
3467 530 3664 586 factum

2077 621 2179 665 est.
2221 610 2578 677 Quamobrem
2626 623 2679 667 et
2723 629 2857 668 uxor
2904 617 3019 684 ejus
3057 617 3212 672 sin'iul
3262 621 3447 685 audit,
3496 636 3594 676 nec
3635 636 3666 676 a

2079 705 2339 758 concione
2370 705 2540 760 abest.
2576 705 2685 761 Nec
2712 707 2885 761 solum
2929 709 3112 775 audit,
3159 711 3252 765 sed
3293 727 3416 767 cum
3462 713 3668 769 honore

2081 810 2292 864 magno.
2325 796 2504 850 Talem
2540 797 2727 852 habuit
2756 799 3106 868 cupiditatem
3133 820 3147 856 :
3174 817 3279 856 non
3309 805 3452 859 enim
3481 805 3668 860 audire

2082 888 2324 956 petiisset
2351 929 2365 953 ,
2397 888 2498 942 nisi
2533 888 2583 943 id
2611 899 2886 957 Optasset,
2939 908 3110 962 neque
3137 895 3336 948 sociam
3365 897 3669 952 admisisset

2083 993 2300 1031 uxorem
2329 1017 2343 1040 ,
2375 978 2477 1031 nisi
2506 994 2760 1047 magnum
2809 981 3080 1051 quidpiam
3133 983 3202 1038 de
3255 984 3345 1038 illo
3391 987 3666 1042 sensisset.

2084 1066 2303 1120 Videtur
2331 1078 2508 1122 autem
2539 1069 2666 1123 mihi
2698 1071 2844 1125 illam
2891 1087 3102 1142 quoque
3153 1076 3266 1129 haec
3313 1077 3666 1133 desiderasse.

2088 1158 2150 1210 Et
2175 1157 2294 1211 vide
2324 1158 2542 1212 Paulum
2571 1161 2750 1214 statim
2778 1176 2882 1215 non
2909 1161 2975 1216 de
3003 1163 3107 1218 fide
3145 1165 3317 1218 solum
3373 1175 3426 1220 et
3470 1166 3537 1220 de
3581 1183 3672 1222 re-

2085 1250 2342 1304 missione
2373 1261 2712 1318 peccatorum
2741 1291 2753 1315 ,
2789 1253 2882 1307 sed
2915 1254 3076 1307 etiam
3129 1255 3196 1309 de
3245 1256 3406 1310 rebus
3454 1257 3673 1326 agendis

2087 1343 2459 1395 disserentem.
2492 1342 2596 1397 Sed
2626 1344 2870 1411 superius
2899 1345 3038 1399 dicta
3068 1357 3390 1415 repetamus.
3440 1347 3502 1402 In
3537 1366 3674 1418 prce-

2088 1433 2242 1495 senti,
2270 1433 2440 1500 inquit
2466 1474 2479 1498 ,
2505 1433 2586 1486 ubi
2609 1436 3073 1504 ,‘opportunitatem
3097 1447 3262 1490 autem
3290 1449 3485 1505 nactus,
3509 1456 3676 1492 accere

2090 1542 2198 1578 sam
2225 1535 2290 1579 te.
2323 1525 2456 1581 Vide
2503 1528 2844 1581 caecitatem:
2895 1526 3010 1580 lnec
3056 1528 3279 1584 audiens
3328 1531 3576 1599 sperabat
3619 1548 3678 1586 se

2092 1619 2344 1686 pecunias
2364 1627 2705 1686 accepturum
2725 1618 2792 1672 ab
2819 1633 2903 1673 eo.
2928 1617 2994 1671 Et
3019 1635 3123 1672 nun
3157 1620 3329 1672 solum
3357 1621 3456 1673 hoc
3477 1637 3637 1690 grave
3660 1637 3676 1686 ;

2093 1710 2184 1763 sed
2213 1711 2375 1763 etiam
2407 1711 2659 1777 loquutus
2686 1726 2808 1764 cum
2834 1725 2900 1764 eo
2925 1753 2940 1777 ,
2975 1727 3079 1764 non
3129 1712 3327 1766 dimisit
3375 1728 3495 1766 eum
3522 1729 3537 1777 ;
3585 1713 3678 1768 sed

2094 1801 2215 1868 quia
2248 1801 2299 1853 in
2334 1801 2666 1870 principatus
2694 1802 2852 1856 finem
2884 1813 3100 1857 venerat
3131 1843 3145 1867 ,
3177 1805 3390 1874 reliquit
3416 1821 3537 1858 eum
3567 1807 3683 1859 vin-

2095 1899 2237 1943 ctum
2265 1931 2279 1954 ,
2313 1900 2369 1944 ut
2395 1891 2787 1960 gratificaretur
2817 1893 3016 1949 Judzeis
3046 1911 3059 1946 :
3093 1895 3271 1964 itaque
3299 1911 3402 1950 non
3430 1897 3683 1965 pecunias

2097 1981 2258 2034 modo
2285 2023 2300 2046 ,
2329 1981 2422 2035 sed
2455 1991 2509 2034 et
2534 1982 2761 2051 gloriam
2791 1984 3058 2053 cupiebat.
3113 1984 3224 2039 Cur
3247 2027 3261 2050 ,
3292 1987 3550 2054 sceleste,
3592 2003 3686 2058 pe-

2099 2073 2285 2124 cmrias
2309 2071 2508 2140 qumris
2535 2086 2564 2124 a
2591 2071 2706 2125 viro
2748 2073 3075 2127 contrarium
3119 2075 3440 2142 prgirdicattte
3469 2076 3492 2130 ?
3532 2078 3684 2144 Quod

2099 2171 2278 2214 autem
2307 2176 2412 2214 non
2439 2163 2700 2232 receperit
2724 2204 2739 2228 ,
2765 2163 2936 2232 palam
2959 2175 3040 2218 est
3067 2179 3132 2220 ex
3154 2179 3219 2219 eo
3244 2207 3260 2234 ,
3287 2166 3428 2237 quod
3454 2168 3684 2222 vinctum

2103 2253 2417 2322 reliquerit,
2445 2254 2722 2308 soluturus
2768 2256 2814 2309 si
2857 2258 3174 2326 accepisset.
3227 2259 3301 2313 De
3338 2262 3687 2330 temperantia

2107 2345 2191 2397 hic
2222 2343 2566 2413 disputabat,
2596 2355 2647 2399 et
2681 2345 2768 2400 ille
2797 2362 2824 2398 a
2859 2348 2975 2400 viro
3008 2349 3130 2401 talia
3161 2349 3413 2420 loquente
3442 2351 3691 2420 sperabat

2106 2448 2166 2488 se
2193 2435 2470 2501 pecuniam
2499 2445 2862 2504 accepturum.
2907 2437 2972 2491 Et
3002 2447 3186 2507 petere
3211 2439 3427 2509 quidem
3457 2456 3563 2496 non
3591 2456 3691 2496 au-

2109 2526 2268 2581 debat
2302 2545 2314 2579 :
2345 2527 2466 2581 talis
2493 2529 2688 2598 quippe
2715 2540 2798 2583 est
2825 2530 3046 2594 malitis,
3073 2531 3146 2603 (α)
3179 2530 3387 2603 [timida
3418 2549 3610 2604 nempe
3639 2545 3694 2588 et

2109 2619 2288 2672 omnia
2310 2628 2555 2686 suspecta
2580 2618 2837 2691 habens];
2869 2622 3120 2687 sperabat
3141 2633 3352 2680 autem:
3379 2625 3556 2694 itaque
3572 2626 3694 2693 jure

2113 2710 2217 2763 illis
2246 2709 2644 2779 gratiﬁcabatur
2669 2752 2682 2774 ,
2717 2721 2900 2778 utpote
2926 2713 3014 2780 qui
3044 2713 3114 2766 ibi
3148 2723 3294 2769 tanto
3323 2725 3562 2784 tempore
3592 2717 3696 2771 im-

2115 2808 2374 2869 perasset.
2403 2799 2574 2868 Igitur
2603 2800 2849 2865 Festum,
2881 2801 2966 2854 ubi
3011 2803 3324 2870 provinciam
3361 2807 3694 2875 suscepisset,

2115 2894 2349 2947 adierunt
2396 2893 2648 2964 principes
2706 2894 3026 2947 sacerdotum
3070 2903 3117 2947 et
3160 2896 3309 2965 primi
3356 2894 3655 2950 Iudaeorum
3682 2939 3696 2962 ,

2117 2984 2375 3038 adversus
2398 2983 2616 3037 Paulum
2643 3025 2658 3049 ,
2685 2983 2874 3052 inquit.
2900 2983 3089 3039 Statim
3108 2993 3164 3039 et
3188 3001 3218 3039 a
3242 2987 3502 3057 principio
3521 3003 3702 3044 acces-

2117 3083 2304 3130 serunt
2329 3074 2676 3138 sacerdotes,
2717 3076 2808 3143 qui
2859 3090 2963 3130 non
3009 3077 3214 3146 gravati
3258 3075 3484 3133 fuissent
3520 3078 3701 3134 Cassa-

2119 3181 2264 3222 ream
2293 3167 2474 3220 venire
2501 3207 2516 3230 ,
2549 3167 2648 3219 nisi
2681 3167 3033 3235 praevenisset
3060 3167 3279 3222 veniens
3308 3167 3396 3223 ille
3421 3209 3436 3235 ,
3460 3169 3702 3239 quando-

2119 3257 2336 3328 quidem
2358 3257 2447 3311 ubi
2470 3256 2726 3323 advenit,
2760 3257 2936 3311 statim
2983 3258 3129 3312 illum
3174 3258 3438 3314 adierunt.
3476 3261 3541 3315 Et
3592 3279 3704 3315 cum

2121 3348 2456 3404 descendisset
2509 3347 2791 3402 (Itesaream
2816 3390 2830 3414 ,
2888 3349 3182 3402 morabatur
3235 3350 3302 3403 ibi
3356 3350 3526 3404 decem
3577 3353 3702 3405 dies.

2124 3442 2283 3497 Forte
2306 3484 2323 3508 ,
2351 3441 2543 3510 opinor
2565 3481 2580 3505 ,
2612 3447 2669 3492 ut
2699 3450 2966 3508 prostaret
2992 3440 3069 3493 eis
3094 3481 3110 3506 ,
3157 3442 3246 3512 qui
3286 3443 3488 3497 vellent
3533 3445 3705 3512 ipsum

2123 3546 2488 3599 corrumpere.
2515 3529 2708 3584 Paulus
2730 3545 2858 3584 vero
2882 3539 3000 3584 erat
3029 3531 3079 3584 in
3108 3546 3347 3587 carcere.
3374 3532 3442 3586 Et
3463 3537 3708 3605 rogabant

2125 3639 2238 3678 eum
2263 3663 2277 3687 ,
2310 3621 2517 3690 inquit,
2545 3629 2598 3672 ut
2629 3621 2796 3690 ipsum
2826 3621 3181 3675 transmitteret
3215 3624 3269 3676 in
3296 3622 3599 3678 Jerusalem.
3646 3626 3708 3680 Et

2126 3730 2222 3768 cur
2253 3713 2477 3782 gratiam
2508 3712 2795 3780 petierunt,
2840 3713 2883 3766 si
2912 3712 3113 3780 justum
3145 3722 3260 3768 erat
3289 3722 3346 3768 ut
3373 3717 3710 3771 moreretur?

2129 3808 2234 3864 Sed
2269 3811 2337 3863 ita
2368 3809 2442 3863 illi
2483 3810 2778 3866 manifestae
2818 3812 3029 3865 fuerunt
3070 3811 3314 3877 insidiae,
3365 3821 3422 3868 ut
3465 3813 3709 3869 diceret:

2141 3897 2249 3953 Viri
2271 3902 2355 3972 qui
2385 3911 2651 3970 praesentes
2677 3903 2977 3969 estis,ridete
3006 3901 3141 3955 hunc
3164 3943 3178 3967 ,
3206 3903 3268 3955 de
3306 3919 3404 3972 quo
3445 3904 3713 3958 multitudo

2129 3991 2433 4046 Juda'orum
2477 4009 2555 4047 me
2598 3992 2955 4063 interpellavit.
3005 3993 3108 4048 Per
3153 3993 3283 4048 illud
3323 3995 3508 4060 enim,
3548 3993 3714 4048 Inter-

2132 4083 2370 4153 pellavit,
2421 4085 2644 4152 gratiam
2695 4092 2882 4138 contra
2939 4083 3090 4137 illum
3159 4083 3378 4151 petiisse
3430 4083 3712 4152 signiﬁcat.

2134 4175 2314 4244 Itaque
2373 4176 2482 4243 jam
2535 4177 2786 4230 volebant
2834 4176 2980 4229 illum
3036 4175 3102 4229 ad
3162 4175 3483 4229 sententiam
3533 4175 3715 4230 feren-

2134 4266 2254 4320 dam
2306 4267 2590 4330 inducere,
2632 4266 2862 4334 linguam
2903 4265 3052 4318 Pauli
3098 4265 3365 4318 timentes.
3397 4265 3534 4333 Quid
3564 4267 3718 4322 time-

2137 4355 2244 4409 tis?
2271 4354 2396 4424 quid
2434 4355 2738 4408 festinatis?
2765 4355 2944 4407 Palatn
2973 4361 3056 4407 est
3083 4353 3232 4407 illum
3256 4356 3535 4410 custodiri.
3579 4356 3716 4412 Num

2138 4447 2342 4517 fugiet?
2367 4446 2462 4510 Qui
2487 4463 2603 4516 ergo
2629 4446 2679 4498 in
2705 4445 2840 4499 vobis
2865 4486 2878 4507 ,
2905 4445 3075 4514 inquit
3099 4486 3113 4509 ,
3140 4454 3362 4513 potentes
3388 4456 3502 4500 sunt
3527 4489 3541 4512 ,
3571 4465 3719 4501 accu-

2137 4547 2243 4590 sent
2273 4535 2437 4590 illum.
2472 4535 2703 4590 Rursum
2732 4546 3073 4590 accusatores
3094 4534 3358 4590 Czesarea:
3381 4577 3397 4603 ,
3429 4546 3483 4591 et
3509 4554 3716 4592 rursum

2137 4629 2382 4683 educitur
2427 4627 2645 4683 Paulus.
2696 4627 2933 4697 Sequenti
2976 4625 3058 4681 die
3085 4669 3100 4694 ,
3145 4626 3357 4696 inquit,
3401 4628 3580 4683 sedens
3626 4645 3720 4697 pro

2139 4720 2399 4774 tribunali.
2909 4709 2917 4714 ⁷

2209 4813 2264 4866 5.
2309 4811 2473 4874 Vide,
2521 4810 2700 4864 statim
2750 4810 2969 4864 veniens
3013 4809 3151 4866 sedit
3194 4826 3292 4880 pro
3336 4811 3721 4867 tribunalizsic

2142 4903 2290 4958 illum
2345 4912 2399 4956 et
2451 4918 2572 4955 cum
2628 4910 2776 4956 tanto
2837 4901 3014 4954 studio
3069 4901 3436 4970 impellebant,
3492 4903 3570 4956 sic
3628 4917 3721 4956 ur-
3775 4907 3780 4913 '

2141 4997 2354 5064 gebant.
2401 4993 2662 5059 Quamdiu
2712 5007 2840 5061 ergo
2894 4992 3129 5045 nondum
3174 5003 3425 5060 expertus
3473 5002 3582 5046 erat
3625 4991 3723 5046 Ju-

2143 5089 2288 5142 dwos
2335 5095 2389 5140 et
2437 5086 2693 5138 honorem
2745 5085 2980 5149 illorum,
3014 5093 3157 5137 recte
3215 5084 3521 5154 respondit;
3573 5094 3720 5152 post-

2143 5195 2298 5251 quam
2349 5188 2525 5232 autem
2581 5178 2723 5230 venit
2769 5175 3179 5246 JeroSonmam,
3215 5175 3300 5230 hic
3345 5191 3558 5246 quoque
3602 5192 3720 5245 gra-

2147 5273 2373 5326 tilicatur
2427 5271 2561 5335 illis;
2623 5269 2716 5323 sed
2770 5284 2890 5323 cum
2939 5268 3068 5322 dolo
3116 5269 3216 5323 hoc
3272 5268 3431 5334 facit;
3480 5279 3534 5322 et
3585 5285 3718 5338 quo-
3774 5268 3776 5270 ’

2145 5364 2302 5419 modo
2323 5407 2336 5428 ,
2377 5363 2500 5417 audi
2531 5380 2542 5416 :
2570 5361 2716 5415 addit
2741 5363 2880 5415 enim
2910 5378 2924 5413 :
2957 5359 3107 5414 Visne
3141 5359 3513 5430 Jerosolymam
3543 5378 3721 5416 ascen-

2145 5459 2286 5524 dens,
2315 5456 2419 5510 illic
2445 5455 2507 5508 de
2530 5453 2608 5507 Itis
2622 5453 2850 5524 judicari
2870 5471 2898 5504 (ι
2924 5452 3041 5505 me?
3069 5456 3144 5504 Ac
3168 5451 3208 5504 si
3230 5451 3455 5519 diceret,
3480 5453 3591 5507 Non
3619 5455 3722 5509 illis

2148 5561 2198 5606 te
2241 5547 2392 5604 trado
2418 5590 2432 5615 ,
2480 5546 2572 5601 sed
2616 5546 2727 5615 ipse
2751 5544 2911 5614 judex
2955 5559 3066 5597 ero.
3099 5542 3209 5597 Hoc
3244 5557 3370 5597 vero
3400 5542 3566 5612 dicit,
3611 5561 3722 5602 rem

2212 5728 2282 5790 (τι)
2318 5735 2428 5785 quae
2455 5725 2640 5774 uncinis
2665 5719 2975 5784 clauduntur,
2994 5720 3165 5769 absunt
3185 5731 3211 5768 a
3235 5719 3537 5783 quibuylam.
