4086 6164
380 230 487 285 355

382 348 526 401 illius
552 339 772 396 arbitrio
798 333 1130 406 permittens,
1161 339 1217 384 ut
1243 329 1345 383 hoc
1368 327 1570 381 honore
1592 324 1764 392 ipsum
1784 319 1967 373 allice—

386 450 501 498 ret;
533 436 653 504 quia
686 431 730 484 si
763 430 865 483 hoc
911 427 1265 493 imperasset,
1307 417 1461 472 valde
1492 414 1770 485 impudens
1798 410 1969 464 visum

386 529 604 590 fuisset,
645 539 768 579 eum
815 521 902 590 qui
942 517 1101 573 islhic
1142 514 1420 568 convictus
1470 526 1597 588 non.
1620 507 1839 572 luisset,
1882 504 1971 559 illo

384 618 669 673 abducere.

460 705 615 759 Pauli
657 700 893 769 loquendi
933 697 1143 768 fiducia.
1169 692 1459 749 —Paulus
1498 704 1628 745 vero
1667 703 1773 742 non
1817 686 1971 750 dixit,

388 799 524 855 Nolo
550 815 567 847 τ
588 812 655 850 ne
682 792 1134 847 vehementiorem
1162 785 1407 840 redderet
1432 783 1695 852 judicem;
1726 779 1819 834 sed
1852 794 1973 832 rur-

388 907 507 945 sum
555 887 723 941 libere
752 885 989 952 loquitur
1016 880 1098 933 his
1124 876 1333 932 verbis:
1358 876 1487 928 Ante
1511 870 1733 927 tribunal
1760 868 1975 925 (ἔωσαν-ξε

386 992 466 1035 sto
491 997 509 1034 :
530 979 598 1032 ibi
622 994 700 1031 me
718 984 913 1045 oportet
922 970 1167 1043 judicari.
1194 968 1378 1037 Magna
1403 964 1651 1035 loquendi
1677 961 1884 1016 liducia.
1910 959 1978 1013 Et

386 1072 508 1127 vide
526 1066 795 1135 quomodo
817 1066 937 1118 illos
957 1060 1239 1117 ratiocinio
1259 1058 1401 1127 capit
1424 1074 1437 1110 :
1457 1055 1606 1125 quasi
1630 1054 1878 1107 nimirum
1901 1051 1978 1105 sic

387 1178 486 1234 pro
506 1158 818 1215 defensioue
845 1171 939 1209 sua
965 1156 1230 1222 loquatur.
1255 1150 1336 1203 Me
1367 1150 1439 1202 illi
1471 1146 1638 1201 semel
1669 1144 1939 1213 ejecerunt
1957 1182 1974 1208 ,

392 1263 446 1307 et
477 1251 603 1304 hinc
631 1264 716 1302 me
746 1244 1104 1300 damnandum
1136 1251 1351 1311 putant,
1398 1239 1539 1307 quod
1578 1235 1864 1291 ostendant
1893 1249 1979 1289 me

394 1345 447 1398 in
491 1341 757 1397 Ca-sarem
791 1351 1078 1407 peccasse:
1105 1334 1242 1403 apud
1274 1333 1423 1386 illum
1457 1332 1628 1402 ipsum
1655 1372 1669 1394 ,
1699 1330 1787 1399 qui
1819 1328 1978 1381 laesus

393 1444 510 1498 est,
548 1431 773 1503 judicari
803 1429 944 1483 volo.
978 1428 1071 1482 [iis
1097 1426 1254 1480 dictis
1282 1425 1553 1493 subjuugit
1577 1439 1590 1475 :
1613 1420 1812 1475 Juda’is
1852 1421 1980 1474 nihil

393 1525 579 1589 nocui,
610 1533 666 1576 ut
693 1523 845 1574 etiam
874 1530 928 1572 tu
956 1519 1137 1571 melius
1167 1516 1314 1569 nosti.
1350 1514 1661 1582 Pcrstringit
1696 1513 1841 1565 illum
1869 1511 1977 1580 jam

399 1615 550 1686 quasi
593 1612 788 1666 Judreis
833 1610 1238 1679 gratiﬁcantem.
1292 1603 1493 1658 Deinde
1540 1615 1816 1673 postquam
1863 1618 1982 1671 per-

398 1706 728 1770 strinxerat,
761 1718 946 1756 rursus
976 1699 1137 1754 solvit
1167 1712 1510 1761 sermonem,
1542 1695 1744 1749 addens
1767 1712 1778 1747 :
1799 1693 1984 1762 Itaque

391 1800 439 1853 si
471 1799 672 1866 quidem
711 1796 897 1864 injuste
937 1794 1046 1863 egi,
1090 1788 1169 1845 vel
1209 1790 1419 1860 dignum
1444 1788 1639 1857 aliquid
1669 1797 1827 1841 morte
1850 1787 1977 1857 feci,

395 1906 496 1942 non
522 1902 697 1942 recuso
726 1885 874 1938 mori.
902 1883 1097 1939 Contra
1130 1896 1215 1936 me
1247 1880 1564 1935 sententiam
1601 1878 1714 1933 fero
1735 1920 1749 1943 ,
1792 1879 1981 1948 inquit.

393 1979 508 2033 lloc
539 1994 645 2033 non
682 1986 764 2032 est
789 1990 911 2030 sese
936 1973 1230 2029 occidentis
1250 2012 1265 2037 ,
1294 1970 1389 2026 sed
1418 1970 1572 2025 valde
1596 1969 1752 2024 dictis
1781 1976 1891 2024 suis
1924 1972 1983 2023 ﬁ.

393 2068 568 2122 dentis
587 2085 599 2121 :
616 2082 736 2120 nam
756 2080 876 2120 cum
899 2061 1145 2134 loquendi
1170 2060 1362 2115 ﬁducia
1385 2060 1543 2124 adsit,
1559 2059 1985 2128 oportetjustitia

396 2159 463 2213 ad
490 2156 893 2212 confutandum.
928 2154 991 2209 Si
1030 2162 1196 2206 autent
1237 2151 1366 2204 nihil
1392 2162 1463 2204 est
1485 2167 1689 2217 eorum,
1719 2151 1781 2203 de
1808 2150 1986 2219 quibus

395 2250 474 2303 illi
501 2257 774 2313 accusant,
813 2260 957 2299 nemo
996 2252 1153 2313 potest
1191 2259 1270 2295 me
1315 2242 1526 2295 donare.
1568 2240 1793 2295 Etiamsi
1821 2241 1983 2303 velit,

398 2340 604 2410 inquit,
638 2354 743 2391 non
778 2335 991 2405 poterit.
1023 2333 1139 2387 Non
1167 2333 1334 2397 dixit,
1382 2330 1496 2385 Non
1524 2331 1718 2401 dignus
1746 2346 1864 2385 smn
1895 2332 1985 2400 qui

398 2431 620 2493 moriar,
650 2442 842 2496 neque,
874 2426 971 2492 Qui
997 2424 1277 2488 absolvar;
1308 2424 1424 2489 sed,
1455 2423 1677 2477 Paratus
1704 2439 1820 2477 sutn
1846 2422 1987 2492 judi-

400 2524 509 2577 cari
550 2520 687 2590 apud
717 2519 983 2574 Czcsarem
1012 2536 1026 2571 :
1052 2517 1205 2571 simul
1243 2516 1435 2570 somnii
1467 2530 1699 2579 memor,
1737 2515 1988 2569 ﬁdentius

401 2621 673 2683 provocat.
707 2609 889 2679 Neque
929 2608 1096 2670 dixit,
1131 2607 1244 2674 Tu,
1276 2606 1402 2670 sed,
1439 2606 1642 2670 Nemo;
1672 2618 1723 2661 et
1751 2606 1985 2670 addidit,

403 2703 656 2760 Casarem
674 2699 898 2771 appello,
924 2717 991 2755 ne
1015 2699 1085 2754 illi
1105 2698 1485 2754 cootumcliam
1510 2696 1706 2751 inferre
1724 2698 1984 2752 videatur.

404 2795 545 2850 Tunc
595 2794 776 2847 Festus
822 2793 1056 2862 loquutus
1099 2808 1214 2845 cum
1265 2790 1480 2843 concilio
1529 2790 1710 2843 dixit:
1738 2788 1989 2843 Caesarem

403 2888 715 2958 appellasti;
741 2884 810 2938 ad
837 2884 1086 2938 Caesarem
1111 2883 1224 2935 ibis.
1262 2881 1502 2935 Vidistin‘
1530 2879 1797 2948 quomodo
1822 2880 1988 2949 grati-

405 2978 626 3032 iicetur?
664 2975 844 3030 Gratia
875 2974 1015 3027 enim
1060 2980 1209 3034 erat,
1251 2972 1479 3040 colloqui
1519 2987 1638 3024 cum
1671 2972 1993 3025 accusatori-

404 3070 503 3123 bus
524 3109 537 3134 ,
572 3066 711 3137 quod
739 3074 822 3120 est
849 3065 1083 3131 corrupti
1112 3061 1309 3124 animi,
1339 3071 1393 3114 et
1432 3060 1674 3114 ordinem
1709 3061 1987 3115 turbantis.

409 3160 545 3214 Vide
574 3160 763 3212 iterum
797 3155 937 3208 illius
969 3162 1309 3223 prorogatum
1352 3151 1643 3220 judicium,
1684 3161 1739 3205 et
1775 3151 1993 3206 insidias

408 3246 803 3322 praedicationis
838 3245 1175 3300 occasionem
1216 3241 1403 3296 factas.
1446 3241 1571 3297 Haec
1607 3242 1749 3296 enim
1780 3241 1995 3311 dispen-

407 3351 614 3403 santur,
646 3349 700 3393 ut
731 3338 883 3391 facile
911 3347 962 3390 et
993 3351 1113 3389 cum
1136 3333 1379 3388 custodia
1407 3333 1799 3404 Jerosolymam
1826 3332 1992 3387 addu-

408 3445 581 3493 catur,
626 3430 839 3484 nemine
886 3427 1207 3480 insidiante:
1234 3440 1338 3477 non
1378 3424 1516 3478 idem
1558 3434 1673 3479 erat
1707 3424 1829 3478 illuc
1867 3427 1994 3479 sim-

410 3523 617 3591 pliciter
639 3520 945 3582 adventare,
969 3526 1160 3569 etcum
1189 3513 1277 3566 tali
1299 3529 1455 3567 causa
1480 3514 1680 3568 venire.
1702 3514 1814 3569 Hoc
1833 3516 1991 3569 etiam

412 3587 461 3664 id
492 3608 667 3662 eﬁccit
688 3648 701 3669 ,
734 3616 789 3660 ut
817 3606 984 3659 Juda-i
1018 3606 1140 3657 illnc
1169 3604 1537 3658 convenirent.
1574 3604 1771 3658 Deinde
1803 3587 2003 3659 iterum.

414 3715 578 3754 mora:
605 3706 748 3761 sunt,
771 3697 897 3751 dum
926 3696 1014 3748 ille
1036 3695 1388 3765 Jerosolymis
1416 3706 1657 3750 versatur
1680 3714 1692 3749 :
1718 3706 1779 3751 ut
1797 3697 1992 3764 discas,

411 3791 573 3844 etiam
591 3803 710 3841 cum
732 3796 937 3854 tempus
955 3796 1116 3849 esset,
1140 3787 1355 3841 insidias
1380 3788 1664 3855 [H'lBVBiCI'C
1687 3804 1791 3841 non
1817 3805 1993 3857 posse,

415 3882 525 3934 [leo
555 3896 658 3932 non
686 3876 1032 3931 concedente.
1057 3878 1284 3946 Agrippa
1307 3886 1475 3930 autem
1505 3878 1587 3929 hic
1608 3894 1696 3931 rex
1721 3888 1767 3930 et
1788 3876 1998 3932 Bermce

413 3970 776 4025 discenderunt
811 3967 1114 4023 Cwsaream.
1160 3967 1256 4021 llic
1283 3968 1514 4037 Agrippa
1537 4009 1550 4032 ,
1583 3969 1668 4035 qui
1701 3969 1861 4022 etiam
1896 3969 1997 4023 lle-

411 4065 593 4129 rodcs,
649 4063 784 4116 alius
832 4069 913 4113 est
967 4068 1087 4128 post
1137 4074 1258 4113 eum
1311 4060 1400 4129 qui
1454 4059 1709 4114 Jacobum
1763 4060 1995 4124 occidit,

410 4165 469 4210 ut
518 4155 587 4215 sit
638 4164 878 4223 quartus.
940 4150 1072 4206 Vide
1129 4152 1371 4206 inimicos
1411 4153 1497 4206 vel
1536 4152 1728 4206 invitos
1785 4155 2002 4222 conspi-

413 4262 554 4302 rare.
612 4244 682 4301 Ut
723 4260 850 4299 vero
892 4258 1081 4313 magna
1126 4242 1424 4297 auditormn
1473 4242 1764 4313 frequentia
1811 4257 1996 4309 esset,

415 4339 468 4391 in
510 4336 835 4391 desiderium
885 4335 1069 4389 incidit
1110 4335 1340 4405 Agrippa
1381 4334 1550 4404 ipsum
1590 4335 1837 4390 audiendi
1865 4355 1877 4390 :
1905 4354 2001 4390 nec

414 4442 705 4499 utcumque
733 4428 952 4492 audivit,
984 4427 1077 4481 sed
1118 4443 1239 4480 cum
1269 4436 1548 4496 apparatu.
1576 4427 1641 4480 Et
1669 4429 1792 4481 vide
1817 4428 2004 4481 delen-

414 4525 644 4587 sioncm,
676 4536 829 4589 quam
865 4535 1065 4588 przeses
1091 4520 1292 4588 profert
1316 4537 1328 4571 :
1351 4517 1478 4573 Cum
1501 4530 1667 4571 autem
1697 4520 1804 4589 ipse
1828 4521 2003 4589 appel-

416 4615 566 4669 lasset
600 4614 667 4664 atl
692 4614 990 4681 Angustum,
1012 4611 1241 4682 judicavi
1261 4610 1454 4663 mittere
1477 4611 1621 4662 illum
1645 4612 1743 4663 :de
1768 4629 1865 4676 quo
1886 4614 2006 4679 quid

416 4720 609 4763 certum
639 4706 852 4758 scribam
884 4705 1107 4767 domino,
1142 4719 1240 4755 non
1269 4701 1445 4754 habeo.
1471 4700 1560 4755 Sic
1585 4703 1768 4754 scribit
1796 4702 2003 4765 Festus,

419 4808 474 4851 et
496 4793 1020 4850 traduciturJttdaica
1036 4791 1324 4847 crudelitas
1347 4808 1358 4843 :
1379 4807 1497 4845 cum
1521 4792 1660 4846 enim
1685 4791 1784 4846 hoc
1809 4809 2004 4862 νιτιυδεε

419 4891 582 4953 dicat,
616 4897 919 4956 suspectum
950 4902 1053 4938 non
1086 4892 1186 4938 est.
1223 4882 1349 4937 Ideo
1380 4891 1558 4937 autem
1583 4883 1727 4948 dicit,
1764 4894 1819 4938 ut
1846 4884 1914 4939 ab
1941 4901 2006 4939 eo

425 4982 541 5044 ipso
563 4979 887 5033 damnentur
910 4976 1078 5030 Judwi
1107 4996 1118 5028 :
1147 4984 1424 5044 postquam
1456 4984 1631 5027 autem
1660 4992 1844 5030 omnes
1872 4992 2005 5030 con-

428 5072 750 5124 damnarunt
765 5071 927 5137 ipsos,
944 5077 1067 5120 tunc
1087 5067 1337 5119 ultionem
1356 5066 1588 5119 immittit
1604 5066 1760 5120 Deus.
1774 5068 2005 5122 Observa

430 5170 607 5215 :mtem
633 5176 646 5213 :
672 5158 939 5213 damnavit
971 5156 1157 5227 Lysias
1182 5197 1195 5219 ,
1229 5155 1500 5209 damnavit
1529 5155 1673 5211 Felix
1694 5198 1710 5222 ,
1738 5157 2008 5213 damnavit

433 5250 624 5307 Festus
648 5261 701 5306 et
728 5252 759 5304 ii
782 5251 867 5319 qui
893 5249 1325 5319 gratiﬁcabantur
1345 5249 1443 5311 eis,
1469 5248 1734 5303 damnavit
1756 5252 2005 5321 Agrippa.

433 5343 571 5410 Quid
613 5342 787 5395 uilla?
829 5343 1226 5395 ilauittavcrultl
1272 5356 1366 5395 eos
1413 5341 1509 5412 ipsi
1550 5341 1824 5396 Pitat‘is'a'i.
1858 5343 2007 5410 Quod

429 5436 520 5490 ille
548 5435 908 5499 damnaverit,
942 5433 1061 5486 audi
1094 5434 1265 5503 ipsum
1305 5433 1567 5488 diccntem
1595 5452 1607 5486 :
1635 5432 1851 5487 Nullam
1891 5452 2013 5487 cau-

435 5540 546 5588 sam
571 5524 877 5594 deferebant,
903 5541 964 5579 ea:
988 5526 1165 5592 quibus
1187 5543 1277 5597 ego
1302 5526 1616 5596 suspicabar.
1640 5525 1798 5581 Certe
1818 5529 2013 5582 attule-

438 5627 585 5681 rem,
607 5613 701 5669 sed
725 5629 833 5675 non
853 5618 1202 5673 conviccrunt
1226 5636 1236 5671 :
1260 5618 1463 5672 insidia?
1487 5633 1715 5687 namque
1737 5628 1788 5673 ct
1812 5618 2014 5674 fucinus

1106 215 1163 271 S.
1203 211 1481 271 JOANNIS
1516 204 1990 268 CIIRYSOSTOMI
2031 206 2345 263 ARCIIIEP.
2376 206 2904 263 CONSTANTINOP.

3560 203 3660 257 3316

2080 320 2215 374 hanc
2251 320 2610 389 suspicionem
2654 319 2954 388 pariebant.
2997 316 3271 386 inquisitio
3311 330 3491 369 autem
3536 314 3659 366 nihil

2082 411 2207 464 tale.
2243 407 2309 462 Et
2338 410 2401 463 de
2426 412 2643 481 quodam
2667 410 2814 472 Iesu,
2849 409 3040 476 inquit,
3074 408 3332 476 defuncto.
3363 405 3491 457 Jnre
3520 405 3664 465 dicit,

2079 501 2159 555 De
2189 503 2440 572 quodam,
2484 514 2666 572 utpote
2696 502 2784 571 qui
2818 502 3182 569 magistratum
3216 508 3456 565 gereret,
3501 512 3669 565 neque

2082 593 2199 647 hate
2227 605 2460 651 curaret.
2492 595 2692 649 Eadem
2722 594 2789 647 de
2817 606 2977 647 causa
3006 591 3135 644 dicit
3159 610 3171 642 :
3206 590 3464 642 lltrsitaus
3492 605 3583 657 ego
3612 589 3671 642 de

2081 686 2373 757 hujusmodi
2401 689 2693 755 quaestione.
2725 687 2935 741 Etenim
2970 685 3152 737 talium
3187 700 3365 737 rerum
3399 683 3668 751 inquisitio

2082 779 2200 831 talis
2223 778 2417 847 judicis
2444 795 2598 833 aures
2630 795 2753 832 vere
2783 775 3210 830 transcendebat.
3246 775 3313 829 Et
3343 776 3385 827 si
3420 775 3666 839 Inc-sitas,

2080 887 2176 925 cur
2205 871 2596 943 Jerosolymam
2630 871 2831 925 trahis?
2863 869 2985 923 ideo
3029 868 3220 921 Paulus
3265 866 3382 935 ejus
3414 867 3667 932 judicium

2081 963 2408 1029 detrectans,
2439 964 2812 1033 Ca-saremque
2833 963 3125 1031 appellans,
3153 961 3283 1014 dicit
3306 978 3318 1012 :
3346 961 3424 1013 Ad
3453 962 3671 1014 tribunal

2083 1054 2297 1109 Caesaris
2335 1064 2433 1118 sto,
2475 1055 2559 1108 ubi
2597 1072 2674 1108 me
2711 1064 2900 1123 oportet
2931 1053 3157 1123 judicari
3178 1067 3198 1115 ,°
3227 1053 3422 1106 ctenim
3464 1052 3531 1105 de
3572 1053 3671 1107 hoc

2080 1147 2426 1201 accusabant.
2459 1148 2627 1202 Audis
2656 1146 3113 1216 appellationem?
3139 1145 3294 1200 audis
3326 1146 3546 1200 insidias
3575 1147 3667 1200 .lu-

2081 1237 2350 1290 datorum?
2378 1238 2530 1292 audis
2556 1238 2910 1293 seditionem?

2152 1327 2205 1381 ι.
2242 1327 2365 1381 ΙΙιιέ
2402 1329 2579 1381 omnia
2619 1329 2903 1397 Agrippam
2944 1328 3010 1382 ad
3050 1326 3301 1382 audiendi
3340 1327 3671 1383 desiderium

2082 1420 2437 1473 concitarunt.
2480 1420 2546 1473 Et
2586 1420 2677 1474 dat
2726 1419 2914 1475 Festus
2960 1420 3223 1489 gratiam,
3273 1429 3328 1475 et
3379 1420 3437 1472 ﬁt
3488 1432 3669 1490 postea

2086 1512 2277 1565 Paulus
2301 1512 2514 1566 clarior.
2545 1513 2690 1567 Talia
2710 1555 2723 1577 ,
2772 1522 2828 1566 ιιι
2869 1513 2976 1566 dixi
2998 1554 3013 1578 ,
3059 1513 3262 1567 insidia:
3292 1514 3667 1567 conciliarunt.

2084 1603 2139 1656 Si
2173 1605 2285 1657 haec
2318 1621 2422 1659 non
2452 1604 2710 1671 fuissent,
2744 1606 2922 1659 nullus
2954 1607 3251 1675 principum
3286 1606 3459 1674 ipsum
3489 1607 3675 1662 audire

2084 1694 2331 1763 dignatus
2361 1704 2537 1759 esset,
2570 1696 2745 1749 nullus
2771 1712 2891 1749 cum
2932 1704 3078 1749 tanto
3108 1697 3339 1750 silentio.
3375 1696 3439 1751 Et
3465 1698 3673 1752 videtur

2084 1786 2300 1854 quidem
2330 1788 2416 1841 ille
2439 1787 2635 1842 docere
2661 1798 2714 1841 et
2742 1804 2863 1842 sese
2889 1788 3202 1854 defendere,
3228 1789 3322 1844 sed
3352 1790 3528 1858 potius
3552 1806 3675 1844 cum

2085 1880 2345 1950 dignitate
2384 1896 2570 1951 magna
2602 1883 2972 1938 concionatur.
3012 1881 3091 1936 Nc
3117 1897 3245 1952 ergo
3272 1891 3525 1952 putemus
3559 1898 3669 1937 rem

2086 1989 2300 2043 gravem
2330 1974 2550 2028 insidias
2575 1990 2717 2029 esse.

2160 2062 2324 2118 Nemo
2356 2064 2554 2117 (reditur
2592 2066 2688 2117 nisi
2726 2082 2757 2117 α
2795 2066 2977 2130 seipso.
3007 2063 3262 2133 Iiapinam
3293 2065 3671 2119 insectatur.—

2088 2153 2245 2208 Modo
2286 2155 2439 2209 nobis
2467 2155 2598 2223 ipsis
2630 2172 2733 2208 non
2776 2156 3086 2209 insidientur
3110 2196 3126 2219 ,
3169 2170 3327 2210 nemo
3358 2157 3513 2211 nobis
3543 2157 3671 2210 insi-

2088 2247 2220 2301 diari
2240 2248 2463 2315 poterit;
2485 2247 2592 2300 imo
2610 2247 2929 2300 insidiantur
2944 2247 3180 2316 qu‘detn,
3198 2247 3290 2301 sed
3308 2246 3441 2300 nihil
3460 2259 3669 2312 nocent,

2089 2337 2182 2390 sed
2217 2337 2449 2390 maxime
2493 2348 2735 2405 prosunt.
2782 2337 2963 2406 itaque
2992 2351 3157 2406 penes
3185 2351 3283 2390 nos
3310 2345 3424 2400 est,
3456 2346 3507 2391 et
3536 2338 3673 2390 malo

2091 2427 2227 2481 alﬁi-i
2269 2437 2324 2480 ct
2363 2444 2467 2481 non
2499 2426 2657 2480 afﬁci.
2690 2428 2826 2481 Ecce
2859 2426 3115 2481 testiﬁcor
3141 2436 3195 2480 et
3224 2442 3410 2496 magna
3437 2427 3675 2495 tubaque

2089 2522 2319 2575 clariore
2357 2537 2485 2574 voce
2503 2521 2641 2583 dico,
2666 2531 2719 2574 et
2740 2521 2782 2574 si
2810 2522 2990 2573 liceret
3029 2520 3079 2572 iu
3103 2520 3268 2573 altmn
3293 2519 3466 2572 locum
3491 2534 3675 2573 ascen-

2091 2610 2241 2674 dere,
2262 2626 2366 2664 non
2391 2626 2691 2665 recusarem
2720 2627 2730 2663 :
2756 2610 3117 2664 Christianum
3132 2625 3237 2664 non
3259 2624 3415 2678 posse
3436 2625 3466 2663 a
3484 2609 3676 2677 quovii

2094 2701 2376 2756 hominein
2402 2714 2536 2755 terra
2558 2701 2830 2754 habitante
2856 2700 2995 2756 laedi.
3019 2700 3079 2754 Et
3102 2699 3226 2769 quid
3253 2700 3396 2765 dico,
3419 2699 3677 2753 homine?

2092 2792 2169 2848 Ne
2201 2793 2314 2862 ipse
2341 2793 2556 2862 quidem
2589 2794 2820 2856 tlartnon,
2865 2794 2945 2845 vel
2994 2801 3251 2861 tyrannus
3274 2832 3289 2854 ,
3322 2792 3405 2846 vel
3435 2791 3678 2846 diabolus

2093 2896 2290 2959 potest,
2320 2885 2421 2938 nisi
2453 2900 2512 2938 se
2540 2884 2651 2953 ipse
2694 2883 2867 2936 liedat.
2902 2882 2957 2937 Si
2988 2898 3116 2952 ergo
3144 2884 3265 2952 quis
3294 2883 3446 2937 nobis
3479 2884 3676 2937 malum

2096 2976 2293 3030 inferre
2316 2976 2478 3038 velit,
2510 2975 2774 3027 incassum
2809 2974 3053 3027 tentahit.
3085 2974 3233 3027 Sicut
3259 2975 3402 3027 enim
3431 2974 3677 3041 angelum

2096 3066 2272 3121 nullus
2301 3066 2352 3119 in
2384 3077 2519 3119 terra
2551 3065 2709 3117 homo
2738 3064 2896 3118 laedat
2919 3105 2934 3128 ,
2966 3064 3043 3118 sic
3072 3080 3168 3117 nec
3199 3065 3359 3119 homo
3387 3065 3677 3120 hominem.

2097 3160 2203 3214 Sed
2247 3173 2418 3227 neque
2459 3158 2572 3226 ipse
2612 3157 2771 3209 aliutn
2806 3156 2997 3209 la-dcre
3029 3157 3253 3224 poterit,
3300 3156 3474 3210 donec
3513 3157 3681 3210 bonus

2096 3251 2221 3305 erit.
2252 3249 2387 3315 Quid
2417 3263 2545 3315 ergo
2568 3247 2689 3300 huic
2718 3264 2812 3315 par
2841 3262 2957 3299 esse
2976 3247 3169 3318 possit,
3192 3261 3347 3315 quem
3379 3248 3556 3301 nullus
3587 3248 3679 3300 la:-

2096 3343 2246 3407 dere,
2279 3341 2366 3409 qui
2396 3339 2596 3392 nulltun
2625 3337 2819 3391 laedere.
2848 3337 3058 3390 valeat?
3087 3353 3206 3390 nam
3242 3338 3342 3391 hoc
3372 3355 3475 3391 non
3509 3338 3681 3391 minus

2098 3434 2191 3486 illo
2219 3440 2321 3492 est,
2352 3429 2492 3498 quod
2528 3428 2729 3481 nullum
2758 3428 2951 3480 la-dere
2986 3428 3131 3481 velit.
3160 3426 3299 3495 Ergo
3329 3428 3547 3498 angelus
3567 3428 3683 3497 qui-

2097 3525 2217 3577 dam
2250 3531 2330 3575 est
2359 3531 2411 3574 et
2440 3520 2549 3573 Deo
2591 3519 2799 3571 similis.
2834 3518 2979 3571 Talis
3007 3519 3146 3570 enim
3180 3529 3232 3571 et
3264 3518 3403 3572 Deus
3431 3529 3545 3581 est;
3589 3519 3681 3572 sed

2099 3616 2186 3668 ille
2218 3622 2402 3667 natura
2430 3651 2445 3675 ,
2492 3610 2579 3664 hic
2622 3611 2911 3677 proposito.
2955 3607 3135 3677 Neque
3166 3623 3294 3677 ergo
3325 3608 3471 3674 lmdi,
3513 3625 3682 3677 neque

2100 3704 2292 3758 laedere
2321 3709 2513 3771 potest.
2545 3698 2673 3753 Illud
2702 3715 2850 3762 vero,
2877 3714 2979 3751 non
3012 3707 3205 3766 potest,
3242 3715 3307 3752 ne
3336 3708 3485 3766 putes
3514 3699 3682 3753 imbe-

2099 3795 2335 3848 cillitatis
2364 3807 2484 3846 esse
2516 3790 2866 3859 (contrarium
2899 3790 3039 3841 enim
3070 3788 3405 3843 imbecillitas
3429 3790 3565 3859 est);
3592 3790 3684 3843 scd

2102 3900 2209 3939 non
2227 3899 2344 3937 esse
2365 3896 2612 3948 capacem
2631 3874 2771 3933 dico.
2791 3877 2879 3931 Illa
2902 3879 3095 3947 quippe
3119 3887 3300 3931 natura
3319 3893 3418 3933 nec
3435 3879 3683 3933 damnum

2103 3978 2295 4044 accipit
2319 4016 2333 4037 ,
2376 3990 2474 4028 nec
2514 3972 2672 4027 infert
2707 3989 2719 4022 :
2756 3987 2877 4024 nam
2908 3970 3019 4023 hoc
3058 3970 3199 4022 aliud
3232 3970 3481 4024 damnum
3521 3979 3683 4026 esset.

2106 4066 2314 4120 Etenim
2339 4081 2439 4117 non
2463 4063 2570 4117 alio
2596 4075 2693 4115 nos
2722 4060 2868 4130 ipsos
2894 4060 3053 4113 modo
3085 4060 3344 4125 laedimus,
3369 4076 3529 4130 quam
3555 4062 3688 4114 alios

2107 4157 2371 4218 laedendo,
2401 4165 2455 4210 et
2483 4154 2712 4207 maxima
2747 4161 2964 4222 peccata
2999 4161 3178 4205 nostra
3205 4167 3275 4205 ex
3308 4150 3505 4206 damno
3536 4152 3688 4206 nobis

2107 4250 2395 4318 importato
2437 4247 2588 4301 ﬁunt.
2638 4244 2760 4299 ldeo
2797 4230 2925 4312 ergo
2955 4241 3290 4296 Christianus
3322 4242 3438 4296 laedi
3472 4242 3687 4311 nequit,

2107 4339 2246 4408 quod
2273 4338 2468 4392 lmdcre
2493 4352 2596 4389 non
2629 4336 2811 4404 possit.
2842 4333 3121 4400 Quomodo
3147 4322 3294 4388 alios.
3313 4333 3569 4387 laedenti-5
3595 4347 3690 4386 nos

2108 4434 2253 4500 ipsos
2280 4430 2558 4489 la'damus,
2591 4442 2801 4497 age,res
2826 4428 3061 4495 singulas
3091 4426 3463 4495 pervadentes,
3493 4426 3688 4479 dictttm

2109 4521 2468 4591 exploremus.
2498 4519 2683 4573 Laulat
2714 4518 2852 4586 quis,
2885 4517 3206 4570 contmnelia
3234 4517 3452 4582 al'ﬁciat,
3484 4518 3654 4585 rapiat
3684 4536 3693 4571 :

2110 4628 2267 4684 queui
2308 4611 2473 4665 lmsit‘?
2517 4624 2693 4662 nonne
2733 4610 2880 4678 prius
2919 4606 3361 4675 setpsum?Nulli
3402 4617 3551 4661 certe
3593 4624 3695 4659 non

2113 4705 2450 4759 manifestum
2478 4712 2579 4757 est.
2613 4703 2764 4755 Lmso
2790 4701 2932 4755 cnitn
2965 4700 3017 4753 in
3049 4701 3288 4769 pecuniis
3310 4701 3563 4755 damnum
3595 4710 3694 4758 est,

2113 4796 2236 4850 huic
2265 4797 2315 4848 in
2344 4795 2515 4847 anima
2542 4811 2555 4848 ι
2583 4809 2701 4847 nam
2726 4792 2883 4861 hujus
2906 4793 3082 4845 anima
3107 4792 3156 4844 in
3182 4793 3471 4860 perniciem
3495 4801 3548 4845 et
3576 4806 3696 4859 sup-

2117 4890 2330 4960 plicium
2360 4889 2535 4941 datur.
2568 4887 2769 4940 Rursus
2798 4886 3031 4939 invideat
3059 4886 3195 4940 alter
3219 4904 3232 4939 :
3255 4901 3412 4955 quem
3448 4887 3494 4939 is
3522 4884 3695 4940 larsit?

2116 4996 2315 5044 nonne,
2340 4993 2540 5047 qumso,
2566 4977 2839 5045 seipsoni?
2859 4976 3003 5030 Talis
3027 4986 3108 5030 est
3136 4977 3277 5030 enim
3308 4977 3579 5042 injuslitia!
3607 4990 3695 5027 na-

2117 5084 2257 5135 tura,
2308 5087 2426 5139 quze
2476 5071 2518 5121 si
2562 5070 2866 5138 gignentem
2908 5069 3099 5122 millies
3141 5068 3317 5132 lit-dat,
3358 5068 3522 5121 alium
3573 5083 3698 5121 vero

2116 5179 2344 5234 parum;
2390 5163 2497 5215 imo
2543 5160 2665 5213 huic
2691 5161 2851 5214 etiam
2882 5161 3069 5226 prosit.
3101 5162 3170 5214 At
3196 5160 3325 5214 nihil
3355 5160 3456 5213 ﬁde
3480 5159 3698 5227 dignum

2118 5256 2366 5308 dixerim.
2399 5254 2524 5307 Esto
2551 5251 2709 5319 igitur
2734 5252 2809 5318 (in
2839 5252 2921 5304 his
2945 5252 3085 5305 enim
3115 5252 3345 5306 maxime
3373 5260 3538 5305 totum
3568 5266 3701 5305 con-

2118 5344 2281 5415 sistit)
2308 5359 2506 5412 pauper
2532 5342 2792 5395 tantillum
2820 5342 3017 5395 habens
3042 5343 3301 5411 pecuniae,
3326 5353 3377 5396 ct
3399 5340 3702 5396 necessario

2122 5436 2411 5489 instructus
2448 5434 2599 5495 cibo;
2640 5433 2778 5485 alius
2818 5448 2943 5485 vero
2983 5434 3131 5486 dives
3169 5443 3221 5486 et
3261 5432 3565 5503 opulentus,
3607 5446 3702 5503 po-

2125 5537 2313 5582 testate
2339 5526 2543 5590 valens,
2577 5527 2662 5595 qui
2692 5542 2754 5581 ea
2784 5543 2903 5594 qua:
2930 5536 3055 5580 sunt
3081 5528 3327 5595 pauperis
3357 5528 3565 5597 rapiat,
3607 5541 3698 5581 nu-

2126 5623 2251 5672 dam
2282 5619 2424 5671 illum
2455 5618 2642 5673 reddat
2667 5629 2717 5674 et
2744 5618 3080 5685 famelicum;
3112 5618 3197 5673 ille
3225 5635 3349 5674 vero
3377 5635 3441 5673 ex
3475 5614 3703 5683 iis,qua:
