4148 6152
346 403 450 472 μὲν
483 401 592 474 7&9
620 401 698 466 εἰς
724 399 1036 472 χρήματαή
1067 399 1263 471 ζημία,
1293 400 1443 473 αὐτῷ
1474 400 1532 454 δὲ
1566 400 1647 464 εἰς
1679 400 1882 470 ψυχήν·
1917 398 2014 452 καὶ

342 482 455 552 γάρ
489 483 566 544 εἰς
625 480 901 533 ἀπώλειαν
951 480 1047 531 καὶ
1097 481 1176 542 εἰς
1227 479 1450 534 κόλασιν
1507 477 1863 549 παραδίδοται
1896 475 2012 552 Ατοῦ

342 550 585 613 τοιούτου
626 559 658 628 ἡ
695 556 864 627 ψυχή.
921 555 1090 609 Πάλιν
1139 556 1404 625 φθονείτω
1432 557 1651 627 ἐτερος·
1699 556 1820 609 τίνα
1860 550 1954 608 οὖν
1985 553 2015 604 6

341 637 584 699 τοιοῦτος
601 636 861 706 ἠδίκησεν
887 650 902 698 ;
932 635 1032 704 οὐχ
1064 636 1277 702 ἑαυτὸν,
1314 636 1436 689 εἰπέ
1465 652 1557 705 μοι
1581 653 1597 699 ;
1639 633 1877 705 Τοιαύτη
1905 635 2016 705 7&9

342 717 381 787 ἡ
432 715 531 784 τῆς
574 712 789 775 ἀδικίας
836 711 1026 781 φύσις·
1087 713 1181 767 τὸν
1233 714 1487 767 τίκτοντα
1539 713 1754 785 πρῶτον
1789 712 2016 781 βλάπτει

348 793 538 865 μυρία,
569 791 742 862 μικρὰ
762 791 819 843 δὲ
835 790 1044 860 ἓτερον,
1081 791 1283 861 μᾶλλον
1309 791 1366 845 δέ
1395 791 1515 844 ούδέ
1536 790 1733 861 μικρὸν
1764 789 2015 860 βλάπτει,

346 870 484 925 ἀλλά
516 870 609 924 καὶ
632 868 853 938 ὠφελεῖ.
898 867 1039 921 Ἀλλ’
1071 869 1226 922 οὐδὲν
1245 868 1562 933 ἀξιόπιστον
1580 870 1801 936 εἴρηκα.
1835 869 2017 921 Ἔστω
2043 912 2061 924 .

347 948 528 1002 τοίνυν
583 948 846 1017 (μάλιστα
885 945 1089 1016 γὰρέν
1137 946 1350 1010 τούτοις
1404 947 1523 999 ἐστὶ
1570 946 1633 998 τὸ
1670 947 1799 1015 πᾶν)
1847 944 2019 1013 πένης

344 1027 608 1097 χρήματα
633 1024 771 1094 ἔχων
799 1022 956 1090 ὀλίγα
995 1024 1090 1077 καὶ
1126 1024 1229 1094 τῆς
1253 1023 1559 1092 ἀναγκαίας
1604 1023 1857 1092 εὐπορῶν
1891 1039 2019 1092 190—

347 1103 477 1165 φῆς,
506 1101 693 1170 ἔτερος
722 1100 778 1152 δὲ
799 1098 1051 1163 πλούσιος
1100 1103 1195 1153 καὶ
1244 1100 1477 1172 εὔπορος
1523 1101 1619 1154 καὶ
1659 1100 1859 1168 πολλὴν
1884 1100 2022 1169 ἔχων

347 1178 598 1248 δύναμιν,
659 1178 753 1232 καὶ
791 1176 1112 1247 λαμϐανέτω
1145 1181 1211 1231 1‘1
1260 1179 1352 1232 τοῦ
1401 1181 1631 1249 πένητος
1682 1179 1866 1232 λοιπὸν
1930 1177 2024 1230 καὶ

348 1256 557 1327 γυμνὸν
588 1254 813 1307 ποιείτω
848 1254 940 1306 καὶ
971 1257 1313 1325 παραδιδότω
1346 1256 1510 1328 λιμῷ,
1557 1259 1719 1319 αὐτὸς
1747 1257 1805 1307 δὲ
1834 1259 2024 1325 ἐντρυ·

350 1336 507 1404 φάτω
558 1334 672 1396 τοῖς
712 1331 771 1398 ἐξ
824 1330 1036 1384 ἐκείνου
1065 1333 1345 1403 ληφθεῖσιν
1374 1335 1596 1397 ἀδίκως·
1620 1338 1646 1387 6
1683 1334 1917 1397 τοιοῦτος
1962 1335 2022 1386 ού

353 1411 515 1482 μόνον
540 1411 692 1465 οὐδὲν
721 1409 884 1463 αὑτὸν
917 1409 1170 1479 ἔϐλαψεν,
1213 1411 1348 1464 ἀλλά
1377 1412 1472 1464 καὶ
1500 1413 1804 1481 ὠφέλησεν,
1836 1414 2025 1465 ἑαυτὸν

355 1489 416 1542 δὲ
451 1489 513 1543 οὐ
570 1488 728 1558 μόνον
775 1487 877 1539 οὐκ
927 1485 1229 1556 ὠφέλησεν,
1276 1490 1410 1542 ἀλλά
1462 1490 1558 1541 καὶ
1611 1490 1834 1558 ἔϐλαψε.
1868 1489 2023 1557 Ιιῶςς

351 1565 578 1635 Πρῶτον
612 1565 711 1635 μὲν
751 1563 856 1616 ὑπὸ
887 1563 979 1615 τοῦ
1004 1564 1303 1626 συνειδότος
1328 1567 1722 1634 μαστιζόμενος
1746 1567 1840 1618 τοῦ
1859 1582 2026 1633 πονη-

355 1644 606 1721 ροῦηκαί
644 1642 767 1697 καθ’
792 1641 1032 1711 ἑκάστην
1059 1643 1272 1713 ήμέραν
1306 1644 1683 1712 κεντούμενος,
1728 1645 1824 1697 καὶ
1873 1645 2026 1714 παρά

362 1721 584 1777 πάντων
614 1721 1178 1789 καταγινωσκόμενος·
1207 1722 1401 1773 ἔπειτα
1431 1723 1487 1774 ἐν
1532 1721 1611 1791 τῷ
1632 1722 1881 1791 μέλλοντι
1903 1724 2026 1793 κρί-

357 1818 510 1872 ματι.
554 1800 692 1853 Ἀλλ’
718 1802 803 1853 ὅτι
830 1800 930 1870 μὲν
968 1795 1122 1863 οὕτος
1185 1801 1508 1871 βλάπτεται,
1565 1802 1723 1871 δῆλον
1777 1800 2026 1856 ἐντεῦθεν

356 1863 620 1949 κατέστη·
652 1879 768 1940 πῶς
786 1863 843 1930 δέ
871 1877 1162 1946 ὠφελεῖται
1186 1863 1419 1940 ἐκεῖνος.
1444 1863 1717 1931 εἰπέ.’”Οτι
1746 1882 1807 1933 τὸ
1839 1881 2028 1944 κακῶς

354 1957 550 2011 παθεῖν
588 1957 684 2010 καὶ
723 1958 911 2027 φέρειν
957 1957 1245 2024 γενναίως,
1298 1958 1442 2025 μέγα
1488 1955 1677 2026 κέρδος
1722 1957 1871 2026 ἔχει·
1913 1958 2027 2011 ἔστι

350 2037 462 2106 γὰρ
502 2035 922 2106 ἁμαρτημάτων
965 2033 1118 2096 λύσις
1150 2034 1212 2086 16
1249 2034 1438 2086 παθεῖν
1471 2034 1678 2096 κακῶς,
1726 2035 1843 2088 ἐστι
1880 2036 2029 2104 φιλο-

352 2116 543 2182 σοφίας
558 2115 879 2184 γυμνάσιον,
917 2112 1067 2165 ἐστιν
1091 2112 1293 2181 ἀρετῆς
1321 2112 1659 2164 διδασκαλία.
1684 2113 1910 2184 ’Ίδωμεν
1936 2111 2029 2168 οὖν

349 2193 434 2255 τίς
446 2195 504 2245 ἐν
534 2195 747 2257 κακοῖς,
769 2187 924 2252 οὕτος
945 2191 978 2259 ἢ
1000 2193 1228 2251 ἐκεῖνοί.
1247 2191 1482 2252 Ἐκεῖνος
1509 2191 1607 2259 μὲν
1623 2190 1733 2260 γὰρ
1752 2189 1860 2262 άνῄ
1877 2191 2029 2260 φιλό-

352 2285 536 2337 σοφος,
568 2268 832 2336 γενναίως
847 2267 1006 2319 οἴσει·
1049 2264 1201 2329 οὕτος
1226 2267 1284 2320 δὲ
1318 2266 1437 2321 καθ’
1468 2268 1707 2338 ἑκάστην
1739 2272 1949 2340 ἡμέραν
1974 2273 2029 2324 ἐν

351 2347 543 2418 τρόμῳ
577 2348 732 2399 ἔσται
769 2346 864 2398 καὶ
913 2343 1136 2415 ὑποψίᾳ·
1185 2345 1267 2408 τίς
1327 2341 1420 2398 οὖν
1474 2346 1763 2410 ἀδικεῖται,
1812 2347 2027 2420 οὗτοςῆ

354 2427 563 2488 ἐκεῖνος
588 2442 602 2492 ;
631 2422 852 2488 Μύθους
880 2423 1081 2492 λέγεις,
1101 2423 1264 2494 φησίν
1292 2441 1304 2452 ·
1334 2426 1461 2477 ὅταν
1503 2425 1610 2496 γάρ
1663 2443 1745 2488 τις
1807 2427 1884 2495 μὴ
1931 2428 2031 2500 ἔχῃ

354 2505 569 2571 φαγεῖν,
599 2504 692 2555 καὶ
722 2504 1103 2571 ἀναγκάζηται
1150 2502 1520 2575 ἀποδύρεσθαι
1578 2505 1677 2557 καὶ
1716 2505 2027 2558 ἀποδυσπε.

354 2584 491 2645 τεῖν,
519 2582 551 2652 ἢ
582 2580 898 2653 προσελθὼν
922 2585 1164 2638 ἐπαιτεῖν
1199 2583 1293 2636 καὶ
1334 2583 1409 2654 μὴ
1447 2581 1608 2656 λάϐῃ,
1649 2584 1769 2653 οὐχὶ
1807 2585 1903 2637 καὶ
1931 2584 2028 2656 τὴν

352 2661 534 2732 ψυχήν
562 2664 657 2714 καὶ
689 2661 750 2714 16
790 2662 951 2732 σῶμα
977 2662 1417 2733 προσαπολλύει;
1455 2662 1674 2726 Μύθους
1709 2665 1774 2717 σὺ
1810 2663 1989 2732 λέγεις
2013 2679 2028 2692 ·

354 2739 467 2805 ἐγὼ
491 2739 600 2811 γάρ
625 2740 950 2793 ἐπιδεικνύω
1003 2741 1320 2812 πράγματα.
1357 2741 1494 2794 Εἰπὲ
1529 2740 1637 2811 γάρ
1691 2757 1802 2811 μοι,
1857 2742 2031 2805 οὐδεὶς

353 2818 466 2873 τῶν
520 2818 896 2872 πλουτούντων
941 2821 1350 2886 ἀποδυσπετεῖς
1406 2820 1471 2872 Τί
1522 2817 1648 2885 οὖν;
1692 2822 1828 2892 μὴή
1872 2823 2033 2875 πενία

353 2896 504 2950 αίτία
531 2897 723 2951 τούτου
750 2915 766 2963 ;
806 2898 968 2952 Ἀλλά
993 2900 1052 2951 ού
1086 2900 1377 2970 λιμώττει;
1435 2900 1543 2952 Καὶ
1575 2899 1626 2951 τί
1660 2898 1854 2962 τοῦτο;
1896 2899 2034 2952 Μεί-

355 2978 465 3040 ζων
497 2979 530 3047 ή
559 2977 707 3047 δίκη,
736 2977 867 3029 ὅταν
888 2976 1029 3046 μετά
1057 2978 1289 3032 πλούτου
1339 2977 1499 3030 τοῦτο
1530 2979 1680 3046 ποιῇ.
1717 2974 1869 3047 [586]
1895 2974 2033 3029 Οὕτε

353 3056 463 3127 γάρ
498 3054 727 3117 πλοῦτος
761 3057 1009 3122 γενναῖον
1060 3059 1224 3112 ποιεῖ.
1265 3054 1389 3107 οὕτε
1420 3055 1621 3123 ἀσθενῆ
1678 3053 1868 3105 πενία·
1912 3056 2035 3107 ἐπεὶ

353 3133 531 3195 οὐδεὶς
560 3132 627 3185 ἂν
666 3130 776 3184 τῶν
838 3133 899 3184 ἐν
942 3131 1157 3201 πλούτῳ
1207 3133 1423 3195 ζώντων
1453 3130 1725 3200 μοχθηρὸν
1764 3130 1860 3201 ἔζη
1897 3130 2032 3199 βίον,

354 3211 464 3265 οὐδ’
505 3211 572 3264 ἂν
602 3209 784 3280 ἑαυτῷ
810 3211 1159 3280 κατηράσατο
1184 3211 1357 3271 οὐδεὶς
1383 3210 1491 3262 τῶν
1517 3211 1575 3260 ἐν
1604 3210 1787 3280 πενίᾳ.
1817 3211 1939 3263 ”Οτι
1977 3210 2034 3264 δὲ

359 3293 525 3354 δντως
549 3289 713 3361 μῦθοι
744 3290 815 3344 τά
854 3288 987 3359 παρ’
1025 3289 1199 3359 ὑμῶν,
1247 3287 1458 3342 ἐκεῖθεν
1491 3287 1621 3356 ὑμῖν
1671 3288 1882 3358 ποιήσω
1934 3306 2034 3358 φα-

358 3371 532 3441 νερόν.
562 3369 696 3422 Εἰπέ
720 3386 832 3439 μοι,
870 3370 900 3421 6
933 3369 1142 3432 Παῦλος
1173 3372 1231 3421 ἐν
1255 3368 1417 3437 πενία
1453 3363 1544 3436 ἦν,
1592 3368 1625 3437 ἢ
1679 3371 1736 3420 ἐν
1771 3368 2031 3439 πλούτῳς

354 3450 678 3519 ἐλίμωττεν,
717 3449 752 3518 ἢ
804 3447 959 3517 ούχί;
1017 3447 1194 3501 Αὑτοῦ
1251 3447 1402 3499 ἐστιν
1454 3445 1688 3498 ἀκοῦσαι
1744 3444 2030 3513 λέγοντος·

370 3530 475 3581 Ἐν
497 3527 653 3594 λιμῷ
686 3526 786 3579 καί
813 3527 1000 3593 δίψει.
1037 3528 1101 3578 Οἰ
1134 3524 1414 3595 προφῆται
1465 3523 1782 3593 ἐλίμωττον,
1813 3524 1846 3593 ἢ
1873 3524 2031 3592 ούχί;

360 3606 622 3658 Κάκεῖνοι
681 3603 1114 3657 άπεδυσπέτουν.
1172 3601 1345 3654 Πάλιν
1393 3599 1600 3654 Παῦλόν
1655 3617 1746 3671 μοι
1810 3603 2030 3670 φέρεις,

358 3683 520 3736 πάλιν
567 3682 694 3745 τοὺς
757 3682 1063 3752 προφήτας,
1121 3680 1253 3734 δέκα
1288 3680 1383 3734 καὶ
1434 3681 1638 3733 είκοσιν
1686 3678 2029 3750 ἀνθρώπους.

368 3753 530 3813 Ἀλλά
570 3759 733 3811 πόθεν
759 3758 972 3828 βούλει;
1006 3759 1138 3813 Ἀπὸ
1158 3759 1267 3813 τῶν
1290 3758 1520 3821 πολλῶν,
1552 3759 1706 3828 φησι,
1735 3757 1910 3821 δεῖξόν
1942 3759 2032 3826 μοί

356 3854 511 3901 τινας
540 3838 807 3909 φέροντας
824 3837 1108 3905 γενναίως.
1126 3836 1289 3891 Ἀλλά
1309 3837 1370 3890 τὸ
1399 3838 1624 3891 σπάνιον
1655 3838 1744 3890 ἀεὶ
1769 3836 2029 3898 τοιοῦτον,

358 3916 453 3971 καί⁸
485 3917 656 3985 ὀλίγοι
708 3916 956 3971 οίκαλοί.
1015 3918 1078 3971 Εί
1131 3917 1309 3988 βούλει
1360 3915 1439 3980 δὲ,
1482 3916 1574 3970 καὶ
1624 3916 1746 3969 καθ’
1783 3915 1946 3967 ἐαυτὸ
1972 3916 2032 3967 16

360 3998 593 4067 πρᾶγμα
622 3994 991 4067 ἐξετάσωμεν.
1033 3995 1264 4068 ’Ίδωμεν
1314 3995 1461 4058 τίνος
1502 3997 1537 4067 ή
1573 3995 1794 4066 φροντὶς
1830 3994 2032 4066 μείζων

357 4078 452 4130 καὶ
472 4077 800 4149 δριμυτέρα,
830 4081 925 4131 καὶ
959 4077 1105 4140 τίνος
1149 4076 1524 4147 εὐφορωτέρα.
1550 4075 1662 4146 Ούχ
1688 4073 1716 4127 6
1748 4076 1846 4147 μὲν
1890 4076 2031 4147 ὑπὲρ

355 4158 456 4229 τῆς
504 4159 811 4227 ἀναγκαίας
877 4159 1120 4230 μεριμνᾷ
1181 4157 1408 4229 τροφῆς,
1452 4159 1481 4211 6
1527 4156 1583 4211 δὲ
1631 4156 1771 4229 ὑπὲρ
1821 4155 2028 4228 μυρίων

357 4240 699 4310 πραγμάτων
733 4237 937 4310 ταύτης
978 4238 1280 4309 ἀφέμενος;
1312 4237 1386 4291 υύ
1424 4235 1662 4291 δέδοικεν
1688 4236 1828 4307 ὑπὲρ
1866 4235 2028 4306 λιμοῦ

354 4320 385 4371 6
415 4317 685 4382 πλούσιος,
713 4317 826 4371 ἀλλ’
849 4317 989 4388 ὑπὲρ
1027 4318 1231 4389 ἐτέρων
1272 4316 1502 4369 δέδοικε·
1569 4313 1835 4378 πολλάκις
1889 4315 2031 4385 ὑπὲρ

360 4396 633 4466 σωτηρίας
658 4397 854 4467 αὐτῆς.
887 4398 1002 4449 Ούκ
1029 4394 1140 4465 ἔχει
1170 4394 1269 4466 τὴν
1303 4394 1636 4464 ἀμεριμνίαν
1680 4393 1781 4462 τῆς
1823 4392 2034 4463 τροφῆς

356 4476 386 4526 6
415 4475 600 4548 πένης.
633 4476 748 4529 ἀλλ’
771 4476 885 4546 ἔχει
929 4476 1029 4546 τὴν
1081 4474 1273 4543 ἑτέραν
1312 4473 1671 4548 ἀμεριμνίαν,
1723 4471 1818 4542 τὴν
1855 4472 2029 4541 ἀσφάο

357 4545 650 4625 λειαν,ήτὴν
678 4545 932 4625 ἡσυχίαν,
963 4545 1063 4623 τὴν
1087 4553 1293 4606 ἄδειαν.
1382 4545 1392 4554 ’

430 4639 492 4687 ε’.
516 4634 724 4696 ’Ἄλλως
750 4633 828 4697 δέ,
858 4634 906 4684 εἰ
938 4633 1013 4703 μὴ
1039 4632 1207 4684 κακὸν
1235 4632 1296 4683 16
1324 4628 1704 4689 ἀδικεῖν,ἀλλά
1729 4627 1916 4693 καλὸν,
1947 4628 2037 4682 διὰ

356 4712 412 4766 τί
437 4710 828 4781 αἰσχυνόμεθα;
845 4709 933 4762 διὰ
951 4711 1006 4762 τί
1027 4708 1514 4779 ὲγκαλυπτόμεθας
1535 4709 1623 4761 διὰ
1644 4707 1695 4759 τί
1712 4706 2036 4777 ὀνειδιζόμε-

358 4805 440 4842 νοι
470 4787 887 4857 ἀγανακτοῦμεν
910 4787 1004 4840 καὶ
1033 4786 1495 4857 δυσχεραίνομεν;
1539 4787 1602 4839 Εἰ
1639 4786 1714 4857 μή
1748 4785 1913 4839 καλὸν
1969 4787 2031 4840 16
2076 4846 2088 4855 ,

360 4865 668 4921 ἀδικεῖσθαι
706 4865 795 4919 διά
818 4867 870 4918 τί
903 4864 1313 4935 ἐναϐρυνόμεθα
1357 4864 1452 4917 καὶ
1504 4862 2035 4935 ἐγκαλλωπιζόμεθα

362 4943 438 5014 τῷ
463 4944 770 5015 πράγματι,
810 4946 904 4998 καὶ
934 4942 1427 5014 δικαιολογούμεθα
1494 4945 1552 4997 ἐν
1606 4942 1816 5015 τούτῳ;
1846 4944 2036 5008 Θέλεις

366 5025 555 5078 ιιαθεῖν
592 5024 710 5089 πῶς
731 5024 893 5078 τοῦτο
923 5023 1134 5077 ἐκείνου
1156 5022 1398 5092 βέλτιον;
1426 5023 1571 5095 Ὅρα
1598 5023 1724 5087 τοὺς
1752 5026 1810 5077 ἐν
1836 5021 2030 5095 τούτῳ,

1107 287 1169 343 S.
1202 287 1485 346 JOANNIS
1517 284 2008 342 CHRYSOSTOMI
2046 280 2362 337 ARCHIEP.
2404 277 2952 335 CONSTANTINOP.

3676 281 3785 339 55!

2113 397 2217 467 ὅρα
2233 396 2361 458 τοὺς
2385 395 2445 447 ἐν
2471 392 2685 464 ἐκείνῳ.
2714 390 2816 470 Διά
2855 389 2911 444 τί
2947 390 3140 470 νόμοις
3190 389 3279 470 διά
3315 390 3369 445 τί
3418 391 3787 470 δικαστήριας

2113 474 2205 528 διὰ
2253 473 2307 527 τί
2363 472 2662 542 τιμωρίαι;
2718 469 2840 539 οὐχὶ
2870 469 2939 523 δι’
2978 469 3222 532 ἐκείνους
3248 469 3328 533 ὡς
3366 472 3659 534 νοσοῦντας
3686 480 3789 532 καὶ

2116 554 2458 623 κάμνοντας;
2502 550 2641 603 Ἀλλ’
2667 552 2702 620 ἡ
2728 548 2890 620 ἡδονὴ
2916 547 3108 618 πολλὴ,
3147 548 3301 619 φησι.
3333 550 3426 620 Μὴ
3450 551 3699 624 εἴπωμεν
3719 557 3792 612 τὰ

2121 632 2381 701 μέλλοντα
2409 647 2423 660 ·
2458 629 2527 682 1&
2567 628 2813 699 παρόντα
2862 625 3226 696 ἐξετάσωμεν.
3260 627 3340 704 γΤί
3363 630 3545 698 χεῖρον
3592 632 3793 704 ἀνδρὸς

2121 708 2380 778 τοιαύτην
2403 706 2619 776 ἔχοντος
2642 704 2877 774 ὑποψίαν
2897 721 2912 771 ;
2935 704 2988 757 τί
3022 703 3474 776 σφαλερώτερον;
3508 707 3562 761 τί
3589 703 3792 783 σαθρό-

2118 805 2281 863 τερον
2304 805 2317 852 ;
2345 788 2448 839 οῦκ
2473 789 2530 839 ἐν
2553 784 2799 853 ναυαγίῳ
2825 783 3116 863 διαπαντός
3153 784 3269 863 ἐστι
3295 800 3309 847 ;
3352 783 3467 839 Κᾶν
3494 785 3704 842 δίκαιόν
3735 809 3791 844 τι

2121 861 2355 940 πράττῃ,
2406 866 2468 919 οὐ
2520 864 2859 925 πιστεύεται,
2890 863 2999 917 ἀπὸ
3028 861 3133 940 τῆς
3165 861 3449 932 δυνάμεως
3486 867 3791 922 καταδικα-

2122 939 2347 1016 ζόμενος
2379 943 2529 1016 παρά
2572 943 2810 997 πάντων·
2841 942 3048 1004 πάντας
3079 939 3188 1011 γὰρ
3234 940 3363 1004 τοὺς
3405 945 3796 1011 συνοικοῦντας

2122 1023 2462 1093 κατηγόρους
2490 1022 2606 1091 ἔχει
2625 1036 2638 1051 ⁶
2671 1021 2732 1073 οὐ
2769 1019 2924 1091 φιλία
2959 1017 3268 1091 χρήσασθαι
3322 1018 3584 1074 δύναται·
3612 1024 3796 1089 οὐδεὶς

2122 1102 2232 1172 γάρ
2253 1101 2319 1154 ἂν
2345 1100 2517 1152 ἕλοιτο
2545 1098 2754 1167 ταχέως
2777 1097 3033 1166 τοιαύτην
3048 1095 3206 1160 δόξαν
3228 1094 3445 1166 ἔχοντος
3493 1099 3794 1171 ἀνθρώπου

2123 1177 2378 1247 γενέσθαι
2405 1177 2578 1246 φίλος,
2600 1175 2742 1229 ὥστε
2773 1176 2847 1244 μὴ
2873 1175 3200 1244 κοινωνῆσαι
3244 1174 3394 1244 αύτῷ
3441 1175 3544 1245 τῆς
3582 1178 3798 1251 ύπολή-

2123 1260 2290 1327 ψεως.
2326 1255 2591 1324 Καθάπερ
2629 1253 2834 1324 θηρίον,
2898 1251 3041 1305 οὕτω
3081 1252 3282 1315 πάντες
3325 1253 3791 1325 ἀποστρέφονται·

2131 1336 2380 1404 καθάπερ
2411 1331 2662 1401 λυμεῶνα
2692 1332 2787 1382 καί
2846 1329 3038 1400 ἐχθρὸν
3077 1328 3170 1381 καί
3199 1328 3525 1399 ἀνδροφόνον
3565 1334 3658 1386 καὶ
3690 1335 3797 1405 τῆς

2128 1415 2344 1483 φύσεως
2371 1412 2653 1480 πολέμιον,
2691 1409 2781 1462 τὸν
2812 1408 2996 1462 ἄδικον
3040 1407 3347 1478 ἄνθρωπον.
3379 1410 3476 1461 Ἂν
3507 1411 3588 1473 είς
3638 1411 3797 1465 δικα-

2131 1495 2347 1560 στήριον
2368 1488 2604 1559 ἐμπέσῃ,
2635 1485 2758 1538 οὐδὲ
2792 1483 3096 1553 κατηγόρου
3122 1485 3339 1538 δεῖταιό
3362 1486 3662 1559 ἠδικηκὼς,
3692 1491 3797 1560 τῆς

2129 1571 2283 1639 δόξης
2306 1570 2427 1622 ἀντὶ
2476 1565 2675 1626 παντὸς
2722 1564 3030 1633 κατηγόρου
3085 1562 3562 1637 καταδικαζούσης
3603 1569 3794 1623 αὐτόν.

2142 1645 2279 1699 Ἀλλ’
2320 1646 2419 1715 οὐχ
2468 1646 2498 1697 6
2546 1641 2899 1710 ἀδικούμενος
2959 1640 3131 1705 οὕτως
3156 1681 3171 1704 ,
3235 1640 3372 1695 ἀλλά
3424 1646 3635 1709 πάντας
3677 1647 3797 1717 ἔχει

2129 1725 2460 1796 προστάτας,
2497 1719 2918 1788 συναλγοῦντας,
2958 1722 3117 1790 χεῖρα
3144 1719 3468 1790 ὀρέγοντας·
3498 1724 3585 1776 ἐπ’
3615 1725 3801 1795 ἀσφσ-

2111 1803 2246 1873 ,λείᾳ
2277 1803 2527 1870 ἔστηκεν.
2563 1800 2624 1851 Εἰ
2650 1798 2815 1852 καλὸν
2874 1797 2934 1850 τὸ
2984 1797 3191 1850 ἀδικεῖν
3240 1798 3337 1851 καὶ
3370 1800 3629 1869 ἀσφαλὲς,
3671 1805 3798 1873 ὁμο.

2130 1882 2358 1949 λογείτω
2384 1895 2467 1942 τις
2499 1873 2639 1930 εἶναι
2668 1877 2871 1940 άδικος·
2898 1878 2946 1929 εἰ
2993 1875 3050 1930 δὲ
3090 1877 3151 1929 ού
3181 1876 3374 1948 τολμᾷ,
3411 1878 3465 1930 τί
3491 1879 3692 1949 δήποτε
3717 1882 3797 1946 ὼς

2129 1958 2332 2027 ἀγαθὸν
2372 1959 2728 2029 μετέρχεται;
2760 1955 2986 2026 ’Ίδωμεν
3007 1955 3063 2009 δὲ
3091 1953 3207 2016 πῶς
3224 1959 3315 2009 καὶ
3337 1959 3395 2009 ἐν
3422 1957 3553 2027 ήμίν
3584 1960 3796 2025 αὐτοῖς,

2128 2039 2194 2092 ἂν
2224 2037 2448 2107 γένηται
2481 2035 2659 2099 τοῦτο,
2718 2033 2860 2086 πόσα
2913 2034 3118 2102 γίνεται
3153 2035 3317 2091 κακά.
3352 2035 3484 2089 Εἰπέ
3528 2038 3635 2108 γάρ
3674 2055 3789 2107 μοι,

2131 2118 2194 2171 ἄν
2218 2135 2270 2169 τι
2299 2115 2406 2168 τῶν
2440 2116 2497 2167 ἐν
2523 2115 2655 2183 ἡμῖν
2676 2113 2736 2165 16
2773 2114 2970 2165 οἰκεῖον
3009 2112 3253 2183 ὑπερϐἀν
3314 2112 3511 2183 μέτρον
3542 2114 3636 2167 τοῦ
3686 2116 3800 2169 ἐτέ-

2133 2214 2228 2266 ρου
2254 2195 2494 2265 ἐφίηται,
2525 2193 2620 2244 καὶ
2649 2190 2882 2261 βουληθῇ
2931 2191 3092 2260 ἀφεὶς
3147 2191 3174 2243 6
3218 2190 3397 2261 σπλὴν
3449 2193 3540 2247 16v
3593 2195 3797 2246 οἰκεῖον

2131 2275 2294 2327 τόπον
2321 2272 2505 2325 λαϐεῖν
2527 2271 2588 2323 τὸ
2624 2270 2903 2341 ἀλλότριον
2948 2270 3087 2340 μετὰ
3117 2268 3212 2322 τοῦ
3237 2270 3460 2334 οἰκείου,
3492 2272 3611 2342 οὐχὶ
3640 2274 3799 2337 νόσος

2130 2352 2291 2404 τοῦτὸ
2327 2353 2480 2413 ἐστις
2529 2350 2602 2403 Τὸ
2645 2348 2811 2419 ὑγρὸν
2866 2348 3028 2401 πάλιν
3073 2348 3135 2400 τὸ
3182 2349 3241 2400 ἐν
3286 2350 3490 2419 ήμῖν,ὁ
3518 2351 3716 2421 χυμὸς,
3744 2355 3799 2406 εἰ

2132 2432 2309 2484 πάντα
2332 2428 2630 2499 πληρώσει,
2652 2427 2774 2497 οὐχὶ
2807 2425 2997 2498 ὕδερος
3029 2425 3188 2481 τοῦτό
3220 2429 3376 2494 ἐστι;
3412 2429 3547 2482 Μετ’
3578 2430 3793 2484 ἐκείνου

2131 2511 2165 2581 ἡ
2189 2510 2319 2580 χολὴ
2354 2508 2513 2562 πάλιν
2533 2506 2873 2578 εὐρυχωρίαν
2913 2506 3164 2575 ζητείτω,
3201 2507 3297 2559 καὶ
3336 2508 3617 2579 πανταχοῦ
3671 2508 3794 2563 δια-

2131 2588 2330 2658 χείσθω
2362 2588 2423 2640 16
2457 2581 2615 2657 αἷμα.
2672 2583 2824 2658 [587]
2855 2584 2920 2637 Τί
2963 2584 3021 2637 δὲ
3062 2586 3119 2637 ἐν
3169 2587 3235 2655 τῇ
3294 2584 3438 2657 ψυχῇ
3472 2589 3501 2639 ὁ
3543 2587 3797 2661 Θυμδς.ἠ

2132 2665 2422 2737 ἐπιθυμία,
2453 2666 2549 2719 καὶ
2571 2665 2638 2718 τά
2660 2663 2794 2717 ἄλλα
2820 2664 3020 2725 πάντα,
3060 2662 3158 2716 ἐὰν
3199 2665 3412 2736 ὑπερϐῇ
3465 2664 3526 2717 16
3573 2667 3797 2734 μέτρον,

2131 2747 2251 2816 οὐχὶ
2282 2745 2474 2799 ἐαυτὸν
2506 2743 2934 2814 συνδιέφθειρεν;
2970 2740 3128 2795 Οὕτω
3153 2743 3292 2812 καὶή
3309 2743 3503 2813 τροφή·
3530 2743 3626 2796 ἐὰν
3654 2744 3797 2816 ὑπὲρ

2133 2827 2161 2877 ὃ
2191 2824 2415 2878 δύναται
2446 2822 2747 2876 πέπτεσθαι
2781 2820 3123 2892 προσληφθῇ,
3152 2821 3330 2884 νόσοις
3351 2821 3411 2874 16
3434 2820 3595 2892 σῶμα
3637 2839 3798 2892 περι-

2138 2903 2319 2958 έϐαλε.
2352 2900 2523 2955 Πόθεν
2553 2901 2661 2969 γὰρ
2683 2899 2741 2953 αί
2780 2898 3064 2968 ποδαλγίαι
3088 2917 3104 2964 ;
3130 2900 3292 2951 πόθεν
3319 2901 3375 2952 αἰ
3405 2901 3666 2971 παρέσεις
3704 2902 3798 2954 καὶ

2137 2985 2165 3036 6
2191 2982 2377 3044 κλόνος
2406 2978 2501 3033 τοῦ
2531 2978 2784 3047 σώματος
2806 2993 2821 3042 ;
2847 2973 2958 3048 ἆρα
2981 2978 3081 3031 οὐκ
3108 2977 3216 3031 ἀπὸ
3264 2978 3363 3049 τῆς
3414 2979 3523 3030 τῶν
3581 2981 3796 3048 τροφῶν

2135 3060 2439 3131 ἀμετρίας;
2477 3057 2646 3112 Πάλιν
2670 3059 2725 3110 ἐν
2754 3055 2830 3125 τῷ
2860 3055 3073 3126 σώματι
3106 3057 3202 3109 ἐὰν
3230 3056 3413 3109 πλεῖον
3442 3055 3682 3129 βουληθῇ
3708 3059 3797 3112 λα.

2135 3140 2248 3192 δεῖν
2269 3141 2298 3191 6
2316 3136 2611 3207 ὀφθαλμὸς,
2638 3135 2851 3206 ήπλέον
2880 3135 3009 3188 ἰδεῖν
3039 3133 3133 3187 τοῦ
3164 3134 3473 3204 ὡρισμένου
3498 3135 3793 3206 θελήσειεν,

2136 3215 2170 3285 ἢ
2209 3212 2393 3285 μεῖζον
2414 3210 2671 3265 ἀναλάϐοι
2712 3210 2847 3278 φῶς,
2888 3209 3088 3278 ἔϐλαψε
3145 3211 3349 3280 μᾶλλον
3390 3210 3423 3280 ἢ
3455 3211 3710 3284 ὠφέλησε
3739 3216 3798 3268 16

2135 3295 2274 3364 ὑπὲρ
2306 3293 2522 3363 μέτρον.
2549 3291 2612 3343 Εἰ
2651 3290 2708 3342 δὲ
2745 3290 2874 3342 ἔνθα
2903 3289 3106 3356 ἀγαθόν
3133 3305 3187 3341 τι
3213 3288 3273 3341 16
3301 3289 3419 3357 φῶς
3459 3291 3596 3349 ἐστι,
3628 3295 3657 3343 6
3708 3291 3795 3360 ὀρ.

2134 3371 2341 3440 θαλμὸς
2381 3373 2431 3422 εἰ
2466 3369 2631 3421 πλέον
2661 3368 2788 3420 ἰδεῖν
2814 3367 3094 3438 θελήσειεν
3139 3367 3461 3421 ἀπόλλυται·
3504 3368 3633 3421 ὅταν
3657 3368 3796 3440 λαμ.

2134 3450 2399 3519 πρότερον
2437 3447 2544 3518 ἴδῃ,
2576 3446 2825 3517 ἐννόησον
2852 3448 2946 3498 ἐπὶ
2965 3445 3059 3498 τοῦ
3083 3445 3276 3498 κακοῦ.
3319 3445 3382 3498 Ἢ
3407 3445 3546 3518 ἀκοὴ
3573 3447 3669 3499 ἐὰν
3701 3463 3796 3517 μεο

2133 3531 2306 3599 γάλην
2333 3522 2561 3598 δέξηται
2577 3526 2781 3598 φωνην,
2821 3526 3172 3596 ἀπόπληκτος
3199 3527 3233 3596 η
3260 3526 3468 3579 διάνοια
3493 3527 3707 3594 γίνεται
3730 3541 3745 3555 ·
3765 3530 3795 3581 6

2134 3607 2257 3669 νοῦς
2291 3605 2505 3658 ἐπειδὰν
2533 3606 2601 3658 τά
2639 3604 2778 3674 ὑπὲρ
2808 3604 2999 3677 ἐαυτὸν
3028 3604 3346 3674 λογίσηται,
3413 3605 3798 3675 ἐκπλήττεται,

2134 3687 2226 3738 καὶ
2248 3686 2385 3754 ὅπερ
2412 3683 2479 3737 ἂν
2511 3683 2670 3736 πλέον
2703 3682 2796 3734 τοῦ
2839 3683 3049 3745 δέοντος
3092 3682 3341 3752 γένηται,
3395 3683 3796 3753 παραπόλλυσι.

2133 3766 2175 3816 Τ
2179 3763 2302 3818 οῦτο
2326 3763 2434 3833 γὰρ
2459 3760 2763 3827 πλεονεξία,
2796 3761 2958 3815 πλέον
2988 3761 3132 3831 ἐχειν
3170 3760 3263 3814 τοῦ
3289 3761 3618 3833 ὡρισμένου.
3644 3762 3801 3816 Οὕτω

2132 3844 2195 3911 δὴ
2219 3844 2311 3895 καὶ
2332 3845 2424 3894 ἐπὶ
2454 3859 2558 3912 χρη
2569 3841 2772 3909 μάτων,
2803 3840 2930 3892 ὅταν
2944 3839 3259 3910 βουλώμεθα
3282 3839 3580 3893 ἐπιτιθέναι
3601 3841 3800 3910 φορτία

2134 3923 2374 3985 πλείονα,
2405 3922 2456 3975 εί
2483 3923 2576 3974 καὶ
2612 3921 2687 3990 μὴ
2740 3918 3133 3992 αἰσθανόμεθα,
3182 3918 3420 3990 χαλεπὸν
3483 3917 3540 3968 ἐν
3582 3918 3803 3981 ἑαυτοῖς

2131 4003 2402 4074 τρέφομεν
2440 3999 2499 4053 16
2529 4000 2735 4070 θηρίον,
2761 3999 2932 4052 πολλά
2990 4000 3227 4070 ἔχοντες,
3268 3997 3478 4051 πολλῶν
3529 3997 3798 4067 δεόμενοι,

2135 4080 2379 4152 φροντίσι
2436 4080 2657 4149 μυρίαις
2710 4078 3127 4148 περιϐάλλοντες
3161 4079 3411 4139 ἑαυτοὺς,
3469 4076 3672 4139 πολλάς
3722 4075 3803 4144 τῷ

2139 4159 2371 4230 διαϐόλῳ
2399 4159 2732 4227 παρέχοντες
2753 4157 2945 4221 λαϐάς.
2976 4158 3074 4209 Διά
3105 4156 3263 4209 τοῦτο
3290 4154 3413 4208 οὐδὲ
3443 4154 3603 4224 χρεία
3624 4155 3803 4223 καμά-

2148 4254 2242 4290 του
2290 4237 2384 4290 ἐπὶ
2440 4236 2549 4290 τῶν
2605 4235 2980 4289 πλουτούντων
3019 4233 3096 4303 τῷ
3133 4233 3365 4304 διαϐόλῳ
3390 4250 3404 4262 ·
3441 4234 3651 4303 ἕτοιμοι
3694 4234 3804 4303 7&9

2139 4315 2288 4387 αὐτῷ
2317 4314 2455 4391 πρὸς
2480 4312 2795 4386 καταφορὰν
2832 4315 2941 4367 ἀπὸ
2968 4315 3062 4367 τοῦ
3094 4313 3326 4366 πλούτου
3360 4313 3600 4391 μάλιστα
3625 4312 3802 4382 γίνον-

2137 4414 2248 4450 ται.
2293 4393 2434 4447 Ἀλλ’
2485 4394 2585 4446 οὐκ
2618 4393 2712 4446 ἐπὶ
2757 4392 2865 4446 τῶν
2911 4394 3072 4463 πενίᾳ
3112 4391 3421 4455 συζώντων,
3453 4390 3589 4443 ἀλλά
3613 4390 3720 4443 πᾶν
3745 4390 3805 4443 16

2137 4474 2395 4527 ἐναντίον.
2416 4471 2600 4534 Οὕτως
2616 4470 2756 4525 αύτά
2785 4471 2906 4525 καθ’
2926 4472 3092 4525 ἑαυτὰ
3114 4470 3376 4523 ἀπόλλυσι
3397 4469 3465 4521 τά
3482 4470 3801 4540 πράγματα.

2138 4554 2227 4604 Διὸ
2252 4549 2556 4621 παρακαλῶ
2606 4549 2908 4619 ἀπέχεσθαι
2956 4549 3057 4620 τῆς
3090 4548 3296 4600 τούτων
3342 4546 3658 4617 ἐπιθυμίας,
3715 4546 3804 4600 ἵνα

2138 4629 2454 4699 δυνηθῶμεν
2511 4626 2791 4698 διαδράναι
2836 4627 2936 4690 τὰς
2983 4624 3078 4679 τοῦ
3134 4623 3375 4697 πονηροῦ
3426 4624 3683 4692 παγίδας,
3712 4623 3805 4677 καί

2137 4710 2340 4779 ἀρετῆς
2377 4706 2762 4776 ἐπιλαϐόμενοι
2802 4705 2911 4760 τῶν
2964 4705 3200 4759 αἰωνίων
3246 4702 3468 4773 ἀγαθῶν
3498 4704 3829 4773 ἐπιτυχεῖν,’

2137 4791 2320 4860 χάριτι
2350 4787 2446 4841 καὶ
2469 4785 2853 4860 φιλανθρωπίᾳ
2886 4785 2980 4838 τοῦ
3006 4784 3216 4855 Κυρίου
3243 4783 3402 4854 ήμῶν
3439 4779 3620 4854 Ἰησοῦ
3666 4782 3804 4860 Χρι-

2139 4858 2291 4933 στοῦ,
2318 4866 2439 4938 μεθ’
2461 4859 2523 4920 οὕ
2547 4864 2627 4936 τῷ
2661 4866 2856 4935 Πατρὶ,
2887 4865 3004 4935 ἅμα
3036 4863 3115 4934 τῷ
3135 4865 3279 4933 ἁγίῳ
3305 4861 3610 4932 Πνεύματι,
3654 4858 3804 4938 δόξα,

2137 4935 2356 5018 κράτος,
2384 4946 2544 5016 τιμὴ,
2574 4935 2672 4997 νῦν
2698 4944 2791 4997 καὶ
2817 4943 2923 5007 ἀεὶ,
2960 4942 3055 4995 καὶ
3123 4938 3203 5006 εἰς
3256 4942 3386 5004 τοὺς
3440 4939 3646 5003 αἰῶνας
3696 4935 3807 4990 τῶν

2136 5025 2367 5079 αἰώνων.
2409 5023 2606 5095 Ἀμήν.

1902 5325 2143 5379 οΜῐΛΙΛ
2188 5323 2317 5378 hB’.

366 5440 442 5511 Τῇ
471 5437 585 5496 οὖν
614 5422 911 5506 ἰ·παύριον’
946 5435 1230 5501 ἐλθόντος
1276 5434 1381 5489 τοῦ
1422 5431 1714 5501 Ἀγρίππα
1774 5430 1871 5483 καὶ
1928 5427 2039 5497 τῆς

434 5510 720 5562 Βερνίκη(-
747 5509 891 5562 ιιετὰ
914 5504 1156 5562 πολλῆς
1178 5503 1536 5562 φαντασίας,
1586 5502 1685 5554 καὶ
1724 5501 2035 5554 εἰσελθόν-

434 5510 720 5577 Βερνίκης
740 5510 891 5577 μετὰ
914 5510 1156 5574 πολλῆς
1176 5510 1536 5574 φαντασίας,
1586 5510 1685 5554 καὶ
1724 5510 2035 5554 εἰσελθόν-

432 5596 550 5632 των
571 5581 657 5644 εὶς
674 5580 742 5631 τὸ
763 5575 1162 5646 ἀκροατήριον
1192 5577 1316 5630 σύν
1341 5590 1405 5646 ξε
1433 5570 1911 5646 τοῖς-χιλιςίρχοις
1934 5568 2037 5646 xu;

431 5639 687 5719 ἀνδρᾴᾶι
726 5639 854 5712 τοῖς
885 5639 1039 5719 και-’ξ
1057 5639 1448 5719 έξοχὴνῌοῦσι
1494 5641 1611 5719 τῇς
1632 5641 1906 5719 ἦόλεως,
1933 5639 2033 5692 καὶ

431 5712 841 5779 κελεύσαντος
856 5714 963 5767 τοῦ
998 5712 1260 5779 Φήστου,
1280 5713 1438 5782 ἤχθη
1473 5713 1505 5764 ὀ
1530 5712 1793 5773 Παῦλος.

435 5802 668 5872 α’.”υρα
687 5796 797 5855 οἷον
827 5800 1145 5869 συλλέγεται
1178 5802 1541 5869 ἀκροατήριον
1558 5794 1633 5862 τῷ
1656 5795 1872 5864 Παύλῳ·
1907 5792 2035 5859 Τοῖς

2143 5433 2272 5487 κατ’
2297 5431 2545 5503 ἐξοχὴν,
2578 5428 2734 5503 φησὶ,
2772 5428 2880 5498 τῆς
2911 5426 3163 5494 πόλεως·
3189 5430 3316 5491 τοὺς
3341 5428 3676 5499 δορυφόρους
3701 5427 3809 5497 7&9

2144 5521 2350 5584 πάντας
2384 5521 2707 5589 συναγαγὼν
2729 5521 2756 5572 6
2776 5517 2960 5589 ἄρχων
2986 5517 3081 5571 καὶ
3109 5519 3137 5570 6
3156 5516 3432 5587 βασιλεὺς,
3448 5517 3623 5579 οὕτως
3642 5517 3813 5569 ἀπανο

2142 5608 2296 5663 τῶσι.
2330 5608 2435 5660 Σὺ)
2470 5608 2653 5669 αὐτοῖς
2676 5605 2734 5659 δὲ
2768 5607 2862 5658 καὶ
2891 5605 2940 5657 οἱ
2971 5602 3242 5675 χιλίαρχοι
3269 5605 3362 5657 καὶ
3400 5604 3448 5655 οἰ
3485 5601 3686 5673 πρῶτοι
3711 5601 3811 5669 τῆς

2143 5694 2351 5758 πόλεως
2391 5693 2832 5761 παραγεγόνασιν
2851 5708 2864 5722 ·
2893 5689 3118 5754 τούτους
3142 5688 3252 5760 7&9
3271 5688 3392 5743 κατ’
3411 5687 3603 5761 ἐξοχὴν
3629 5684 3807 5759 καλεῖ.

2142 5781 2271 5836 Εἶτα
2297 5782 2391 5836 καὶ
2414 5780 2621 5845 Παῦλος
2646 5781 2859 5849 ἄγεται·
2892 5780 2987 5834 καὶ
3011 5768 3132 5850 δρα,
3180 5779 3299 5841 πῶς
3346 5777 3512 5831 αὐτοῦ
3553 5773 3810 5847 ἀχθέντος
