4148 6152
395 319 499 379 38⁸2

396 639 501 677 non
542 623 700 676 modo
743 638 848 674 non
896 621 1114 690 profuit,
1156 621 1249 675 scil
1291 621 1449 674 etiam
1489 621 1741 675 damnum
1783 622 1976 674 intulit.

393 711 714 780 Quomodo?
757 712 940 766 Primo
969 711 1186 780 quidem
1215 727 1244 764 a
1274 711 1409 764 mala
1437 712 1760 765 conscientia
1794 712 1980 766 verbe-

391 811 540 856 ratus
561 843 577 866 ,
619 812 674 856 et
701 802 942 872 quotidie
968 801 1260 866 cruciatus,
1291 800 1360 855 ab
1386 801 1635 856 omnibus
1659 803 1976 866 damnatus;

394 892 692 961 deindeque
722 895 774 946 in
822 896 1001 947 futuro
1026 892 1251 962 judicio.
1293 891 1396 947 Sed
1425 894 1564 962 quod
1596 893 1682 947 hic
1712 895 1938 950 laedatur
1959 937 1976 961 ,

395 984 520 1039 hinc
551 985 722 1052 palam
753 994 869 1049 est;
909 985 1180 1054 quomodo
1207 993 1387 1039 autem
1414 985 1503 1040 ille
1530 987 1813 1043 utilitatem
1840 989 1977 1042 acci-

395 1076 489 1144 pit,
519 1075 690 1130 dicas.
725 1073 858 1140 Quia
889 1075 1029 1129 male
1053 1073 1194 1130 affici
1222 1084 1276 1129 et
1303 1075 1512 1130 fortiter
1535 1075 1697 1142 ferre,
1725 1093 1975 1147 magnum

391 1166 552 1220 habet
574 1167 784 1221 lucrum
809 1183 822 1218 :
847 1177 925 1221 est
957 1167 1098 1220 enim
1128 1176 1464 1234 peceatorum
1497 1168 1714 1234 solutio,
1743 1170 1979 1238 graviter

389 1257 573 1324 affligi,
605 1267 682 1310 est
717 1256 1066 1326 philosophiae
1089 1257 1446 1328 gymnasium,
1475 1258 1683 1312 virtutis
1707 1259 1968 1314 doctrina.

389 1347 680 1402 Videamus
704 1363 833 1418 ergo
860 1357 976 1403 uter
1003 1350 1054 1402 in
1085 1350 1237 1404 malis
1263 1350 1350 1414 sit,
1386 1349 1474 1404 hic
1501 1365 1567 1404 an
1602 1351 1706 1405 ille.
1739 1351 1833 1407 Ille
1859 1353 1974 1422 qni-

386 1437 510 1492 dem
538 1439 582 1492 si
613 1437 961 1508 philosophus
982 1441 1070 1501 sit,
1103 1441 1310 1494 fortiter
1337 1441 1502 1503 feret;
1533 1442 1618 1495 hic
1648 1459 1772 1497 vero
1797 1446 1973 1512 quoti-

385 1528 476 1583 die
505 1530 557 1582 in
583 1539 817 1584 tremore
841 1539 895 1584 et
921 1531 1222 1599 suspicione
1262 1533 1365 1586 erit
1391 1551 1403 1586 :
1435 1543 1555 1587 uter
1579 1549 1708 1604 ergo
1737 1535 1968 1602 heditur,

387 1617 475 1673 hic
513 1634 582 1673 an
622 1619 751 1673 ille?
789 1619 1014 1674 Fabulas
1054 1637 1261 1684 narras.
1311 1624 1520 1690 inquies
1551 1642 1565 1677 :
1600 1625 1814 1692 quando
1850 1627 1971 1697 quis

386 1709 529 1777 quod
562 1710 686 1764 edat
713 1725 817 1764 non
844 1711 1022 1777 habet,
1051 1723 1102 1766 et
1129 1713 1407 1768 lamentari
1440 1717 1850 1787 mendicareque
1879 1734 1969 1773 co-

387 1803 551 1872 gitur,
594 1819 692 1858 nec
729 1804 939 1873 accipit,
975 1821 1152 1860 nonne
1190 1807 1349 1862 simul
1378 1816 1433 1862 et
1460 1825 1688 1878 corpore
1713 1820 1767 1865 et
1791 1813 1966 1867 anima

385 1894 568 1962 perit?
613 1894 725 1948 lino
771 1895 976 1948 fabulas
1018 1907 1072 1950 tu
1115 1913 1331 1963 narras;
1374 1915 1474 1970 ego
1514 1916 1603 1955 res
1643 1902 1785 1972 ipsas
1820 1919 1968 1958 com-

385 1995 646 2041 monstro.
684 1987 776 2041 Dic
807 1989 948 2041 enim
980 1989 1107 2043 mihi
1134 2031 1149 2054 ,
1184 1993 1434 2047 nullusne
1465 1994 1686 2049 divitum
1719 1996 1820 2051 fert
1846 2013 1969 2051 cru-

383 2077 620 2130 ciatum?
646 2077 780 2144 Quid
817 2079 1013 2146 igitur?
1042 2096 1110 2134 an
1155 2081 1204 2135 id
1249 2097 1313 2136 ex
1349 2095 1661 2154 paupertate
1693 2091 1968 2156 provenit?

383 2167 492 2223 Sed
532 2183 637 2222 non
676 2171 882 2223 esurit?
909 2170 975 2224 Et
1011 2173 1136 2239 qttid
1176 2173 1277 2228 hoc
1315 2178 1440 2230 est?
1470 2177 1634 2246 Major
1672 2182 1774 2235 erit
1815 2183 1965 2248 ultio,

384 2259 600 2326 quando
629 2274 749 2314 cunt
785 2260 988 2315 divitiis
1017 2265 1116 2317 hoc
1148 2263 1350 2319 fecerit.
1384 2266 1563 2337 Neque
1593 2271 1735 2325 enim
1766 2271 1967 2327 divitia:

384 2347 576 2402 fortem
608 2349 858 2417 reddunt,
885 2367 1057 2421 neque
1079 2365 1360 2422 paupertas
1383 2357 1737 2426 imbecillum;
1769 2365 1964 2431 alioqui

383 2438 562 2492 nullus
591 2440 968 2508 opulentorum
993 2444 1241 2499 miseram
1263 2458 1444 2517 ageret
1467 2451 1650 2518 vitam,
1681 2453 1966 2523 nullusque

385 2545 675 2598 pauperum
724 2532 825 2587 sibi
882 2535 1248 2592 malediceret.
1302 2538 1454 2606 Quod
1507 2557 1636 2596 vero
1688 2558 1966 2601 sermones

384 2623 548 2676 vestri
581 2639 706 2678 vere
738 2624 910 2679 fabttla
940 2627 1066 2692 sint,
1103 2629 1226 2684 hinc
1253 2631 1426 2698 palam
1461 2632 1670 2689 faciam.
1703 2635 1966 2693 Paulusne

384 2716 434 2768 in
474 2715 672 2769 divitiis
712 2726 848 2783 erat,
891 2733 958 2773 an
1000 2721 1050 2774 in
1093 2725 1452 2790 paupertate?
1493 2725 1631 2780 fame
1669 2726 1964 2798 laborabat,

381 2805 594 2858 annon?
623 2803 798 2876 Ipsum
827 2806 1014 2862 audire
1041 2809 1167 2863 licet
1195 2810 1466 2866 dicentem
1495 2854 1508 2871 .
1552 2812 1616 2868 In
1647 2817 1782 2883 fame
1807 2825 1853 2870 et
1883 2819 1967 2872 siti

386 2893 463 2960 (2.
493 2893 609 2947 Cor.
654 2896 740 2952 ll.
776 2896 890 2965 27).
921 2897 1202 2967 Propheta:
1248 2901 1592 2958 csariehant?
1629 2909 1845 2961 annon?
1886 2907 1963 2963 llli

381 3002 594 3054 quoque
622 2988 671 3040 in
705 2987 858 3042 malis
884 3000 1056 3042 erant.
1090 2989 1294 3044 Rursus
1323 2992 1541 3070 Paulum
1569 2997 1700 3051 mihi
1735 2999 1960 3067 profers,

383 3091 570 3130 rursus
617 3076 924 3145 prephctas,
969 3078 1154 3133 decem
1198 3091 1292 3135 aut
1328 3083 1510 3152 viginti
1551 3085 1814 3144 homines.
1857 3091 1964 3147 Sed

384 3169 524 3221 unde
577 3169 694 3222 vis?
743 3169 825 3224 Ex
872 3171 1232 3240 multitudine,
1280 3175 1507 3245 inquies,
1558 3182 1784 3238 ostende
1833 3186 1964 3241 mihi

383 3259 644 3327 quosdam
674 3261 761 3328 qui
793 3260 998 3316 fortiter
1029 3262 1219 3317 ferant.
1265 3265 1368 3321 Sed
1402 3283 1577 3323 rarum
1621 3286 1834 3343 semper
1861 3275 1965 3334 hoc

382 3359 486 3412 est,
537 3352 686 3418 pauci
725 3351 849 3407 boni
893 3364 1036 3408 sunt.
1079 3355 1135 3409 Si
1185 3356 1263 3412 vis
1298 3370 1498 3426 autem,
1546 3377 1665 3437 rem.
1703 3366 1754 3420 in
1787 3367 1962 3439 seipsa

380 3443 766 3497 exantinemus.
793 3441 1079 3498 Videamus
1105 3447 1256 3516 cujus
1286 3450 1590 3507 sollicitudo
1614 3457 1785 3525 major
1813 3460 1882 3514 sit
1908 3472 1965 3516 et

380 3532 626 3600 gravior,
661 3533 812 3603 cujus
845 3535 1028 3589 levior.
1077 3537 1264 3594 Nonne
1295 3539 1380 3596 hic
1408 3557 1504 3612 pro
1531 3551 1835 3605 necessario
1866 3554 1960 3609 ali-

382 3633 561 3675 mento
590 3623 853 3678 sollicitus
893 3633 974 3680 est
993 3667 1009 3688 ,
1041 3627 1128 3683 ille
1156 3645 1253 3698 pro
1283 3631 1575 3690 innumeris
1601 3639 1759 3695 rebus
1789 3643 1959 3712 ipsmn

382 3712 556 3765 cibum
601 3715 892 3784 relinquit?
938 3717 1052 3772 Non
1101 3719 1293 3775 famem
1345 3725 1496 3778 timet
1525 3727 1693 3792 dives,
1736 3734 1830 3787 Sed
1860 3737 1960 3791 alia

383 3801 671 3870 formidat;
713 3821 856 3876 smpe
887 3822 981 3876 pro
1007 3809 1178 3866 salute
1208 3815 1377 3868 timet.
1407 3814 1524 3869 Non
1552 3831 1699 3877 vacat
1721 3825 1822 3878 cibi
1849 3831 1960 3883 sol-

384 3892 653 3952 licitudine
695 3914 919 3969 pauper,
968 3905 1061 3958 sed
1107 3907 1228 3964 aliis
1280 3922 1430 3966 vacat
1477 3915 1960 3988 sollicitudinibus,

386 3990 726 4045 securitatem
760 3993 938 4060 habet,
967 3999 1222 4067 quietem,
1254 4007 1712 4075 tranquillitatem.

454 4081 508 4136 5.
539 4082 786 4154 Alioquin
821 4103 978 4154 vero,
1011 4092 1054 4144 si
1084 4093 1278 4161 injuste
1307 4113 1467 4167 agere
1495 4103 1687 4161 malum
1714 4123 1817 4162 non
1843 4119 1923 4165 est
1943 4152 1960 4178 ,

383 4171 477 4225 sed
506 4173 725 4242 bonum,
754 4191 849 4232 cur
874 4182 1290 4241 confundimur?
1316 4206 1412 4245 cur
1440 4195 1842 4255 erubescimus?
1868 4192 1965 4258 cur

387 4264 597 4330 probris
647 4268 818 4322 affecti
869 4271 1226 4344 indignamur,
1276 4295 1417 4351 a'gre
1458 4285 1716 4343 ferimus?
1759 4292 1814 4346 Si
1857 4311 1962 4350 non

331 4418 334 4419 ν
383 4353 580 4409 bonum
617 4367 701 4412 est
732 4360 926 4428 injuste
965 4363 1164 4436 afﬂigi,
1197 4385 1292 4424 cur
1318 4387 1378 4426 ea
1406 4374 1471 4429 de
1504 4393 1560 4431 re
1588 4381 1884 4448 gaudemus
1910 4396 1964 4440 et

383 4443 706 4512 gloriantur,
740 4459 793 4504 et
822 4467 920 4506 nos
956 4454 1308 4520 justificamus
1335 4477 1394 4515 ea
1426 4464 1490 4518 de
1529 4481 1686 4522 causa
1706 4472 1730 4521 ?
1758 4472 1850 4527 Vis
1879 4475 1930 4528 di
1949 4504 1965 4515 -

385 4550 535 4590 scere
561 4541 828 4624 quomodo
851 4545 953 4599 hoc
975 4546 1067 4600 illo
1088 4550 1158 4603 sit
1178 4553 1406 4608 melius?
1435 4557 1562 4613 Vide
1584 4562 1792 4631 ambos,
1822 4567 1963 4624 hunc

380 4634 436 4679 et
459 4627 624 4682 iilum.
651 4613 760 4685 Cur
788 4632 936 4705 leges
974 4640 1140 4692 sunt?
1163 4656 1258 4694 cur
1287 4645 1611 4705 tribunalia?
1638 4669 1733 4708 cur
1760 4660 1964 4729 suppli-

382 4719 508 4770 cia?
553 4736 730 4776 nonne
772 4734 989 4793 propter
1031 4729 1152 4782 illos
1178 4742 1235 4785 ut
1264 4743 1617 4804 :rgrotantes?
1648 4744 1750 4800 Sed
1799 4753 1963 4806 multa

381 4807 629 4877 voluptas
651 4821 751 4878 est,
781 4814 1007 4884 inquies.
1038 4819 1232 4875 Futura
1258 4838 1656 4899 praetereamus,
1682 4845 1960 4905 prtesentia

381 4898 744 4964 exploremus.
786 4903 920 4968 Quid
963 4909 1208 4966 miserius
1254 4915 1470 4974 homine
1524 4924 1680 4980 talem
1733 4929 1962 4991 habente

381 4991 784 5058 suslticionem?
811 4998 934 5065 quid
963 5001 1028 5052 ad
1057 5006 1314 5060 ruentium
1356 5013 1676 5078 proclivius?
1701 5026 1826 5091 quid
1860 5045 1954 5096 pu-

382 5085 2014 5169 *ξ’-’Ἄκη

1390 316 1454 373 ΙΝ
1494 317 1673 373 ACTA
1714 315 2232 374 APOSTOLORUM.
2274 319 2499 377 HOMIL.
2544 324 2627 379 ιιι

395 437 594 508 injuste
632 436 734 506 tpsi
772 437 967 505 rapuit,
1009 436 1062 489 in
1102 435 1308 490 deliciis
1347 437 1524 489 vivat:
1552 436 1640 490 hic
1677 450 1782 490 non
1821 437 1982 492 modo

395 545 684 601 pauperem
712 545 814 583 non
844 530 998 589 laesit,
1030 528 1123 582 sed
1152 528 1311 582 etiam
1343 529 1439 596 ipsi
1469 528 1692 596 profuit;
1723 529 1821 583 sibi
1855 544 1982 582 vero

3565 347 3668 412 553

2088 434 2286 489 lidius?
2311 451 2492 493 annon
2536 456 2750 511 semper
2773 445 2825 498 in
2851 449 3126 521 naufragio
3154 455 3272 508 est?
3299 455 3351 511 Si
3376 458 3502 526 quid
3525 461 3671 528 juste

2087 525 2295 594 fecerit,
2327 546 2430 584 non
2457 533 2716 602 creditur,
2747 539 2815 591 ob
2845 540 3125 598 facultates
3153 547 3218 600 ab
3241 525 3489 605 omnibus
3514 525 3668 607 dam-

2086 629 2276 682 natus;
2301 635 2492 676 omnes
2514 626 2654 678 enim
2677 630 3092 688 eoutnberttalcs
3111 651 3448 696 accusatores
3469 642 3628 701 habet
3649 664 3666 703 :

2086 725 2188 762 non
2207 713 2437 766 amicitia
2458 716 2531 768 uti
2557 727 2765 784 potest;
2792 736 2948 775 nemo
2970 726 3164 793 quippe
3187 726 3341 786 facile
3360 733 3486 788 velit
3508 745 3667 790 tanta:

2081 801 2268 868 gloria:
2299 803 2535 860 hominis
2563 809 2766 865 amicus
2789 828 2927 877 esse,
2973 831 3040 870 ne
3080 819 3196 886 ejus
3224 823 3375 878 mala:
3403 826 3472 878 sit
3513 828 3666 883 famre

2081 908 2324 949 consors.
2358 895 2508 951 Illum
2541 910 2597 953 ut
2628 900 2792 967 fetjam
2821 921 3007 962 omnes
3044 923 3377 979 aversantur,
3403 926 3458 969 ut
3481 921 3667 986 perui-

2081 983 2285 1039 eiosnm
2309 1028 2322 1049 ,
2353 989 2662 1059 inimicum,
2695 995 3051 1066 homicidam,
3088 1015 3291 1058 naturzn
3319 1007 3543 1073 hostem,
3577 1014 3662 1066 iu-

2078 1073 2276 1142 justum
2306 1077 2600 1136 hominem.
2631 1085 2685 1139 Si
2710 1087 2774 1140 ad
2807 1081 3035 1144 tribunal
3062 1093 3258 1150 incidat
3288 1098 3330 1150 is
3353 1101 3662 1171 quiinjttria

2081 1165 2259 1222 affecit
2279 1210 2293 1234 ,
2326 1186 2433 1226 non
2461 1190 2597 1243 opus
2624 1178 2726 1232 erit
2755 1193 3086 1249 accusatore,
3121 1186 3256 1242 fama
3282 1189 3454 1259 ipsum
3497 1198 3667 1268 magis

2078 1271 2237 1326 quam
2265 1273 2579 1319 accusatore
2610 1270 2858 1338 quopiam
2881 1276 3302 1334 eondemnante.
3341 1285 3409 1337 At
3438 1300 3547 1340 non
3592 1289 3661 1342 ita

2078 1362 2138 1402 se
2184 1349 2341 1405 habet
2387 1354 2449 1417 is,
2494 1357 2580 1424 qui
2612 1358 2805 1427 injuste
2834 1363 3117 1434 affligitur;
3159 1372 3252 1425 sed
3291 1390 3480 1432 omnes
3504 1379 3664 1437 habet

2080 1451 2353 1511 patronos,
2381 1449 2748 1517 condolentes,
2778 1473 2990 1511 manum
3021 1464 3388 1534 porrigentes;
3421 1470 3470 1523 in
3501 1487 3660 1527 secu-

2077 1532 2240 1602 ritate
2265 1545 2390 1589 stat.
2419 1538 2471 1592 Si
2521 1541 2715 1596 honunt
2744 1556 2827 1600 est
2857 1559 2917 1601 ct-
2951 1559 3119 1606 ttttum
3152 1555 3345 1625 injuste.
3375 1532 3555 1631 agerc,
3587 1566 3663 1621 fa-

2078 1629 2254 1679 teatur
2277 1629 2396 1695 quis
2422 1645 2479 1684 se
2509 1632 2766 1700 injustum
2806 1653 2924 1694 esse
2949 1658 2963 1694 :
2988 1643 3080 1696 sed
3108 1647 3152 1700 si
3186 1663 3292 1702 non
3332 1629 3524 1719 audet,
3565 1673 3662 1714 cur

2074 1728 2208 1785 ergo
2255 1717 2358 1772 hoc
2399 1731 2455 1774 ut
2499 1722 2699 1779 bonum
2747 1731 3093 1800 aggreditur?
3133 1736 3422 1798 Videamus
3468 1763 3658 1816 porro,

2074 1810 2343 1876 quomodo
2370 1815 2531 1869 etiam
2565 1818 2616 1872 in
2645 1822 2798 1876 nobis
2827 1823 2957 1892 ipsis
2981 1827 3025 1880 si
3057 1828 3168 1884 lnec
3199 1833 3346 1902 fiant,
3371 1810 3500 1908 quot
3534 1810 3658 1896 inde

2074 1900 2573 1975 mala.Dic.qua-so,
2599 1911 2642 1964 si
2665 1914 2788 1981 quid
2813 1917 2864 1969 in
2884 1918 3056 1985 nobis,
3085 1937 3336 1991 superato
3358 1932 3516 1985 modo
3536 1949 3656 1998 suo,

2072 1992 2299 2047 alterum
2345 1997 2580 2069 invadat,
2616 2007 2659 2057 si
2691 2008 2867 2075 Splen,
2898 2012 3086 2067 relicto
3125 2016 3242 2072 loco
3269 2034 3386 2085 suo,
3420 2023 3655 2081 alienum

2073 2085 2201 2138 velit
2229 2101 2347 2142 eum
2375 2104 2472 2144 suo
2496 2097 2758 2166 arripere,
2791 2117 2968 2158 annon
3011 2105 3111 2162 hoc
3135 2112 3353 2167 morbus
3375 2117 3516 2170 erit?
3545 2119 3655 2171 llu-

2073 2175 2273 2230 midum
2325 2180 2449 2236 item
2494 2188 2633 2255 quod
2681 2189 2732 2244 in
2775 2192 2928 2249 nobis
2976 2207 3057 2251 est
3102 2199 3146 2252 si
3192 2205 3368 2257 omnia
3417 2207 3653 2276 impleat,

2072 2280 2253 2323 nonne
2294 2269 2602 2343 ltydt-Opisis
2650 2279 2788 2333 erit?
2836 2283 3101 2342 Praeterea
3150 2290 3270 2346 bilis
3320 2296 3654 2355 latitudinem

2070 2373 2297 2428 qumrat,
2329 2375 2381 2418 et
2430 2367 2624 2438 ubique
2666 2371 2994 2433 diffundatur
3031 2385 3264 2452 Sanguis.
3299 2387 3433 2454 Quid
3474 2403 3652 2449 autem

2071 2451 2124 2504 in
2173 2455 2350 2507 anima
2393 2458 2492 2525 ira,
2539 2467 2969 2535 concupiscentia
3009 2483 3063 2528 et
3115 2478 3317 2549 reliqua
3365 2487 3566 2553 omnia,
3607 2492 3652 2544 si

2075 2548 2534 2614 transgrediantur
2557 2570 2884 2623 ll'tCllSlll'allt,
2920 2579 3096 2622 nonne
3118 2584 3176 2623 se
3201 2548 3357 2627 simul
3388 2578 3654 2644 perdunt?

2074 2637 2146 2690 Ita
2175 2649 2227 2692 et
2253 2641 2404 2696 cibus
2429 2662 2442 2696 :
2466 2645 2509 2697 si
2553 2647 2674 2714 plus
2701 2667 2859 2720 quam
2904 2662 3162 2729 concoqui
3193 2668 3357 2731 possit
3387 2682 3649 2738 sumatur,

2072 2731 2272 2786 morbis
2291 2749 2487 2803 corpus
2515 2739 2748 2795 infestat.
2770 2743 2922 2800 Unde
2947 2765 3176 2821 namque
3200 2757 3486 2828 podagrzc?
3513 2768 3652 2820 unde

2072 2822 2333 2892 paralysis
2357 2836 2410 2878 et
2433 2829 2651 2896 agitatio
2676 2838 2959 2903 corporis?
2993 2855 3172 2897 annon
3208 2861 3271 2899 ex
3301 2849 3653 2912 immoderato

2069 2913 2230 2968 cibo?
2253 2916 2460 2974 Rursus
2485 2921 2535 2975 in
2561 2938 2787 2994 corpore
2813 2930 2855 2981 si
2881 2930 2998 2998 pius
3025 2936 3153 2990 velit
3174 2939 3359 2994 oculus
3382 2945 3648 3014 accipere.

2069 3015 2122 3057 et
2148 3006 2263 3074 plus
2287 3009 2465 3065 videre
2487 3030 2642 3082 quam
2672 3018 2948 3074 definitum
2976 3025 3064 3090 sit,
3097 3027 3184 3082 vel
3215 3030 3256 3083 si
3285 3034 3536 3102 majorem
3563 3055 3652 3092 ac-

2068 3097 2231 3165 cipiat
2251 3099 2424 3155 lucem
2446 3119 2461 3167 ;
2487 3105 2626 3174 quod
2655 3122 2812 3178 supra
2839 3128 3143 3172 mensuram
3170 3130 3251 3175 est
3279 3128 3446 3194 mag's
3473 3139 3649 3198 nocet,

2067 3199 2224 3254 quant
2252 3193 2438 3257 prosit.
2472 3193 2526 3247 Si
2561 3211 2708 3264 vero,
2742 3216 2862 3256 cum
2894 3203 2981 3259 lux
3030 3207 3165 3264 bona
3194 3211 3284 3279 sit,
3327 3193 3530 3284 oculus,
3560 3223 3650 3290 qui

2067 3278 2188 3346 plus
2225 3299 2382 3352 quam
2423 3301 2520 3356 par
2557 3290 2622 3343 sit
2667 3294 2779 3348 vult
2816 3296 3020 3362 videre,
3064 3303 3198 3370 perit
3230 3321 3242 3357 :
3273 3311 3484 3376 quando
3521 3278 3650 3382 qtiid

2066 3373 2398 3442 splendidius
2430 3382 2646 3452 reSpicit
2666 3426 2682 3449 ,
2709 3389 2881 3455 cogita
2909 3406 3161 3460 quantum
3193 3397 3260 3450 sit
3289 3400 3506 3456 malum.
3539 3407 3649 3458 Au-

2067 3462 2208 3519 ditus
2248 3468 2292 3521 si
2340 3484 2582 3540 magnam
2612 3477 2840 3545 excipiat
2871 3496 3076 3545 vocem,
3119 3501 3270 3541 mens
3299 3493 3606 3557 percellitur
3635 3516 3650 3550 :

2068 3570 2221 3610 mens
2263 3560 2306 3613 si
2336 3575 2395 3614 ea
2424 3577 2544 3633 qua:
2571 3582 2629 3619 se
2657 3581 2912 3636 superant
2957 3575 3174 3644 cogitet,
3204 3581 3426 3634 attonita
3467 3597 3567 3643 est.
3598 3597 3650 3640 et

2069 3650 2120 3703 id
2147 3654 2285 3720 quod
2320 3655 2532 3709 modum
2564 3675 2848 3731 exsuperat
2880 3669 3070 3734 perdit.
3105 3670 3215 3726 Hoc
3243 3683 3326 3728 est
3355 3677 3494 3730 enim
3524 3696 3649 3734 ava-

2067 3746 2186 3798 ritia
2219 3763 2374 3816 quam
2405 3758 2669 3817 πλεονεξίαν
2694 3767 2910 3823 vocant,
2944 3761 3060 3827 plus
3090 3763 3307 3828 habere,
3337 3783 3494 3837 quam
3522 3789 3650 3825 con-

2067 3838 2305 3890 stittittnn
2335 3842 2421 3893 sit.
2449 3841 2535 3896 Sic
2555 3853 2614 3897 et
2637 3843 2688 3897 in
2712 3850 2954 3914 pecuniis
2973 3866 3092 3905 cuin
3119 3855 3364 3913 volumus
3392 3861 3649 3930 majorem

2068 3931 2332 3984 sarcinam
2368 3933 2662 4003 imponere,
2711 3939 2831 3994 licet
2859 3958 2962 3996 non
2991 3947 3284 4002 stantiamus
3308 3991 3325 4014 ,
3353 3968 3564 4020 gravem
3597 3959 3651 4010 in

2067 4023 2222 4077 nobis
2251 4026 2442 4081 alimus
2473 4028 2660 4094 ferant,
2695 4034 2858 4087 tnulta
2891 4033 3170 4104 habentes,
3201 4042 3383 4096 multis
3408 4055 3648 4112 egentes,

2070 4113 2359 4170 innumeris
2381 4133 2478 4172 nos
2497 4122 2641 4175 curis
2663 4123 3021 4194 implicantes,
3043 4132 3236 4186 multas
3256 4133 3469 4187 diabolo
3490 4152 3647 4189 ansas

2071 4207 2392 4273 praebentes.
2429 4210 2553 4265 ldeo
2581 4213 2630 4265 in
2655 4214 2906 4269 divitibus
2931 4219 3175 4274 diabolus
3203 4238 3305 4275 non
3330 4240 3462 4292 opus
3490 4227 3647 4284 habet

2073 4295 2261 4350 labore
2285 4314 2298 4348 :
2326 4313 2447 4351 nam
2476 4311 2640 4370 captu
2668 4302 2854 4358 faciles
2881 4306 2956 4358 illi
2983 4319 3110 4360 sunt
3138 4325 3167 4363 a
3197 4311 3415 4366 divitiis.
3443 4317 3512 4369 At
3540 4334 3648 4373 non

2068 4388 2146 4442 sic
2176 4390 2226 4442 in
2258 4392 2576 4464 pauperibus
2597 4433 2612 4455 ,
2653 4391 2763 4448 imo
2800 4400 3149 4454 contrarium.
3181 4401 3254 4456 Ita
3281 4402 3367 4459 res
3399 4406 3524 4476 ipse
3554 4426 3648 4480 per

2071 4497 2128 4536 se
2182 4483 2429 4551 perdunt.
2482 4485 2661 4554 Quare
2699 4504 2828 4558 rogo
2865 4491 2932 4544 ah
2974 4490 3160 4548 harum
3215 4500 3646 4567 concupiscentia

2069 4571 2434 4630 abstineamus
2457 4616 2472 4642 ,
2509 4584 2565 4630 ut
2596 4578 2861 4647 possimus
2904 4582 3117 4651 maligni
3149 4584 3367 4654 laqueos
3393 4589 3645 4660 effugere,

2070 4675 2123 4719 et
2149 4667 2485 4737 apprehensa
2517 4671 2716 4726 virtute
2744 4683 2942 4726 a-terna
2973 4679 3224 4746 consequi
3273 4679 3406 4734 boaa
3434 4726 3447 4748 ,
3478 4687 3649 4752 gratia

2070 4766 2124 4812 et
2171 4759 2498 4829 benignitate
2542 4763 2748 4817 Domini
2800 4767 2964 4819 nostri
3012 4767 3135 4821 Jestt
3168 4769 3400 4837 Christi,
3433 4779 3649 4844 quicum

2069 4851 2212 4905 Patri
2232 4852 2516 4923 etSpiritui
2540 4865 2724 4909 sancto
2743 4856 2932 4925 gloria,
2959 4857 3262 4927 imperium,
3290 4861 3481 4930 honor,
3510 4883 3652 4922 nunc

2069 4954 2123 4999 et
2151 4961 2384 5016 semper,
2412 4956 2464 5000 et
2491 4948 2540 5000 in
2570 4948 2764 5002 sarcula
2793 4949 3137 5006 sa-culornm.
3168 4954 3360 5007 Amen.

1710 5185 2053 5256 HOMIIJA
2099 5195 2222 5256 LI].

379 5294 510 5350 Car.
562 5298 651 5352 25.
711 5316 764 5355 ν.
810 5301 901 5356 25.
979 5303 1188 5360 Postera
1239 5322 1404 5365 autem
1449 5318 1532 5370 die
1573 5338 1685 5374 cum
1750 5332 1966 5385 venisse!

451 5389 680 5458 Agrippa
708 5402 752 5444 et
784 5391 994 5448 Bernice
1019 5412 1134 5448 cum
1160 5402 1320 5454 multa
1344 5405 1615 5462 ambitione
1639 5453 1650 5473 ,
1675 5425 1720 5466 et
1759 5417 1964 5474 introis-

449 5489 562 5531 δἠι
610 5480 662 5532 in
708 5483 1021 5536 auditorium
1052 5501 1165 5539 cum
1207 5490 1419 5545 tribunis
1447 5506 1492 5548 et
1519 5500 1639 5551 viris
1665 5506 1965 5575 principali-

455 5567 546 5622 bus
574 5573 786 5626 civitatis
812 5615 825 5632 .
850 5575 1059 5645 jubente
1088 5575 1240 5632 Festo
1259 5622 1275 5645 ,
1302 5584 1547 5639 adductus
1569 5601 1638 5643 est
1665 5567 1890 5650 'Pauftis.

460 5661 483 5716 ί
567 5663 698 5718 Vide
723 5667 896 5734 qualis
948 5667 1246 5738 frequentia
1276 5689 1304 5726 a
1340 5677 1506 5730 Paulo
1558 5695 1916 5754 Congregetur
1947 5707 1963 5744 :

388 5755 520 5810 Cum
563 5753 683 5807 viris
706 5795 720 5819 ,
778 5757 982 5826 inquit,
1015 5759 1379 5833 principalibus
1429 5769 1638 5828 civitatis
1666 5792 1682 5828 :
1714 5782 1964 5839 omnibus

2075 5336 2220 5388 enim
2265 5336 2576 5390 Convocatis
2603 5338 2921 5392 satellitibus
2951 5339 3232 5407 pra-fectus
3262 5351 3314 5396 et
3352 5359 3442 5397 rex
3493 5359 3650 5400 acce-

2076 5425 2229 5480 dunt.
2279 5426 2414 5482 Cum
2442 5428 2572 5497 ipsis
2600 5431 2758 5484 etiam
2792 5431 2991 5486 tribuni
3020 5442 3074 5487 et
3122 5435 3384 5502 primores
3422 5437 3650 5495 civitatis

2076 5514 2361 5570 adfuerunt
2399 5534 2410 5569 :
2445 5516 2543 5571 hos
2586 5519 2726 5572 enint
2782 5521 3100 5590 principales
3148 5533 3320 5577 vocat.
3367 5526 3428 5580 Et
3487 5527 3605 5581 vide
3633 5571 3652 5597 ,

2075 5609 2342 5676 quomodo
2372 5610 2483 5678 ipse
2508 5611 2700 5665 duetus
2732 5612 3050 5681 przrdicatur
3076 5631 3104 5668 a
3132 5613 3293 5670 Festo
3319 5637 3330 5671 :
3362 5635 3464 5672 non
3495 5621 3656 5675 modo

2075 5698 2217 5752 enim
2268 5699 2414 5752 illutn
2447 5701 2670 5756 crimine
2701 5703 2924 5757 liberum
2953 5705 3116 5771 dicit,
3145 5707 3236 5761 sed
3267 5710 3424 5764 etiam
3470 5710 3652 5766 defen-

2074 5790 2169 5844 dit.
2200 5792 2335 5860 Quid
2367 5795 2537 5851 dicit?
2563 5796 2652 5852 Ἡ.
2689 5795 2914 5867 Agrippa
2944 5815 3032 5852 rex
3055 5841 3069 5867 ,
3101 5809 3146 5852 ct
3178 5817 3346 5856 omnes
3374 5802 3459 5872 qui
3500 5804 3651 5860 simul
