4086 6164
516 287 625 343 559

518 396 705 450 ado'stis
731 397 985 452 nobiscum
1015 395 1127 460 viri,
1161 395 1340 450 videtis
1369 397 1524 461 hunc,
1552 397 1616 450 de
1642 414 1742 465 quo
1770 399 1934 451 euntis
1959 397 2095 452 mul-

518 488 680 540 titudo
711 487 1009 541 Juda'orum
1049 487 1384 555 interpellavit
1415 505 1491 541 me
1517 487 1852 558 Jerosolgmis
1895 497 1942 541 et
1980 487 2093 551 hic,

518 580 852 633 acclamantcs
882 596 982 634 non
1005 591 1234 651 oportere
1258 596 1372 633 eum
1399 581 1620 646 amplius
1650 582 1834 635 uicere.
1860 580 1952 637 25.
1986 578 2098 652 Ego

520 685 632 721 rero
661 670 883 739 comperi
908 670 1040 723 nihil
1069 671 1278 741 dignum
1325 680 1485 724 morte
1514 688 1625 724 eum
1668 671 1949 725 admisisse.
1994 669 2097 725 Illo

513 768 681 810 autem
706 759 999 829 appellante
1027 761 1096 812 ad
1135 761 1415 830 Augustum
1441 800 1454 821 ,
1493 760 1726 830 judicavi
1751 762 1896 814 illum
1923 762 2094 815 mitte-

511 863 584 900 re.
604 846 694 903 26.
728 850 801 902 De
825 865 925 917 quo
948 850 1070 917 quid
1093 861 1283 904 certum
1307 850 1521 904 scribunt
1545 852 1770 914 domino,
1791 868 1894 905 non
1914 852 2091 906 habeo.

518 936 737 1006 Propter
775 937 912 1009 quod
938 940 1159 1009 produxi
1187 956 1301 993 eum
1325 940 1393 992 ad
1437 956 1523 993 vos
1543 981 1557 1005 ,
1589 953 1635 993 et
1666 942 1885 994 niaxime
1909 942 1977 994 ad
2004 950 2053 995 te
2073 980 2090 1007 ,

511 1047 603 1084 rea:
654 1032 883 1101 Agrippa
906 1072 921 1094 ,
951 1042 1005 1085 ut
1051 1033 1445 1102 interrogatione
1490 1038 1662 1103 facta,
1695 1034 1904 1087 habeant
1956 1033 2093 1099 quod

508 1124 746 1175 scribant.
778 1121 869 1175 27.
917 1122 1046 1177 Sine
1071 1122 1268 1176 ratione
1295 1124 1426 1176 enim
1455 1123 1579 1176 mihi
1620 1124 1816 1175 videtur
1839 1162 1854 1185 ,
1898 1122 2093 1176 mittere

515 1216 736 1266 vinctum
757 1255 770 1276 ,
800 1222 847 1265 et
869 1229 1046 1267 causas
1068 1214 1176 1283 ejus
1202 1229 1303 1266 non
1330 1214 1636 1282 signiﬁcare.
1664 1212 1794 1266 Vide
1820 1226 2092 1282 quomooo

507 1305 630 1358 illos
660 1303 875 1373 quidem
906 1314 1151 1363 accusat,
1196 1302 1336 1356 lumc
1366 1317 1493 1355 vero
1521 1302 1769 1356 abSulrit.
1799 1301 1843 1356 Ο
1867 1302 2091 1369 justitim

504 1395 724 1462 copiosa
752 1393 1102 1464 argumenta!
1135 1393 1368 1446 Plurima
1402 1392 1537 1445 facta
1569 1394 1953 1461 perquisitione
1980 1408 2086 1446 non

506 1483 708 1538 invenit
738 1498 937 1553 praises
967 1482 1232 1552 quomodo
1259 1482 1621 1549 condemnet:
1655 1482 1726 1535 illi
1756 1497 1883 1536 vero
1915 1490 2087 1537 morte

505 1575 723 1644 dignum
745 1575 1016 1630 dicebant.
1052 1574 1175 1629 Ideo
1196 1574 1401 1629 diccbat
1427 1574 1515 1628 ille
1541 1592 1554 1628 :
1585 1573 1698 1645 Ego
1725 1591 1839 1628 vero
1862 1564 2087 1643 comperi

504 1668 635 1721 nihil
665 1669 875 1738 dignum
920 1677 1079 1720 morte
1118 1683 1231 1720 eum
1274 1666 1580 1730 admisisse;
1625 1667 1819 1721 deinde
1855 1666 2082 1735 adjicit:

501 1756 581 1810 De
625 1776 722 1827 quo
746 1758 869 1826 quid
894 1769 1082 1810 certum
1108 1758 1323 1811 scribant
1348 1757 1416 1809 ad
1465 1758 1727 1810 dominum
1757 1773 1922 1809 meum
1940 1796 1957 1822 ,
1983 1773 2085 1811 non

500 1849 677 1901 habeo.
710 1848 775 1901 Et
814 1848 915 1901 hoc
942 1862 1009 1901 ex
1035 1848 1180 1902 Pauli
1225 1847 1526 1902 innocentia
1560 1846 1736 1916 prodit
1757 1887 1772 1910 ,
1807 1846 1947 1917 quod
1987 1846 2080 1917 ju-

496 1938 603 1993 dcx
634 1939 767 1993 nihil
794 1940 986 1995 habeat
1004 1940 1070 1994 de
1098 1940 1186 1993 illo
1205 1940 1513 1995 dict-udum.
1542 1938 1667 1992 Ideo
1694 1940 1913 2009 produxi
1942 1957 2077 2006 eum,

497 2032 667 2103 inquit
687 2073 702 2096 ,
749 2032 817 2084 ad
860 2046 967 2086 vos.
1018 2031 1145 2086 Sine
1173 2032 1368 2084 ratione
1396 2033 1528 2084 enim
1559 2032 1681 2083 milii
1709 2031 1906 2085 videtur
1930 2047 2039 2086 esse
2060 2072 2079 2099 ,

494 2125 693 2177 mittere
736 2124 956 2177 vinetum
977 2165 992 2187 ,
1025 2133 1071 2177 et
1115 2140 1295 2177 causas
1324 2125 1434 2191 ejus
1464 2140 1563 2176 non
1608 2123 1917 2193 signiﬁcare.
1948 2122 2081 2179 Vide

496 2215 547 2266 in
574 2224 802 2283 quantas
843 2214 1113 2282 angustias
1153 2213 1322 2268 Judaei
1370 2215 1635 2282 principes
1672 2229 1796 2269 suos
1827 2214 2079 2284 coniece-

496 2307 622 2358 riul.
656 2306 792 2373 Quid
825 2321 952 2360 vero
982 2306 1260 2375 Agrippa?
1293 2307 1366 2361 De
1398 2307 1481 2361 his
1518 2308 1705 2361 videns
1751 2308 1949 2378 aliquid
1993 2308 2080 2363 di-

493 2412 645 2451 scere
664 2400 702 2461 ¹,
738 2397 900 2452 Paulo
923 2398 1058 2453 dixit
1085 2418 1098 2452 :
1123 2397 1277 2472 (Cap.
1318 2391 1497 2462 26M.
1525 2398 1845 2456 Permittitur
1886 2402 1976 2457 tibi
2003 2403 2081 2457 lo-

491 2488 577 2556 qui
624 2505 715 2556 pro
746 2491 1031 2558 temetipso.
1079 2491 1157 2545 Ex
1206 2492 1375 2545 multo
1403 2492 1653 2546 audiendi
1683 2492 1952 2548 desiderio
1999 2494 2076 2548 illi

493 2595 584 2631 rex
616 2579 799 2634 dicere
829 2581 1110 2649 permittit.
1154 2582 1350 2637 Paulus
1383 2597 1512 2637 vero
1536 2598 1657 2638 cum
1696 2584 1885 2639 lidncia
1926 2586 2078 2641 deiu-

490 2686 617 2742 c«-ps
649 2671 916 2739 loquitur,
966 2687 1070 2727 non
1115 2673 1411 2741 adulando;
1459 2675 1554 2730 sed
1599 2676 1719 2731 ideo
1763 2692 1823 2731 se
1862 2679 2074 2733 beatum

487 2775 611 2816 esse
639 2760 810 2828 dicit,
844 2762 986 2831 quod
1013 2763 1062 2817 ei
1107 2764 1387 2835 loquatur,
1420 2766 1512 2836 qui
1556 2768 1736 2822 omnia
1780 2768 1946 2823 sciret
1973 2786 1988 2824 :
2020 2778 2077 2825 et

488 2853 629 2922 quod
661 2854 781 2909 ideo
800 2896 814 2919 ,
844 2855 966 2910 audi
995 2873 1114 2926 qua:
1154 2859 1268 2927 ipse
1296 2858 1501 2926 profert
1526 2876 1540 2912 :
1570 2858 1713 2914 Tunc
1757 2859 1957 2916 Paulus
1981 2878 2073 2916 ea:-

489 2954 624 2995 tenta
655 2961 810 2997 manu
836 2951 984 3015 coepit
1012 2948 1259 3000 rationem
1302 2948 1533 3003 reddere.
1573 2949 1629 3004 ‘2.
1681 2948 1762 3005 De
1797 2953 2029 3008 omnibus
2053 2993 2072 3019 ,

485 3034 672 3105 quibus
700 3051 910 3090 accusor
934 3052 966 3088 a
994 3034 1212 3102 ludatis,
1241 3054 1333 3091 rea:
1361 3040 1610 3109 Agrippa,
1638 3042 1834 3096 a'stimo
1854 3059 1933 3097 me
1958 3044 2076 3098 bea-

487 3140 627 3193 tum,
656 3130 798 3197 apud
824 3138 872 3183 te
895 3144 1012 3182 cum
1042 3128 1136 3185 sint
1164 3128 1462 3199 defensurus
1493 3146 1574 3182 me
1602 3131 1754 3185 hodie
1772 3172 1787 3197 ,
1820 3133 1874 3187 3.
1908 3135 2074 3188 maxi-

487 3239 567 3275 me
590 3234 636 3275 te
663 3227 853 3276 sciente
878 3238 1072 3289 omnes,
1101 3239 1215 3292 qua:
1239 3227 1379 3293 apud
1402 3221 1614 3278 Juda'os
1643 3234 1780 3291 sunt,
1807 3235 2073 3281 consuetu-

483 3313 630 3366 dines
677 3322 724 3365 et
768 3314 1073 3385 qua‘stiones
1096 3329 1115 3368 :
1157 3325 1367 3383 praptcr
1402 3315 1539 3385 quod
1582 3316 1785 3391 obsecro
1829 3319 2073 3388 patienter

484 3420 564 3456 me
587 3405 786 3458 audias.
839 3403 1116 3470 Profecto,
1163 3405 1207 3460 si
1237 3406 1374 3461 male
1402 3407 1504 3461 sibi
1543 3409 1795 3463 conscius
1841 3408 2067 3480 fuisset,

486 3494 689 3548 turbari
713 3495 1017 3562 oportebat,
1041 3494 1167 3548 dum
1197 3496 1337 3564 apud
1363 3513 1509 3561 eum,
1537 3498 1628 3568 qui
1655 3501 1836 3554 omnia
1864 3501 2068 3568 sciret,

483 3599 700 3637 causam
723 3584 964 3649 diceret;
996 3586 1090 3640 sed
1121 3586 1247 3640 illud
1276 3598 1361 3642 est
1390 3603 1535 3658 pura:
1564 3591 1931 3659 conscientia;
1962 3609 2068 3649 non

484 3687 738 3727 recusare
782 3672 1016 3743 iudicem
1046 3690 1137 3730 res
1165 3686 1341 3747 gestas
1367 3691 1616 3735 accurate
1644 3684 1901 3737 scientem
1924 3725 1938 3747 ,
1972 3683 2068 3738 sed

484 3772 536 3818 ct
582 3763 839 3833 gaudere.
884 3762 1038 3820 Unde
1081 3765 1173 3821 ille
1219 3781 1278 3823 se
1328 3768 1542 3824 beatqu
1590 3780 1775 3841 putat,
1806 3782 1861 3827 et
1888 3773 2064 3830 dicit:

485 3855 710 3911 Obsecro
755 3857 1003 3927 patienter
1045 3876 1124 3913 me
1169 3861 1374 3916 audias.
1421 3862 1554 3931 Quia
1600 3879 1902 3919 sermonem
1949 3875 2066 3921 erat

493 3950 852 4020 producturus
881 3960 938 4005 et
966 3951 1164 4022 aliquid
1191 3951 1259 4006 de
1287 3955 1468 4024 seipso
1491 3954 1751 4018 dicturus,
1785 3956 1905 4012 ideo
1930 3973 2067 4027 pra:-

478 4057 748 4113 occupans
774 4042 1031 4114 rogabat,
1060 4043 1245 4098 dicens
1268 4061 1281 4097 :
1305 4045 1360 4099 4.
1394 4043 1462 4099 Et
1488 4046 1691 4112 quidem
1719 4048 1872 4101 vitam
1900 4065 2064 4102 nteant

384 4140 408 4163 ⁸
476 4154 510 4188 a
532 4139 826 4206 juventute,
857 4152 972 4204 qua:
994 4135 1057 4189 ab
1084 4137 1227 4189 initio
1259 4137 1354 4207 fuit
1382 4138 1434 4190 in
1464 4149 1610 4208 gente
1639 4156 1750 4194 mea
1776 4141 1829 4194 in
1857 4139 2066 4195 λογοκ-

476 4228 650 4298 lgmis,
686 4238 928 4282 noverunt
972 4245 1142 4282 omnes
1188 4227 1382 4294 Judazi,
1513 4231 1602 4300 qui
1639 4230 1781 4300 prius
1824 4240 2064 4286 noverant

479 4334 559 4372 me
584 4319 646 4373 ab
677 4319 856 4383 initio,
893 4318 938 4373 si
965 4319 1117 4374 velint
1147 4321 1485 4375 testimonium
1514 4322 1793 4392 per/libere.
1822 4324 1956 4392 quod
1985 4340 2064 4377 se-

476 4410 699 4463 cundum
739 4413 1175 4466 accuratissimam
1218 4424 1403 4466 sectam
1434 4423 1620 4467 nostra:
1643 4414 1902 4484 religionis
1928 4415 2064 4468 riae-

476 4507 575 4557 rint
611 4500 924 4558 l’ltoristeus.
958 4503 1013 4557 Id
1043 4515 1163 4559 est:
1197 4504 1480 4571 Quomodo
1511 4505 1800 4560 seditiosus
1829 4506 2015 4561 fuerim
2041 4547 2057 4569 ,

480 4607 584 4648 tam
610 4593 824 4662 juvenis
853 4603 906 4647 et
929 4593 1291 4661 testimonium
1325 4593 1526 4646 habens
1555 4596 1832 4648 omnium?
1860 4595 2062 4651 Deinde

482 4688 530 4740 id
556 4685 745 4756 probat
767 4700 797 4737 a
827 4693 997 4748 secta,
1028 4683 1177 4736 addit
1202 4685 1343 4736 enim
1370 4701 1384 4736 :
1420 4683 1711 4736 Secundum
1738 4686 2060 4739 accuratissi-

474 4793 613 4832 tuam
640 4777 899 4847 religionis
936 4784 1123 4829 nostra:
1161 4785 1345 4828 sectam
1371 4773 1497 4828 vixi.
1525 4772 1591 4828 Et
1617 4774 1742 4844 quia
1768 4774 2059 4833 verisimile

472 4877 630 4933 erat,
673 4867 938 4937 quosdam
966 4866 1208 4920 dicturos
1253 4879 1411 4920 esse:
1454 4864 1590 4933 Quid
1634 4880 1794 4937 ergo,
1824 4866 1869 4920 si
1911 4878 2054 4922 secta

469 4960 687 5028 quidem
720 4958 979 5013 mirabilis
1021 4957 1094 5012 sit
1113 4998 1128 5021 ,
1161 4966 1216 5011 tu
1246 4970 1377 5011 vero
1401 4956 1616 5011 malus?
1641 4957 1763 5014 vide
1789 4961 2057 5027 quomodo

472 5051 599 5107 huic
621 5061 870 5106 occurrat
904 5048 1192 5118 objectioui
1229 5065 1243 5101 :
1278 5056 1444 5103 testes
1489 5049 1633 5102 enim
1678 5048 1907 5104 advocat
1934 5064 2052 5104 om-

472 5160 569 5198 nes
617 5141 832 5197 Judrcos
854 5181 871 5206 ,
899 5141 990 5209 qui
1019 5139 1135 5210 ejus
1163 5140 1324 5192 vitam
1351 5147 1407 5194 et
1444 5141 1906 5195 conversationem
1950 5156 2054 5194 no-

472 5244 612 5290 rant.
660 5235 880 5298 Sciunt,
930 5232 1141 5301 inquit,
1172 5246 1345 5284 omnes
1388 5228 1598 5297 Judaei,
1650 5230 1736 5300 qui
1785 5247 1865 5284 me
1910 5233 2053 5301 prius

468 5338 736 5391 noverunt,
769 5327 814 5380 si
864 5324 1015 5380 velint
1064 5323 1403 5378 testimonium
1430 5322 1581 5391 ferre.
1622 5321 1678 5376 6.
1722 5321 1792 5375 Et
1820 5338 1954 5377 nunc
1997 5325 2051 5377 in

467 5436 556 5490 spe
598 5419 1004 5490 repromissionis
1025 5459 1039 5480 ,
1071 5431 1186 5488 quae
1209 5416 1278 5469 ad
1301 5424 1468 5486 patres
1496 5423 1698 5468 nostros
1736 5417 1874 5485 facta
1915 5423 1989 5469 est
2017 5431 2050 5467 α

467 5510 597 5577 Deo,
626 5521 704 5565 sto
735 5510 938 5582 judicio
961 5509 1213 5579 subjectus
1236 5521 1260 5562 .'
1289 5506 1341 5560 7.
1388 5509 1441 5559 in
1466 5521 1618 5576 quam
1646 5504 1913 5559 duodecim
1956 5505 2049 5559 tri-

473 5623 575 5725 (luta
592 5628 701 5671 Haec
724 5660 739 5678 ,
765 5624 826 5672 de
871 5617 947 5671 Itis
987 5618 1149 5671 uolens
1176 5615 1367 5680 aliquid
1412 5614 1628 5674 discere,
1660 5614 1839 5667 desunt
1874 5617 1923 5666 in
1947 5629 2048 5667 uno

1290 287 1349 343 S.
1387 287 1664 344 JOANNIS
1699 287 2180 346 CHRYSOSTOMI
2210 289 2528 345 AliGIliEP.
2566 243 3101 351 CONSTANTINOP.

3688 296 3794 362 360

2205 395 2299 452 bus
2324 410 2531 466 nostra,
2559 412 2704 457 nocte
2727 420 2792 456 ac
2816 404 2900 459 die
2921 404 3276 476 demientes,
3295 422 3504 479 sperant
3524 407 3757 472 devenire
3773 461 3786 474 .

2205 491 2269 542 de
2292 507 2394 560 qua
2421 507 2531 559 spe,
2563 509 2653 547 rea:
2694 495 2943 566 Agrippa,
2977 513 3190 552 accusor
3219 515 3251 551 α
3279 500 3478 557 Judteis
3531 503 3586 559 8.
3623 509 3796 573 Quid?

2204 579 2494 635 incredibile
2529 584 2798 652 judicatur
2822 588 2961 656 apud
2986 602 3072 642 uos
3095 631 3112 655 ,
3141 591 3187 643 si
3216 590 3351 647 Deus
3376 605 3603 652 mortuos
3624 602 3784 653 susci-

2203 682 2274 724 tat
2299 675 2324 726 ?
2354 677 2493 728 littus
2508 675 2575 730 de
2598 680 2990 735 resurrectione
3021 682 3256 737 rationes
3287 687 3472 752 ponit:
3505 689 3727 744 alteram
3761 708 3790 747 ι

2204 766 2481 832 prophetis
2505 782 2520 829 ;
2551 776 2606 821 ct
2633 770 2837 824 nullmn
2866 771 3081 827 adducit
3110 775 3463 844 prophetam,
3506 781 3600 834 sed
3641 782 3786 839 illam

2198 854 2506 913 Judmormu
2536 874 2664 916 esse
2690 862 2996 929 opinionem
3030 865 3197 933 dicit;
3241 869 3467 925 alteram
3495 881 3552 927 et
3593 873 3785 931 fortio-

2202 965 2313 1002 rem
2358 966 2421 1005 es
2455 954 2618 1007 rebus
2658 953 2810 1023 ipsis.
2841 956 3013 1022 Quam
3044 958 3227 1012 illam?
3263 961 3419 1027 Quod
3465 964 3716 1022 Christus
3752 985 3783 1023 a

2200 1044 2426 1096 umrtuis
2475 1044 2762 1099 suscitatus
2792 1060 2850 1101 se
2879 1047 3184 1117 alloquutus
3216 1052 3308 1105 sit.
3359 1051 3427 1106 Et
3459 1055 3587 1109 illud
3624 1062 3784 1112 ratio-

2195 1127 2355 1184 ciniis
2378 1132 2568 1199 probat
2588 1173 2602 1195 ,
2635 1136 2865 1203 priscam
2895 1137 3156 1193 insaniam
3196 1155 3350 1195 suam
3378 1158 3627 1202 accurate
3653 1166 3780 1204 nar-

2195 1237 2323 1278 rans
2352 1242 2365 1278 :
2394 1224 2591 1280 deinde
2616 1229 2778 1281 etiam
2807 1244 2929 1283 cmn
2974 1231 3132 1287 laude
3157 1233 3490 1292 Judaaornm.
3547 1240 3711 1297 Nocte
3730 1255 3778 1298 et

2196 1315 2279 1368 die
2305 1316 2524 1371 colentes
2544 1358 2556 1380 ,
2593 1320 2794 1388 inquit,
2822 1333 3029 1389 sperant
3075 1326 3325 1380 devenire.
3356 1329 3539 1398 itaque
3570 1334 3775 1391 etiamsi

2196 1405 2479 1475 illCtlilL‘llﬂ!
2507 1410 2632 1463 vita:
2662 1427 2768 1465 non
2812 1427 2988 1468 essem
3016 1456 3030 1478 ,
3063 1431 3226 1486 super
3251 1419 3337 1474 his
3365 1437 3469 1476 non
3502 1438 3778 1495 oporteret

2190 1494 2418 1560 judicari
2446 1538 2459 1559 ,
2493 1515 2593 1559 rex,
2634 1500 2888 1571 Agrippa.
2938 1503 3198 1560 Subditur
3237 1509 3338 1563 alia
3383 1494 3549 1567 ratio.
3590 1517 3726 1580 Quid
3750 1520 3777 1573 .’

2194 1586 2486 1640 incredibile
2514 1591 2771 1654 iudicatur
2793 1609 2827 1645 a
2853 1593 3011 1660 vobis,
3042 1597 3086 1649 si
3115 1596 3253 1654 Deus
3279 1612 3505 1658 mortuos
3530 1609 3777 1663 suscitat?

2189 1677 2321 1732 Nam
2341 1719 2355 1740 ,
2384 1683 2427 1734 si
2459 1680 2575 1737 haec
2600 1698 2706 1737 non
2727 1696 2871 1739 esslst
2899 1688 3084 1756 Opinio
3108 1731 3123 1755 ,
3152 1692 3197 1745 si
3226 1692 3277 1745 in
3312 1694 3395 1749 his
3434 1697 3773 1767 dogmatibus

2189 1768 2397 1823 mlumti
2448 1788 2554 1827 non
2597 1784 2807 1844 essent,
2840 1786 2897 1832 et
2939 1794 3082 1835 nunc
3110 1796 3172 1835 ea
3201 1783 3521 1842 efferrentur
3547 1830 3563 1855 ,
3596 1790 3773 1850 forsan

2188 1861 2308 1928 quis
2337 1877 2641 1919 sermonem
2688 1883 2792 1922 non
2827 1872 3139 1940 recepisset.
3198 1874 3398 1931 Deinde
3441 1879 3607 1947 dicit,
3640 1898 3773 1954 quo-

2188 1954 2350 2010 modo
2392 1960 2851 2027 persequebatur:
2882 1964 3023 2033 quod
3055 1966 3120 2019 ad
3154 1967 3486 2036 probandum
3519 1973 3767 2031 idoneum

2186 2056 2291 2103 est.
2326 2048 2393 2102 Et
2420 2050 2686 2120 principes
2716 2055 3054 2110 sacerdotum
3082 2058 3301 2115 adducit
3335 2071 3498 2118 testes
3516 2074 3572 2119 et
3597 2077 3768 2123 exter-

2187 2157 2283 2196 nas
2330 2144 2575 2200 civitates
2597 2186 2611 2210 ,
2642 2155 2697 2200 et
2741 2148 2883 2215 quod
2912 2150 3145 2205 audierit
3173 2152 3442 2208 dicentem
3470 2156 3576 2212 sibi
3604 2176 3619 2212 :
3654 2158 3769 2213 Du-

2182 2251 2299 2288 rum
2326 2245 2400 2288 est
2439 2236 2525 2289 tibi
2554 2247 2732 2290 contra
2760 2240 3017 2293 stimulum
3043 2243 3329 2298 calcitrare.
3358 2246 3562 2303 Deinde
3588 2260 3768 2305 osten-

2182 2327 2262 2381 dit
2297 2327 2388 2381 Dci
2430 2327 2769 2383 clementiam
2801 2332 2945 2400 quod
2987 2334 3149 2388 etiam
3195 2350 3317 2390 cum
3352 2352 3766 2410 persequeretur

2184 2419 2356 2488 ipsum
2403 2418 2631 2488 Saulus,
2661 2423 2761 2491 ipsi
2803 2426 3087 2494 apparuit:
3119 2427 3227 2483 Nec
3271 2429 3400 2485 mihi
3446 2433 3655 2499 solum,
3687 2439 3767 2489 iu-

2174 2509 2335 2584 quit,
2370 2510 2504 2565 bene
2528 2509 2687 2578 fecit,
2721 2514 2814 2567 sed
2851 2524 2904 2568 et
2933 2515 3052 2571 aliis
3079 2516 3356 2574 doctorem
3382 2522 3547 2576 misit.

2250 2622 2305 2676 2.
2330 2622 2576 2679 Ostendit
2606 2625 2731 2680 item
2761 2626 3094 2697 prophetiam
3123 2644 3281 2699 quam
3311 2631 3534 2689 audivit.
3581 2633 3643 2688 ln
3673 2635 3765 2689 hoc

2180 2718 2400 2787 apparui
2428 2718 2536 2784 tibi,
2570 2718 2790 2789 eripiens
2815 2731 2863 2774 te
2892 2720 2954 2773 de
2983 2722 3170 2790 populo
3193 2733 3241 2777 et
3267 2724 3519 2793 gentibus,
3551 2728 3622 2780 ad
3641 2745 3764 2796 quas

2180 2812 2294 2864 misi
2320 2821 2386 2866 te.
2419 2811 2543 2867 llaec
2567 2812 2744 2866 omnia
2764 2813 3056 2868 ostendens
3083 2815 3295 2871 dicebat
3324 2834 3337 2871 :
3369 2816 3422 2872 9.
3458 2817 3525 2873 Et
3544 2835 3639 2890 ego
3664 2821 3765 2887 qui.

2178 2903 2292 2956 dent
2318 2903 2744 2969 existimaveram,
2774 2920 2852 2957 me
2878 2907 3119 2959 adversus
3145 2922 3324 2960 nomen
3353 2904 3387 2960 Ι
3393 2924 3480 2961 esu
3507 2907 3766 2964 Nazareni

2178 2994 2354 3048 debere
2381 2995 2539 3049 multa
2564 2995 2819 3049 contraria
2848 2999 3030 3065 facere.
3060 2997 3147 3051 10.
3190 2997 3338 3063 Quod
3363 3009 3411 3052 et
3437 3000 3539 3068 feci
3560 2999 3765 3056 Jeroso-

2178 3087 2348 3158 lgmis,
2371 3095 2418 3140 et
2449 3088 2633 3140 multos
2674 3098 2962 3142 sanctorum
2991 3105 3082 3157 ego
3108 3090 3159 3142 in
3186 3091 3470 3144 carceribus
3500 3093 3702 3156 inclusi,
3730 3111 3762 3147 α

2179 3177 2489 3249 principibus
2513 3179 2834 3233 sacerdotum
2867 3191 3112 3250 potestate
3134 3193 3341 3253 accepta
3368 3198 3389 3237 :
3413 3194 3460 3237 ct
3493 3202 3609 3238 cum
3633 3187 3761 3239 oeci-

2176 3272 2413 3326 derentur
2432 3271 2592 3324 detuli
2619 3272 2917 3325 sententiam
2939 3288 2956 3326 :
2981 3273 3067 3328 Η.
3101 3284 3147 3328 et
3171 3291 3260 3343 per
3281 3292 3453 3330 omnes
3478 3294 3761 3349 synagogas

2177 3368 2462 3437 frequenter
2486 3363 2700 3434 puniens
2744 3380 2848 3429 eos,
2899 3365 3259 3434 compcllebam
3287 3368 3641 3438 blaspltemare
3667 3385 3687 3423 :
3713 3380 3761 3423 et

2174 3458 2395 3528 amplius
2418 3458 2674 3512 insaniens
2702 3459 2755 3511 in
2787 3473 2892 3524 eos,
2921 3456 3251 3526 persequebar
3272 3476 3428 3528 usque
3450 3460 3503 3513 iu
3531 3470 3759 3515 externas

2174 3549 2418 3603 civitates.
2450 3547 2538 3603 12.
2566 3547 2709 3603 Inter
2730 3548 2838 3603 haec
2861 3549 2983 3602 dum
3011 3549 3139 3604 irem
3167 3546 3477 3604 Damascum
3516 3567 3635 3605 cum
3665 3569 3757 3621 po-

2174 3653 2349 3698 testate
2367 3654 2414 3697 et
2434 3642 2681 3711 permissu
2706 3642 2992 3713 principum
3015 3643 3352 3707 sacerdotum,
3381 3643 3465 3697 15.
3493 3643 3579 3696 die
3598 3644 3758 3697 media

2173 3736 2225 3788 in
2252 3735 2331 3789 via
2352 3734 2472 3799 ridi,
2503 3751 2613 3796 rex,
2636 3736 2700 3787 de
2726 3735 2851 3787 ca'lo
2872 3749 3031 3802 supra
3050 3735 3372 3803 splendorem
3398 3735 3519 3788 solis
3552 3736 3742 3787 circum

2174 3827 2375 3898 fulsisse
2407 3842 2484 3880 me
2509 3827 2697 3888 lumen,
2734 3833 2781 3879 et
2810 3840 2893 3877 eos
2925 3823 3012 3895 qui
3049 3840 3243 3877 mecum
3285 3824 3441 3879 simul
3469 3834 3632 3878 erant.
3670 3825 3738 3879 ib

2176 3921 2458 3989 Omnesque
2486 3937 2576 3974 nos
2606 3936 2720 3974 cum
2757 3919 3119 3972 decidissentus
3149 3918 3201 3971 in
3230 3927 3437 3983 terram,
3460 3917 3646 3970 audivi
3669 3933 3757 3971 vo-

2170 4030 2279 4066 cem
2303 4011 2587 4082 loquentem
2622 4011 2746 4064 milti
2791 4008 3045 4064 Hebraica
3093 4008 3269 4079 lingua
3298 4023 3317 4062 :
3347 4007 3528 4073 Saule,
3577 4008 3749 4071 Saule,

2171 4104 2294 4176 quid
2316 4121 2395 4158 me
2436 4104 2790 4174 persequeris?
2838 4101 3036 4155 Durum
3071 4111 3145 4154 est
3186 4099 3277 4154 tibi
3317 4108 3496 4153 contra
3526 4099 3753 4154 stimulus

2168 4198 2453 4250 calcitrare.
2491 4196 2576 4249 15.
2617 4193 2726 4264 Ego
2755 4202 2923 4246 autem
2952 4191 3081 4255 diui,
3110 4190 3237 4258 Quis
3264 4206 3337 4256 es,
3368 4187 3630 4243 Domine!
3660 4188 3759 4242 Ille

2169 4298 2334 4343 autem
2356 4288 2483 4342 dixit
2510 4285 2662 4356 :Ego
2696 4302 2810 4339 sum
2842 4283 3013 4348 Iesus,
3037 4299 3182 4352 quem
3222 4291 3276 4335 tu
3305 4281 3637 4352 persequeris.
3668 4280 3750 4335 l6.

2172 4381 2279 4436 Sed
2307 4395 2519 4451 exsurge
2544 4387 2589 4432 et
2618 4388 2697 4430 sta
2725 4392 2876 4448 super
2901 4375 3053 4447 pedes
3083 4384 3194 4428 tuos
3224 4390 3242 4428 :
3268 4373 3336 4426 ad
3364 4375 3459 4427 hoc
3483 4374 3618 4427 enim
3655 4389 3751 4441 op-

2170 4472 2318 4542 parui
2338 4471 2446 4538 tibi,
2469 4479 2522 4523 ut
2550 4468 2847 4522 constituam
2876 4476 2924 4520 te
2955 4466 3240 4519 ministrum
3278 4474 3324 4518 et
3367 4473 3542 4518 testem
3581 4478 3753 4517 eorum

2167 4579 2280 4633 (ματ
2302 4562 2489 4626 vidisti,
2513 4571 2560 4614 ct
2581 4576 2755 4614 eorum
2781 4557 2957 4629 quibus
2988 4557 3240 4625 apparebo
3264 4555 3504 4622 tibi,.l7.
3535 4556 3753 4626 eripiens

2167 4665 2213 4707 le
2233 4655 2294 4709 de
2319 4655 2509 4723 papqu
2535 4662 2580 4705 et
2600 4652 2849 4722 gentibus,
2873 4651 2925 4703 in
2948 4666 3073 4719 quas
3097 4664 3231 4701 nunc
3256 4664 3347 4718 ego
3372 4647 3515 4700 mitto
3540 4656 3608 4710 te,
3631 4661 3753 4714 ape-

2164 4747 2266 4799 rire
2292 4744 2466 4799 oculos
2493 4758 2685 4807 eorum,
2718 4751 2771 4795 ut
2793 4749 3148 4795 convertantur
3172 4756 3205 4792 a
3232 4738 3444 4793 tenebris
3469 4740 3539 4791 ad
3565 4737 3747 4800 lucem,

2164 4848 2209 4891 et
2232 4837 2295 4890 de
2324 4844 2568 4905 potestate
2599 4843 2793 4888 sutance
2820 4833 2887 4885 ad
2919 4832 3101 4895 Deum,
3128 4840 3182 4883 ut
3210 4831 3466 4900 accipiant
3491 4829 3745 4884 remissio-

2164 4944 2277 4983 nem
2303 4936 2655 4998 peccatorum;
2670 4935 2716 4978 et
2742 4933 2926 4978 sortem
2951 4925 3083 4977 inter
3100 4930 3301 4977 sanctos
3316 4938 3421 4992 per
3442 4920 3616 4990 ﬁdem,
3636 4934 3750 4990 qua!

2162 5022 2307 5074 estin
2332 5034 2428 5072 me.
2462 5015 2762 5085 Perpende,
2792 5030 2950 5084 quam
2979 5019 3257 5068 mansuete
3282 5013 3551 5079 loquatur.
3583 5009 3745 5076 Deus,

2163 5109 2355 5176 inquit,
2400 5107 2530 5161 dixit
2567 5107 2634 5160 ad
2672 5122 2752 5159 me
2782 5120 2802 5159 :
2828 5104 3063 5175 Apparui
3100 5102 3210 5167 tibi,
3256 5113 3313 5157 ut
3353 5103 3655 5157 constituam
3701 5112 3746 5156 te

2162 5201 2448 5254 ministrum
2466 5207 2514 5253 et
2536 5207 2707 5253 testem
2744 5213 2915 5250 eorum
2934 5210 3052 5270 qua!
3073 5194 3262 5260 vidisti,
3289 5203 3339 5248 et
3366 5209 3541 5248 eorum
3566 5193 3745 5263 quibus

2159 5293 2415 5363 apparebo
2437 5290 2543 5354 tibi,
2569 5291 2784 5357 eripiens
2813 5298 2861 5342 te
2884 5292 2951 5341 de
2972 5287 3161 5360 populo
3190 5296 3237 5340 et
3259 5286 3513 5356 gentibus,
3546 5286 3599 5339 in
3621 5301 3745 5356 quos

2159 5401 2291 5439 nunc
2309 5400 2400 5457 ego
2426 5385 2570 5437 mitto
2591 5391 2658 5445 te,
2691 5381 2777 5435 18.
2805 5390 2858 5433 ut
2884 5377 3083 5448 aperias
3106 5377 3281 5431 oculos
3309 5392 3504 5443 eorum,
3533 5388 3591 5429 ut
3624 5393 3742 5429 con-

2155 5487 2416 5534 vertantur
2441 5494 2471 5529 η
2494 5475 2708 5530 tenebris
2744 5472 2813 5527 ad
2838 5473 2999 5525 lucem
3024 5479 3072 5525 et
3095 5485 3129 5522 α
3160 5477 3409 5538 potestate
3440 5479 3636 5522 satana:
3672 5466 3741 5520 ad

2160 5570 2343 5638 Deum,
2372 5580 2426 5624 ut
2452 5567 2704 5636 accipiant
2727 5563 3071 5618 remissionem
3097 5568 3436 5630 peccatorum.
3460 5558 3539 5612 Ac
3573 5573 3617 5613 ςι
3652 5557 3736 5611 di-

2155 5668 2305 5714 ceret
2351 5676 2363 5711 :
2408 5660 2495 5716 llis
2521 5657 2743 5715 credidi.
2786 5654 2887 5710 hac
2922 5653 3125 5709 visione
3157 5664 3245 5707 me
3275 5648 3518 5717 adduxit,
3571 5655 3626 5704 et
3654 5647 3735 5705 sic
