4086 6164
317 297 412 353 3ῧί

317 413 598 486 persuasit,
630 427 686 469 ut
714 432 818 470 non
848 413 1140 471 diﬁ‘errem.
1185 415 1269 471 19.
1316 413 1484 482 Unde,
1528 430 1618 469 rex
1648 414 1895 488 Agrippa,

316 523 414 559 non
450 506 527 575 fui
561 506 853 560 incredulus
876 508 1063 561 ccclein
1090 507 1307 571 visioui;
1335 506 1425 561 20.
1449 507 1542 561 sed
1564 507 1646 570 iis.
1676 508 1760 576 qui
1781 517 1898 561 sunt

314 595 556 650 Damasci
585 598 804 667 primum
827 606 873 651 et
892 598 1247 670 Jcrosolymis,
1276 600 1400 653 etin
1425 613 1621 653 omnem
1644 598 1897 669 regionem

311 687 528 754 Judtetc,
559 699 604 744 et
628 691 856 761 gentibus
895 693 1256 746 anuuutiabam
1298 700 1355 746 ut
1398 692 1740 763 paenitentiam
1784 707 1897 763 age-

310 790 442 847 rent,
488 789 533 834 et
581 791 987 835 converterentur
1029 783 1096 835 ad
1149 781 1337 847 Deum,
1392 783 1547 853 digna
1592 783 1897 854 ptenitentice

308 887 464 939 opera
494 871 753 941 facientes.
802 872 901 940 Qui
943 873 1104 943 igitur
1139 873 1276 928 alios
1301 873 1610 930 erudiebam
1641 875 1781 929 circa
1812 875 1891 929 vi-

308 970 414 1017 tam
463 963 716 1033 optimam
742 1004 757 1027 ,
804 964 1072 1033 quomodo
1114 963 1393 1020 seditionis
1440 973 1495 1019 et
1534 964 1891 1019 contentionis

303 1066 493 1112 auctor
528 1055 786 1111 fuissem?
810 1057 901 1111 2|.
933 1056 1046 1110 liae
1073 1073 1136 1111 ex
1159 1073 1313 1112 causa
1342 1074 1421 1112 me
1448 1057 1638 1122 Judaei,
1673 1074 1785 1111 cum
1811 1073 1889 1111 es-

301 1165 407 1203 sent
445 1150 498 1202 in
528 1150 730 1219 templo,
758 1149 1167 1219 comprehensum
1191 1150 1444 1205 tentabant
1468 1151 1769 1219 interﬁcere.
1792 1150 1884 1206 22.

304 1242 508 1297 Auxilio
538 1252 703 1295 autem
738 1242 944 1310 adjutus
984 1242 1095 1306 Dei,
1141 1259 1299 1313 usque
1334 1244 1387 1297 in
1423 1244 1719 1298 hodiernum
1752 1243 1885 1298 diem

296 1342 398 1396 sto,
428 1332 702 1401 testiﬁcans
741 1332 923 1385 minori
950 1341 1098 1403 atque
1136 1333 1341 1402 majori,
1369 1332 1498 1387 nihil
1525 1341 1667 1387 extra
1690 1333 1879 1400 dicens,

293 1442 449 1496 quam
492 1442 572 1491 ea,
604 1442 717 1496 qua!
754 1426 1017 1495 propheta:
1056 1426 1248 1495 loquuti
1288 1435 1406 1480 sunt
1447 1427 1622 1495 futura
1661 1441 1788 1490 esse,
1832 1435 1881 1481 et

296 1517 525 1589 Moyses,
550 1516 641 1573 25.
674 1517 718 1570 si
748 1533 992 1586 passurus
1016 1515 1267 1582 Christus,
1313 1517 1357 1572 si
1396 1517 1590 1587 primus
1615 1533 1679 1572 ex
1702 1534 1877 1571 resur-

289 1611 512 1664 rectione
536 1618 847 1663 mortuorum
879 1609 1046 1663 lumen
1083 1610 1475 1664 annuntiaturus
1500 1618 1574 1664 est
1617 1609 1806 1680 populo
1830 1620 1878 1665 et

287 1702 540 1773 gentibus.
584 1700 734 1767 Vide,
775 1710 834 1755 ut
869 1716 1050 1756 sermo
1078 1701 1194 1772 ejus
1233 1702 1542 1758 adulatione
1579 1712 1777 1767 careat,
1820 1714 1876 1759 et

287 1801 462 1849 totum
493 1793 762 1848 adscribat
785 1793 917 1847 Deo.
952 1793 1082 1848 Vide
1106 1792 1391 1848 etdiceudi
1421 1793 1742 1860 libertatem,
1768 1793 1873 1849 Sed

286 1902 449 1957 neque
472 1902 604 1940 nunc
631 1884 855 1950 desisto;
884 1884 1190 1941 ﬁrmitatem
1221 1902 1236 1937 :
1269 1887 1309 1939 A
1355 1886 1631 1955 prophetis
1667 1886 1870 1940 conﬁr-

283 1995 424 2047 mor,
458 1980 536 2032 An
564 1995 806 2049 passurus
834 1978 983 2048 fuerit
1011 1978 1260 2046 Christus,
1292 1994 1360 2032 an
1396 1980 1591 2050 primus
1615 1995 1677 2033 ex
1699 1995 1869 2033 resur-

280 2071 503 2125 rectione
530 2079 839 2124 mortuorum
875 2071 1040 2124 lumen
1081 2071 1143 2124 sit
1171 2071 1599 2136 annuntiaturus;
1627 2086 1690 2126 ac
1718 2072 1760 2125 si
1783 2071 1867 2125 di~

277 2171 427 2217 erret
456 2178 470 2214 :
504 2161 733 2217 Christus
777 2161 973 2230 primus
1017 2177 1319 2231 resurgens,
1358 2162 1475 2232 jam
1513 2179 1615 2217 non
1654 2164 1866 2218 moritur

277 2251 441 2323 (Rom
486 2254 538 2307 6.
561 2252 635 2323 9).
659 2252 992 2307 Manifestum
1014 2261 1098 2308 est
1123 2268 1187 2308 ex
1214 2268 1301 2319 eo,
1325 2253 1469 2323 quod
1490 2255 1739 2310 omnibus
1761 2254 1863 2311 hoc

274 2343 573 2405 denuntiet,
624 2354 677 2399 et
717 2345 769 2399 in
809 2344 1113 2415 semetipsis
1155 2355 1485 2415 exspectent.
1531 2346 1732 2402 Deinde
1762 2348 1860 2403 Fe-

272 2446 411 2502 stus,
446 2449 500 2490 tll
536 2435 787 2506 loquendi
818 2437 1117 2492 libertatem
1145 2436 1295 2500 vidit,
1325 2453 1426 2508 qua
1453 2440 1564 2510 regi
1602 2436 1857 2511 laquchal

272 2537 381 2596 tur,
421 2544 526 2583 non
567 2539 816 2584 avertens
844 2529 994 2585 scab
1029 2540 1246 2599 aspectu
1292 2530 1428 2600 ejus,
1467 2547 1530 2586 ac
1569 2532 1613 2586 si
1657 2534 1855 2602 aliquid

272 2629 564 2689 pateretur,
597 2620 762 2674 dicit:
788 2620 1017 2682 Insanis,
1053 2620 1233 2675 Paule.
1269 2621 1419 2687 Quod
1443 2631 1620 2678 autem
1655 2624 1853 2694 aliquid

270 2727 461 2780 passus
485 2711 585 2765 hoc
612 2707 775 2777 dicat,
806 2712 931 2767 audi
962 2713 1239 2782 sequentia
1270 2730 1283 2767 :
1310 2713 1399 2768 24.
1431 2713 1557 2768 Hac
1576 2725 1743 2770 autem
1764 2717 1855 2772 illo

266 2803 557 2867 disserente,
603 2801 785 2856 Festus
812 2818 997 2871 magna
1025 2818 1143 2857 voce
1169 2801 1299 2857 dixit
1331 2818 1351 2856 :
1386 2802 1613 2871 Insanis,
1648 2803 1852 2871 Paule;

266 2892 441 2947 multae
477 2893 637 2948 litera:
677 2901 727 2947 te
757 2894 826 2947 ad
853 2894 1107 2947 insaniam
1149 2903 1464 2950 convertunt.
1506 2895 1642 2964 Quid
1690 2896 1852 2967 igitur

266 2982 505 3037 Paulus?
532 2982 664 3038 Cum
690 2976 1098 3039 mansuetudine
1122 2984 1455 3055 respondens
1475 2987 1550 3040 ait
1576 3004 1589 3041 :
1616 2985 1708 3042 ‘25.
1731 2986 1849 3041 Non

263 3074 484 3137 insanio,
512 3074 700 3141 optime
728 3071 914 3138 Feste;
942 3075 1031 3129 sed
1058 3076 1282 3129 veritatis
1312 3085 1358 3130 et
1386 3076 1674 3132 sobrietatis
1699 3079 1847 3133 verba

261 3164 462 3234 loquor.
498 3163 687 3219 Postea
713 3166 869 3219 etiam
900 3179 1117 3220 causam
1142 3165 1324 3233 docet,
1354 3178 1573 3237 propter
1598 3183 1756 3238 quam
1777 3169 1843 3223 ad

260 3273 446 3330 regem
478 3272 779 3313 sermonem
820 3268 1156 3314 converteret
1183 3277 1197 3314 :
1227 3259 1319 3315 26.
1361 3259 1474 3316 Scit
1506 3262 1639 3315 enim
1667 3261 1731 3316 de
1768 3263 1846 3318 his

257 3367 369 3416 rex,
399 3350 474 3402 ad
495 3365 639 3419 quem
664 3358 711 3403 et
738 3358 1022 3404 constanter
1046 3350 1225 3420 loquor
1251 3366 1270 3405 :
1293 3352 1449 3405 latere
1472 3352 1605 3406 enim
1627 3368 1739 3405 eum
1765 3354 1844 3407 ni-

259 3442 329 3495 hil
356 3442 544 3494 horum
571 3440 787 3495 arbitror
814 3457 832 3495 :
854 3459 955 3495 non
977 3452 1048 3496 est
1067 3444 1200 3497 enim
1220 3443 1273 3497 in
1300 3444 1490 3514 angulo
1511 3445 1604 3499 hoc
1623 3456 1841 3517 gestum.

256 3533 342 3586 9.7.
376 3530 576 3597 Credis,
608 3548 700 3586 rex
728 3533 972 3602 Agrippa,
1011 3534 1310 3603 prophetis?
1345 3535 1465 3589 Scio
1493 3538 1626 3605 quod
1654 3538 1838 3592 credis.

258 3623 365 3677 lloc
393 3625 464 3679 ita
502 3623 664 3689 dixit,
698 3623 846 3692 quasi
882 3624 1163 3681 traducens
1191 3626 1310 3679 illos
1354 3634 1408 3681 et
1445 3626 1629 3681 dicens
1654 3646 1666 3681 :
1691 3627 1836 3695 Scio,

257 3716 395 3784 quod
421 3717 604 3770 omnia
632 3727 880 3772 accurate
904 3718 1037 3772 sciat
1064 3735 1078 3771 :
1105 3728 1158 3773 et
1177 3719 1461 3787 oportebat
1491 3719 1706 3789 quidem
1744 3735 1840 3775 vos

259 3808 369 3862 ιιωο
389 3807 535 3864 scire
568 3808 770 3878 primus
800 3808 873 3879 (id
904 3811 1046 3863 enim
1073 3810 1348 3878 sequentia
1378 3809 1650 3864 declarant
1674 3828 1690 3868 :
1717 3809 1838 3864 Non

256 3900 449 3955 esthoc
479 3901 532 3953 in
562 3899 753 3971 angulo
779 3903 990 3970 gestum)
1018 3916 1033 3965 ;
1062 3900 1159 3956 sed
1203 3901 1467 3956 noluistis.
1508 3900 1704 3967 Credis,
1749 3917 1838 3955 rex

261 3993 507 4063 Agrippa.
542 3991 845 4061 praphetis?
885 3993 1025 4058 Scio,
1068 3991 1205 4061 quod
1244 3994 1426 4047 credis.
1468 3992 1559 4048 28.
1611 3992 1836 4063 Agrippa

255 4095 413 4137 autem
448 4084 521 4136 ad
568 4081 786 4136 Paulum
827 4083 955 4136 dixit
989 4098 1005 4136 :
1033 4082 1100 4136 In
1129 4084 1329 4137 modico
1369 4084 1552 4138 suades
1576 4100 1656 4136 me
1681 4082 1832 4137 Chri-

252 4176 467 4231 stianum
499 4177 629 4244 ﬁeri.
668 4175 757 4231 29.
792 4174 856 4228 Et
890 4174 1083 4229 Paulus
1114 4191 1132 4229 :
1163 4175 1297 4246 Opto
1336 4174 1476 4245 apud
1518 4174 1678 4229 Deum
1705 4183 1752 4227 et
1780 4175 1834 4228 in
1870 4174 1877 4181 ’

252 4267 444 4323 modico
470 4267 597 4321 etin
625 4283 828 4337 magno,
863 4283 963 4320 non
990 4276 1182 4320 tantum
1223 4277 1288 4333 te,
1325 4265 1414 4320 sed
1445 4266 1596 4320 etiam
1638 4281 1829 4331 omnes,

250 4359 332 4429 qui
357 4359 580 4413 audiunt
602 4375 699 4424 me,
723 4359 870 4411 hodie
895 4358 1005 4425 ﬁeri
1030 4358 1175 4421 tales,
1204 4357 1368 4427 qualis
1393 4366 1441 4411 et
1467 4372 1558 4425 ego
1580 4373 1712 4421 sum,
1739 4372 1832 4410 ex—

250 4449 399 4517 ceptis
426 4448 648 4504 vinculis
683 4447 781 4502 his.
822 4447 950 4502 Vide
992 4448 1263 4517 quomodo
1303 4455 1569 4515 precatur,
1602 4445 1784 4501 dicens
1815 4462 1829 4499 :

252 4538 380 4608 Opto
402 4539 554 4611 apud
575 4538 735 4592 Deum
756 4538 807 4591 in
832 4538 1028 4592 modico
1046 4556 1064 4605 ;
1085 4537 1188 4592 hoc
1210 4547 1312 4599 est,
1336 4546 1395 4591 ut
1420 4551 1486 4591 ne
1498 4549 1694 4605 parum
1715 4537 1832 4607 qui-

250 4629 364 4685 dem
391 4630 557 4686 absit.
591 4630 656 4684 Et
691 4645 796 4684 non
827 4630 998 4684 solum
1030 4639 1168 4696 orat,
1215 4629 1307 4684 sed
1338 4628 1625 4683 ferventer.
1655 4627 1828 4693 Tales,

250 4721 435 4791 inquit,
468 4720 588 4789 ﬁeri
610 4737 802 4786 omnes,
838 4736 946 4775 non
986 4720 1145 4774 modo
1185 4728 1255 4785 te,
1297 4719 1390 4774 sed
1428 4733 1636 4786 omnes,
1668 4721 1831 4788 qualis

246 4829 353 4868 sum
379 4832 499 4886 ego.
542 4814 741 4869 Deinde
782 4816 877 4880 ait,
910 4814 1145 4884 Exceptis
1181 4813 1392 4867 vinculis
1420 4812 1498 4866 his
1525 4829 1545 4866 :
1571 4827 1676 4867 non
1717 4826 1832 4868 mo.

248 4904 376 4961 leste
413 4904 601 4961 ferens
627 4904 858 4971 vincula,
903 4921 1074 4975 neque
1106 4905 1427 4961 erubescens
1457 4903 1599 4974 quod
1639 4904 1831 4974 ligatus

248 5008 386 5055 esset
411 5000 549 5069 (hoc
577 5002 717 5053 enim
745 4999 864 5068 ipsi,
899 5001 942 5054 si
981 5001 1103 5069 quid
1142 5001 1303 5065 aliud,
1336 5001 1625 5071 gloriosum
1655 5000 1827 5069 erat);

246 5090 335 5145 sed
364 5091 430 5146 ad
463 5090 683 5147 illorum
729 5091 1033 5161 opinionem
1076 5093 1380 5160 respiciens,
1417 5093 1486 5145 ita
1518 5092 1671 5146 dixit.
1705 5090 1831 5146 Ideo

250 5177 466 5247 addidit,
510 5179 751 5249 Exceptis
781 5181 989 5235 vinculis
1028 5180 1124 5234 his.
1158 5180 1261 5235 Sed
1298 5182 1541 5250 superius
1578 5182 1710 5235 lecta
1744 5196 1829 5235 re—

251 5279 513 5339 petamus.
543 5269 760 5327 Postera
798 5280 919 5342 ergo
956 5272 1056 5337 die,
1096 5282 1151 5324 ut
1184 5272 1237 5324 in
1274 5272 1580 5325 auditorium
1620 5272 1832 5342 ingressi

250 5371 381 5426 sunt,
423 5363 631 5431 iubente
669 5362 821 5417 Festo
856 5362 1109 5417 adductus
1139 5372 1207 5413 est
1254 5361 1469 5415 Paulus.
1511 5363 1830 5416 Destiterant

248 5451 351 5520 3am
392 5454 592 5525 Judmi,
632 5472 698 5511 eo
746 5455 888 5526 quod
933 5455 1022 5509 ille
1061 5455 1399 5522 appellasset,
1448 5463 1503 5509 et
1552 5464 1676 5508 tunc
1727 5454 1825 5522 ipsi

252 5543 588 5612 splendidum
616 5546 770 5602 adest
799 5547 1061 5600 theatrum
1092 5563 1105 5599 :
1135 5561 1254 5601 cum
1296 5546 1465 5599 multo
1492 5547 1632 5599 enim
1668 5561 1830 5615 appa—

256 5644 368 5690 ratu
403 5652 496 5691 rex
534 5646 588 5692 et
626 5639 804 5692 omnis
832 5638 1111 5691 multitudo
1149 5636 1457 5693 Judatnrum
1497 5636 1778 5693 adiuuerunt
1813 5655 1825 5691 :

260 5737 358 5780 non
396 5726 492 5782 alii
520 5730 777 5797 aderant,
832 5728 922 5782 alii
956 5732 1297 5793 aberant,sed
1326 5750 1507 5787 (“mnes
1536 5744 1831 5801 pra-sentes

1274 298 1340 353 IN
1382 297 1560 355 ACTA
1602 296 2125 357 AI’OSTOLORUM.
2168 302 2397 362 ιιωιιι.
2428 304 2532 362 LII.

3494 321 3601 376 56!

2008 424 2182 470 erant.
2209 417 2485 475 Mailitudo
2498 418 2822 489 Iudaeorum,
2842 424 3032 496 inquit,
3049 429 3381 501 interpellauit
3402 448 3481 487 me
3498 432 3565 490 Je
3577 466 3602 480 -

2003 509 2270 579 rosolymis
2283 520 2330 566 et
2347 512 2737 579 hic,clamantes
2750 532 2848 570 non
2865 529 3095 586 oportere
3104 521 3238 575 hunc
3253 522 3387 577 ultra
3406 524 3589 582 vivere.

2073 599 2127 654 5.
2154 600 2286 659 Vide
2311 602 2571 659 insaniam
2601 618 2615 658 :
2647 606 2969 674 clamabant,
3000 621 3250 680 Oportere
3273 615 3419 671 illum
3448 619 3586 672 mori

1999 686 2258 746 dicentes.
2292 692 2427 751 Hinc
2462 695 2697 752 ostendit
2730 712 2789 753 se
2809 697 2932 767 jure
2960 700 3226 759 Caesarem
3261 707 3583 776 appellasse.

1999 777 2055 834 Si
2081 785 2225 837 enim
2255 784 2387 841 nihil
2409 802 2574 858 grave
2602 789 2888 846 dicendum
2917 792 3204 861 habebant,
3235 798 3415 868 illique
3440 800 3584 855 fure-

1995 868 2147 937 bant,
2169 872 2290 942 jure
2310 876 2377 932 ad
2407 877 2556 933 illum
2581 882 2747 936 venit.
2784 881 2850 941 Ut
2872 883 3262 955 interrogatione
3287 904 3320 940 a
3345 890 3478 944 vobis
3510 892 3584 956 fa-

1993 971 2075 1017 cta
2099 964 2309 1021 habeam
2324 972 2461 1039 quod
2474 974 2711 1041 scribam,
2740 975 2929 1045 inquit.
2962 977 3127 1034 Vides
3151 983 3419 1050 quomodo
3435 998 3581 1055 smpo

1992 1067 2151 1110 causa
2196 1060 2587 1118 examinatur‘l
2637 1067 2702 1121 Et
2747 1067 3077 1125 defensionis
3130 1071 3290 1143 hujus
3331 1086 3577 1133 auctores

1991 1159 2114 1237 sunt
2157 1150 2351 1221 Judmi,
2382 1171 2542 1224 quam
2581 1161 2844 1229 cognituri
2892 1172 3047 1219 erant
3085 1165 3243 1221 etiam
3287 1170 3379 1237 qui
3423 1178 3579 1226 erant

1990 1234 2196 1331 Romae.
2221 1241 2392 1313 Super
2410 1248 2663 1317 omnibus,
2682 1251 2746 1306 de
2757 1252 2937 1322 quibus
2956 1271 3186 1324 accusor,
3210 1234 3573 1331 rex'Aguippa,

1987 1329 2234 1400 existimo,
2260 1335 2450 1405 inquit,
2474 1356 2553 1394 me
2572 1342 2792 1411 beatum,
2817 1347 2902 1416 qui
2920 1363 3091 1403 coram
3119 1357 3166 1403 te
3185 1329 3430 1407 rationem
3451 1329 3571 1409 red-

1984 1419 2183 1478 diturus
2203 1441 2341 1482 sum.
2371 1428 2504 1486 Vide
2530 1434 2800 1502 quomodo
2827 1439 2909 1493 vel
2938 1439 3085 1494 inviti
3110 1450 3164 1496 et
3187 1445 3438 1514 nequitia:
3457 1460 3571 1501 sua:

1983 1521 2036 1567 ct
2075 1516 2287 1575 virtutis
2330 1520 2481 1577 Pauli
2517 1532 2681 1581 testes
2711 1526 2845 1583 ﬁunt
2878 1529 3038 1584 etiam
3080 1533 3222 1601 apud
3261 1549 3463 1605 regem,
3495 1537 3568 1593 ita

1981 1614 2038 1698 ut
2057 1608 2486 1679 magniﬁcentin
2507 1615 2864 1674 abduceretur
2880 1619 3094 1687 Paulus,
3117 1639 3277 1693 quam
3297 1626 3342 1680 si
3362 1627 3569 1698 absque

1979 1697 2206 1755 vinculis
2235 1701 2474 1760 abiisset.
2507 1705 2626 1763 Non
2655 1709 2797 1765 enim
2826 1712 2961 1768 ultra
2991 1723 3049 1768 ut
3072 1714 3325 1786 deceptor
3344 1728 3400 1773 et
3430 1697 3568 1788 pra:-

1976 1789 2220 1859 stigiator
2240 1808 2271 1848 a
2300 1803 2378 1851 tot
2402 1795 2670 1864 iudicibus
2690 1800 2942 1859 dimissus
2966 1804 3351 1864 abducebatur.
3378 1811 3567 1866 Omni-

1974 1877 2073 1934 bus
2098 1895 2227 1951 ergo
2256 1884 2475 1952 relictis,
2509 1888 2649 1958 apud
2689 1906 2824 1961 quos
2852 1902 3005 1950 natus
3042 1896 3405 1971 educatusque
3443 1901 3562 1959 fue-

1972 1978 2074 2036 rat,
2104 1986 2210 2029 non
2241 1984 2547 2048 utcumque,
2569 1980 2663 2037 sed
2679 1984 2823 2038 omni
2843 1986 3147 2056 suspicione
3170 1990 3309 2046 liber
3332 1992 3559 2050 Romam

1971 2061 2181 2154 migrat.
2214 2064 2400 2137 Neque
2423 2068 2559 2126 dixit
2589 2088 2602 2124 :
2634 2072 2777 2140 Quid
2810 2075 2910 2130 hoc
2939 2079 3067 2133 est?
3094 2081 3263 2136 semel
3289 2082 3556 2154 appellavi

1970 2151 2255 2223 Gtc-sarem,
2313 2160 2505 2217 millies
2544 2162 2818 2233 judicatus
2865 2182 2984 2224 sum
3033 2187 3048 2224 :
3094 2151 3408 2245 usqueqqu
3458 2178 3556 2232 sed

1966 2246 2137 2314 quid?
2181 2248 2376 2307 lterum
2417 2263 2634 2324 paratus
2676 2268 2796 2314 erat
2834 2260 3065 2318 reddere
3107 2266 3368 2323 rationem
3412 2270 3556 2338 apud

1965 2352 2109 2405 cum,
2138 2343 2231 2409 qui
2275 2358 2363 2400 res
2404 2345 2655 2404 Judaicas
2701 2351 2931 2409 maxime
2972 2364 3178 2411 nosset.
3211 2357 3390 2423 Quare
3425 2375 3550 2416 cum

1964 2445 2154 2501 magna
2196 2433 2446 2495 libertate
2472 2455 2595 2497 sese
2620 2440 2880 2509 defendit,
2927 2448 3052 2516 quia
3098 2448 3158 2516 ii,
3192 2450 3284 2520 qui
3321 2466 3384 2508 se
3421 2467 3553 2507 con-

1960 2523 2307 2595 demnabam,
2336 2530 2535 2587 nullam
2550 2533 2662 2603 jam
2687 2536 2950 2592 habebant
2976 2540 3369 2597 auctoritatem.
3397 2543 3551 2601 Licet

1960 2625 2139 2673 autem
2166 2618 2298 2674 nihil
2324 2632 2563 2691 possent,
2587 2632 2643 2680 et
2660 2628 2925 2683 sententia
2948 2628 3058 2694 illa,
3081 2646 3183 2700 qua
3210 2632 3408 2689 dictum
3432 2635 3549 2692 fue-

1959 2714 2060 2774 rat,
2089 2706 2173 2761 Ad
2197 2707 2450 2766 Cmarem
2478 2712 2593 2777 ibis,
2623 2723 2853 2782 teneret,
2877 2725 3115 2774 attamen
3142 2719 3233 2774 dat
3255 2721 3343 2777 ille
3368 2726 3541 2780 ratio-

1957 2812 2080 2853 nem
2107 2798 2451 2871 multiplicem
2478 2802 2546 2858 de
2585 2806 2853 2871 omnibus,
2886 2822 2987 2863 nec
3009 2808 3078 2865 de
3105 2810 3421 2881 quibusdam
3452 2831 3544 2871 so-

1956 2888 2088 2946 lum.
2117 2891 2186 2946 Et
2213 2894 2562 2965 responsione
2586 2911 2680 2952 sua
2705 2898 2821 2955 haec
2844 2899 2955 2957 fere
2979 2901 3111 2957 dicit
3137 2920 3153 2958 :
3182 2904 3450 2961 Accusant
3476 2909 3543 2965 de

1953 2980 2239 3051 seditione,
2269 2996 2522 3042 accusant
2551 2988 2619 3044 de
2648 2989 2839 3046 haeresi
2879 3002 2935 3048 et
2965 2994 3107 3063 quod
3140 2998 3396 3066 templum
3427 3002 3543 3056 vio-

1954 3070 2173 3129 laverim
2206 3091 2219 3128 :
2248 3075 2316 3131 de
2345 3078 2594 3135 omnibus
2620 3080 2883 3137 rationem
2928 3083 3134 3141 reddo:
3174 3085 3339 3143 Vitam
3376 3107 3542 3147 meam

1950 3179 1982 3216 a
2001 3164 2266 3236 juventute
2293 3168 2455 3223 sciunt
2475 3186 2647 3226 omnes
2668 3170 2843 3227 ,Ιηάωί
2868 3190 2887 3228 :
2914 3176 3057 3245 quod
3083 3191 3113 3230 a
3144 3180 3381 3236 moribus
3402 3185 3539 3240 meis

1949 3256 2238 3315 abhorreat
2262 3260 2554 3317 seditiones
2583 3263 2842 3329 excitare,
2872 3275 3212 3323 accusatores
3239 3270 3339 3340 ipsi
3372 3280 3537 3333 testes

1948 3356 2091 3403 sunt.
2124 3348 2278 3417 Quod
2302 3351 2463 3406 etiam
2501 3360 2656 3408 antea
2699 3354 2852 3421 dixit,
2884 3355 3183 3412 xEmulator
3210 3370 3537 3429 paternarum

1950 3457 2175 3495 nieorum
2211 3444 2562 3510 traditionum,
2611 3445 2660 3500 id
2690 3455 2742 3500 et
2781 3445 2884 3503 hoc
2913 3447 3033 3504 loco
3069 3450 3408 3521 subindipat:
3448 3455 3537 3510 Vi-

1947 3541 2049 3584 tam
2077 3532 2140 3585 ab
2187 3533 2528 3589 adolescentia
2570 3552 2699 3590 mea.
2752 3536 2821 3591 Et
2864 3538 3083 3607 quando
3123 3544 3349 3611 populus
3392 3553 3535 3603 totus

1945 3620 2152 3685 aderat,
2184 3631 2310 3677 tunc
2335 3624 2546 3679 illorum
2576 3625 2805 3681 advocat
2836 3629 3220 3685 testimonium.
3244 3632 3427 3704 Neque
3444 3651 3534 3691 so-

1945 3711 2051 3764 lum
2076 3712 2144 3766 ad
2168 3712 2339 3783 Lysiae
2367 3714 2597 3769 tribunal
2626 3716 2727 3771 hoc
2750 3715 2896 3785 fecit,
2926 3720 3085 3775 etiam
3108 3723 3247 3792 apud
3272 3724 3487 3781 Festum
3514 3750 3528 3783 :

1943 3811 1996 3857 et
2023 3818 2209 3859 rursus
2249 3804 2357 3872 hic,
2389 3820 2511 3861 cum
2556 3806 2735 3877 plures
2762 3809 3006 3866 aderant.
3042 3812 3156 3869 Illic
3199 3826 3379 3872 autem
3421 3834 3529 3876 non

1942 3897 2109 3951 multa
2137 3895 2450 3953 defensione
2478 3912 2615 3968 opus
2642 3907 2777 3964 erat,
2805 3916 2926 3955 cum
2956 3901 3127 3959 litera:
3152 3905 3325 3975 Lysiae
3355 3908 3526 3978 ipsum

1942 3988 2293 4043 dimitterent.
2324 3989 2505 4044 Sciunt
2531 4005 2704 4044 omnes
2729 3988 2921 4057 Iudici,
2950 3993 3141 4063 inquit,
3168 3997 3255 4065 qui
3266 3998 3382 4067 jam
3407 3999 3530 4053 olim

1940 4098 2020 4136 me
2045 4091 2307 4137 nouerunt.
2348 4082 2414 4136 Et
2449 4096 2555 4137 non
2581 4082 2741 4147 dixit,
2767 4085 2936 4152 qualis
2963 4099 3059 4139 sua
3087 4087 3229 4151 vita;
3276 4088 3373 4142 sed
3408 4089 3529 4143 ἰΗυο

1942 4190 2061 4228 rum
2080 4173 2426 4228 conscientias
2454 4173 2727 4242 relinquit.
2771 4185 2825 4229 et
2864 4184 3032 4229 totum
3065 4177 3117 4230 in
3148 4188 3349 4233 sectam
3396 4182 3525 4249 reji.

1938 4271 2011 4323 cit
2041 4286 2055 4322 :
2085 4267 2209 4321 hinc
2232 4265 2523 4320 ostendens
2564 4281 2625 4320 se
2652 4280 2758 4319 non
2788 4266 2932 4319 illam
2962 4267 3295 4323 delccturmn
3337 4272 3521 4341 fuisse,

1938 4361 1982 4413 si
2010 4360 2180 4414 malus
2200 4357 2390 4413 fuisset
2411 4366 2466 4411 et
2486 4355 2777 4426 improbus.
2808 4356 2911 4411 Pro
2938 4368 3081 4411 secta
3114 4359 3275 4429 igitur
3296 4360 3413 4428 hac,
3442 4366 3528 4418 iu-

1937 4452 2071 4522 quit,
2095 4460 2178 4506 sto
2189 4449 2446 4520 judicium
2472 4447 2710 4503 subiens.
2729 4447 2853 4502 llaec
2876 4448 2944 4502 ab
2969 4448 3077 4504 illis
3097 4466 3310 4521 quoque
3335 4452 3523 4509 defen-

1936 4542 2101 4609 ditur,
2117 4552 2333 4613 propter
2353 4539 2490 4594 hanc
2512 4546 2816 4608 precantur,
2837 4548 3055 4608 propter
3072 4538 3213 4595 hanc
3244 4541 3408 4597 Deum
3427 4560 3519 4598 Co-

1938 4638 2072 4699 ιιιηι,
2103 4647 2161 4691 ιιι
2181 4636 2318 4690 hanc
2332 4638 2726 4702 consequantur
2756 4649 2769 4686 :
2802 4630 2942 4687 hanc
2971 4647 3071 4702 ego
3096 4637 3356 4691 annuntio
3373 4645 3428 4691 et
3452 4637 3519 4694 de

1938 4728 2036 4783 hac
2046 4743 2142 4798 spe
2156 4741 2397 4782 accusor.
2409 4724 2549 4796 Ergo
2560 4723 2936 4780 insanientium
2949 4732 3053 4787 est,
3070 4726 3246 4779 omnia
3261 4725 3436 4782 facere
3452 4728 3518 4782 ad

1938 4819 2080 4873 illam
2099 4813 2510 4886 assequendam,
2523 4823 2714 4871 etcum
2730 4812 2819 4882 qui
2836 4813 2888 4865 in
2907 4812 3050 4867 illam
3064 4813 3233 4868 credit
3251 4819 3519 4887 persequi.

1940 4909 2073 4962 Mihi
2090 4916 2261 4961 autem
2274 4906 2435 4959 visum
2461 4914 2551 4971 est,
2578 4905 2767 4974 inquit,
2789 4902 3028 4958 adversus
3053 4920 3233 4957 nomen
3252 4904 3376 4959 Iesu
3400 4906 3513 4958 Να-

1937 5000 2112 5054 zareni
2132 5008 2362 5068 oportere
2379 4997 2549 5050 omnia
2569 4995 2825 5050 contraria
2852 4999 3020 5066 facere
3039 5012 3058 5060 ;
3086 4994 3136 5048 id
3153 5003 3254 5056 est,
3273 4995 3515 5052 Iudicavi

1941 5096 2054 5145 hate
2074 5088 2312 5144 facienda
2333 5102 2474 5153 esse,
2490 5088 2612 5156 quia
2632 5101 2736 5141 non
2753 5101 2900 5142 cram
2919 5100 2987 5141 ex
3003 5085 3277 5156 discipulis
3294 5086 3515 5153 Christi,

1939 5184 2031 5238 sed
2061 5198 2126 5238 ex
2159 5179 2593 5251 impugnautibus
2635 5194 2778 5233 eum.
2828 5178 2953 5234 Ideo
2993 5178 3098 5234 ﬁde
3135 5179 3326 5249 dignus
3370 5181 3520 5235 testis

1938 5285 2043 5338 est,
2073 5273 2197 5342 quia
2224 5271 2350 5326 dum
2379 5270 2547 5324 millia
2575 5267 2793 5334 faceret,
2842 5277 2901 5323 ut
2937 5267 3125 5323 ﬁdeles
3164 5270 3517 5340 impugnaret.

1938 5366 2064 5421 dum
2095 5363 2466 5433 blasphemare
2493 5360 2766 5427 suaderet,
2794 5360 3081 5430 omniaque
3102 5372 3361 5429 moveret,
3384 5364 3522 5418 civi-

1939 5468 2096 5523 tates,
2124 5455 2413 5526 principes,
2446 5464 2499 5509 et
2528 5467 2625 5522 per
2652 5452 2886 5522 seipsum
2918 5451 3033 5505 haec
3058 5451 3277 5519 faceret,
3320 5454 3397 5509 sic
3424 5454 3522 5510 de-

1941 5555 2160 5617 repente
2189 5555 2419 5600 mutatus
2440 5553 2540 5598 est.
2570 5542 2771 5597 Deinde
2797 5557 3009 5597 rursum
3034 5551 3217 5606 testes,
3249 5545 3336 5614 qui
3364 5547 3521 5603 simul

1942 5641 2163 5695 aderant
2196 5658 2211 5694 :
2238 5637 2434 5694 deinde
2462 5634 2695 5691 ostendit
2733 5649 2792 5691 se
2814 5635 2937 5705 jure
2964 5635 3277 5699 credidisse,
3319 5653 3348 5692 a
3380 5640 3517 5705 lucc,

1943 5748 1968 5785 a
1998 5731 2290 5802 pl'npltells,
2340 5730 2405 5786 ab
2435 5727 2734 5794 eventibus,
2778 5735 2834 5784 et
2878 5728 2945 5784 ab
2974 5728 3039 5784 iis
3066 5743 3183 5799 quae
3219 5744 3357 5784 nunc
3386 5727 3520 5784 facta
