4148 6152
566 302 681 361 Βῐδ

572 434 703 479 sunt
734 441 747 478 :
780 422 959 478 subdit
994 422 1138 478 enim
1172 441 1185 477 :
1220 420 1393 476 Media
1441 420 1522 473 die
1549 420 1602 473 in
1632 420 1732 485 via,
1778 428 1823 473 et
1867 417 1970 471 vidi
2012 416 2172 470 lucem

575 534 658 570 me
688 516 1177 586 circumfulgentem,
1209 524 1255 569 et
1299 530 1403 580 eos,
1454 514 1539 583 qui
1584 529 1779 567 mecum
1829 511 1990 566 ibunt.
2040 509 2172 564 Vide

576 622 726 678 ergo,
758 605 1030 676 quomodo
1059 614 1112 659 et
1142 620 1169 658 a
1200 603 1496 675 prophetis,
1529 612 1584 657 et
1615 602 1683 657 ab
1712 602 1818 668 his,
1851 600 1980 672 ipsis
2011 599 2165 655 fidem

573 700 754 754 faciat.
779 698 855 753 Ne
880 700 1023 754 enim
1049 697 1325 753 videretur
1347 698 1624 763 innovare,
1649 696 1749 751 etsi
1780 710 1969 765 magna
1991 693 2157 747 dicere

578 799 778 860 posset,
832 804 1045 845 rursum
1092 788 1159 843 ad
1211 787 1497 858 prophetas
1535 784 1790 857 confugit,
1825 793 1879 841 et
1925 785 2069 855 ipsos
2113 783 2160 835 is.

574 883 752 937 medio
799 883 972 954 ponit.
1016 882 1129 937 Hoc
1182 880 1286 936 fide
1339 880 1551 950 dignius
1594 889 1752 934 erat:
1786 887 1970 949 utpote
2022 874 2164 946 quod

573 990 719 1029 nunc
742 983 1032 1039 evenerat;
1065 973 1158 1029 sed
1190 973 1311 1044 quia
1358 972 1473 1041 ipse
1500 970 1648 1026 solus
1693 969 1920 1035 viderat,
1951 982 2163 1023 rursum

571 1082 601 1120 a
633 1066 909 1136 prophetis
939 1065 1242 1121 confirmat.
1272 1063 1338 1118 Et
1365 1062 1637 1133 perpende
1662 1062 1809 1115 illum
1838 1075 1944 1116 non
1972 1059 2161 1115 eodem

569 1157 737 1213 modo
768 1158 820 1212 in
844 1158 1066 1227 judicio,
1098 1166 1153 1212 et
1196 1157 1247 1211 in
1280 1156 1507 1210 ecclesia
1554 1155 1823 1209 disserere
1855 1172 1867 1206 :
1901 1167 2023 1207 nam
2054 1152 2161 1206 illic

571 1250 788 1319 quidem
821 1249 974 1315 dixit,
1007 1249 1320 1310 Occidistis;
1351 1247 1439 1302 hic
1468 1261 1596 1302 vero
1625 1246 1753 1300 nihil
1784 1246 1907 1311 tale,
1937 1259 2004 1299 ne
2042 1258 2157 1297 am-

572 1342 712 1411 plius
742 1340 977 1396 furorem
1009 1340 1381 1405 succenderet,
1413 1338 1505 1393 sed
1534 1338 1673 1393 idem
1700 1339 1872 1407 ipsum
1901 1335 2154 1403 ostendit,

568 1431 758 1487 dicens
787 1449 799 1484 :
836 1432 894 1486 Si
938 1431 1192 1503 passibilis
1234 1429 1483 1485 Christus.
1515 1429 1604 1484 Sic
1630 1429 1749 1483 illos
1773 1443 1804 1483 a
1835 1427 2060 1482 crimine
2091 1427 2157 1480 li-

569 1525 740 1581 herat.
789 1525 969 1595 Igitur,
1017 1523 1067 1578 id
1117 1523 1256 1594 quod
1302 1538 1403 1593 ego
1448 1521 1726 1585 annuntio,
1776 1536 1903 1575 num
1952 1521 2156 1590 primus

569 1625 903 1670 mortuorum
927 1615 1302 1680 resurrexerit,
1348 1612 1398 1667 id
1422 1627 1484 1667 ex
1511 1610 1785 1682 prophetis
1803 1611 2113 1665 demonstro
2137 1627 2151 1663 :

567 1726 691 1765 nam
727 1720 777 1764 et
820 1708 1097 1780 prophetze
1137 1709 1239 1763 hoc
1265 1706 1603 1761 annuntiant.
1642 1705 1824 1775 Itaque
1850 1717 2152 1759 sermonem

565 1818 742 1857 meum
774 1802 1020 1869 accipite,
1049 1811 1106 1855 ut
1126 1800 1215 1869 qui
1245 1808 1326 1854 est
1367 1799 1766 1869 prophetarum.
1810 1796 1943 1862 Quia
1973 1803 2150 1849 autem

563 1895 822 1949 visionem
854 1892 1078 1957 dixerat,
1116 1891 1330 1947 demum
1357 1905 1479 1945 cum
1507 1890 1752 1944 libertate
1781 1889 2034 1958 przeclara
2059 1902 2152 1957 gee

560 1994 642 2039 sta
674 1994 874 2038 narrat.
904 1984 1159 2051 Quaenam
1194 1982 1327 2035 illa?
1362 1979 1429 2035 Ut
1464 1980 1687 2050 aperias,
1735 1969 1923 2048 itiquit,
1956 1977 2147 2043 oculos,

559 2085 605 2130 et
633 2085 894 2129 convertas
918 2092 948 2127 a
990 2072 1203 2128 tenebris
1229 2072 1297 2125 ad
1336 2072 1518 2138 lucem,
1551 2081 1597 2125 et
1627 2088 1658 2125 a
1689 2079 1933 2140 potestate
1958 2080 2151 2123 satana:

556 2166 626 2220 ad
651 2166 838 2220 Deum.
871 2165 951 2218 Ad
977 2165 1071 2218 hoc
1099 2165 1254 2229 enim,
1289 2162 1477 2231 inquit,
1510 2161 1729 2231 apparui
1758 2160 1865 2227 tibi,
1912 2160 2013 2215 hoc
2042 2170 2145 2228 est,

558 2270 665 2311 non
691 2266 745 2309 ut
775 2254 1012 2323 puuiam,
1043 2253 1137 2308 sed
1165 2261 1222 2306 ut
1250 2250 1550 2321 apostolum
1577 2258 1630 2305 te
1662 2251 1876 2305 faciam.

628 2346 890 2401 Fidelium
920 2346 1049 2398 bona
1075 2359 1208 2413 quae.
1230 2372 1302 2385 --
1325 2342 1475 2406 Vide,
1508 2342 1646 2397 mala
1678 2358 1798 2413 quae
1839 2341 2146 2398 incredulos

558 2440 797 2494 detinent
830 2436 1086 2504 ostendit,
1135 2446 1373 2491 satanam
1418 2446 1470 2490 et
1514 2435 1801 2502 tenebras;
1835 2436 1974 2490 sicut
2017 2433 2145 2489 fide-

560 2534 687 2609 lium
718 2533 853 2587 bona
886 2541 1009 2585 sunt
1035 2531 1145 2597 lux,
1180 2530 1341 2597 Dens,
1371 2544 1490 2585 sors
1532 2538 1863 2586 sanctorum.
1909 2529 2020 2585 Nec
2058 2544 2146 2586 so-

556 2626 665 2678 lum
687 2624 752 2679 ad
778 2623 1146 2694 paenitentiam
1175 2622 1438 2690 hortatur,
1462 2621 1557 2678 sed
1580 2622 1646 2677 ad
1668 2622 1965 2678 mirabilem
1991 2636 2146 2692 agen-

554 2718 673 2771 dam
696 2717 878 2771 vitam.
907 2715 972 2770 Et
994 2714 1113 2770 vide
1137 2715 1331 2785 ubique
1351 2724 1538 2785 gentes
1559 2716 1792 2769 sermoni
1816 2714 2139 2784 permixtas;

556 2826 677 2864 nam
707 2809 797 2879 qui
845 2808 1087 2874 aderant,
1121 2823 1185 2863 ex
1216 2807 1467 2878 gentibus
1497 2817 1668 2861 erant.
1701 2807 2023 2877 Testiﬁcans,
2062 2809 2141 2862 in-

552 2901 687 2970 quit,
719 2910 823 2953 tum
853 2916 1006 2969 parvo
1034 2909 1138 2953 tum
1168 2915 1372 2968 magno.
1405 2898 1628 2968 Propter
1658 2898 1858 2953 milites
1886 2898 1957 2951 ita
1983 2898 2138 2953 dixit.

556 2990 759 3046 Deinde
776 2988 1116 3043 defendentis
1128 3004 1185 3043 se
1198 2989 1387 3043 ordine
1403 2986 1889 3052 dimisso,doctoris
1900 2988 2141 3043 ordinem

553 3083 759 3153 accepit
779 3100 792 3135 :
817 3080 938 3137 ideo
954 3080 1027 3135 ait
1052 3080 1241 3136 Festus
1259 3081 1332 3134 illi
1355 3098 1369 3135 :
1394 3080 1621 3134 Insanis.
1644 3078 1833 3135 Postea
1851 3095 1917 3134 ne
1932 3080 2144 3136 videre-

555 3188 640 3232 tur
671 3178 782 3247 ipse
802 3175 990 3231 doctor
1009 3188 1149 3238 esse,
1183 3173 1380 3229 inducit
1401 3172 1687 3243 prephetas
1707 3181 1762 3227 et
1782 3172 2017 3243 Moysen)
2040 3190 2053 3225 :
2080 3174 2141 3229 Si

554 3269 808 3339 passibilis
833 3310 848 3335 ,
892 3267 1063 3338 inquit
1083 3308 1096 3331 ,
1140 3266 1384 3331 Christus,
1417 3265 1463 3319 si
1486 3264 1680 3335 primus
1700 3280 1761 3319 ea:
1780 3266 2142 3320 resurrectione

551 3371 861 3417 mortuorum
891 3362 1051 3416 lucem
1080 3359 1474 3413 annuntiaturus
1503 3357 1566 3411 sit
1597 3358 1783 3427 populo
1811 3365 1858 3411 et
1885 3358 2132 3428 gentibus.

552 3453 736 3509 Festus
760 3469 944 3523 magna
976 3467 1093 3505 voce
1118 3450 1269 3505 dixit.
1314 3449 1403 3505 Sic
1446 3447 1642 3503 furoris
1669 3456 1726 3503 et
1750 3448 1843 3503 ira:
1868 3462 1971 3504 vox
2000 3458 2134 3505 erat.

618 3545 677 3600 ‘4.
712 3543 850 3610 Quid
878 3558 1008 3612 ergo
1039 3540 1279 3596 Paulus?
1327 3539 1448 3594 Non
1501 3548 1575 3594 est
1620 3542 1671 3594 in
1711 3541 1900 3612 angulo
1943 3550 2138 3612 gestum

553 3633 646 3687 hoc
673 3674 686 3697 ,
715 3633 810 3687 ait.
826 3631 933 3686 'llic
961 3630 1027 3686 de
1054 3645 1214 3685 cruce
1243 3630 1480 3700 loquitur
1508 3638 1562 3686 et
1587 3630 1654 3686 de
1700 3628 2133 3699 resurrectione,

553 3733 608 3778 et
632 3723 773 3794 quod
804 3723 995 3791 dogma
1031 3722 1225 3792 ubique
1254 3731 1517 3777 terrarum
1562 3724 1878 3794 pervaserit.
1926 3723 2132 3791 Credis,

553 3816 760 3885 inquit,
791 3831 883 3869 rex
910 3814 1160 3885 Agrippa.
1190 3811 1304 3868 Non
1347 3812 1518 3880 dixit,
1558 3812 1953 3869 Resurrectioni
1979 3854 1994 3879 ,
2041 3813 2159 3875 sed,

555 3904 847 3975 Prophetis.
878 3904 1079 3960 Deinde
1108 3912 1441 3973 prmoccupat
1465 3903 1614 3957 illum
1636 3944 1650 3966 ,
1680 3912 1734 3958 et
1769 3903 1899 3958 dicit
1928 3922 1939 3957 :
1972 3903 2093 3959 Scio
2115 3945 2131 3971 ,

551 3998 690 4067 quod
716 3997 897 4051 credis.
926 3996 1020 4052 Cui
1050 3996 1282 4066 Agrippa
1313 4013 1325 4048 :
1357 3994 1423 4049 In
1449 3997 1645 4050 modico
1672 3997 1796 4049 mihi
1821 3998 2002 4052 suades
2022 3998 2135 4067 ﬁeri

548 4087 913 4143 Christianum.
966 4087 1081 4144 Non
1132 4087 1395 4141 intellexit
1444 4086 1678 4155 Paulus,
1725 4088 1854 4158 quid
1912 4090 2017 4154 sit,
2066 4088 2132 4144 In

548 4180 784 4246 modico;
831 4178 924 4233 sed
976 4178 1180 4250 putavit
1220 4177 1322 4233 hoc
1364 4178 1704 4249 significare,
1752 4178 1833 4234 Ex
1873 4180 2127 4235 modico:

548 4271 669 4326 ideo
701 4272 779 4325 sic
808 4269 1136 4340 respondet;
1179 4270 1247 4325 ita
1294 4268 1453 4324 idiota
1494 4277 1635 4324 erat.
1684 4270 1751 4324 Et
1799 4285 1903 4325 non
1954 4270 2128 4337 dixit,

544 4360 779 4427 Vellem,
811 4360 905 4416 scd
924 4403 939 4428 ,
971 4357 1234 4431 Optarent,
1264 4377 1363 4415 non
1390 4361 1555 4415 solum
1582 4369 1649 4427 te,
1673 4361 1763 4414 sed
1784 4362 1931 4415 etiam
1959 4378 2132 4418 omnes

550 4455 833 4507 audientes.
864 4452 997 4507 Vide
1022 4452 1343 4506 adulationis
1372 4462 1647 4521 expertem
1674 4466 1999 4508 sermonem.
2018 4452 2129 4523 0p-

549 4554 707 4599 turem
730 4584 747 4610 ,
775 4543 977 4612 inquit,
1011 4543 1160 4595 hodie
1189 4558 1358 4595 omnes
1387 4543 1499 4609 ﬁeri
1522 4542 1654 4596 tales
1673 4583 1687 4606 ,
1719 4543 1885 4611 qualis
1907 4561 1998 4615 ego
2018 4560 2131 4599 sunt

547 4634 769 4705 exceptis
790 4633 1006 4686 vinculis
1032 4632 1131 4686 his.
1160 4631 1293 4687 Vide
1324 4651 1337 4685 :
1368 4632 1457 4701 qui
1485 4633 1747 4702 gloriatur
1769 4634 1827 4687 in
1861 4635 2086 4690 vinculis
2110 4678 2126 4703 ,

547 4726 639 4797 qui
670 4722 876 4795 profert
899 4723 987 4777 illa
1010 4723 1149 4777 sicut
1172 4732 1415 4777 catenam
1461 4737 1675 4777 auream
1702 4763 1717 4787 ,
1747 4724 1833 4779 illa
1862 4741 2002 4781 nunc
2029 4727 2129 4783 de-

547 4825 819 4889 precatur.
872 4814 940 4870 Et
993 4828 1060 4868 ne
1100 4814 1309 4868 mireris
1340 4830 1353 4867 :
1382 4812 1557 4868 adhuc
1608 4815 1751 4869 enim
1806 4816 2129 4875 infirmiores

548 4918 726 4976 erant,
750 4917 803 4963 et
828 4907 901 4961 illi
924 4914 1311 4975 attemperatus
1331 4920 1509 4962 sermo
1534 4916 1669 4962 erat.
1692 4906 1824 4963 Nam
1850 4910 1991 4980 quod
2015 4911 2127 4967 vin-

547 5003 667 5056 cuia
692 4999 869 5070 magni
904 4998 1139 5064 faceret,
1168 4998 1288 5053 vide
1333 5000 1602 5069 quomodo
1639 5001 1690 5055 in
1746 5002 2001 5073 Epistolis
2041 5006 2128 5062 illa

544 5110 765 5163 semper
797 5101 1071 5162 prmponat
1092 5092 1243 5159 aliis,
1275 5093 1460 5150 dicens
1492 5112 1504 5149 :
1548 5094 1743 5151 Paulus
1772 5098 1965 5153 vinctus
2005 5102 2127 5155 Jesn

548 5185 736 5243 Christi
760 5186 777 5255 (
802 5183 1074 5254 Ephes.3.
1113 5184 1208 5254 l);
1240 5194 1293 5239 et
1334 5197 1565 5252 rursum,
1610 5186 1736 5242 Ideo
1774 5186 2145 5258 circumposita-

548 5288 622 5333 est
641 5277 764 5331 mihi
790 5285 988 5341 catena,
1018 5274 1109 5330 sed
1134 5276 1335 5329 verbum
1370 5274 1460 5331 Dei
1481 5293 1581 5331 non
1612 5286 1683 5332 est
1710 5279 2015 5349 alligatum;
2052 5292 2128 5347 et,

554 5368 724 5440 Usque
748 5369 815 5422 ad
841 5368 1039 5423 vincula
1058 5366 1201 5438 quasi
1222 5366 1515 5439 malefactor
1536 5367 1767 5439 (Coloss.
1797 5370 1853 5424 4.
1896 5370 1949 5434 5,
1983 5381 2030 5424 et
2072 5370 2128 5437 ε,

550 5460 687 5517 Tim.
708 5460 766 5515 2.
789 5460 870 5529 9).
893 5458 1046 5523 Vide,
1075 5474 1177 5513 non
1202 5458 1359 5512 modo
1386 5458 1590 5514 vincula
1622 5462 1805 5529 ponit;
1852 5457 1943 5515 sed
1972 5461 2128 5516 etiam

552 5552 715 5616 Quasi
745 5552 1040 5621 ntalefactor
1068 5548 1294 5615 addidit,
1316 5564 1516 5619 augens
1535 5548 1864 5604 vinculorum
1887 5549 2128 5620 gloriam.

554 5642 762 5710 Duplex
788 5642 1128 5711 supplicium,
1151 5641 1294 5712 quod
1322 5643 1515 5711 ligatus
1561 5650 1746 5707 esset,
1798 5650 1854 5697 et
1893 5641 2037 5712 quod
2073 5654 2133 5700 ut

556 5732 884 5790 malefactor.
916 5733 1049 5791 Nam
1078 5738 1121 5788 si
1161 5738 1233 5791 ita
1271 5736 1515 5805 alligatus
1562 5734 1784 5803 fuisset,
1836 5742 1987 5811 quasi
2038 5760 2132 5813 pro

1318 303 1373 361 S.
1414 302 1689 361 JOANNIS
1726 297 2199 360 CllRYSOSTOMl
2238 298 2553 363 AllClllEP.
2594 301 3124 361 CONSTANTINOP.

3766 312 3871 368 εει

2278 413 2420 471 bono
2441 430 2609 485 opere
2632 457 2645 481 ,
2678 414 2910 488 aliquam
2939 418 3362 475 consolationem
3384 420 3691 490 habuisset;
3725 440 3872 482 nunc

2277 516 2458 561 autem
2490 517 2547 562 ut
2578 508 2924 576 malefactor,
2952 520 3005 565 et
3032 511 3183 581 quasi
3222 512 3274 566 in
3302 514 3631 583 gravissimis
3667 517 3869 587 depre-

2277 598 2477 653 hensus
2511 615 2524 651 :
2553 608 2608 655 et
2638 608 2812 655 tamen
2842 601 2974 655 nihil
3005 603 3119 657 haec
3146 603 3387 658 curabat.
3416 603 3562 660 Talis
3582 616 3666 662 est
3686 608 3869 663 anima

2272 688 2474 742 caelesti
2501 704 2685 746 amore
2720 690 2965 746 sublimis
2993 692 3203 747 effecta.
3238 692 3372 748 Nam
3420 696 3464 748 si
3510 696 3577 763 ii,
3621 699 3713 767 qui
3762 699 3870 755 hoc

2275 778 2416 847 turpi
2437 794 2622 835 amore
2643 779 2889 851 flagrant,
2922 780 3054 836 nihil
3083 791 3271 852 putant
3300 784 3383 838 vel
3427 785 3720 855 gloriosum
3771 789 3858 844 vel

2271 871 2562 940 pretiosum
2585 913 2600 939 ,
2632 873 2729 929 sed
2753 888 2815 929 ea
2846 873 3053 942 solum,
3085 890 3204 946 quae
3252 878 3699 947 concupiscentia:
3743 895 3864 936 sua

2270 963 2533 1021 inservire
2562 975 2817 1036 possunt,
2848 966 3084 1037 gloriosa
3117 977 3171 1022 et
3200 968 3434 1038 pretiosa
3467 970 3713 1040 judicant
3734 1012 3753 1038 ,
3802 984 3863 1027 et

2269 1058 2469 1111 amasia
2500 1058 2556 1113 fit
2583 1060 2661 1113 eis
2690 1062 2868 1114 omnia
2900 1076 2913 1112 :
2940 1060 3109 1115 multo
3139 1062 3308 1131 magis
3330 1063 3363 1115 ii
3386 1104 3401 1128 ,
3429 1064 3519 1133 qui
3547 1062 3649 1118 hoc
3670 1079 3861 1120 amore

2266 1153 2407 1221 capti
2431 1161 2589 1218 sunt,
2618 1152 2770 1207 nihili
2795 1152 2995 1208 faciunt
3018 1155 3273 1223 pretiosa.
3299 1154 3451 1221 Quod
3478 1156 3521 1209 si
3561 1155 3702 1212 dicta
3745 1172 3858 1212 non

2268 1242 2652 1313 intelligamus,
2678 1244 2810 1298 nihil
2835 1244 3027 1299 mirum
3055 1261 3069 1299 :
3097 1245 3150 1299 in
3178 1243 3279 1299 hac
3300 1247 3497 1315 quippe
3509 1247 3850 1318 philosophia

2264 1333 2496 1403 imperiti
2526 1350 2730 1389 sumus.
2756 1335 2809 1390 Si
2834 1336 2953 1405 quis
2975 1335 3117 1390 enim
3161 1336 3281 1407 igne
3319 1334 3521 1392 Christi
3565 1340 3811 1408 copiatur
3840 1382 3857 1407 ,

2265 1428 2385 1483 talis
2410 1427 2639 1483 efficitur
2657 1470 2672 1496 ,
2699 1428 2870 1498 qualis
2901 1427 3063 1484 fuerit
3084 1428 3245 1485 homo
3264 1429 3410 1485 solus
3435 1430 3488 1485 in
3528 1440 3669 1486 terra
3692 1430 3853 1488 habi-

2263 1532 2380 1578 tans
2411 1540 2425 1577 :
2452 1524 2530 1578 sic
2555 1523 2688 1578 nihil
2715 1533 2886 1586 curat,
2909 1539 3017 1579 non
3043 1524 3292 1594 gloriam,
3324 1538 3430 1578 non
3458 1524 3806 1595 ignominiam
3830 1543 3845 1592 ;

2260 1616 2355 1671 sed
2386 1617 2523 1672 sicut
2548 1618 2593 1671 is
2613 1659 2628 1684 ,
2657 1618 2747 1687 qui
2797 1617 2944 1672 solus
2964 1617 3229 1672 habitaret
3253 1659 3267 1682 ,
3299 1617 3568 1673 neminem
3598 1630 3851 1687 curaret,

2258 1707 2336 1763 sic
2359 1708 2627 1764 neminem
2659 1708 2747 1764 ille
2771 1718 2945 1763 curat.
2972 1708 3322 1764 Tentationes
3347 1718 3560 1775 autem,
3596 1710 3805 1781 ﬂagella
3832 1752 3852 1779 ,

2257 1815 2505 1855 carceres
2536 1801 2607 1856 ita
2638 1800 2970 1866 contemnit,
3000 1816 3063 1856 ac
3090 1800 3135 1857 si
3175 1802 3229 1856 in
3257 1801 3433 1858 alieno
3471 1816 3699 1873 corpore
3735 1803 3855 1861 haec

2258 1900 2563 1961 pateretur,
2589 1901 2644 1946 et
2674 1908 2737 1947 ac
2761 1892 2807 1949 si
2836 1892 3183 1949 adamantino
3218 1902 3364 1949 esset
3384 1909 3644 1965 corpore;
3669 1910 3734 1951 ea
3754 1911 3853 1951 au-

2257 1990 2387 2045 tem,
2420 1997 2540 2051 quae
2567 1982 2749 2037 suavia
2776 1981 2829 2036 in
2862 1982 2963 2037 hac
2987 1981 3094 2037 vita
3116 1991 3262 2049 sunt,
3284 1982 3354 2038 ita
3381 1983 3612 2051 deridet,
3644 1994 3698 2041 et
3720 2000 3847 2055 erga

2255 2072 2345 2127 illa
2378 2073 2703 2128 insensibilis
2733 2083 2816 2128 est
2836 2114 2851 2140 ,
2885 2082 2944 2129 ut
2970 2087 3068 2129 nos
3094 2088 3218 2144 erga
3244 2083 3452 2130 mortua
3480 2088 3728 2145 corpora,
3761 2076 3849 2131 vel

2253 2178 2317 2218 ac
2337 2164 2493 2233 slipsi
2518 2165 2711 2219 mortui
2740 2164 2928 2219 simus.
2948 2163 3177 2219 Tantum
3203 2178 3364 2233 porro
3389 2164 3563 2231 abest,
3582 2172 3641 2219 ut
3664 2164 3849 2235 aliquo

2252 2254 2444 2310 affectu
2474 2256 2736 2325 capiatur,
2769 2264 3026 2325 quantum
3056 2270 3247 2310 aurum
3294 2256 3417 2326 igne
3462 2256 3751 2325 probatum
3789 2266 3848 2313 et

2254 2364 2445 2421 purum
2472 2364 2501 2403 a
2528 2348 2777 2404 sordibus
2812 2347 3039 2403 liberum
3069 2356 3171 2403 est.
3203 2347 3354 2403 Sicut
3383 2348 3527 2403 enim
3555 2365 3755 2405 muscae
3788 2352 3844 2405 in

2251 2440 2481 2496 mediam
2514 2440 2780 2496 flammam
2824 2454 2932 2494 non
2975 2438 3301 2506 inciderint,
3338 2437 3435 2493 sed
3482 2438 3731 2509 fugiunt:
3764 2440 3845 2495 sic

2252 2546 2351 2587 nec
2369 2530 2536 2585 animi
2558 2529 2783 2584 allectus
2811 2530 2878 2584 ad
2922 2528 3063 2584 hunc
3090 2530 3265 2600 ignem
3309 2528 3570 2585 accedere
3610 2530 3838 2585 audent.

2250 2624 2319 2679 Et
2342 2623 2535 2679 horum
2558 2623 2753 2679 vellem
2784 2622 3028 2692 exempla
3071 2637 3135 2676 ex
3180 2620 3336 2677 nobis
3373 2620 3501 2691 ipsis
3550 2621 3792 2691 proferre
3822 2639 3841 2689 ;

2249 2714 2371 2785 quia
2393 2728 2523 2770 vero
2546 2713 2734 2782 inopes
2756 2727 2962 2779 sumus,
2994 2726 3213 2767 necesse
3236 2720 3356 2777 est,
3392 2724 3448 2766 ut
3468 2711 3535 2767 ad
3561 2713 3710 2767 illum
3759 2713 3841 2783 ip—

2248 2822 2365 2862 sum
2384 2806 2771 2875 confugiamus.
2796 2804 2929 2860 Vide
2950 2814 3149 2870 autem,
3172 2805 3443 2876 quomodo
3466 2805 3555 2860 ille
3579 2806 3692 2876 ipse
3712 2822 3842 2877 erga

2250 2906 2420 2954 totum
2443 2896 2701 2952 mundum
2723 2895 2945 2952 affectus
2956 2905 3121 2951 esset.
3154 2894 3287 2950 Mihi
3314 2896 3535 2950 mundus
3561 2898 3842 2965 cruciﬁxus

2247 3000 2349 3057 est,
2380 2992 2573 3063 inquit,
2606 3000 2652 3047 et
2680 3007 2771 3062 ego
2797 2992 2987 3045 mundo
3020 2989 3175 3062 (Gal.
3206 2990 3260 3046 6.
3296 2991 3433 3062 M);
3461 2992 3511 3046 id
3535 3001 3648 3057 est,
3680 2993 3831 3049 Mor-

2246 3093 2370 3141 tuus
2390 3100 2507 3141 sum
2534 3083 2753 3150 mundo,
2774 3094 2827 3138 et
2848 3083 2937 3138 ille
2957 3082 3087 3137 mihi
3110 3091 3353 3137 mortuus
3370 3092 3471 3138 est.
3494 3083 3558 3137 Et
3574 3100 3787 3140 rursum
3814 3100 3831 3137 :

2258 3175 2380 3230 Vivo
2405 3185 2572 3230 autent
2589 3177 2704 3244 jam
2733 3189 2835 3228 non
2866 3189 2977 3244 ego,
3002 3172 3119 3226 vivit
3139 3188 3254 3227 vero
3269 3172 3323 3226 in
3344 3189 3422 3226 me
3457 3172 3688 3228 Christus
3714 3173 3766 3245 (1
3772 3175 3830 3229 d.

2244 3267 2298 3321 2.
2332 3265 2467 3338 ΞΟ).
2502 3266 2627 3321 Hmc
2646 3265 2826 3321 dicere
2845 3264 3014 3319 solius
3039 3273 3122 3318 est
3145 3263 3316 3319 Pauli.
3360 3263 3467 3319 Nos
3515 3276 3697 3320 autem
3742 3268 3835 3337 qui

2248 3367 2452 3413 tantum
2474 3357 2541 3413 ab
2570 3357 2664 3412 illo
2695 3356 2972 3423 absumus,
3004 3363 3259 3426 quantum
3281 3357 3469 3411 caelum
3492 3371 3521 3409 a
3546 3365 3709 3423 terra,
3734 3372 3837 3414 nos

2244 3449 2638 3505 abscondamus
2677 3463 2742 3504 ac
2781 3463 2954 3519 neque
2992 3462 3055 3505 os
3089 3448 3301 3518 aperire
3333 3448 3649 3504 audeamus.
3676 3449 3835 3518 Quod

2242 3552 2419 3597 autem
2448 3541 2597 3612 quasi
2621 3541 2673 3596 in
2704 3540 2993 3595 solitudine
3031 3548 3203 3607 esset,
3238 3549 3292 3595 et
3333 3540 3412 3595 sic
3443 3542 3725 3609 praesentia
3754 3556 3835 3597 re-

2241 3633 2475 3702 spiceret
2498 3672 2513 3697 ,
2541 3632 2662 3686 audi
2695 3631 2843 3685 illum
2880 3631 3190 3687 dicentem:
3224 3630 3346 3685 Non
3388 3631 3828 3687 considerantibus

2243 3723 2384 3778 nobis
2413 3738 2526 3791 qua:
2553 3722 2804 3788 videntur,
2834 3721 2925 3775 sed
2948 3736 3061 3791 qua:
3090 3737 3191 3775 non
3219 3722 3454 3776 videntur
3491 3722 3582 3794 (2.
3617 3722 3737 3778 Cor.
3768 3726 3826 3779 4.

2242 3816 2354 3885 18).
2378 3814 2514 3883 Quid
2532 3813 2703 3868 dicis?
2731 3813 2887 3884 Atqui
2920 3822 3105 3869 contra
3136 3828 3297 3884 quam
3327 3814 3462 3869 dicis
3484 3857 3499 3880 ,
3531 3829 3618 3870 res
3645 3830 3706 3872 se
3734 3816 3831 3873 ha-

2240 3907 2331 3963 bet
2359 3926 2373 3961 :
2406 3922 2530 3961 nam
2560 3906 2843 3961 invisibilia
2870 3922 2978 3960 non
3008 3905 3251 3961 videmus
3273 3947 3289 3971 ,
3318 3916 3371 3961 et
3405 3906 3635 3963 visibilia
3677 3909 3829 3965 vide-

2240 4010 2380 4051 mus.
2439 3995 2636 4064 Quales
2688 3995 2923 4051 babebas
2974 3996 3194 4062 oculos,
3253 3997 3391 4052 tales
3442 4007 3599 4063 sunt,
3645 4000 3739 4069 qui
3793 4017 3825 4056 a

2237 4087 2455 4143 Christo
2487 4085 2596 4142 dati
2630 4088 2809 4142 :sicut
2831 4086 2975 4142 enim
3002 4086 3053 4141 hi
3077 4086 3304 4141 visibilia
3344 4086 3558 4157 quidem
3600 4089 3822 4158 vident,

2239 4177 2521 4233 invisibilia
2566 4192 2698 4233 vero
2745 4193 2851 4232 non
2894 4176 3078 4232 vident
3109 4194 3122 4231 :
3151 4177 3229 4232 sic
3275 4177 3350 4233 illi
3394 4186 3583 4233 contra
3616 4198 3633 4236 :
3662 4196 3825 4237 nemo

2237 4268 2327 4338 qui
2355 4266 2638 4323 invisibilia
2670 4268 2866 4334 videat,
2900 4267 3129 4322 visibilia
3155 4266 3335 4335 videt;
3365 4284 3524 4325 nemo
3550 4272 3641 4341 qui
3687 4274 3822 4329 visi-

2238 4361 2364 4417 bilia
2383 4360 2582 4428 videat,
2608 4360 2892 4416 invisibilia
2921 4358 3087 4416 videt.
3117 4360 3312 4416 Annon
3344 4363 3506 4417 etiam
3538 4362 3679 4433 apud
3725 4380 3827 4421 nos

2238 4453 2341 4508 hoc
2369 4451 2470 4507 fit?
2498 4450 2725 4520 Quando
2749 4452 2893 4507 enim
2926 4466 3185 4509 conversa
3215 4463 3397 4509 mente
3426 4469 3492 4509 ex
3538 4455 3823 4513 invisibili-

2235 4544 2337 4601 bus
2359 4543 2557 4613 aliquid
2581 4544 2899 4613 cogitamus,
2928 4543 3188 4600 sublimes
3215 4546 3369 4602 nobis
3396 4558 3524 4602 sunt
3551 4550 3824 4619 operatio-

2235 4650 2363 4690 num
2402 4634 2565 4689 oculi.
2613 4633 3032 4691 Contemnamus
3086 4634 3345 4707 gloriam;
3391 4636 3557 4692 rideri
3601 4640 3812 4709 magis,

2235 4742 2396 4798 quam
2428 4726 2633 4781 laudari
2666 4726 2912 4781 velimus.
2942 4725 3075 4781 Nam
3108 4726 3198 4797 qui
3230 4726 3519 4793 irridetur,
3552 4728 3687 4783 nihil
3724 4729 3821 4785 la:-
3882 4762 3889 4767 ο

2234 4819 2410 4885 ditur;
2441 4818 2530 4888 qui
2560 4817 2830 4885 laudatur,
2856 4818 3104 4873 multum.
3130 4817 3210 4873 Ne
3239 4824 3415 4889 magni
3445 4819 3704 4875 faciamus
3735 4836 3823 4885 ea,

2236 4926 2355 4981 qua:
2386 4909 2633 4965 homines
2661 4918 2893 4974 terrent;
2927 4904 3019 4960 sed
3038 4906 3187 4961 deiis
3209 4907 3685 4979 utdepnerililusu
3719 4924 3823 4966 tra-

2235 5014 2475 5057 ctemus:
2506 5015 2680 5072 neque
2706 4999 2870 5066 enim,
2891 5000 2934 5053 si
2960 5014 3118 5070 quem
3142 5000 3419 5056 videamus
3448 5002 3701 5071 puerulos
3730 5018 3824 5057 ex-

2237 5101 2528 5149 terrentem
2555 5134 2571 5159 ,
2604 5091 2777 5161 ipsum
2806 5090 3135 5146 admiramur
3165 5109 3178 5145 :
3210 5108 3333 5147 nam
3361 5094 3603 5163 quisquis
3633 5102 3823 5166 terret,

2241 5184 2492 5243 puerulos
2522 5191 2688 5238 terret
2715 5198 2730 5248 ;
2760 5181 2932 5237 virum
2964 5198 3194 5253 namque
3237 5194 3442 5240 terrere
3479 5201 3586 5240 non
3627 5188 3822 5257 possit.

2238 5276 2306 5331 Et
2332 5274 2783 5345 quemadmodum
2810 5276 2899 5344 qui
2926 5283 3150 5339 terrent,
3179 5275 3265 5330 vel
3311 5277 3600 5347 supercilia
3648 5280 3824 5333 surri-

2236 5377 2399 5439 gunt,
2428 5366 2512 5421 vel
2542 5365 2697 5419 aliter
2727 5365 2929 5419 vultum
2953 5363 3328 5435 distorquent;
3360 5375 3415 5420 at
3444 5367 3489 5420 si
3538 5382 3728 5421 sanum
3772 5379 3831 5423 et

2239 5468 2573 5513 mansuetum
2595 5456 2808 5513 oculum
2827 5455 3077 5521 habeant,
3106 5455 3205 5511 hoc
3233 5457 3411 5512 facere
3438 5472 3543 5511 non
3577 5457 3786 5527 possint
3812 5478 3826 5513 :

2239 5550 2317 5605 sic
2342 5557 2398 5603 et
2428 5546 2975 5618 hi,perspicacitatem
3005 5547 3199 5602 mentis
3229 5546 3631 5618 distorquentes
3650 5588 3667 5612 ,
3721 5548 3829 5605 hoc

2240 5642 2463 5699 faciunt.
2488 5641 2669 5711 Itaque
2699 5649 3033 5697 mansuetum
3063 5639 3333 5695 hominem
3364 5651 3419 5696 et
3446 5640 3601 5697 bona:
3626 5639 3828 5696 anima

2247 5761 2403 5801 nemo
2428 5753 2664 5803 ouem:
2686 5786 2702 5811 ,
2730 5735 2826 5791 sed
2855 5734 3000 5789 illum
3027 5748 3345 5789 veneramur
3388 5747 3605 5801 omnes,
3652 5730 3823 5788 hono-
