4086 6164
360 367 470 422 563

356 483 578 538 δύναιτο
617 480 822 550 φοϐεῖν.
873 477 983 532 Kal
1039 473 1294 544 καθάπερ
1349 473 1397 526 οἰ
1452 466 1883 539 ἐκφοϐοῦντεςῆ
1938 466 2038 529 τὰς

363 568 692 641 βλεφαρίδας
718 566 971 627 ἕλκοντες
997 561 1128 625 ἄνω,
1152 559 1185 630 ἦ
1210 559 1383 621 ἄλλως
1404 557 1466 610 τὸ
1488 555 1777 627 πρόσωπον
1801 553 2041 625 διαστρέο

362 672 556 726 φοντες
581 652 744 706 τοῦτο
763 649 1012 703 ποιοῦσιν
1032 691 1047 713 ,
1083 647 1318 715 ὑγιεινὸν
1358 644 1417 698 δὲ
1460 643 1677 714 ἔχοντες
1714 642 1806 695 κα¹ι
1833 641 2040 711 ἥμερον

359 745 433 798 τδ
457 744 630 813 ὄμμα,
661 740 762 792 οὐκ
806 737 870 792 ἂν
912 736 1165 791 δύναιντο
1193 735 1351 790 τοῦτο
1380 731 1628 800 ποιῆσαι
1662 728 1808 782 οὕτω
1837 728 1902 799 δὴ
1947 731 2041 782 καὶ

360 824 529 891 οὗτοι,
563 829 625 882 τὸ
650 823 960 898 διορατικδν
993 822 1092 893 τῆς
1125 820 1365 882 διανοίας
1404 816 1849 889 διαστρέφοντες,
1885 814 2046 867 τοῦτο

361 915 627 969 ποιοῦσιν.
653 913 818 966 Ὥστε
843 910 1055 982 ἥμερόν
1077 925 1143 978 γε
1163 905 1450 976 ἄνθρωπον
1475 904 1572 958 καί
1607 902 1770 956 καλὸν
1800 904 1869 974 τῇ
1895 901 2041 971 ψυχῇ

361 1003 540 1066 οὐδεὶς
570 1001 637 1055 ἂν
684 997 973 1070 φοϐηθείη,
1007 996 1124 1050 ἀλλ’
1152 992 1454 1064 αἰδούμεθα
1486 992 1709 1055 πάντες,
1758 989 2040 1060 τιμῶμεν,

362 1087 756 1162 ἐντρεπόμεθα.
791 1086 904 1157 Οὐχ
943 1084 1128 1156 ὁρᾶτε,
1173 1081 1289 1145 πῶς
1332 1083 1362 1134 6
1401 1078 1635 1150 φοϐερὸς
1678 1077 1773 1132 καί¹
1816 1075 2045 1148 μισητός

363 1178 480 1231 ἐστι
512 1176 608 1230 καί
632 1177 797 1229 πᾶσιν
824 1176 958 1243 ἡμῖν
984 1169 1258 1233 ἀπευκτός
1283 1187 1299 1237 ;
1328 1167 1394 1222 Τί
1422 1168 1528 1240 γὰρ
1563 1164 1715 1238 [595]
1752 1164 1861 1219 τῶν
1882 1164 2044 1217 δυνα-

366 1263 542 1337 μένων
584 1262 770 1333 φοϐεῖν
808 1261 966 1332 μόνον
999 1259 1101 1312 οὐκ
1143 1254 1633 1328 ἀποστρεφόμεθας
1682 1255 1806 1324 οὐχ).
1846 1251 2042 1337 θηρία,

364 1332 487 1422 οὐχὶ
522 1332 726 1421 φωνὰς,
751 1350 871 1419 οὐχὶ
901 1348 1073 1417 ὄψεις,
1103 1346 1225 1416 ούχί
1252 1343 1475 1408 τόπους,
1506 1342 1628 1411 ούχί
1650 1340 1812 1412 ἀέρα,
1848 1332 1960 1400 οἷον
1986 1337 2047 1391 τὸ

272 1478 276 1495 .
371 1442 563 1503 σκότος
587 1455 603 1504 ;

436 1548 499 1596 ε’.
520 1540 612 1611 Μὴ
627 1539 690 1610 δὴ
708 1538 848 1610 μέγα
865 1535 1195 1607 νομίζοιμεν,
1210 1534 1259 1587 εἰ
1278 1531 1374 1588 ἄνθ
1382 1548 1554 1604 ρωποι
1570 1530 1860 1601 φοϐοῦνται
1876 1529 2043 1599 ἡμᾶς.

366 1632 591 1703 Πρῶτον
637 1629 736 1701 μέν
770 1628 880 1698 γὰρ
911 1626 1086 1689 οὐδεὶς
1124 1624 1271 1694 ἡμᾶς
1300 1623 1591 1693 ἄνθρωπος
1631 1617 2049 1703 πτοεῖταιχδεύ-

364 1700 543 1789 τερον,
571 1700 753 1770 τὺκαί
783 1712 1149 1783 πτοουμένους
1182 1712 1331 1781 ἡμᾶς
1384 1709 1459 1778 μὴ
1506 1708 1650 1779 μέγα
1691 1706 1852 1760 τοῦτο
1884 1700 2043 1758 εἶναι.

366 1806 526 1874 Μέγα
572 1803 776 1873 ἀγαθὸν
817 1804 851 1872 ἡ
884 1802 1075 1871 ἀρετή·
1123 1798 1219 1852 καὶ
1263 1800 1365 1870 ὅρα
1419 1796 1534 1859 πῶς
1569 1794 1731 1865 μέγα.
1761 1792 1959 1846 Ἀθλια
1982 1791 2050 1844 τὰ

369 1895 674 1965 πράγματα
719 1891 1035 1961 νομίζοντες
1057 1928 1071 1952 ,
1107 1890 1174 1942 δι’
1208 1881 1282 1941 ὦν
1332 1886 1683 1954 συνέστηκεν,
1713 1882 1883 1952 αὐτὴν
1923 1880 2051 1933 θαυ-

370 1979 619 2050 μάζομεν
653 1979 746 2031 καὶ
789 1976 1190 2049 μακαρίζομεν.
1231 1977 1273 2027 Τ
1281 1974 1326 2038 ίς
1353 1975 1462 2044 γὰρ
1493 1972 1594 2024 οὐκ
1627 1971 1693 2024 ἂν
1725 1968 2051 2040 μακαρίσειε

363 2067 457 2119 τὸν
490 2065 815 2134 φιλόσοφον,
872 2063 1054 2118 καίτοι
1106 2062 1288 2123 πενία,
1324 2061 1420 2113 καὶ
1465 2060 1566 2113 ὅσα
1610 2054 1855 2120 τοιαῦτα,
1892 2052 2050 2108 ἄθλια

366 2148 509 2207 εἶναι
549 2153 731 2218 δοκεῖ;
767 2152 936 2204 Ὅταν
963 2145 1056 2204 οὖν
1089 2149 1181 2203 διὰ
1210 2148 1318 2201 τῶν
1347 2145 1550 2221 ἀθλίων
1577 2140 1720 2198 εἶναι
1749 2142 2051 2197 δοκούντων

364 2240 580 2311 λάμπῃ,
604 2226 707 2310 ἄρα
722 2237 821 2308 τήν
843 2239 942 2290 ὑπε
951 2237 1170 2309 ρϐολήν.
1198 2237 1359 2304 Μέγα
1379 2235 1598 2305 φρονεῖς
1625 2231 1720 2286 ἐπὶ
1739 2229 2047 2301 δυναστείᾳ,

369 2328 626 2398 ἄνθρωπε
651 2346 666 2394 ;
701 2327 811 2380 Kal
841 2327 970 2379 ποία
995 2324 1308 2388 δυναστεία,
1342 2323 1464 2376 εἰπέ
1489 2337 1602 2391 μοι,
1627 2317 2047 2391 ἐχειροτονήθη;

368 2415 528 2485 Παρά
555 2413 861 2485 ἀνθρώπων
897 2412 1084 2482 ἐγένου
1115 2409 1342 2474 δυνατός
1366 2427 1380 2440 ·
1416 2407 1629 2462 ἔνδοθεν
1676 2404 2050 2478 χειροτόνησον

368 2506 619 2557 σεαυτόν.
671 2504 890 2573 ’Ἄρχων
923 2502 1032 2572 γὰρ
1070 2501 1170 2571 οὐχ
1201 2503 1230 2552 6
1276 2498 1610 2569 καλούμενός
1654 2498 1830 2562 ἐστιν,
1875 2494 1992 2549 ἀλλ’
2023 2494 2051 2546 ὁ

366 2587 466 2643 ῶν.
495 2589 707 2659 Ὥσπερ
736 2589 846 2659 γὰρ
887 2587 1068 2658 ἰατρὸν
1097 2587 1197 2639 οὐκ
1246 2584 1311 2639 ἂν
1343 2585 1590 2655 ποιήσειε
1634 2582 1887 2655 βασιλεὺς
1930 2580 2051 2634 οὐδὲ

368 2675 594 2747 ῥήτορα,
624 2672 800 2736 οὕτως
823 2673 944 2726 οὑδέ
972 2674 1227 2745 ἄρχονταο
1259 2672 1322 2724 οὐ
1344 2671 1454 2743 γὰρ
1474 2668 1543 2723 τὰ
1570 2668 1877 2742 γράμματα
1910 2668 2053 2720 ποιεῖ

366 2763 603 2835 ἄρχοντα
623 2803 640 2829 ,
672 2762 795 2816 οὐδὲ
823 2763 884 2815 τὸ
912 2763 1103 2832 ὄνομα.
1150 2761 1326 2827 Ἐπεὶ,
1362 2760 1412 2814 εἰ
1442 2757 1655 2830 βούλει,
1702 2754 2052 2826 οἰκοδομεῖτω

364 2867 449 2915 τις
488 2852 742 2923 ἰατρεῖον,
777 2849 955 2921 ἐχέτω
1001 2849 1097 2902 xal
1149 2849 1423 2921 μαθητὰς,
1479 2846 1652 2918 ἐχέτω
1701 2845 1797 2898 καί
1844 2844 2051 2916 ὄργανα

368 2939 461 2991 καὶ
489 2939 780 3010 φάρμακα,
813 2936 907 2989 καὶ
954 2935 1142 2988 εἰσίτω
1188 2934 1326 3006 πρὸς
1375 2934 1503 2996 τοὺς
1557 2932 1906 3004 κάμνοντας·
1941 2925 2050 2999 ἆρα

366 3031 526 3101 ἀρκεῖ
559 3026 732 3079 ταῦτα
765 3025 988 3094 ποιῆσαι
1037 3023 1257 3093 ἰατρόν;
1305 3021 1571 3091 Οὐδαμῶς
1595 3037 1610 3052 ·
1649 3019 1786 3073 ἀλλά
1816 3019 1898 3071 δεῖ
1950 3022 2051 3090 τῆς

367 3116 585 3184 τέχνης,
621 3110 717 3164 καὶ
743 3110 945 3177 ταύτης
972 3110 1125 3172 ἄνευ,
1159 3109 1221 3160 οὐ
1257 3108 1416 3177 μόνον
1444 3106 1619 3159 ταῦτα
1641 3105 1797 3158 ούδέν
1827 3104 2047 3173 ὠφελεῖ,

370 3202 509 3255 ἀλλὰ
560 3199 658 3253 καί
713 3198 973 3269 βλάπτει·
1002 3196 1095 3249 τὸν
1131 3195 1241 3266 γὰρ
1281 3195 1384 3247 οὐκ
1436 3192 1619 3265 ἰατρὸν
1661 3192 1871 3264 βέλτιον
1917 3192 2052 3263 μηδέ

359 3289 510 3360 ἐχειν
541 3287 830 3357 φάρμακα.
875 3286 936 3339 '0
978 3285 1077 3356 μὲν
1114 3278 1207 3338 οὖν
1243 3281 1318 3353 μὴ
1351 3281 1489 3353 ἔχων
1542 3280 1668 3334 οὗτε
1722 3279 1884 3345 σώζει
1927 3279 2052 3334 οὔτε

364 3375 683 3443 ἀπόλλυσινο
716 3376 744 3427 6
790 3374 848 3427 δὲ
893 3373 1030 3444 ἔχων
1053 3411 1067 3436 ,
1105 3372 1400 3426 ἀπόλλυσιν
1426 3382 1476 3434 ι,
1521 3369 1624 3423 οὐκ
1663 3367 1860 3435 εἰδὼς,
1904 3369 2053 3432 ὅπως

367 3465 661 3535 χρήσηταιο
694 3463 883 3530 ἐπειδὴ
906 3464 1007 3516 οὐκ
1033 3464 1091 3515 ἐν
1120 3463 1187 3532 τῇ
1219 3458 1377 3529 φύσει
1399 3458 1507 3512 τῶν
1550 3459 1861 3529 φαρμάκων
1904 3459 2053 3512 ἐστὶν

368 3553 404 3622 ἡ
435 3551 680 3620 σωτηρία
716 3551 897 3622 μόνον,
928 3549 1066 3603 ἀλλὰ
1099 3549 1196 3603 καὶ
1227 3549 1284 3600 ἐν
1315 3550 1382 3618 τῇ
1427 3548 1593 3621 τέχνῃ
1626 3546 1720 3600 τοῦ
1751 3547 2053 3617 προσάγον-

367 3650 478 3696 τος·
504 3634 694 3687 τούτου
723 3635 833 3705 γὰρ
869 3632 945 3704 μὴ
983 3632 1155 3698 ὄντος,
1185 3632 1367 3685 πάντα
1402 3631 1747 3701 διέφθαρται.
1796 3630 2052 3696 Τοιοῦτος

369 3723 465 3775 καί
496 3723 525 3774 ὀ
548 3721 733 3791 ἄρχων
766 3721 934 3774 ἐστίν·
969 3720 1083 3792 ἔχει
1115 3719 1344 3791 ὄργανα,
1374 3721 1476 3791 τὴν
1504 3719 1715 3791 φωνὴν,
1737 3720 1830 3773 τὸν
1858 3719 2049 3791 θυμὸν,

367 3812 496 3875 τοὺς
525 3810 773 3880 δημίους,
812 3809 911 3873 τὰς
954 3809 1274 3881 ὑπερορίας,
1309 3810 1408 3872 τὰς
1436 3809 1603 3881 τιμὰς
1626 3849 1642 3874 ,
1690 3809 1791 3873 τὰς
1819 3807 2049 3879 δωρεὰς,

369 3902 497 3965 τοὺς
521 3900 795 3965 ἐπαίνουςο
832 3899 949 3970 ἔχει
979 3902 1075 3953 καὶ
1096 3901 1387 3971 φάρμακα,
1416 3898 1543 3963 τοὺς
1572 3899 1790 3969 νόμους’
1813 3898 1928 3967 ἔχει
1955 3898 2051 3951 καί

370 3989 698 4061 κάμνοντας,
743 3988 869 4052 τοὺς
904 3985 1271 4057 ἀνθρώπους
1299 3985 1409 4057 ἔχει
1444 3986 1829 4058 ἐργαστήριον,
1873 3985 1938 4038 τὸ
1973 3985 2050 4039 δι-

369 4075 687 4147 καστήριονο
719 4073 831 4145 ἔχει
866 4073 1138 4144 μαθητὰς,
1171 4073 1299 4137 τοὺς
1346 4071 1708 4143 στρατιώτας*
1746 4069 1814 4125 ἂν
1844 4065 1939 4124 οὖν
1969 4069 2045 4141 μὴ

370 4161 484 4234 εἰδῇ
511 4162 612 4233 τὴν
642 4161 956 4233 ἐπιστήμην
975 4160 1074 4232 τὴν
1112 4159 1391 4232 ἰατρικὴν,
1423 4158 1576 4213 οὐδὲν
1602 4157 1806 4212 τούτων
1835 4157 2046 4227 ὄφελος.

382 4248 440 4302 Ὀ
471 4248 730 4319 δικαστὴς
763 4248 948 4320 ἰατρὸς
985 4248 1176 4321 ψυχῶν
1219 4251 1391 4310 ἐστιν,
1428 4247 1550 4318 οὐχὶ
1585 4246 1879 4316 σωμάτων·
1908 4247 1956 4298 εἰ
1991 4244 2048 4297 δὲ

369 4334 508 4406 αῦτη
545 4337 579 4406 ή
625 4336 892 4407 σωμάτων
924 4336 1194 4407 τοσαύτης
1242 4335 1415 4390 δεῖται
1469 4333 1786 4405 ἐπιμελείας
1809 4372 1824 4399 ,
1870 4330 2051 4401 πολλῷ

371 4423 572 4494 μᾶλλον
599 4425 745 4495 ήτῆς
787 4423 987 4494 ψυχῆς,
1015 4423 1206 4493 ἐπειδὴ
1236 4424 1331 4478 καὶ
1358 4419 1558 4493 μείζων
1579 4421 1725 4491 ψυχὴ
1762 4420 2047 4491 σωμάτων.

368 4513 485 4566 Οὐκ
510 4510 619 4583 ἄρα
647 4511 707 4564 τὺ
735 4511 905 4582 δ.ομα
933 4511 1077 4580 ἐχειν
1115 4512 1374 4581 ἄρχοντος
1405 4508 1645 4578 ἄρχοντά
1688 4511 1837 4560 ἐστιν
1875 4502 2043 4560 εἶναι·

368 4597 491 4651 ἐπεὶ
517 4598 610 4651 καὶ
635 4597 781 4652 ἄλλοι
815 4597 1107 4651 καλοῦνται
1140 4597 1354 4666 μεγάλα
1377 4594 1637 4666 ὀνόματα·
1671 4589 1781 4647 οἷον
1814 4593 2046 4661 Παῦλος,

366 4685 599 4756 Πέτρος,
636 4682 916 4748 Ἰάκωϐος,
962 4683 1215 4753 Ἰωάννης
1240 4699 1254 4711 ⁸
1282 4682 1398 4735 ἀλλ’
1432 4681 1533 4733 οὐκ
1577 4680 1685 4733 ἀπὸ
1722 4680 1829 4734 τῶν
1860 4681 2051 4751 ὀνομά-

365 4787 474 4823 των
528 4769 666 4821 εἰσὶν
720 4768 865 4837 ἀπερ
918 4766 1253 4831 καλοῦνται,
1303 4766 1555 4836 καθάπερ
1594 4764 1716 4818 οὐδὲ
1763 4765 1894 4834 ἐγώ·
1931 4765 2046 4821 ἀλλ’

367 4856 487 4927 εἰμί
511 4855 604 4908 τοῦ
638 4856 911 4926 μακαρίου
951 4855 1048 4925 μέν
1078 4854 1289 4908 ἐκείνου
1321 4853 1644 4924 ὁμώνυμος,
1677 4853 1740 4906 οὺ
1789 4852 1897 4924 μὴν
1922 4870 2047 4907 συν-

366 4943 599 5015 ώνυμος·
636 4944 735 4997 οὐκ
778 4945 896 5014 εἰμί
933 4942 1209 5013 Ἰωάννης,
1242 4942 1377 4996 ἀλλά
1414 4941 1709 5012 καλοῦμαι.
1746 4939 1903 4995 Οὕτω
1946 4941 2048 4993 κάο

366 5035 537 5087 κεῖνοι
572 5033 673 5086 οὐκ
725 5034 865 5086 εἰσὶν
913 5031 1217 5103 ἄρχοντες,
1278 5030 1415 5085 ἀλλὰ
1457 5029 1771 5083 καλοῦνται.
1825 5029 1947 5082 Εἰσί
1990 5028 2047 5082 δέ

365 5119 561 5174 ἐκεῖνοι
587 5122 846 5190 ἄρχοντες
876 5120 969 5173 καί
994 5121 1162 5189 χωρὶς
1184 5121 1411 5180 τούτων,
1432 5117 1621 5189 ὥσπερ
1655 5118 1748 5171 καί
1776 5116 1959 5187 ἰατρὸς
1994 5115 2041 5181 δ,

366 5204 469 5259 κᾶν
504 5206 576 5276 μὴ
608 5207 804 5280 χρῆται
833 5208 898 5277 τῇ
926 5206 1225 5276 ἐπιστήμῃ,
1254 5205 1355 5278 ἐχῃ
1384 5204 1441 5258 δέ
1475 5205 1646 5274 αὐτὴν
1672 5205 1731 5255 ἐν
1761 5205 1828 5274 τῇ
1859 5202 2005 5273 ψυχῇ
2025 5243 2040 5268 ,

370 5292 549 5364 ἰατρός
583 5295 750 5349 ἐστιν.
784 5295 935 5350 Εἰσὶν
982 5294 1241 5364 ἄρχοντες
1297 5292 1506 5346 ἑαυτῶν
1564 5292 1846 5362 ἄρχοντες.
1904 5289 2044 5361 Τρία

366 5380 473 5451 γὰρ
500 5380 677 5436 ταῦτά.
696 5385 814 5436 ἐστι
843 5382 1011 5455 ψυχῇ,
1050 5383 1219 5448 οἰκία,
1254 5381 1430 5446 πόλις,
1464 5379 1782 5451 οἰκουμένῃ’
1818 5379 1911 5433 καὶ
1940 5377 2044 5448 ὁδῷ

390 5526 618 5609 'f‘llfnc.‘
647 5535 777 5609 ἔχων
815 5536 1094 5602 ἀπόλλυσιν,
1139 5535 1319 5589 desunt
1364 5538 1413 5587 in
1442 5551 1555 5587 uno.
1608 5535 1638 5577 ι»
1670 5535 1791 5596 Alii,
1837 5536 2037 5584 τούτων.

370 5592 464 5642 Καὶ
485 5596 575 5658 γὰρ
597 5597 625 5646 6
647 5592 822 5661 ἰᾶτρὸς.

1153 358 1211 414 S.
1247 353 1539 413 JOANNIS
1576 348 2076 427 CIIRYSOSTUMI
2101 347 2427 409 ARCHIEP.
2463 346 3020 405 CONSTA‘NTINOP.

3721 339 3832 400 566

2148 465 2216 520 τὰ
2238 465 2539 537 πράγματα
2570 464 2871 538 προϐαίνει.
2919 465 3012 518 Δεῖ
3049 460 3230 517 τοίνυν
3270 459 3366 515 τὸν
3409 458 3677 532 μέλλοντα
3703 460 3832 513 ἐπι-

2149 554 2436 625 στήσεσθαι
2461 554 2659 620 οἰκίας,
2710 554 2806 607 καί
2834 551 3016 616 καλῶς
3054 550 3226 620 αὐτὴν
3271 548 3673 620 οἰκοδομήσειν,
3702 549 3834 620 πρό-

2145 659 2300 714 τερον
2324 641 2420 713 τὴν
2451 643 2632 713 ψυχὴν
2654 644 2755 714 τήν
2788 641 2984 696 ἐαυτοῦ
3017 639 3321 712 ῥυθμίζειν·
3348 638 3498 693 οἰκία
3526 637 3639 710 γὰρ
3659 638 3829 693 αὐτοῦ

2147 732 2314 784 ἐστιν·
2340 731 2389 783 εἰ
2415 730 2471 783 δὲ
2495 730 2594 802 τήν
2620 730 2816 784 ἐαυτοῦ
2849 729 2924 802 μὴ
2951 729 3186 793 δύναιτο,
3218 727 3348 782 ἔνθα
3380 725 3479 798 μία
3500 725 3674 797 ψυχὴ,
3700 725 3833 782 ἔνθα

2148 816 2335 887 κύριος
2361 817 2548 884 αὐτὸς,
2578 817 2707 872 ἐνοα
2736 818 2824 871 ἀεὶ
2859 817 3106 871 σύνεστιν
3144 815 3346 887 ἐαυτῷ,
3395 814 3514 880 πῶς
3556 816 3687 878 τοὺς
3732 814 3831 869 άλι-

2148 903 2270 969 λους
2319 906 2700 978 οἰκοδομήσει;
2762 904 2913 979 [396]
2974 906 3035 959 '0
3092 904 3191 976 τὴν
3242 903 3423 976 ψυχὴν
3478 903 3579 975 τὴν
3632 901 3832 957 ἐαυτοῦ

2151 992 2415 1063 ρυθμίσαι
2455 994 2784 1066 δυνάμενος,
2824 994 2919 1048 καί
2958 993 3020 1046 τὸ
3075 993 3175 1064 μέν
3226 990 3397 1046 ποιῶν
3424 989 3645 1062 ἄρχειν,
3676 988 3740 1043 τὸ
3770 988 3831 1042 δὲ

2149 1078 2432 1149 ἄρχεσθαι,
2468 1074 2624 1147 οὗτος
2657 1081 2750 1135 καί
2778 1081 2955 1135 οἰκίαν
2981 1080 3287 1152 δυνήσεταισ
3321 1080 3351 1132 6
3382 1077 3440 1131 δὲ
3484 1076 3686 1139 οἰκίαν,
3733 1077 3833 1130 καὶ

2150 1167 2328 1222 πόλιν·
2357 1171 2386 1222 6
2416 1170 2473 1223 δέ
2500 1169 2675 1235 πόλιν,
2721 1169 2816 1224 καί
2846 1168 3195 1238 οἰκουμένην.
3230 1167 3291 1220 Εἰ
3333 1166 3391 1219 δέ
3420 1164 3599 1235 ψυχὴν
3627 1164 3730 1217 οὐκ
3763 1163 3830 1217 ἂν

2150 1255 2386 1319 δύναιτο,
2437 1257 2556 1321 πῶς
2582 1257 2909 1328 οἰκουμένην
2943 1255 3271 1327 δυνήσεταις
3317 1252 3505 1307 Ταῦτά
3546 1268 3638 1323 μοι
3679 1251 3830 1322 εἴρηο

2150 1360 2259 1410 ται,
2299 1346 2386 1399 ἵνα
2415 1345 2491 1417 μὴ
2518 1340 2668 1417 ὦμεν
2702 1345 3036 1415 ἐπτοημένοι
3069 1342 3205 1413 πρὸς
3233 1341 3431 1414 ἀρχὰς,
3461 1341 3551 1394 ἵνα
3573 1340 3828 1411 εἰδῶμεν,

2152 1433 2204 1487 τί
2243 1435 2375 1487 ποτέ
2415 1436 2564 1488 ἐστιν
2606 1434 2772 1505 ἀρχή’
2818 1432 2980 1487 τοῦτο
3018 1431 3131 1503 γὰρ
3161 1432 3263 1484 οὐκ
3289 1430 3452 1501 ἀρχὴ,
3490 1428 3629 1482 ἀλλὰ
3663 1428 3832 1481 κατά-

2153 1521 2327 1590 γελως
2371 1523 2466 1575 καί
2504 1521 2741 1588 δουλεία,
2777 1520 2872 1575 καί
2905 1521 3076 1592 μυρία
3105 1519 3270 1591 ἐτερα
3301 1520 3374 1574 ἄν
3405 1535 3495 1582 τις
3523 1517 3827 1571 καλέσειεν.

2154 1610 2290 1663 Εἰπέ
2330 1628 2441 1681 μοι,
2468 1611 2520 1664 τί
2548 1612 2693 1664 ἐστιν
2716 1610 2974 1682 ἄρχοντος
3000 1608 3159 1675 ίδιον;
3193 1604 3302 1679 ἆρα
3331 1607 3454 1677 οὐχὶ
3480 1606 3541 1659 τὸ
3558 1617 3582 1646 ε
3602 1604 3830 1675 ὠφελεῖν

2152 1701 2279 1762 τοὺς
2326 1700 2661 1771 ἀρχομένους
2709 1700 2803 1752 καὶ
2834 1699 3180 1769 εὐεργετεῖν;
3229 1696 3293 1749 Τί
3319 1692 3434 1760 οὖν,
3463 1695 3530 1748 ἂν
3556 1694 3717 1749 τοῦτο
3756 1692 3831 1766 μὴ

2154 1785 2418 1857 γένηται;
2450 1786 2570 1848 πῶς
2602 1787 2825 1858 ἐτέρους
2841 1784 3114 1856 ὠφελήσει
3140 1786 3168 1839 6
3197 1783 3387 1837 ἑαυτὸν
3411 1784 3486 1854 μὴ
3511 1783 3830 1853 ώφελήσας;

2154 1875 2183 1926 6
2215 1874 2415 1945 μυρίας
2441 1873 2582 1945 ἔχων
2609 1874 2932 1947 τυραννίδας
2961 1874 3018 1927 ἐν
3047 1877 3113 1945 τῇ
3141 1871 3288 1943 ψυχῇ
3315 1873 3427 1925 τῶν
3472 1870 3685 1935 παθῶν,
3714 1871 3833 1935 πῶς

2154 1966 2253 2029 τὰς
2285 1965 2489 2037 ἐτέρων
2529 1965 2792 2035 ἐκκόψεις
2838 1964 2997 2019 Οὕτω
3031 1966 3127 2019 καὶ
3167 1962 3381 2035 τρυφή’
3425 1962 3525 2033 οὐχ
3547 1960 3689 2032 αὕτη
3716 1963 3835 2015 ἐστὶ

2156 2054 2358 2125 τρυφὴ,
2394 2053 2512 2108 ἀλλ’
2543 2055 2727 2124 ἑτέρα.
2760 2054 2975 2124 Ὠσπερ
3013 2050 3123 2122 γὰρ
3154 2050 3339 2122 ἄρχων
3366 2048 3574 2121 ἐδείχθη
3613 2050 3712 2119 οὐχ
3738 2045 3833 2104 οὗ-

2154 2158 2269 2205 τος,
2295 2142 2409 2196 ἀλλ’
2438 2141 2641 2214 ἕτερος·
2676 2140 2821 2195 οὕτω
2856 2140 2951 2195 καί
2986 2141 3016 2193 ὁ
3045 2139 3263 2210 τρυφῶν
3289 2138 3477 2210 ἕτερός
3509 2139 3644 2191 ἐστι.
3674 2139 3836 2190 Δοκεῖ

2160 2228 2258 2300 μὲν
2314 2230 2419 2301 γὰρ
2471 2226 2609 2284 εἶναι
2659 2228 2865 2300 τρυφὴ,
2918 2226 2980 2279 τὸ
3029 2226 3127 2297 τῆς
3174 2225 3368 2298 ἡδονῆς
3411 2224 3707 2279 ἀπολαύειν
3736 2225 3835 2278 καὶ

2157 2315 2568 2388 γαστρίζεσθαι·
2608 2318 2710 2371 οὐκ
2760 2315 2877 2370 ἐστι
2924 2312 2981 2366 δὲ
3012 2312 3188 2379 τοῦτο,
3225 2313 3361 2367 ἀλλά
3404 2313 3740 2381 τούναντίον,
3772 2313 3835 2366 τὸ

2155 2403 2333 2476 ψυχὴν
2363 2404 2509 2475 ἔχειν
2536 2405 2861 2478 θαυμαστὴν
2892 2399 2988 2458 καὶ
3018 2408 3076 2459 ἐν
3108 2406 3269 2478 ἡδονῇ
3314 2400 3474 2458 εἰναι.
3512 2403 3696 2455 Ἔστω
3722 2402 3834 2472 γάρ

2154 2508 2236 2556 τις
2267 2492 2483 2557 ἐσθίων,
2536 2495 2729 2559 πίνων,
2766 2497 3053 2551 σπαταλῶν
3075 2538 3091 2564 ,
3133 2497 3324 2549 ἔπειτα
3372 2491 3706 2563 φροντιζέτω
3736 2489 3835 2544 καὶ

2156 2579 2453 2652 ἀθυμείτω·
2492 2582 2567 2654 μὴ
2603 2584 2824 2638 δύναται
2852 2579 3005 2649 οὗτος
3037 2579 3180 2639 εἶναι
3207 2585 3265 2637 ἐν
3294 2582 3517 2654 τρυφῇ;
3568 2580 3685 2634 Οὐκ
3725 2576 3838 2649 ἀρα

2155 2672 2216 2725 τὸ
2239 2672 2437 2728 ἐσθίειν
2475 2676 2568 2729 καί
2590 2668 2774 2729 ’πίνειν
2822 2674 3024 2747 τρυφὴ,
3070 2673 3207 2728 ἀλλά
3247 2671 3309 2726 τὸ
3356 2674 3412 2726 ἐν
3468 2670 3630 2742 ήδονῇ
3670 2663 3833 2721 εἰναι.

2160 2761 2342 2815 Ἔστω
2374 2779 2459 2827 τις
2511 2762 2674 2834 ξηρὸν
2726 2763 3019 2835 λαμϐάνων
3076 2762 3261 2834 ἄρτον,
3317 2760 3415 2814 καὶ
3466 2755 3840 2829 ἐμπιπλάσθω

2161 2849 2276 2919 μετ’
2302 2849 2660 2921 εὐφροσύνης*
2698 2845 2808 2922 ἆρα
2840 2850 2997 2904 τοῦτο
3030 2850 3226 2922 ήδονή;
3269 2846 3479 2902 Οὐκοῦν
3504 2847 3599 2901 καὶ
3627 2847 3835 2916 τρυφή.

2161 2935 2389 3007 Ἴδωμεν
2433 2932 2546 3001 οὖν,
2574 2938 2680 2992 τίνι
2713 2937 3073 3008 παραγίνεται
3107 2936 3268 3007 αὕτη,
3295 2939 3408 3000 τοῖς
3435 2932 3761 2988 πλουτοῦσιν
3797 2931 3836 3004 ἢ

2155 3024 2269 3085 τοῖς
2293 3022 2368 3095 μὴ
2404 3023 2723 3078 πλουτοῦσιν
2745 3040 2759 3090 ;
2785 3022 2923 3079 Οὔτε
2951 3023 3164 3087 τούτοις
3196 3021 3403 3086 ἁπλῶς,
3428 3019 3551 3074 οὔτε
3581 3019 3837 3086 ἐκείνοις,

2157 3107 2293 3162 ἀλλά
2320 3110 2432 3174 τοίς
2464 3108 2608 3162 οὕτω
2639 3107 3110 3172 κατασκευάζουσι
3137 3107 3236 3178 τὴν
3264 3105 3441 3178 ψυχὴν
3469 3106 3569 3176 τὴν
3602 3105 3836 3172 ἐαυτῶν,

2157 3196 2298 3252 ὥστε
2332 3196 2406 3268 μὴ
2447 3196 2648 3262 πολλὰς
2705 3197 2851 3269 ἐχειν
2899 3195 3148 3268 ἀθυμιῶν
3178 3194 3488 3257 ὑποθέσεις.
3525 3194 3637 3247 Kal
3682 3192 3839 3257 ποῖός

2159 3285 2306 3340 ἐστιν
2331 3279 2486 3350 οὗτος
2519 3285 2548 3337 6
2582 3284 2724 3356 βίος;
2761 3286 2893 3349 ἴσως
2925 3286 3041 3356 ἐρεῖ
3071 3301 3155 3347 τις
3181 3280 3229 3322 δ’
3262 3280 3374 3353 ὁρῶ
3402 3279 3513 3352 γὰρ
3536 3280 3840 3351 κεχηνότας

2160 3374 2407 3437 ἅπαντας
2433 3373 2529 3427 καί
2557 3372 2913 3444 βουλομένους
2959 3371 3210 3437 ἀκοῦσαι,
3247 3370 3331 3433 τίς
3362 3371 3513 3423 ἐστιν
3544 3370 3572 3421 6
3606 3369 3721 3440 βίος
3742 3359 3838 3422 οὗ·

2113 3509 2116 3512 .
2157 3476 2247 3524 τος
2269 3463 2299 3514 6
2326 3459 2401 3531 μὴ
2427 3459 2567 3531 ἔχων
2594 3460 2854 3531 ἀθυμίας.
2880 3459 3091 3513 Οὐκοῦν
3112 3457 3494 3529 ,ὁμολογείσθω
3521 3459 3648 3528 παρ’
3679 3456 3838 3527 ὑμῶν

2159 3549 2393 3621 πρῶτον,
2424 3549 2506 3602 ὃτι
2534 3547 2692 3602 τοῦτο
2730 3549 2913 3620 ήδονὴ,
2947 3546 3103 3601 τοῦτο
3128 3546 3329 3618 τρυφὴ.
3362 3546 3488 3600 ὅταν
3515 3545 3722 3614 ἀθυμία
3758 3544 3839 3615 μὴ

2160 3636 2372 3709 ἐνοχλῇ,
2404 3636 2499 3691 καί
2532 3637 2606 3709 μὴ
2649 3637 2854 3707 ἀπαιτῇ
2891 3635 3020 3707 παρ’
3052 3634 3188 3705 ἐμοῦ
3237 3633 3376 3705 κρέα
3423 3635 3517 3687 καὶ
3552 3629 3693 3686 οἶνον
3742 3632 3841 3685 καὶ

2159 3723 2560 3795 καρυκεύματα
2589 3724 2687 3777 καὶ
2722 3724 2914 3793 ἰμάτια
2942 3721 3144 3793 σηρικά
3174 3721 3271 3775 καὶ
3299 3721 3501 3793 πλῆθος
3532 3717 3837 3792 τραπέζης.

2156 3811 2283 3867 AR’
2341 3811 2407 3867 ἂν
2460 3809 2624 3877 δείξω
2670 3811 2880 3865 τούτων
2929 3810 3101 3882 χωρὶς
3152 3810 3398 3882 παρόντα
3436 3808 3529 3861 τὸν
3576 3807 3690 3878 βίον
3738 3805 3837 3860 τὸν

2156 3899 2421 3965 τοιοῦτον,
2448 3898 2654 3971 ταύτην
2681 3898 2779 3970 τὴν
2807 3898 3001 3969 ἡδονὴν
3026 3899 3335 3967 ἀγάπησον,
3356 3896 3544 3950 τοῦτον
3577 3894 3668 3949 τὸν
3695 3892 3834 3963 βίον⁶

2158 3989 2228 4042 τά
2257 3987 2367 4058 γάρ
2403 3987 2575 4041 πολλὰ
2611 3989 2675 4040 ἐκ
2703 3985 2795 4040 τοῦ
2836 3986 2911 4058 μὴ
2946 3983 3256 4054 λογίζεσθαι
3285 3982 3513 4047 δεόντως
3542 3981 3841 4052 παραγίνε-

2157 4092 2247 4128 ται
2272 4078 2404 4146 ἡμῖν
2435 4074 2544 4128 τῶν
2568 4073 2846 4145 λυπηρῶν.
2877 4072 2972 4136 Τίς
3012 4069 3107 4126 οὖν
3138 4071 3358 4125 πλείονα
3381 4069 3775 4142 λυπηθήσεται,
3804 4068 3837 4121 ὀ

2161 4162 2387 4236 μηδενδς
2420 4162 2599 4216 αὐτῶν
2629 4161 2955 4234 φροντίζων,
2985 4159 3018 4229 ἢ
3050 4163 3078 4214 6
3113 4158 3454 4232 φροντίζωνς
3507 4159 3536 4212 6
3568 4156 3838 4228 φοϐούμε-

2157 4266 2247 4313 νος
2275 4249 2374 4312 τὰς
2409 4247 2789 4320 μεταϐολὰς,ἢ
2822 4251 2850 4301 6
2881 4248 2956 4318 μὴ
2998 4246 3365 4318 φοϐούμενος;
3415 4248 3446 4299 6
3509 4244 3835 4315 βασκανίαν,

2156 4339 2185 4391 6
2217 4336 2427 4406 φθόνον,
2457 4338 2486 4390 6
2525 4335 2911 4404 συκοφαντίας,
2955 4335 2985 4387 6
3018 4333 3330 4398 ἐπιϐουλὰς,
3370 4333 3405 4401 ‘6
3442 4332 3718 4387 ἀπώλειαν
3745 4331 3839 4385 δε-

2156 4424 2370 4491 δοικὼς,
2399 4425 2433 4497 ἢ
2458 4427 2488 4479 6
2517 4424 2723 4478 τούτων
2750 4423 2941 4489 ἐκτός;
2967 4423 2996 4475 6
3024 4422 3283 4477 πλειόνων
3311 4421 3584 4492 δεόμενος,
3612 4420 3647 4493 ἢ
3672 4423 3701 4475 6
3724 4437 3835 4493 μη·-

2155 4514 2333 4578 δενός;
2361 4515 2390 4566 6
2420 4511 2634 4585 μυρίοις
2654 4511 2943 4577 δουλεύων,
2973 4510 3007 4581 ἢ
3040 4513 3068 4564 6
3099 4510 3323 4581 μηδενί;
3352 4511 3382 4562 6
3412 4508 3621 4579 μυρίων
3639 4506 3835 4579 χρείαν

2156 4599 2316 4672 ἔχων,
2347 4602 2382 4672 ἢ
2416 4603 2445 4654 6
2472 4600 2787 4671 ἐλεύθερος;
2824 4601 2853 4652 6
2890 4599 2986 4653 ἐνα
3009 4599 3274 4668 δεσπότην
3308 4595 3582 4661 δεδοικὼς,
3607 4596 3641 4665 ἢ
3665 4597 3695 4649 6
3727 4612 3833 4668 μυ-

2158 4690 2339 4761 ρίους;
2371 4687 2581 4742 Οὐκοῦν
2612 4687 2814 4759 μείζων
2847 4688 2881 4758 ή
2915 4685 3077 4757 ήδονὴ
3106 4683 3356 4738 ἐνταῦθα.
3406 4684 3623 4754 Ταύτην
3649 4683 3833 4737 τοίνυν

2154 4775 2460 4846 διώκωμεν,
2493 4776 2587 4829 καὶ
2627 4774 2703 4847 μὴ
2742 4774 2870 4845 περί
2898 4772 2967 4826 τὰ
2997 4772 3241 4844 παρόντα
3285 4764 3436 4841 ὦμεν
3473 4772 3826 4841 ἐπτοημένοι·

2154 4860 2291 4913 ἀλλὰ
2321 4859 2715 4929 καταγελῶμεν
2750 4859 2930 4926 πάσης
2961 4856 3061 4925 τῆς
3103 4853 3196 4907 τοῦ
3234 4854 3351 4925 βίου
3379 4853 3699 4922 φαντασίας,
3729 4853 3829 4907 xal

2155 4946 2429 5017 πανταχοῦ
2460 4946 2559 5014 τῆς
2590 4944 2933 5014 συμμετρίας
2958 4937 3130 5014 ὦμεν,
3157 4942 3245 4995 ἴνα
3281 4940 3596 5012 δυνηθῶμεν
3621 4939 3833 4994 ἀλυπον

2149 5036 2244 5089 τὸν
2297 5034 2412 5104 βίον
2462 5030 2650 5086 τοῦτον
2707 5031 3023 5100 διαγαγεῖν,
3094 5030 3187 5083 καί
3232 5028 3342 5083 τῶν
3401 5027 3831 5098 ἐπηγγελμένων

2152 5121 2372 5191 ἀγαθῶν
2404 5122 2702 5191 ἐπιτυχεῖν,
2733 5118 2917 5189 χάριτι
2947 5117 3042 5171 καὶ
3076 5115 3455 5186 φιλανθρωπίᾳ
3484 5113 3582 5168 τοῦ
3617 5113 3831 5185 Κυρίου

2150 5208 2310 5280 ήμῶν
2351 5209 2525 5279 Ἰησοῦ
2568 5205 2838 5278 Χριστοῦ,
2875 5204 2993 5276 μεθ’
3034 5197 3094 5257 οὗ
3122 5203 3199 5275 τῷ
3228 5204 3404 5270 Πατρὶ
3435 5202 3554 5273 ἅμα
3580 5200 3657 5272 τῷ
3686 5199 3837 5273 ἁγίῳ

2116 5294 2127 5301 ’
2152 5295 2431 5366 Πνεύματι
2462 5293 2609 5358 δόξα,
2644 5292 2866 5363 κράτος,
2895 5290 3051 5363 τιμὴ,
3079 5289 3175 5344 νῦν
3207 5289 3303 5344 καὶ
3335 5289 3443 5354 ἀεὶ,
3475 5287 3571 5343 καὶ
3595 5288 3675 5351 εἰς
3698 5287 3838 5353 τοὺς

2151 5382 2351 5446 αἰῶνας
2378 5381 2488 5435 τῶν
2523 5379 2756 5434 αἰώνων.
2805 5378 3000 5449 Ἀμήν.

2214 5540 2237 5570 ο
2261 5536 2408 5591 Illud.
2450 5537 2555 5599 inpar
2582 5535 2980 5599 ούχίητόλόεοει
3012 5537 3060 5586 in
3086 5532 3397 5598 quibusdam.
3465 5532 3496 5573 ει
3528 5529 3682 5595 Illud,
3705 5530 3840 5593 ἴσως

2150 5600 2245 5663 ἐρεῖ
2267 5616 2355 5659 τις,
2378 5595 2528 5649 deeét
2545 5598 2596 5646 in
2620 5595 2929 5659 quibusdam.
