4086 6164
479 360 592 421 δῦἔι

482 488 664 530 ramus
688 514 702 535 ,
733 485 1062 528 reveremur.
1094 469 1282 524 Annon
1305 466 1498 523 videtis
1517 507 1533 533 ,
1559 463 1832 537 quomodo
1860 463 1905 518 is
1926 504 1941 529 ,
1973 461 2066 532 qui

484 563 742 619 terribilis
768 571 874 629 est,
906 562 1157 617 omnibus
1187 562 1258 615 sit
1285 560 1489 613 invisus
1531 566 1586 612 et
1631 552 2022 611 abominandus
2045 556 2070 607 ἲ

483 656 619 725 Quid
651 655 792 710 enim
819 669 883 708 ex
913 653 1013 720 iis,
1050 668 1169 723 qua:
1202 660 1406 706 terrere
1433 656 1686 719 possunt,
1711 660 1818 702 non
1847 658 2066 701 aversa-

485 746 647 802 mur‘!
677 760 854 800 nonne
886 742 1045 809 feras,
1080 758 1257 799 nonne
1288 740 1487 807 vultus,
1514 753 1691 795 nonne
1722 737 1859 802 loca,
1889 749 2071 791 nonne

482 854 685 902 aerem,
707 838 897 908 quales
924 834 1202 892 tenebrae?

560 932 613 985 Ei.
646 929 766 984 Non
783 929 845 983 ab
864 926 1153 983 hominib’us
1177 927 1343 982 timeri
1367 926 1664 996 optandum.
1698 924 1956 992 Quantum
1983 922 2070 979 bo-

486 1039 609 1078 num
641 1023 706 1076 sit
733 1022 910 1077 virtus.
932 1020 1094 1076 —Ne
1115 1021 1274 1089 igitur
1298 1034 1549 1090 magnum
1583 1026 1826 1087 putemus
1855 1029 1995 1081 esse,
2024 1013 2069 1068 si

485 1114 518 1168 h
544 1113 733 1168 uniaes
752 1129 847 1169 nos
873 1113 1113 1167 timeant.
1138 1111 1371 1166 Primum
1398 1110 1541 1165 enim
1567 1109 1743 1162 nullus
1763 1122 1887 1161 vere
1909 1105 2070 1160 homo

484 1222 584 1262 nos
614 1206 769 1260 timet
801 1222 813 1257 :
846 1204 1161 1268 secundum,
1191 1218 1296 1258 non
1325 1217 1575 1273 magnum
1602 1210 1683 1256 est
1721 1199 1916 1254 timeri.
1956 1197 2068 1253 Ma-

484 1314 645 1369 gnum
676 1297 873 1352 bonum
907 1298 1077 1351 virtus
1102 1306 1221 1351 est:
1255 1305 1310 1349 et
1337 1294 1454 1349 vide
1486 1292 1757 1364 quomodo
1795 1306 2066 1359 magnum.

485 1390 601 1444 Etsi
630 1405 716 1443 res
744 1388 885 1455 illas,
905 1388 1097 1458 quibus
1125 1396 1369 1455 constat,
1402 1386 1627 1439 miseras
1665 1384 2030 1440 exiStimemus
2051 1423 2069 1449 ,

488 1474 627 1534 illam
659 1486 841 1535 tamen
880 1477 1181 1533 mirabilem
1197 1476 1513 1545 beatamque
1534 1471 1906 1546 praedicamus.
1937 1472 2071 1540 Quis

486 1572 628 1628 enim
662 1587 766 1626 non
797 1571 1011 1627 beatum
1042 1570 1296 1641 praidicet
1326 1568 1702 1640 philosophum
1728 1608 1744 1635 ,
1793 1567 1893 1621 etsi
1939 1581 2070 1636 pau-

484 1674 667 1732 pertas
694 1670 746 1715 et
772 1660 969 1715 similia
995 1660 1191 1714 misera
1232 1673 1353 1714 esse
1397 1657 1722 1713 videantur?
1765 1655 1896 1711 Cmn
1943 1670 2072 1725 ergo

490 1770 584 1823 per
610 1768 697 1821 ea,
720 1768 841 1824 qua:
872 1753 1064 1808 misera
1091 1766 1211 1807 esse
1234 1751 1511 1818 videntur,
1549 1751 1640 1806 ille
1670 1750 1865 1820 fulgeat
1889 1791 1904 1815 ,
1951 1748 2073 1803 vide

488 1844 884 1899 excellentiam.
917 1843 1099 1898 Altum
1125 1844 1272 1913 sapis
1294 1843 1363 1898 de
1391 1843 1626 1912 potentia
1652 1881 1668 1907 ,
1698 1858 1731 1897 o
1763 1840 1967 1894 homo?
2008 1839 2075 1893 Et

486 1952 608 2004 qua:
638 1934 873 2004 potentia
900 1975 915 2001 ,
943 1949 1158 2005 qumso,
1191 1934 1437 1989 ordinata
1476 1934 1596 1987 est?
1643 1934 1726 1988 Ab
1768 1930 2074 1986 hominibus

492 2035 681 2095 potens
722 2025 892 2080 factus
937 2040 997 2080 es
1033 2038 1048 2078 :
1084 2026 1226 2080 intus
1271 2024 1460 2079 ordina
1513 2024 1764 2095 teipsum.
1818 2022 2076 2092 Princeps

489 2117 632 2171 enim
663 2128 767 2183 est,
796 2132 904 2172 non
930 2117 1021 2187 qui
1051 2126 1291 2181 vocatur,
1321 2115 1415 2171 sed
1464 2116 1556 2186 qui
1602 2130 1730 2170 vere
1776 2124 1878 2170 est.
1928 2113 2077 2168 Sicut

494 2207 634 2261 exim
669 2223 759 2261 rex
792 2222 965 2276 neque
995 2205 1261 2262 medicum
1284 2221 1456 2277 neque
1481 2205 1751 2260 rhetorem
1787 2203 1966 2269 faciet,
1999 2202 2078 2258 sic

496 2310 668 2367 neque
692 2297 988 2368 principem
1015 2314 1030 2363 ;
1062 2312 1236 2367 neque
1257 2298 1399 2353 enim
1422 2297 1507 2351 vel
1542 2297 1713 2353 literae
1752 2296 1834 2351 vel
1883 2311 2077 2350 nomen

498 2390 789 2459 principem
823 2388 1042 2445 faciunt.
1073 2390 1226 2454 Nam,
1258 2389 1302 2444 si
1333 2390 1433 2452 vis,
1461 2397 1701 2444 exstruat
1741 2388 1859 2460 quis
1905 2387 2079 2442 medi-

494 2482 631 2534 cinae
666 2482 970 2545 ofﬁcinam,
1004 2482 1198 2537 haheat
1224 2481 1384 2539 etiam
1417 2481 1730 2552 discipulos,
1762 2481 1955 2536 habeat
1996 2480 2078 2534 in-

495 2585 789 2630 S'rnmenta
819 2587 872 2631 et
899 2577 1183 2646 pharmaca
1202 2616 1217 2642 ,
1247 2586 1303 2631 et
1336 2576 1529 2630 invisat
1558 2583 1788 2646 mgrotos
1820 2592 1833 2629 :
1861 2590 1930 2629 an
1965 2573 2080 2628 hate

497 2675 721 2735 possunt
756 2665 972 2722 efficere
1017 2667 1325 2723 medicum?
1368 2666 1616 2733 Minime;
1658 2666 1753 2722 sed
1796 2674 1912 2721 arte
1947 2679 2081 2736 Opus

498 2765 621 2822 est,
651 2767 707 2813 et
730 2758 847 2813 sine
874 2756 960 2812 illa
988 2773 1095 2814 non
1136 2758 1296 2814 modo
1323 2758 1457 2813 nihil
1507 2757 1623 2813 htnc
1673 2767 1895 2828 prosunt
1922 2798 1937 2822 ,
1987 2756 2081 2811 sed

501 2850 660 2903 etiam
685 2858 882 2903 nocent
913 2865 929 2905 :
960 2865 1081 2905 eum
1112 2850 1277 2916 enim,
1310 2850 1400 2919 qui
1430 2848 1667 2904 medicus
1699 2863 1803 2903 non
1831 2856 1937 2915 est,
1967 2861 2083 2903 me-

504 2941 603 2995 lius
624 2950 707 2996 est
734 2941 1022 3011 pharmaca
1051 2958 1155 2998 non
1184 2942 1406 2999 habere.
1434 2942 1534 3011 Qui
1566 2956 1671 2998 non
1700 2941 1883 3007 habet,
1911 2956 2085 3011 neque

502 3042 681 3087 servat
718 3049 890 3103 neque
917 3033 1089 3105 perdit
1117 3052 1133 3101 ;
1166 3036 1255 3105 qui
1287 3046 1464 3090 autem
1494 3034 1690 3099 habet,
1740 3033 2081 3104 pessumdat,

505 3125 747 3177 nesciens
780 3123 884 3178 illis
944 3125 1069 3179 uti:
1119 3125 1379 3195 siquidem
1423 3141 1527 3181 non
1575 3127 1625 3180 in
1677 3125 2086 3195 pharmacorum

507 3221 692 3265 natura
723 3221 924 3269 tantum
949 3216 1092 3270 salus
1114 3227 1197 3271 est
1222 3256 1238 3285 ,
1270 3216 1362 3272 sed
1387 3216 1549 3271 etiam
1577 3216 1631 3270 in
1676 3224 1792 3270 arte
1835 3215 2034 3270 utentis
2068 3233 2081 3268 :

506 3318 624 3372 qua:
649 3304 691 3357 si
721 3320 823 3359 non
855 3305 1029 3373 adsit,
1058 3308 1239 3361 omnia
1269 3315 1515 3378 pereunt.
1546 3306 1693 3363 Talis
1741 3316 1797 3361 et
1838 3306 2086 3376 princeps

502 3404 588 3448 est
618 3412 631 3448 :
663 3393 819 3450 habet
848 3395 1226 3463 instrumenta,
1258 3412 1467 3464 vocem,
1500 3398 1652 3463 iram,
1685 3397 1918 3462 lictores,
1939 3396 2085 3452 exsi-

504 3485 606 3551 lia,
655 3486 927 3558 honores,
970 3488 1148 3556 dona,
1198 3490 1415 3558 laudes;
1460 3488 1623 3545 habet
1657 3498 1711 3546 et
1760 3489 2043 3560 pharmaca
2069 3530 2084 3556 ,

504 3578 677 3649 leges;
710 3580 871 3636 habet
899 3597 1072 3652 aegros
1091 3624 1107 3648 ,
1140 3581 1420 3648 homines;
1470 3582 1629 3637 habet
1658 3582 1924 3637 ofﬁcinam
1945 3623 1960 3648 ,
1990 3583 2086 3635 tri-

502 3668 702 3735 bunal;
736 3670 899 3726 habet
926 3672 1237 3742 discipulos,
1271 3672 1472 3728 milites
1502 3690 1515 3727 :
1543 3682 1597 3727 at
1618 3672 1661 3725 si
1703 3688 1806 3726 non
1829 3672 1967 3727 adsit
1999 3686 2088 3728 ars

511 3763 719 3817 medica
740 3803 755 3828 ,
784 3764 900 3818 haec
923 3764 1053 3818 nihil
1096 3764 1175 3818 illi
1207 3764 1519 3835 proderunt.
1547 3763 1718 3819 Judex
1748 3763 1985 3818 medicus
2006 3771 2088 3818 est

505 3856 829 3922 animarum,
859 3872 963 3912 non
990 3872 1276 3927 corporum
1310 3874 1323 3909 :
1353 3858 1398 3912 si
1419 3867 1598 3913 autem
1627 3871 1910 3926 corporum
1937 3856 2087 3911 vale-

505 3947 634 4002 tudo
658 3956 802 4001 tanta
825 3957 944 4017 eget
963 3962 1127 4012 cura,
1173 3948 1341 4003 multo
1376 3948 1544 4018 magis
1585 3950 1913 4016 animarum,
1963 3948 2084 4020 quia

506 4036 679 4105 major
714 4037 889 4090 anima
921 4052 1166 4107 corpore.
1195 4037 1310 4091 Non
1340 4054 1467 4109 ergo
1491 4054 1684 4093 nomen
1717 4038 1914 4094 habere
1938 4039 2089 4110 prin-

505 4128 659 4198 cipis,
692 4138 774 4184 est
803 4144 924 4184 esse
970 4130 1264 4201 principem
1301 4150 1315 4187 :
1348 4131 1779 4202 quandoquidem
1832 4140 2089 4187 vocantur

506 4227 560 4270 et
587 4217 674 4273 alii
706 4220 911 4289 magnis
938 4220 1270 4288 nominibus,
1302 4222 1449 4277 verbi
1490 4223 1660 4293 gratia
1701 4223 1932 4288 Paulus,
1982 4223 2085 4277 Pe-

505 4317 644 4372 trus,
668 4308 920 4379 Jacohus,
947 4310 1213 4378 Joannes;
1245 4313 1342 4368 sed
1371 4328 1475 4367 non
1497 4329 1560 4368 ex
1582 4313 1886 4368 nominibus
1911 4314 1943 4367 ii
1964 4323 2089 4368 sunt

506 4399 599 4467 qui
630 4410 888 4455 vocantur
922 4420 934 4455 :
968 4411 1026 4457 ut
1056 4412 1110 4457 et
1139 4419 1236 4473 ego
1266 4420 1383 4458 sum
1407 4403 1621 4474 quidem
1650 4403 1789 4457 beati
1814 4404 1953 4458 illius
1993 4405 2090 4458 ho-

508 4505 794 4561 monymus
819 4493 931 4548 sive
961 4493 1292 4562 cognominis
1312 4535 1326 4560 ,
1360 4508 1465 4547 non
1495 4504 1670 4548 autem
1714 4509 2042 4565 synonymns
2071 4512 2086 4548 :

506 4596 614 4636 non
643 4596 760 4636 sum
785 4583 1039 4650 Joannes,
1070 4584 1162 4639 sed
1188 4598 1364 4638 vocor.
1393 4584 1480 4640 Sic
1506 4594 1558 4639 et
1586 4585 1659 4637 illi
1682 4600 1787 4639 non
1808 4595 1929 4640 sunt
1948 4587 2090 4655 prin-

508 4675 691 4742 cipes,
717 4676 810 4729 sed
844 4686 1123 4731 vocantur.
1157 4676 1291 4731 Sunt
1317 4686 1494 4731 autem
1526 4677 1601 4730 illi
1632 4677 1900 4747 principes
1927 4679 2088 4732 etiam

505 4767 624 4819 sine
651 4766 737 4821 his
768 4783 782 4821 :
812 4768 950 4822 sicut
979 4779 1031 4823 et
1062 4769 1300 4824 medicus
1326 4769 1449 4824 licet
1474 4777 1587 4823 arte
1617 4783 1711 4822 sua
1741 4786 1844 4825 non
1874 4779 2086 4837 utatur,

505 4855 553 4910 si
581 4854 723 4910 illam
757 4858 808 4910 in
837 4859 1013 4912 anima
1046 4858 1269 4927 habeat,
1301 4858 1542 4915 medicus
1568 4869 1669 4914 est.
1715 4859 1849 4916 Sunt
1894 4862 2091 4931 princi—

508 4961 608 5016 pes
634 4948 713 5001 sui
740 4948 974 5018 ipsorum
1004 4949 1288 5019 principes.
1320 4951 1441 5005 Tria
1469 4952 1611 5005 enim
1647 4952 1759 5006 haec
1805 4962 1924 5005 sunt
1970 4954 2089 5007 ani-

507 5050 640 5101 mae,
667 5036 880 5105 domus,
909 5038 1116 5105 civitas,
1147 5040 1291 5094 orbis
1319 5057 1332 5106 ;
1365 5051 1419 5096 et
1445 5042 1528 5095 via
1559 5042 1786 5111 quadam
1833 5058 1920 5097 res
1969 5058 2091 5112 pro-

506 5128 724 5182 eadunt.
755 5130 978 5200 Oportet
1008 5131 1168 5201 igitur
1191 5148 1313 5186 cum
1340 5134 1427 5202 qui
1456 5132 1636 5187 domui
1681 5134 2050 5203 prarlieiendus
2073 5173 2089 5198 ,

506 5230 563 5273 et
591 5220 759 5290 ipsam
790 5232 936 5277 recte
965 5222 1323 5277 aediﬁcaturus
1349 5232 1451 5288 est,
1486 5225 1658 5291 primo
1685 5224 1915 5276 animam
1940 5238 2091 5279 suam

510 5327 836 5383 componere
867 5333 879 5369 :
913 5329 1034 5368 nam
1061 5313 1255 5369 domus
1284 5327 1378 5367 sua
1410 5323 1506 5368 est.
1538 5313 1592 5368 Si
1614 5328 1742 5369 vero
1770 5330 1919 5369 suam
1942 5330 2092 5387 rege-

1470 348 1536 407 IN
1576 347 1755 405 ACTA
1796 344 2317 405 APOSTOLORUM.
2357 347 2590 407 IIOMIL.
2633 348 2744 407 Lll.

2096 5508 2175 5529 vf":—

3652 350 3757 411 866

2177 479 2237 519 re
2268 481 2375 521 non
2401 468 2589 535 possit,
2620 467 2708 522 ubi
2737 482 2841 523 una
2869 467 3045 523 anima
3071 509 3086 534 ,
3114 467 3203 524 ubi
3255 468 3417 525 herus
3460 469 3574 540 ipse
3596 510 3615 538 ,
3668 473 3758 527 ubi

2175 571 2389 628 semper
2412 574 2592 615 secum
2619 569 2737 626 est,
2776 560 3045 629 quomodo
3099 560 3234 615 alios
3278 560 3607 617 :rdillcabit?
3658 564 3760 628 Qui

2177 657 2355 717 potest
2382 648 2616 706 animam
2644 665 2968 720 componere
3006 666 3156 706 suam
3181 693 3196 717 ,
3228 653 3320 723 qui
3348 652 3492 707 aliud
3528 667 3720 723 regere
3745 684 3760 717 ι

2174 740 2318 795 aliud
2350 742 2460 813 regi
2490 752 2675 808 curat,
2707 743 2794 797 hic
2818 752 2871 799 et
2896 743 3113 798 domum
3162 760 3349 815 regere
3393 744 3626 816 poterit;
3674 747 3762 816 qui

2174 832 2415 899 domum,
2444 834 2606 890 etiam
2637 835 2941 903 civitatem;
2972 836 3062 907 qui
3101 835 3371 891 civitatem
3391 878 3407 903 ,
3458 839 3619 893 etiam
3677 850 3765 891 or-

2174 924 2317 980 bem.
2349 926 2402 981 Si
2430 928 2662 982 animam
2687 942 2875 998 regere
2903 943 3008 983 non
3036 928 3225 998 possit,
3252 930 3520 998 quomodo
3562 931 3755 986 orbem

2176 1017 2416 1088 poterit?
2443 1018 2566 1073 llaec
2595 1018 2731 1086 dixi,
2761 1031 2816 1074 ut
2847 1033 2914 1075 ne
2943 1019 3008 1074 ad
3036 1019 3368 1090 principatus
3399 1020 3686 1086 inbiemus,
3708 1029 3765 1074 ut

2177 1108 2486 1173 videamus,
2514 1109 2642 1180 quid
2687 1111 2757 1164 sit
2795 1111 3165 1182 principatus:
3194 1111 3297 1166 hoc
3338 1112 3482 1167 enim
3525 1129 3629 1168 non
3682 1120 3766 1166 est

2177 1201 2526 1272 principatus,
2562 1201 2655 1257 sed
2687 1202 2925 1269 derisio,
2973 1203 3236 1272 servitus,
3283 1213 3337 1260 et
3378 1205 3525 1259 mille
3568 1205 3765 1260 similia

2175 1295 2297 1364 quis
2320 1293 2545 1352 dixerit.
2577 1296 2671 1350 Dic
2697 1295 2859 1362 mihi,
2892 1296 3019 1367 quid
3052 1305 3135 1352 est
3179 1297 3405 1367 principi
3444 1297 3763 1368 proprium?

2178 1400 2355 1440 nonne
2380 1384 2606 1440 subditis
2636 1385 2895 1456 prodesse
2921 1396 2977 1441 et
3000 1387 3139 1443 bene
3182 1387 3403 1444 facere?
3441 1388 3578 1455 Quid
3606 1403 3770 1459 ergo,

2176 1479 2222 1534 si
2251 1478 2353 1534 hoc
2383 1494 2488 1533 non
2517 1477 2648 1533 ﬁat?
2675 1477 2946 1549 quomodo
2975 1479 3095 1534 aliis
3121 1479 3383 1550 proderit,
3412 1480 3501 1551 qui
3532 1478 3633 1535 sibi
3662 1494 3765 1534 non

2178 1570 2436 1640 prodest?
2466 1569 2557 1639 qtti
2584 1569 2853 1626 sexcentis
2891 1570 3055 1625 animi
3087 1571 3317 1625 motibus
3345 1571 3595 1642 agitatur,
3634 1585 3766 1640 quo-

2178 1660 2337 1715 nmdo
2379 1660 2606 1715 aliorum
2658 1668 2837 1716 motus
2879 1660 3131 1717 sedabit?
3159 1662 3249 1717 Sic
3292 1663 3452 1716 etiam
3512 1660 3765 1716 deliciae:

2179 1767 2285 1806 non
2315 1750 2432 1805 haec
2458 1760 2581 1807 sunt
2619 1751 2829 1809 delicia:
2849 1794 2865 1821 ,
2896 1752 2989 1809 sed
3015 1753 3140 1807 alia.
3172 1753 3322 1810 Sicut
3362 1756 3504 1808 enhn
3546 1751 3769 1806 demon-

2178 1850 2403 1897 stratum
2432 1852 2516 1897 est
2542 1843 2836 1913 principem
2868 1858 2989 1899 esse
3017 1858 3121 1897 non
3152 1842 3297 1897 hunc
3317 1841 3411 1898 sed
3439 1840 3604 1896 alium
3640 1857 3654 1894 :
3688 1838 3771 1893 sie

2179 1936 2271 2005 qui
2297 1934 2505 1991 deliciis
2534 1934 2733 2005 gaudet
2757 1975 2772 1999 ,
2800 1935 2937 1989 alius
2964 1943 3067 1991 est.
3098 1934 3364 1990 Videntur
3383 1934 3528 1989 enim
3555 1930 3768 1987 deliciae

2180 2026 2584 2096 esse,voluptati
2609 2033 2665 2080 et
2689 2025 2828 2096 gulae
2852 2025 3095 2090 servire;
3127 2026 3221 2082 sed
3245 2025 3345 2081 hoc
3369 2038 3475 2080 non
3505 2030 3588 2078 est
3611 2062 3624 2089 ,
3658 2022 3767 2077 imo

2181 2118 2530 2183 contrarium,
2563 2132 2759 2188 nempe
2779 2117 3013 2173 animam
3040 2117 3239 2174 habere
3265 2116 3589 2181 mirabilem,
3617 2122 3671 2169 et
3686 2113 3768 2169 sic

2183 2211 2237 2266 in
2264 2212 2537 2280 voluptate
2563 2210 2789 2265 versari.
2829 2210 2959 2265 Esto
2985 2209 3153 2277 enim,
3184 2207 3432 2265 comedat
3454 2207 3594 2277 quis,
3623 2203 3771 2261 bibat

2183 2301 2514 2368 etlasciviat,
2543 2300 2738 2357 deinde
2764 2316 2946 2356 curam
2969 2301 3167 2356 haheat
3185 2315 3248 2356 ac
3273 2307 3496 2354 moerent
3523 2314 3537 2352 :
3572 2313 3639 2352 an
3674 2310 3774 2367 po.

2185 2399 2289 2446 test
2311 2389 2397 2445 hic
2424 2392 2476 2446 in
2507 2390 2713 2447 deliciis
2738 2391 2901 2447 esse?
2924 2390 3041 2447 Non
3068 2405 3197 2461 ergo
3217 2388 3502 2445 comedere
3518 2398 3571 2445 et
3588 2387 3773 2443 bibere

2184 2492 2308 2537 sunt
2333 2481 2538 2538 deliciae
2553 2523 2568 2548 ,
2592 2482 2687 2538 sed
2709 2483 2762 2538 in
2785 2483 3059 2554 voluptate
3079 2497 3219 2538 esse.
3244 2482 3393 2549 Esto,
3419 2481 3539 2552 quis
3561 2478 3773 2535 aridum

2186 2574 2472 2629 manducet
2517 2588 2709 2644 panem
2740 2617 2754 2639 ,
2788 2584 2987 2629 etcum
3015 2574 3200 2628 laetitia
3232 2573 3516 2644 impleatur
3545 2591 3558 2627 :
3591 2585 3770 2626 annon

2186 2666 2289 2722 hoc
2313 2666 2554 2736 voluptas
2582 2666 2703 2723 est?
2729 2667 2872 2737 Ergo
2903 2676 2957 2721 et
2984 2666 3099 2721 lucc
3127 2666 3370 2722 ciborum
3412 2665 3637 2720 deliciae.
3682 2663 3774 2718 Vi-

2186 2758 2408 2814 deamus
2439 2773 2570 2828 ergo
2595 2798 2609 2823 ,
2638 2758 2828 2829 quibus
2851 2758 2965 2813 haec
2987 2757 3233 2827 voluptas
3258 2756 3473 2811 accidat
3498 2797 3512 2820 ,
3541 2771 3606 2809 an
3634 2755 3774 2809 divi-

2190 2852 2350 2917 tibus,
2377 2866 2444 2905 an
2472 2866 2579 2905 non
2603 2849 2875 2906 divitibus.
2903 2848 3084 2920 Neque
3117 2849 3199 2903 his
3220 2890 3235 2915 ,
3276 2862 3451 2918 neque
3496 2846 3603 2901 illis
3622 2889 3636 2912 ,
3678 2845 3777 2900 sed

2189 2944 2254 2998 iis
2273 2984 2290 3009 ,
2317 2943 2406 3014 qui
2440 2943 2509 2998 ita
2538 2950 2866 3011 componunt
2893 2943 3127 2995 animam
3148 2954 3300 2995 suam
3324 2981 3336 3005 ,
3365 2948 3424 2993 ut
3466 2952 3534 2992 ne
3577 2936 3777 2991 multas

2191 3035 2420 3091 habeant
2449 3048 2744 3090 maerorum
2765 3047 2975 3088 causas.
3013 3032 3080 3087 Et
3124 3032 3299 3102 qualis
3335 3037 3419 3086 est
3461 3029 3580 3084 hare
3624 3027 3777 3082 vita?

2189 3128 2331 3184 dicet
2357 3126 2496 3182 forte
2524 3126 2758 3198 aliquis;
2789 3125 2947 3181 video
2971 3126 3113 3181 enim
3151 3140 3247 3179 vos
3292 3138 3481 3178 omnes
3524 3118 3775 3176 audiendi

2192 3220 2369 3277 studio
2400 3218 2708 3291 ﬂagrantes,
2740 3234 2857 3289 quae
2883 3218 2952 3272 sit
2976 3217 3090 3272 lucc
3116 3218 3224 3271 vita
3243 3259 3257 3283 ,
3290 3231 3409 3287 qua:
3438 3214 3639 3269 nullum
3680 3211 3777 3266 Ita-

2191 3312 2315 3368 beat
2340 3324 2649 3365 mmrorem.
2679 3305 2842 3379 Igitur
2863 3310 2915 3362 in
2942 3306 3188 3364 confesso
3209 3307 3277 3361 sit
3297 3304 3437 3376 apud
3475 3318 3571 3359 vos
3602 3301 3783 3373 primo

2192 3402 2331 3457 hanc
2357 3415 2479 3457 esse
2505 3399 2855 3471 voluptatem,
2889 3399 2985 3454 has
3012 3398 3231 3454 delicias
3257 3440 3271 3464 ,
3316 3396 3529 3468 quando
3576 3406 3778 3449 mceror

2194 3511 2298 3550 non
2330 3492 2548 3558 turbat,
2582 3508 2682 3548 nec
2715 3493 2897 3563 petita
2926 3507 3014 3547 me
3054 3507 3246 3547 carnes
3272 3534 3286 3558 ,
3320 3491 3500 3545 vinum
3523 3528 3539 3555 ,
3590 3485 3780 3542 condi-

2193 3596 2392 3652 tnenta,
2420 3587 2619 3641 sericas
2640 3594 2817 3641 vestes
2842 3625 2858 3651 ,
2888 3585 3085 3641 lautam
3123 3599 3384 3639 mensam.
3418 3583 3487 3637 At
3513 3580 3557 3634 si
3586 3588 3775 3635 osten-

2191 3682 2324 3737 dero
2349 3681 2551 3750 absque
2578 3679 2661 3734 his
2694 3679 2854 3733 talem
2879 3678 3063 3735 haberi
3097 3678 3257 3732 vitam
3284 3718 3298 3740 ,
3348 3676 3488 3729 hanc
3530 3672 3776 3741 volupta-

2196 3784 2301 3827 tem
2329 3812 2344 3837 ,
2395 3770 2536 3826 hanc
2587 3770 2748 3825 vitam
2796 3769 3188 3841 dilige:multa
3233 3769 3375 3824 enim
3425 3766 3579 3823 nobis
3605 3764 3775 3843 tristia

2192 3862 2464 3928 accidunt,
2495 3875 2563 3917 eo
2592 3860 2734 3931 quod
2764 3876 2868 3917 non
2895 3903 2910 3930 ,
2943 3868 3003 3916 ut
3028 3877 3122 3931 par
3142 3870 3255 3926 est,
3282 3875 3344 3915 ea
3375 3858 3652 3913 nobiseum
3689 3869 3773 3909 re-

2196 3968 2467 4027 putemus.
2498 3956 2628 4024 Quis
2676 3955 2838 4026 igitur
2880 3956 3050 4026 magis
3101 3954 3345 4021 dolebit,
3389 3953 3505 4008 isne
3552 3949 3641 4021 qui
3690 3948 3778 4003 illa

2195 4046 2327 4101 nihil
2353 4055 2544 4113 curat,
2587 4062 2654 4101 an
2684 4046 2729 4101 is
2755 4046 2843 4116 qui
2882 4045 3078 4101 curat?
3105 4045 3192 4115 qui
3223 4042 3618 4098 vicissitudines
3662 4056 3776 4093 me-

2196 4137 2294 4192 tuit
2319 4179 2332 4202 ,
2356 4152 2423 4191 an
2450 4137 2540 4207 qni
2570 4152 2675 4191 non
2700 4136 2921 4191 metuit?
2950 4137 3039 4206 qui
3072 4136 3294 4189 livorem
3322 4175 3336 4199 ,
3368 4131 3620 4187 invidiam
3648 4169 3662 4192 ,
3692 4144 3773 4199 sy-

2194 4226 2508 4294 COphantias
2530 4266 2544 4291 ,
2577 4225 2797 4279 insidias
2823 4268 2837 4291 ,
2872 4225 3161 4295 perniciem
3194 4224 3384 4288 timet,
3427 4237 3495 4276 an
3537 4219 3626 4290 qui
3677 4235 3783 4274 non

2196 4316 2389 4371 timet?
2419 4315 2507 4385 qui
2534 4314 2741 4380 multis,
2772 4330 2838 4368 an
2868 4316 2957 4385 qui
2989 4314 3133 4368 nullo
3163 4311 3510 4383 indigetiqui
3536 4310 3782 4365 innume-

2196 4410 2300 4473 ris,
2334 4423 2400 4461 an
2428 4406 2517 4478 qui
2547 4406 2679 4461 nulli
2707 4407 2912 4462 servit?
2941 4407 3031 4477 qui
3058 4406 3237 4460 multis
3280 4418 3417 4473 opus
3464 4403 3665 4468 habet,
3712 4415 3780 4455 an

2196 4500 2285 4569 qui
2316 4499 2454 4553 liber
2481 4498 2607 4553 est?
2633 4498 2722 4568 qui
2753 4513 2916 4552 unum
2948 4497 3100 4551 timet
3127 4494 3425 4559 dominum,
3453 4508 3520 4548 an
3545 4490 3634 4562 qui
3661 4506 3784 4546 sex-

2198 4589 2595 4659 centos?Ergo
2623 4587 2793 4658 major
2821 4587 2908 4643 hic
2952 4586 3196 4657 voluptas
3244 4592 3345 4640 cst.
3398 4582 3550 4639 Hanc
3603 4583 3785 4650 itaque

2196 4690 2482 4746 seetcmug
2513 4694 2686 4749 neque
2714 4678 3065 4749 praesentibus
3086 4677 3388 4742 inhiemus;
3416 4672 3510 4730 sed
3542 4672 3785 4728 derideac

2197 4786 2316 4827 mus
2336 4786 2549 4826 onmem
2572 4772 2691 4825 vita:
2716 4769 2930 4834 fastum,
2957 4780 3011 4824 et
3033 4769 3228 4838 ubique
3242 4771 3456 4824 modum
3477 4777 3779 4828 servemus,

2198 4872 2255 4917 ut
2282 4864 2545 4933 possimus
2576 4862 2713 4916 hanc
2739 4863 2900 4916 vitam
2926 4862 3044 4916 sine
3070 4875 3303 4917 maerore
3335 4858 3630 4927 transigere
3654 4895 3670 4920 ,
3727 4862 3781 4909 et

2200 4952 2458 5021 promissa
2484 4953 2741 5021 consequi
2759 4953 2918 5017 bona,
2943 4950 3113 5021 gratia
3137 4960 3191 5004 et
3213 4948 3540 5015 benignitate
3563 4943 3772 5001 Domini

2198 5046 2369 5099 nostri
2399 5044 2525 5099 Jesu
2557 5042 2773 5107 Christi,
2805 5044 3018 5113 quicum
3047 5041 3191 5096 Patri
3233 5048 3287 5093 et
3326 5037 3549 5109 Spiritui
3594 5047 3779 5090 sancto

2198 5139 2387 5209 gloria,
2418 5138 2726 5207 imperium,
2757 5137 2954 5206 honor,
2988 5150 3128 5193 nunc
3154 5142 3208 5190 et
3235 5147 3485 5202 semper,
3515 5127 3645 5185 etin
3674 5142 3780 5183 sa:-

2197 5231 2317 5287 cula
2342 5230 2683 5287 saeculorum.
2713 5232 2905 5285 Amen.
