4086 6164
375 369 478 427 3ῦῖ

1082 364 1140 421 s.
1179 358 1460 420 JOANNIS
1498 352 1971 416 cnnvsosrom
2012 351 2323 408 AntiliiEP.
2366 352 2896 416 CONSTANTINOP.

3547 367 3653 426 368

1086 474 3588 502 MM

1714 538 2052 603 HOMlLlA
2097 538 2255 602 Llll.

383 696 514 752 Cu.
557 694 648 750 26.
695 710 749 748 v.
790 693 878 749 30.
922 692 987 747 Et
1028 691 1310 747 exsurrexit
1348 704 1458 754 rex,
1510 701 1697 756 prteses
1736 693 1781 736 et
1828 679 1953 735 Ber—

445 790 575 852 nice,
605 796 653 842 et
685 789 772 858 qui
798 786 1085 841 assidebam
1124 785 1231 838 eis:
1271 782 1329 836 5i
1348 821 1359 833 .
1395 791 1439 834 et
1470 796 1585 833 cum
1618 777 1959 836 secessissent,

448 881 778 950 loquebantur
818 878 885 931 ad
923 878 1154 942 invicem,
1197 874 1416 928 dicentes
1446 887 1465 925 :
1499 870 1648 924 Nihil
1687 877 1846 922 morte
1875 874 1961 918 aut

447 975 662 1028 vinculis
697 974 907 1041 dignum
938 971 1055 1040 fecit
1086 970 1167 1022 hic
1196 969 1365 1022 homo.
1408 965 1497 1021 52.
1528 964 1758 1034 Agrippa
1795 968 1963 1013 autem

453 1066 498 1120 F
499 1076 604 1121 esto
632 1066 759 1119 dixit
788 1080 807 1119 :
836 1063 1035 1117 Dimitti
1062 1070 1255 1132 poterat
1285 1060 1433 1113 homo
1461 1057 1560 1122 hic,
1590 1056 1634 1108 si
1660 1070 1759 1107 non
1787 1050 1963 1122 appel-

449 1161 600 1213 lasset
625 1155 897 1212 Cwsarcm.

451 1251 505 1304 1.
551 1248 684 1304 Vide
708 1244 977 1318 quomodo
1000 1259 1210 1300 rursum
1234 1258 1329 1312 pro
1352 1242 1442 1296 illo
1471 1236 1735 1295 calculum
1757 1233 1961 1289 ferunt:

378 1343 541 1397 etiam
581 1348 858 1410 postquam
904 1336 1094 1392 Festus
1135 1335 1365 1399 dixerat,
1411 1329 1636 1394 Insanis,
1682 1327 1967 1381 absolvunt

380 1434 555 1501 illum,
594 1447 699 1487 non
728 1431 900 1487 solum
928 1445 959 1485 a
990 1435 1184 1492 morte,
1231 1424 1325 1479 sed
1352 1423 1511 1477 etiam
1556 1435 1586 1473 a
1614 1416 1872 1479 vinculis;
1903 1428 1965 1469 ac

381 1526 594 1580 demum
620 1521 947 1579 dimisissent
977 1519 1075 1574 nisi
1108 1518 1374 1572 Cazsarem
1406 1511 1742 1583 appellasset.
1768 1506 1964 1561 Verum

384 1620 486 1673 hoc
515 1633 579 1673 ex
605 1613 936 1686 providentia
959 1610 1155 1666 factum
1177 1616 1251 1663 est
1276 1625 1291 1673 ;
1321 1620 1427 1660 non
1448 1604 1619 1658 Solum
1642 1610 1819 1654 autem
1841 1599 1961 1665 hoc,

382 1711 474 1766 sed
509 1711 671 1765 etiam
722 1706 861 1778 quod
910 1721 1029 1760 cum
1066 1701 1289 1757 vinculis
1331 1699 1520 1752 abiret.
1560 1694 1684 1749 ldeo
1723 1692 1962 1758 dicebat,

386 1801 556 1872 Usque
583 1799 653 1853 ad
688 1798 890 1853 vincuia
919 1796 1063 1866 quasi
1101 1794 1231 1847 male
1273 1805 1488 1861 aperans
1528 1787 1603 1857 (2.
1640 1784 1774 1839 Tim.
1804 1782 1858 1836 2.
1883 1782 1961 1851 9).

380 1895 435 1949 Si
488 1894 630 1949 enim
692 1892 949 1946 Dominus
996 1888 1113 1958 ejus
1157 1901 1278 1941 cum
1333 1883 1526 1952 iniquis
1571 1886 1844 1949 reputatus
1886 1885 1969 1931 est

385 1984 578 2053 (Marc.
609 1985 699 2039 i5.
726 1983 843 2051 28),
887 1980 1058 2035 multo
1089 1978 1254 2047 magis
1289 1975 1402 2039 hic;
1437 1972 1529 2027 sed
1559 1972 1696 2025 sicut
1738 1969 1825 2023 ille
1852 1968 1967 2037 glo-

384 2076 516 2130 riam
549 2091 654 2130 non
694 2074 938 2138 curavit,
971 2072 1041 2125 ita
1090 2083 1264 2138 neque
1307 2066 1416 2123 hic.
1457 2060 1783 2117 Admirabile
1825 2057 1967 2113 enim

383 2176 489 2234 est,
517 2166 658 2236 quod
687 2166 826 2220 inter
849 2163 967 2217 illos
996 2162 1213 2225 mixtus,
1239 2157 1367 2212 nihil
1393 2154 1515 2210 inde
1546 2152 1724 2208 damni
1746 2164 1968 2219 accepe-

384 2271 472 2315 rit.
506 2258 673 2330 (Cap.
701 2249 820 2319 27.)
846 2274 865 2307 ι
896 2256 947 2310 1.
976 2253 1045 2309 Ut
1076 2263 1252 2307 autem
1303 2250 1577 2305 decretum
1616 2245 1747 2309 iuit,
1781 2252 1838 2298 ut
1872 2255 1970 2296 nos

386 2352 757 2422 navigaremus
787 2349 840 2402 in
870 2346 1095 2411 Italiam,
1130 2342 1462 2398 tradiderunt
1488 2339 1709 2395 Paulum
1737 2344 1791 2391 et
1810 2348 1972 2405 quos-

390 2446 511 2498 dam
543 2443 679 2497 alios
707 2443 913 2494 vinctos
940 2437 1259 2500 centurioni,
1300 2434 1515 2488 nomine
1543 2431 1703 2498 Julio,
1732 2428 1972 2485 cohortis

386 2542 662 2608 Augustae.
700 2535 755 2590 2.
791 2536 1096 2588 Conscensa
1129 2529 1249 2583 navi
1276 2526 1646 2591 Adrumetina,
1678 2522 1971 2593 navigaturi

388 2631 531 2684 circa
576 2628 719 2683 Asia:
763 2626 878 2680 loca
942 2623 1223 2687 solvimus,
1271 2626 1649 2690 perseverante
1694 2616 1970 2671 nobiscum

392 2718 706 2776 Aristarcho
748 2716 1039 2772 Macedone
1079 2712 1566 2771 Thessalonicensi.
1617 2710 1671 2765 '5.
1714 2707 1972 2778 Sequenti

388 2824 565 2868 autem
593 2812 681 2868 die
706 2811 1009 2882 appulimus
1038 2809 1312 2864 Sidonem.
1344 2823 1365 2858 ι
1401 2804 1534 2860 Vide
1561 2817 1838 2875 quousque
1876 2814 1974 2856 co-

390 2907 611 2962 mitatur
637 2904 858 2959 Paulum
905 2900 1265 2957 Aristarchus.
1303 2898 1446 2953 Bene
1488 2898 1651 2952 etiam
1692 2905 1746 2950 et
1777 2893 1976 2949 utiliter

390 2999 545 3054 adest
586 2995 950 3061 Aristarchus,
983 2995 1163 3049 omnia
1195 2993 1247 3047 in
1279 2990 1588 3046 Macedonia
1637 2997 1972 3043 narraturus.

397 3109 419 3144 t
451 3088 763 3144 llumaniter
790 3093 968 3139 autem
1003 3092 1237 3137 tractans
1265 3081 1440 3136 Julius
1463 3081 1711 3145 Paulum,
1738 3078 1979 3148 permisit

393 3179 459 3235 ad
490 3178 691 3232 amicos
719 3177 816 3242 ire,
849 3183 903 3230 et
927 3189 1111 3230 curam
1139 3173 1221 3227 sui
1249 3186 1434 3242 agere.
1477 3172 1531 3226 4.
1583 3171 1651 3225 Et
1696 3168 1820 3226 inde
1857 3184 1976 3224 cum

395 3271 765 3335 Solvissemus,
784 3267 1250 3338 subnavigavimus
1267 3264 1521 3337 Cyprum,
1545 3278 1611 3320 eo
1634 3262 1776 3334 quod
1799 3271 1980 3318 essent

394 3363 539 3418 venti
582 3359 858 3416 contrarii.
892 3376 912 3412 ι
958 3357 1214 3421 Permisit,
1272 3356 1461 3425 inquit,
1516 3352 1711 3419 Julius,
1753 3352 1980 3407 Paulum

395 3452 681 3507 humaniter
733 3458 975 3505 tractans.
1025 3448 1168 3502 Bene
1212 3446 1315 3501 hoc
1356 3445 1615 3516 permisit,
1644 3453 1703 3499 ut
1729 3444 1795 3499 ad
1823 3454 1980 3499 notos

394 3542 666 3615 profectus
707 3549 985 3595 curaretur
1011 3555 1024 3593 :
1051 3538 1344 3595 verisimile
1372 3538 1516 3593 enim
1544 3546 1647 3602 est,
1688 3553 1809 3592 eum
1841 3537 1981 3591 male

401 3634 646 3689 habuisse
693 3647 720 3686 a
751 3631 998 3695 vinculis,
1043 3645 1075 3685 a
1113 3640 1295 3695 metu,
1343 3644 1373 3683 a
1406 3629 1813 3700 raptationibus.
1847 3628 1981 3684 Vide

396 3725 665 3797 quomodo
696 3724 797 3779 hoc
822 3738 929 3779 non
952 3722 1205 3788 occultet,
1230 3721 1371 3792 quod
1394 3736 1577 3776 curam
1605 3721 1684 3775 sui
1712 3719 1978 3775 habuerit.

396 3820 606 3875 Rursus
632 3818 977 3883 tentationes,
1018 3829 1209 3870 rursus
1236 3814 1379 3869 venti
1406 3814 1681 3869 contrarii.
1724 3813 1856 3869 Vide
1885 3829 1982 3883 per

399 3910 577 3963 omnia
604 3908 766 3962 vitam
794 3916 1098 3962 sanctorum
1121 3906 1198 3961 sic
1220 3905 1429 3960 contexi
1458 3924 1470 3959 :
1501 3903 1797 3974 effugerant
1818 3904 1982 3957 tribu-

399 4001 507 4065 nal,
542 4010 597 4053 et
624 3999 866 4054 incidunt
885 4000 935 4052 in
966 3996 1296 4067 naufragium
1324 4004 1378 4051 et
1409 4004 1810 4064 tempestatem;
1839 3995 1981 4066 quod

404 4090 647 4145 indicans
694 4089 909 4161 pergit:
946 4106 965 4140 ι
991 4089 1045 4143 5.
1083 4087 1152 4143 Et
1196 4088 1411 4157 pelagus
1460 4087 1601 4141 inter
1645 4084 1881 4140 Ciliciam
1929 4094 1984 4140 et

400 4179 768 4253 Pamphyliam
796 4178 1022 4245 emensi,
1054 4178 1396 4250 pervenimus
1419 4176 1640 4248 Myram,
1672 4192 1791 4246 qum
1817 4187 1898 4232 est
1930 4177 1982 4231 in

402 4272 585 4344 Lycia.
612 4272 665 4327 6.
697 4272 763 4326 Et
784 4271 854 4327 ibi
883 4271 1122 4326 centurio
1144 4278 1328 4324 nactus
1360 4283 1547 4322 navem
1571 4267 1983 4322 Alexandrinam

410 4367 745 4437 navigantem
800 4364 854 4418 in
912 4363 1138 4431 Italiam,
1196 4360 1463 4417 transtulit
1513 4375 1611 4416 nos
1656 4361 1709 4415 in
1765 4360 1980 4415 illam.»

408 4457 645 4525 Nactus,
688 4458 877 4527 inquit,
919 4472 1095 4509 navem
1146 4454 1565 4507 Alexandrinam.
1611 4451 1868 4522 Apposite
1900 4453 1985 4506 in-

405 4553 638 4618 venitur,
694 4561 751 4605 ut
798 4549 872 4604 illi
918 4565 1037 4619 qum
1103 4550 1325 4604 Paulum
1392 4547 1705 4616 Spectabunt
1762 4547 1813 4598 in
1862 4545 1986 4599 Asia

407 4644 743 4706 nuntiarent,
776 4652 829 4697 et
868 4641 921 4694 hi
972 4642 1022 4695 in
1054 4641 1235 4711 Lycia.
1267 4639 1401 4695 Vide
1443 4638 1612 4693 Deum
1659 4637 1789 4690 nihil
1835 4638 1990 4689 inno-

410 4749 560 4800 vare,
601 4732 733 4787 nihil
779 4741 1005 4795 mutare,
1053 4731 1146 4785 sed
1192 4730 1504 4800 permittere
1544 4743 1664 4782 eum
1703 4727 1988 4781 contrariis

410 4822 588 4878 ventis
624 4821 893 4891 navigare.
936 4820 1039 4876 Sed
1066 4820 1225 4874 etiam
1266 4820 1344 4874 sic
1373 4819 1685 4873 miraculum
1715 4825 1985 4887 operatur.

412 4914 483 4970 Ut
512 4922 626 4968 tuto
656 4913 924 4984 navigent,
956 4929 1060 4967 non
1095 4913 1220 4967 sinit
1249 4926 1341 4967 eos
1372 4912 1424 4965 in
1451 4911 1667 4982 pelagus
1712 4925 1770 4966 se
1795 4910 1990 4964 immit-

414 5016 550 5069 tere,
583 5004 677 5061 sed
706 5019 919 5073 semper
936 5004 1089 5075 juxta
1118 5014 1313 5058 terram
1355 5000 1691 5072 navigabant.
1727 5019 1747 5053 ‹
1779 5002 1986 5055 Etcum

416 5096 599 5152 multis
624 5096 811 5151 diebus
841 5095 990 5149 tarde
1012 5095 1382 5163 navigaremus
1398 5102 1453 5149 et
1476 5094 1561 5147 vix
1587 5092 1987 5148 devenissemus

413 5197 600 5241 contra
635 5184 884 5253 Cnidum,
924 5183 1241 5254 prohibente
1279 5199 1377 5238 nos
1404 5192 1583 5250 vento,
1622 5184 1992 5253 subnavigavi-

412 5292 535 5335 mus
562 5277 735 5332 Creta:
756 5277 905 5347 juxta
930 5276 1254 5341 Salmonea;
1288 5276 1341 5331 8.
1369 5284 1423 5330 et
1438 5277 1525 5330 vix
1561 5277 1993 5345 praeterlcgentcs

415 5372 588 5438 illam,
610 5372 950 5441 pervenimus
980 5371 1032 5426 in
1060 5372 1232 5426 locum
1257 5369 1541 5437 quemdam
1566 5381 1833 5435 vocatum,
1858 5370 1991 5425 Boni

419 5475 625 5532 portus,
663 5464 811 5534 juxta
855 5479 1012 5534 quem
1058 5478 1222 5534 prope
1262 5464 1450 5518 civitas
1480 5462 1683 5520 Lasara.
1730 5462 1784 5517 9.
1830 5461 1994 5518 Multo

419 5563 596 5609 autem
630 5567 866 5626 tempore
895 5566 1132 5626 peracto,
1178 5566 1378 5610 etcum
1406 5555 1515 5624 jam
1563 5570 1669 5609 non
1712 5562 1855 5609 esset
1884 5563 1991 5606 tuta

421 5644 705 5714 navigatio.
732 5642 805 5701 eo
821 5648 960 5716 quod
987 5647 1247 5714 jejunium
1270 5647 1380 5716 jam
1411 5645 1772 5714 praeteriisset,
1806 5644 1993 5698 admo-

426 5735 588 5793 nebat
612 5749 705 5790 eos
722 5735 941 5801 Paulus,
970 5736 1054 5789 10.
1081 5737 1263 5791 dicens
1288 5756 1301 5791 :
1330 5736 1518 5803 Video,
1551 5737 1670 5801 viri,
1705 5734 1846 5805 quod
1875 5749 1994 5787 cum

426 5826 619 5896 injuria
647 5836 699 5881 ct
733 5827 898 5883 multo
922 5827 1116 5882 damno
1156 5844 1260 5883 non
1305 5828 1481 5885 solum
1525 5829 1702 5886 oneris
1743 5837 1797 5883 et
1823 5830 1992 5897 navis,

2067 682 2159 736 Sed
2186 682 2348 740 etiam
2380 687 2678 745 animarum
2722 703 3024 750 nostrarum
3059 696 3246 768 incipit
3278 716 3401 759 esse
3438 709 3654 777 naviga-

2068 773 2146 826 tio
2196 775 2567 834 H.Centurio
2601 792 2779 838 autem
2809 784 3153 855 gubernatori
3176 800 3230 845 et
3256 794 3510 854 nauclero
3533 773 3648 853 nia-

2067 864 2148 932 gis
2193 866 2466 935 credebat,
2497 887 2656 940 quam
2702 875 2765 929 iis
2791 916 2805 941 ,
2836 893 2956 941 quae
2983 879 3298 943 dicebantur
3339 900 3368 938 a
3411 886 3595 945 Paulo.
3629 911 3649 944 ι

2069 953 2335 1024 Jejunium
2366 958 2465 1015 hoc
2493 963 2684 1032 opinor
2714 967 2819 1021 diei
2840 967 3164 1026 Judazorum.
3197 973 3329 1030 Nam
3362 990 3479 1047 post
3514 981 3651 1039 Pett-

2073 1052 2311 1103 tecosten
2354 1052 2598 1108 exierant
2644 1057 2790 1112 illinc
2821 1069 2939 1128 post
2965 1063 3191 1119 multum
3232 1076 3460 1138 tempus,
3504 1083 3562 1128 ut
3602 1077 3652 1130 in

2070 1136 2184 1206 ipsa
2226 1138 2341 1195 fere
2385 1142 2559 1199 hieme
2598 1150 2843 1203 venerint
2890 1152 2942 1205 in
2984 1165 3162 1222 partes
3203 1136 3393 1217 Cretae.
3448 1164 3514 1218 Et
3552 1166 3655 1224 hoc

2069 1242 2284 1323 quoque
2332 1248 2454 1328 non
2487 1251 2707 1328 parvum
2756 1242 3091 1312 miraculum,
3134 1251 3274 1318 quod
3320 1253 3393 1307 illi
3439 1269 3656 1328 propter

2071 1330 2214 1374 nunc
2260 1323 2455 1377 servati
2499 1326 2625 1380 sint.
2684 1327 2808 1397 Viri,
2851 1334 2992 1387 video
3042 1339 3179 1405 quod
3212 1356 3328 1394 cum
3367 1323 3558 1414 injuria
3610 1361 3655 1403 et

2070 1412 2227 1465 multo
2265 1414 2472 1484 damno,
2509 1418 2701 1488 inquit,
2741 1439 2841 1477 non
2887 1426 3051 1480 solum
3076 1434 3240 1485 oneris
3269 1442 3316 1486 et
3358 1412 3521 1506 navis,
3568 1443 3655 1494 sed

2072 1504 2223 1558 etiam
2251 1511 2537 1564 animarum
2567 1521 2853 1569 nostrarum
2888 1518 3067 1584 incipit
3103 1536 3208 1575 esse
3246 1504 3519 1596 navigatio.
3555 1529 3657 1584 Ita-

2071 1612 2174 1666 que
2218 1599 2411 1656 Paulus
2435 1602 2596 1673 jussit
2642 1622 2891 1675 manere,
2943 1620 2997 1665 et
3038 1609 3211 1668 futura
3245 1618 3528 1686 prindix‘it;
3582 1624 3655 1679 illi

2074 1703 2201 1742 vero
2233 1692 2562 1761 festinantes,
2586 1711 2707 1751 cum
2740 1714 2769 1752 a
2792 1700 2909 1755 loco
2938 1702 3373 1778 prohiberentur,
3407 1713 3657 1771 volebant

2073 1777 2122 1831 in
2153 1778 2404 1835 Pbtnnice
2433 1784 2748 1853 hybernare.

2142 1870 2196 1924 2.
2244 1872 2402 1938 Vide,
2448 1890 2660 1944 quzt'so,
2706 1879 3199 1951 dispensationem:
3224 1890 3397 1959 primo
3437 1895 3650 1964 quidem

2075 1966 2247 2017 navim
2279 1967 2571 2037 solverunt,
2603 1971 2987 2045 abieruntque;
3015 1977 3208 2037 deinde
3233 1992 3292 2037 ut
3313 1985 3489 2040 incidit
3518 2004 3650 2041 vcn-

2076 2063 2179 2119 tus,
2211 2056 2473 2112 dederunt
2496 2075 2554 2115 se
2585 2060 2802 2132 ferenti,
2829 2077 2883 2121 et
2905 2068 2989 2122 vix
3015 2074 3387 2130 servabantur.
3418 2078 3504 2132 12.
3540 2096 3559 2129 ι
3590 2081 3654 2135 Et

2074 2162 2193 2201 cum
2225 2160 2379 2220 aptus
2410 2163 2594 2222 portus
2630 2172 2735 2211 non
2779 2170 2924 2216 esset
2968 2162 3034 2217 ad
3067 2164 3493 2238 hybernandum,
3540 2173 3658 2243 pitt-

2076 2240 2195 2294 rimi
2223 2252 2523 2299 statuerunt
2551 2249 2831 2305 consilium
2866 2255 3115 2325 navigare
3141 2257 3286 2327 inde,
3314 2262 3359 2316 si
3389 2240 3661 2332 quomodo

2077 2342 2316 2424 possent,
2346 2339 2585 2404 pervecti
2611 2339 2922 2410 Phoenicen,
2956 2346 3064 2401 illic
3094 2347 3414 2419 hybernare,
3446 2367 3659 2424 portum

2076 2420 2249 2478 Creta:
2271 2426 2642 2496 respicientem
2674 2433 2739 2485 ad
2766 2433 2990 2490 africum
3022 2447 3077 2492 et
3103 2439 3361 2497 Chorum.
3389 2420 3471 2499 13.
3506 2448 3662 2517 ASpi-

2077 2522 2229 2568 rante
2252 2524 2429 2571 autem
2475 2531 2679 2589 austro,
2713 2534 2959 2593 putantes
2990 2532 3316 2600 propositum
3349 2550 3407 2590 se
3453 2546 3659 2608 tenere,

2077 2617 2195 2657 cum
2227 2607 2509 2664 solvissent
2530 2613 2686 2678 Asso,
2711 2618 3153 2689 praeterlegebant
3174 2621 3409 2682 Cretam.
3445 2629 3531 2684 14.
3562 2631 3661 2685 Ve-

2078 2712 2197 2751 rum
2221 2698 2361 2754 haud
2389 2702 2554 2757 multo
2584 2714 2701 2774 post
2721 2719 2937 2763 coortus
2962 2720 3044 2767 est
3068 2723 3253 2769 contra
3274 2717 3445 2786 ipsam
3470 2736 3663 2779 ventus

2080 2790 2430 2861 typhonicus,
2484 2796 2573 2864 qui
2618 2807 2837 2853 vocatur
2888 2800 3247 2874 Euroaquilo;
3294 2809 3382 2864 15.
3433 2825 3664 2882 cumque

2081 2892 2328 2952 correpta
2356 2894 2501 2940 esset
2526 2888 2695 2956 navis,
2726 2905 2824 2945 nec
2845 2904 3024 2960 posset
3055 2905 3213 2951 vento
3238 2901 3510 2973 resistere,
3540 2902 3663 2959 data

2081 2974 2200 3027 navi
2232 2974 2444 3032 ﬂatibus
2470 2978 2788 3035 ferebamur.
2816 2983 2899 3038 16.
2930 2984 2986 3039 In
3014 2985 3242 3043 insulam
3272 3002 3451 3047 autem
3473 3010 3665 3065 quam-

2081 3064 2204 3120 dam
2232 3066 2438 3123 devecti
2469 3072 2685 3127 nomine
2705 3071 2978 3143 Claudam,
3007 3079 3094 3133 vix
3125 3083 3391 3148 potuimus
3415 3064 3665 3144 obtinere

2082 3157 2353 3226 scapham.
2387 3161 2473 3215 17.
2506 3162 2617 3229 Qua
2650 3165 2877 3232 sublata,
2909 3168 3185 3238 adjutoriis
3214 3175 3500 3231 utebantur
3529 3181 3662 3235 sub-

2081 3248 2358 3318 cingentes
2387 3267 2601 3321 navem,
2636 3255 2883 3313 timentes
2912 3274 2980 3314 ne
3006 3260 3058 3314 in
3102 3261 3303 3333 Syrtim
3344 3268 3663 3340 inciderent,

2082 3340 2330 3398 demissis
2361 3344 2491 3399 velis
2536 3346 2604 3399 ita
2637 3347 2956 3406 ferebantur.
2994 3354 3076 3408 18.
3121 3355 3251 3410 Cum
3281 3368 3460 3415 autem
3494 3363 3655 3420 veheo

2084 3435 2249 3487 menti
2300 3444 2616 3506 tempestate
2650 3440 2998 3512 jactaremur,
3044 3449 3288 3516 sequenti
3330 3451 3417 3507 die
3468 3454 3665 3524 jactum

2082 3525 2467 3586 fecerunt:i9.
2524 3547 2588 3588 ac
2631 3536 2788 3588 tertio
2827 3535 2914 3591 die
2955 3540 3150 3593 nostris
3197 3544 3443 3599 manibus
3487 3561 3666 3603 arma-

2084 3630 2263 3672 menta
2286 3621 2435 3674 navis
2462 3622 2806 3693 projecimus.
2833 3626 2917 3681 20.
2953 3627 3135 3698 Neque
3155 3640 3332 3687 autem
3357 3637 3471 3691 sole
3494 3654 3668 3709 neque

2084 3711 2348 3767 sideribus
2373 3717 2749 3783 apparentibus
2775 3734 2868 3788 per
2898 3720 3074 3789 plures
3097 3723 3233 3791 dies,
3265 3738 3317 3782 et
3350 3740 3669 3800 tempestate

2086 3818 2192 3858 non
2222 3806 2409 3875 exigua
2452 3808 2783 3875 imminente,
2812 3814 2924 3880 jam
2964 3815 3139 3870 ablata
3185 3828 3301 3873 erat
3339 3825 3517 3877 omnis
3546 3840 3669 3894 spes

2085 3896 2269 3951 salutis
2309 3909 2528 3953 nostra).
2556 3899 2646 3955 2Ι.
2677 3900 2826 3957 Tunc
2856 3915 3005 3959 stans
3032 3907 3228 3963 Paulus
3253 3909 3305 3964 in
3338 3913 3517 3968 medio
3547 3916 3666 3970 illo-

2085 4003 2201 4042 rum
2220 3989 2373 4044 dixit.
2419 4008 2439 4042 ι
2472 3991 2634 4046 Vide:
2667 4004 2785 4063 post
2807 4004 3006 4052 tantam
3033 4008 3402 4069 tempestatem
3430 4022 3537 4061 non
3567 4009 3669 4063 illis

2088 4080 2346 4136 insultans
2389 4081 2505 4136 haec
2533 4084 2783 4153 loquitur,
2836 4088 2928 4141 sed
2964 4098 3019 4142 ut
3051 4092 3132 4146 vel
3164 4093 3215 4146 in
3246 4105 3518 4163 posterum
3568 4099 3669 4153 sibi

2087 4172 2331 4227 credant.
2364 4171 2517 4228 Unde
2559 4182 2613 4229 et
2637 4190 2755 4244 quae
2786 4189 3075 4234 evenerant
3105 4182 3157 4236 in
3188 4184 3550 4241 testimonium
3580 4204 3668 4242 as-

2089 4264 2251 4317 sumit
2295 4265 2534 4321 veritatis
2575 4281 2781 4334 eorum,
2827 4284 2945 4339 qua:
2988 4272 3225 4328 dicturus
3269 4285 3403 4330 erat.
3451 4277 3521 4332 Et
3565 4279 3670 4335 duo

2092 4355 2364 4424 praedicit:
2390 4367 2443 4412 et
2483 4360 2625 4429 quod
2666 4360 2717 4415 in
2758 4362 2981 4417 insulani
3021 4369 3328 4421 exsccnsuri
3367 4380 3572 4438 essent,
3618 4381 3672 4427 et

2090 4446 2230 4516 quod
2263 4448 2414 4503 navis
2446 4450 2703 4518 peritura,
2731 4463 2975 4508 vectores
3003 4466 3183 4510 autem
3210 4461 3456 4513 servandi
3489 4474 3672 4517 essent

2092 4537 2252 4607 (quod
2280 4553 2388 4592 non
2417 4539 2719 4609 conjectura
2749 4554 2888 4611 erat,
2950 4545 3041 4599 scd
3067 4547 3400 4618 prophetia);
3423 4552 3673 4623 quodque

2093 4628 2207 4698 ipse
2232 4627 2430 4684 Caesari
2458 4632 2728 4687 sistendus
2754 4644 2917 4689 esset.
2956 4634 3085 4691 Illud
3126 4649 3303 4693 autem
3334 4643 3475 4711 quod
3514 4644 3669 4713 dixit,

2094 4720 2315 4776 Donavit
2361 4723 2449 4778 tibi
2488 4726 2626 4780 Deus
2668 4744 2861 4792 omnes,
2895 4744 2998 4783 non
3037 4734 3357 4801 arrogantiae
3397 4747 3535 4800 erat,
3580 4739 3673 4793 sed

2093 4816 2318 4870 Volentis
2345 4828 2585 4873 vectores
2611 4818 2678 4874 ad
2703 4820 2857 4874 fidem
2877 4820 3140 4877 adducere
3166 4844 3178 4876 :
3205 4839 3325 4879 nam
3351 4842 3460 4880 non
3493 4836 3553 4882 ut
3573 4829 3672 4884 sibi

2092 4912 2316 4981 gratiam
2351 4910 2627 4976 haberent,
2668 4912 2760 4968 sed
2802 4924 2857 4968 ut
2896 4914 3053 4969 dictis
3095 4916 3206 4971 suis
3244 4918 3548 4985 crederent,
3597 4921 3675 4976 sic

2095 5003 2344 5073 loquutus
2392 5012 2489 5059 est.
2541 5004 2672 5060 Illud
2715 5021 2863 5073 vero,
2910 5005 3127 5062 Donavit
3168 5009 3259 5062 tibi
3305 5009 3461 5078 Deus,
3509 5014 3676 5068 Paulo

2095 5093 2293 5149 dictum
2326 5106 2440 5160 est;
2471 5110 2533 5150 ac
2556 5097 2598 5150 si
2620 5094 2839 5151 dixisset
2870 5097 3056 5167 :Digni
3080 5098 3292 5168 quidem
3324 5113 3497 5157 morte
3527 5114 3673 5171 sunt,

2096 5189 2217 5259 quia
2262 5203 2366 5243 non
2395 5188 2746 5254 obedierunt;
2780 5205 2962 5244 verum
3003 5191 3055 5244 in
3093 5192 3166 5246 tui
3206 5193 3430 5262 gratiam
3461 5195 3563 5250 hoc
3595 5198 3673 5254 lit.

2103 5280 2235 5334 «21.
2281 5280 2341 5334 Et
2389 5295 2507 5334 cum
2558 5280 2719 5333 multa
2760 5280 2933 5335 inedia
2978 5290 3140 5348 esset,
3168 5302 3186 5333 ι
3235 5284 3427 5354 inquit,
3481 5305 3500 5337 ί
3530 5296 3678 5342 stans

2101 5371 2296 5426 Paulus
2326 5372 2378 5424 in
2410 5371 2586 5426 medio
2628 5386 2813 5425 eorum
2843 5372 2978 5427 dixit
2999 5392 3013 5427 ;
3037 5374 3329 5443 Oportebat
3365 5376 3605 5444 quidem,
3644 5391 3680 5433 o

2102 5461 2220 5525 viri,
2248 5461 2433 5516 audire
2459 5478 2563 5527 me,
2598 5477 2699 5516 nec
2729 5463 2937 5518 solvere
2971 5479 3001 5517 a
3042 5462 3218 5529 Creta,
3252 5481 3314 5519 ac
3340 5468 3511 5521 vitare
3541 5467 3678 5523 hanc

2101 5554 2345 5622 injuriam
2389 5554 2745 5623 ctjactnram.
2796 5554 2885 5608 22.
2933 5554 3003 5609 Et
3047 5571 3189 5611 nunc
3217 5554 3405 5611 hortor
3445 5573 3580 5623 vos,
3623 5567 3681 5613 ut

2101 5645 2241 5700 bono
2279 5645 2461 5700 animo
2490 5646 2606 5699 sitis
2634 5647 2871 5716 :jactura
2912 5647 3053 5701 enim
3086 5647 3277 5701 anima:
3305 5649 3449 5702 nulla
3480 5651 3584 5703 erit
3615 5665 3679 5703 ex

2100 5739 2269 5802 vobis,
2301 5737 2393 5792 scd
2424 5747 2627 5791 tantum
2658 5739 2829 5794 navis.
2868 5738 2958 5794 25.
2991 5737 3206 5793 Adstitit
3233 5738 3377 5793 enim
3418 5739 3547 5793 mihi
3582 5739 3681 5794 hac

2108 5838 2259 5887 nocte
2285 5829 2505 5902 angelus
2533 5829 2648 5897 Dei,
2679 5831 2828 5903 cujus
2857 5845 2997 5899 sum,
3036 5839 3090 5888 et
3123 5846 3280 5901 quem
3304 5832 3445 5896 colo,
3476 5833 3566 5891 26,
3601 5831 3680 5892 di-
