4086 6164
834 488 1141 505 *ι’-

428 491 809 508 ψ

1653 564 1806 640 [597]
1833 565 2083 619 OMIAIA
2131 565 2260 621 Νιν.

283 665 539 735 ⁴’.λλνέστη
568 663 634 718 δὲ
653 666 688 719 δ
712 659 1014 735 ,ϐασιλεὺς
1042 658 1140 735 καί
1165 658 1477 735 όᾳήγεμὼν,
1574 675 1638 713 τε
1660 658 1935 735 Βερνίκη,

345 736 444 791 καί
481 727 537 790 οὶ
567 727 1015 805 συγκαθήμενοι
1042 727 1281 805 -αὑᾲτοῖξ
1304 727 1459 805 καὶ
1498 727 1937 805 ἀναχωρήσςιξν-

350 822 446 871 τες
470 796 741 859 ἐλάλουν
764 796 916 872 πρός
937 796 1275 872 ἀλλήλρυς,
1301 800 1606 872 λέγοντες,
1630 796 1947 872 quam»

347 867 610 930 θανάτου
641 867 819 939 ἄξιον
872 867 913 940 ἦ
961 867 1206 940 δεσμῶν
1263 867 1527 940 πράσσει
1573 871 1606 922 d
1632 867 1946 940 ἄνθρωπος

343 942 545 1010 οὗτος.
564 936 889 1013 Ἀγρίππας
900 936 978 993 ’δὲ
1000 936 1083 1003 τῷ
1100 936 1317 1013 difﬂato)
1331 939 1446 1013 ἔφη
1471 956 1485 971 ο
1501 937 1946 1013 η’Δπολελύσθαι

346 1004 603 1140 ἔξῗᾶτο
634 1004 681 1068 ’ὂ
728 1004 1040 1083 ἅνθρωπος
1079 1004 1279 1075 οὗτος,
1339 1004 1390 1063 εἶ
1436 1004 1530 1080 μὴ
1575 1007 1947 1083 ἐπεκέκλητο

461 1098 639 1151 σαρα.

348 1170 421 1226 α’.
454 1169 595 1241 Ὅρα
625 1166 745 1230 πῶς
772 1166 869 1220 καὶ
899 1166 1062 1221 πάλιν
1094 1166 1234 1241 ὑπὲρ
1261 1165 1427 1221 αὐτοῦ
1455 1162 1782 1234 ψηφίζονται
1806 1178 1821 1192 ·
1850 1161 1947 1215 καὶ

278 1257 422 1330 μετά
448 1255 511 1310 τὸ
543 1258 737 1318 εἰπεῖν,
762 1254 983 1322 Μαίνῃ,
1016 1254 1239 1324 ἀφιᾶσιν
1268 1252 1451 1316 αὑτὸν,
1475 1251 1536 1304 οὐ
1557 1250 1651 1305 τοῦ
1687 1250 1944 1313 Θανάτου,

277 1345 418 1400 ἀλλά
449 1343 545 1398 καὶ
567 1343 675 1397 τῶν
729 1340 944 1413 δεσμῶν
980 1357 994 1371 ·
1033 1341 1126 1395 κα)⁵
1170 1340 1353 1394 τέλεον
1397 1338 1463 1394 ἂν
1511 1338 1754 1409 ἀφῆκαν,
1785 1338 1834 1391 εἰ
1869 1336 1946 1410 μὴ

276 1431 537 1502 Καίσαρα
563 1429 919 1500 ἐπεκέκλητο.
953 1428 1114 1483 Ἀλλά
1138 1426 1293 1482 τοῦτο
1314 1426 1677 1498 οἰκονομικῶς
1700 1426 1942 1495 γέγονεν’

276 1516 339 1569 ού
373 1516 533 1586 μόνον
553 1514 612 1568 δέ
638 1512 816 1579 τοῦτο,
851 1511 987 1566 ἀλλά
1028 1511 1123 1565 καὶ
1173 1511 1235 1565 τὸ
1267 1510 1405 1581 μετά
1431 1510 1645 1580 δεσμῶν
1667 1508 1945 1563 ἀπελθεῖν.

279 1601 382 1656 Διά
405 1599 564 1655 τοῦτο
590 1599 743 1669 ἔλεγε
767 1609 788 1631 ⁸
817 1615 832 1630 ·
865 1598 1054 1667 Μέχρι
1103 1595 1346 1666 δεσμῶν
1373 1597 1456 1663 ὡς
1491 1595 1847 1665 κακοῦργος.
1884 1596 1948 1649 Et

277 1690 388 1762 γὰρ
411 1691 441 1745 ό
474 1687 679 1760 Κύριος
697 1686 865 1743 αὐτοῦ
888 1688 1026 1758 μετά
1048 1686 1267 1756 ἀνόμων
1293 1683 1569 1755 ἐλογίσθη,
1602 1682 1783 1753 πολλῷ
1809 1683 1948 1753 μᾶλ-

278 1775 373 1831 λον
410 1768 568 1840 οὗτος
597 1793 612 1807 ’
649 1775 765 1831 ἀλλ’
823 1774 1015 1844 ὥσπερ
1075 1773 1281 1837 ἐκεῖνος
1340 1771 1441 1825 ούκ
1489 1769 1814 1840 ἐκοινώνησε
1848 1769 1948 1836 τῆς

279 1855 459 1935 δόξης,
487 1862 659 1927 οὕτως
686 1862 810 1916 οὐδὲ
836 1856 1008 1924 οὗτος.
1040 1860 1114 1913 Τὸ
1136 1859 1246 1931 γὰρ
1280 1857 1590 1929 θαυμαστὸν
1618 1857 1739 1909 τότε
1765 1855 1950 1924 φαίνε-

278 1967 392 2017 ται,
414 1951 477 2005 τὸ
503 1949 946 2021 ἀναμεμιγμένον
982 1946 1189 2011 τούτοις
1244 1944 1412 2017 μηδὲν
1448 1943 1590 2014 παρ’
1615 1942 1795 1997 αὐτῶν
1818 1942 1948 2013 βλά-

280 2037 534 2092 πτεσθαι.
576 2036 677 2104 Ὠς
698 2035 768 2090 δὲ
812 2035 1018 2103 ἐκρίθη
1043 2032 1151 2087 τοῦ
1197 2030 1498 2086 ἀποπλεῖν
1525 2028 1684 2100 ἡμᾶς
1718 2032 1808 2095 είς
1833 2028 1952 2098 τὴν

293 2121 581 2188 Ἰταλίαν,
610 2121 974 2191 παρεδίδουν
996 2120 1104 2173 τόν
1127 2135 1192 2173 τε
1217 2118 1466 2172 Παῦλον
1490 2117 1591 2171 καί
1624 2131 1793 2184 τινας
1824 2116 1951 2171 έτέ-

271 2233 432 2286 ρους
477 2212 784 2283 δεσμώτας
848 2207 1258 2279 ἑκατοντάρχῃ
1283 2248 1298 2274 ,
1361 2207 1606 2277 ὀνόματι
1675 2208 1910 2270 Ἰουλίῳ
1932 2246 1949 2273 ,

278 2304 543 2373 σπείρας
571 2297 892 2368 Σεϐαστῆς.
943 2296 1286 2361 Ἐπιϐάντες
1329 2293 1399 2348 δὲ
1435 2295 1627 2362 πλοίῳ
1665 2292 1952 2363 ’Δδραμυο

279 2389 468 2458 τηνῷ,
499 2386 835 2459 μέλλοντες
865 2383 1045 2439 πλεῖν
1090 2383 1235 2450 τοὺς
1286 2382 1437 2436 κατὰ
1472 2381 1587 2450 thr
1617 2381 1829 2436 ⁹Ασίαν
1852 2381 1953 2434 τό-

279 2489 460 2542 πους,
508 2474 881 2544 ἀνήχθημεν,
920 2470 1095 2536 ὄντος
1160 2469 1283 2525 σὺν
1352 2468 1498 2537 ἡμῖν
1557 2467 1953 2538 Ἀριστάρχου

277 2563 629 2631 Μακεδόνος
656 2630 661 2635 ο
687 2558 1196 2626 Θεσσαλονικέως.
1237 2557 1317 2628 Τῇ
1351 2558 1421 2612 δέ
1456 2544 1626 2627 ἑτέρᾳ
1649 2556 1954 2627 κατήχθη-

271 2668 395 2722 μεν
410 2653 500 2718 είς
536 2647 787 2704 Σιδῶνα.
813 2648 958 2719 Ὅρα
998 2646 1157 2718 μέχρι
1181 2644 1285 2699 ποῦ
1310 2644 1629 2716 συνέρχεται
1655 2643 1732 2713 τῷ
1754 2643 1953 2714 Παύλῳ

278 2743 378 2794 καὶ
406 2737 785 2811 ’Δρίσταρχος.
805 2732 1001 2799 Καλῶς
1025 2734 1121 2787 καὶ
1141 2733 1433 2805 χρησίμως
1463 2731 1728 2803 πάρεστιν
1748 2733 1777 2784 ό
1809 2731 1865 2783 Ἀ
1875 2730 1956 2801 ρί-

280 2842 544 2899 σταρχος,
576 2825 788 2897 μέλλων
834 2823 1052 2878 ἅπαντα
1079 2820 1447 2890 ἀπαγγέλλειν
1493 2822 1572 2883 είς
1592 2817 1952 2873 Μακεδονίαν.

280 2910 718 2982 Φιλανθρώπως
737 2926 804 2964 τε
823 2912 857 2965 ό
901 2910 1154 2980 Ἰούλιος
1188 2904 1270 2972 τῷ
1309 2907 1527 2971 Παύλῳ
1549 2902 1952 2975 χρησάμενος,

278 2999 575 3071 ἐπέτρεψε
595 2997 751 3069 πρὸς
777 2997 921 3063 τοὺς
962 2995 1185 3066 φίλους
1212 2991 1582 3062 πορευθέντα
1613 2991 1956 3061 ἐπιμελείας

277 3088 513 3160 τυχεῖν.
555 3085 845 3143 Κάκεῖθεν
894 3081 1259 3152 ἀναχθέντες
1319 3083 1795 3148 ὑπεπλεύσαμεν
1838 3078 1956 3145 τὴν

278 3159 526 3246 Κύπρον
547 3174 648 3229 διὰ
674 3173 742 3228 τὸ
778 3159 923 3237 τοὺς
960 3170 1221 3240 ἀνέμους
1262 3168 1418 3222 εῖναι
1448 3167 1783 3232 ἐναντίους.
1812 3166 1954 3219 Ἐπ-

276 3263 497 3332 έτρεψε
514 3303 530 3329 ,
586 3260 738 3333 φησὶ,
791 3258 1066 3323 Ἰούλιος,
1120 3252 1553 3325 φιλανθρώπως
1599 3251 1680 3316 τῷ
1738 3253 1957 3318 Παύλῳ

278 3347 687 3422 χρησάμενος.
706 3344 902 3407 Καλῶς
936 3341 1109 3397 ποιῶν
1140 3339 1300 3417 τοῦτο
1320 3339 1630 3411 ἐπιτρέπει,
1660 3338 1802 3392 ὥστε
1836 3339 1957 3391 ἐπι-

283 3437 507 3511 μελείας
543 3436 727 3508 τυχεῖν
752 3432 1056 3490 ἀπελθόντα
1094 3428 1248 3502 παρά
1266 3430 1394 3492 τοὺς
1419 3426 1734 3498 γνωρίμους
1764 3443 1778 3458 ο
1809 3426 1957 3490 εἰκὸς

277 3528 391 3600 γάρ
413 3522 484 3598 ἦν
514 3525 677 3580 αὐτὸν
713 3522 823 3576 ἀπὸ
842 3518 1044 3590 πολλῆς
1079 3516 1376 3577 κακώσεως
1402 3512 1544 3569 εἶναι
1571 3515 1681 3568 τῶν
1714 3512 1953 3584 δεσμῶν,

276 3614 377 3668 τοῦ
402 3611 594 3682 φόϐου,
632 3609 730 3663 τοῦ
750 3606 980 3677 ἄγεσθαι
1022 3605 1117 3659 καὶ
1155 3602 1439 3676 φέρεσθαι.
1477 3602 1620 3673 Ὅρα
1669 3600 1786 3665 πῶς
1835 3600 1957 3653 οὐδὲ

278 3701 441 3756 τοῦτο
470 3698 729 3771 κρύπτει,
766 3696 848 3750 ὅτι
892 3693 1143 3748 ἐϐούλετο
1186 3688 1503 3762 ἐπιμελείας
1547 3692 1751 3758 τυχεῖν.
1787 3688 1957 3741 Πάλιν

281 3787 607 3859 πειρασμοὶ,
666 3782 831 3837 πάλιν
880 3780 1071 3851 ἄνεμοι
1127 3775 1381 3831 ἐναντίοι.
1416 3775 1561 3847 Ὅρα
1600 3774 1690 3828 διά
1740 3773 1957 3827 πάντων

278 3875 428 3930 οὕτω
455 3873 549 3927 τὸν
590 3871 704 3943 βίον
747 3869 856 3924 τῶν
892 3867 1062 3936 ἁγίων
1107 3863 1467 3934 ὑφαινόμενον
1502 3879 1517 3894 ·
1558 3860 1818 3931 ἐξέφυγον
1842 3862 1873 3901 Β
1895 3860 1959 3914 τὸ

278 3963 658 4035 δικαστήριον,
710 3958 806 4012 καὶ
842 3954 1236 4029 περιπίπτουσι
1269 3950 1512 4021 ναυαγίῳ
1545 3948 1642 4004 καὶ
1677 3948 1907 4035 χειμῶνι
1937 3964 1953 3979 ·

278 4052 312 4107 δ
337 4052 431 4106 καὶ
451 4048 652 4121 δηλῶν,
713 4046 908 4114 ἐπάγει
941 4057 955 4075 ο
1011 4042 1083 4097 Τό
1140 4057 1205 4094 τε
1258 4038 1523 4109 πέλαγος
1548 4036 1614 4090 τὸ
1648 4036 1802 4091 κατὰ
1842 4034 1958 4104 thr

279 4138 567 4195 Κιλικίαν
594 4133 693 4188 καὶ
728 4129 1093 4200 Παμφυλίαν
1133 4126 1635 4189 διαπλεύσαντες,
1666 4121 1933 4188 κατήλθο

275 4241 397 4296 μεν
429 4226 521 4288 είς
549 4223 721 4290 Μύρα
751 4218 863 4288 τῆς
901 4216 1146 4282 Λυκίας.
1174 4213 1362 4270 Κάκεῖ
1383 4211 1575 4281 εὑρὼν
1611 4213 1643 4264 ό
1685 4209 1959 4263 ἑκατόντ-

278 4328 472 4382 αρχος
499 4306 713 4363 πλοῖον
739 4302 1198 4370 Ἀλεξανδρῖνον
1220 4299 1412 4355 πλέον
1423 4301 1510 4364 εις
1532 4297 1648 4365 τὴν
1674 4296 1955 4358 Ἰταλίαν,

281 4399 647 4457 ἀνεϐίϐασεν
674 4392 833 4464 ἡμᾶς
871 4395 959 4458 εις
1010 4391 1183 4445 αὑτό.
1219 4387 1429 4456 Εὑρὼν
1480 4384 1718 4448 πλοῖον,
1771 4382 1957 4453 φησὶν,

294 4483 787 4552 ’Δλεξανδρῖνον.
828 4479 1068 4542 Εἰκότως
1098 4475 1442 4547 εὑρίσκεται,
1499 4472 1640 4525 ὥστε
1671 4469 1961 4532 κάκείνους

283 4574 625 4644 ἀπαγγεῖλαι
651 4575 731 4636 είς
757 4569 855 4641 τὴν
872 4569 1063 4623 Ἀσίαν
1094 4566 1164 4621 τὰ
1192 4564 1335 4620 κατὰ
1365 4563 1456 4617 τὸν
1478 4561 1686 4617 Παῦλον
1714 4562 1807 4616 καὶ
1833 4558 1959 4614 τού-

281 4680 416 4728 τους
437 4664 520 4726 εῖς
558 4663 658 4733 τὴν
716 4659 945 4714 Λυκίαν.
970 4657 1114 4727 Ὅρα
1137 4653 1228 4708 τὸν
1274 4651 1407 4705 Θεὸν
1456 4650 1608 4704 οὐδὲν
1654 4648 1962 4713 καινίζοντα

282 4752 412 4808 οὐδὲ
436 4748 858 4821 μεταϐάλλοντα,
887 4744 1022 4798 ἀλλά
1047 4742 1274 4813 ἀφιέντα
1297 4738 1456 4793 αὐτὸν
1478 4739 1557 4802 είς
1575 4739 1702 4802 τοὺς
1726 4737 1962 4808 ἀνέμους

284 4841 419 4903 τοὺς
450 4834 857 4906 ἀνεπιτηδείους
901 4832 1077 4885 πλεῖν.
1123 4827 1284 4883 Ἀλλά
1338 4826 1434 4881 καὶ
1482 4825 1625 4880 οὕτω
1667 4824 1852 4896 θαῦμα
1877 4824 1965 4895 ἐρ-

285 4928 542 4997 γάζεται.
575 4924 741 4977 ’Ὥστε
763 4921 873 4990 γάρ
899 4917 1158 4988 ἀσφαλῶς
1186 4917 1362 4982 πλεῖν,
1390 4916 1492 4969 οὐκ
1517 4913 1733 4984 ἀφῆκεν
1761 4912 1962 4976 αὐτοὺς

292 5011 449 5090 [398]
465 5014 547 5075 είς
569 5010 826 5077 πέλαγος,
849 5006 964 5061 ἀλλ’
983 5007 1069 5059 ἀεὶ
1087 5004 1235 5076 παρὰ
1251 5004 1353 5074 γῆν
1381 5002 1594 5056 ἔπλεον.
1613 5002 1708 5053 Ἐν
1729 4999 1965 5066 ἱκαναῖς

290 5103 362 5156 δὲ
405 5098 658 5171 ἡμέραις
701 5093 1236 5164 βραδυπλοοῦντες
1259 5131 1275 5154 ,
1316 5091 1415 5144 καὶ
1440 5091 1620 5159 μόλις
1657 5090 1966 5160 γενόμενοι

287 5189 446 5245 κατὰ
473 5186 591 5253 τὴν
612 5183 853 5243 Κνίδον,
882 5180 968 5249 μὴ
995 5178 1373 5247 προσεῶντος
1395 5177 1551 5246 ἡμᾶς
1589 5177 1694 5231 τοῦ
1716 5176 1962 5246 ἀνέμου,

289 5275 768 5342 ὑπεπλεύσαμεν
793 5268 908 5337 τὴν
923 5266 1162 5337 Κρήτην
1177 5265 1325 5320 κατὰ
1339 5264 1689 5333 Σαλμώνην·
1709 5265 1883 5333 μόλις
1902 5279 1966 5316 τε

291 5364 775 5435 παραλεγόμενοι
810 5355 1028 5423 αὐτὴν,
1052 5353 1316 5435 ήλθρμεν
1353 5355 1442 5416 είς
1482 5351 1671 5404 τόπον
1698 5349 1832 5403 τινὰ
1862 5368 1969 5405 xa-

289 5430 597 5523 λούμενον
613 5445 850 5509 Καλοὺς
867 5440 1135 5512 λιμένας,
1151 5430 1199 5504 ᾦ
1213 5436 1391 5508 ἐγγὺς
1416 5437 1494 5505 ἦν
1514 5437 1690 5523 πόλις
1709 5437 1966 5490 Λασαία,

304 5520 547 5598 Ἱκανοῦ
600 5534 670 5588 δὲ
716 5533 939 5602 χρόνου
985 5523 1408 5596 διαγενομένου
1431 5562 1446 5586 ,
1498 5520 1599 5576 καὶ
1642 5520 1808 5587 ὄντος
1848 5522 1966 5590 ἤδη

293 5629 403 5683 τοῦ
423 5625 619 5689 πλοὸς
638 5615 1018 5688 ἐπισφαλοῦς
1055 5613 1153 5666 διὰ
1176 5611 1238 5665 τὸ
1264 5609 1363 5664 καὶ
1390 5608 1506 5677 τὴν
1536 5609 1826 5676 νηστείαν
1850 5609 1967 5678 ἤδη

297 5707 814 5785 παρεληλυθέναι,
855 5701 1161 5771 παρῄνειό
1205 5697 1472 5785 Παῦλος,
1492 5696 1697 5760 αὐτοῖς
1719 5695 1911 5766 λέγων
1955 5710 1967 5723 ⁸

302 5782 567 5872 Ἄνδρες,
597 5792 812 5863 θεωρῶ,
843 5790 932 5844 ὅτι
951 5788 1101 5859 μετὰ
1126 5787 1344 5856 ὕϐρεως
1382 5784 1480 5839 καὶ
1499 5783 1738 5852 πολλῆς
1764 5782 1969 5855 ζημίας

368 5949 392 5987 ⁸
408 5950 501 6007 Διά
523 5945 670 5998 τοῦτο
698 5944 826 6006 ἐλεγέ
847 5941 989 5992 deest
1013 5938 1063 5990 in
1087 5947 1200 5985 uno.
1245 5933 1293 6011 ηδ
1322 5932 1456 5984 ιίηιιδ
1481 5933 1684 5996 ἐξέφυγε.

1361 347 1431 402 1N
1465 344 1645 404 ACTA
1683 344 2222 405 APOSTOLORUM.
2262 343 2497 406 HOMIL.
2538 346 2673 404 LIII.

3605 348 3712 406 διε

2050 660 2121 712 ού
2144 659 2340 726 μόνον
2384 658 2491 713 τοῦ
2534 657 2781 728 φορτίου
2829 655 2926 710 καὶ
2974 656 3082 712 τοῦ
3141 659 3379 726 πλοίου,
3427 660 3589 716 ἀλλὰ
3615 664 3714 718 καὶ

2048 741 2169 795 τῶν
2190 740 2599 812 ψυχῶνήμῶν
2645 740 2898 811 μέλλειν
2959 740 3210 796 ἔσεσθαι
3249 742 3355 796 τὸν
3385 743 3607 800 πλοῦν.
3661 747 3716 799 '0

2046 828 2115 882 δέ
2150 829 2589 899 ἑκατόνταρχος
2640 826 2722 894 τῷ
2767 825 3108 896 κυϐερνήτῃ
3146 827 3244 882 καὶ
3280 829 3361 894 τῷ
3396 832 3719 902 ναυκλήρῳ

2045 917 2313 973 ἐπείθετο
2347 916 2612 988 μᾶλλον,
2642 916 2679 986 ἣ
2731 915 2854 983 τοῖς
2891 914 3011 971 ὑπό
3061 913 3172 968 τοῦ
3212 917 3454 971 Παύλου
3481 920 3721 991 λεγομέ-

2045 1020 2196 1070 νοις.
2228 1005 2345 1074 Τὴν
2367 1003 2624 1074 νηστείαν
2657 1002 2894 1056 ἐνταῦθα
2946 1000 3047 1073 τὴν
3090 999 3201 1055 τῶν
3245 1001 3511 1057 Ἰουδαίων
3538 1004 3719 1074 λέγειν

2045 1088 2311 1160 ἡγοῦμαι.
2334 1089 2488 1142 Μετά
2513 1088 2624 1161 γάρ
2667 1088 2769 1158 τὴν
2813 1085 3192 1159 Πεντηκοστὴν
3235 1086 3454 1159 ἐξῆλθον
3508 1090 3719 1148 ἐκεῖθεν

2050 1177 2187 1247 μετά
2212 1175 2381 1231 πολὺν
2432 1176 2646 1249 χρόνον,
2697 1176 2775 1240 ὼς
2813 1175 2872 1230 ἐν
2926 1175 3076 1244 αύτῷ
3125 1174 3309 1247 σχεδὸν
3359 1174 3439 1247 τῷ
3491 1179 3718 1248 χειμῶνι

2047 1264 2449 1333 παραγενέσθαι
2484 1266 2566 1328 είς
2597 1265 2665 1319 τά
2705 1263 2844 1335 μέρη
2873 1263 2975 1334 τῆς
2996 1264 3241 1334 Κρήτηςὶ
3269 1264 3379 1320 Καὶ
3401 1264 3626 1319 τοῦτοδὲ
3654 1266 3717 1321 ού

2050 1350 2244 1422 μικρὸν
2278 1349 2497 1419 θαῦμα,
2534 1351 2595 1405 τὺ
2646 1350 2975 1423 διασωθῆναι
3024 1350 3091 1405 δι’
3130 1351 3294 1405 αὐτὸν
3334 1351 3429 1406 καὶ
3456 1352 3716 1417 ἐκείνους.

2051 1437 2326 1506 Ἄνδρες,
2352 1436 2564 1507 θεωρῶ,
2598 1437 2686 1492 ὅτι
2720 1440 2873 1508 μετὰ
2935 1439 3159 1506 ὕϐρεως
3214 1436 3314 1492 καί
3341 1436 3579 1506 πολλῆς
3623 1437 3720 1508 ζη-

2042 1528 2209 1594 μίας,
2236 1524 2421 1595 φησὶν,
2454 1527 2526 1580 οὑ
2555 1526 2746 1596 μόνον
2771 1523 2879 1580 τοῦ
2916 1525 3163 1595 φορτίου
3196 1524 3298 1579 καὶ
3343 1525 3451 1579 τοῦ
3476 1527 3718 1590 πλοίου,

2047 1612 2210 1666 ἀλλὰ
2228 1611 2326 1666 καί
2370 1610 2492 1667 τῶν
2543 1611 2763 1683 ψυχῶν
2810 1612 2981 1682 ήμῶν
3023 1612 3280 1682 μέλλειν
3333 1612 3582 1667 ἔσεσθαι
3614 1613 3724 1666 τόν

2048 1702 2269 1757 πλοῦν.
2307 1703 2366 1757 ’0
2401 1702 2499 1774 μὲν
2551 1698 2646 1757 οὖν
2691 1702 2904 1768 Παῦλος
2952 1703 3206 1757 ἐκέλευσε
3258 1702 3464 1773 μένειν,
3524 1702 3620 1756 καὶ
3652 1702 3721 1757 τὰ

2053 1790 2314 1862 μέλλοντα
2362 1790 2619 1862 προλέγει
2655 1808 2670 1823 °
2705 1793 2905 1845 ἐκεῖνοι
2967 1792 3027 1846 δέ
3071 1792 3440 1862 ἐπειγόμενοι,
3498 1790 3594 1844 καὶ
3615 1789 3721 1844 ὑπὸ

2047 1877 2142 1931 τοῦ
2204 1877 2371 1932 τόπου
2414 1876 2767 1949 κωλυόμενοι,
2827 1878 3018 1951 ἤθελον
3069 1881 3150 1942 είς
3183 1877 3402 1931 Φοίνικα
3451 1890 3720 1949 παραχει-

2052 1966 2247 2037 μάσαι.

2122 2051 2189 2124 β’.
2217 2052 2327 2108 Καὶ
2356 2054 2548 2108 σκόπει
2575 2054 2675 2126 τὴν
2709 2053 3021 2125 οἰκονομίαν
3040 2069 3055 2083 ο
3092 2051 3310 2124 πρῶτον
3352 2051 3453 2124 μὲν
3480 2049 3625 2124 ἦραν
3658 2051 3723 2107 τδ

2054 2141 2262 2210 σκάφος
2289 2141 2384 2195 καὶ
2412 2142 2727 2213 ἐξήρχοντο,
2750 2142 2940 2195 ἔπειτα
2968 2141 3043 2204 ὡς
3065 2140 3325 2195 ἐνέπεσεν
3346 2140 3569 2211 ἄνεμος,
3612 2139 3722 2193 ἐδί-

2048 2227 2173 2281 δουν
2202 2225 2280 2299 τῷ
2307 2227 2547 2298 φέροντι,
2606 2229 2703 2282 καὶ
2753 2227 2905 2299 μόλις
2941 2226 3226 2292 ἐσώζοντο.
3263 2227 3614 2282 Ἀνευθέτου
3651 2225 3723 2280 δὲ

2050 2314 2161 2370 τοῦ
2194 2315 2445 2384 λιμένος
2488 2315 2874 2384 ὑπάρχοντος
2919 2315 3071 2382 πρὸς
3121 2313 3636 2383 παραχειμασίαν,
3666 2313 3723 2367 οι

2051 2403 2304 2469 πλείους
2324 2402 2531 2458 ἔθεντο
2579 2402 2829 2470 βουλὴν
2882 2399 3220 2470 ἀναχθῆναι
3245 2399 3494 2464 ἐκεῖθεν,
3519 2399 3577 2452 ετ
3598 2414 3724 2465 πως

2052 2489 2333 2545 δύναιντο
2354 2490 2845 2560 καταντήσαντες
2870 2491 2958 2555 είς
2983 2489 3230 2543 Φοίνικα
3256 2485 3720 2557 παραχειμάσαι.

2050 2574 2268 2645 λιμένα
2294 2576 2403 2645 τῆς
2437 2575 2675 2645 Κρήτης
2701 2576 3017 2640 ,ϐλέποντα
3069 2575 3222 2629 κατὰ
3256 2575 3399 2629 λίϐα
3444 2572 3542 2627 καὶ
3570 2572 3724 2626 κατὰ

2052 2661 2277 2730 Χῶρον.
2327 2662 2853 2728 Ὑποπνεύσαντος
2900 2659 2969 2714 δὲ
3016 2660 3218 2725 νότου,
3271 2658 3561 2725 δόξαντες
3611 2656 3723 2727 τῆς

2054 2749 2393 2819 προθέσεως
2417 2748 2873 2818 κεκρατηκέναι,
2898 2747 3154 2816 ἄραντες
3191 2746 3439 2811 Ἄσσον,
3470 2744 3724 2813 παρελέ-

2053 2854 2231 2908 γοντο
2254 2837 2372 2906 τὴν
2395 2836 2659 2906 Κρήτην.
2687 2840 2803 2891 Μετ
2821 2836 2837 2859 ’
2861 2837 2933 2891 οὑ
2963 2834 3125 2890 πολὺ
3148 2834 3216 2888 δὲ
3245 2834 3425 2888 έϐαλε
3452 2835 3591 2887 κατ’
3613 2835 3723 2888 αὑ-

2054 2926 2168 2995 thr
2203 2926 2424 2995 ἄνεμος
2451 2924 2802 2995 τυφωνικὸς,
2833 2926 2867 2979 ό
2900 2925 3272 2993 καλούμενος
3304 2923 3718 2990 Εύροκλύδων·

2053 3012 2593 3083 συναρπασθέντος
2639 3012 2708 3067 δὲ
2744 3011 2850 3066 τοῦ
2888 3012 3105 3065 πλοίου
3129 3010 3228 3065 καῖ
3262 3011 3348 3080 μὴ
3377 3010 3721 3081 δυναμένου

2053 3102 2498 3172 ἀντοφθαλμεῖν
2526 3101 2608 3169 τῷ
2630 3102 2845 3171 ἀνέμῳ,
2884 3099 3197 3166 ἐπιδόντες
3222 3101 3572 3170 ἐφερόμεθα.
3600 3102 3722 3168 Νη·-

2053 3193 2195 3246 σίον
2249 3190 2317 3245 δέ
2366 3208 2424 3246 τι
2474 3189 2923 3259 ὑποδραμόντες
2973 3189 3352 3258 καλούμενον
3414 3185 3722 3256 Κλαύδην,

2048 3280 2230 3347 μόλις
2253 3280 2596 3349 ίσχύσαμεν
2614 3276 2985 3346 περικρατεῖς
3008 3275 3287 3346 γενέσθαι
3316 3274 3425 3343 τῆς
3454 3275 3721 3343 σκάφηςσ

2054 3365 2136 3435 ήν
2162 3368 2435 3436 ἄραντες,
2491 3366 2804 3434 βοηθείαις
2864 3363 3128 3434 ἐχρῶντο
3182 3360 3632 3429 ὑποζωννύντες
3655 3361 3726 3416 τὸ

2053 3456 2273 3510 πλοῖον
2301 3473 2315 3489 ·
2337 3454 2696 3525 φοϐούμενοί
2716 3470 2782 3507 τε
2799 3452 2885 3522 μὴ
2910 3455 2997 3518 εὶς
3020 3450 3135 3520 thr
3161 3451 3374 3519 Σύρτιν
3397 3448 3723 3520 έκπέσωσι,

2055 3543 2437 3615 χαλάσαντες
2486 3543 2561 3597 τὰ
2599 3541 2762 3595 ίστία
2795 3540 2984 3606 οὕτως
3005 3537 3309 3608 ἐφέροντο.
3349 3535 3630 3606 Σφοδρῶς
3655 3536 3727 3590 δέ

2055 3630 2487 3703 χειμαζομένων
2526 3627 2712 3699 ήμῶν,
2754 3626 2828 3697 τῇ
2879 3626 3029 3694 ἑξῆς
3079 3623 3343 3691 ἐκϐολὴν
3368 3623 3684 3678 ἐποιοῦντο
3707 3639 3724 3654 ·

2056 3721 2155 3774 καὶ
2180 3718 2257 3787 τῇ
2284 3720 2451 3788 τρίτῃ
2480 3717 2825 3785 αὐτόχειρες
2856 3714 2970 3782 thr
3000 3712 3237 3780 σκευὴν
3255 3711 3364 3766 τοῦ
3398 3711 3618 3765 πλοίου
3638 3710 3730 3781 ἐρα

2045 3808 2337 3878 ρίψαμεν.
2365 3805 2531 3872 Μήτε
2560 3803 2630 3858 δέ
2660 3803 2839 3872 ήλίου
2875 3800 3029 3872 μήτε
3075 3801 3315 3869 ἄστρων
3353 3798 3727 3869 ἐπιφαινομέ-

2056 3912 2183 3950 νων
2210 3894 2310 3948 έπί
2337 3892 2626 3957 πλείονας
2648 3889 2895 3960 ἡμέρας,
2947 3886 3240 3958 χειμῶνός
3288 3903 3354 3941 τε
3378 3889 3491 3941 οὐκ
3517 3887 3728 3955 ὀλίγου

2056 3985 2461 4053 ἐπικειμένου,
2500 3978 2720 4035 λοιπὸν
2743 3975 3074 4045 περιῃρεῖτο
3098 3973 3268 4030 πᾶσα
3288 3974 3467 4039 ἐλπὶς
3485 3973 3593 4028 τοῦ
3619 3971 3731 4027 0'05-

2058 4073 2257 4135 ζεσθαι
2280 4068 2457 4141 ἡμᾶς.
2494 4065 2743 4136 Πολλῆς
2763 4062 2831 4118 δὲ
2859 4065 3100 4129 ἀσιτίας
3132 4063 3552 4129 ὑπαρχούσης,
3593 4062 3730 4113 τότε

2057 4158 2302 4225 σταθεὶς
2328 4161 2361 4212 ό
2382 4156 2625 4220 Παῦλος
2660 4153 2730 4207 ἐν
2750 4151 2914 4221 μέσῳ
2939 4149 3158 4211 αὐτῶν,
3183 4145 3371 4202 εἶπεν.
3403 4148 3564 4216 Ὅρα’
3590 4146 3729 4216 μετά

2057 4248 2149 4301 τὸν
2179 4242 2432 4298 τοσοῦτον
2459 4239 2705 4312 χειμῶνα
2741 4239 2843 4291 ούκ
2878 4236 3224 4306 ἐπεμϐαίνων
3264 4233 3449 4295 αὐτοῖς
3481 4231 3727 4301 διαλέγε-

2058 4351 2170 4396 ται,
2199 4331 2337 4387 ἀλλά
2369 4328 2688 4401 βουλόμενος
2741 4322 2845 4378 κᾶν
2905 4324 2985 4385 είς
3041 4321 3102 4375 τὸ
3133 4319 3324 4391 μέλλον
3352 4317 3726 4388 πιστευθῆναι.

2061 4422 2226 4475 Ὅθεν
2253 4417 2348 4473 καὶ
2373 4418 2440 4471 τά
2466 4412 2813 4485 γεγενημένα
2855 4407 3275 4481 παραλαμϐάνει
3309 4407 3389 4470 είς
3421 4405 3729 4476 μαρτυρίαν

2059 4509 2159 4580 τῆς
2182 4506 2291 4560 τῶν
2321 4501 2710 4578 ῥηθησομένων
2753 4497 3031 4570 ἀληθείας.
3079 4494 3188 4549 Καὶ
3208 4492 3301 4547 δύο
3332 4492 3614 4580 προλέγει,
3646 4491 3728 4545 ὅτι

2060 4577 2125 4647 τε
2145 4593 2226 4657 εἰς
2252 4577 2415 4662 νῆσον
2447 4588 2701 4642 ἐκπεσεῖν
2734 4586 2834 4650 δεῖ,
2884 4584 2980 4638 καὶ
3018 4583 3099 4636 ὅτι
3146 4582 3207 4636 τὸ
3242 4580 3341 4651 μὲν
3376 4577 3559 4631 πλοῖον
3593 4578 3731 4631 ἀπο-

2060 4683 2253 4748 λεῖται,
2286 4683 2334 4735 οἱ
2358 4680 2415 4734 δέ
2463 4678 2674 4740 ἐνόντες
2727 4675 3058 4745 σωθήσονται
3110 4673 3266 4743 (ὅπερ
3297 4670 3398 4723 ούκ
3442 4663 3510 4740 ἦν
3543 4685 3734 4739 στοχα-

2066 4769 2227 4843 σμοῦ,
2263 4768 2399 4823 ἀλλά
2438 4763 2823 4838 προφητείας),
2871 4762 2968 4815 καὶ
3025 4761 3107 4814 ὅτι
3165 4757 3328 4814 αὐτὸν
3370 4756 3606 4826 Καίσαρι
3652 4755 3735 4808 δεῖ

2067 4842 2431 4931 παραστῆναι.
2454 4854 2527 4907 Τὸ
2551 4854 2628 4918 δὲ,
2651 4848 3015 4920 Κεχάρισταί
3059 4862 3158 4902 σοι
3198 4849 3231 4901 ό
3267 4845 3420 4931 Θεὸς,
3438 4842 3732 4931 ἅπαντας,

2065 4928 2202 5016 ὅπερ
2231 4939 2406 5004 εἶπεν,
2449 4942 2551 4994 οὐκ
2575 4937 2723 5011 [599]
2750 4938 3066 4999 ἀλαζονείας
3101 4933 3270 4995 ἐστὶν,
3303 4930 3438 4984 ἀλλά
3481 4928 3737 5016 βουλομέῖ

2067 5013 2645 5100 νου-προσαγαγέσθαι
2674 5026 2799 5088 τοὺς
2821 5022 3156 5093 ἐμπλέοντας
3182 5036 3196 5050 ·
3223 5018 3323 5088 οὐχ
3341 5017 3430 5070 ἵνα
3454 5014 3560 5086 γὰρ
3588 5013 3737 5085 αὐτῷ

2067 5122 2229 5193 χάριν
2252 5119 2467 5190 ἔχωσιν,
2514 5115 2625 5170 ἀλλ’
2666 5114 2754 5167 ἵνα
2788 5111 3084 5165 πείθωνται
3116 5110 3228 5171 τοῖς
3271 5107 3364 5160 ὑπ’
3395 5102 3739 5193 αὐτοῦΑλεγο-

2073 5188 2290 5282 μένοις,
2306 5188 2480 5269 οὕτως
2505 5201 2648 5257 εἷπε.
2685 5203 2760 5255 Τὸ
2792 5201 2871 5263 δὲ,
2900 5195 3262 5268 Κεχάρισταί
3292 5209 3390 5282 σοι
3413 5188 3738 5282 όῌΘεύςὶτῷ

2071 5275 2269 5368 Ϊιαύλῳ
2290 5297 2528 5366 εῖρηται.
2576 5289 2747 5345 Τοῦτο
2788 5285 3071 5359 μονονουχὶ
3106 5283 3282 5352 λέγων
3331 5276 3480 5368 αὐτῶ
3510 5293 3524 5309 ο
3561 5275 3738 5368 ’ἴΑξιοι

2075 5385 2173 5454 μὲν
2197 5361 2678 5443 εἰσὶν-ἀποθανεῖν,
2713 5373 2901 5444 ἐπειδὴ
2928 5373 3342 5454 παρήκουσανᾼί
3372 5361 3738 5454 πλὴνᾼείςμτὴν

2071 5449 2231 5543 χάριν
2260 5469 2357 5540 τὴν
2389 5468 2489 5539 σὴν
2539 5465 2696 5519 τοῦτο
2738 5463 2965 5532 γίνεται.
3006 5454 3247 5523 Πολλῆς
3403 5450 3586 5543 φησὶν,
3609 5449 3740 5543 εισι..

2073 5536 2210 5625 τίας
2233 5536 2652 5625 ὑπαρχούσης,
2685 5551 2818 5603 τότε
2846 5545 3090 5609 σταθεὶς
3120 5545 3152 5596 ὁ
3186 5539 3431 5604 Παῦλος
3466 5537 3536 5625 έν
3571 5536 3741 5625 μέσῳ

2073 5622 2272 5704 αὐτῶν
2291 5622 2461 5702 εἷπεν
2481 5661 2496 5675 ·
2526 5641 2685 5695 Ἔδει
2702 5638 2839 5708 μὲν,
2867 5628 2914 5688 ὦ
2964 5633 3199 5701 ἄνδρες,
3217 5622 3741 5694 πειθαρχήσαντάς

2068 5755 2190 5808 μοι,
2215 5735 2303 5807 μὴ
2337 5734 2664 5803 ἀνάγεσθαι
2695 5728 2815 5784 ἀπὸ
2862 5723 2973 5794 τῆς
3016 5719 3272 5790 Κρήτης,
3330 5710 3625 5808 κερδῆσαί
3678 5726 3741 5764 τε

2078 5799 2191 5893 τὴν
2216 5799 2393 5892 ύϐριν
2424 5799 2649 5886 ταύτην
2689 5816 2785 5870 καὶ
2818 5812 2931 5880 thr
2969 5810 3201 5879 ζημίαν.
3241 5802 3346 5858 Καὶ
3376 5799 3566 5893 τανῦν
3585 5813 3739 5893 ἔταρ-

2084 5881 2228 5969 αῖνῶ
2255 5881 2408 5982 ὑμᾶς
2448 5881 2726 5979 εὐθυμεῖν
2750 5922 2772 5992 ,⁸
2822 5897 3093 5968 ἀποϐολὴ
3124 5894 3231 5968 γὰρ
3260 5887 3467 5961 ψυχῆς
3501 5881 3744 5952 οὐδεμία
