4086 6164
448 319 559 379 569

449 446 617 490 cens:
646 428 725 487 Ne
753 428 962 494 timeas,
984 427 1180 496 Paule;
1207 428 1407 484 Censori
1454 436 1508 483 te
1553 436 1767 499 Oportet
1797 427 1912 483 sisti
1943 444 1957 481 :
1982 434 2036 482 et

449 538 578 580 ecce
606 521 827 578 donarit
856 520 947 575 tibi
979 520 1121 576 Deus
1166 533 1384 587 omnes,
1432 520 1521 591 qui
1546 520 1798 590 navigant
1833 528 2032 574 tecum.

448 615 534 671 25.
571 613 696 669 Ideo
726 612 869 667 bono
907 612 1087 666 animo
1128 620 1322 678 estote,
1354 612 1452 667 viri
1477 629 1491 667 :
1515 610 1679 666 credo
1718 610 1859 666 enim
1903 611 2031 668 Deo.

446 705 589 778 quod
611 706 690 760 sic
717 705 822 762 erit
850 703 1301 775 quemadmodum
1328 704 1528 759 dictum
1559 714 1640 758 est
1665 703 1817 758 mihi.
1855 703 1946 757 26.
1978 701 2035 757 1η

448 797 673 851 insulam
699 804 877 850 autem
903 795 1191 865 quamdam
1215 803 1425 864 oportet
1453 808 1552 848 nos
1578 793 1830 848 incidere.
1852 793 1940 848 27.
1962 792 2031 849 Ut

447 901 625 944 autem
673 885 1068 958 quartadecima
1115 901 1221 940 nox
1273 884 1617 956 supervenit,
1662 886 2034 956 navigantibus

447 978 603 1033 nobis
642 978 693 1032 in
722 977 885 1032 Adi-ia
915 978 1056 1033 circa
1106 977 1344 1033 medium
1375 978 1578 1043 noctis,
1625 977 2035 1048 suspicabantur

447 1077 625 1124 nautae
653 1082 915 1139 apparere
943 1068 1173 1139 aliquam
1216 1069 1527 1139 regionem;
1552 1068 1646 1124 28.
1678 1070 1767 1140 qui
1797 1068 2030 1124 demissa

447 1160 625 1216 bolide
667 1166 988 1230 repererunt
1015 1159 1228 1231 orgyias
1253 1160 1438 1231 viginti
1470 1175 1572 1215 :ae
1614 1162 1867 1233 pusillum
1908 1159 2032 1215 inde

448 1251 706 1323 digressi,
755 1265 964 1306 rursum
1007 1250 1148 1320 jacta
1188 1250 1404 1317 bolide,
1455 1262 1775 1321 repererunt
1818 1250 2033 1322 orgyias

445 1341 783 1414 quindecim;
823 1340 913 1397 29.
947 1342 1305 1411 timentesque
1348 1357 1417 1397 ne
1448 1342 1499 1396 in
1539 1356 1729 1412 aspera
1757 1342 1873 1396 loca
1901 1340 2033 1395 inei-

444 1434 718 1501 deremus,
749 1432 816 1487 de
841 1433 1000 1503 puppi
1022 1431 1182 1503 jactis
1210 1433 1461 1488 anchoris
1496 1442 1745 1502 quatuor,
1776 1431 2032 1502 optabant

444 1524 589 1580 diem
627 1524 778 1579 oriri.
820 1524 911 1579 50.
959 1523 1147 1580 Nautis
1177 1539 1306 1579 vero
1337 1523 1701 1594 qurerentibus
1746 1524 1927 1594 fugere
1965 1539 2029 1576 ex

444 1615 590 1681 navi,
634 1630 756 1670 cum
785 1613 1132 1669 demisissent
1177 1614 1429 1685 scapham
1457 1615 1511 1669 in
1551 1630 1723 1681 mare,
1766 1614 1865 1669 sub
1894 1629 2032 1685 prae-

444 1716 590 1762 textu
636 1720 702 1761 ac
750 1705 795 1760 si
842 1720 906 1760 ex
964 1720 1123 1775 prora
1171 1704 1436 1759 anchoras
1482 1705 1758 1760 extensuri
1812 1714 2026 1770 essent,

444 1798 528 1854 51.
563 1796 698 1851 dixit
738 1795 934 1851 Paulus
970 1796 1271 1851 centurioni
1313 1803 1367 1851 et
1411 1796 1709 1851 militibus:
1741 1796 1850 1851 Nisi
1895 1797 1945 1850 Ιιὶ
1976 1797 2028 1851 in

443 1889 563 1943 navi
591 1889 904 1953 manserint,
933 1902 1031 1942 vos
1055 1887 1188 1942 salvi
1218 1902 1336 1942 esse
1360 1903 1466 1942 non
1493 1889 1740 1959 potestis.
1769 1887 1859 1942 52.
1879 1887 2029 1943 Tunc

442 1983 639 2038 milites
666 1982 1010 2037 absciderunt
1036 1981 1189 2037 funes
1227 1981 1460 2052 scaphae,
1495 1989 1548 2036 et
1576 1982 1719 2052 passi
1753 1990 1880 2036 sunt
1906 1996 2026 2035 eam

442 2074 710 2129 decidere.
743 2092 764 2126 ι
800 2073 897 2129 llic
935 2073 1174 2129 ostendit
1199 2073 1377 2144 fugam
1416 2072 1652 2128 facturos
1682 2089 1802 2129 esse
1834 2083 2024 2129 nautas

444 2165 587 2220 dicto
613 2181 717 2219 non
743 2165 1055 2230 credentes;
1089 2165 1333 2221 centurio
1369 2174 1549 2220 autem
1578 2164 1749 2220 credit
1777 2181 1897 2221 cum
1930 2167 2028 2219 mi-

445 2258 645 2312 litibus.
691 2257 814 2312 ldeo
851 2258 924 2311 ait
954 2275 967 2313 :
1002 2256 1063 2313 Si
1102 2258 1159 2311 hi
1197 2258 1439 2331 fugerint,
1487 2273 1574 2313 vos
1617 2259 1744 2313 salvi
1781 2274 1889 2314 esse
1924 2275 2029 2313 non

442 2352 669 2420 potestis.
700 2350 816 2405 Non
844 2365 905 2406 ea
937 2351 1004 2405 de
1031 2365 1191 2405 causa
1222 2350 1377 2415 dixit,
1406 2350 1499 2406 sed
1524 2360 1580 2406 ut
1620 2352 1880 2407 retineret
1909 2367 2024 2417 eos,

440 2457 508 2496 ne
538 2442 815 2511 prophetia
860 2441 1154 2497 excideret.
1191 2441 1323 2496 Vide
1360 2441 1481 2497 illos
1508 2442 1659 2512 quasi
1701 2443 1753 2496 in
1797 2442 2026 2498 ecclesia

439 2532 619 2589 doceri
649 2532 1042 2603 philosophiam
1068 2548 1098 2587 a
1129 2532 1316 2600 Paulo,
1343 2547 1480 2604 quos
1507 2549 1574 2589 ex
1597 2534 1788 2589 mediis
1809 2534 2023 2604 pericu-

436 2624 504 2680 lis
533 2624 710 2693 eripit.
760 2625 828 2680 Et
858 2640 955 2695 per
981 2624 1373 2695 providentiam
1402 2641 1508 2680 non
1540 2626 1782 2682 creditur
1823 2626 2021 2692 Paulo,

437 2727 496 2772 ut
525 2726 645 2788 post
663 2733 855 2779 rerum
884 2718 1270 2787 experientiam
1301 2716 1400 2787 ipsi
1428 2717 1701 2784 credatur,
1731 2728 1789 2772 ut
1826 2718 2022 2773 factum

436 2817 540 2865 est.
570 2811 648 2864 Ac
686 2825 897 2864 rursum
944 2808 1208 2875 hortatur,
1255 2817 1312 2864 ut
1346 2818 1559 2863 sumant
1586 2809 1785 2875 cibum,
1831 2819 1885 2865 et
1921 2809 2024 2864 ob-

438 2909 770 2970 temperant;
802 2902 1021 2970 ipseque
1052 2901 1258 2970 primus
1284 2900 1466 2965 sumit,
1501 2915 1608 2954 non
1634 2901 1823 2968 verbo,
1856 2900 1950 2956 sed
1972 2911 2025 2956 et

437 3007 604 3064 opere
640 2993 873 3049 suadens
913 2992 1045 3048 nihil
1093 2993 1391 3049 nocituram
1443 3008 1564 3049 esse
1612 3002 2021 3064 tempestatem,

436 3086 547 3140 imo
571 3084 785 3139 illorum
813 3082 1092 3139 animabus
1112 3083 1465 3154 profuturam.
1506 3101 1525 3135 ι
1550 3083 1640 3138 55.
1670 3084 1736 3138 Et
1763 3100 1884 3139 cum
1907 3085 2023 3141 dies

436 3174 699 3243 inciperet
725 3173 878 3240 oriri,
908 3174 1220 3230 hortabatur
1245 3173 1442 3229 Paulus
1477 3188 1665 3229 omnes
1706 3189 1922 3231 sumere
1948 3176 2023 3229 ei-

434 3265 586 3331 bum,
617 3265 802 3321 dicens
827 3283 837 3317 :
862 3265 982 3320 Dies
1022 3265 1262 3323 decimus
1288 3274 1511 3337 quartus
1550 3276 1634 3322 est
1658 3267 1800 3338 quod
1831 3283 2023 3340 exSpe-

432 3367 648 3414 ctantes
669 3358 837 3429 jejuni
866 3359 1211 3429 permanetis,
1240 3358 1373 3413 nihil
1402 3360 1749 3430 accipientes.
1777 3361 1867 3417 54.
1892 3362 2023 3418 Pro-

431 3460 557 3521 pter
584 3450 727 3521 quod
753 3449 939 3506 hortor
961 3466 1057 3506 vos
1087 3460 1143 3505 ut
1166 3452 1387 3507 sumatis
1413 3451 1590 3507 cibum
1616 3470 1630 3507 :
1659 3452 1762 3510 hoc
1787 3457 1929 3510 enim
1952 3456 2019 3511 ad

428 3543 662 3600 salutem
718 3551 949 3598 vestram
1002 3544 1286 3612 pertinet:
1330 3544 1529 3600 nullius
1581 3546 1725 3601 enim
1783 3558 2017 3603 vestrum

425 3636 662 3706 capillus
686 3635 755 3691 de
790 3636 964 3705 capite
1009 3635 1180 3690 cadet.
1218 3635 1308 3691 55.
1351 3636 1417 3690 Ει
1446 3652 1569 3691 cum
1610 3637 1725 3693 haec
1756 3637 2016 3708 dixisset,

425 3737 648 3796 sumpto
675 3741 810 3795 pane
836 3726 1034 3796 gratias
1066 3725 1175 3796 egit
1202 3727 1310 3781 Deo
1337 3727 1388 3781 in
1416 3737 1708 3798 conspectu
1737 3732 1972 3785 omnium
2000 3750 2015 3787 :

424 3827 489 3872 et
520 3831 643 3872 cum
682 3816 964 3885 fregisset,
1007 3817 1173 3887 etrapit
1198 3815 1379 3872 edere.
1419 3818 1505 3873 56.
1537 3819 1670 3873 Cum
1713 3835 1873 3890 porro
1904 3822 2016 3892 jam

423 3922 621 3963 omnes
647 3909 786 3962 bono
813 3908 992 3963 animo
1014 3917 1214 3973 essent,
1235 3918 1583 3979 sumpserunt
1608 3920 1662 3966 et
1690 3912 1789 3982 ipsi
1814 3914 2012 3970 cibum.

424 3999 522 4053 57.
559 3998 784 4053 Eramus
815 4014 940 4053 vero
983 3999 1037 4052 in
1068 3998 1190 4052 navi
1225 4014 1416 4054 omnes
1440 4001 1632 4055 animm
1658 4001 1905 4058 ducentae
1932 4018 2017 4059 se-

427 4092 710 4162 ptuaginta
753 4105 867 4147 sex.
910 4093 999 4148 58.
1042 4091 1233 4147 Satiati
1277 4104 1458 4148 autem
1504 4094 1645 4159 cibo,
1694 4096 2017 4151 alleviabant

426 4200 644 4250 navem,
683 4184 959 4254 ejicientes
990 4185 1222 4241 triticum
1265 4186 1317 4240 in
1346 4201 1516 4242 mare.
1550 4187 1640 4242 59.
1674 4187 1806 4243 Cum
1834 4198 2012 4243 autem

426 4276 546 4330 dies
569 4274 686 4342 fuit,
718 4282 914 4330 terram
940 4290 1044 4330 non
1070 4276 1458 4347 agnoscebant:
1477 4277 1651 4331 sinum
1671 4293 1800 4333 vero
1824 4293 2013 4348 quem-

427 4366 554 4422 dam
580 4364 1072 4421 animadverterunt
1103 4367 1251 4421 littus
1277 4366 1585 4434 habentem,
1618 4369 1671 4422 in
1702 4370 1844 4440 quod
1869 4371 2015 4441 cogi-

427 4459 636 4524 tabant,
683 4458 728 4512 si
769 4468 1006 4527 possent,
1049 4459 1345 4528 impingere
1386 4475 1600 4516 navem.
1645 4462 1736 4517 40.
1786 4463 1853 4518 Et
1891 4479 2011 4520 cum

424 4551 693 4608 anchoras
721 4551 1086 4616 sustulissent,
1117 4552 1526 4608 committebant
1564 4569 1623 4609 se
1660 4555 1817 4623 mari,
1850 4557 2011 4612 simul

427 4642 622 4697 laxatis
645 4642 912 4712 juncturis
954 4644 1471 4714 gubernaculorum;
1518 4655 1573 4701 et
1609 4648 1821 4702 sublato
1863 4658 2008 4703 arte-

427 4751 590 4792 mone
614 4736 680 4791 ad
701 4752 844 4791 aurae
868 4736 1050 4792 ﬂatum
1077 4737 1366 4794 tendebant
1392 4738 1459 4793 ad
1483 4739 1652 4794 littus.
1681 4742 1774 4795 41.
1801 4742 2008 4797 Etcum

426 4833 744 4888 incidissent
787 4832 842 4885 in
870 4832 1049 4887 locum
1077 4832 1360 4899 bimarem,
1404 4833 1743 4903 impegerunt
1773 4849 1962 4889 navem
1991 4853 2005 4889 :

425 4935 479 4980 et
505 4941 662 4995 prora
699 4924 916 4995 quidem
947 4925 1129 4992 infixa,
1180 4925 1428 4981 manebat
1464 4925 1775 4994 immobilis,
1819 4927 2010 4998 puppis

428 5032 555 5073 vero
579 5016 883 5072 solvebatur
902 5032 930 5069 a
952 5016 1002 5070 vi
1030 5015 1307 5070 ﬂuctuum.
1347 5035 1366 5070 ι

498 5107 551 5163 5.
594 5106 801 5161 Rursus
831 5113 1002 5163 tentat
1021 5105 1266 5160 diabolus
1294 5106 1592 5176 prophetia:
1621 5120 1871 5163 eventum
1905 5110 2008 5165 im-

426 5196 1206 5269 pedirezvolebantqnosdam
1248 5198 1571 5264 interﬁcere,
1600 5202 1695 5255 sed
1735 5218 1839 5257 non
1880 5219 2000 5273 per-

426 5289 571 5344 misit
612 5289 886 5353 centurio,
933 5296 989 5341 ut
1027 5287 1250 5343 Paulum
1294 5299 1569 5344 servaret:
1595 5292 1665 5345 ita
1699 5291 1850 5347 illum
1891 5293 2003 5364 jam

424 5380 698 5451 diligebat.
748 5397 768 5431 ι
800 5379 888 5433 42.
926 5378 1151 5433 Militum
1197 5387 1373 5432 autem
1418 5380 1701 5434 concilium
1749 5391 1894 5449 erat,
1949 5393 2008 5439 ut

425 5472 633 5527 vinctos
660 5471 990 5535 occiderent,
1021 5484 1086 5524 ne
1113 5469 1234 5539 quis
1258 5478 1479 5525 enatans
1507 5471 1783 5541 ell‘ugeret.
1809 5474 1902 5528 45.
1934 5477 2004 5529 At

424 5565 668 5618 centurio
716 5563 899 5618 volens
938 5578 1153 5618 servare
1198 5563 1451 5628 Paulum,
1493 5579 1676 5619 eorum
1720 5567 2003 5624 consilium

424 5656 724 5725 impedivit,
749 5655 1016 5726 jnssitqne
1041 5670 1227 5709 omnes
1264 5656 1355 5725 qui
1380 5664 1562 5712 natare
1593 5669 1833 5726 possent,
1863 5659 2003 5730 abji-

428 5759 548 5803 cere
575 5762 635 5804 se
664 5747 869 5819 primos
892 5790 908 5816 ,
939 5757 994 5804 et
1030 5746 1085 5802 in
1115 5756 1310 5803 terram
1347 5749 1596 5813 evadere,
1645 5754 1735 5808 Η.
1775 5762 2000 5811 ca‘teros

1428 315 1495 372 ΙΝ
1533 313 1711 373 ACTA
1752 309 2276 371 t'sPOSTOLORUM.
2318 310 2549 369 ﬂOMlL.
2591 312 2723 369 LIII.

3628 320 3733 385 B70

2144 434 2323 481 autem
2367 425 2559 496 partim
2606 426 2659 481 in
2700 426 2924 495 tabulis,
2977 430 3172 500 partim
3222 429 3542 501 quibusdam
3579 438 3730 489 navis

2142 517 2473 587 fragmentis.
2511 516 2578 572 Et
2611 518 2693 573 sic
2718 517 2919 573 factum
2960 530 3062 587 est,
3104 530 3161 577 ut
3199 538 3388 578 euntes
3430 525 3727 579 incolumes

2141 608 2432 664 evaderent
2468 609 2521 664 in
2555 619 2771 665 terram.
2798 610 2950 682 (Cap.
2977 611 3096 685 28.)
3134 615 3188 670 1.
3239 616 3305 670 Et
3349 630 3471 671 cum
3515 618 3722 672 evasis-

2141 708 2281 777 sent,
2323 707 2447 755 tunc
2483 712 2873 772 cognoverunt,
2917 705 3061 774 quod
3087 706 3265 762 Melite
3303 707 3475 763 insula
3504 724 3726 763 vocare.

2141 798 2246 847 tur.
2278 810 2297 844 ι
2337 791 2522 849 Viden'
2544 802 2799 864 quantum
2840 796 3037 850 bonum
3078 813 3144 853 ex
3174 806 3489 869 tempestate
3517 816 3717 856 evene-

2139 880 2251 935 rit?
2292 882 2407 938 Non
2466 884 2645 956 igitur,
2696 886 2837 955 quod
2886 886 3126 943 derelicti
3176 899 3393 958 essent,
3435 901 3726 962 tempestas

2139 972 2354 1027 accidit.
2397 974 2464 1028 Et
2508 976 2799 1045 quomodo,
2835 978 3062 1047 inquies,
3102 979 3347 1035 ferebant
3378 980 3570 1051 jejuni,
3603 999 3723 1036 cum

2139 1061 2339 1117 nullum
2384 1065 2563 1121 cibum
2609 1070 2921 1122 sumerent?
2953 1069 3138 1124 Timor
3181 1071 3398 1126 tenebat
3436 1072 3577 1138 illos,
3624 1086 3727 1127 nee

2137 1152 2345 1207 sinebat
2376 1155 2426 1209 in
2466 1158 2761 1226 appetitum
2804 1159 2906 1213 cibi
2937 1159 3172 1216 incidere
3198 1160 3266 1215 de
3298 1162 3551 1216 extremis
3581 1162 3722 1232 peri-

2137 1242 2435 1298 elitaturos.
2484 1245 2645 1316 Igitur
2673 1248 2813 1319 quod
2847 1248 3041 1304 factum
3090 1260 3194 1316 est,
3236 1265 3266 1304 a
3311 1259 3552 1322 tempore
3581 1250 3721 1306 fuit:

2138 1334 2310 1403 majus
2334 1345 2512 1392 autem
2547 1339 2881 1405 miraculum,
2915 1341 3055 1411 quod
3088 1342 3175 1396 tali
3214 1352 3453 1411 tempore
3487 1358 3550 1397 ex
3585 1344 3725 1412 peri-

2136 1426 2268 1480 culis
2290 1430 2457 1499 erepti
2486 1430 2613 1497 sint,
2645 1442 2753 1486 tum
2783 1432 2895 1503 ipse
2922 1444 3032 1489 tum
3060 1445 3277 1505 propter
3306 1437 3481 1505 ipsum
3508 1435 3719 1506 reliqui.

2137 1513 2205 1570 Et
2233 1517 2431 1574 sublato
2470 1529 2758 1591 artemoue,
2805 1524 2874 1577 ad
2905 1525 3037 1579 venti
3064 1527 3246 1595 ﬂutant
3289 1527 3617 1582 contendebat
3655 1527 3724 1581 ad

2136 1608 2295 1664 littus.
2339 1611 2450 1667 Hoc
2492 1612 2646 1678 dixit,
2676 1615 2985 1670 violentiam
3011 1616 3296 1672 ostendere
3322 1618 3526 1685 volens,
3560 1634 3721 1689 quam

2130 1699 2327 1770 jactati‘
2363 1706 2743 1762 sustinebant:
2776 1723 2919 1778 saepe
2960 1724 3193 1779 namque
3237 1724 3343 1764 non
3388 1709 3459 1764 ita
3500 1709 3719 1765 faciunt.

2135 1790 2260 1847 Ideo
2292 1794 2632 1853 deduxerunt
2678 1798 2929 1865 carbasa,
2975 1799 3024 1855 id
3056 1809 3175 1866 est,
3215 1800 3333 1855 vela
3381 1800 3535 1871 (cum
3576 1803 3718 1856 enim

2132 1882 2425 1939 vehemens
2453 1897 2642 1941 ventus
2670 1897 2771 1953 est,
2821 1889 2922 1944 hoc
2950 1889 3062 1944 fieri
3094 1888 3287 1962 solet),
3337 1900 3395 1945 nt
3437 1892 3579 1946 venti
3610 1892 3720 1944 vio-

2130 1970 2290 2027 lentia
2336 1975 2678 2044 reprimatur.
2752 1978 2877 2033 [hec
2931 1994 3060 2035 vero
3119 1981 3393 2051 patiuntur
3434 1982 3486 2035 in
3531 1982 3717 2045 Adria,

2134 2062 2222 2117 ubi
2249 2066 2449 2119 servari
2477 2066 2695 2123 difficile
2716 2077 2851 2123 erat.
2879 2067 3102 2125 Eramus
3124 2080 3289 2125 autent
3316 2072 3367 2126 in
3394 2074 3510 2127 naui
3536 2077 3722 2128 animt:

2133 2170 2304 2210 omnes
2333 2157 2561 2211 ducenta
2600 2161 2923 2230 septuaginta
2963 2177 3072 2215 sex.
3103 2161 3172 2216 Et
3213 2163 3357 2218 unde
3398 2164 3571 2233 palam
3610 2175 3715 2230 eat,

2131 2245 2273 2312 quod
2302 2255 2375 2300 tot
2406 2257 2587 2302 essent
2614 2250 2703 2319 qui
2731 2250 2890 2305 simul
2916 2252 3274 2322 navigabant?
3309 2254 3610 2312 Verisimile
3636 2268 3720 2313 est

2133 2336 2252 2391 illos
2279 2337 2642 2410 interrogasse
2661 2357 2758 2396 cur
2783 2345 3113 2414 navigarent,
3147 2353 3202 2400 et
3233 2345 3485 2403 didicisse
3512 2331 3718 2405 omnia.

2131 2426 2275 2483 Nihil
2302 2429 2405 2485 cibi
2456 2432 2755 2499 sumebant,
2790 2434 2912 2504 quia
2951 2436 3055 2491 cibi
3084 2436 3233 2491 nulla
3259 2452 3385 2491 cura
3431 2447 3547 2493 erat
3590 2452 3717 2494 cum

2132 2535 2236 2576 non
2262 2521 2382 2579 leve
2421 2524 2640 2581 instaret
2683 2528 3001 2596 periculum.
3043 2529 3111 2583 Et
3141 2528 3262 2585 vide
3300 2532 3569 2601 quomodo
3611 2548 3718 2587 non

2131 2613 2460 2670 infructuosa
2510 2617 2869 2687 navigationis
2917 2618 3142 2675 tarditas
3181 2630 3235 2676 et
3274 2621 3720 2692 intempestivitas

2130 2705 2296 2761 Paulo
2326 2705 2504 2774 fuerit,
2534 2709 2629 2764 sed
2665 2710 2810 2765 illam
2851 2711 2906 2766 in
2933 2711 3195 2768 doctrinae
3225 2722 3434 2783 tempus
3471 2712 3715 2773 verterit.

2128 2796 2245 2854 Non
2275 2816 2459 2871 parum
2492 2802 2621 2858 illud
2657 2813 2796 2872 erat,
2844 2805 2889 2859 si
2914 2805 3129 2876 quidem
3155 2807 3208 2861 hi
3238 2823 3427 2864 omnes
3453 2810 3716 2866 credidis-

2127 2899 2269 2947 sent.
2294 2891 2399 2948 Sed
2433 2894 2710 2964 superiora
2739 2904 3062 2966 repetamus.
3093 2896 3262 2953 Multo
3289 2908 3456 2954 autem
3467 2900 3581 2970 jam
3606 2902 3717 2956 ela-

2128 2998 2219 3051 pso
2246 2990 2489 3053 tempore,
2513 3000 2627 3039 cum
2653 2996 2781 3041 esset
2791 2988 2906 3057 jam
2932 2989 3218 3057 periculosa
3243 2991 3514 3061 navigatio,
3539 2993 3717 3048 admo-

2127 3072 2274 3127 nebat
2303 3090 2385 3129 eos
2415 3074 2626 3143 Paulus,
2655 3078 2827 3133 dicens
2850 3095 2870 3134 :
2898 3078 3032 3146 Viri,
3063 3081 3206 3136 uideo
3225 3082 3362 3154 quod
3381 3099 3494 3136 cum
3523 3084 3717 3154 injuria

2127 3173 2172 3218 et
2197 3165 2384 3222 damno
2411 3171 2588 3240 futura
2616 3170 2679 3224 sit
2700 3171 2974 3241 navigatio.
3006 3171 3143 3229 Vide
3167 3189 3324 3244 quam
3356 3175 3425 3229 sit
3453 3176 3659 3234 alienus
3683 3194 3715 3233 a

2128 3255 2403 3314 fastusne
2442 3260 2761 3329 prophetare
2784 3264 3045 3332 videatur,
3092 3266 3185 3322 sed
3230 3269 3383 3338 quasi
3427 3285 3497 3325 ex
3529 3270 3714 3339 conje-

2125 3355 2274 3402 ctura
2301 3349 2520 3405 dicere:
2554 3350 2732 3419 Video,
2764 3355 2972 3426 inquit:
3000 3372 3107 3412 non
3142 3357 3286 3413 enim
3325 3363 3711 3431 suscepissent,

2124 3440 2303 3495 statim
2349 3441 2398 3498 si
2443 3442 2561 3499 btrc
2610 3444 2854 3502 dixisset.
2902 3447 3059 3502 Prius
3112 3449 3272 3520 igitur
3324 3452 3610 3521 prophetat
3658 3463 3714 3509 et

2123 3533 2545 3610 dicit:‘[Deus,
2589 3540 2672 3594 cui
2713 3542 2894 3610 servio,
2942 3542 3200 3600 inducens
3252 3545 3390 3600 illos.
3433 3546 3713 3612 Quomodo

2124 3625 2286 3696 igitur
2314 3628 2431 3684 sine
2446 3629 2654 3699 jactura
2696 3632 2999 3688 animarum
3029 3648 3118 3689 res
3157 3644 3307 3705 gesta
3345 3635 3466 3692 est?
3494 3636 3712 3693 Jactura

2123 3716 2259 3772 facta
2299 3727 2445 3774 esset
2486 3721 2587 3774 nisi
2633 3732 2899 3778 servasset
2939 3722 3126 3797 Deus.]
3152 3725 3419 3793 Quantum
3463 3729 3605 3783 enim
3642 3728 3712 3784 ad

2124 3817 2366 3863 naturam
2400 3810 2501 3875 rei,
2529 3825 2716 3866 omnes
2741 3813 3047 3883 periissent,
3087 3815 3184 3871 sed
3226 3817 3367 3873 Deus
3404 3818 3702 3888 impedivit.

2121 3898 2360 3956 Centurio
2413 3912 2601 3966 autem,
2644 3902 2835 3973 inquit,
2883 3904 3211 3976 gubernatori
3252 3909 3414 3980 magis
3467 3910 3707 3980 credidit,

2119 4010 2272 4064 quam
2295 3995 2357 4049 iis
2379 4011 2493 4066 qua:
2509 4013 2540 4048 a
2569 3994 2737 4051 Paulo
2759 3997 3072 4054 dicebantur.
3098 3999 3166 4056 Ut
3191 4001 3564 4056 ostenderetur
3586 4019 3707 4057 eum

2121 4104 2226 4142 non
2255 4104 2321 4143 ex
2357 4089 2663 4158 conjectura
2691 4090 2806 4146 haec
2832 4091 3053 4159 dixisse,
3082 4093 3411 4163 gubernator
3436 4096 3709 4151 contraria

2119 4178 2268 4247 dicit,
2313 4194 2435 4234 cum
2478 4181 2557 4234 rei
2600 4183 2803 4250 peritus
2842 4183 3128 4238 esset:sie
3170 4198 3274 4237 non
3305 4199 3370 4239 ex
3401 4184 3708 4253 conjectura

2121 4270 2234 4325 haec
2258 4270 2592 4325 dicebantur.
2621 4270 2689 4324 Et
2720 4288 2838 4324 cum
2862 4282 3034 4343 aptus,
3068 4273 3261 4342 inquit,
3292 4290 3395 4329 non
3430 4284 3558 4329 esset
3585 4292 3715 4344 pon-

2121 4372 2220 4416 tus.
2263 4361 2420 4427 Vide,
2449 4361 2599 4416 locus
2646 4362 2762 4432 ipse
2807 4362 2965 4417 docet
3007 4362 3098 4417 illa
3146 4378 3253 4418 non
3290 4380 3355 4419 ex
3396 4366 3707 4434 conjectura

2119 4454 2257 4509 dicta
2291 4452 2473 4520 fuisse,
2522 4468 2643 4508 cum
2690 4461 2846 4522 aptus
2890 4468 2996 4509 non
3039 4454 3354 4509 esset:imo
3392 4455 3606 4524 plurimi
3636 4471 3705 4512 ex

2120 4545 2225 4600 illis
2253 4560 2318 4600 ex
2345 4544 2653 4615 conjectura
2685 4545 2887 4615 loquuti
2915 4544 3183 4612 videntur,
3208 4545 3300 4617 qui
3335 4545 3459 4601 inde
3487 4546 3702 4602 solven.

2117 4636 2244 4691 dum
2285 4636 2615 4694 suadebant:
2649 4636 2745 4691 sed
2776 4635 2909 4690 nihil
2955 4637 3083 4706 ipsis
3125 4637 3360 4707 profuit;
3403 4639 3704 4696 inciderunt

2117 4729 2259 4781 enim
2289 4729 2339 4782 in
2369 4735 2762 4797 tempestatem,
2791 4737 2844 4782 et
2868 4727 3130 4796 jacturam
3171 4744 3356 4784 eorum
3393 4746 3511 4800 qua:
3540 4731 3704 4788 vehe-

2115 4816 2245 4872 bant
2272 4818 2486 4871 faciunt.
2521 4816 2645 4871 Ideo
2677 4817 2792 4871 haec
2816 4818 2886 4871 ita
2907 4817 3146 4872 declarat
3174 4817 3337 4873 :Cum
3363 4832 3527 4874 autem
3556 4821 3702 4875 velte-

2115 4910 2268 4963 menti
2304 4919 2594 4980 tempestate
2620 4911 2947 4979 iactarentur,
2989 4910 3210 4980 propriis
3259 4912 3490 4965 manibus
3528 4929 3700 4966 arma-

2116 5012 2282 5057 menta
2311 5003 2450 5057 navis
2487 5004 2812 5073 projecimns.
2843 5002 2921 5056 Ne
2948 5002 3169 5072 posthac
3209 5012 3390 5057 essent
3415 5004 3697 5072 increduli,

2118 5097 2231 5150 haec
2259 5096 2370 5150 ticri
2401 5097 2799 5165 permittuntur.
2841 5095 3138 5165 Gravisque
3182 5103 3468 5166 tempestas
3499 5098 3700 5153 excita-

2117 5197 2222 5254 tur,
2261 5189 2547 5256 multaeque
2599 5189 2831 5242 tenebrae
2880 5187 3030 5242 ﬁunt.
3073 5188 3276 5244 Deinde
3326 5205 3392 5244 ne
3434 5193 3695 5260 perirent,

2112 5279 2270 5333 etiam
2311 5279 2543 5333 triticum
2588 5287 2642 5333 et
2679 5278 2858 5332 omnia
2904 5278 3232 5348 ejiciuntur:
3264 5279 3366 5334 hoc
3410 5281 3553 5335 enim
3590 5281 3697 5337 sibi

2112 5373 2223 5426 vult
2281 5368 2441 5433 illud,
2498 5369 2826 5423 Armamenta
2870 5370 3012 5423 navis
3050 5369 3307 5439 ejecimus.
3347 5369 3475 5426 Cum
3524 5382 3693 5428 autem

2108 5456 2270 5513 multa
2319 5460 2490 5514 inedia
2533 5470 2677 5526 esset,
2720 5460 2849 5515 dixit
2902 5459 3151 5515 Paulus:
3181 5460 3459 5532 Oportebat
3502 5480 3694 5521 morem

2163 5640 2308 5686 1t.oco
2333 5649 2500 5685 eorum
2519 5646 2730 5682 nmmum
2766 5647 2878 5696 qua:
2909 5637 3101 5685 uncinis
3131 5636 3423 5688 clauduntur
3436 5652 3531 5688 non
3556 5638 3688 5690 aliud

2110 5700 2321 5749 efferunt
2344 5697 2638 5746 Benedtclini
2660 5696 2750 5744 nisi
2776 5695 2909 5759 illud,
2928 5704 3053 5748 Deus
3074 5700 3294 5752 servavit.
3310 5707 3486 5754 Locum
3500 5704 3690 5756 instans

2110 5765 2317 5813 rat-imus
2339 5774 2367 5811 e
2391 5761 2582 5813 duobus
2613 5762 2759 5816 Codd.
2840 5786 2841 5789 η
