4086 6164
400 370 494 428 571

399 492 625 549 gerentes
664 476 786 531 nti/ti
830 475 986 529 vitare
1007 470 1284 542 jacturam.
1322 467 1505 532 Vides,
1549 462 1830 534 quomodo.
1867 476 1972 514 non

401 588 586 644 parum
613 569 678 624 ad
717 563 1038 622 audiendum
1079 561 1386 617 conferrent
1415 565 1703 626 tempestas
1745 563 1802 608 et
1827 561 1974 606 tene-

401 664 550 722 brae?
579 663 642 716 Et
666 659 806 723 vide,
835 655 1105 728 quomodo
1135 667 1336 708 morem
1363 659 1510 721 gerat
1538 646 1804 711 centurio,
1831 644 1900 697 ita
1926 653 1982 696 ut

1082 355 1140 413 S.
1177 348 1454 410 JOANNIS
1489 340 1954 405 οιιηγεοδτοδιι
1994 338 2311 397 ARClllEP.
2354 339 2888 397 CONSTANTINOP.

3483 377 3486 380 .
3573 337 3682 392 572

2079 481 2178 548 Illi,
2228 475 2271 534 si
2319 475 2576 532 faciamus
2619 492 2738 546 quae
2784 475 2855 528 illi
2901 473 3236 544 praecipiunt.
3286 469 3472 542 Neque
3523 473 3666 528 enim

2079 571 2396 642 simpliciter
2419 577 2717 634 servantur,
2749 567 2842 621 sed
2865 567 3025 622 etiam
3054 566 3151 636 ipsi
3176 565 3332 620 Iidem
3355 566 3671 623 attulerunt.

2085 662 2308 717 Etiamsi
2338 663 2546 715 vinctus
2587 661 2657 714 sit
2697 668 2934 722 sanctus,
2966 657 3166 727 majora
3207 666 3480 726 operatur,
3514 672 3676 728 quam

402 754 652 824 scapham
692 751 903 804 amittat
947 756 1001 802 et
1032 744 1238 816 perdat.
1268 741 1421 808 Quod
1453 741 1496 794 si
1526 747 1700 793 natiue
1744 733 1980 790 nondum

2109 754 2119 808 i
2152 754 2238 822 qui
2267 752 2428 807 soluti
2454 760 2596 805 sunt.
2633 750 2698 805 Et
2723 750 2822 804 hoc
2852 748 3132 804 considera
3165 749 3251 803 bic
3276 747 3474 802 factum
3503 751 3542 802 ⁸.
3574 749 3680 805 So-

401 843 764 907 crediderunt,
794 839 888 896 sed
916 848 1122 908 postea,
1152 850 1220 890 ne
1245 833 1490 895 mireris;
1521 830 1621 884 hoc
1649 828 1792 884 enim
1817 839 1984 898 genus

403 934 680 988 hominum
710 931 951 1002 petulans
977 936 1059 983 est
1087 915 1139 982 et
1169 925 1360 979 durum
1391 921 1456 977 ad
1482 919 1830 977 credendum.

477 1022 633 1078 Pauli
664 1021 954 1094 prudentia.
982 1047 1054 1059 —
1077 1017 1155 1072 Tu
1185 1029 1311 1070 vero
1353 1014 1514 1069 etiam
1547 1012 1670 1065 hinc
1701 1010 1832 1063 mihi
1875 1021 1988 1078 per-

407 1115 579 1185 pende
617 1114 767 1169 Pauli
805 1111 1164 1183 prudentiam.
1212 1107 1394 1177 Neque
1439 1105 1583 1160 enim
1627 1103 1863 1171 increpat
1904 1097 1987 1154 vel

405 1216 774 1278 exasperatur,
807 1204 901 1260 sed
925 1210 1201 1258 mansuete
1228 1200 1323 1266 ait,
1349 1198 1439 1254 Sic
1459 1197 1739 1268 Oportebat.
1774 1193 1990 1249 Sciebat

406 1303 549 1359 enim
579 1301 631 1355 in
659 1299 963 1354 calamitate
992 1298 1354 1364 increpantem
1396 1305 1500 1346 non
1531 1303 1650 1344 esse
1679 1297 1985 1356 acceptum;

407 1395 503 1450 sed
522 1404 801 1464 postquam
829 1390 1059 1445 maxima
1081 1385 1395 1442 calamitatis
1419 1397 1542 1454 pars
1565 1379 1838 1452 prxteriit,
1867 1387 1992 1432 tunc

408 1501 529 1541 esse
554 1493 853 1554 acceptum.
882 1481 1031 1536 Tunc
1063 1494 1190 1549 ergo
1220 1479 1402 1542 instat,
1443 1490 1563 1530 cum
1595 1473 1770 1528 omnis
1807 1471 1992 1526 salutis

409 1590 532 1644 apes
564 1575 771 1630 sublata
815 1583 898 1628 est
923 1588 938 1625 :
964 1581 1088 1626 tunc
1131 1568 1276 1622 utilia
1306 1565 1564 1637 praedicit.
1605 1563 1673 1619 Ut
1711 1573 1876 1616 autem
1905 1561 1994 1615 de-

409 1669 541 1722 cima
585 1676 765 1738 quarta
804 1681 908 1719 nox
952 1663 1186 1728 advenit,
1233 1660 1438 1730 inquit,
1481 1659 1706 1712 timentes
1752 1653 1994 1725 optabant

411 1758 650 1813 advenire
691 1758 845 1810 diem.
893 1755 970 1810 Ne
997 1754 1119 1824 quis
1147 1751 1352 1807 diceret
1393 1748 1526 1804 nihil
1574 1748 1853 1810 evenisse,
1894 1745 1995 1798 hoc

410 1849 559 1911 dicit,
597 1847 888 1901 ostendens
914 1844 1092 1898 omnia
1134 1843 1269 1897 facta
1306 1856 1446 1897 esse.
1475 1838 1626 1906 Quod
1655 1845 1831 1892 autem
1857 1835 1995 1890 facta

411 1939 539 2003 sint,
569 1937 729 1992 timor
749 1935 982 1991 ostendit
1011 1953 1022 1987 :
1060 1932 1315 2003 Optabam
1342 1933 1495 1995 enim,
1521 1929 1709 1998 inquit,
1743 1929 1875 1981 diem
1904 1926 1997 1979 ad-

412 2029 578 2083 venire
616 2029 861 2082 timentes.
908 2028 975 2082 Et
1013 2027 1162 2081 locus
1203 2023 1438 2079 difficilis
1487 2019 1859 2077 eratzetcnim
1904 2034 1998 2088 per

416 2121 631 2176 Adriani
664 2120 781 2176 brec
823 2119 1141 2189 contingunt
1170 2137 1182 2170 :
1213 2124 1267 2171 et
1294 2123 1409 2171 erat
1435 2128 1622 2182 magna
1653 2111 1864 2166 inedia:
1900 2107 1998 2162 llic

413 2214 635 2268 decimus
659 2222 866 2284 quartus
891 2211 997 2266 dies
1024 2220 1116 2277 est,
1147 2208 1282 2276 quod
1327 2216 1666 2276 exspectantes
1684 2203 1856 2274 jejuni
1885 2218 1991 2271 per-

415 2309 649 2361 manetis.
680 2305 821 2375 Ergo
852 2304 1087 2373 undique
1134 2306 1188 2356 in
1232 2301 1403 2356 media
1449 2311 1621 2355 morte
1662 2307 1847 2352 erant:
1874 2295 1994 2350 ideo

416 2398 618 2463 subdit,
654 2397 872 2452 Obsecro
903 2412 1010 2461 vos,
1044 2404 1099 2449 ut
1144 2395 1354 2448 sumatis
1381 2394 1578 2456 cibum;
1609 2391 1710 2445 hoc
1743 2390 1884 2444 enim
1931 2388 1998 2442 ad

418 2501 654 2546 vestram
685 2491 909 2545 salutem
938 2489 1124 2554 fuerit;
1161 2488 1262 2542 hoc
1301 2495 1408 2550 est,
1438 2484 1514 2540 Ne
1541 2483 1679 2538 forte
1713 2482 1852 2537 fame
1877 2497 2002 2551 per-

416 2582 582 2648 eatis,
624 2581 801 2636 cibum
850 2580 1067 2635 sumite.
1114 2579 1335 2648 Sumpto
1377 2585 1545 2632 autem
1587 2590 1753 2646 pane,
1797 2572 1998 2643 inquit,

417 2675 607 2744 gratias
625 2673 726 2744 egit
751 2671 879 2728 Deo.

489 2764 543 2819 4.
574 2763 708 2820 Vide
751 2762 891 2834 quod
938 2764 1027 2818 ille
1067 2762 1267 2834 gratias
1304 2762 1412 2833 agit
1442 2761 1510 2817 de
1555 2760 1619 2814 iis
1644 2775 1763 2830 qua:
1791 2758 2004 2814 accide-

420 2864 559 2920 rant,
593 2854 695 2910 hoc
718 2871 822 2909 non
856 2854 1014 2909 modo
1042 2855 1161 2910 illos
1190 2852 1558 2917 conﬁrmavit,
1586 2851 1678 2906 sed
1706 2852 1865 2906 etiam
1888 2848 2006 2903 ani-

421 2959 538 2998 mos
564 2945 772 2999 indidit.
808 2944 1046 3009 Eramus,
1079 2945 1265 3013 inquit,
1299 2960 1470 2997 omnes
1490 2945 1674 2996 anima:
1695 2943 1746 2994 in
1768 2941 1884 2994 navi
1904 2939 2003 2992 du-

419 3043 578 3088 centa:
607 3033 925 3104 septuaginta
953 3050 1059 3087 sex.
1100 3034 1171 3086 De
1200 3032 1282 3086 his
1317 3031 1544 3095 dicebat,
1586 3030 1801 3084 Jactura
1824 3030 2006 3082 anima:

422 3127 615 3180 nullius
643 3125 734 3180 erit
762 3127 813 3179 in
840 3124 996 3179 vobis.
1026 3123 1137 3179 Hoc
1166 3133 1314 3179 certo
1343 3123 1559 3178 scientis
1587 3130 1670 3176 est
1690 3122 1904 3178 animm.
1933 3120 2006 3174 di-

421 3234 548 3274 cere
581 3219 757 3274 salvos
807 3218 1014 3273 futuros
1054 3233 1193 3273 esse.
1241 3217 1426 3272 Satiati
1471 3225 1636 3268 autem
1665 3215 1774 3268 cibo
1800 3212 2010 3267 allevia-

425 3311 542 3365 bant
572 3312 759 3377 navim,
793 3311 1042 3383 ejicientes
1071 3310 1312 3363 triticum.
1345 3306 1570 3362 Vidcn'?
1596 3305 1661 3359 ad
1689 3304 2008 3360 sumendum

423 3404 601 3458 cibum
627 3404 1015 3474 persuadentur
1049 3411 1256 3457 tantum
1284 3421 1296 3457 :
1326 3401 1421 3456 sed
1452 3401 1531 3455 sic
1552 3402 1662 3469 jam
1693 3409 1860 3454 totum
1884 3399 2010 3468 reji-

425 3497 638 3552 ciebant
662 3497 712 3550 in
745 3497 989 3561 Paulum,
1021 3497 1090 3550 ita
1133 3505 1193 3549 ut
1217 3504 1270 3549 et
1314 3494 1544 3549 triticum
1575 3493 1849 3562 ejicercnt.
1879 3492 2010 3548 Vide

428 3587 550 3642 illos
595 3587 824 3641 humana
878 3587 1153 3652 facientes,
1206 3599 1303 3640 nec
1349 3583 1716 3654 prohibentem
1766 3583 2006 3638 Paulum.

432 3679 650 3746 Quando
673 3689 841 3732 autem
867 3678 974 3731 dies
1000 3679 1123 3746 fuit,
1168 3676 1357 3746 inquit,
1390 3677 1684 3730 laxaverant
1711 3675 2006 3743 iuncturas.

428 3769 665 3824 Solvitur
693 3768 841 3822 navis
886 3767 938 3821 in
968 3768 1075 3834 die,
1121 3783 1187 3822 ne
1226 3767 1301 3820 illi
1342 3775 1486 3822 metu
1525 3766 1924 3822 dissolvantur:
1955 3774 2014 3820 ut

430 3858 613 3914 videas
643 3858 979 3929 prophetiam
1019 3873 1182 3928 opere
1210 3859 1548 3927 completam.
1595 3857 1820 3911 Militum
1845 3865 2014 3910 autem

429 3950 699 4004 concilium
723 3952 839 4022 fuit,
873 3961 926 4002 ut
949 3950 1138 4004 vinctos
1159 3951 1455 4003 occiderent.
1487 3949 1665 4014 Vides,
1689 3948 1829 4019 quod
1855 3949 2013 4003 etiam

435 4043 490 4097 in
521 4043 622 4097 hoc
647 4042 812 4097 Paulo
837 4041 1062 4112 gratiam
1090 4041 1412 4096 habuerint?
1443 4051 1662 4111 propter
1692 4041 1840 4095 illum
1868 4040 2012 4095 enim

433 4135 678 4190 centurio
713 4151 817 4189 non
865 4135 1105 4205 permisit
1137 4144 1192 4189 nt
1231 4132 1621 4188 occiderentur.
1659 4133 1732 4187 lta
1779 4132 1907 4186 mihi
1941 4132 2019 4186 vi-

434 4228 628 4282 dentur
656 4227 733 4282 illi
763 4244 827 4283 ex
857 4227 1106 4284 confesso
1148 4227 1360 4283 scelesti
1390 4227 1573 4293 fuisse,
1622 4227 1692 4282 ita
1738 4237 1794 4281 ut
1820 4226 2020 4281 vellent

436 4319 581 4389 ipsos
601 4319 888 4375 occidere:
919 4320 1012 4375 sed
1047 4319 1320 4388 prohibiti,
1353 4335 1457 4374 non
1489 4318 1726 4375 fecerunt
1756 4335 1771 4384 ;
1812 4317 1904 4372 sed
1930 4317 2018 4370 alii

436 4410 650 4479 quidem
677 4419 945 4479 natarunt,
977 4411 1064 4465 alii
1099 4412 1148 4464 in
1181 4412 1372 4466 tabulis
1405 4409 1728 4473 ferebantur,
1754 4419 1808 4465 et
1834 4424 2021 4463 omnes

440 4503 510 4556 ita
543 4503 764 4558 salutem
796 4504 936 4557 nacti
967 4513 1127 4568 sunt,
1170 4519 1233 4557 ac
1282 4502 1558 4572 prophetia
1605 4501 1765 4557 ﬁnem
1796 4501 2018 4568 accepit,

439 4593 655 4665 etiamsi
684 4610 788 4648 non
817 4609 845 4647 a
883 4603 1124 4664 tempore
1153 4594 1295 4647 clara
1325 4603 1468 4647 esset
1499 4612 1511 4645 :
1541 4608 1714 4661 neque
1737 4593 1877 4646 enim
1900 4601 2024 4645 ante

441 4685 640 4740 multos
659 4700 832 4739 annos
860 4685 1001 4738 illam
1028 4684 1428 4753 praenuntiant,
1459 4682 1550 4737 sed
1577 4698 1754 4736 rerum
1780 4691 2022 4734 naturam

441 4793 674 4848 sequens
709 4794 721 4829 :
753 4777 1022 4845 insperata
1067 4775 1209 4830 enim
1253 4785 1406 4829 erant
1435 4774 1634 4839 omnia,
1681 4782 1735 4827 et
1778 4788 1874 4843 per
1903 4788 2027 4843 pro-

443 4871 614 4940 priam
645 4867 874 4923 salutem
902 4867 1185 4921 discebant
1213 4865 1334 4935 quis
1369 4874 1512 4920 esset
1553 4864 1767 4918 Paulus.
1814 4862 1919 4917 Sed
1947 4863 2030 4918 di-

443 4965 584 5021 xerit
612 4962 894 5034 quispiam,
938 4959 1045 5014 Cur
1091 4973 1197 5013 non
1239 4957 1398 5012 etiam
1439 4957 1613 5011 navim
1655 4956 1926 5012 servavit?
1959 4954 2030 5011 Ut

445 5055 718 5109 discerent
757 5059 1012 5122 quantum
1049 5049 1344 5120 periculum
1378 5049 1646 5102 evaserint
1683 5065 1695 5100 :
1735 5047 1876 5118 quod
1921 5062 2027 5101 non

447 5144 664 5198 humani
689 5141 870 5196 auxilii
903 5148 1069 5194 totum
1097 5147 1260 5203 esset,
1290 5138 1385 5193 sed
1419 5138 1510 5192 Dei
1538 5153 1725 5192 manus
1751 5139 1867 5193 sine
1895 5151 2031 5194 nave

447 5233 734 5289 servantis.
763 5230 1088 5301 ltaquejnsti
1123 5229 1226 5285 etsi
1257 5231 1308 5283 in
1345 5238 1660 5298 tempestate
1687 5229 1813 5295 sint,
1844 5231 1946 5285 etsi
1978 5231 2029 5284 in

450 5325 583 5379 mari
611 5323 693 5379 vel
722 5325 772 5378 in
801 5323 1009 5394 pelago,
1030 5319 1159 5375 nihil
1181 5334 1348 5390 grave
1375 5319 1664 5388 patiuntur,
1688 5321 1795 5376 imo
1823 5329 1878 5375 et
1899 5323 2034 5378 alios

451 5430 633 5471 secum
673 5423 908 5471 servant.
959 5413 1014 5468 Si
1059 5411 1178 5466 navi
1221 5411 1557 5482 periclitante
1603 5419 1658 5465 et
1698 5411 2029 5479 naufraginrn

453 5521 609 5576 passa
651 5507 810 5562 vincti
853 5521 882 5560 a
915 5505 1078 5560 Paulo
1124 5503 1324 5558 servati
1371 5510 1493 5557 sunt
1526 5519 1538 5554 :
1569 5503 1762 5571 cogitas
1804 5502 1929 5572 quid
1967 5503 2038 5556 sit

455 5601 624 5653 virum
671 5607 913 5655 sanctum
946 5596 1145 5652 habere
1187 5595 1329 5651 domi
1366 5613 1378 5648 :
1415 5596 1592 5649 multm.
1636 5611 1863 5666 namque
1903 5606 2038 5650 tem-

459 5700 694 5759 pestates
721 5705 817 5745 nos
839 5689 1039 5758 jactant
1058 5730 1072 5754 ,
1101 5698 1156 5743 et
1186 5688 1269 5741 bis
1297 5688 1452 5756 longe
1483 5687 1787 5757 graviores;
1815 5688 1908 5742 sed
1942 5704 2037 5757 po-

457 5792 562 5837 test
589 5783 726 5836 Dcns
747 5790 798 5836 et
822 5793 920 5834 nos
945 5794 1180 5846 servare,
1202 5778 1360 5834 modo
1379 5777 1661 5836 credamus
1681 5781 1880 5835 sanctis
1901 5781 2038 5838 sicut

2085 846 2226 900 Intus
2253 846 2499 899 centurio
2529 844 2708 898 vincto
2747 842 2837 897 illo
2865 841 3093 896 habebat
3131 856 3307 910 opus:
3345 840 3680 910 gubernator

2087 937 2289 1006 peritus
2333 952 2420 1000 eo,
2467 935 2557 1005 qui
2604 949 2708 989 non
2754 933 3078 1005 gubernator
3123 941 3261 1000 erat,
3305 932 3530 1002 egebat;
3569 934 3681 988 imo

2086 1043 2216 1082 vero
2238 1028 2616 1098 gubernatore.
2650 1025 2764 1080 Non
2811 1027 2954 1080 enim
2984 1025 3141 1079 talem
3182 1025 3437 1096 scapham
3477 1026 3678 1097 guber-

2090 1119 2269 1183 nabat,
2316 1117 2412 1173 sed
2457 1117 2605 1173 orbis
2648 1117 2964 1182 Ecclesiam,
3013 1116 3082 1171 ab
3125 1117 3218 1171 illo
3257 1117 3479 1172 edoctus
3506 1119 3684 1188 quiet

2089 1212 2254 1266 maris
2282 1210 2531 1265 dominus
2571 1217 2674 1271 est,
2706 1225 2812 1263 non
2841 1208 3072 1262 humana
3113 1217 3246 1273 arte,
3291 1209 3383 1264 sed
3431 1218 3486 1265 et
3523 1211 3684 1280 spiri-

2093 1303 2220 1358 tuali
2247 1302 2524 1373 sapientia.
2560 1301 2614 1356 In
2643 1300 2742 1355 hac
2767 1301 2965 1371 scapha
2994 1301 3158 1355 multa
3203 1299 3501 1371 naufragia,
3533 1302 3685 1356 multi

2091 1393 2306 1460 ﬂuctus,
2337 1393 2557 1462 spiritus
2599 1392 2871 1462 nequitias,
2902 1391 3054 1446 Intus
3092 1408 3294 1463 pugnas,
3325 1395 3450 1464 foris
3479 1394 3687 1448 timores

2094 1487 2169 1559 (2.
2199 1485 2318 1541 Cor.
2341 1487 2395 1540 7.
2423 1485 2502 1552 5).
2533 1483 2718 1554 Itaque
2745 1499 2870 1539 vere
2895 1482 3225 1554 gubernator
3254 1483 3343 1538 ille
3375 1492 3514 1538 erat.
3549 1483 3687 1539 Vide

2093 1588 2272 1632 autem
2301 1585 2464 1632 totam
2506 1577 2669 1630 vitam
2698 1583 2961 1642 nostram,
2991 1575 3260 1645 quomodo
3288 1575 3408 1631 talis
3438 1577 3531 1632 sit.
3564 1577 3684 1632 Alio

2094 1668 2307 1738 quando
2334 1669 2478 1722 enim
2523 1666 2806 1722 clementia
2856 1666 3101 1732 fruimur,
3145 1667 3432 1736 aliquando
3473 1679 3684 1738 tempe-
3763 1699 3774 1709 -

2097 1767 2234 1815 state
2251 1757 2555 1828 jactamur;
2598 1756 2760 1812 modo
2803 1757 2872 1813 ob
2914 1757 3414 1813 inconsiderantiam
3454 1767 3508 1813 et
3537 1760 3690 1828 igna-

2098 1850 2235 1903 viam
2277 1849 2329 1902 in
2372 1848 2520 1903 mille
2567 1848 2704 1903 mala
2745 1847 3070 1902 incidimus:
3102 1848 3209 1902 imo
3257 1847 3360 1903 hoc
3387 1849 3555 1918 magis
3601 1849 3684 1915 lit,

2097 1943 2220 2011 quia
2253 1941 2470 1995 Paulum
2499 1955 2605 1995 non
2631 1940 2897 2005 audimus,
2925 1941 3013 1995 ubi
3041 1939 3354 1996 festinamus
3377 1940 3556 2011 aliquo
3584 1942 3686 2008 ire,

2098 2050 2202 2103 quo
2233 2033 2323 2088 ille
2354 2048 2460 2086 non
2486 2032 2658 2103 jubet.
2691 2032 2977 2087 Nobiscum
3004 2033 3145 2088 enim
3173 2033 3334 2088 etiam
3364 2047 3504 2086 nunc
3531 2032 3691 2086 navi-

2097 2131 2206 2193 gat,
2240 2121 2335 2178 sed
2380 2137 2488 2177 non
2535 2131 2593 2176 ut
2638 2131 2761 2176 tunc
2787 2121 2995 2177 vinctus
3021 2139 3037 2176 :
3068 2122 3312 2177 hortatur
3350 2121 3511 2178 etiam
3543 2137 3694 2178 nunc

2100 2233 2213 2280 eos,
2245 2215 2335 2286 qui
2375 2216 2427 2268 in
2479 2214 2582 2270 hoc
2631 2216 2762 2269 mari
2809 2215 3089 2285 navigant,
3121 2215 3398 2286 dicitque:
3435 2215 3695 2270 Attendite

2100 2307 2237 2360 vobis
2266 2307 2392 2375 ipsis
2419 2322 2438 2361 :
2483 2306 2832 2376 ingredientur
2877 2307 3008 2360 enim
3052 2317 3164 2376 post
3202 2308 3474 2361 discessum
3522 2323 3696 2361 meum

2101 2397 2211 2465 lupi
2234 2413 2408 2468 graves
2435 2398 2486 2451 in
2513 2398 2646 2452 vobis
2668 2397 2803 2468 (Act.
2841 2397 2934 2452 20.
2971 2397 3061 2453 28.
3089 2397 3206 2467 29);
3235 2406 3289 2452 et
3331 2412 3544 2452 rursum
3575 2414 3588 2450 :
3620 2396 3695 2452 In

2102 2491 2384 2545 novissimis
2430 2492 2736 2561 temporibus
2797 2491 3049 2545 instabunt
3104 2500 3330 2560 tempora
3380 2490 3554 2560 gravia
3575 2531 3588 2551 ,
3640 2500 3695 2544 et

2103 2589 2246 2634 erunt
2280 2580 2506 2634 homines
2544 2579 2620 2634 sui
2650 2589 2906 2645 amantes,
2938 2580 3116 2646 avari,
3146 2589 3445 2649 arrogantes
3467 2578 3524 2651 (Ξ
3553 2577 3693 2632 Tim.

2102 2671 2158 2726 5.
2191 2673 2244 2726 l.
2273 2669 2352 2742 2).
2383 2671 2479 2725 Hic
2502 2671 2644 2725 enim
2671 2670 2907 2726 omnium
2931 2670 3277 2741 gravissimus
3302 2670 3522 2741 spiritus
3547 2679 3648 2726 est.

2174 2764 2228 2818 Β.
2262 2763 2418 2816 Fides
2443 2772 2577 2817 tutus
2602 2762 3183 2834 portus.—-Maneamus
3202 2763 3358 2832 igitur
3381 2761 3470 2817 ubi
3499 2763 3585 2818 ille
3599 2765 3698 2832 ju-

2106 2855 2216 2917 bet,
2250 2857 2304 2910 in
2333 2855 2458 2923 ﬁde,
2505 2855 2559 2910 in
2592 2863 2706 2910 tuto
2735 2863 2890 2925 portu
2923 2872 2935 2907 :
2965 2855 3140 2926 ipsum
3171 2855 3341 2926 magis
3382 2855 3697 2921 audiamus,

2105 2961 2264 3017 quam
2305 2946 2714 3016 gubernatorem
2753 2946 2841 3015 qui
2885 2955 2968 3001 est
2997 2947 3048 3000 in
3091 2946 3268 3012 nobis,
3319 2948 3579 3001 rationem
3611 2946 3701 3001 in-

2107 3054 2284 3107 quam.
2317 3037 2394 3092 Ne
2440 3037 2695 3092 faciamus
2736 3045 2799 3091 ea
2841 3053 2960 3106 quae
3000 3036 3090 3091 hic
3129 3037 3387 3108 suggerit,
3433 3051 3533 3092 nec
3573 3052 3700 3106 quae

2107 3130 2409 3192 nauclerus,
2457 3127 2552 3184 sed
2603 3142 2720 3198 qua:
2762 3127 3002 3182 Paulus:
3035 3128 3229 3182 multas
3281 3128 3484 3184 similes
3531 3127 3702 3184 subiit

2110 3229 2475 3289 tempestates.
2525 3219 2602 3274 Ne
2650 3219 2978 3290 experientia
3047 3219 3357 3286 discamus;
3413 3220 3509 3275 sed
3571 3231 3703 3278 ante

2109 3311 2496 3381 caperientiam
2527 3313 2753 3366 vitemus
2773 3321 2828 3366 et
2871 3312 3121 3380 injuriam
3150 3321 3204 3366 et
3227 3312 3520 3381 jacturam.
3554 3312 3700 3368 Audi

2109 3403 2235 3472 quid
2262 3401 2405 3456 dicat
2438 3419 2450 3455 :
2484 3402 2585 3468 Qui
2613 3400 2789 3456 volunt
2814 3401 2991 3454 divites
3017 3401 3148 3470 ﬁeri,
3178 3401 3409 3455 incidunt
3441 3402 3497 3455 in
3529 3411 3702 3455 tenta-

2111 3495 2295 3548 tionem
2325 3493 2401 3567 (l.
2436 3494 2565 3548 Tim.
2603 3495 2654 3548 6.
2688 3493 2769 3565 9).
2805 3493 3104 3548 Credamus
3147 3508 3276 3564 ergo
3303 3494 3352 3548 ei
3386 3513 3398 3547 :
3427 3509 3548 3548 nam
3574 3491 3706 3549 vide

2111 3587 2237 3657 quid
2278 3586 2532 3642 acciderit
2575 3587 2658 3651 iis,
2704 3585 2794 3656 qui
2833 3601 2938 3640 non
2969 3585 3331 3640 crediderunt.
3375 3585 3443 3640 Et
3484 3600 3704 3640 rursum

2113 3679 2240 3734 alibi
2275 3679 2423 3746 dicit,
2465 3677 2593 3750 quid
2639 3678 2911 3748 naufragia
2953 3677 3180 3746 pariant.
3218 3677 3318 3745 Qui
3356 3679 3704 3748 naufragave-

2114 3780 2232 3825 runt
2256 3771 2389 3825 circa
2415 3770 2567 3838 ﬁdem
2597 3769 2616 3842 (
2650 3767 2736 3822 Id.
2788 3770 2840 3824 l.
2892 3767 2959 3823 l9
2986 3767 3031 3838 ),
3061 3769 3252 3839 inquit.
3275 3768 3354 3822 Tu
3383 3783 3511 3822 vero
3541 3783 3705 3825 mane

2116 3864 2169 3918 in
2200 3864 2286 3927 iis,
2317 3878 2438 3934 qua:
2482 3861 2712 3917 didicisti
2743 3868 2797 3915 et
2835 3859 3128 3915 credidisti.
3159 3857 3453 3915 Credamus
3493 3859 3657 3914 Paulo
3691 3878 3703 3915 :

2117 3956 2242 4011 licet
2273 3957 2324 4010 in
2355 3954 2526 4010 media
2557 3961 2873 4023 tempestate
2912 3952 3099 4017 simus,
3143 3967 3364 4006 omnino
3389 3967 3420 4007 a
3447 3951 3704 4020 periculis

2119 4045 2499 4107 Iiberabimur;
2545 4043 2754 4099 etiamsi
2813 4042 3216 4113 quatuordecim
3281 4041 3470 4097 diebus
3531 4041 3703 4112 jejuni

2120 4136 2496 4202 manserimus,
2525 4136 2626 4190 etsi
2654 4149 2777 4204 spes
2810 4135 2997 4189 salutis
3023 4133 3306 4199 exciderit,
3342 4134 3440 4188 etsi
3472 4133 3525 4188 in
3556 4144 3704 4190 tene-

2122 4230 2232 4284 bris
2255 4235 2309 4284 et
2351 4227 2576 4297 caligine
2605 4240 2905 4292 versemur,
2952 4225 3234 4280 credentes
3279 4225 3328 4279 ei
3373 4239 3402 4278 a
3451 4225 3706 4294 periculis

2123 4318 2490 4374 liberabimur.
2517 4316 2702 4372 Navim
2731 4331 2851 4371 esse
2878 4325 3122 4386 putemus
3148 4325 3316 4371 totum
3340 4317 3548 4381 orbem,
3576 4325 3632 4371 et
3653 4317 3704 4371 in

2125 4411 2210 4466 illa
2243 4409 2516 4479 improbos
2551 4418 2604 4463 ct
2631 4410 2896 4464 sexcentis
2930 4407 3141 4478 ﬂagitiis
3169 4409 3462 4474 obnoxios;
3489 4418 3542 4465 et
3572 4410 3707 4464 alios

2125 4503 2338 4574 quidem
2369 4502 2655 4572 principes.
2688 4501 2824 4556 alios
2861 4515 2988 4556 vero
3014 4500 3284 4563 custodes,
3332 4502 3467 4556 alios
3507 4501 3703 4570 justos,

2127 4603 2184 4648 nt
2214 4593 2430 4659 Paulus,
2460 4593 2594 4646 alios
2620 4592 2826 4646 vinctos
2851 4600 2905 4647 et
2950 4594 3180 4662 peccatis
3209 4593 3531 4647 constrictos
3561 4611 3574 4648 :
3605 4593 3706 4647 ita-

2127 4701 2229 4756 que
2273 4685 2319 4739 si
2362 4684 2527 4739 Paulo
2569 4683 2870 4746 credamus,
2913 4699 3020 4738 non
3064 4683 3222 4738 vincti
3257 4684 3568 4751 peribimus,
3615 4683 3708 4739 sed

2129 4777 2442 4833 solvcmur:
2489 4791 2586 4838 nos
2628 4790 2837 4845 quoque
2869 4774 2942 4828 illi
2985 4773 3206 4828 donabit
3249 4773 3408 4828 Dens.
3438 4775 3520 4828 An
3549 4788 3710 4844 negas

2131 4877 2348 4942 peccata
2379 4876 2433 4923 et
2473 4866 2693 4921 allectus
2737 4881 2899 4936 grave
2945 4866 3216 4920 vinculum
3245 4867 3408 4921 esse?
3433 4881 3538 4920 non
3567 4869 3706 4922 enim

2133 4961 2262 5016 sola:
2301 4974 2490 5012 manus
2520 4957 2712 5012 vinctae
2739 4964 2884 5021 sunt,
2931 4957 3023 5010 sed
3058 4967 3200 5012 totus
3234 4956 3414 5012 homo.
3449 4958 3543 5012 Dic
3568 4958 3708 5012 enim

2135 5052 2286 5117 mihi,
2317 5052 2359 5105 si
2389 5051 2508 5120 quis
2549 5049 2742 5104 multas
2788 5049 3042 5118 pecunias
3073 5048 3354 5118 possidens
3395 5065 3502 5103 non
3531 5057 3713 5119 eroget

2135 5144 2218 5197 vel
2269 5141 2554 5210 expendat,
2613 5140 2708 5194 sed
2759 5141 3035 5195 retineat:
3069 5155 3247 5196 nonne
3298 5140 3514 5212 gravius
3558 5156 3712 5212 quam

2135 5236 2344 5289 vinctus
2374 5233 2546 5303 quivis
2579 5231 2905 5301 parcimonia
2946 5232 3214 5287 insolubili
3244 5233 3456 5288 vinculo
3485 5231 3714 5303 ligatur?

2137 5327 2296 5396 Quid,
2329 5326 2372 5380 si
2401 5325 2520 5396 quis
2543 5325 2649 5378 fato
2690 5338 2747 5378 se
2774 5323 3038 5392 subjiciat,
3069 5338 3246 5378 nonne
3277 5324 3362 5379 hic
3388 5324 3506 5379 aliis
3528 5324 3716 5396 ligatus

2139 5428 2221 5475 est
2246 5417 2515 5472 vinculis?
2535 5414 2684 5486 quid,
2714 5415 2758 5468 si
2799 5414 3302 5469 observationibus?
3327 5415 3475 5485 quid,
3506 5416 3550 5470 si
3579 5429 3715 5487 sym-

2141 5511 2309 5564 bolis?
2336 5522 2511 5563 nonne
2539 5508 2653 5560 lucc
2691 5505 2838 5559 omni
2866 5505 3082 5559 vinculo
3110 5515 3234 5560 sunt
3261 5505 3544 5576 graviora?
3569 5503 3713 5575 quid,

2139 5603 2183 5658 si
2216 5600 2460 5658 absurdae
2490 5599 2700 5654 cuidam
2741 5598 3188 5666 concupiscentia:
3233 5596 3317 5651 vel
3359 5597 3567 5652 amori?
3592 5596 3717 5665 Quis

2207 5788 2222 5818 ι
2250 5782 2390 5843 Illud,
2415 5781 2569 5833 ethoc
2592 5776 2844 5830 considera
2863 5775 2942 5830 hic
2964 5777 3164 5841 factum,
3181 5776 3327 5829 deest»
3349 5777 3394 5827 in
3417 5773 3713 5840 quibusdam.
