4148 6152
294 234 403 290 373

294 348 481 404 ἰκανὸν
510 347 854 422 διαφθεῖραις
885 347 982 420 οὐχ
1007 349 1034 402 ὁ
1057 348 1236 419 λιμὸς,
1264 352 1293 403 ὁ
1320 352 1551 420 χειμὼν,
1586 352 1620 423 ἡ
1653 353 1820 407 κακία
1854 353 1963 407 τῶν

287 430 658 502 ἐμπλεόντων,
696 437 758 490 τὸ
778 435 873 491 τοῦ
910 436 1106 506 καιροῦ
1164 438 1579 508 άνεπιτήδειον;
1628 439 1790 493 Ἀλλά
1824 440 1964 511 πρὸς

289 516 465 570 ταῦτα
487 517 663 572 πάντα
694 518 822 590 ἔστη
850 520 882 589 ή
936 517 1262 589 λαμπρότης
1308 517 1545 572 Παύλου.
1580 518 1740 573 Οὕτω
1773 520 1837 588 δὴ
1868 521 1963 575 καὶ

289 590 406 648 νῦν·
467 597 785 667 κατέχωμεν
824 598 958 667 παρ’
1004 598 1220 659 ἑαυτοῖς
1274 599 1401 660 τοὺς
1450 597 1661 667 ἁγίους,
1713 599 1810 651 καὶ
1861 599 1962 652 οὐκ

290 673 445 728 ἔσται
470 675 696 746 χειμών·
733 677 935 747 μᾶλλον
964 676 1161 731 δὲ.κᾶν
1267 675 1494 746 χειμὼν,
1523 676 1677 730 ἔσται
1696 676 1850 730 εὐδία
1869 677 1961 731 και

292 753 513 827 γαλήνη
530 754 718 824 πολλὴ,
745 756 838 809 καὶ
869 755 1157 825 ἀπαλλαγὴ
1183 754 1291 808 τῶν
1320 754 1608 809 κινδύνων·
1644 756 1834 827 ἐπειδὴ
1868 754 1961 808 τὸν

289 824 445 898 ἅγιον
475 826 587 902 εἶχε
618 831 770 901 φίλον
802 834 835 904 ἡ
861 834 1006 904 χήρα
1031 824 1234 903 ἐκείνη,
1264 835 1357 887 καὶ
1382 836 1409 888 ὀ
1434 833 1664 903 θάνατος
1682 824 1844 903 ἐλύθη
1865 834 1959 889 τοῦ

290 908 523 968 παιδίου,
560 911 762 963 καὶτὸν
786 913 948 964 παῖδα
980 911 1140 964 πάλιν
1157 910 1338 975 ζῶντα
1362 912 1766 982 ἀπελάμϐανεν.
1793 913 1961 968 Ἔνθα

289 984 449 1047 πόδες
495 988 667 1055 ἁγίων
710 990 1102 1054 ἐπιϐαίνουσιν,
1152 990 1304 1044 οὐδὲν
1342 991 1496 1045 ἔσται
1548 991 1821 1063 λυπηρόν·
1856 992 1961 1047 κᾶν

287 1063 534 1135 γένηται,
561 1066 700 1138 πρὸς
731 1068 959 1139 δοκιμὴν
990 1070 1082 1122 καὶ
1102 1070 1236 1139 πρὸς
1260 1070 1484 1140 μείζονα
1504 1070 1661 1136 δόξαν
1683 1069 1777 1124 τοῦ
1799 1070 1957 1126 Θεοῦ.

291 1142 510 1197 Ἔθισον
546 1146 606 1198 τὸ
633 1147 826 1217 ἔδαφος
849 1149 948 1218 τῆς
979 1149 1155 1214 οἰκίας
1189 1149 1293 1203 ὐπὸ
1347 1151 1604 1205 τοιούτων
1665 1151 1959 1205 πατεῖσθαι

288 1221 486 1299 ποδῶν,
518 1225 612 1277 καὶ
642 1226 702 1278 οὐ
728 1228 958 1296 πατήσει
982 1226 1193 1299 δαίμων
1216 1230 1335 1281 ἐκεῖ
1356 1245 1369 1258 ·
1400 1231 1495 1282 καὶ
1520 1228 1665 1297 μάλα
1710 1229 1953 1294 εἰκότως.

290 1297 678 1380 μοιΙγὭσπερ
707 1306 816 1377 γὰρ
855 1304 982 1359 ἔνθα
1015 1297 1087 1360 ἂν
1121 1307 1316 1360 εὐωδία
1360 1305 1423 1379 ᾖ,
1478 1308 1579 1378 οὐχ
1613 1308 1726 1373 ἕξει
1774 1307 1959 1380 χώραν

285 1376 520 1433 δυσωδία
539 1397 554 1409 ·
583 1381 725 1436 οὓτω
760 1376 854 1437 καὶ
886 1384 1013 1437 ἔνθα
1036 1384 1206 1457 μύρον
1237 1376 1448 1440 ἐστὶ”τὸ
1491 1376 1667 1455 ἅγιον,
1719 1376 1957 1442 ἀποπνί-

285 1458 690 1537 γεταιδαίμων,
714 1461 994 1534 εὐφραίνει
1023 1465 1149 1527 τοὺς
1200 1464 1480 1528 συνόντας,
1514 1464 1719 1536 διαχέει
1755 1464 1955 1537 ψυχὴν,

285 1535 518 1606 ἀνίησιν.
559 1537 725 1592 Ἔνθα
747 1539 996 1602 ἄκανθαι,
1026 1543 1142 1594 ἐκεῖ
1159 1541 1323 1612 θηρία
1345 1559 1357 1574 ⁸
1385 1541 1514 1597 ἔνθα
1548 1535 1839 1612 φιλοξενία,
1859 1535 1959 1596 οὐκ

285 1614 423 1665 εἰσὶν
471 1614 802 1689 ἄκανθαιοή
854 1617 961 1689 γάρ
1012 1618 1349 1691 ἐλεημοσύνη
1406 1620 1724 1675 εἰσελθοῦσα
1754 1622 1954 1686 παντὸς

283 1691 551 1762 δρεπάνου
578 1695 886 1768 τομώτερον
922 1698 1135 1768 ἀναιρεῖ
1154 1700 1250 1763 τὰς
1270 1699 1534 1764 ἀκάνθας,
1564 1699 1764 1763 παντὸς
1789 1700 1959 1770 πυρὸς

286 1771 664 1850 σφρδρότερονη.
694 1776 786 1846 Μὴ
816 1776 1093 1848 φοϐηθῇς·
1115 1778 1344 1833 αἰδεῖται
1366 1780 1432 1832 τὰ
1455 1780 1580 1850 ῐχνη
1605 1778 1714 1832 τῶν
1752 1779 1954 1846 ἁγίων,

282 1848 534 1922 καθάπερ
568 1853 793 1918 λέοντας
819 1855 1126 1920 ἀλώπεκες.
1179 1858 1418 1923 Δίκαιος
1460 1848 1591 1927 γὰρ.
1642 1857 1829 1929 φησὶν,
1875 1856 1957 1921 ὡς

278 1930 437 1986 λέων
465 1933 771 1991 πέποιθεν.
804 1939 1203 2010 Εἰσαγάγωμεν
1230 1939 1452 2000 τούτους
1473 1942 1601 2003 τοὺς
1627 1938 1846 1994 λέοντας
1874 1940 1957 1997 εἰς

1155 230 1212 288 S.
1254 228 1538 290 JOANNIS
1576 230 2071 292 CllﬂYSOSTOMI
2109 237 2435 297 AnuHIEP.
2476 240 3020 301 CONSTANTINOP.

3636 248 3747 307 574

2063 355 2162 428 τὴν
2179 359 2379 427 οἰκίαν,
2411 363 2505 416 καί
2541 366 2719 418 πάντα
2759 361 3125 431 φυγαδεύεται
3145 361 3214 415 τὰ
3250 361 3439 433 θηρία,
3471 363 3533 418 οὐ
3565 365 3737 435 βοῶν-

2064 451 2171 518 των
2198 437 2376 518 αὐτῶν
2415 441 2649 511 μεγάλα,
2698 442 2815 495 ἀλλ’
2863 440 3046 503 ἁπλῶς
3077 440 3486 510 φθεγγομένων.
3522 445 3599 496 Οὐ
3629 445 3744 518 γάρ

2066 512 2381 597 βρυχηθμὸς
2403 518 2616 584 λέοντος
2662 519 2805 573 οὕτω
2836 518 3129 588 φυγαδεύει
3158 517 3228 572 τά
3263 519 3452 591 θηρία,
3487 521 3565 585 ὡς
3606 512 3743 597 εὐχῆ

2060 594 2270 649 δικαίου
2305 598 2601 666 φυγαδεύει
2627 598 2924 669 δαίμονας·
2959 597 3026 652 ἂν
3052 596 3356 667 φθέγξηται
3395 599 3575 668 μόνον,
3610 594 3744 656 κατέ

2061 676 2351 743 επτήχασι.
2388 678 2498 730 Καὶ
2520 676 2623 730 ποῦ
2650 677 2742 730 νῦν
2764 676 3016 739 τοιοῦτοι,
3047 677 3204 745 φησὶ,
3230 676 3374 742 εἰσί;
3414 678 3700 749 Πανταχοῦ
3720 721 3738 742 ,

2063 752 2129 806 ἂν
2161 755 2504 827 πιστεύωμεν
2529 758 2710 827 ἡμεῖς,
2736 757 2802 811 ἂν
2823 757 3095 827 ζητῶμεν,
3127 756 3193 810 ἂν
3219 757 3739 829 περιεργαξώμεθα.

2061 832 2172 886 Ποῦ
2206 833 2497 905 ἐζήτησας,
2528 836 2651 889 εἰπέ
2695 853 2818 906 μοι;
2851 836 2982 888 πότε
3013 834 3172 887 τοῦτο
3194 834 3357 905 ἔργον
3379 834 3538 906 ἔσχες
3564 854 3579 901 ;
3608 839 3740 895 πότε

2064 913 2297 982 πρᾶγμα
2320 912 2479 966 τοῦτο
2508 913 2669 978 ἔθου;
2709 914 2768 967 Εἰ
2797 915 2854 968 δέ
2878 915 2939 966 οὐ
2980 914 3185 984 ζητεῖς,
3207 914 3281 985 μὴ
3310 913 3626 988 θαυμάσῃς,
3655 918 3741 971 ὅτι

2061 990 2160 1060 οὐχ
2192 991 2465 1061 εὑρίσκεις
2485 1009 2497 1020 ·
2529 993 2591 1047 '0
2613 992 2721 1063 γὰρ
2738 990 2927 1060 ζητῶν
2947 996 3236 1062 εὑρίσκει,
3253 995 3352 1063 οὐχ
3381 995 3408 1047 ὁ
3441 993 3515 1064 μὴ
3536 994 3737 1064 ζητῶν.

2064 1070 2331 1123 ’Ἄκουσον
2358 1072 2483 1135 τοὺς
2503 1072 2561 1125 ἐν
2582 1075 2703 1136 ταῖς
2733 1072 2989 1143 ἐρημίαις
3013 1073 3172 1135 ὄντας
3196 1090 3209 1102 ·
3237 1072 3491 1140 ἀπάγαγε
3513 1076 3740 1144 χρυσίον

2061 1151 2155 1202 καὶ
2180 1149 2476 1221 ἀργύριον·
2511 1151 2790 1221 πανταχοῦ
2816 1153 2916 1221 τῆς
2951 1152 3280 1222 οἰκουμένης
3312 1152 3441 1205 εἰσί.
3494 1152 3618 1206 Κᾶν
3659 1153 3736 1225 μὴ

2061 1230 2120 1282 ἐν
2140 1232 2206 1300 τῇ
2225 1229 2372 1298 οἰκίᾳ
2401 1229 2550 1300 δέξῃ,
2587 1230 2787 1284 ἄπελθε
2839 1231 2903 1283 σὺ
2955 1231 3091 1301 πρὸς
3120 1231 3302 1296 αὐτὸν,
3353 1232 3619 1299 συγγένου
3658 1232 3738 1302 τῷ

2060 1306 2236 1377 ἀνδρὶ,
2267 1306 2401 1378 πρὸς
2421 1307 2482 1360 τὸ
2518 1308 2747 1378 οῐκημσ.’
2778 1308 2939 1376 γένου
2977 1309 3040 1361 τὸ
3082 1308 3316 1374 ἐκείνου,
3356 1309 3446 1362 ἵνα
3498 1308 3739 1381 δυνηθῇς

2059 1387 2359 1456 ἐπιτυχεῖν,
2409 1387 2505 1440 καὶ
2551 1386 2651 1456 τῆς
2694 1388 2828 1457 παρ’
2871 1386 3038 1440 αὐτοῦ
3095 1386 3349 1454 εὐλογίας
3399 1385 3731 1442 ἀπολαῦσαι.

2059 1464 2286 1534 Μεγάλη
2312 1464 2421 1535 γὰρ
2457 1467 2488 1535 ή
2520 1464 2674 1536 παρά
2715 1465 2825 1519 τῶν
2875 1465 3048 1533 ἀγίων
3077 1465 3317 1534 εὐλογία,
3342 1460 3410 1537 ἦς
3440 1465 3738 1535 ἐπιτυγχά-

2059 1559 2171 1598 νειν
2200 1543 2616 1613 σπουδάζωμεν,
2650 1545 2738 1598 ἵνα
2757 1545 2845 1598 διά
2863 1545 2972 1598 τῶν
2995 1543 3173 1615 εὐχῶν
3197 1545 3403 1598 τούτων
3435 1543 3736 1615 βοηθούμε-

2060 1639 2160 1686 νοι,
2192 1623 2292 1693 τῆς
2308 1624 2455 1694 παρά
2481 1622 2575 1676 τοῦ
2600 1624 2796 1687 αὐτοὺς
2823 1622 3248 1693 ἐνδυναμοῦντος
3265 1622 3401 1676 Θεοῦ
3421 1621 3732 1694 φιλανθρω-

2060 1700 2191 1764 πίας
2220 1702 2846 1775 ἀπολαύσωμεν,χάριτι
2888 1703 2983 1755 καὶ
3030 1701 3410 1774 φιλανθρωπία
3440 1701 3533 1754 τοῦ
3577 1717 3734 1771 μονο-

2059 1781 2251 1848 γενοῦς
2307 1782 2472 1835 αὐτοῦ
2526 1781 2677 1845 Υἰοῦ,
2722 1780 2842 1851 μεθ’
2872 1775 2934 1834 οὗ
2991 1781 3068 1851 τῷ
3101 1783 3273 1853 Πατρὶ
3313 1782 3429 1852 ἆμα
3477 1782 3556 1852 τῷ
3588 1780 3733 1851 ἁγίῳ

2061 1859 2336 1929 Πνεύματι
2356 1860 2505 1928 δόξα,
2538 1860 2760 1931 κράτος,
2789 1860 2944 1932 τιμὴ,
2969 1859 3066 1913 νῦν
3091 1860 3186 1913 καὶ
3222 1861 3329 1926 ἀεὶ,
3360 1860 3453 1913 καὶ
3484 1861 3566 1925 εἰς
3603 1859 3732 1924 τοὺς

2059 1938 2260 2001 αἰῶνας
2275 1939 2383 1992 τῶν
2413 1938 2647 1993 αἰώνων.
2690 1939 2883 2010 Ἀμήν.

1783 2184 2030 2240 ΟΜῐΛῙΑ
2067 2186 2192 2242 ΝΔ’.

282 2278 348 2331 01
373 2275 441 2328 δὲ
465 2276 755 2349 ,βάρϐαροι
795 2277 1082 2345 παρεῖχον
1120 2278 1192 2332 οὐ
1243 2277 1356 2346 τὴν
1389 2277 1702 2346 τυχοῦσαν
1736 2282 1948 2347 φιλαν-

349 2354 807 2435 θρωπίαν-ἡμῖν.
834 2354 1211 2435 ξΑναψ-αντες
1233 2356 1344 2425 γὰρ
1393 2358 1611 2425 πυρὰν,
1635 2357 1950 2435 ’προσελά-

349 2436 523 2486 ϐοντο
551 2432 784 2497 πάντας
812 2431 989 2502 ἡμᾶς,
1015 2433 1113 2487 διὰ
1135 2433 1242 2486 τὸν
1286 2436 1464 2489 ὑετὸν
1510 2435 1615 2488 τὸν
1636 2431 1950 2504 ἐφεστῶτα

348 2515 448 2568 καί
484 2514 581 2569 διὰ
605 2514 669 2567 τὸ
688 2514 908 2584 ψῦχος.
943 2514 1408 2584 Συστρέψαντος
1445 2516 1516 2570 δὲ
1550 2516 1657 2570 τοῦ
1699 2518 1947 2572 Παύλου

346 2595 670 2663 φρυγάνων
697 2586 952 2663 πλῆθος,
989 2594 1086 2647 καὶ
1116 2595 1423 2662 ἐπιθέντος
1443 2594 1541 2648 ἐπὶ
1585 2594 1701 2662 τὴν
1725 2596 1945 2663 πυρὰν,

344 2671 554 2740 ἔχιδνα
574 2673 641 2725 ἐκ
668 2672 778 2739 τῆς
807 2672 1024 2742 θέρμης
1049 2672 1467 2741 διεξελθοῦσα,
1496 2673 1811 2744 καθήψατο
1836 2675 1946 2742 τῆς

346 2751 542 2821 χειρός
563 2753 771 2808 αὑτοῦ.

344 2853 416 2902 α’.
435 2860 462 2889 ι
494 2847 618 2913 Πῶς
638 2851 900 2921 παρεῖχον
919 2849 1017 2921 τὴν
1038 2849 1452 2921 φιλανθρωπίαν
1479 2853 1530 2905 οἰ
1549 2851 1833 2924 βάρϐαροι,
1856 2852 1945 2922 ἐρ-

276 2926 521 2998 μηνεύει·
595 2927 956 2997 Ἆνάψαντες
1006 2930 1136 3002 γὰρ,
1180 2930 1332 3001 φησὶ,
1373 2929 1591 2998 πυρὰν,
1641 2932 1943 2997 προσελάδ

272 3008 449 3059 ϐοντο
469 3005 702 3072 πάντας
730 3006 907 3075 ἡμᾶς.
944 3006 1099 3061 Ἐπεὶ
1123 3008 1275 3061 οὐδὲν
1299 3006 1492 3077 ὄφελος
1525 3008 1819 3080 ἀλλαχόθεν
1844 3009 1944 3080 τῆς

274 3087 548 3158 σωτηρίας
578 3082 668 3158 ῆν,
700 3087 795 3140 τοῦ
834 3088 1103 3158 χειμῶνος
1135 3088 1420 3158 μέλλοντος
1463 3089 1661 3151 αὐτοὺς
1702 3089 1945 3157 διαφθεί-

272 3180 409 3233 ρειν,
453 3165 754 3218 ἀνάπτουσι
778 3164 877 3236 τὴν
903 3166 1104 3238 πυράν.
1128 3161 1261 3219 Εἶτα
1294 3168 1323 3219 ό
1352 3166 1566 3230 Παῦλος
1593 3165 1776 3222 λαϐὼν
1801 3168 1941 3240 φρύ-

270 3262 408 3314 γανα
431 3247 669 3302 ἐπετίθει
687 3249 779 3301 ἐπὶ
795 3249 891 3320 τὴν
910 3251 1108 3321 πυράν·
1126 3251 1154 3304 ὃ
1177 3252 1272 3305 καὶ
1289 3251 1462 3323 δηλῶν
1481 3252 1509 3292 ι’
1530 3251 1723 3320 ἐπάγει
1744 3252 1938 3321 λέγων·

271 3324 732 3397 Συστρέψαντος
761 3329 831 3385 δὲ
862 3330 971 3384 τοῦ
1013 3333 1255 3386 Παύλου
1308 3331 1633 3402 φρυγάνων
1685 3333 1939 3401 πλῆθος.

273 3405 415 3474 Ὅρα
446 3407 607 3461 αὐτὸν
626 3408 977 3479 ἐνεργοῦντα,
1025 3410 1120 3464 καί
1155 3410 1390 3480 οὐδαμοῦ
1421 3411 1942 3482 θαυματουργοῦντα

268 3484 478 3552 ἁπλῶς,
506 3486 621 3539 ἀλλ’
651 3488 762 3541 ἀπὸ
793 3488 1015 3558 χρείας·
1041 3490 1137 3541 καὶ
1153 3491 1211 3542 ἐν
1230 3488 1309 3559 τῷ
1336 3488 1569 3559 χειμῶνι
1618 3490 1729 3562 γὰρ
1757 3490 1941 3556 αἰτίας

266 3562 437 3635 οὐσης
481 3565 908 3635 προεφήτευσεν,
966 3567 1080 3620 ἀλλ’
1135 3568 1234 3639 οὐχ
1295 3569 1504 3636 ἁπλῶς,
1551 3572 1646 3623 καὶ
1707 3569 1942 3625 ἐνταῦθα

269 3639 431 3693 πάλιν
485 3641 739 3711 φρύγανα
768 3642 1014 3711 συλλέγει
1067 3645 1162 3698 καὶ
1215 3647 1546 3717 ἐπιτίθησιν.
1596 3643 1739 3719 ’Ὅρα
1788 3648 1940 3702 οὐδὲν

266 3720 650 3790 τετυφωμένον
682 3720 941 3777 ποιοῦντα
962 3723 1083 3777 οὐδὲ
1116 3726 1397 3797 περιττὸν,
1429 3726 1546 3781 ἀλλ’
1573 3727 1713 3782 ὥστε
1742 3728 1940 3781 διασω-

266 3799 426 3880 θῆναι
452 3800 670 3863 αὐτούς,
698 3801 795 3855 καὶ
826 3800 1039 3876 θέρμης
1066 3804 1211 3868 τινδς
1236 3806 1563 3861 ἀπολαῦσαι.
1623 3806 1774 3880 [405]
1802 3803 1936 3862 Εἶτα

265 3879 453 3958 ἔχιδνα
503 3880 568 3934 ἐκ
601 3881 700 3951 τῆς
752 3880 965 3955 θέρμης
1010 3883 1325 3952 ἐξελθοῦσα,
1376 3887 1475 3958 τῆς
1525 3879 1711 3958 χειρὸς
1771 3887 1938 3941 αὐτοῦ

265 3956 498 4011 ἅπτεται
524 3973 538 3989 ·
579 3960 675 4012 καὶ
709 3959 791 4013 ὅτι
846 3959 1043 4030 ἥψατο,
1092 3960 1256 4031 δῆλον
1317 3956 1464 4017 ποιεῖ
1513 3956 1671 4018 τοῦτο
1727 3968 1793 4019 ἐκ
1840 3967 1939 4036 τῆς

264 4036 582 4106 ἐπαγωγῆς,
655 4038 829 4107 λέγων
850 4056 862 4069 ·
917 4039 1014 4106 Ὠς
1067 4040 1138 4095 δὲ
1190 4037 1357 4097 εἶδον
1393 4046 1449 4097 οἱ
1522 4043 1819 4115 ,ϐάρϐαροι
1870 4047 1939 4100 τὸ

264 4117 471 4186 θηρίον
505 4117 878 4189 κρεμάμενον
928 4120 998 4176 ἐκ
1044 4121 1157 4191 τῆς
1213 4122 1416 4193 χειρὸς
1465 4125 1672 4190 αὐτοῦ,
1721 4124 1939 4196 ἔλεγον

261 4203 410 4272 πρὸς
434 4205 765 4274 ἀλλήλους·
816 4207 1063 4276 Πάντως
1100 4210 1326 4279 φονεύς
1367 4209 1542 4266 ἐστιν
1568 4215 1601 4267 ό
1624 4211 1933 4285 ἅνθρωπος

257 4286 458 4359 οὗτος.
492 4292 565 4347 ὃν
592 4293 962 4352 διασωθέντα
986 4296 1055 4352 ἐκ
1080 4296 1190 4367 τῆς
1223 4298 1548 4368 θαλάσσης
1580 4301 1618 4371 ἡ
1656 4301 1794 4371 δίκη
1828 4300 1937 4372 ζῇν

210 4378 213 4379 ⁷
258 4381 371 4435 οὐκ
413 4381 600 4437 εἴασε.
665 4384 861 4450 Καλῶς
895 4382 1187 4440 καὶτοῦτο
1220 4388 1608 4461 συνεχωρήθη,
1653 4388 1795 4443 ὥστε
1842 4391 1936 4445 καὶ

259 4465 389 4520 ἰδεῖν
422 4468 619 4533 αὐτοὺς
646 4471 741 4524 καὶ
775 4471 1111 4540 φθέγξασθαι
1137 4474 1331 4538 ταῦτα,
1378 4475 1466 4529 ἵνα
1515 4477 1644 4529 ὅταν
1685 4476 1931 4548 γένηται,

256 4555 335 4626 μὴ
365 4555 659 4629 ἀπιστῆται
687 4557 748 4610 τὸ
780 4557 985 4629 θαῦμα.
1021 4559 1164 4631 Ὅρα
1192 4561 1292 4633 τὴν
1316 4563 1553 4632 φυσικὴν
1581 4563 1763 4634 κρίσιν
1787 4564 1937 4636 διηρο

252 4639 544 4713 θρωμένην
592 4643 686 4697 καί
718 4645 870 4714 παρά
907 4645 1221 4717 βαρϐάροις,
1265 4649 1362 4702 καὶ
1402 4648 1698 4718 αἰδεσίμως
1736 4650 1934 4717 αὐτοὺς

256 4729 392 4799 πρὸς
440 4731 707 4801 ἀλλήλους
754 4731 1048 4801 λέγοντας,
1085 4733 1182 4786 καὶ
1235 4734 1371 4805 μηδέ
1419 4738 1933 4803 καταγινώσκοντας

249 4816 461 4881 ἁπλῶς.
490 4816 649 4873 Οὕτω
672 4817 768 4871 καὶ
799 4811 944 4873 οὗτοι
969 4819 1235 4892 πρότερον
1269 4819 1581 4890 βλέπουσιν,
1611 4822 1699 4877 ἵνα
1728 4824 1930 4895 μᾶλλον

248 4900 629 4975 θαυμάσωσιν.
677 4905 739 4958 '0
767 4905 879 4974 μὲν
915 4903 1032 4962 οὖν
1076 4908 1594 4980 άποτιναξάμενος
1624 4911 1691 4965 τὸ
1718 4914 1931 4981 θηρίον

247 4992 337 5056 εἰς
372 4993 440 5045 τὸ
477 4991 619 5062 πῦρ,
647 4991 872 5048 ἔπαθεν
896 4995 1080 5050 οὐδὲν
1096 4996 1309 5052 κακόν·
1335 5001 1389 5053 οί
1426 4997 1497 5052 δὲ
1541 5001 1930 5067 προσεδόκων

245 5078 439 5133 αὐτόν
484 5079 741 5150 μέλλειν
776 5082 1152 5152 πίμπρασθαι
1176 5126 1191 5150 ,
1236 5084 1276 5154 ἣ
1322 5087 1716 5142 καταπίπτειν
1758 5089 1927 5161 ἁφνω

246 5170 486 5236 νεκρόν.
542 5167 675 5223 Ἐπὶ
726 5170 884 5225 πολὺ
929 5170 997 5225 δὲ
1047 5172 1247 5228 αὐτῶν
1304 5175 1781 5244 προσδοκώντων
1827 5180 1924 5234 κιιί

245 5255 627 5326 θεωρούντων
668 5257 865 5329 μηδὲν
918 5257 1148 5314 ἄτοπον
1195 5263 1281 5329 εἰς
1334 5263 1523 5317 αὐτόν
1575 5266 1925 5335 γινόμενον,

240 5345 753 5416 μεταϐαλλόμενοι
785 5346 999 5418 ἔλεγον
1027 5349 1167 5404 θεὸν
1199 5350 1388 5406 αὐτὸν
1425 5348 1596 5411 εἶναι.
1632 5354 1695 5409 O7.
1739 5355 1925 5424 ἐνόμτ-

244 5426 337 5493 ζον
374 5433 538 5487 αὐτὸν
578 5435 953 5509 πίμπρασθαι,
984 5436 1232 5492 τουτέστι
1289 5438 1750 5512 διαῤῥήγνυσθαι,
1778 5435 1924 5499 οὗτοι

243 5515 595 5592 θεασάμενοι,
621 5524 703 5578 ὅτι
728 5524 882 5581 οὐδὲν
914 5525 1084 5581 κακὸν
1124 5525 1316 5593 ἔπαθε,
1369 5527 1654 5598 λέγουσιν,
1684 5532 1768 5584 ὅτι
1796 5532 1917 5597 θεός

302 5664 329 5741 ξ
356 5664 977 5741 Quidarpjicjncipipn};
1005 5674 1262 5741 Παρεῖχον,
1302 5678 1436 5741 φησί,
1475 5677 1530 5741 οὐ
1556 5679 1643 5741 τὴν
1676 5677 1916 5741 τυχοῦσαν

242 5725 338 5801 τιλ-
364 5728 475 5801 ἡμεν
499 5734 546 5801 οι
569 5725 815 5801 βέρδοερεεζ
838 5725 1099 5801 ἀνάψειντεέ
1129 5725 1279 5799 πῧράν
1293 5725 1436 5786 ³ἐᾶτεί
1453 5739 1587 5801 οὐδέν
1692 5725 1911 5801 ﬁam;

243 5788 552 5899 Ἐὲὶαξτό
570 5788 644 5838 ’ΠΣ
706 5788 733 5831 5
762 5788 952 5842 Vocem"
965 5788 1140 5857 δηλῶν,
1166 5788 1262 5857 q'ua
1283 5800 1603 5861 carenledill,
1629 5798 1779 5849 habet
1801 5788 1913 5851 'cod.

2057 2280 2192 2334 ἐστι.
2229 2279 2398 2334 Πάλιν
2439 2279 2572 2352 ἄλλη
2615 2280 2822 2334 τούτων
2859 2278 3133 2352 ὑπερϐολὴ
3178 2281 3378 2351 τιμῆς,
3415 2278 3606 2354 ὥσπερ
3638 2283 3731 2338 καὶ

2053 2365 2163 2420 τῶν
2204 2365 2377 2436 ὄχλων
2407 2366 2515 2419 τῶν
2567 2368 2626 2419 ἐν
2675 2367 2970 2438 Λυκαονία.
3017 2369 3121 2421 Ἔν
3171 2367 3240 2420 δὲ
3270 2368 3393 2435 τοῖς
3441 2369 3574 2437 περί
3623 2373 3732 2424 τὸν

2054 2448 2241 2500 τόπον
2264 2446 2499 2500 ἐκεῖνον
2530 2446 2714 2516 χωρία
2751 2446 2989 2516 ὑπῆρχε
3020 2447 3101 2514 τῷ
3142 2450 3349 2517 πρώτῳ
3374 2450 3485 2519 τῆς
3507 2451 3725 2519 νήσου,

2053 2528 2297 2597 ὀνόματι
2326 2530 2589 2596 Ποπλίῳ·
2621 2530 2688 2596 ὃς
2713 2530 3160 2600 ἀναδεξάμενος
3200 2533 3360 2602 ἡμᾶς
3400 2533 3556 2603 τρεῖς
3581 2535 3729 2605 ἠμέ-

2044 2627 2160 2679 ρας
2189 2614 2568 2682 φιλοφρόνως
2587 2613 2885 2678 ἐξένισεν.
2924 2615 3055 2669 Ἰδοὺ
3075 2616 3239 2671 πάλιν
3265 2618 3422 2681 ἀλλος
3451 2619 3729 2687 φιλόξενος

2049 2695 2079 2747 ό
2108 2695 2360 2760 Πόπλιος,
2394 2697 2488 2750 καὶ
2519 2695 2772 2761 πλούσιος
2802 2698 2896 2750 καὶ
2927 2698 3329 2770 εὐπορώτατος.
3373 2696 3543 2765 Οὗτος
3574 2701 3728 2755 οὐδὲν

2056 2775 2197 2841 ἰδὼν,
2231 2776 2348 2830 ἀλλ’
2388 2778 2496 2831 ἀπὸ
2535 2780 2636 2849 τῆς
2672 2780 2957 2850 συμφορᾶς
3003 2781 3172 2850 μόνης
3215 2780 3444 2851 ἐλεήσας
3486 2782 3723 2847 αὐτοὺς,

2050 2859 2343 2925 ὑπεδέξατο
2371 2861 2467 2914 καὶ
2508 2860 2894 2932 ἐθεράπευσεν.
2939 2860 3212 2932 Ἐγένετο
3253 2861 3321 2916 δὲ
3352 2864 3460 2916 τὸν
3499 2863 3727 2933 πατέρα

2050 2944 2157 2998 τοῦ
2180 2943 2448 2998 Ποπλίου
2473 2945 2751 3013 πυρετοῖς
2778 2945 2877 3000 καί
2914 2945 3269 3015 δυσεντερίᾳ
3311 2948 3728 3018 συνεχόμενον

2051 3026 2451 3082 κατακεῖσθαι·
2489 3026 2639 3096 πρὸς
2661 3027 2734 3082 ὃν
2765 3032 2798 3083 ό
2827 3029 3067 3096 Παῦλος
3093 3030 3384 3085 εἰσελθὼν
3416 3032 3513 3085 καὶ
3538 3044 3729 3099 προσ-

2049 3109 2398 3180 ευξάμενος,
2431 3110 2656 3178 ἐπιθεὶς
2686 3113 2792 3175 τὰς
2826 3112 3028 3182 χεῖρας
3061 3112 3240 3179 αὐτῷ,
3272 3115 3485 3168 ἰάσατο
3514 3115 3722 3168 αὐτόν.

2051 3193 2214 3247 Ὥστε
2247 3193 2393 3258 ἄξιος
2422 3190 2489 3265 ἦν
2517 3193 2611 3247 τοῦ
2643 3194 2838 3249 παθεῖν
2866 3195 3067 3259 καλῶς·
3092 3196 3172 3250 διὸ
3197 3197 3293 3250 καὶ
3316 3196 3553 3267 ἀμοιϐὴν
3576 3195 3726 3266 αὐτῷ

2049 3274 2337 3338 ἀποδιδοὺς
2393 3275 2492 3345 τῆς
2549 3276 2823 3347 ἀποδοχῆς
2884 3278 3073 3332 ἰάσατο
3132 3279 3314 3333 αὐτόν.
3377 3277 3605 3333 Τούτου
3655 3278 3727 3332 δὲ

2049 3356 2399 3427 τεινομένου,
2430 3359 2529 3414 καί
2561 3362 2616 3414 οί
2652 3360 2851 3414 λοιποὶ
2878 3364 2931 3415 al
2961 3362 3208 3429 ἔχοντες
3234 3362 3512 3429 ἀσθενεῖς
3549 3363 3620 3415 ἐν
3648 3361 3725 3432 τῇ

2047 3439 2238 3507 νήσῳ,
2269 3441 2688 3511 προσήρχοντο
2726 3444 2822 3497 καί
2859 3445 3309 3513 ἐθεραπεύοντο·
3344 3446 3401 3500 οἳ
3435 3446 3532 3499 καί
3570 3449 3723 3500 πολ-

2045 3524 2183 3590 λαῖς
2203 3526 2397 3595 τιμαῖς
2411 3526 2705 3597 ἐτίμησαν
2723 3527 2901 3594 ἡμᾶς,
2917 3528 3014 3582 καὶ
3030 3528 3422 3599 ἀναγομένοις
3440 3529 3723 3585 ἐπέθεντο

2043 3609 2116 3661 τὰ
2140 3610 2290 3676 πρὸς
2319 3609 2433 3678 τὴν
2459 3612 2687 3681 χρείαν·
2717 3611 2987 3676 τουτέστι,
3016 3613 3108 3665 καὶ
3132 3615 3265 3682 ἡμῖν
3289 3611 3496 3666 ἔδωκαν
3523 3613 3722 3681 ἀναγο-

2045 3689 2227 3759 μένοις
2252 3690 2320 3745 τά
2348 3692 2485 3762 πρὸς
2516 3692 2614 3763 τὴν
2639 3692 2827 3763 χρείαν
2858 3693 2953 3746 καὶ
2982 3695 3094 3757 τοῖς
3123 3693 3324 3757 ἄλλοις.
3353 3692 3494 3763 Ὅρα
3521 3694 3721 3758 αὐτοὺς

2040 3772 2162 3825 οὐδέ
2187 3773 2280 3827 τοῦ
2301 3775 2569 3846 χειμῶνος
2597 3775 3009 3843 ἀπαλλαγέντας
3033 3774 3295 3844 μένοντας
3317 3775 3714 3847 ἀτημελήτους,

2038 3855 2176 3910 ἀλλά
2204 3858 2297 3910 καὶ
2330 3858 2427 3928 τὴν
2454 3858 2723 3929 ὑποδοχὴν
2767 3856 3050 3929 φιλότιμον
3079 3859 3376 3930 γενομένην
3415 3858 3480 3911 δι’
3516 3858 3678 3911 αὐτόν
3700 3875 3717 3891 '

2038 3945 2188 4013 τρεῖς
2218 3945 2327 4016 γὰρ
2360 3946 2536 4016 μῆνας
2566 3941 2707 4016 ἦσαν
2738 3945 2858 3999 ἐκεῖ
2886 3946 3210 4016 τρεφόμενοι
3238 3946 3456 4009 πάντες.
3491 3944 3601 3998 Καὶ
3636 3945 3717 3998 ὅτι

2039 4030 2295 4087 τοσοῦτον
2332 4033 2523 4102 χρόνον
2556 4033 2839 4102 ἐποίησαν,
2871 4033 3035 4086 ἄκουε
3065 4033 3182 4096 πῶς
3212 4032 3371 4086 τοῦτο
3399 4031 3716 4103 ἑρμηνεύων

2038 4118 2270 4188 ἐπάγει·
2307 4122 2470 4175 Μετὰ
2491 4119 2559 4173 δὲ
2597 4120 2753 4188 τρεῖς
2791 4119 2995 4190 μῆνας
3035 4119 3386 4190 ἀνήχθημεν
3427 4120 3497 4174 ἐν
3524 4120 3716 4185 πλοίῳ

2041 4208 2575 4277 παρακεχειμακότι
2604 4207 2674 4261 ἐν
2701 4206 2779 4276 τῇ
2814 4206 2985 4274 νήσῳ
3034 4206 3489 4277 Ἀλεξανδρίνῳ,
3525 4224 3713 4277 παρα-

2036 4292 2212 4363 σήμῳ
2249 4294 2657 4362 Διοσκούροις.
2695 4295 2806 4348 Καὶ
2849 4295 3247 4363 καταχθέντες
3284 4297 3373 4360 εἰς
3405 4296 3710 4363 Συρακού-

2036 4394 2172 4452 σας,
2203 4380 2598 4452 ἐπεμείναμεν
2624 4381 2847 4452 ἡμέρας
2878 4382 3053 4451 τρεῖς.
3088 4382 3266 4436 Ὅθεν
3295 4383 3711 4450 περιελθόντες

2035 4472 2499 4542 κατηντήσαμεν
2531 4474 2619 4537 εἰς
2666 4471 2921 4540 Ῥήγιον·
2971 4470 3072 4524 καί
3109 4470 3261 4539 μετὰ
3292 4470 3443 4540 μίαν
3479 4470 3709 4539 ἡμέραν

2033 4544 2461 4629 ἐπιγενομένοῦ
2499 4560 2702 4621 νότου,
2748 4557 3074 4626 δευτεραῖοι
3111 4557 3376 4625 ἤλθομεν
3397 4559 3486 4622 εἰς
3501 4555 3708 4611 Ποτιό-

2030 4648 2201 4714 λους·
2249 4643 2321 4705 οὗ
2371 4649 2652 4716 εὑρόντες
2708 4645 3033 4715 ἀδελφοὺς,
3083 4645 3549 4713 παρεκλήθημεν
3614 4645 3709 4699 ἐπ’

2030 4733 2236 4800 αὐτοῖς
2273 4734 2569 4803 ἐπιμεῖναι
2611 4733 2838 4803 ἡμέρας
2877 4731 3063 4786 ἑπτά·
3111 4730 3211 4785 καὶ
3248 4731 3436 4798 οὕτως
3474 4733 3563 4797 εἰς
3595 4730 3709 4800 τὴν

2043 4821 2278 4892 Ῥώμην
2308 4822 2593 4892 ἤλθομεν.
2626 4821 2913 4876 Κάκεῖθεν
2949 4822 3004 4873 οι
3045 4819 3296 4889 ἀδελφοὶ
3331 4819 3707 4886 ἀκούσαντες

2029 4907 2103 4963 τὰ
2134 4910 2267 4978 περί
2295 4909 2483 4979 ἡμῶν,
2519 4906 2784 4977 ἐξῆλθον
2818 4911 2906 4974 εἰς
2941 4907 3290 4976 ἀπάντησιν
3330 4905 3504 4975 ἡμῖν,
3534 4905 3707 4975 ἄχρις

2041 4998 2286 5052 Ἀππίου
2331 4997 2541 5066 φόρου,
2584 4995 2685 5050 καί
2735 4993 2914 5064 Τριῶν
2955 4993 3271 5063 ταϐερνῶν.
3326 4992 3445 5059 υῦς
3494 4992 3636 5046 ἰδὼν
3671 4994 3706 5047 ό

2026 5085 2288 5151 Παῦλος,
2318 5084 2768 5155 εὐχαριστήσας
2792 5083 2870 5151 τῷ
2893 5082 3035 5150 Θεῷ,
3074 5084 3254 5138 ἔλαϐε
3284 5081 3530 5151 θάρσος.
3560 5081 3705 5151 Ὅρα

2025 5172 2117 5228 διὰ
2152 5172 2362 5228 Παῦλον
2385 5172 2564 5226 πάντα
2592 5172 2851 5242 γινόμενα
2872 5170 3064 5237 ταῦτα,
3093 5171 3235 5223 ὥστε
3260 5168 3549 5223 πιστεῦσαι
3576 5170 3702 5232 τοὺς

2024 5257 2327 5329 δεσμώτας,
2363 5261 2489 5322 τοὺς
2523 5257 2885 5330 στρατιώτας,
2916 5258 3009 5311 τὸν
3040 5257 3459 5327 ἑκατόνταρχον.
3493 5257 3555 5309 Εἰ
3592 5255 3702 5328 γὰρ

2019 5346 2343 5402 αὐτολίθινοι
2370 5342 2532 5418 ἦσαν,
2570 5348 2664 5402 καὶ
2696 5348 2762 5401 δι’
2793 5340 2868 5401 ὧν
2900 5344 3402 5417 συμϐουλεύσαντος
3432 5344 3698 5415 ῆκουσαν,

2019 5433 2116 5488 καὶ
2147 5432 2215 5486 δι’
2248 5432 2398 5506 [-506]
2427 5427 2503 5487 ὧν
2532 5435 2911 5506 προειπόντος,
2942 5434 3037 5487 καὶ
3071 5433 3140 5486 δι’
3171 5424 3246 5485 ὧν
3280 5430 3700 5502 θαυματουργή-

2027 5535 2236 5585 σαντος,
2273 5521 2369 5575 καὶ
2408 5521 2477 5574 δι]
2514 5515 2589 5575 ὧν
2641 5521 2942 5592 θρέψαντος
2993 5519 3331 5582 ἀπέλαυσαν,
3380 5517 3594 5586 μεγάλα
3631 5516 3699 5571 ἀν

2023 5606 2441 5677 ὲφαντάσθησαν
2466 5610 2594 5680 περί
2616 5607 2805 5662 αὐτοῦ.
2832 5608 2976 5680 Ὅρα
3004 5608 3132 5660 ὅταν
3154 5604 3291 5677 ὀρθὴ
3314 5606 3496 5675 κρίσις
3517 5600 3572 5678 ᾖ,
3602 5604 3696 5657 καὶ

2026 5695 2099 5765 μὴ
2137 5694 2659 5767 προκατιιλημμένη
2693 5697 2858 5751 πάθει
2888 5695 3015 5760 τινὶ,
3049 5693 3167 5758 πῶς
3194 5693 3399 5756 εὐθέως
3426 5692 3695 5761 λαμϐάνει

2021 5783 2117 5843 τὰς
2156 5782 2367 5851 κρίσεις
2401 5783 2502 5845 τὰς
2545 5783 2713 5853 ὁρθὰς
2755 5783 2979 5846 καὶτὰς
3017 5782 3232 5851 ψήφους
3264 5780 3689 5848 διεγνωσμὲνας.

2026 5867 2165 5927 ’Ήδη
2208 5869 2301 5921 καὶ
2345 5870 2446 5929 τῆς
2488 5870 2735 5931 Σικελίας
2787 5871 2848 5925 τὸ
2887 5871 3153 5947 κήρυγμα
3186 5870 3396 5940 ἥψατο·
3436 5865 3580 5919 οὕτω
3611 5866 3687 5920 δι·
