4086 6164
324 267 431 324 5⁸’5

323 389 437 443 huic
472 382 624 439 vobis
655 379 863 436 \‘inCula
907 379 1248 450 disrumpet‘l
1278 379 1386 434 Deo
1432 393 1567 449 opus
1597 388 1679 436 est
1709 391 1768 435 ut
1794 380 1906 435 sol-

320 490 535 534 vantur.
567 476 629 531 Et
658 488 823 530 unum
850 473 1062 543 quidem
1092 471 1280 527 horum
1303 471 1498 527 sufficit
1521 470 1588 525 ad
1616 472 1907 541 periculum

320 570 612 629 creandum
644 587 657 623 :
685 583 809 625 cum
852 573 1034 621 autem
1064 564 1270 620 vincula
1315 575 1368 618 et
1399 573 1708 633 tempestas,
1737 565 1908 636 cogita

318 675 521 736 quanta
552 664 658 719 sint
688 660 945 732 pericula.
978 658 1114 726 Quid
1147 659 1288 713 enim
1334 673 1439 713 non
1472 659 1665 713 sufficit
1690 659 1756 713 ad
1787 675 1898 727 per-

320 756 593 813 dendum?
648 768 826 808 nonne
876 750 1071 806 sufficit
1114 750 1329 805 fames?
1368 767 1546 805 nonne
1577 751 1911 820 tempestas?

323 864 508 905 nonne
536 853 809 900 vectorum
839 841 1114 913 nequitia?
1145 856 1323 896 nonne
1355 851 1565 912 tempus
1596 842 1908 912 inopportu-

322 938 490 993 uum?
518 935 715 991 Verum
739 933 805 987 ad
834 935 948 987 lucc
976 931 1155 987 omnia
1177 930 1323 986 stetit
1343 931 1670 986 clarissimus
1692 932 1907 987 Paulus.

321 1030 393 1085 ita
436 1039 491 1085 et
521 1042 663 1084 nunc
695 1046 708 1082 :
743 1025 1070 1081 retineamus
1118 1023 1396 1079 nobiscum
1439 1031 1674 1092 sanctos,
1707 1034 1762 1079 et
1802 1041 1906 1080 non

320 1125 423 1176 erit
454 1127 742 1190 tempestas
763 1135 777 1183 ;
802 1118 910 1171 imo
935 1117 1095 1172 etiam
1125 1116 1171 1171 si
1196 1116 1265 1171 sit
1295 1123 1602 1185 tempestas,
1636 1116 1737 1171 erit
1765 1131 1908 1171 sere-

322 1215 461 1268 nitas
484 1222 539 1268 et
562 1208 914 1280 tranquillitas
941 1220 1154 1277 magna,
1183 1221 1246 1261 ac
1272 1206 1517 1261 liberatio
1562 1220 1589 1259 a
1631 1207 1904 1276 periculis.

322 1303 535 1357 Etenim
565 1299 719 1355 vidua
752 1297 838 1353 illa
868 1305 1111 1351 sanctum
1154 1296 1382 1351 habebat
1405 1295 1656 1361 amicum,
1686 1304 1741 1351 et
1764 1310 1911 1351 mors

321 1392 415 1446 lilii
463 1391 635 1447 soluta
678 1397 781 1456 est,
829 1402 1159 1458 puerumque
1185 1387 1481 1442 redivivum
1531 1389 1758 1457 accepit.
1804 1386 1908 1443 Ubi

320 1481 485 1551 pedes
513 1489 820 1537 sanctorum
849 1486 1151 1545 versantur,
1194 1477 1328 1532 nihil
1369 1477 1562 1533 accidit
1605 1479 1795 1534 triste:
1825 1479 1908 1534 sin

319 1572 548 1637 accidat,
580 1571 647 1626 ad
677 1571 1041 1639 probationem
1073 1581 1128 1625 et
1170 1569 1235 1624 ad
1267 1569 1526 1640 majorem
1560 1570 1654 1625 Dei
1682 1571 1905 1641 gloriam

319 1667 535 1722 accidit.
580 1664 688 1720 Fac
740 1673 795 1719 ut
839 1663 1031 1720 domus
1078 1662 1439 1733 pavimentum
1489 1664 1795 1735 frequenter
1839 1665 1908 1719 ab

320 1758 625 1830 bujusmodi
657 1758 896 1812 calcetur
923 1755 1166 1826 pedibus,
1199 1772 1298 1812 nec
1325 1757 1394 1811 ibi
1425 1756 1642 1812 calcabit
1673 1756 1903 1823 dmmon;

319 1861 374 1905 et
404 1849 598 1905 merito
623 1848 860 1920 quidem.
889 1848 1035 1903 Sicut
1063 1847 1206 1902 enim
1238 1847 1327 1903 ubi
1359 1847 1665 1918 fragrantia,
1702 1846 1772 1900 ibi
1803 1846 1904 1901 fte-

320 1951 403 1997 tor
430 1943 605 1997 locum
645 1955 751 1995 non
796 1938 994 1994 habet:
1025 1939 1103 1994 sic
1147 1939 1234 1993 ubi
1280 1949 1608 2008 unguentum
1638 1947 1903 2003 sanctum,

319 2033 391 2089 ibi
423 2032 713 2088 suti‘ocatur
738 2030 969 2096 daemon,
994 2029 1153 2085 simul
1176 2038 1396 2101 agentes
1425 2030 1675 2093 Imtiﬁcat,
1699 2038 1907 2085 recreat

320 2124 577 2178 animam.
608 2120 712 2178 Ubi
756 2122 947 2191 spina‘,
987 2120 1057 2175 ibi
1095 2122 1222 2175 ferae
1253 2139 1266 2175 :
1300 2120 1388 2175 ubi
1442 2120 1793 2190 hospitalitas,
1834 2119 1906 2175 ibi

320 2215 494 2285 spinae
519 2228 625 2268 non
655 2219 778 2268 sunt
804 2230 816 2266 ι
846 2227 969 2266 nam
999 2211 1235 2282 ingressa
1260 2212 1598 2282 elcemosyna
1630 2210 1764 2265 falce
1781 2224 1905 2264 aeu-

324 2306 432 2361 tior
459 2305 640 2374 spinas
674 2303 917 2368 succidit,
948 2311 1003 2357 et
1034 2302 1154 2373 igne
1184 2302 1554 2356 vehementius
1584 2301 1760 2357 exurit
1788 2316 1903 2355 eas.

1293 263 1357 319 IN
1395 261 1575 321 ACTA
1651 261 2171 323 APOSTOLORUM.
2216 265 2441 322 liOlllL.
2485 264 2618 325 LIV.

3499 278 3603 335 ὅτι

2016 380 2092 436 Nc
2118 380 2306 437 timeas
2332 400 2344 434 :
2373 385 2561 438 timent
2604 390 2907 441 sanctorum
2941 390 3161 462 vestigia
3203 390 3340 447 sicut
3385 394 3595 452 leonem

2017 474 2219 543 vulpes.
2260 472 2440 530 Jus;us
2468 480 2620 543 enim,
2650 477 2837 545 inquit,
2880 490 2935 533 ut
2961 480 3038 536 leo
3062 485 3269 552 conﬁdit
3291 484 3468 555 (Prov.
3504 489 3596 545 28.

2018 565 2092 637 1).
2128 566 2235 620 llos
2266 567 2667 623 introducamus
2693 569 2872 624 leones
2905 573 2955 625 in
2986 573 3223 643 domum,
3247 568 3304 632 'et
3330 576 3457 634 fera:
3481 595 3593 635 omo

2016 670 2111 710 nes
2156 655 2496 727 fugahnntur,
2531 674 2636 713 non
2672 658 2779 714 illis
2804 662 3221 722 occlamautihus
3251 669 3346 724 sed
3393 672 3600 744 simpli-

2014 748 2149 802 citer
2176 748 2536 818 loquentibus.
2568 750 2681 806 Non
2707 753 2849 806 enim
2874 754 3077 823 rugitus
3102 756 3269 814 leonis
3297 760 3493 818 bestias
3521 764 3602 820 sic

2016 834 2181 908 fugat,
2225 847 2281 893 ut
2318 839 2446 908 justi
2495 842 2729 909 precatio
2770 842 3045 900 daemonas
3082 863 3095 898 :
3128 848 3171 901 si
3202 849 3449 920 loquatur
3476 863 3598 909 tan-

2017 938 2150 998 tum,
2185 930 2471 987 formidant
2508 933 2604 987 illi.
2639 934 2702 988 Et
2748 935 2985 1003 ubinam,
3028 937 3255 1007 inquies,
3294 959 3435 1000 nunc
3465 947 3601 1001 tales

2016 1020 2259 1077 homines
2294 1024 2456 1077 sunt?
2485 1023 2712 1095 Ubique,
2755 1026 2799 1081 si
2851 1041 2949 1082 nos
2978 1029 3280 1099 credamus,
3321 1035 3367 1088 si
3394 1051 3602 1105 quiera-

2016 1127 2157 1179 mus,
2187 1113 2231 1168 si
2265 1114 2476 1196 curiose
2504 1116 2947 1188 pet-vestigemus.
2985 1119 3084 1175 Ubi
3115 1122 3429 1191 quaesivisti,
3455 1143 3603 1196 qure~

2015 1204 2111 1258 so?
2140 1204 2477 1274 quandonam
2514 1206 2616 1262 hoc
2640 1209 2876 1264 curasti?
2905 1210 2961 1267 Si
3003 1227 3109 1267 non
3139 1230 3368 1284 qumras,
3404 1233 3473 1273 ne
3501 1220 3603 1274 mi-

2014 1298 2172 1365 reris,
2191 1298 2235 1352 si
2264 1313 2369 1353 non
2393 1300 2663 1370 reperias:
2690 1316 2811 1356 nam
2838 1302 2935 1369 Qui
2950 1306 3150 1376 quterit,
3174 1308 3362 1362 invenit
3383 1309 3596 1381 (Matth.

2016 1388 2067 1444 7.
2101 1388 2177 1459 7),
2210 1404 2316 1445 non
2348 1391 2436 1459 qui
2471 1406 2576 1445 non
2606 1393 2819 1461 qumrit.
2851 1395 2989 1450 Audi
3020 1411 3115 1451 eos
3141 1400 3229 1468 qui
3265 1399 3317 1453 in
3347 1401 3600 1456 solitudi-

2016 1479 2170 1535 nibus
2219 1489 2343 1536 sunt
2388 1498 2400 1535 :
2446 1481 2618 1553 abjice
2675 1499 2865 1540 aurum
2915 1495 2970 1541 et
3028 1498 3344 1559 argentum;
3405 1493 3602 1562 ubique

2015 1580 2278 1627 terrarum
2306 1583 2450 1628 sunt.
2481 1574 2536 1629 Si
2568 1589 2674 1631 non
2702 1576 2844 1630 domi
2877 1579 3125 1649 recipias,
3158 1581 3305 1636 illum
3333 1582 3440 1650 adi,
3475 1600 3598 1640 cum

2014 1663 2105 1718 illo
2131 1678 2376 1731 versare,
2422 1665 2489 1720 ad
2517 1666 2634 1736 ejus
2671 1667 2891 1723 domum
2938 1672 3135 1729 accede
3156 1715 3171 1739 ,
3205 1683 3263 1729 ut
3304 1678 3477 1745 possis
3510 1678 3602 1733 illo

2015 1752 2116 1809 frui
2146 1754 2367 1827 ejusque
2396 1756 2788 1815 benedictione.
2836 1761 3022 1832 Magna
3052 1764 3249 1835 quippe
3277 1777 3359 1822 est
3387 1779 3603 1826 sancto.

2013 1861 2131 1900 rum
2178 1846 2501 1917 benedictio,
2543 1865 2701 1920 quam
2756 1854 2968 1923 assequi
3014 1870 3283 1924 curemus,
3317 1868 3373 1914 ut
3413 1876 3599 1918 eorum

2015 1937 2260 2006 precibus
2305 1937 2491 2008 adiuti,
2538 1939 2628 2007 Dei
2660 1938 2772 2013 [qui
2804 1942 2923 1998 illos
2953 1944 3193 2018 roborat]
3235 1949 3601 2008 misericordia

2015 2027 2270 2092 fruamur,
2328 2029 2500 2098 gratia
2549 2037 2606 2085 et
2658 2030 2982 2103 benignitate
3031 2035 3298 2107 Unigeniti
3342 2041 3459 2111 ejus
3486 2040 3603 2115 [Fi-

2015 2116 2115 2190 lii],
2156 2119 2370 2189 quicum
2415 2119 2559 2175 Patri
2608 2129 2661 2176 et
2710 2122 2930 2192 Spiritui
2974 2135 3160 2183 sancto
3196 2130 3398 2200 gloria,
3429 2134 3602 2204 imper

2011 2208 2171 2273 rium,
2191 2208 2385 2278 honor,
2406 2224 2547 2267 nunc
2562 2218 2616 2268 et
2631 2206 2865 2284 semper,
2888 2225 2940 2271 et
2964 2216 3016 2271 in
3039 2220 3233 2274 steeula
3257 2224 3597 2282 surculorum.

2013 2301 2209 2356 Amen.

322 2433 3177 2459 m

1718 2506 2058 2569 HOMlLIA
2092 2508 2251 2570 LIV.

323 2664 449 2722 Car.
473 2665 564 2720 28.
594 2680 647 2719 v.
686 2666 737 2718 1.
775 2661 995 2718 Barbari
1028 2675 1142 2715 vero
1182 2657 1487 2729 prtestabunt
1526 2670 1627 2709 non
1653 2652 1904 2707 modicam

393 2757 756 2812 humanitatem
800 2755 960 2809 nobis.
1004 2752 1061 2807 Ξ.
1112 2753 1334 2806 Accensa
1358 2749 1491 2802 enim
1534 2762 1682 2817 pyra,
1711 2745 1909 2812 reﬁcie-

392 2852 511 2906 bant
536 2867 626 2906 nos
651 2865 842 2914 omnes,
866 2855 1068 2919 propter
1088 2847 1294 2899 imbrem
1309 2844 1395 2915 qui
1415 2841 1727 2906 imminebat,
1747 2849 1792 2892 et
1813 2839 1907 2909 fri-

392 2959 504 3014 gus.
537 2944 587 2998 5.
614 2941 739 2996 Cum
763 2947 1110 3011 congregasset
1133 2947 1299 2992 autem
1324 2936 1517 2990 Paulus
1539 2942 1907 2989 sarmentorum

394 3032 766 3088 multitudinem
805 3041 850 3085 et
878 3030 1197 3100 imposuisset
1225 3028 1278 3082 in
1318 3028 1505 3097 ignem,
1540 3026 1713 3095 vipera
1759 3039 1791 3076 a
1822 3037 1908 3075 ca-

395 3126 501 3181 lore
523 3141 638 3179 cum
661 3123 1000 3195 processisset,
1030 3121 1301 3175 momordit
1329 3134 1535 3173 manum
1564 3118 1696 3186 ejus.

395 3219 447 3273 1.
480 3216 761 3285 Quomodo
800 3214 1183 3269 humanitatem
1215 3217 1529 3281 prtesmrent
1553 3206 1786 3273 barbari,
1818 3205 1905 3259 iu-

325 3316 652 3378 trrpretatur
680 3324 694 3360 :
725 3307 961 3367 Accensa,
992 3304 1182 3374 inquit,
1211 3317 1338 3373 pyra
1359 3301 1646 3368 reﬁciebant
1666 3315 1756 3353 nos
1776 3295 1907 3370 [om-

323 3396 454 3470 nes].
483 3398 613 3466 Quia
638 3397 780 3453 enim
806 3396 950 3450 nulla
971 3409 1035 3449 ex
1066 3392 1315 3449 evasione
1335 3391 1533 3445 utihtas
1553 3390 1762 3455 fuisset,
1785 3402 1904 3442 cum

324 3490 491 3560 frigus
535 3489 655 3544 illos
683 3488 1124 3556 interempturum
1151 3491 1323 3549 esset,
1364 3481 1666 3541 accendunt
1698 3495 1900 3551 pyram.

325 3583 463 3638 Hinc
491 3581 688 3636 Paulus
730 3588 948 3649 accepta
988 3583 1258 3634 sarmenta
1304 3576 1356 3629 in
1403 3587 1591 3643 rogum
1630 3571 1808 3636 infert,
1850 3578 1910 3625 ut

325 3673 417 3729 ille
443 3672 755 3741 subjunglt:
782 3669 908 3723 Cum
955 3673 1310 3739 congregasset
1348 3673 1515 3719 autem
1561 3663 1758 3718 Paulus
1797 3679 1910 3717 sar-

325 3776 607 3819 mentorum
630 3760 1025 3816 multitudinem.
1042 3759 1176 3813 Vide
1197 3757 1343 3812 illum
1361 3762 1693 3825 operantem;
1711 3764 1762 3809 et
1786 3768 1914 3807 nus-

326 3877 485 3930 quam
500 3860 697 3915 frustra
715 3857 975 3913 mirabilia
989 3873 1050 3928 pa
1061 3862 1308 3920 trantem,
1324 3853 1418 3909 sed
1433 3853 1501 3907 ob
1517 3852 1910 3906 necessitatem:

328 3968 449 4008 nam
469 3952 523 4006 in
548 3957 863 4020 tempestate
883 3963 1092 4019 quoque
1119 3961 1225 4002 non
1243 3946 1361 4001 sine
1372 3957 1530 3999 causa
1552 3939 1906 4013 prophetarit,

327 4054 384 4101 et
405 4045 493 4100 hic
510 4060 723 4100 rursum
750 4051 1015 4099 sarmenta
1036 4040 1238 4111 colligit
1260 4049 1314 4095 et
1340 4038 1583 4109 imponit.
1609 4035 1738 4092 Vide
1763 4035 1911 4090 illum

328 4151 436 4192 non
454 4136 521 4191 ad
545 4135 739 4191 fastum
758 4135 840 4190 vel
865 4133 1134 4204 superﬂue
1149 4140 1415 4202 agentem,
1439 4129 1532 4185 sed
1557 4137 1614 4183 nt
1635 4127 1707 4182 illi
1726 4141 1911 4182 serva-

327 4237 517 4285 rentur
528 4227 708 4283 ealore
723 4227 952 4298 quodam
971 4224 1227 4280 fruentes.
1240 4222 1443 4278 Deinde
1457 4221 1639 4290 vipera
1656 4235 1721 4275 ex
1734 4218 1915 4274 calore

328 4333 548 4389 egressa
570 4333 784 4373 manum
807 4317 922 4387 ejus
944 4316 1137 4371 invasit
1162 4335 1173 4369 :
1198 4324 1249 4371 et
1275 4313 1414 4384 quod
1441 4312 1714 4379 invaserit,
1737 4311 1912 4382 palam

332 4417 420 4465 est
444 4424 508 4463 ex
548 4408 917 4479 sequentibus.
949 4408 1003 4462 1.
1038 4406 1107 4462 Ut
1150 4422 1266 4460 vero
1303 4406 1531 4459 viderunt
1568 4403 1769 4458 barbari
1796 4419 1916 4472 pen-

332 4499 534 4554 dentem
563 4499 777 4553 bestiam
792 4501 854 4553 de
878 4515 1030 4551 manu
1054 4499 1182 4569 ejus,
1199 4497 1328 4551 inter
1347 4512 1400 4549 se
1428 4494 1658 4549 dicebant
1681 4510 1699 4548 :
1725 4493 1912 4563 Utique

332 4590 592 4645 homicida
621 4601 693 4644 est
737 4590 884 4643 homo
915 4591 995 4643 Itic
1018 4630 1033 4653 ,
1073 4605 1221 4659 quem
1248 4597 1497 4643 servatum
1539 4586 1601 4640 de
1627 4587 1755 4639 mari
1794 4585 1919 4639 ultio

334 4690 438 4735 non
462 4681 582 4735 sinit
611 4681 788 4734 vivere.
819 4680 961 4736 Bene
986 4680 1088 4735 hoc
1111 4679 1427 4750 permissum
1459 4684 1560 4743 est,
1589 4688 1641 4732 ut
1672 4677 1793 4732 talia
1842 4677 1917 4732 illi

333 4772 579 4830 viderent
600 4780 653 4827 et
676 4772 1034 4843 loquerentur,
1067 4784 1122 4827 ut
1144 4771 1322 4828 futuro
1347 4772 1603 4826 miraculo
1632 4769 1788 4825 ﬁdem
1813 4787 1925 4826 non

336 4874 618 4936 negarent.
650 4863 782 4919 Vide
824 4865 1067 4919 naturale
1106 4865 1365 4936 judicium
1397 4880 1425 4918 a
1459 4863 1699 4919 barbaris
1737 4860 1921 4933 prola-

336 4965 449 5011 tum
473 4998 488 5022 ,
526 4957 776 5026 ipsasque
815 4956 1039 5010 honeste
1063 4958 1201 5012 inter
1226 4973 1285 5012 se
1326 4957 1604 5028 loquentes
1627 4999 1640 5021 ,
1671 4970 1767 5012 nec
1793 4955 1921 5011 sim-

336 5047 549 5117 pliciter
590 5047 925 5102 danmantes.
968 5048 1043 5102 Ita
1085 5048 1171 5103 hic
1211 5050 1357 5118 prius
1395 5049 1603 5116 vident,
1645 5056 1703 5103 ut
1754 5049 1923 5118 magis

337 5139 620 5194 mirentur.
652 5139 703 5194 5.
741 5156 761 5191 ι
808 5141 877 5194 At
906 5139 995 5194 ille
1019 5153 1238 5195 excussa
1263 5141 1428 5197 bestia
1457 5142 1512 5196 in
1548 5142 1724 5213 ignem
1747 5184 1762 5209 ,
1792 5141 1922 5196 nihil

340 5230 465 5283 mali
498 5243 685 5301 passus
712 5238 795 5285 est
819 5249 835 5285 :
859 5230 909 5285 6.
938 5230 1013 5285 illi
1034 5245 1163 5285 vero
1191 5230 1569 5286 existimabant
1597 5247 1719 5286 eum
1751 5231 1811 5286 in
1836 5241 1921 5286 tu-

341 5334 546 5375 morem
597 5320 1018 5376 convertendum
1045 5330 1100 5376 et
1136 5321 1311 5375 subito
1339 5337 1586 5377 casurum
1629 5333 1918 5377 mortuum.

347 5410 443 5466 Diu
468 5423 650 5466 autem
672 5411 775 5466 illis
803 5412 1225 5479 expectantibus.
1254 5422 1307 5467 et
1338 5413 1639 5468 ridentibus
1684 5414 1815 5470 nihil
1842 5414 1922 5470 illi

346 5501 467 5555 muli
494 5500 758 5569 accidere,
792 5511 993 5558 mutata
1022 5503 1306 5569 sententia,
1334 5503 1582 5559 dicebant
1613 5504 1782 5574 ipsum
1804 5519 1924 5561 esse

346 5590 522 5647 deum.
566 5610 584 5644 ι
617 5592 716 5658 Qui
759 5592 1132 5648 existimabant
1161 5593 1307 5647 illum
1339 5592 1403 5647 In
1439 5602 1686 5650 tumorem
1717 5611 1925 5650 conver-

342 5684 581 5751 ‘tendum,
603 5682 653 5736 id
682 5691 781 5749 est,
810 5683 1219 5751 dirumpendnm
1246 5701 1259 5738 :
1287 5683 1524 5739 videntes
1550 5682 1602 5737 hi
1644 5697 1767 5739 eum
1790 5684 1923 5740 nihil

2020 2652 2145 2707 mali
2169 2668 2404 2724 passum,
2426 2656 2609 2712 dicunt
2632 2674 2755 2716 esse
2772 2660 2951 2717 deum.
2971 2663 3178 2721 Btirsus
3201 2682 3362 2738 supra
3385 2670 3601 2726 modum

2016 2745 2161 2801 illum
2195 2747 2476 2815 honorant,
2503 2764 2560 2806 ut
2583 2755 2750 2810 turba:
2781 2757 2886 2811 illte
2908 2760 2964 2812 in
2985 2760 3270 2831 Lycaonia.
3300 2762 3352 2819 7.
3386 2763 3452 2819 In
3473 2766 3601 2821 locis

2013 2848 2184 2893 autem
2226 2842 2402 2897 uicinis
2444 2855 2586 2899 erant
2639 2847 2833 2916 prmdia
2878 2850 3122 2922 principis
3167 2854 3351 2909 insulae
3402 2857 3604 2911 nomine

2017 2930 2225 2997 Publii;
2255 2937 2343 3005 qui
2370 2953 2462 2991 nos
2485 2940 2784 3010 suscipiens,
2817 2943 2984 2998 triduo
3012 2961 3103 2998 nos
3150 2946 3360 3017 benigne
3381 2949 3604 3019 hospitio

2015 3026 2222 3095 recepit.
2267 3028 2406 3084 Ecce
2434 3033 2623 3086 iterum
2651 3033 2788 3088 alius
2813 3035 3090 3105 hospitalis
3118 3038 3338 3095 Publius
3368 3041 3520 3096 dives
3547 3052 3603 3098 et

2014 3116 2340 3186 epuleutus:
2371 3120 2459 3189 qui
2491 3136 2613 3175 eum
2644 3122 2775 3178 nihil
2800 3124 3019 3180 vidisset
3048 3168 3063 3193 ,
3095 3129 3188 3183 sed
3221 3130 3290 3185 ob
3312 3131 3479 3186 solam
3507 3146 3601 3186 ca-

2016 3208 2306 3264 lamitatem
2335 3211 2587 3267 misertus
2619 3214 2848 3280 illorum,
2876 3215 3107 3288 hospitio
3129 3222 3339 3292 excepit
3363 3232 3417 3277 et
3445 3222 3596 3278 fovit.

2015 3299 2069 3354 8.
2089 3300 2308 3373 Contigit
2338 3310 2522 3367 autem,
2542 3314 2735 3373 patrem
2765 3306 2940 3363 Publii
2961 3309 3177 3380 febribus
3204 3328 3264 3366 ac
3311 3313 3600 3386 dysenteria

2016 3405 2249 3447 vexatum
2276 3394 2575 3451 decumbere
2603 3412 2622 3451 :
2646 3398 2714 3451 ad
2738 3415 2883 3469 quem
2918 3398 3110 3457 Paulus
3131 3404 3387 3475 ingressus
3416 3408 3597 3473 oravit,

2014 3485 2363 3555 impositisque
2387 3488 2468 3541 illi
2486 3489 2718 3545 manibus
2739 3493 2930 3547 curavit
2951 3510 3085 3547 eum.
3114 3495 3244 3560 Quia
3272 3496 3462 3567 dignus
3485 3507 3603 3553 erat

2018 3575 2300 3643 beneficio,
2337 3578 2505 3633 vicem
2536 3579 2608 3634 illi
2637 3580 3014 3649 hospitalitatis
3035 3584 3357 3653 rependens,
3390 3588 3599 3643 curavit

2016 3676 2248 3736 patrem.
2277 3669 2331 3724 9.
2373 3670 2486 3737 Quo
2535 3673 2690 3740 facta,
2735 3689 2906 3728 omnes
2940 3675 3027 3745 qui
3054 3677 3105 3729 in
3144 3677 3315 3731 insula
3353 3676 3605 3733 habebant

2016 3760 2335 3826 inﬁrmitates
2357 3801 2371 3827 ,
2405 3762 2702 3817 accedebant
2751 3775 2795 3820 et
2839 3770 3148 3822 curabuntur
3176 3785 3196 3823 :
3228 3770 3309 3825 10,
3340 3771 3426 3842 qui
3451 3773 3600 3826 etiam

2018 3851 2189 3905 multis
2216 3851 2492 3908 honoribus
2517 3870 2608 3908 nos
2627 3856 3002 3911 honoraverunt
3025 3897 3047 3924 ,
3086 3868 3131 3914 et
3165 3860 3472 3916 solventibus
3506 3862 3603 3914 int-

2019 3952 2292 4012 posuerunt
2318 3960 2432 4014 qua:
2461 3947 2742 4001 necessaria
2770 3958 2913 4002 erant
2943 3965 2962 4002 :
2989 3949 3038 4003 id
3077 3958 3161 4005 est
3184 3991 3198 4015 ,
3225 3958 3281 4005 et
3308 3952 3460 4007 nobis
3488 3953 3601 4006 sol-

2019 4034 2263 4090 ventibus
2313 4039 2614 4094 necessaria
2651 4039 2916 4097 dederunt
2964 4050 3019 4096 et
3058 4042 3196 4098 aliis.
3248 4043 3380 4100 Vide
3410 4045 3530 4099 illos
3570 4061 3602 4100 a

2022 4133 2337 4197 tempestate
2357 4130 2630 4195 liberatos,
2661 4147 2765 4187 non
2797 4133 2958 4188 fuisse
2980 4135 3252 4204 neglectos
3279 4151 3293 4198 ;
3323 4135 3416 4191 sed
3439 4137 3603 4190 etiam

2022 4227 2241 4287 propter
2270 4218 2489 4273 Paulum
2514 4221 2721 4276 liberali
2760 4223 2992 4290 hospitio
3022 4235 3298 4292 susceptos
3331 4245 3343 4280 :
3373 4240 3468 4294 per
3495 4234 3608 4281 tres

2021 4310 2163 4364 enim
2182 4325 2394 4365 menses
2408 4311 2661 4366 alimenta
2677 4313 2922 4367 omnibus
2939 4316 3272 4384 suppeditata
3287 4326 3429 4371 sunt.
3450 4318 3607 4385 Quod

2022 4402 2165 4457 enim
2209 4410 2410 4456 tantum
2443 4403 2696 4471 temporis
2724 4404 2796 4460 ibi
2827 4406 3154 4471 manserint,
3184 4406 3304 4461 audi
3335 4409 3612 4477 quomodo

2022 4503 2205 4564 postea
2234 4504 2417 4549 narret
2445 4510 2461 4548 :
2490 4495 2580 4550 11.
2617 4513 2641 4547 t
2674 4495 2802 4550 Post
2832 4511 3045 4552 menses
3074 4508 3250 4552 autem
3291 4507 3398 4552 tres
3417 4541 3432 4557 .
3457 4500 3605 4554 navi-

2024 4585 2262 4654 gavimus
2289 4585 2341 4639 in
2375 4586 2497 4639 navi
2526 4586 2884 4642 Alexandrina
2909 4630 2924 4656 ,
2953 4604 3072 4659 quae
3100 4589 3151 4643 iu
3195 4589 3365 4644 insula
3395 4590 3602 4647 hiema‘

2025 4685 2193 4743 verat,
2223 4676 2308 4730 cui
2337 4686 2453 4731 erat
2492 4676 2698 4748 insigne
2719 4680 2906 4734 Castor
2936 4689 2987 4735 et
3016 4680 3225 4736 Pollux.
3256 4681 3344 4736 12.
3381 4683 3447 4737 Ει
3474 4698 3603 4737 cum

2024 4768 2358 4824 venissemus
2383 4768 2695 4840 Syracusas,
2716 4773 3008 4827 mansimus
3036 4773 3106 4828 ibi
3136 4774 3329 4830 triduo.
3361 4776 3447 4831 l5.
3477 4775 3614 4831 Inde

2025 4859 2470 4930 circumlegentcs
2514 4860 2827 4917 devenimus
2867 4861 3129 4933 Rhegium
3163 4881 3178 4915 :
3208 4875 3260 4920 et
3294 4874 3414 4934 post
3442 4883 3615 4922 unumr

2027 4951 2166 5007 diem
2194 4951 2356 5007 ﬂante
2381 4962 2567 5008 austro
2593 4996 2606 5018 ,
2637 4938 2870 5008 secunda
2898 4955 2986 5009 die
3027 4957 3271 5011 venimus
3310 4958 3559 5012 Puteolos
3590 4974 3605 5011 :

2028 5044 2114 5098 14.
2148 5045 2236 5098 ubi
2266 5044 2497 5098 inventis
2523 5044 2785 5110 fratribus,
2818 5046 2983 5116 rogati
3011 5061 3196 5101 sumus
3222 5062 3440 5102 manere
3460 5048 3608 5118 apud

2027 5150 2121 5190 eos
2152 5143 2354 5204 septem
2381 5134 2527 5200 dies;
2552 5145 2606 5191 et
2635 5137 2710 5189 sic
2732 5137 2970 5192 venimus
3000 5139 3245 5193 Romam.
3280 5140 3366 5195 15.
3394 5139 3456 5193 Ει
3483 5139 3615 5194 inde

2028 5240 2147 5281 cum
2180 5226 2452 5280 audissent
2496 5225 2688 5280 fratres
2712 5266 2725 5289 ,
2758 5237 3112 5283 occurrerunt
3151 5228 3304 5283 nobis
3336 5244 3504 5299 usque
3537 5228 3613 5282 ad

2031 5318 2187 5389 Appii
2235 5317 2406 5372 forum
2452 5328 2505 5373 et
2545 5318 2680 5374 Tres
2729 5320 2998 5375 tabernas.
3031 5321 3176 5387 Quos
3221 5336 3341 5376 cum
3389 5321 3613 5377 vidisset

2029 5409 2245 5475 Paulus,
2272 5423 2434 5478 agens
2462 5410 2660 5478 gratias
2685 5409 2794 5464 Deo
2814 5451 2829 5474 ,
2873 5412 3077 5481 accepit
3109 5410 3377 5465 fiduciam.
3420 5431 3438 5464 ι
3471 5409 3615 5468 Vide

2028 5501 2296 5573 quomodo
2319 5509 2538 5571 propter
2560 5500 2781 5555 Paulum
2814 5500 2928 5556 haec
2948 5501 3125 5555 omnia
3156 5501 3305 5568 fiant,
3339 5511 3395 5557 ut
3418 5503 3613 5558 crede-

2028 5603 2147 5649 rent
2178 5593 2363 5658 viucti,
2404 5592 2602 5648 milites
2622 5634 2636 5658 ,
2667 5595 2930 5648 centurio.
2960 5593 3090 5648 Nam
3118 5595 3216 5648 etsi
3249 5594 3437 5665 lapidei
3480 5594 3610 5651 fuis-

2030 5696 2147 5743 sent
2173 5727 2194 5755 ,
2220 5695 2273 5740 et
2318 5700 2411 5755 per
2440 5699 2501 5740 ca
2527 5700 2645 5755 qua:
2681 5685 3052 5741 consulentem
3079 5685 3358 5743 audierant
3384 5729 3397 5755 ,
3429 5697 3481 5743 et
3514 5706 3610 5759 per
