4086 6164
496 229 599 283 3ῗ5

488 356 551 396 ea
579 358 684 411 qua
726 338 1044 411 prmdixerat
1068 376 1085 403 ,
1114 349 1318 405 perque
1360 330 1618 387 miracula
1646 346 1764 400 qua:
1795 336 2031 399 patrarat
2053 365 2069 391 ,

488 445 543 488 et
569 450 636 489 ex
662 431 929 487 alimentis
954 428 1056 485 sibi
1085 425 1455 498 suppeditatis,
1488 437 1680 493 magna
1716 421 1786 476 de
1818 420 1912 475 illo
1932 434 2067 474 con-

491 527 777 594 cepissent.
834 520 964 574 Vide
1020 518 1233 589 quando
1281 526 1485 572 rectum
1520 514 1779 585 judicium
1828 523 1931 577 εει,
1975 525 2077 567 nec

493 616 685 671 all‘ectu
739 621 1186 684 praeoccupatum,
1237 608 1504 682 quomodo
1555 607 1735 662 statim
1789 615 1961 661 rectas
2019 616 2074 659 et

493 707 744 778 probatas
770 706 1065 761 sententias
1094 701 1338 771 accipiat.
1385 699 1501 754 Jam
1535 699 1586 752 in
1625 696 1859 753 Siciliam
1889 710 2074 765 perve-

495 808 645 854 nerat
665 796 972 866 praedicatio
996 812 1012 860 ;
1040 794 1148 864 jam
1171 807 1339 862 usque
1365 790 1617 844 Puteolos
1649 789 1949 858 pertigerat,
1986 786 2072 839 ubi

492 891 720 959 repertis
766 886 1080 959 quibusdam
1138 883 1390 939 fratribus
1445 881 1582 950 apud
1655 880 1773 933 illos
1834 886 2093 932 manent:

492 979 694 1036 Deinde
726 977 838 1042 alii,
861 978 997 1030 fama
1027 974 1279 1047 permoti,
1310 972 1440 1041 ipsis
1473 976 1823 1025 occurrerunt
1853 986 1865 1020 :
1898 976 2075 1021 tantus

492 1080 607 1126 erat
652 1069 874 1124 fratrum
923 1066 1163 1129 aﬂ'ectns,
1212 1063 1302 1134 qui
1345 1076 1450 1117 non
1503 1060 1699 1116 turbati
1746 1067 1891 1125 sunt,
1933 1057 2074 1127 quod

493 1161 689 1216 Paulus
715 1167 861 1215 esset
885 1158 939 1213 in
965 1156 1215 1221 vinculis,
1248 1153 1343 1209 sed
1385 1153 1599 1208 obviam
1620 1157 1904 1205 venerunt.
1940 1149 2072 1203 Vide

498 1260 677 1306 autem
710 1251 856 1305 illum
887 1249 1177 1303 humanum
1202 1245 1471 1316 quidpiam
1503 1257 1715 1313 passum
1742 1256 1882 1297 esse.
1907 1240 2075 1294 Fidu-

491 1343 642 1408 ciam,
674 1340 862 1411 inquit,
893 1339 1084 1409 accepit
1104 1338 1275 1391 uidens
1296 1338 1496 1407 fratres.
1520 1333 1776 1400 Quamvis
1824 1340 1901 1386 tot
1925 1333 2074 1402 signa

498 1435 731 1498 fecisset,
760 1432 966 1501 accepit
1008 1438 1186 1484 tamen
1218 1444 1283 1483 ex
1338 1436 1560 1496 aspectu
1591 1425 1797 1481 ﬁducia:
1824 1440 2078 1496 augmen-

495 1537 628 1582 tum.
664 1526 796 1579 llinc
821 1524 1074 1579 discimus
1103 1522 1251 1576 illum
1272 1521 1505 1575 hmnano
1527 1519 1684 1574 etiam
1715 1532 1864 1573 more
1880 1531 2076 1573 conso-

496 1619 751 1673 lationem
776 1617 1047 1687 accepisse
1071 1656 1086 1681 ,
1118 1623 1172 1669 et
1201 1622 1410 1667 contra.
1438 1612 1525 1666 16.
1566 1612 1694 1666 Cum
1723 1621 1886 1663 autem
1913 1610 2078 1663 venis-

495 1728 659 1766 semus
689 1711 903 1764 Romam
930 1748 948 1775 ,
979 1707 1278 1776 permissum
1305 1714 1376 1759 est
1407 1702 1577 1757 Paulo
1618 1718 1821 1755 manere
1852 1716 2075 1756 seorsum

497 1819 610 1856 cum
638 1802 794 1855 milite
830 1817 882 1854 se
909 1799 1237 1853 custodiente.
1266 1794 1496 1851 Viden“!
1526 1794 1842 1863 permissum
1865 1802 1949 1847 est
1976 1793 2074 1860 illi,

496 1901 554 1949 ut
573 1894 796 1947 scorsim
820 1899 1079 1947 maneret.
1110 1890 1224 1946 Non
1256 1903 1474 1959 parvum
1501 1894 1658 1941 estet
1680 1885 1780 1940 hoc
1802 1901 2077 1955 argumen-

494 1996 604 2043 tum
630 1988 777 2041 illum
799 1987 851 2040 in
870 2001 1056 2055 magna
1073 1983 1423 2039 admiratione
1441 1980 1605 2035 fuisse
1628 1998 1640 2033 :
1665 1994 1770 2032 non
1792 1979 1933 2034 enim
1953 1993 2074 2033 cum

495 2079 615 2133 aliis
643 2080 814 2145 ipsum
842 2074 1287 2132 aminmerabant.
1333 2072 1460 2125 Post
1500 2080 1599 2124 tres
1623 2077 1789 2122 autem
1819 2068 1926 2122 dies
1949 2085 2074 2123 con-

491 2170 681 2223 vocavit
709 2167 1230 2238 primosJudworum.
1262 2163 1387 2217 Post
1409 2160 1639 2216 triduum
1667 2160 1855 2215 accivit
1873 2161 2075 2229 primos

492 2260 797 2316 Judaeorum
823 2300 838 2323 ,
873 2274 940 2313 ne
967 2273 1126 2313 aures
1172 2256 1387 2310 illorum
1430 2261 1956 2323 praeoccuparentur.
2009 2251 2075 2306 Et

492 2352 620 2421 quid
660 2366 943 2407 commune
972 2364 1091 2404 cum
1124 2348 1230 2402 illis
1254 2347 1476 2401 habuit?
1507 2361 1611 2400 non
1640 2346 1782 2401 enim
1811 2346 1887 2400 illi
1915 2361 2075 2401 accu-

494 2442 657 2496 saturi
693 2442 863 2512 ipsum
892 2450 1063 2496 erant.
1097 2442 1166 2494 At
1194 2440 1282 2493 ille
1310 2454 1415 2493 non
1443 2438 1544 2493 hoc
1570 2438 1823 2502 curabat,
1847 2438 1941 2493 sed
1972 2438 2076 2493 hoc

493 2534 688 2588 docere
717 2532 948 2599 volebat,
981 2541 1036 2586 ut
1062 2548 1128 2587 ne
1159 2548 1221 2587 ex
1253 2531 1411 2586 dictis
1440 2530 1857 2586 oﬁ‘enderentur.

563 2626 619 2678 2.
651 2624 818 2679 Juda-i
848 2638 976 2693 ergo
1009 2632 1084 2677 tot
1109 2622 1351 2678 videntes
1380 2621 1657 2686 miracula,
1687 2621 2077 2691 persequeban-

495 2725 599 2779 tur,
634 2715 943 2785 pellebant;
975 2713 1188 2769 barbari
1218 2727 1345 2767 vero
1366 2753 1380 2777 ,
1410 2712 1500 2782 qui
1531 2710 1662 2765 nihil
1690 2710 1971 2777 viderant,
2008 2727 2077 2766 ex

494 2807 606 2860 sola
639 2806 941 2860 calamitate
978 2803 1354 2858 misericordes
1384 2810 1557 2857 erant.
1597 2801 1837 2868 Omnino,
1866 2801 2075 2871 inquie-

495 2897 644 2962 bant,
664 2897 915 2950 homicida
940 2904 1014 2949 est
1046 2896 1127 2948 hic
1154 2895 1322 2948 homo.
1353 2893 1466 2947 Non
1495 2892 1811 2961 simpliciter
1841 2906 2076 2961 pronun-

491 2988 627 3042 tiant
650 3030 664 3051 ,
697 2988 789 3042 sed
815 3028 832 3054 ,
863 2988 1108 3053 Omnino,
1140 2986 1362 3050 dicunt;
1393 2983 1447 3039 id
1476 2992 1558 3038 est
1580 3022 1597 3049 ,
1629 2991 1686 3037 ut
1716 2983 1898 3037 videre
1928 2983 2072 3037 licet.

498 3080 563 3133 Et
590 3082 749 3145 ultio,
783 3080 1061 3148 inquiunt,
1091 3080 1257 3147 ipsum
1287 3078 1448 3130 vivere
1471 3093 1572 3129 non
1600 3075 1738 3129 sinit.
1780 3074 1920 3143 Ergo
1950 3090 2076 3145 pro-

495 3170 746 3226 videntite
789 3170 1051 3224 rationem
1100 3168 1405 3234 habebant,
1454 3175 1508 3221 et
1553 3166 1720 3236 magis
1777 3165 2078 3234 philosophi

494 3269 644 3314 erant
665 3301 682 3326 ,
718 3274 878 3330 quam
922 3259 1019 3328 ipsi
1066 3256 1388 3327 pliiloSOphi.
1434 3256 1496 3310 lli
1523 3257 1668 3310 enim
1692 3270 1756 3310 ea
1782 3297 1796 3320 ,
1829 3272 1949 3326 qua:
1978 3256 2079 3310 sub

496 3351 618 3404 luna
651 3349 806 3414 ﬁunt,
832 3348 1162 3419 providentia
1192 3348 1289 3402 frui
1321 3362 1425 3401 non
1452 3352 1673 3401 sinunt:
1704 3346 1777 3401 illi
1807 3361 1937 3401 vero
1966 3346 2082 3401 ubi-

492 3456 594 3509 que
626 3441 881 3509 putabant
909 3440 1076 3495 Deum
1118 3453 1238 3494 esse
1269 3446 1586 3507 praesentem
1613 3478 1629 3505 ,
1676 3445 1729 3493 et
1770 3437 1913 3508 quod
1955 3437 2081 3493 licet

497 3529 663 3582 multa
692 3530 811 3597 quis
839 3529 1107 3599 eﬁ'ngerit,
1139 3544 1245 3583 non
1274 3543 1443 3598 usque
1470 3527 1521 3582 in
1551 3527 1710 3583 ﬁnem
1742 3536 1917 3582 tamen
1947 3528 2079 3584 effu-

497 3620 626 3687 giet.
663 3618 732 3671 Et
761 3618 903 3685 vide,
934 3617 1203 3688 quomodo
1225 3633 1329 3671 non
1360 3618 1636 3688 insurgant
1664 3618 1715 3673 in
1744 3617 1891 3671 illurn
1917 3618 2083 3672 omni-

500 3725 608 3774 no,
656 3709 748 3764 sed
794 3717 1011 3779 prepler
1042 3710 1399 3764 calamitatem
1444 3709 1656 3765 interim
1702 3718 2079 3775 revereantur;

502 3816 675 3871 neque
705 3801 794 3855 illa
834 3801 1142 3871 divulgant,
1174 3801 1265 3857 sed
1300 3802 1437 3857 inter
1463 3817 1522 3857 se
1556 3802 1775 3857 dicunt:
1809 3816 1930 3856 nam
1964 3802 2081 3856 vin-

498 3892 617 3945 cula
642 3891 777 3946 hanc
800 3891 1105 3960 injiciebant
1131 3891 1488 3961 suspicionem
1516 3908 1530 3944 :
1557 3892 1716 3946 vincti
1744 3891 1886 3946 enim
1909 3900 2080 3946 erant.

502 3981 834 4037 Ernbescant
863 3981 896 4035 ii
926 3982 1016 4051 qui
1044 3981 1255 4047 dicunt,
1287 3981 1364 4036 Ne
1409 3981 1711 4037 benefacias
1745 3980 1823 4035 eis
1847 4020 1864 4047 ,
1910 3981 1998 4051 qui
2030 3982 2082 4035 in

500 4074 809 4129 carceribus
852 4083 1008 4140 sunt;
1060 4074 1322 4144 pudorem
1367 4074 1523 4129 nobis
1560 4072 1784 4128 afferant
1827 4074 2080 4129 barbari:

505 4182 610 4221 non
640 4168 781 4221 enim
808 4166 1048 4221 sciebant
1074 4167 1289 4236 quinam
1316 4165 1390 4220 illi
1419 4175 1619 4231 essent,
1650 4166 1744 4221 sed
1775 4182 1840 4220 ex
1869 4167 2087 4221 calami-

502 4265 611 4311 tate
641 4257 781 4325 ipsos
801 4272 923 4312 esse
949 4256 1195 4313 homines
1224 4256 1559 4323 didicerunt;
1589 4256 1814 4327 ideoque
1839 4272 1959 4312 cum
1982 4258 2084 4312 hu~

505 4348 757 4402 manitale
785 4348 905 4402 illos
934 4357 1282 4418 exceperunt.
1320 4348 1542 4402 Multum
1581 4359 1748 4402 autem
1774 4348 1878 4403 illis
1903 4364 2084 4419 exspe-

503 4442 793 4506 ctantibus,
843 4442 1058 4510 inquit;
1112 4441 1165 4495 id
1212 4448 1336 4508 est,
1388 4441 1478 4495 diu
1529 4440 1913 4511 exspectabant
1962 4456 2084 4496 eum

508 4532 848 4585 moriturum.
895 4532 990 4585 llle
1017 4546 1143 4585 vero
1172 4531 1396 4586 bestiam
1425 4531 1659 4585 excussit
1689 4531 1742 4585 in
1773 4532 1948 4600 ignem
1972 4572 1989 4597 ,
2033 4539 2088 4585 et

503 4636 718 4674 manum
750 4620 878 4675 nihil
911 4635 1120 4689 passam
1151 4621 1483 4675 monstravit.
1537 4620 1648 4674 Hoc
1688 4620 1927 4676 videntes
1970 4631 2085 4676 stu-

508 4708 701 4779 peracti
728 4720 782 4765 et
806 4710 980 4764 mirati
1009 4720 1152 4764 sunt.
1177 4709 1357 4779 Neque
1381 4710 1559 4763 statim
1586 4709 1977 4779 deprehensum
2006 4721 2088 4768 est

502 4800 753 4868 signum,
800 4800 893 4855 sed
921 4800 1248 4870 aliquamdiu
1279 4810 1663 4871 exspectarunt
1691 4800 1933 4859 homines
1955 4845 1972 4871 ,
2018 4819 2086 4860 ne

505 4888 778 4944 videretur
807 4889 1086 4960 phantasia
1113 4905 1234 4945 esse
1262 4906 1274 4942 :
1308 4891 1387 4945 sic
1418 4904 1524 4945 non
1555 4884 1671 4946 erat
1699 4890 1902 4947 fallacia
1929 4934 1944 4959 ,
1976 4910 2084 4950 non

505 4980 670 5037 fraus.
711 4980 779 5036 In
808 4982 983 5036 vicinis
1009 4991 1177 5036 autem
1207 4981 1333 5035 locis
1361 4991 1505 5035 erant
1529 4983 1723 5051 prwdia
1752 4985 1905 5053 primi
1944 4985 2087 5039 insu-

505 5072 588 5136 lar,
629 5074 831 5128 nomine
860 5072 1074 5126 Publii:
1099 5077 1185 5143 qui
1225 5090 1315 5127 nos
1353 5074 1656 5143 suscipiens,
1687 5075 1896 5146 benigne
1922 5078 2087 5146 haspi-

504 5163 574 5217 tio
617 5167 831 5233 excepit.
868 5163 1009 5217 Bene
1050 5164 1127 5218 sic
1175 5164 1406 5233 loquitur
1442 5183 1457 5219 :
1508 5165 1847 5236 benignitatis
1890 5169 2085 5238 quippe

506 5271 714 5327 magna:
754 5266 835 5310 cst
861 5256 1117 5310 ducentas
1140 5258 1473 5326 septuaginta
1500 5259 1704 5314 animus
1730 5258 1960 5327 hospitio
1989 5275 2081 5314 ex-

501 5347 702 5415 cipere.
720 5345 904 5416 Cogita
930 5356 1184 5416 quantum
1211 5346 1281 5400 sit
1310 5347 1689 5416 hospitalitatis
1718 5349 1943 5402 lucrum.
1968 5347 2082 5403 Non

504 5437 645 5507 quod
677 5452 779 5492 nec
809 5438 1101 5493 necessitas
1131 5447 1293 5502 esset,
1326 5453 1498 5508 neque
1523 5438 1667 5509 quod
1697 5439 1892 5492 invitus
1926 5448 2081 5508 agat,

504 5528 599 5581 sed
626 5528 769 5596 quod
801 5529 1007 5584 lucrum
1039 5539 1225 5599 putet,
1271 5545 1364 5600 per
1393 5538 1501 5584 tres
1542 5529 1657 5584 dies
1695 5529 1926 5599 hospitio
1967 5530 2086 5584 illos

507 5620 733 5688 excepit.
783 5619 1014 5693 Ideoque
1059 5622 1177 5678 talis
1218 5621 1594 5694 hospitalitatis
1625 5622 1925 5679 mercedem
1965 5622 2086 5693 jure

1196 221 1254 279 S.
1295 217 1571 276 JOANNIS
1607 206 2083 273 CllRYSOSTUMl
2126 207 2444 267 ARCUIEP.
2482 212 3015 270 CONSTANTINOP.

3664 209 3770 268 376

2178 328 2404 396 accipit,
2436 325 2545 382 imo
2568 327 2728 397 longe
2750 327 2897 382 dono
2922 327 3181 398 majorem
3210 346 3224 384 :
3266 341 3389 384 nam
3419 336 3625 399 patrem
3651 333 3769 400 ejus

2175 425 2327 471 emat
2348 432 2379 471 a
2399 418 2704 489 dysenteria
2727 418 2869 473 male
2892 419 3178 488 patientem
3202 434 3221 485 ;
3258 434 3359 474 nec
3379 418 3541 475 modo
3570 420 3767 489 ipsum,

2180 508 2275 565 sed
2306 509 2504 565 multos
2528 512 2688 566 etiam
2718 512 2852 566 alios
2872 512 3111 567 inﬁrmos
3132 520 3315 578 curat,
3344 515 3435 583 qui
3467 512 3635 569 vicem
3677 530 3767 571 re-

2181 597 2417 668 pendunt
2440 599 2753 666 honoribus,
2776 611 3080 657 commeatu
3103 619 3120 661 :
3148 602 3289 673 quod
3319 604 3405 657 hic
3428 604 3762 659 declaratur:

2182 687 2281 752 Qui
2310 691 2479 744 multis
2507 691 2782 746 honoribus
2806 709 2898 747 nos
2936 694 3231 763 prosequuti
3254 704 3404 760 sunt,
3452 705 3499 748 et
3532 696 3768 751 solventi-

2180 781 2270 835 bus
2294 782 2640 852 imposuerunt
2666 801 2778 855 qua
2802 787 3085 841 necessaria
3108 796 3271 841 erant.
3307 787 3425 843 Non
3463 789 3765 845 mercedem

2179 875 2415 944 recepit,
2462 876 2640 942 absit;
2674 877 2769 932 sed
2802 878 3053 948 impletur
3082 878 3133 931 id
3165 878 3306 948 quod
3344 880 3603 948 scriptum
3644 891 3763 937 est:

2180 963 2383 1035 Dignus
2407 975 2479 1019 est
2507 969 2773 1037 aperarius
2797 970 2907 1023 cibo
2930 986 3024 1024 suo
3054 968 3266 1040 (Matth.
3309 970 3397 1026 10.
3437 970 3552 1041 10).
3581 972 3765 1029 Palam

2178 1066 2355 1112 autem
2398 1067 2478 1115 est
2509 1075 2603 1114 eos
2628 1102 2643 1127 ,
2691 1061 2780 1132 qui
2819 1061 2899 1116 sic
2940 1061 3089 1116 illum
3129 1070 3496 1132 exceperunt,
3539 1063 3762 1120 verbum

2181 1149 2571 1217 praedicationis
2616 1152 2931 1222 accepisse:
2959 1168 3133 1223 neque
3168 1154 3311 1207 enim
3344 1154 3603 1208 trimestri
3631 1164 3765 1209 tem-

2180 1253 2310 1309 pore
2340 1240 2715 1306 disseruisset,
2757 1244 2858 1298 nisi
2900 1242 2975 1297 illi
3004 1259 3128 1299 vere
3154 1243 3511 1299 credidissent
3553 1255 3608 1301 et
3653 1245 3765 1300 fru-

2178 1341 2321 1386 ctum
2346 1332 2736 1389 exhibuissent.
2757 1335 2935 1405 Itaque
2960 1334 3083 1389 hinc
3106 1336 3359 1390 indicium
3385 1346 3487 1401 est,
3512 1351 3761 1407 magnum

2180 1422 2345 1477 fuisse
2374 1424 2708 1483 credentium
2736 1440 3039 1481 numerum.
3074 1424 3139 1478 Et
3163 1427 3437 1491 solvimus,
3471 1429 3673 1496 inquit,
3710 1426 3763 1480 in

2178 1516 2295 1570 navi
2334 1515 2723 1584 Alexandrina,
2766 1533 2879 1588 qua:
2921 1518 3226 1571 hiemaverat
3269 1518 3323 1570 in
3361 1517 3564 1584 insula,
3616 1520 3763 1587 cujus

2179 1606 2373 1677 insigne
2402 1606 2685 1662 Castorum.
2719 1607 2773 1662 ld
2804 1607 3029 1663 fortasse
3061 1607 3113 1663 in
3144 1608 3232 1663 illa
3262 1608 3463 1678 pictum
3502 1617 3657 1673 erat;
3692 1609 3762 1661 ita

2178 1705 2336 1751 erant
2371 1697 2528 1752 idolis
2566 1698 2754 1753 dediti.
2800 1697 2935 1754 Vide
2974 1698 3095 1753 illos
3131 1714 3311 1753 moras
3350 1698 3659 1763 trahentes,
3708 1707 3761 1753 et

2180 1803 2390 1844 rursum
2422 1789 2755 1846 festinantes.
2788 1790 2958 1844 Paulo
2984 1800 3150 1844 autem
3178 1790 3474 1860 permissum
3500 1791 3597 1859 fuit
3624 1806 3761 1844 seor-

2178 1898 2289 1935 sum
2329 1898 2555 1937 manere.
2585 1883 2810 1937 Demum
2842 1883 2913 1937 ita
2943 1882 3266 1937 venerabilis
3294 1890 3409 1937 erat
3438 1882 3632 1936 Paulus
3656 1924 3671 1947 ,
3704 1892 3761 1938 ut

2177 1987 2421 2029 seorsum
2451 1989 2670 2030 manere
2701 1974 3120 2045 permitteretur.
3139 1973 3321 2043 Neque
3350 1973 3400 2028 id
3426 1974 3617 2028 mirum
3642 1982 3757 2028 est:

2178 2080 2300 2118 nam
2329 2064 2372 2118 si
2399 2064 2626 2119 antehac
2658 2064 2885 2135 benigne
2911 2065 3056 2119 illmn
3084 2072 3428 2135 exceperunt,
3458 2065 3627 2118 multo
3646 2079 3760 2118 ma-

2175 2154 2257 2224 gis
2283 2169 2446 2209 nunc.
2490 2153 2558 2207 Et
2595 2157 2752 2226 ﬂante
2780 2165 2952 2210 austro
2975 2195 2992 2221 ,
3025 2155 3236 2225 inquit,
3268 2155 3510 2222 postridie
3535 2157 3759 2210 variatus

2182 2247 2455 2312 Puteolos,
2503 2248 2588 2301 ubi
2627 2248 2841 2301 inventis
2884 2247 3161 2318 fratribus,
3203 2249 3369 2319 rogati
3406 2264 3579 2302 sumus
3620 2247 3761 2316 apud

2176 2340 2291 2394 illos
2319 2356 2522 2393 manere
2547 2349 2731 2409 septem
2761 2340 2932 2394 diebus
2957 2355 2975 2394 :
3003 2350 3048 2392 et
3076 2341 3147 2393 sic
3176 2337 3395 2392 Romam
3419 2338 3664 2393 venimus.
3692 2337 3760 2391 Et

2175 2431 2293 2485 inde
2316 2441 2370 2484 ut
2398 2436 2578 2503 fratres
2603 2433 2874 2485 audierunt
2903 2433 2965 2486 de
2980 2433 3142 2495 nobis,
3164 2432 3392 2484 exierunt
3415 2432 3468 2484 in
3495 2446 3761 2484 occursum

2176 2522 2318 2576 nobis
2346 2539 2501 2593 usque
2526 2523 2595 2576 ad
2617 2523 2773 2594 Appii
2799 2528 2966 2594 forum
2991 2533 3036 2577 et
3061 2522 3186 2577 Tres
3214 2522 3465 2577 tabernas.
3495 2521 3648 2587 Quod
3673 2537 3763 2591 pe-

2176 2614 2403 2669 riculum
2447 2623 2745 2670 metuentes
2789 2615 3016 2669 exierint
3040 2655 3055 2679 ,
3098 2615 3184 2669 vel
3219 2613 3321 2669 hoc
3357 2614 3488 2669 satis
3529 2629 3628 2684 pro
3655 2614 3760 2668 illis

2175 2706 2425 2776 spondet.
2459 2705 2592 2760 Vide
2618 2705 2887 2776 quomodo
2914 2706 2965 2760 in
2998 2715 3142 2760 tanta
3174 2706 3509 2776 navigatione
3543 2705 3610 2759 ad
3639 2706 3760 2761 nul-

2176 2799 2281 2854 lam
2314 2800 2591 2869 appellunt
2617 2801 2909 2866 civitatem,
2943 2800 3036 2855 sed
3066 2800 3132 2855 ad
3161 2800 3421 2866 insulam;
3446 2809 3501 2855 et
3528 2799 3760 2856 hiemem

2178 2897 2343 2944 totam
2369 2892 2668 2961 transigunt
2695 2892 2746 2946 in
2772 2892 3109 2962 navigatione
3134 2909 3147 2945 :
3180 2891 3264 2946 his
3290 2892 3361 2946 ita
3385 2891 3680 2962 dispositis,
3704 2899 3761 2947 ut

2177 2983 2265 3051 qui
2297 2982 2457 3035 simul
2486 2982 2844 3052 navigabant,
2876 2983 2943 3037 ad
2977 2982 3135 3038 fidem
3164 2982 3575 3038 deducerentur.
3625 2981 3759 3038 Per-

2178 3073 2385 3126 missum
2413 3082 2481 3127 est
2510 3074 2589 3141 ei,
2622 3074 2829 3144 inquit,
2870 3084 2923 3127 ut
2951 3084 3264 3146 permaneret
3292 3075 3429 3130 solus
3456 3092 3573 3129 cum
3604 3075 3761 3130 milite

2176 3164 2344 3233 ipsum
2368 3165 2698 3221 custodiente.
2740 3166 2806 3219 Et
2834 3175 3134 3235 opportune
3163 3177 3339 3232 certe,
3368 3176 3425 3220 ut
3454 3167 3651 3221 nemini
3697 3166 3760 3220 li-

2178 3264 2322 3309 ceret
2348 3255 2521 3324 ipsum
2545 3255 2749 3312 insidiis
2769 3266 3025 3326 appetere
3049 3273 3063 3312 :
3094 3273 3266 3327 neque
3290 3257 3433 3312 enim
3461 3258 3618 3312 isthic
3640 3259 3763 3312 lice-

2179 3345 2271 3400 bat
2297 3345 2591 3402 seditiones
2622 3362 2861 3402 movere.
2892 3348 3074 3418 Itaque
3099 3363 3204 3402 non
3235 3349 3380 3403 illum
3406 3348 3762 3414 custodiebat,

2180 3436 2273 3491 sed
2299 3437 2543 3503 curabat,
2578 3453 2645 3492 ne
2677 3437 2753 3492 illi
2784 3438 2981 3508 aliquid
3011 3439 3291 3493 molestum
3322 3438 3589 3493 accideret
3617 3455 3631 3493 :
3658 3453 3764 3493 non

2180 3529 2322 3583 enim
2363 3528 2558 3583 licebat
2604 3530 2655 3583 in
2701 3538 2844 3584 tanta
2873 3531 3118 3597 civitate,
3153 3530 3240 3584 ubi
3284 3529 3585 3601 Imperator
3614 3538 3762 3597 ervit,

2181 3634 2337 3689 quem
2382 3619 2747 3689 appellaverat
2785 3620 3019 3687 Paulus,
3066 3621 3263 3690 aliquid
3301 3629 3494 3690 praeter
3520 3620 3763 3675 ordinem

2182 3709 2316 3764 ﬁeri.
2365 3710 2443 3765 Ita
2487 3725 2703 3781 semper
2747 3726 2842 3780 per
2867 3726 2965 3776 ea,
3008 3726 3126 3781 qua:
3167 3711 3414 3766 videntur
3441 3721 3628 3766 contra
3670 3725 3767 3766 nos

2182 3816 2324 3868 esse,
2352 3816 2448 3870 pro
2472 3801 2627 3856 nobis
2658 3801 2836 3855 omnia
2867 3800 3000 3856 ﬁunt
3025 3819 3039 3855 :
3064 3812 3246 3856 custos
3275 3804 3415 3857 enim
3444 3802 3609 3857 Paulo
3629 3811 3764 3857 erat.

2183 3891 2250 3945 Et
2279 3892 2590 3947 convocatis
2623 3892 2807 3961 primis
2836 3891 3144 3947 Judzrorum
3169 3934 3184 3958 ,
3211 3906 3333 3947 cum
3365 3893 3469 3947 illis
3506 3892 3721 3947 disserit
3748 3909 3766 3948 :

2182 3982 2271 4052 qui
2304 3992 2358 4036 ct
2383 3982 2752 4037 contradicere
2775 3992 3051 4049 verentur,
3080 3991 3241 4053 atque
3268 3983 3334 4038 ab
3365 3983 3456 4037 illo
3484 3982 3767 4053 increpan-

2195 4082 2281 4127 tur
2308 4082 2363 4127 et
2411 4073 2543 4127 nihil
2572 4073 2769 4129 audent
2811 4073 3023 4140 dicere;
3057 4074 3189 4128 nihil
3239 4074 3382 4129 enim
3431 4074 3541 4144 jam
3582 4083 3769 4129 contra

2185 4161 2333 4215 illum
2366 4171 2572 4218 tentare
2623 4163 2818 4218 licebat
2848 4163 2970 4217 illis.
3019 4164 3132 4218 lloc
3166 4164 3309 4218 enim
3358 4164 3601 4218 mirabile
3650 4172 3764 4229 est,

2184 4252 2326 4324 quod
2376 4269 2483 4308 non
2543 4268 2638 4322 per
2698 4268 2795 4320 ea,
2836 4268 2954 4323 quae
3009 4253 3258 4309 videntur
3299 4253 3364 4308 ad
3430 4256 3768 4310 securitatem

2184 4345 2451 4410 conferre,
2494 4345 2587 4400 sed
2636 4361 2732 4415 per
2777 4347 3041 4401 contraria
3088 4362 3183 4417 pro
3223 4346 3377 4403 nobis
3413 4348 3590 4401 omnia
3622 4348 3766 4401 fiant.

2186 4436 2337 4503 Quod
2391 4447 2451 4491 ut
2505 4437 2708 4503 discas,
2781 4437 2904 4493 hinc
2956 4439 3254 4509 perpende.
3322 4440 3493 4495 Jussit
3564 4439 3771 4494 Pharao

2188 4543 2385 4599 pueros
2417 4530 2469 4582 in
2500 4529 2696 4584 ﬂumen
2724 4530 2939 4599 conjici.
2960 4529 3070 4584 Nisi
3096 4530 3318 4600 projecti
3347 4530 3571 4584 fuissent
3598 4530 3770 4600 pueri,

2186 4621 2287 4675 nisi
2319 4620 2371 4674 id
2394 4619 2644 4690 jussisset
2668 4621 2896 4687 Pharao,
2924 4635 3029 4676 non
3057 4630 3301 4675 servatus
3330 4621 3518 4675 fuisset
3542 4621 3770 4692 Moyses,

2188 4727 2292 4767 non
2318 4712 2371 4767 in
2393 4714 2536 4785 regia
2549 4713 2827 4768 educatus.
2857 4712 2991 4768 Cum
3009 4712 3345 4780 servabatur,
3377 4728 3482 4768 non
3496 4714 3547 4767 in
3572 4713 3776 4768 honore

2187 4810 2335 4867 erat;
2364 4818 2483 4857 cum
2515 4804 2788 4872 expositus
2820 4804 2953 4869 fuit,
2993 4813 3103 4858 tum
3146 4804 3197 4857 in
3242 4804 3453 4859 honore
3497 4803 3616 4858 fuit.
3664 4803 3775 4860 Hoc

2187 4908 2320 4948 vero
2368 4892 2598 4948 faciebat
2642 4894 2783 4949 Deus
2807 4935 2822 4959 ,
2868 4904 2925 4949 ut
2956 4906 3011 4950 et
3045 4896 3334 4965 potentiam
3364 4903 3419 4950 et
3459 4895 3774 4964 sapientiam

2188 4998 2340 5039 suam
2381 4985 2708 5039 ostenderet.
2734 4985 2960 5040 Minatus
2986 4995 3068 5040 est
3096 4985 3313 5041 Iudaeus
3332 5027 3347 5053 ,
3377 4985 3561 5041 dicens
3588 5002 3603 5038 :
3637 4972 3778 5040 Nam

2188 5076 2415 5130 occidere
2441 5091 2518 5129 me
2544 5075 2615 5128 vis
2647 5073 2839 5147 (Exod.
2869 5076 2923 5129 2.
2954 5076 3084 5147 ΗΠ
3110 5087 3165 5132 ει
3191 5076 3295 5131 hoc
3321 5077 3394 5131 illi
3424 5076 3643 5147 profuit.
3678 5079 3779 5133 Ita-

2187 5186 2291 5240 que
2336 5184 2403 5225 ex
2451 5168 2787 5240 providentia
2837 5170 3031 5225 factum
3080 5178 3201 5236 est,
3244 5178 3303 5225 ut
3336 5170 3599 5225 visionem
3631 5171 3773 5225 illam

2190 5261 2392 5315 videret
2432 5259 2485 5314 in
2526 5259 2771 5326 deserto,
2815 5270 2874 5314 ut
2914 5270 3124 5331 tempus
3164 5275 3469 5330 congruens
3523 5261 3776 5330 implere-

2189 5360 2295 5417 tur,
2331 5360 2386 5405 ut
2414 5350 2882 5421 philosopharetur
2913 5353 2964 5407 in
2996 5352 3307 5416 solitudine.
3336 5361 3392 5406 et
3415 5366 3607 5407 secure
3632 5354 3777 5408 vive-

2188 5451 2290 5498 ret.
2311 5441 2381 5497 Et
2408 5442 2459 5496 in
2482 5442 2732 5497 omnibus
2752 5457 2871 5512 qua:
2896 5459 2926 5497 a
2950 5441 3151 5498 Judazis
3169 5443 3269 5513 ipsi
3291 5430 3549 5513 parantur
3572 5443 3785 5503 insidiis

2190 5533 2420 5604 idipsum
2454 5533 2548 5587 lit:
2600 5541 2725 5588 tunc
2754 5534 2952 5588 clarior
2976 5533 3246 5589 cflicitur:
3280 5544 3338 5590 ut
3376 5538 3539 5591 etiam
3578 5535 3774 5590 Aaroni

2188 5624 2435 5696 contigit.
2466 5622 2883 5682 insurrexerunt
2914 5625 2966 5681 in
3000 5625 3173 5696 illum,
3202 5635 3256 5683 et
3279 5626 3563 5686 clariorem
3593 5623 3775 5685 reddi-
