4086 6164
268 229 377 285 375

257 345 463 416 έδραμε
488 341 587 396 καὶ
627 341 686 395 ἐν
710 338 1010 405 Ποτιόλοις,
1029 336 1162 393 Ma
1184 337 1282 394 καὶ
1298 338 1563 408 ἀδελφούς
1589 356 1744 406 τινας
1754 341 1940 413 εὗρόν-

258 444 350 493 τις
378 427 700 496 ἐπιμένουσι
730 422 860 495 παρ’
887 423 1095 486 αὐτοῖς.
1122 418 1255 476 Εἶτα
1276 425 1373 478 καὶ
1402 423 1551 478 ἄλλοι
1572 425 1713 479 κατά
1747 427 1936 497 φήμην

258 512 444 573 αὐτοῖς
478 505 783 562 ἀπαντῶσιο
806 504 1045 578 τοσαύτη
1067 502 1137 578 ἦν
1162 506 1197 577 ή
1222 507 1502 579 προθυμία
1529 507 1639 561 τῶν
1666 508 1933 577 ἀδελφῶν,

258 594 342 648 δτι
370 593 472 647 οὐκ
502 589 840 663 ἐθορύϐησεν
863 589 1061 653 αὐτοὺς
1079 588 1141 642 τὸ
1170 591 1230 644 ἐν
1251 589 1473 661 δεσμοῖς
1495 585 1637 644 εἶναι
1665 590 1757 643 τὸν
1785 591 1938 645 Παῦ-

259 676 351 731 λον
373 689 422 740 ι,
466 673 580 729 ἀλλ’
612 672 836 744 ἐξῆλθον
869 673 949 737 εἰς
992 672 1321 743 ἀπάντησιν.
1370 673 1515 743 Ὅρα
1550 672 1607 726 δέ
1640 686 1732 743 μοι
1775 671 1937 726 αὐτὸν

260 759 356 813 καὶ
378 755 718 830 ἀνθρώπινόν
738 770 790 809 τι
815 753 1077 809 παθόντα.
1109 753 1347 823 Θάρσος
1360 753 1492 826 γὰρ,
1514 755 1701 826 φησὶν,
1721 754 1940 809 ἔλαϐεν

263 840 407 896 ἰδὼν
451 839 595 905 τοὺς
637 837 963 907 ἀδελφούς.
1000 836 1194 890 Καίτοι
1236 835 1477 891 τοσαῦτα
1524 838 1727 907 σημεῖα
1770 837 1939 906 ἐργα-

263 925 519 995 σάμενος.
563 922 680 978 ἀλλ’
707 923 858 993 ὅμως
898 920 1059 974 ἔλαϐε
1089 919 1186 974 καὶ⁸
1221 919 1332 974 ἀπὸ
1356 921 1458 991 τῆς
1484 919 1658 989 ὅψεως
1693 917 1938 990 προσθή-

262 1024 388 1079 κην.
454 1005 589 1060 Ἀπὸ
639 1005 831 1057 τούτου
881 1001 1260 1074 μανθάνομεν,
1307 1001 1389 1054 ὃτι
1435 1000 1792 1072 ἀνθρωπίνως
1845 999 1941 1053 καὶ

262 1086 648 1160 παρεκαλείτο,
670 1084 766 1140 καὶ
790 1085 1122 1139 τούναντίον.
1149 1085 1288 1139 Ὅτε
1307 1082 1378 1137 δὲ
1402 1083 1668 1153 ἤλθομεν
1686 1084 1775 1149 είς
1808 1080 1940 1136 Ῥώ-

259 1189 406 1243 μην,
457 1169 762 1238 ἐπετράπη
804 1166 887 1235 τῷ
924 1168 1144 1234 Παύλῳ
1170 1166 1381 1237 μένειν
1413 1166 1542 1220 καθ’
1569 1165 1790 1220 ἑαυτὸν
1816 1164 1941 1219 σὺν

262 1254 347 1320 τῷ
363 1253 749 1323 φυλάσσοντι
769 1250 957 1305 αὐτὸν
973 1249 1326 1319 στρατιώτῃ.
1362 1251 1529 1321 Ὁρᾷς
1546 1267 1560 1312 ;
1585 1248 1938 1321 συνεχωρήθη

264 1335 416 1406 αὐτῷ
436 1334 559 1389 καθ’
581 1333 771 1389 ἐαυτὸν
802 1333 1003 1405 μένειν.
1027 1334 1101 1387 Ού
1123 1331 1320 1404 μικρὸν
1347 1332 1624 1386 καὶτοῦτο
1640 1334 1941 1402 τεκμήριον

264 1418 360 1473 τοῦ
393 1418 536 1472 πάνυ
572 1416 954 1487 θαυμασθῆναι
985 1414 1169 1469 αὐτόν’
1212 1415 1275 1469 ού
1306 1414 1417 1485 1&9
1445 1413 1510 1485 δὴ
1541 1414 1679 1484 μετά
1710 1414 1817 1468 τῶν
1845 1415 1943 1469 άλ-

266 1500 376 1555 λων
412 1500 681 1572 ἠρίθμουν
717 1498 902 1553 αὐτόν.
950 1497 1223 1567 Ἐγένετο
1251 1496 1320 1550 δὲ
1350 1497 1502 1565 μετὰ
1531 1494 1689 1564 τρεῖς
1719 1495 1944 1564 ἡμέρας

266 1580 766 1654 συγκαλέσασθαι
813 1579 1003 1634 αὐτὸν
1039 1578 1185 1643 τοὺς
1225 1576 1407 1642 ὄντας
1456 1575 1574 1630 τῶν
1639 1576 1945 1631 Ἰουδαίων

269 1668 560 1737 πρώτους.
600 1663 758 1719 Μετὰ
793 1664 945 1734 τρεῖς
985 1660 1204 1732 ἡμέρας
1243 1658 1472 1713 ἐκάλεσε
1518 1657 1648 1723 τοὺς
1696 1658 1943 1730 πρώτους

269 1752 381 1806 τῶν
423 1748 711 1811 Ἰουδαίων,
743 1744 885 1800 ὥστε
919 1743 994 1816 μή
1020 1741 1398 1815 προληφθῆναι
1425 1740 1603 1795 αὐτῶν
1629 1738 1730 1802 τὰς
1753 1737 1941 1801 ἀκοάς.

272 1832 385 1886 Καὶ
427 1832 479 1885 τί
524 1829 701 1883 κοινὸν
735 1829 876 1900 πρὸς
920 1827 1161 1889 ἐκείνους
1203 1820 1385 1896 εἰχενς
1416 1818 1478 1876 οὐ
1526 1821 1635 1892 γὰρ
1670 1821 1737 1875 ἂν
1787 1819 1946 1874 αὐτοὶ

273 1914 497 1986 ἔμελλον
548 1912 951 1982 κατηγορήσειν
999 1909 1187 1964 αὑτοῦ.
1254 1906 1396 1961 Ἀλλ’
1452 1908 1602 1978 ὅμως
1647 1905 1708 1958 οὐ
1754 1903 1945 1986 τούτου

276 1980 610 2068 ἐφρόντιζεν,
631 1980 775 2047 ἀλλά
801 1980 960 2046 τοῦτο
985 1990 1194 2056 διδάξαι
1216 1989 1314 2061 καὶ
1338 1988 1414 2061 μὴ
1443 1987 1745 2061 προστῆναι
1764 1980 1948 2043 αὐτοῖς

274 2079 346 2133 τὰ
371 2078 656 2147 λεγόμενα.

350 2165 418 2235 β’.
455 2164 519 2216 Ol
562 2163 659 2233 μὲν
692 2157 786 2215 οὖν
832 2161 1079 2215 Ἰουδαῖοι
1114 2161 1351 2220 τοσαῦτα
1393 2158 1629 2231 ὁρῶντες
1665 2156 1944 2227 θαύματα,

277 2252 527 2317 ἐδίωκον,
556 2249 784 2321 ήλαυνον
803 2266 816 2279 ·
842 2250 892 2302 οἱ
920 2248 976 2302 δὲ
999 2248 1266 2320 βάρϐαροι
1285 2248 1437 2301 οὐδὲν
1461 2244 1811 2316 θεασάμενοι,
1841 2244 1949 2296 ἀπὸ

282 2334 454 2406 μόνης
479 2333 576 2403 τῆς
607 2333 889 2404 συμφορᾶς
918 2330 1289 2403 φιλάνθρωποι
1309 2326 1472 2401 ἦσαν.
1502 2326 1767 2392 Πάντως,
1793 2323 1945 2396 φησί,

276 2420 502 2491 φονεύς
542 2421 712 2473 ἐστιν
757 2421 790 2473 ὁ
824 2418 1139 2487 ἅνθρωπος
1187 2412 1386 2482 οὗτος.
1428 2417 1543 2486 Ούχ
1575 2412 1763 2476 ἁπλῶς
1812 2413 1950 2466 ἀπο-

281 2510 587 2580 φαίνονται,
625 2504 781 2572 ἀλλά,
810 2505 1072 2573 πάντως,
1096 2502 1229 2574 φασί
1246 2520 1262 2537 ο
1293 2501 1594 2566 τουτέστιν,
1634 2502 1711 2564 ὡς
1740 2499 1951 2552 ἔνεστιν

282 2597 431 2649 ἰδεῖν.
462 2593 571 2648 Καὶ
602 2593 640 2661 ή
673 2591 836 2660 δίκη,
867 2592 1022 2662 φησί,
1058 2589 1167 2659 ζῇν
1201 2590 1314 2644 οὐκ
1345 2588 1518 2643 ετασε
1547 2586 1753 2641 αὐτόν.
1806 2585 1952 2654 ’Λρα

281 2680 485 2736 καὶτὸν
511 2680 639 2750 περί
673 2678 931 2749 προνοίας
956 2678 1113 2746 λόγον
1144 2673 1313 2747 εἶχον,
1342 2677 1436 2730 καὶ
1460 2673 1640 2744 πολλῷ
1666 2673 1774 2726 τῶν
1804 2671 1953 2741 φιλο-

282 2770 464 2839 σόφων
493 2765 638 2824 ὦτοι
669 2770 719 2821 οἱ
748 2767 1011 2838 βάρϐαροι
1047 2765 1472 2836 φιλοσοφώτεροι
1499 2761 1814 2831 ἐτύγχανον.
1841 2759 1952 2813 Αὑ-

281 2859 366 2913 001
394 2859 495 2930 μὲν
522 2857 632 2929 γὰρ
658 2857 760 2911 ούκ
788 2857 982 2926 ἀφιᾶσι
1018 2854 1276 2926 προνοίας
1316 2851 1613 2907 ἀπολαύειν
1638 2851 1708 2902 τά
1729 2848 1835 2902 ὑπὸ
1864 2864 1954 2901 σε-

281 2944 474 3017 λήνην’
506 2946 556 2998 οἰ
586 2945 643 2998 δέ
672 2943 948 3014 πανταχοῦ
980 2942 1258 3014 νομίζουσι
1289 2943 1545 3013 παρεῖναι
1566 2939 1657 2993 τὸν
1688 2936 1840 3000 Θεὸν,
1862 2935 1958 2989 καὶ

283 3035 387 3099 ὅτι,
418 3032 522 3087 κᾶν
557 3031 727 3087 πολλά
752 3048 836 3095 τις
865 3029 1103 3100 διαφύγῃ
1128 3070 1144 3094 ,
1178 3029 1238 3082 οὑ
1280 3026 1630 3094 διαφεύξεται
1663 3025 1744 3087 είς
1778 3022 1952 3085 τέλος.

285 3122 397 3177 Καὶ
440 3121 562 3192 ὅρα,
602 3121 720 3184 πῶς
768 3119 869 3173 οὐκ
906 3117 1239 3172 ἐπιτίθενται
1285 3116 1480 3177 διόλου,
1523 3112 1639 3167 ἀλλ’
1686 3109 1955 3165 αἰδοῦνται

284 3208 425 3270 τέως
453 3206 539 3261 διά
561 3206 660 3277 τὴν
686 3205 973 3276 συμφοράν
990 3218 1003 3231 ⁸
1028 3203 1150 3257 ούδέ
1171 3202 1635 3273 ἐκπομπεύουσιν,
1661 3199 1797 3253 ἀλλά
1820 3197 1957 3267 πρὸς

287 3294 551 3363 ἀλλήλους
579 3294 798 3363 λέγουσι
817 3309 831 3323 ·
866 3291 935 3345 τά
977 3292 1086 3363 γὰρ
1120 3290 1298 3361 δεσμὰ
1322 3289 1482 3343 τοῦτο
1511 3288 1793 3342 ἐδίδασκεν
1827 3285 1960 3338 ὑπο-

290 3381 510 3436 πτεύειν
529 3394 542 3410 ⁸
574 3381 753 3435 καίτοι
791 3378 1071 3449 δεσμῶται
1105 3373 1266 3449 ἦσαν.
1309 3374 1761 3445 Αἰσχυνέσθωσαν
1792 3372 1843 3424 οἰ
1872 3370 1960 3423 λέ-

290 3487 503 3540 γοντες,
530 3469 623 3539 Μὴ
641 3464 701 3522 εὖ
724 3466 868 3520 ποίει
894 3466 1021 3529 τοὺς
1042 3467 1102 3518 ἐν
1124 3465 1246 3527 ταῖς
1268 3463 1557 3531 φυλακαῖς⁹
1583 3457 1962 3529 αἰσχυνθῶμεν

290 3558 417 3623 τοὺς
449 3556 779 3628 βαρϐάρους·
808 3554 869 3607 οὐ
891 3552 1002 3624 1&9
1026 3551 1229 3623 ᾔδεσαν
1254 3549 1399 3613 τίνες
1426 3545 1565 3620 ἦσαν
1594 3548 1814 3610 ἐκείνοι,
1846 3543 1961 3598 ἀλλ’

292 3645 402 3700 ἀπὸ
424 3644 523 3714 τῆς
555 3643 842 3714 συμφοράς
862 3640 1020 3704 τέως,
1044 3640 1128 3692 ὅτι
1149 3630 1606 3707 ἄνθρωποι-ἦσαν,
1637 3631 1960 3703 ἐμάνθανον·

294 3732 375 3788 διὸ
403 3732 500 3786 καί⁸
529 3728 938 3801 φιλανθρωπίας
965 3725 1206 3797 ἠξίωσαν
1248 3723 1466 3786 αὐτούς.
1519 3723 1646 3775 Ἑπί
1679 3720 1837 3774 πολὺ
1872 3719 1961 3783 δὲ,

298 3818 452 3890 φησί,
485 3814 958 3887 προσδοκώντων
980 3812 1198 3877 αὐτῶν,
1225 3811 1526 3873 τουτέστιν,
1550 3808 1626 3872 ὡς
1648 3806 1814 3859 πολὺν
1833 3805 1965 3876 χρό-

297 3925 385 3962 νον
414 3906 682 3979 ἀνέμενον
713 3904 1122 3959 ἀποθανείσθαι.
1160 3903 1218 3956 '0
1239 3901 1297 3955 δὲ
1330 3901 1393 3954 τό
1422 3916 1479 3953 τε
1511 3898 1699 3970 θηρίον
1730 3895 1967 3961 ἐξετίνα-

301 3991 389 4060 ξεν
423 3996 503 4058 εἰς
526 3993 587 4047 τὸ
622 3992 757 4063 πῦρ,
804 3992 899 4046 καί
936 3992 1035 4064 τὴν
1063 3992 1221 4062 χεῖρα
1259 3988 1428 4052 ἔδειξε
1461 3985 1736 4041 παθοῦσαν
1777 3983 1964 4055 μηδέν.

300 4080 471 4137 Τοῦτο
523 4080 723 4143 ἰδόντες
760 4079 857 4134 καὶ
906 4077 1287 4147 ἐξεπλάγησαν
1333 4075 1428 4128 καί⁸
1466 4070 1805 4142 ἐθαύμασαν.
1853 4069 1970 4123 οὐκ

300 4170 518 4239 ἐγένετο
549 4168 607 4223 δέ
635 4167 696 4221 τὸ
730 4168 957 4238 σημεῖον
1011 4164 1195 4227 εὐθὺς,
1226 4162 1362 4217 ἀλλά
1393 4157 1471 4232 τῷ
1501 4158 1676 4231 χρόνῳ
1708 4156 1969 4239 ἐνδιέτρι-

298 4237 408 4328 ψαν
427 4257 478 4309 οἱ
507 4253 804 4326 ἄνθρωποι,
833 4250 975 4305 ὥστε
1013 4251 1091 4322 μὴ
1119 4249 1267 4314 δόξαι
1296 4246 1598 4318 φαντασίας
1627 4242 1778 4316 [007]
1807 4237 1966 4328 εἶναι’

298 4327 475 4408 οὕτως
502 4341 605 4396 οὐκ
641 4337 713 4413 ἦν
739 4336 945 4409 ἀπάτη,
989 4338 1093 4390 οὐκ
1118 4331 1186 4406 ἦν
1221 4335 1567 4404 συναρπαγή.
1613 4331 1716 4385 Ἐν
1746 4329 1815 4382 δὲ
1846 4327 1971 4413 τοῖς

301 4431 433 4499 περὶ
459 4428 567 4483 τὸν
596 4429 784 4481 τόπον
805 4425 1041 4480 ἐκεῖνον
1061 4421 1298 4492 ὑπῆρχε
1323 4420 1504 4490 χωρία
1531 4417 1611 4483 τῷ
1633 4416 1838 4485 πρώτῳ
1862 4412 1971 4483 τῆς

300 4518 522 4587 νήσου,
571 4515 814 4585 ὀνόματι
870 4511 1111 4574 Ποπλίῳ
1130 4526 1144 4541 ο
1194 4508 1263 4575 ὃς
1323 4503 1769 4574 ἀναδεξάμενος
1812 4500 1973 4587 ἡμᾶς

302 4586 681 4674 φιλοφρόνως
698 4600 954 4665 ἐξένισε.
979 4595 1176 4659 Καλῶς
1202 4594 1374 4657 οὕτως
1399 4588 1542 4645 εἷπε·
1573 4586 1971 4661 φιλοφροσύνης

303 4691 411 4764 1&9
441 4689 709 4762 μεγάλης,
739 4687 1019 4750 διακοσίας
1046 4683 1423 4755 ἐϐδομήκοντα
1451 4679 1514 4732 τὸ
1540 4678 1744 4742 ξενίσαι
1771 4675 1970 4764 ψυχάς.

315 4778 598 4849 Ἐννόησον
620 4776 717 4844 τῆς
738 4773 1039 4845 φιλοξενίας
1060 4773 1186 4826 ὅσον
1206 4770 1266 4823 τὸ
1285 4767 1493 4837 κέρδος·
1518 4766 1616 4836 οὐχ
1633 4763 1709 4828 ὡς
1728 4763 1974 4833 ἀνάγκης

303 4864 469 4935 οῦσης
498 4863 620 4918 ούδέ
649 4863 724 4926 ὡς
760 4861 933 4925 ἄκων,
962 4859 1075 4913 ἀλλ’
1120 4859 1198 4921 ὡς
1232 4856 1422 4927 κέρδος
1465 4852 1781 4923 τιθέμενος,
1824 4850 1974 4921 τρεῖς

303 4952 517 5024 ἡμέρας
552 4948 788 5014 ἐξένισεν
817 4946 1033 5010 αὐτούς.
1078 4945 1170 4999 Διὸ
1206 4945 1301 4998 καὶ
1328 4941 1563 5024 ἀμοιϐὴν
1587 4942 1687 5024 τῆς
1720 4936 1977 5024 τοιαύτης

304 5019 612 5103 φιλοξενίας
631 5030 855 5093 εἰκότως
874 5028 1162 5098 λαμϐάνει,
1176 5027 1270 5081 και
1291 5023 1469 5095 πολλῷ
1487 5020 1709 5096 μείζονα
1726 5020 1759 5092 ή
1783 5019 1972 5072 ιδωκεο

302 5121 396 5175 τὸν
421 5119 534 5192 γάρ
557 5118 769 5192 πατέρα
789 5115 954 5170 αὐτοῦ
976 5112 1268 5183 θεραπεύει
1288 5112 1394 5166 ὑπὸ
1413 5108 1761 5180 δυσεντερίας
1788 5105 1977 5167 κακῶς

305 5208 607 5278 πάσχοντα⁸
638 5205 699 5258 οὐ
733 5203 894 5274 μόνον
920 5201 980 5255 δέ
1012 5199 1194 5259 αὑτὸν,
1213 5198 1350 5254 ἀλλὰ
1373 5197 1470 5252 καὶ
1499 5196 1728 5256 πολλοὺς
1754 5193 1976 5263 ἔχοντας

305 5293 592 5357 ἀσθενείας
622 5293 732 5345 τῶν
760 5289 941 5344 αὐτῶν
969 5288 1138 5354 ἀξιοί’
1167 5286 1228 5340 ὃν
1255 5286 1350 5339 καὶ
1386 5284 1762 5356 ἀμειϐόμενοι,
1791 5280 1979 5349 τιμαῖς

305 5383 469 5437 αὑτὸν
511 5381 610 5435 καὶ
639 5377 929 5450 χορηγίαις
958 5374 1279 5446 δωροῦνται.
1327 5373 1500 5427 Τοῦτο
1532 5371 1591 5425 δέ
1621 5369 1782 5440 δῆλον
1809 5367 1979 5421 ποιῶν

309 5470 506 5540 ἐπάγει
529 5485 544 5500 ’
579 5465 648 5521 Οἳ
680 5466 781 5521 καί
818 5462 1083 5527 πολλαῖς
1107 5459 1299 5531 τιμαῖς
1335 5459 1630 5528 ἐτίμησαν
1656 5455 1815 5525 ἡμᾶς
1834 5494 1853 5519 ,
1878 5452 1980 5540 καί

309 5537 709 5627 ἀναγομένοις
753 5551 1040 5607 ἐπέθεντο
1083 5549 1156 5601 τὰ
1208 5545 1359 5616 πρὸς
1395 5544 1512 5613 τὴν
1553 5542 1783 5613 χρείαν.
1837 5537 1973 5609 Οὐχὶ

374 5824 399 5854 ⁸
421 5818 622 5878 Verbis,
663 5815 891 5870 αὐτοὺς...
919 5812 1129 5873 Παῦλον,
1151 5809 1349 5861 carebat
1373 5805 1544 5859 Morel.

652 5906 920 5964 PATROL.
966 5901 1082 5962 Gn.
1130 5899 1252 5958 LX.

1293 220 1362 279 IN
1399 220 1584 280 ACTA
1643 218 2194 279 Αροετοιοιιωι.
2247 220 2485 279 HOMIL.
2528 222 2661 278 LIV.

2052 336 2245 408 μισθὸν
2257 336 2441 401 ιλα6ε,
2467 339 2543 409 μὴ
2565 337 2776 406 γένοιτο
2794 354 2807 369 ·
2831 338 2968 393 ἀλλά
2988 336 3051 393 τὸ
3067 335 3454 409 γεγραμμένον
3476 335 3718 407 πληροῦ-

2043 437 2166 474 ταιο
2202 421 2396 488 Ἄξιος
2420 424 2453 476 ό
2476 419 2729 490 ἐργάτης
2753 420 2862 489 τῆς
2898 420 3126 490 τροφῆς
3145 420 3333 475 αὐτοῦ
3355 419 3546 474 ἐστιν.
3573 420 3635 472 Oi
3660 418 3718 471 δέ

2040 503 2216 570 οὕτως
2251 503 2451 568 αὐτοὺς
2478 502 2891 573 ὑποδεξάμενοι,
2932 502 3154 575 εθδηλον
3180 504 3262 557 ὅτι
3300 502 3395 556 καὶ
3432 500 3524 556 τὸν
3558 500 3719 569 λόγον

2036 585 2285 652 ἐδέξαντο
2308 584 2403 641 τοῦ
2425 584 2801 657 κηρύγματοςο
2820 586 2883 638 ού
2903 585 3014 656 γὰρ
3035 586 3102 640 ἂν
3123 587 3181 639 ἐν
3201 586 3453 656 τριμήνῳ
3475 581 3717 636 τοσαῦτα

2032 669 2312 740 διελέχθη,
2345 668 2422 741 μὴ
2463 669 2670 740 σφόδρα
2695 667 2873 721 αὐτῶν
2904 670 3313 723 πιστευσάντων
3340 668 3436 722 καὶ
3467 662 3714 737 καρπυῦς

2033 751 2461 823 ἐπιδειξαμένων
2482 766 2498 783 °
2548 751 2690 805 ὥστε
2737 750 2851 804 ἀπὸ
2885 749 3077 804 τούτου
3103 752 3400 821 τεκμήριον
3434 748 3579 820 μέγα
3618 745 3716 800 τοῦ

2033 833 2270 905 πλήθους
2290 832 2400 887 τῶν
2422 832 2827 887 πιστευσάντων
2850 830 2997 885 ἐστιν
3028 831 3179 885 ἰδεῖν.
3203 832 3311 885 Καὶ
3337 831 3709 900 ἀνήχθημεν.

2035 916 2190 986 φησὶ,
2231 916 2303 969 ἐν
2328 916 2518 980 πλοίῳ
2555 915 2986 984 Ἀλεξανδρίνῳ
2999 914 3621 984 παρακεχειμακότιὲν
3642 910 3715 981 τῇ

2035 998 2228 1068 νήσῳ,
2252 998 2590 1068 παρασήμῳ
2607 998 3182 1066 Διοσκούροις.¹’1σως
3198 994 3360 1050 τοῦτο
3380 990 3447 1066 ἦν
3471 1012 3715 1069 γεγραμ-

2040 1081 2203 1153 μένον
2236 1081 2292 1136 ἐν
2319 1080 2489 1152 αύτῷ·
2528 1080 2705 1142 οὕτως
2729 1072 2870 1152 ἦσαν
2899 1074 3237 1136 κατείδωλον..
3267 1074 3415 1149 Ὅρα
3448 1070 3717 1148 ἐνδιατρί-

2038 1162 2249 1228 ϐοντας,
2272 1164 2367 1216 καί
2382 1162 2544 1216 πάλιν
2569 1162 2895 1225 σπεύδοντας
2915 1162 2965 1215 ιι.
2991 1160 3075 1227 Τῷ
3085 1159 3154 1214 δὲ
3177 1160 3395 1224 Παύλῳ
3409 1159 3713 1227 ἐπετράπη

2038 1245 2241 1312 μένειν
2269 1247 2398 1300 καθ’
2427 1246 2666 1300 ἑαυτόν.
2693 1245 2894 1299 Λοιπὸν
2918 1244 3194 1316 αἰδέσιμος
3223 1242 3398 1306 οὕτως
3420 1237 3487 1313 ἦν
3511 1243 3540 1294 0
3566 1239 3715 1295 Παῦ-

2038 1327 2150 1391 λος,
2179 1328 2257 1393 ώς
2286 1330 2382 1382 καί
2413 1327 2824 1400 συγχωρεῖσθαι
2856 1324 2980 1383 καθ’
3012 1328 3205 1381 ἐαυτὸν
3231 1321 3391 1380 εἶναι.
3427 1325 3537 1379 Καὶ.
3567 1323 3714 1388 ξένον
3738 1336 3739 1339 ‘

2037 1411 2226 1465 οὐδέν·
2262 1413 2311 1465 εί
2336 1412 2447 1483 γὰρ
2482 1412 2577 1465 καὶ
2617 1411 2725 1483 πρὸ
2754 1410 2945 1463 τούτου
2984 1407 3379 1480 φιλανθρώπως
3413 1406 3717 1477 ἐχρήσαντο

2040 1492 2209 1564 αὐτῷ,
2264 1492 2447 1564 πολλῷ
2491 1494 2696 1564 μᾶλλον
2740 1492 2857 1546 νῦν.
2913 1491 3022 1547 Καὶ
3053 1490 3482 1560 ἐπιγενομένου
3501 1527 3516 1550 ,
3557 1489 3716 1560 φησι,

2038 1576 2249 1641 νότου,
2304 1576 2631 1645 δευτεραῖοι
2671 1575 2937 1645 ἤλθομεν
2983 1577 3070 1641 είς
3114 1576 3464 1639 Ποτιόλους.
3496 1568 3568 1628 οὗ
3613 1574 3716 1628 εὑ-

2037 1659 2249 1728 ρόντες
2293 1659 2629 1728 ἀδελφοὺς,
2680 1657 3150 1727 παρεκλήθημεν
3196 1657 3291 1711 ἐπ’
3333 1656 3541 1722 αὐτοῖς
3583 1656 3718 1710 ἐπι·

2037 1741 2236 1810 μεῖναι
2290 1742 2513 1812 ἡμέρας
2565 1741 2743 1796 ἐπτὼ
2790 1740 2888 1794 καὶ
2940 1740 3128 1807 οὕτως
3168 1740 3258 1806 είς
3300 1738 3417 1808 τὴν
3487 1738 3717 1808 Ῥώμην

2043 1830 2330 1901 ἤλθομεν.
2364 1830 2651 1885 Κάκεῖθεν
2685 1831 2743 1883 οἱ
2779 1828 3033 1898 ἀδελφοί
3059 1828 3446 1894 ἀκούσαντες
3475 1828 3549 1880 τὰ
3578 1826 3715 1895 περὶ

2043 1917 2243 1988 ἡμῶν,
2268 1916 2535 1986 ἐξῆλθον
2558 1919 2647 1983 είς
2672 1915 3021 1984 ἀπάντησιν
3060 1915 3208 1984 ἡμῖν
3234 1914 3408 1985 ἄχρις
3461 1912 3717 1969 Ἀππίου

2043 2006 2234 2074 φόρου
2289 2004 2388 2057 καὶ
2453 2001 2632 2071 Τριῶν
2685 2000 3004 2071 ταϐερνῶν.
3069 2002 3192 2054 Ὅτι
3247 1999 3578 2071 φοϐηθέντες
3624 1999 3717 2052 τὸν

2044 2090 2286 2145 κίνδυνον
2304 2089 2546 2159 ἐξῆλθον,
2566 2089 2657 2142 καὶ
2678 2088 2850 2142 ταῦτα
2874 2088 3035 2142 ἱκανὰ
3053 2087 3294 2151 ἐκείνους
3317 2085 3716 2140 πιστώσασθαι.

2047 2178 2191 2249 Ὅρα
2236 2178 2353 2240 πῶς
2384 2177 2622 2248 οὐδαμοῦ
2667 2178 2819 2231 πόλει
2857 2176 3166 2248 παρέϐαλον
3201 2177 3258 2228 ἐν
3303 2173 3544 2245 τοσούτῳ
3578 2172 3714 2245 πλῷ,

2046 2267 2181 2320 ἀλλά
2208 2269 2376 2337 νήσῳ,
2407 2266 2502 2320 καὶ
2525 2265 2615 2319 τὸν
2641 2263 2885 2336 χειμῶνα
2917 2264 3208 2334 ὁλόκληρον
3236 2261 3498 2333 διήγαγον
3531 2261 3721 2315 πλέον·

2046 2370 2160 2419 τες,
2212 2355 2440 2407 ἐκείνων
2472 2351 2894 2424 ῥυθμιζομένων
2943 2351 3162 2420 εἰςτὴν
3196 2348 3379 2402 πίστιν
3423 2348 3533 2401 τῶν
3583 2362 3723 2418 συμ-

2049 2438 2420 2503 πλευσάντων,
2449 2438 2615 2507 λέγω.
2658 2428 2996 2508 Ἐπετράπη,
3033 2437 3186 2506 φησί,
3221 2432 3403 2507 μένειν
3432 2434 3556 2488 καθ’
3588 2434 3719 2488 ἐαυ-

2045 2528 2138 2579 τὸν
2164 2528 2259 2579 σὺν
2290 2526 2366 2596 τῷ
2394 2525 2724 2594 φυλάσσοντι
2752 2525 2914 2577 αὐτὸν
2937 2523 3265 2593 στρατιώτῃ.
3289 2522 3452 2576 Μάλα
3470 2520 3716 2588 εἰκότως,

2047 2610 2189 2667 ὥστε
2227 2613 2301 2683 μὴ
2336 2612 2534 2676 ἐξεῖναι
2570 2612 2706 2683 μηδέ
2752 2613 2870 2664 ἐκεῖ
2898 2609 3192 2679 ἐπιϐουλήν
3217 2620 3340 2662 τινα
3383 2608 3544 2662 αὐτὸν
3579 2608 3711 2661 ὑπο-

2051 2703 2261 2771 στῆναι·
2291 2699 2353 2751 οὐ
2378 2698 2488 2769 γὰρ
2514 2699 2641 2769 ἐνῆν
2661 2698 2948 2751 στασιάσαι
2976 2695 3182 2749 λοιπόν.
3204 2695 3367 2747 Ὥστε
3391 2695 3491 2747 οὐκ
3515 2695 3721 2747 ἐκεῖνον

2049 2786 2391 2857 ἐφύλασσεν,
2422 2784 2537 2839 ἀλλ’
2571 2784 2714 2838 ὥστε
2750 2784 2825 2853 μή
2873 2782 3129 2851 γενέσθαι
3174 2798 3228 2835 τι
3259 2782 3369 2835 τῶν
3398 2780 3611 2851 ἀηδῶνο
3657 2782 3720 2834 ού

2049 2879 2159 2945 γὰρ
2182 2873 2309 2944 ἐξῆν
2335 2872 2518 2926 λοιπὸν
2541 2872 2636 2925 καὶ
2670 2870 2877 2933 πόλεως
2912 2868 3079 2939 οῦσης
3109 2872 3399 2939 τοσαύτης,
3430 2868 3524 2922 καὶ
3562 2867 3721 2938 βασι-

2050 2964 2186 3026 λέως
2214 2962 2367 3024 ὄντος
2389 3002 2404 3023 ,
2438 2960 2534 3013 καὶ
2571 2958 2810 3028 ἐφέσεως
2839 2957 3007 3027 οῦσης
3026 2996 3042 3016 .
3074 2955 3329 3025 γενέσθαι
3360 2973 3412 3009 τι
3441 2955 3592 3027 παρά
3622 2954 3721 3026 τήν

2053 3042 2390 3100 ἀκολουθίαν.
2442 3040 2628 3104 υῦτως
2667 3040 2754 3094 ἀεὶ
2800 3040 2888 3093 διὰ
2929 3040 3038 3091 τῶν
3074 3037 3372 3092 δοκούντων
3414 3033 3553 3091 εἶναι
3597 3037 3721 3092 καθ’

2051 3130 2246 3202 ἡμῶν,
2275 3130 2417 3199 ύπὲρ
2462 3126 2620 3198 ἡμῶν
2666 3126 2842 3180 πάντα
2879 3126 3106 3194 γίνεταιο
3151 3123 3327 3194 φύλαξ
3361 3123 3469 3194 γάρ
3512 3118 3580 3195 ἦν
3625 3121 3721 3176 τοῦ

2056 3218 2291 3272 Παύλου.
2326 3217 2437 3270 Καὶ
2466 3213 2808 3283 συγκαλέσας
2839 3213 2966 3275 τοὺς
2996 3211 3243 3282 πρώτους
3272 3210 3382 3264 τῶν
3425 3209 3720 3268 Ἰουδαίων.

2055 3304 2362 3372 διαλέγεται
2403 3303 2586 3365 αὐτοῖς
2610 3316 2623 3329 ·
2664 3298 2715 3353 οἶ
2757 3301 2850 3353 καὶ
2890 3298 3262 3365 ἀντιλέγοντες
3285 3307 3307 3335 ε
3348 3294 3720 3366 ἀναχωροῦσι,

2057 3392 2154 3445 καί
2181 3390 2493 3461 ὑϐρίζονται
2524 3388 2652 3457 παρ’
2691 3383 2877 3448 αὑτοῦ,
2913 3385 3008 3437 καὶ
3038 3383 3189 3438 οὐδὲν
3217 3382 3492 3454 τολμῶσιν
3524 3384 3721 3434 εἰπεῖν*

2056 3485 2120 3537 ού
2150 3483 2259 3554 γὰρ
2287 3478 2441 3553 [408]
2468 3481 2537 3549 τῇ
2571 3477 2790 3548 ἐξουσίᾳ
2833 3474 3015 3529 αὐτῶν
3065 3472 3402 3543 ἐπετρέπετο
3444 3471 3628 3525 λοιπὸν
3658 3469 3728 3524 τὰ

2059 3570 2181 3625 κατ’
2208 3569 2392 3622 αὐτόν.
2429 3566 2503 3620 Τὸ
2544 3565 2652 3636 1&9
2682 3561 2992 3633 θαυμαστὸν
3021 3559 3178 3614 τοῦτό
3211 3561 3381 3624 ἐστιν,
3412 3559 3495 3612 δτι
3536 3558 3598 3611 ού
3639 3558 3729 3611 διὰ

2060 3656 2169 3710 τῶν
2195 3653 2493 3709 δοκούντων
2523 3648 2662 3705 εἶναι
2692 3649 2831 3721 πρὸς
2859 3648 3179 3718 ἀσφάλειαν,
3209 3646 3345 3701 ἀλλά
3379 3647 3470 3700 καὶ
3500 3645 3590 3699 διά
3619 3644 3729 3698 τῶν

2061 3740 2319 3796 ἐναντίων
2372 3739 2551 3793 πάντα
2592 3738 2735 3806 ὑπὲρ
2772 3734 2927 3807 ἡμῶν
2971 3734 3202 3803 γίνεται.
3244 3735 3356 3788 Καὶ
3400 3734 3490 3789 ἵνα
3529 3732 3728 3805 μάθῃς,

2065 3829 2256 3883 σκόπει
2290 3824 2561 3882 ἐντεῦθεν.
2600 3822 2916 3877 Ἑκέλευσεν
2942 3821 2970 3873 0
2995 3819 3195 3892 Φαραὼ
3227 3818 3514 3891 ῥίπτεσθαι
3540 3821 3618 3881 εἰς
3640 3819 3734 3873 τὸν

2064 3916 2308 3988 ποταμὸν
2347 3913 2416 3967 τὰ
2444 3912 2638 3984 βρέφη.
2683 3911 2745 3963 Εἰ
2782 3910 2860 3980 μὴ
2899 3908 3098 3980 ἐρρίφη
3142 3907 3210 3960 τὰ
3247 3906 3458 3979 βρέφη,
3493 3908 3542 3958 εἰ
3582 3905 3658 3976 μὴ
3695 3907 3735 3976 ή

2069 4005 2365 4078 πρόσταξις
2391 4002 2484 4056 τοῦ
2510 3998 2706 4068 Φαραὼ
2733 4000 2950 4067 ἐγένετο
2974 3996 3022 4063 -ι,
3049 3998 3151 4050 οὐκ
3174 3996 3239 4050 ἂν
3262 3992 3442 4062 ἐσώθη
3467 3993 3730 4062 Μωῦσῆς,

2063 4075 2166 4146 ούκ
2197 4092 2261 4145 ἂν
2292 4094 2346 4144 ἐν
2381 4089 2669 4160 βασιλείοις
2703 4084 2934 4155 ἐτράφη.
2978 4084 3110 4136 Ὅτε
3148 4081 3402 4144 ἐσώζετο,
3436 4079 3537 4132 οὐκ
3568 4075 3636 4150 ἦν
3674 4080 3732 4131 ἐν

2065 4181 2220 4249 τιμῇ⁴
2253 4176 2342 4230 ὅτε
2363 4174 2607 4243 ἐξετέθη,
2629 4171 2752 4225 τότε
2772 4170 2990 4238 ἐγένετο
3017 4172 3074 4222 ἐν
3099 4170 3256 4239 τιμῇ.
3284 4166 3455 4220 Τοῦτο
3477 4165 3533 4219 δὲ
3557 4165 3734 4220 ἐποίει

2066 4269 2095 4321 0
2114 4266 2265 4329 Θεὸς,
2291 4263 2352 4316 τὸ
2376 4261 2606 4332 εὔπορον
2636 4257 2801 4312 αὑτοῦ
2827 4257 3042 4319 δεικνὺς
3068 4257 3160 4309 καί
3184 4254 3512 4326 εὐμήχανον.
3550 4252 3737 4306 Ἠπεί-

2065 4354 2230 4425 λησεν
2278 4348 2429 4419 αὐτῷ
2474 4350 2503 4401 0
2556 4346 2810 4408 Ἰουδαῖος
2851 4342 3027 4411 λέγων
3046 4356 3061 4371 ⁸
3111 4340 3206 4410 Μὴ
3246 4338 3493 4396 ἀνελεῖν
3534 4355 3612 4410 με
3651 4341 3735 4394 σὺ

2069 4440 2299 4505 eum;
2327 4436 2421 4490 καὶ
2449 4433 2606 4489 τοῦτο
2636 4431 2800 4487 αὑτὸν
2822 4429 3053 4502 ὤνησεν.
3087 4428 3233 4500 ’Ἄρα
3260 4427 3618 4497 οἰκονομικῶς
3639 4425 3735 4495 γέ-
3796 4444 3799 4445 ν

2068 4544 2246 4598 γονεν,
2292 4523 2437 4577 ὥστε
2478 4521 2579 4590 τὴν
2614 4519 2746 4590 ῦψιν
2789 4516 2953 4572 αὐτὸν
2993 4516 3210 4586 ἐκείνην
3252 4514 3380 4568 ἰδεῖν
3417 4512 3515 4586 τὴν
3564 4514 3623 4566 ἐν
3666 4515 3733 4585 τῇ

2070 4615 2285 4685 ἐρήμῳ,
2308 4610 2450 4663 ὥστε
2474 4608 2566 4662 τὸν
2594 4607 2940 4678 προσήκοντα
2963 4603 3154 4674 χρόνον
3180 4599 3561 4673 πληρωθῆναι,
3591 4598 3736 4652 ὣστε

2070 4701 2235 4755 αὐτὸν
2276 4696 2708 4769 ἐμφιλοσοφῆσαι
2736 4696 2804 4764 τῇ
2837 4692 3050 4764 ἐρήμῳ,
3083 4690 3179 4744 καὶ
3213 4691 3272 4742 ἐν
3301 4688 3572 4759 ἀσφαλείᾳ
3613 4686 3735 4758 ζῇν.

2074 4788 2184 4842 Καὶ
2210 4788 2266 4839 ἐν
2293 4785 2495 4847 πάσαις
2515 4785 2631 4845 ταῖς
2654 4780 2776 4834 κατ’
2806 4776 2970 4832 αὑτοῦ
2995 4775 3107 4829 τῶν
3137 4774 3407 4829 Ἰουδαίων
3424 4773 3737 4835 ἐπιϐουλαῖς

2071 4874 2265 4929 ταυτὸν
2295 4872 2527 4942 γίνεται·
2567 4868 2689 4922 τότε
2723 4865 3105 4937 λαμπρότερος
3132 4861 3476 4926 καθίσταται,
3505 4855 3616 4915 οἷον
3637 4859 3736 4913 καὶ

2072 4961 2167 5016 ἐπὶ
2192 4957 2288 5015 τοῦ
2332 4956 2543 5027 ’Δαρών
2566 4968 2581 4983 ⁸
2615 4953 2992 5022 ἐπανέστησαν
3016 4947 3166 5018 αύτῷ
3183 4987 3199 5012 ,
3228 4948 3324 5002 καὶ
3355 4947 3736 5017 λαμπρότερον

2071 5044 2235 5100 αὐτὸν
2273 5040 2564 5110 ἐποίησαν·
2604 5034 2855 5091 ἐντεῦθεν
2890 5034 3000 5105 γὰρ
3031 5030 3181 5102 αύτῷ
3224 5030 3321 5084 καὶ
3367 5029 3430 5082 τὸ
3465 5027 3739 5100 ἱερατικὸν

2076 5127 2409 5187 ποικίλλεται
2445 5123 2668 5195 ἔνδυμα,
2707 5121 2804 5175 καὶ
2843 5122 2878 5192 ή
2919 5120 3132 5190 κίδαρις
3161 5114 3534 5189 περιτίθεται,
3579 5113 3675 5195 καὶ
3709 5114 3740 5165 0

2074 5215 2259 5279 λοιπὸς
2289 5214 2385 5284 τῆς
2410 5211 2603 5282 στολῆς
2629 5209 2854 5279 κόσμος,
2882 5206 3024 5260 ὥστε
3044 5202 3527 5275 ἀναμφισϐήτητον
3549 5210 3574 5238 ο
3597 5194 3738 5284 εἰναι

2074 5305 2178 5376 τὴν
2205 5283 2563 5374 χειροτονίαν,
2585 5297 2729 5351 ὥστε
2752 5296 2847 5349 καὶ
2868 5295 2947 5357 εἰς
2974 5292 3041 5347 τόν
3066 5292 3191 5362 ἐξῆς
3222 5285 3600 5376 θαυμάζεσθαι
3628 5283 3740 5376 ἀπὸ

2075 5370 2185 5445 τών
2207 5370 2460 5444 ’πετάλων
2483 5384 2579 5439 τοῦ
2605 5382 2826 5455 χαλκοῦ.
2852 5380 2995 5435 ’ῐστε
3017 5381 3230 5442 πάντως
3250 5376 3350 5447 τὴν
3374 5373 3632 5446 ἱστορίαν
3659 5370 3743 5426 διὸ

2077 5480 2174 5536 καὶ
2218 5474 2546 5549 παρατρέχω
2590 5472 2652 5526 τὸ
2685 5471 2950 5541 διήγημα.
3009 5467 3120 5522 Καὶ
3164 5465 3215 5519 εἰ
3261 5463 3534 5534 βούλεσθε,
3576 5460 3742 5516 πάλιν

2147 5642 2162 5679 ι
2197 5618 2375 5675 Verba,
2399 5617 2481 5665 καὶ
2508 5614 2672 5679 πάλιὶ
2688 5610 2993 5679 σπεύδοντας..
3012 5672 3023 5679 _
3042 5608 3184 5657 nobis
3223 5608 3472 5679 de‘dﬁru‘I‘I}.
3510 5604 3665 5679 δεινῇ.

2085 5653 2191 5733 ιτὲε
2210 5653 3199 5733 ἰᾞςέῗὲὦὶῗὛΜόὲἐιῐξᾷιᾶι”’5έέὸξνῐξξ.
3229 5653 3470 5733 Ῐὶῐιιιὶιῐῐ
3495 5653 3675 5733 νει-δίε,
3700 5653 3742 5701 ει

2087 5729 2230 5806 ._...
2248 5742 2469 5806 é1éve:0,_
2494 5742 2680 5806 τετειιι.
2753 5744 2776 5771 e
2813 5732 2950 5806 [Agnus
2973 5729 3380 5792 αύτὸτέποίησαν,
3402 5730 3530 5779 ὥστε
3547 5729 3743 5789 ἔναμμα-

2092 5795 2349 5862 οϐήτητὸν,
2374 5797 2566 5849 omissis
2591 5795 2918 5846 inlermediis.
