4086 6164
302 273 409 328 377

300 383 506 439 ἀνωθεν
527 380 595 434 τὰ
617 379 711 434 αὐτ
724 377 755 431 31
774 375 1112 444 ἐπέλθωμεν.
1142 374 1203 427 ’0
1223 370 1361 426 Καῖν
1386 369 1476 424 τὸν
1497 366 1724 437 ἀδελφὺν
1744 363 1972 425 ἀνεῖλεν,

301 480 437 536 ἀλλὰ
488 480 660 549 ταύτῃ
716 474 913 546 μᾶλλον
951 471 1252 541 ὠφέλησεν·
1301 468 1531 523 άκουσον
1563 464 1674 536 γάρ
1709 462 1762 516 τί
1805 476 1936 526 φησ·
1961 473 1973 485 ·

302 577 474 646 Φωνὴ
510 578 754 646 αἵματος
787 572 892 628 τοῦ
924 564 1199 640 ’ἀδελφοῦ
1243 584 1360 624 σου
1393 562 1517 634 βοᾷ
1557 567 1701 632 πρός
1740 572 1848 631 με’
1888 558 1979 612 καὶ

305 678 467 734 πάλιν
491 675 748 746 ἀλλαχοῦ,
778 673 1010 742 Αἵματι,
1033 669 1187 740 φησί,
1220 665 1491 736 κρεῖττον
1508 660 1801 719 λαλοῦντι
1823 656 1983 726 παρά

307 775 415 827 τὸν
447 773 648 827 Ἀϐελ.
692 765 1027 837 Ἀπήλλαξεν
1057 764 1222 818 αὐτὸν
1245 763 1344 832 τῆς
1372 758 1595 831 άδηλίας
1626 753 1722 810 τοῦ
1758 753 1982 826 μέλλον-

305 885 419 932 τος,
445 869 539 922 τὸν
570 865 764 939 μισθὸν
790 863 997 935 ηὔξησε
1021 879 1034 894 ο
1071 861 1170 932 τὴν
1198 857 1423 928 ἀγάπην
1451 854 1730 927 ἐμάθομεν
1758 850 1982 913 πάντες,

303 964 373 1034 ἢν
401 967 431 1018 6
452 963 582 1027 Θεὸς,
614 977 741 1032 εσχε
770 959 908 1030 πρὸς
932 958 1117 1012 αὐτόν.
1150 956 1217 1009 Τί
1245 955 1357 1026 γάρ
1385 953 1660 1024 ἠδίκηται,
1690 947 1987 1016 δεξάμενος

303 1060 495 1131 τάχιον
516 1058 613 1130 τὴν
634 1058 922 1128 τελευτήν;
948 1053 1114 1108 Οὐδέν
1133 1070 1147 1083 ·
1180 1052 1235 1105 τί
1259 1051 1389 1122 γὰρ,
1411 1048 1534 1102 εἰπέ
1559 1064 1669 1118 μοι,
1695 1047 1744 1099 οἱ
1771 1042 1986 1115 βράδιον

305 1154 666 1218 τελευτῶντες
699 1151 1108 1224 κερδαίνουσιν;
1155 1146 1322 1202 Οὐδέν
1348 1163 1361 1176 ·
1404 1144 1527 1199 οῦδέ
1569 1141 1681 1214 γὰρ
1730 1137 1883 1211 παρὰ
1924 1136 1988 1189 :6

308 1251 480 1305 πολλὰ
520 1250 621 1322 ζῇν
665 1250 760 1319 ἐτη
788 1247 822 1319 ἢ
863 1246 1020 1313 ὀλίγα
1054 1247 1087 1316 ὴ
1125 1241 1417 1314 εὐημερία.
1449 1239 1589 1293 ἀλλὰ
1630 1234 1783 1308 παρὰ
1817 1234 1878 1288 :6
1908 1234 1989 1297 εἰς

308 1346 424 1400 δέον
470 1343 773 1416 κεχρῆσθαι
803 1344 869 1413 τῇ
903 1341 1040 1412 ζωῇ.
1083 1339 1148 1393 υί
1193 1340 1344 1409 τρεῖς
1386 1336 1577 1397 παῖδες
1620 1328 1989 1402 ἐνεϐλήθησαν

310 1443 392 1505 εἰς
427 1441 687 1508 κάμινον,
723 1441 816 1493 καὶ
847 1437 937 1492 διὰ
980 1435 1173 1490 τούτου
1219 1433 1482 1502 γεγόνασι
1523 1427 1928 1500 λαμπρότεροι·
1960 1425 1990 1478 6

311 1533 509 1605 Δανιὴλ
580 1536 660 1597 είς
732 1533 975 1597 λάκκον,
1040 1531 1135 1586 καὶ
1194 1527 1447 1584 ἐντεῦθεν
1527 1523 1990 1596 περιφανέστερος

317 1648 578 1701 κατεστη,

384 1773 455 1834 γ’.
484 1766 650 1836 Ὁρᾷς
668 1762 945 1835 πανταχοῦ
964 1764 1092 1825 τοὺς
1114 1759 1452 1833 πειρασμοῦς
1476 1756 1688 1827 μεγάλα
1709 1754 1991 1814 τίκτοντας

313 1861 494 1932 ἀγαθά
538 1863 634 1917 καὶ
662 1860 931 1924 ἐνταῦθα,
967 1861 1099 1931 μήτι
1131 1875 1195 1927 γε
1231 1858 1376 1910 ἐκεῖ·
1423 1855 1517 1908 ἐπὶ
1553 1853 1613 1906 δέ
1649 1855 1749 1923 τῆς
1794 1849 1993 1913 κακίας

311 1959 510 2011 ταυτὸν
535 1959 780 2027 γίνεται,
810 1951 923 2011 οἷον
950 1954 1018 2009 ἂν
1047 1955 1100 2008 εῐ
1126 1970 1211 2015 τις
1245 1951 1494 2020 κάλαμον
1527 1947 1667 2019 ἔχων
1705 1946 1992 2018 παρατάτ-

254 2058 259 2065 ’
312 2070 458 2107 τοιτο
487 2053 625 2125 πρὸς
654 2053 790 2122 πῦρ·
824 2054 853 2106 6
894 2051 1006 2121 γὰρ
1039 2048 1281 2111 τοιοῦτος
1312 2047 1460 2100 δοκεῖ
1497 2044 1596 2114 μὲν
1633 2041 1891 2112 πλήττειν
1933 2040 1995 2094 :6

314 2148 449 2222 πῦρ,
476 2149 606 2205 αὐτὸ
632 2149 690 2202 δέ
718 2147 1101 2220 λαμπρότερον
1130 2147 1295 2207 ποιεῖ,
1334 2142 1428 2195 καὶ
1462 2139 1652 2195 ἐαυτὸν
1686 2136 1990 2195 ἀναλίσκει.

315 2244 503 2315 Τροφὴ
533 2245 643 2316 γάρ
672 2244 882 2313 γίνεται
908 2245 941 2313 ἠ
976 2241 1146 2295 κακία
1213 2240 1305 2292 καὶ
1331 2236 1588 2301 ὑπόθεσις
1610 2235 1996 2316 λαμπρότητος

315 2309 384 2410 τῇ
725 2338 832 2408 γὰρ
861 2309 1045 2407 ἀδικίᾳ
1070 2337 1149 2398 εἰς
1166 2334 1284 2388 δέον
1306 2333 1398 2386 τοῦ
1428 2332 1564 2386 Θεοῦ
1586 2309 1894 2404 χρωμένου.
1925 2329 1994 2383 τά

317 2432 565 2503 ἡμέτερα
592 2432 798 2503 λάμπει
832 2431 1053 2503 μᾶλλον.
1080 2430 1248 2484 Πάλιν
1273 2432 1301 2483 6
1328 2428 1575 2491 διάϐολος
1600 2428 1729 2481 ὅταν
1758 2425 1999 2496 ἐργάζη-

316 2528 408 2583 ταί
437 2546 489 2582 τι
519 2528 789 2594 τοιοῦτον,
823 2528 1239 2601 λαμπροτέρους
1274 2529 1420 2581 ποιεῖ
1443 2527 1573 2590 τοὺς
1601 2524 1994 2596 ὑπομένοντας.

318 2623 384 2677 Τί
425 2621 553 2690 οὖν,
595 2625 797 2695 φησὶν,
826 2625 919 2678 ἐπὶ
953 2623 1050 2678 τοῦ
1108 2623 1282 2694 Ἀδάμ
1319 2622 1381 2676 οὐ
1418 2622 1613 2691 γέγονε
1652 2621 1831 2686 τοῦτο,
1881 2619 1997 2673 ἀλλ’

317 2720 644 2791 ἀτιμότερος
681 2720 915 2789 γέγονες
953 2720 1206 2775 Μάλιστα
1248 2718 1347 2790 μὲν
1374 2716 1619 2790 κάκείνῳ
1664 2719 1694 2770 6
1720 2717 1874 2783 Θεὸς
1917 2718 2000 2780 εἰς

317 2818 438 2873 δέον
471 2820 781 2892 ἐχρήσατο·
816 2822 865 2873 εἰ
890 2820 947 2874 δέ
976 2818 1078 2874 πού
1110 2838 1164 2874 τι
1203 2819 1426 2881 ἔπαθεν,
1463 2819 1629 2882 αὐτὸς
1655 2820 1848 2874 ἑαυτὸν
1880 2818 1998 2888 ἠδί-

318 2929 491 2986 κησε·
537 2916 607 2970 τά
663 2917 763 2987 μὲν
811 2916 923 2990 γὰρ
981 2916 1113 2988 παρ’
1169 2917 1374 2989 ἐτέρων
1419 2917 1499 2980 εἰς
1546 2917 1697 2987 ἡμᾶς
1738 2915 1999 2987 γινόμενα

321 3012 576 3082 μεγάλων
602 3013 735 3083 ἡμῖν
766 3011 988 3080 ἀγαθῶν
1015 3012 1164 3065 αἴτια
1202 3012 1444 3079 γίνεται,
1474 3011 1543 3066 τὰ
1574 3012 1632 3065 δὲ
1673 3013 1803 3084 παρ’
1839 3014 1872 3083 ἡ
1882 3013 2000 3084 μῶν

324 3105 509 3159 αὐτῶν
530 3106 736 3159 οὐκέτι.
774 3106 994 3177 Ἐπειδὴ
1015 3107 1124 3179 γὰρ
1149 3105 1495 3177 ἀδικούμενοι
1529 3106 1626 3175 μὲν
1648 3108 1740 3177 ὑφ’
1771 3107 1997 3180 ἐτέρων,

200 3248 212 3259 ,
321 3199 616 3272 ἀλγοῦμεν,
656 3200 760 3254 61:6
787 3199 845 3253 δὲ
869 3200 1025 3272 ἡμῶν
1052 3201 1234 3254 αὐτῶν
1262 3200 1466 3267 οὐκέτι,
1491 3200 1762 3254 δείκνυσιν
1796 3203 1824 3255 ὀ
1846 3202 1999 3268 Θεὸς,

322 3293 405 3345 ὅτι
446 3293 474 3345 6
508 3292 606 3364 μὲν
636 3292 769 3365 παρ’
812 3292 1000 3365 ἐτέρου
1045 3293 1241 3358 ἀδίκως
1274 3294 1521 3366 πάσχων,
1556 3294 1854 3366 εὐδοκιμεῖ,
1887 3297 1916 3349 6
1943 3296 2002 3350 δὲ

326 3385 479 3460 [409]
523 3387 715 3442 ἐαυτὸν
753 3388 975 3455 ἀδικῶν,
1026 3387 1342 3458 βλάπτεται*
1370 3390 1465 3443 καὶ
1510 3388 1655 3459 μάλα
1698 3389 1921 3453 εἰκότως
1948 3402 2000 3458 ιι,

326 3483 415 3537 ἵνα
460 3485 636 3537 ἐκεῖνο
687 3484 787 3554 μὲν
828 3484 1094 3553 γενναίως
1135 3485 1415 3558 φέρωμεν,
1462 3484 1622 3538 τοῦτο
1667 3486 1724 3538 δέ
1770 3486 1998 3558 μηκέτι·

325 3575 501 3640 άλλως
529 3594 589 3630 τε
620 3578 693 3631 :6‘
716 3579 825 3630 πᾶν
868 3579 984 3631 ἐκεῖ
1013 3577 1107 3630 τοῦ
1170 3579 1344 3651 Ἀδὰμ
1388 3579 1604 3649 γέγονε.
1656 3580 1756 3634 Διά
1791 3581 1845 3635 τί
1891 3581 2002 3654 γὰρ

327 3672 548 3726 ἐπείθου
576 3675 643 3745 τῇ
668 3673 892 3742 γυναικί
911 3690 925 3739 ;
946 3673 1035 3728 δια
1062 3674 1114 3727 τί
1143 3673 1250 3746 γὰρ
1278 3676 1498 3730 ἐναντία
1523 3676 2002 3748 συμϐουλεύουσαν

325 3771 428 3823 οὐκ
452 3769 809 3841 άπεκρούσω;
849 3771 922 3823 Σὺ
952 3770 1169 3835 πάντως
1199 3772 1430 3841 γέγονας
1455 3774 1648 3839 αἴτιος,
1680 3774 1869 3847 ἐπειδὴ
1898 3777 1946 3829 εἰ
1973 3776 2002 3828 6

326 3863 568 3927 διάϐολος
608 3860 709 3936 ἦν,
736 3864 843 3918 ἐδει
882 3865 1024 3919 κατὰ
1050 3866 1208 3919 τοῦτο
1244 3868 1369 3932 τοῦς
1399 3868 1829 3940 πειραζομένους
1864 3870 1999 3924 πάν-

326 3979 426 4026 τας
450 3961 804 4016 ἀπόλλυσθαι·
824 3963 872 4015 εἰ
890 3962 946 4015 δὲ
972 3965 1047 4034 μὴ
1067 3963 1420 4028 ἀπόλλυνται,
1452 3966 1583 4038 παρ’
1605 3968 1752 4038 ἡμᾶς
1772 3969 1805 4039 ὴ
1830 3969 1998 4022 αἰτία.

339 4057 477 4112 Ἀλλ’
499 4058 628 4122 ἔδει,
646 4059 800 4131 φησί,
825 4059 1035 4122 πάντας
1062 4062 1186 4124 τοὺς
1220 4061 1650 4134 πειραζομένους
1674 4065 1998 4137 κατορθοῦν,

326 4154 361 4224 ἢ
389 4155 436 4208 εἰ
454 4156 584 4226 παρ’
600 4155 748 4225 ἡμᾶς
770 4156 802 4226 ἡ
826 4155 994 4220 αἰτία,
1017 4155 1124 4208 ἔδει
1152 4156 1246 4210 καί⁷
1267 4158 1436 4228 χωρὶς
1455 4158 1548 4212 τοῦ
1572 4159 1820 4214 διαϐόλου
1841 4161 2002 4215 ἀπόλ-

326 4252 553 4319 λυσθαι;
581 4251 752 4307 Τοῦτο
768 4252 1121 4323 καὶγίνεται·
1144 4256 1240 4309 καὶ
1262 4255 1372 4327 γὰρ
1392 4256 1580 4311 πολλοὶ
1601 4259 1695 4312 καὶ
1715 4259 1884 4331 χωρὶς
1905 4260 2001 4315 τοῦ

326 4346 569 4400 διαϐόλου
584 4347 930 4402 ἀπόλλυνται·
945 4349 1005 4402 ού
1018 4348 1127 4421 γὰρ
1137 4349 1203 4420 δὴ
1215 4350 1393 4404 πάντα
1406 4351 1566 4416 αὐτὸς
1578 4356 1997 4420 κατασκευάζει,

327 4441 462 4495 ἀλλὰ
487 4441 654 4496 πολλά
679 4445 770 4497 καὶ
791 4444 899 4498 άπὸ
934 4445 1103 4515 μόνης
1127 4445 1337 4513 γίνεται
1361 4447 1459 4517 τῆς
1497 4447 1726 4513 νωθείας
1747 4450 1847 4520 τῆς
1872 4452 2003 4522 ήμε-

326 4534 505 4606 τέρας·
521 4538 571 4590 εἰ
590 4536 646 4590 δέ
665 4554 767 4590 που
790 4539 1041 4602 κάκεῖνος
1058 4540 1251 4603 αῖτιος,
1270 4540 1303 4610 ἡ
1311 4539 1428 4610 μῶν
1443 4541 1541 4611 τὴν
1559 4543 1732 4613 ἀρχὴν
1744 4545 2003 4614 παρεχόν-

325 4646 454 4683 των.
468 4630 604 4684 Εἰπὲ
618 4632 727 4702 γάρ
741 4648 854 4702 μοι,
869 4633 1002 4685 πότε
1017 4635 1045 4686 6
1061 4633 1305 4698 διάϐολος
1322 4633 1542 4702 ἴσχυσεν
1564 4637 1656 4690 ἐπὶ
1670 4637 1765 4690 τοῦ
1795 4639 1962 4693 Ἰούδα
1980 4657 1997 4707 ;

330 4724 459 4777 Ὅτε
485 4726 726 4796 εἰσῆλθε,
767 4728 952 4797 φησὶν,
979 4728 1059 4791 εἰς
1088 4729 1251 4782 αὑτὸν
1285 4730 1314 4783 ό
1335 4729 1599 4793 Σατανᾶς.
1649 4731 1787 4784 Ἀλλ’
1833 4735 2000 4789 ἄκου-

328 4833 421 4870 σον
474 4818 574 4888 τὴν
618 4819 819 4872 αἰτίαν·
879 4820 959 4873 δτι
1011 4821 1255 4893 κλέπτης
1305 4819 1394 4894 ἦν,
1437 4825 1532 4878 καί
1571 4825 1642 4879 τὰ
1692 4827 1999 4899 βαλλόμενα

327 4913 646 4977 ἐϐάσταζεν.
698 4915 868 4979 Αὐτὸς
912 4917 1112 4971 ἔδωκεν
1150 4919 1298 4991 αὐτῷ
1348 4922 1689 4996 εὐρυχωρίαν
1739 4927 1838 4999 τῆς
1882 4930 1994 4981 εἰσ-

326 5007 479 5062 6666'
510 5009 649 5063 ὥστε
696 5013 793 5083 οὐχ
831 5014 859 5066 6
902 5013 1147 5079 διάϐολος
1179 5015 1278 5086 τὴν
1310 5017 1484 5090 ἀρχὴν
1528 5021 1824 5095 ἐντίθησιν,
1881 5026 1998 5080 ἀλλ’

327 5105 488 5176 ἡμεῖς
518 5106 679 5161 αὐτὸν
706 5107 975 5181 δεχόμεθα
1006 5111 1103 5165 καὶ
1138 5112 1432 5185 καλοῦμεν.
1480 5115 1619 5170 Ἀλλ’
1653 5121 1701 5173 εἰ
1745 5122 1822 5194 μὴ
1853 5125 1998 5178 ἐκεῖ-

326 5216 436 5266 νος,
466 5202 651 5272 φησὶν,
690 5197 779 5274 ἦν,
816 5204 915 5258 οὐκ
949 5205 1013 5259 ἂν
1044 5207 1255 5277 μεγάλα
1284 5209 1501 5279 ἐγένετο
1540 5211 1608 5267 τά
1641 5214 1809 5272 δεινά.
1857 5218 1998 5272 Ἀλλ’

326 5296 701 5371 ἀπαραίτητος
731 5300 862 5372 ἡμῖν
880 5300 1104 5374 ἔμελλεν
1123 5299 1263 5358 εἶναι
1286 5307 1320 5377 ὴ
1347 5306 1591 5372 κόλασις·
1619 5309 1713 5365 νῦν
1739 5312 1838 5382 μὲν
1862 5312 1994 5384 γάρ,

326 5392 601 5466 ἀγαπητέ,
632 5398 701 5449 τα
736 5396 837 5468 τῆς
879 5398 1155 5465 κολάσεως
1185 5402 1317 5473 ἡμῖν
1353 5403 1712 5477 ὴμερώτερα,
1757 5408 1890 5463 εἰδὲ
1929 5410 1998 5463 δι’

324 5487 535 5567 ἐαυτῶν
570 5492 939 5563 είργαζόμεθα
966 5495 1035 5548 τὰ
1062 5494 1231 5562 δεινά,
1262 5498 1536 5570 ἀφόρητος
1564 5496 1633 5571 ἦν
1665 5503 1699 5572 ἡ
1729 5505 1993 5576 τιμωρία.

326 5579 460 5635 Εἰπὲ
483 5583 593 5653 γάρ
618 5600 728 5654 μοι,
753 5588 801 5639 εἰ
824 5586 1015 5653 ταῦτα,
1038 5589 1074 5643 ἀ
1102 5591 1346 5663 ἥμαρτεν
1371 5596 1399 5647 ό
1434 5594 1627 5666 Ἄδαμ,
1655 5597 1830 5668 χωρὶς
1859 5616 2002 5665 συμ-

328 5674 521 5748 ϐουλῆς
564 5681 802 5751 ἥμαρτε,
835 5684 916 5748 τίς
950 5686 1113 5740 αὑτὸν
1146 5686 1212 5742 ἂν
1242 5689 1516 5760 ἐξήρπασε
1550 5691 1659 5745 τῶν
1698 5693 1994 5757 κινδύνων;

394 5859 418 5887 ⁶¹
446 5858 580 5913 Haec.
600 5861 679 5907 καὶ
702 5861 827 5922 μάλα
848 5864 1041 5920 εἰκότως
1065 5874 1116 5917 cl
1140 5882 1249 5917 mox
1277 5871 1392 5929 ἐκεῖ,
1417 5873 1595 5925 desunt
1636 5889 1681 5925 ιη
1718 5888 1819 5927 uno

1019 260 1076 315 S.
1112 257 1399 315 JOANNIS
1434 244 1918 312 CIIRYSOSTOMI
1955 248 1994 302 Α

2093 247 2276 306 1111211.
2316 204 2864 306 δοκε-πληκτικὸν.

3649 225 3757 282 378

2094 363 2235 417 Ἀλλ’
2267 365 2367 417 οὐκ
2401 363 2465 416 ἂν
2493 363 2733 433 ἥμαρτε,
2761 357 2913 430 φησί.
2939 353 3111 409 Πόθεν
3142 368 3231 423 μοι
3256 350 3419 405 τοῦτο
3442 347 3656 419 λέγεις;
3696 348 3758 402 '0

2082 459 2194 531 γάρ
2217 460 2360 517 66:61
2387 459 2585 531 χαῦνος
2614 457 2710 511 καὶ
2736 454 2979 528 ῥᾴθυμος
3002 451 3099 505 καὶ
3129 449 3265 521 πρὸς
3289 447 3481 503 ἄνοιαν
3506 447 3757 517 ἕτοιμος,

2081 558 2222 613 ὥστε
2252 556 2508 623 δέξασθαι
2537 554 2797 622 τοιαύτην
2827 547 3134 621 συμϐουλὴν
3159 584 3175 609 ,
3202 542 3388 614 πολλῷ
3419 542 3622 613 μᾶλλον
3664 551 3759 596 και

2079 653 2250 725 χωρὶς
2283 652 2473 708 τούτου
2499 650 2661 705 τοῦτο
2687 649 2910 716 γέγονεν
2939 644 3025 700 άν.
3052 644 3216 705 Ποῖος
3236 638 3485 700 διάϐολος
3512 639 3640 702 τοὺς
3663 637 3759 692 τοῦ

2093 751 2292 821 Ἰωσὴφ
2328 748 2595 819 ἀδελφοὺς,
2642 747 2724 808 εἰς
2772 741 2969 813 φθόνον
3017 737 3307 803 ἐνέϐαλεν;
3348 737 3448 789 "Av
3498 737 3761 807 νήφωμεδ

2080 846 2284 914 τοίνυν,
2316 844 2615 915 ἀγαπητοὶ,
2648 842 2742 895 καί
2782 837 3189 908 εὐδοκιμήσεως
3216 834 3350 904 ἡμῖν
3380 832 3552 896 αἴτιος
3584 834 3614 885 6
3643 831 3760 885 διά·

2082 940 2240 1004 ϐολος
2262 940 2500 1008 γίνεται.
2526 936 2594 990 Τί
2622 935 2732 1007 γὰρ
2755 931 2956 1001 ἔϐλαψε
2979 930 3073 984 τὸν
3116 927 3238 982 Ἰὼϐ
3264 928 3298 998 ἡ
3322 924 3560 996 τοσαύτη
3593 924 3762 979 αὐτοῦ

2085 1036 2302 1108 μηχανή
2326 1035 2389 1100 b;
2419 1033 2510 1104 Μὴ
2543 1033 2723 1102 εἴπῃς,
2756 1028 2912 1100 φησί,
2943 1026 3124 1091 τοῦτο,
3151 1023 3265 1077 ἀλλ’
3296 1024 3326 1076 6
3361 1021 3595 1093 ἀσθενὴς
3629 1020 3760 1090 βλά-

2085 1150 2302 1189 πτεται.
2344 1132 2484 1185 Ἀλλ’
2514 1133 2542 1184 6
2562 1128 2814 1199 ἀσθενὴς,
2844 1124 2951 1180 κᾶν
2980 1122 3060 1195 μὴ
3080 1120 3328 1184 διάϐολος
3348 1114 3407 1191 ᾗ,
3434 1117 3761 1189 βλάπτεται.

2097 1231 2260 1285 Ἀλλὰ
2315 1228 2616 1302 μειζόνως,
2653 1223 2822 1297 φησὶ,
2870 1220 3009 1295 μετὰ
3054 1220 3154 1289 τῆς
3200 1217 3413 1272 ἐκείνου
3459 1213 3763 1286 ἐνεργείας.

2096 1327 2238 1382 Ἀλλ’
2263 1325 2506 1388 ἔλαττον,
2534 1324 2662 1378 ὅταν
2693 1319 2833 1393 μετά
2856 1318 2955 1389 τῆς
2980 1314 3188 1371 ἐκείνου
3208 1311 3492 1384 ἐνεργείας
3515 1311 3762 1383 ἁμάρτῃ,

2085 1422 2396 1488 κολάζεται·
2427 1421 2489 1473 ού
2527 1418 2638 1490 γὰρ
2667 1417 2886 1472 πάντων
2914 1413 3025 1467 τῶν
3057 1408 3475 1483 ἁμαρτημάτων
3504 1408 3563 1460 αἰ
3598 1406 3765 1461 αὑταὶ

2083 1518 2369 1591 τιμωρίαι.
2398 1515 2486 1588 Μὴ
2509 1512 2808 1583 άπατῶμεν
2831 1507 3057 1572 ἐαυτούς
3075 1524 3090 1539 ·
3125 1506 3227 1560 οὐκ
3254 1504 3403 1558 ἐστιν
3428 1505 3560 1575 ἡμῖν
3593 1503 3622 1556 6
3645 1501 3764 1558 διά-

2086 1616 2240 1681 ϐολος
2275 1615 2470 1679 αῐτιος,
2512 1611 2608 1666 ἐὰν
2647 1611 2940 1682 νήφωμεν·
2977 1605 3184 1668 ἐκεῖνος
3232 1602 3381 1673 ἡμᾶς
3418 1600 3621 1672 μᾶλλον
3655 1601 3765 1670 άφ-

2088 1712 2327 1778 υπνίζει,
2365 1714 2574 1775 ἐκεῖνος
2620 1709 2767 1781 ἡμᾶς
2815 1704 3092 1776 διεγείρει.
3127 1700 3263 1757 Εἰπέ
3305 1700 3415 1772 γάρ
3466 1715 3557 1770 μοι
3588 1696 3766 1770 (τέως

2086 1811 2263 1865 ταῦτα
2295 1806 2690 1879 ἐξετάσωμεν),
2721 1804 2799 1876 μὴ
2831 1803 2972 1857 ἔστω
3000 1798 3185 1872 θηρία,
3217 1796 3294 1870 μὴ
3314 1796 3454 1851 ἔστω
3479 1793 3766 1867 ἀνωμαλία

2089 1908 2291 1980 ἀέρων,
2327 1906 2404 1977 μὴ
2433 1904 2610 1968 νόσος,
2655 1901 2730 1974 μὴ
2762 1900 2956 1964 λῦπαι,
2992 1897 3069 1970 μὴ
3100 1895 3355 1967 ἀθυμίαι,
3386 1893 3464 1965 μὴ
3497 1891 3685 1964 ἕτερόν
3711 1908 3766 1944 τι

2087 2004 2199 2059 τῶν
2244 2001 2523 2056 τοιούτων·
2561 1998 2617 2053 τί
2646 1998 2747 2052 οὐκ
2783 1995 2851 2052 ἂν
2890 1994 3112 2064 ἐγένετο
3149 1991 3180 2046 6
3211 1989 3537 2064 ἀνθρωποςς
3571 1989 3770 2061 Χοῖρος

2093 2101 2295 2175 μᾶλλον
2333 2101 2367 2172 ἢ
2412 2098 2720 2170 ἄνθρωπος,
2748 2093 2891 2149 δοκῶ
2928 2109 3041 2164 μοι,
3073 2089 3298 2160 γέγονεν
3336 2087 3403 2143 ἂν
3425 2127 3441 2153 ,
3471 2084 3766 2158 γαστριζό-

2095 2215 2255 2271 μενος
2292 2199 2387 2252 καὶ
2427 2194 2664 2263 μεθύων,
2697 2192 2791 2248 καὶ
2822 2190 2928 2246 ὑπὸ
2960 2186 3189 2260 μηδενὸς
3214 2184 3421 2240 τούτων
3445 2181 3767 2255 ἐνοχλούμε-

2090 2313 2200 2360 νος.
2229 2294 2344 2348 Νῦν
2376 2293 2434 2347 δέ
2461 2293 2520 2348 αἱ
2545 2289 2825 2363 φροντίδες
2845 2287 2938 2343 καὶ
2962 2287 3018 2341 αἰ
3048 2285 3312 2357 μέριμναι
3334 2278 3636 2352 γυμνάσιόν
3663 2279 3769 2332 εἰσι

2094 2392 2412 2464 φιλοσοφίας
2475 2390 2571 2444 καὶ
2636 2387 3044 2449 διδασκάλειον,
3103 2383 3200 2438 καὶ
3256 2379 3450 2450 άγωγὴ
3520 2374 3770 2439 παιδείας

2094 2495 2344 2565 ἀρίστης.
2387 2490 2590 2545 Σκόπει
2619 2488 2678 2542 δέ
2706 2486 2803 2541 καὶ
2831 2484 3007 2548 ἄλλως
3030 2497 3045 2512 ·
3080 2476 3370 2553 τρεφέσθω
3395 2493 3481 2539 τις
3523 2475 3582 2527 ἐν
3618 2474 3774 2544 βασι-

2092 2588 2259 2653 λείοις
2283 2589 2422 2660 μήτε
2446 2583 2787 2655 λυπούμενος
2807 2582 2945 2653 μήτε
2968 2576 3270 2650 φροντίζων
3302 2575 3443 2647 μήτε
3466 2568 3772 2644 μεριμνῶν,

2093 2685 2189 2740 καὶ
2226 2687 2365 2756 μήτε
2392 2681 2566 2753 ὀργῆς
2601 2680 2740 2750 ἔχων
2785 2676 3059 2749 πρόφασιν
3092 2673 3229 2744 μήτε
3271 2667 3603 2739 ἀποτυχίας,
3634 2664 3774 2720 ἀλλά

2096 2785 2296 2845 πάντα,
2328 2781 2474 2850 άπερ
2496 2778 2562 2833 ἂν
2587 2775 2924 2845 ἐπιθυμήσῃ,
2947 2769 3193 2835 ποιείτω,
3217 2767 3313 2823 καὶ
3340 2762 3772 2834 ἐπιτυγχανέτω,

2094 2880 2192 2934 καὶ
2223 2878 2430 2942 πάντας
2464 2876 2638 2948 ἐχέτω
2669 2871 3047 2933 ὑπακούοντας
3066 2886 3082 2902 ο
3115 2867 3182 2922 ἂν
3225 2865 3301 2938 μὴ
3343 2862 3545 2927 παντὸς
3578 2859 3773 2933 θηρίου

2096 2977 2433 3051 άλογώτερος
2458 2977 2680 3046 γένηται
2720 2975 2749 3027 6
2777 2970 3016 3033 τοιοῦτος
3037 2975 3059 3003 ⁸
3082 2984 3098 3035 ;

2168 3094 2322 3169 [M0]
2354 3093 2471 3148 Νῦν
2499 3093 2555 3145 δὲ
2581 3091 2772 3162 ὥσπερ
2802 3087 2972 3158 ἀκόνη
2999 3083 3148 3139 ἐστὶν
3173 3078 3501 3154 ἐκτρίϐουσα
3531 3076 3683 3149 ἡμᾶς
3704 3074 3776 3130 τά

2096 3192 2206 3247 τῶν
2236 3191 2633 3263 περιστάσεων,
2662 3188 2732 3242 τά
2750 3185 2861 3241 τῶν
2881 3182 3134 3253 θλίψεων.
3166 3179 3267 3234 Διά
3291 3176 3447 3232 τοῦτο
3478 3175 3588 3229 τῶν
3612 3173 3777 3227 πλου-

2096 3290 2334 3345 τούντων
2360 3290 2410 3342 οἰ
2439 3288 2670 3358 πένητες
2695 3285 2771 3349 ὡς
2790 3280 2884 3338 ἐπὶ
2905 3282 2968 3336 :6
2991 3279 3241 3335 πλεῖστόν
3262 3279 3369 3331 εἰσι
3392 3274 3774 3347 συνετώτεροι,

2098 3389 2356 3460 καθάπερ
2404 3383 2623 3445 πολλοῖς
2662 3379 3120 3454 περικρουόμενοι
3159 3375 3257 3430 καὶ
3291 3369 3777 3445 περιαντλούμενοι

2098 3484 2330 3556 κύμασι.
2370 3481 2481 3537 Καὶ
2531 3479 2643 3549 γὰρ
2693 3478 2852 3548 σῶμα
2881 3475 2944 3530 :6
3000 3475 3101 3545 μὲν
3148 3471 3320 3543 άργδν
3375 3470 3472 3524 καὶ
3520 3469 3779 3540 ἀκίνητον

2097 3579 2327 3640 νοσῶδες
2360 3577 2456 3630 καὶ
2506 3573 2701 3645 ἀηδὲς,
2735 3571 2799 3627 :6
2833 3572 2890 3624 δέ
2925 3568 3248 3640 κινούμενον
3289 3566 3387 3619 καὶ
3430 3564 3639 3635 κάμνον
3679 3561 3780 3617 καὶ

2097 3667 2991 3744 ταλαιπωρούμενον·ὥραιότερον
3037 3665 3133 3721 καὶ
3166 3663 3533 3734 ὑγιεινότερον
3559 3677 3574 3694 ·
3616 3658 3782 3715 τοῦτο

2097 3774 2155 3827 δέ
2187 3772 2279 3826 ἐπὶ
2314 3769 2494 3841 ψυχῆς
2544 3765 2693 3838 εῦροι
2723 3781 2810 3828 τις
2848 3763 2934 3818 ἄν.
2970 3760 3084 3815 Καὶ
3122 3759 3339 3830 σίδηρος
3377 3758 3631 3828 κείμενος
3676 3753 3777 3826 μὲν

2097 3867 2493 3940 διαφθείρεται,
2511 3861 2882 3933 ἐργαζόμενος
2903 3858 2960 3913 δέ
2978 3857 3207 3929 λάμπει·
3233 3853 3492 3924 καὶψυχὴ
3512 3850 3780 3940 ῶσαύτως

2097 3961 2391 4032 κινουμένη
2412 3976 2425 3988 ·
2450 3959 2663 4029 κίνησις
2690 3956 2749 4010 δέ
2771 3953 2953 4025 ψυχῆς
2983 3953 3039 4006 αἰ
3078 3951 3430 4022 περιστάσεις
3457 3939 3639 4003 αὗται.
3661 3947 3777 4001 Καὶ

2097 4059 2284 4130 τέχναι
2317 4053 2644 4109 ἀπόλλυνται
2665 4092 2680 4117 ,
2712 4050 2787 4122 μὴ
2830 4047 3161 4118 κινουμένης
3192 4045 3369 4116 ψυχῆς
3392 4060 3406 4074 ·
3447 4045 3682 4098 κινεῖται
3717 4040 3783 4095 δὲ

2095 4155 2226 4209 ὅταν
2259 4151 2334 4224 μὴ
2361 4151 2540 4205 πάντα
2563 4147 2728 4202 εὐθέα
2803 4162 2818 4177 ·
2851 4147 3085 4202 κινεῖται
3104 4143 3216 4214 γὰρ
3236 4142 3340 4196 ὑπὸ
3364 4140 3470 4195 τῶν
3491 4138 3775 4194 ἐναντίων.

2097 4251 2161 4305 Εἰ
2184 4248 2260 4321 μὴ
2285 4247 2371 4319 εἴη
2395 4245 2630 4309 ἐναντία,
2656 4242 2810 4298 οὐδὲν
2837 4241 2903 4295 ἂν
2931 4241 3017 4312 εῖη
3040 4239 3100 4294 :6
3121 4239 3325 4293 κινοῦν·
3358 4232 3491 4303 οἷον,
3522 4237 3573 4289 εἰ
3596 4234 3779 4290 πάντα

2096 4342 2164 4418 ἦν
2202 4342 2543 4417 εἰργασμένα
2570 4339 2753 4403 καλῶς
2772 4378 2787 4402 ,
2810 4337 2913 4391 οὐκ
2942 4336 3010 4391 ἂν
3035 4329 3194 4409 εῦρεν
3224 4336 3258 4405 ἡ
3287 4333 3450 4406 τέχνη
3482 4331 3775 4387 κινεῖσθαι.

2098 4438 2254 4495 Οῦτω
2274 4439 2390 4501 καὶ,
2412 4436 2488 4510 [εί
2519 4436 2699 4489 πάντα
2723 4428 2791 4505 ἦν
2821 4431 2961 4485 κατά
2988 4429 3115 4484 νοῦν
3136 4431 3288 4501 ἡμῖν,
3316 4431 3419 4483 οὐκ
3446 4429 3514 4484 ἂν
3551 4421 3710 4497 εὗρεν
3734 4427 3772 4497 ἡ

2096 4534 2243 4606 ψυχὴ
2283 4528 2615 4600 κινεῖσθαι-1
2655 4531 2704 4583 εἰ
2732 4523 3013 4596 πανταχοῦ
3046 4523 3451 4589 διεϐαστάζετο,
3483 4521 3656 4592 ἀηδὴς
3679 4514 3772 4591 ἦν.

2046 4640 2054 4648 ’
2097 4633 2209 4701 Ούχ
2239 4630 2390 4700 ὁρᾷς,
2420 4629 2503 4682 ὅτι
2531 4627 2626 4681 καὶ
2653 4626 2875 4695 τροφοῖς
2900 4618 3415 4694 παρακελευόμεθα,
3451 4618 3528 4690 μὴ
3549 4617 3783 4671 διαπαν-

2094 4730 2188 4793 τὸς
2225 4726 2512 4798 βαστάζειν
2542 4724 2612 4777 τὰ
2643 4720 2833 4775 παιδία
2853 4759 2868 4783 ,
2905 4718 3045 4773 ὥστε
3076 4716 3150 4789 μὴ
3188 4718 3269 4780 εἰς
3315 4715 3437 4779 ἔθος
3467 4713 3607 4769 αύτά
3639 4711 3776 4767 καθ-

2099 4824 2274 4894 ιστᾷν,
2325 4820 2461 4891 μήτε
2510 4816 2730 4888 ἐξίτηλα
2784 4813 2925 4868 αὐτὰ
2976 4814 3188 4879 ποιεῖν;
3218 4810 3319 4865 Διά
3361 4808 3522 4864 τοῦτο
3565 4807 3634 4861 τά
3683 4805 3773 4862 ἐπ’

2096 4920 2280 4988 ὃψεσιν
2300 4913 2710 4985 άνατρεφόμενα
2740 4910 2848 4964 τῶν
2876 4907 3106 4978 γονέων,
3144 4906 3515 4980 ἀσθενέστερα
3540 4905 3771 4974 γίνεται,

2099 5015 2193 5084 τῆς
2223 5010 2438 5081 φειδοῦς
2466 5008 2565 5077 τῆς
2603 5005 2835 5076 ἀκαίρου
2876 5021 2936 5058 τε
2978 5004 3073 5058 καὶ
3094 5000 3337 5074 ἀμέτρου
3366 4998 3774 5071 λυμαινομένης

2094 5106 2276 5161 αὐτῶν
2300 5105 2398 5175 τὴν
2428 5102 2663 5172 ὑγίειαν.
2698 5100 2878 5155 Καλὸν
2919 5100 3016 5154 καὶ
3046 5098 3192 5170 λύπη
3225 5097 3542 5169 σύμμετρος
3562 5134 3580 5159 ,
3609 5093 3775 5149 καλὸν

2094 5204 2191 5257 καὶ
2218 5200 2460 5273 φροντὶς,
2493 5196 2659 5252 καλὸν
2685 5199 2781 5251 καὶ
2802 5196 2999 5252 ἔνδεια·
3037 5197 3294 5268 ἰσχυροὺς
3320 5194 3430 5266 γὰρ
3455 5194 3603 5264 ἡμᾶς
3629 5191 3778 5246 ποιεῖ

2096 5298 2238 5354 καλά
2270 5296 2365 5351 καὶ
2390 5295 2460 5349 τὰ
2486 5294 2707 5348 ἐναντία
2726 5311 2739 5324 ·
2779 5294 3011 5349 ἕκαστον
3043 5295 3152 5364 γὰρ
3181 5292 3362 5348 αὑτῶν
3402 5291 3639 5362 ἄμετρον
3681 5303 3778 5358 τε·

2096 5397 2320 5464 νόμενον
2344 5390 2629 5454 ἀπόλλυσι,
2653 5389 2744 5443 καὶ⁵
2766 5389 2830 5443 :6
2851 5388 2952 5460 μέν
2976 5390 3183 5460 χαυνοῖ,
3199 5388 3260 5441 :6
3281 5387 3338 5441 δέ
3360 5385 3775 5457 διαρῤήγνυσιν.

2097 5495 2210 5563 Οὐχ
2235 5491 2386 5563 ὁρᾷς,
2420 5491 2502 5543 ὅτι
2527 5485 2769 5550 καὶτοὺς
2794 5485 2961 5540 αὑτοῦ
2996 5484 3244 5557 μαθητὰς
3278 5485 3307 5537 6
3336 5482 3571 5555 Χριστὸς
3600 5478 3777 5542 οὕτως

2095 5587 2314 5656 ἐνάγεις
2357 5585 2421 5637 Εἰ
2466 5585 2666 5636 ἐκεῖνοι
2707 5580 2765 5634 δὲ
2805 5580 3011 5636 τούτων
3060 5581 3270 5635 ἐδέοντο
3290 5623 3305 5647 ,
3348 5578 3530 5650 πολλῷ
3574 5575 3776 5648 μᾶλλον

2094 5687 2277 5756 ἡμεῖς.
2300 5684 2364 5736 El
2390 5682 2445 5736 δέ
2469 5678 2722 5751 δεόμεθα,
2750 5679 2825 5750 μὴ
2849 5677 3267 5751 ἀγανακτῶμεν,
3295 5678 3430 5732 ἀλλὰ
3451 5677 3549 5732 καὶ
3572 5674 3774 5748 χαίρω-

2096 5889 2127 5936 h
2155 5823 2188 5934 ζ
2213 5821 2349 5930 ιῖἷιυε
2387 5815 2533 5867 αὐτοῦ
2586 5814 2841 5877 ἀμηχανία.
2929 5818 2953 5848 ε
2993 5814 3051 5867 Ὃ
3097 5815 3313 5873 τοιοῦτος
3357 5817 3456 5867 duo
3489 5813 3630 5866 codd.
3670 5824 3769 5863 non

2131 5900 2154 5935 α
2193 5895 2253 5934 cn
2283 5912 2292 5922 -

2131 5895 2292 5935 abem-
