4148 6152
467 317 571 372 577

467 435 704 492 derunt;
752 426 877 483 hinc
915 421 1058 478 enim
1090 418 1165 474 illi
1195 412 1530 472 sacerdotale
1559 409 1932 466 indumentum
1960 419 2058 474 pa-

469 532 642 586 ratur,
674 521 806 574 tiara
837 512 1150 584 imponitur,
1179 520 1232 564 et
1263 508 1504 576 reliquus
1535 503 1760 556 vestium
1799 507 2020 553 ornatus
2041 537 2058 562 ,

472 624 526 668 at
565 609 831 666 ordinatio
859 606 975 676 ejus
999 604 1118 658 sine
1147 599 1309 655 dubio
1333 595 1405 651 sit
1425 596 1442 626 ¹
1467 609 1484 661 ;
1525 601 1584 648 ut
1611 592 1864 660 deinceps
1888 586 2060 642 admi-

472 704 666 760 rationi
701 701 963 756 habeatur
990 712 1019 750 a
1055 693 1252 749 lamina
1280 704 1440 746 :erea.
1487 686 1650 743 Scitis
1679 684 1847 755 probe
1886 681 2058 735 histo-

470 797 600 850 tiam
631 811 644 848 :
669 792 896 860 ideov‘pte
922 796 1303 858 pnetercurro.
1329 779 1395 834 Et
1418 779 1463 834 si
1493 778 1674 843 vultis,
1705 775 1877 846 prisca
1907 787 1970 827 ea
1991 771 2060 826 de

472 905 526 943 re
554 887 831 942 adeamus.
860 882 991 937 Cain
1022 880 1238 933 fratrem
1270 871 1497 936 occidit;
1537 869 1632 926 sed
1670 868 1748 922 sic
1788 866 1863 921 illi
1893 863 2061 934 magis

471 977 669 1046 profttit
695 993 709 1027 :
753 972 876 1027 audi
907 970 1048 1025 enim
1089 966 1216 1037 quid
1244 963 1424 1019 dicat:
1461 959 1573 1014 Vox
1594 957 1854 1030 sanguinis
1883 953 2060 1046 fratris

470 1043 543 1122 tui
576 1068 763 1120 clamat
791 1063 858 1116 od
889 1077 966 1114 me
999 1057 1149 1130 (Ceu.
1179 1057 1232 1111 4.
1264 1055 1390 1123 10);
1418 1062 1472 1108 et
1501 1065 1688 1106 rursus
1716 1047 1872 1100 alibi:
1917 1043 2058 1100 Sane

472 1160 624 1228 guine
651 1156 832 1210 melius
860 1153 1090 1214 loquente
1115 1163 1266 1218 quam
1291 1144 1414 1198 Abel
1441 1143 1459 1213 (
1483 1140 1640 1196 Hebr.
1680 1137 1769 1193 1‘2.
1803 1135 1928 1204 ‘24).
1972 1132 2060 1228 μ-

475 1226 680 1304 beravit
729 1246 876 1299 illtun
919 1242 988 1296 ah
1033 1243 1236 1294 incerto
1277 1233 1433 1288 futttri
1459 1273 1474 1292 .
1517 1228 1818 1285 mercedem
1863 1226 2054 1278 auxit:

476 1339 722 1392 novimus
747 1348 936 1388 omnes
958 1331 1300 1385 dilectionem
1326 1365 1342 1388 ,
1382 1337 1540 1392 quam
1587 1321 1724 1373 Dens
1750 1332 1874 1384 erga
1909 1315 2056 1367 illum

478 1429 678 1484 habuit.
727 1427 782 1481 lu
813 1441 919 1494 quo
947 1422 1106 1477 besus
1131 1426 1208 1473 est
1231 1459 1246 1482 ,
1279 1414 1436 1470 citius
1464 1423 1636 1466 morte
1670 1404 1953 1462 sublatus?
2005 1404 2058 1457 lu

480 1519 668 1574 nullo:
711 1514 837 1586 quid
874 1513 1050 1575 enim,
1089 1523 1293 1578 qumso,
1336 1505 1609 1558 lucramur
1649 1499 1683 1554 ii
1729 1497 1819 1564 qui
1861 1495 2061 1549 tardius

477 1606 822 1664 utoriuntur?
863 1602 1046 1658 Nihil:
1081 1613 1253 1668 neque
1281 1595 1422 1650 enim
1455 1591 1680 1647 felicitas
1721 1603 1786 1644 ex
1829 1595 1935 1641 vtta
1974 1585 2056 1640 vel

479 1703 636 1771 longa
666 1699 748 1753 vel
787 1694 939 1751 brevi
969 1691 1194 1763 pendet,
1223 1687 1316 1742 sed
1353 1702 1419 1740 ex
1461 1700 1561 1749 eo,
1589 1680 1731 1752 quod
1769 1680 1876 1734 vita
1921 1678 2057 1733 bene

479 1803 710 1847 utamur.
736 1788 869 1843 Tres
897 1785 1044 1856 pueri
1078 1782 1255 1850 injet-ti
1287 1787 1414 1834 sunt
1441 1780 1494 1831 in
1523 1777 1792 1830 fornacem
1815 1813 1830 1834 ,
1855 1779 1910 1826 et
1938 1771 2063 1824 hinc

475 1883 731 1939 clariores
756 1877 928 1933 eﬂ'ecti
957 1885 1082 1930 sunt
1106 1891 1120 1928 :
1153 1870 1334 1926 Daniel
1359 1869 1409 1923 in
1432 1867 1624 1932 lacum,
1655 1874 1711 1921 et
1735 1863 1858 1918 inde
1883 1861 2061 1933 splen-

476 1974 650 2029 didior
676 1970 940 2026 ascendit.

545 2066 599 2120 5.
644 2061 963 2116 Tetttatt'ones
987 2075 1167 2129 magna
1189 2054 1390 2127 pariunt
1411 2051 1560 2105 bona.
1590 2078 1660 2088 ——
1682 2045 1840 2102 Vides
1865 2045 2062 2115 ubique

479 2154 804 2210 tt-ntationes
844 2164 1032 2218 magna
1065 2161 1252 2215 parere
1283 2145 1452 2205 bona,
1492 2141 1650 2195 etiam
1696 2138 1781 2192 hic
1805 2177 1820 2202 ,
1865 2145 2062 2205 quanto

479 2245 648 2314 magis
677 2242 785 2296 illic
809 2242 823 2296 Ξ
859 2240 914 2293 In
947 2237 1144 2292 malitia
1172 2246 1350 2288 autem
1378 2233 1516 2286 idem
1547 2231 1754 2293 evenit,
1785 2244 1846 2281 ac
1873 2228 1916 2280 si
1942 2227 2062 2296 quis

479 2337 738 2391 calamum
780 2332 1020 2392 habens,
1055 2329 1326 2398 prazlietnr
1367 2335 1551 2379 contra
1592 2324 1808 2392 ignem:
1852 2320 2062 2373 videtur

476 2430 621 2485 cnim
654 2429 829 2498 ignem
861 2435 1164 2495 percutere,
1194 2431 1247 2477 et
1275 2421 1446 2488 ipsum
1475 2418 1813 2487 fulgidiorem
1841 2414 1984 2480 facit,
2007 2422 2062 2468 et

477 2520 710 2591 seipsum
741 2516 1028 2572 consumit.
1053 2514 1250 2569 Malitia
1282 2525 1512 2581 namque
1540 2509 1718 2562 virtuti
1750 2505 2060 2561 alimentum

478 2625 533 2668 et
565 2610 863 2682 splendoris
882 2609 1094 2664 occasio
1120 2617 1202 2662 est
1229 2622 1242 2659 :
1279 2619 1401 2658 nam
1429 2603 1538 2658 Deo
1564 2601 1819 2670 injustitia
1849 2609 1905 2654 ιιι
1927 2614 2062 2668 Opus

477 2712 560 2759 est
597 2712 806 2767 tttentc,
853 2717 938 2756 res
967 2708 1166 2754 nostra:
1207 2697 1374 2766 magis
1407 2696 1628 2765 fulgent.
1676 2693 1906 2746 Rursum
1948 2692 2059 2744 dia-

481 2794 634 2848 bolus
663 2808 785 2847 eum
816 2793 921 2846 tale
947 2790 1218 2860 quidpiam
1249 2795 1524 2857 operatur,
1550 2799 1645 2838 eos
1675 2783 1762 2853 qui
1793 2782 2062 2852 patiuntur

477 2883 872 2956 splendidiores
902 2881 1095 2936 reddit.
1129 2879 1239 2933 Cur
1261 2893 1390 2948 ergo
1410 2917 1427 2942 ,
1471 2875 1681 2945 inquies
1707 2915 1722 2940 ,
1765 2873 1818 2927 in
1858 2872 2062 2926 Adamo

482 2990 588 3030 non
623 2975 727 3028 tale
755 2972 1026 3042 quidpiam
1053 2972 1248 3024 factum
1287 2976 1390 3034 est,
1421 2967 1513 3022 sed
1545 2966 1636 3020 ille
1661 2963 2064 3034 iguominiosior

477 3077 562 3122 est
591 3066 870 3121 redditus?
895 3065 1065 3119 Etiam
1097 3063 1186 3116 illo
1215 3071 1273 3115 ut
1291 3077 1388 3132 par
1408 3067 1524 3114 erat
1554 3073 1682 3112 usus
1704 3065 1788 3111 est
1814 3056 1992 3120 Deus;
2017 3055 2060 3108 si

478 3172 608 3211 vero
634 3155 760 3227 quid
785 3170 971 3225 passus
991 3154 1082 3216 sit,
1108 3154 1220 3223 ipse
1239 3152 1475 3222 seipsum
1517 3149 1654 3203 Iazsit
1681 3165 1694 3201 :
1720 3163 1839 3202 nam
1861 3163 1978 3216 quae
1993 3146 2062 3199 ab

477 3248 597 3302 aliis
639 3248 794 3301 nobis
850 3247 1188 3310 inferuntur,
1234 3257 1546 3313 magnorum
1597 3238 1750 3293 nobis
1801 3238 2060 3292 honorum

477 3355 657 3394 causa:
697 3349 855 3401 sunt;
898 3354 1016 3408 qua:
1056 3349 1234 3392 autem
1273 3335 1486 3390 anubis
1529 3333 1658 3404 ipsis
1686 3372 1701 3396 ,
1754 3347 1858 3386 non
1910 3331 2056 3384 item.

475 3431 610 3499 Quia
652 3432 794 3486 enim
837 3430 905 3485 ab
945 3430 1065 3484 aliis
1105 3429 1217 3484 lzesi
1261 3428 1548 3491 dolemus,
1602 3441 1632 3478 a
1681 3424 1833 3478 nobis
1881 3435 2058 3478 autem

477 3521 608 3590 ipsis
635 3537 737 3577 non
770 3522 921 3588 item,
950 3520 1182 3575 ostendit
1213 3519 1348 3574 Deus
1365 3517 1615 3586 ettm,qui
1643 3516 1710 3570 ab
1734 3515 1841 3568 alio
1869 3514 2062 3583 injuste

481 3613 675 3681 patitur
695 3651 711 3678 ,
739 3613 940 3666 clarum
969 3625 1089 3666 esse.
1111 3652 1127 3676 ,
1155 3625 1276 3665 eum
1308 3623 1468 3673 vero,
1496 3607 1583 3677 qui
1615 3607 1847 3676 seipsmn
1878 3605 2058 3668 laedit,

477 3703 730 3758 damnum
757 3701 897 3757 ferre
923 3721 936 3757 :
964 3710 1020 3756 et
1038 3702 1162 3770 jttre
1186 3699 1424 3770 quidem,
1451 3707 1512 3752 ut
1539 3697 1665 3752 illud
1696 3697 1901 3751 fortiter
1928 3696 2069 3750 ferai

481 3811 619 3861 mus,
647 3806 700 3850 ct
732 3811 836 3848 non
864 3795 966 3848 hoc
989 3811 1002 3846 :
1029 3794 1264 3862 alioquin
1291 3806 1420 3846 vero
1442 3799 1609 3844 totum
1633 3789 1701 3844 ibi
1726 3789 1825 3842 fuit
1850 3788 2059 3842 Adami.

479 3887 587 3941 Cur
613 3885 757 3941 enim
783 3884 1044 3939 credebas
1072 3883 1325 3937 mulieri?
1350 3897 1445 3936 cur
1460 3879 1680 3934 adversa
1697 3880 2060 3933 consulentem

482 3991 587 4030 non
619 3974 906 4044 repulisti?
949 3973 1029 4028 Tn
1074 3973 1295 4026 omnino
1327 3973 1377 4026 in
1420 3985 1578 4026 causa
1621 3970 1804 4024 fuisti:
1853 3984 1973 4023 nam
2017 3969 2062 4023 si

481 4065 732 4120 diabolus
764 4065 816 4118 in
846 4078 1010 4118 causa
1040 4073 1206 4127 esset,
1236 4068 1510 4130 oporteret
1533 4075 1724 4114 omnes
1746 4059 1832 4128 qni
1859 4067 2066 4112 tentan-

486 4168 568 4211 tur
597 4158 771 4225 perire
800 4174 813 4210 :
843 4154 984 4225 quod
1013 4155 1055 4208 si
1090 4169 1194 4208 non
1223 4160 1484 4224 pereunt,
1520 4153 1572 4206 in
1600 4152 1754 4206 nobis
1777 4166 1934 4206 causa
1960 4160 2064 4205 est.

484 4253 547 4302 At
568 4255 858 4316 oporteret.
880 4246 1107 4316 inquies,
1123 4259 1313 4298 omnes
1329 4244 1414 4312 qui
1437 4251 1708 4298 tentantur
1724 4249 1867 4295 recte
1885 4257 2062 4311 agere;

482 4338 586 4402 vel,
616 4337 660 4391 si
688 4352 784 4390 nos
809 4337 861 4390 itt
893 4350 1051 4391 causa
1079 4349 1288 4398 sumus,
1320 4333 1480 4388 etiam
1513 4333 1714 4400 absque
1739 4332 1951 4385 diabolo
1979 4349 2069 4400 pu-

484 4428 638 4481 rire?
688 4427 797 4480 lloc
837 4426 998 4480 etiam
1044 4425 1256 4488 evenit;
1304 4439 1426 4478 nam
1471 4422 1622 4476 multi
1667 4422 1824 4476 etiam
1869 4422 2070 4491 absque

484 4517 699 4573 diabolo
739 4532 1002 4588 pereunt:
1048 4533 1220 4586 neque
1261 4516 1401 4572 enim
1431 4514 1523 4569 ille
1547 4514 1726 4568 omnia
1752 4514 1948 4577 efficit,
1976 4514 2068 4568 sed

485 4610 646 4664 etiam
689 4611 853 4664 multa
885 4610 1016 4662 fiunt
1052 4624 1118 4662 ex
1156 4607 1361 4676 ignavia
1391 4612 1572 4659 nostra
1602 4622 1614 4658 :
1643 4603 1783 4674 quod
1811 4604 1852 4657 si
1887 4603 1975 4658 ille
2016 4603 2069 4658 in

486 4715 646 4754 causa
675 4703 764 4760 sit,
797 4700 950 4753 nobis
977 4699 1161 4768 utique
1187 4714 1373 4752 ausam
1402 4694 1779 4765 prtehentibus.
1813 4695 1904 4748 Die
1929 4694 2069 4748 enim

493 4792 990 4859 tnihi,quandonatn
1019 4791 1269 4845 diabolus
1299 4799 1502 4844 tantum
1541 4787 1708 4841 valuit
1748 4788 1798 4841 in
1840 4787 2073 4841 Judatn?

490 4884 712 4950 Quando
739 4888 1009 4953 ingressus
1036 4895 1117 4939 est
1136 4924 1150 4948 ,
1184 4884 1423 4953 inquies,
1453 4881 1506 4936 in
1533 4897 1657 4937 eum
1685 4891 1921 4936 satanas.
1967 4881 2073 4935 Sed

495 4976 612 5031 audi
639 4991 855 5031 causam
886 4995 898 5031 :
929 4977 1052 5046 quia
1085 4976 1167 5029 fur
1193 4985 1308 5030 erat
1332 5017 1349 5042 ,
1397 4983 1454 5030 et
1494 4990 1614 5044 qua:
1653 4973 2075 5029 immittebantur

493 5072 757 5142 portabat.
789 5069 906 5140 Ipse
945 5070 1093 5125 dedit
1133 5071 1206 5123 illi
1248 5070 1410 5124 latum
1443 5066 1774 5138 ingrediendi
1801 5067 2028 5136 spatium
2058 5081 2072 5118 :

493 5172 546 5216 et
575 5162 644 5215 ita
669 5177 775 5215 non
803 5159 1051 5215 diabolus
1079 5160 1285 5213 initimn
1316 5159 1436 5221 dat,
1465 5158 1558 5212 sed
1587 5173 1683 5212 nos
1711 5157 1857 5210 illum
1887 5157 2080 5224 recipi-

495 5268 614 5306 mus
653 5263 709 5307 et
748 5266 1024 5306 vocamus.
1073 5250 1266 5304 Verum
1287 5290 1304 5316 ,
1336 5249 1562 5318 inquies.
1597 5249 1640 5302 si
1669 5249 1754 5302 ille
1779 5263 1883 5303 non
1911 5256 2075 5312 esset,

495 5360 598 5396 nott
627 5342 806 5412 gravia
834 5349 1016 5396 essent
1041 5341 1200 5394 mala.
1243 5339 1346 5395 Sed
1391 5337 1698 5410 inevitabile
1733 5352 1831 5390 nos
1874 5337 2078 5406 suppli-

494 5433 632 5486 cium
663 5441 902 5486 maneret
926 5447 939 5483 :
968 5446 1106 5483 nunc
1133 5429 1298 5492 enim,
1323 5427 1539 5490 dilecte,
1559 5440 1714 5495 pecua
1738 5425 1891 5480 nobis
1915 5426 2081 5480 levior

496 5538 617 5587 est;
661 5523 704 5576 si
749 5537 880 5577 vero
903 5537 968 5576 ex
1003 5521 1155 5575 nobis
1183 5519 1310 5590 ipsis
1335 5516 1516 5588 gravia
1546 5524 1877 5588 patrarcmus
1899 5555 1916 5582 ,
1943 5515 2082 5571 into-

561 5676 580 5710 ι
617 5681 742 5724 Unus
762 5676 1009 5724 habet.....
1035 5672 1380 5735 reddiderunt,
1403 5675 1454 5721 ut
1472 5669 1716 5721 ordinatio
1727 5663 1834 5732 ejus
1859 5679 1960 5720 stne
1987 5672 2076 5721 du-

503 5733 567 5786 bit
596 5736 675 5794 sit,
693 5738 888 5786 omissis
910 5736 1239 5785 internuntius.

1461 298 1527 353 IN
1565 293 1740 351 ACTA
1783 288 2302 347 APOSTOLORUM.
2343 289 2569 346 llOlllL.
2611 285 2744 347 LIV.

3653 291 3749 344 573

2163 402 2388 458 lcrahtte
2413 413 2556 459 esset
2582 403 2924 474 supplicium.
2962 404 3051 458 Die
3082 405 3224 459 enim
3246 443 3262 470 ,
3293 418 3409 468 oro,
3436 404 3480 458 si
3507 421 3568 458 ea
3590 446 3604 470 ,
3633 420 3752 474 qua:

2165 497 2406 564 peccavit
2431 496 2620 562 Adam,
2651 497 2853 566 absque
2879 498 3105 551 consilio
3132 509 3426 568 peccasset,
3457 498 3578 568 quis
3604 498 3750 553 illum

2163 605 2227 644 ex
2256 589 2508 659 periculis
2533 589 2862 658 eripuisset?
2890 589 3021 651 Sed,
3052 592 3279 661 inquies,
3311 608 3416 645 non
3444 602 3742 662 peccasset.

2166 679 2442 735 Undenam
2481 680 2582 736 hoc
2613 681 2742 735 mihi
2771 682 2948 736 dicis?
2977 682 3077 749 Qui
3117 684 3262 736 enim
3304 683 3374 737 ita
3416 683 3595 738 mollis
3634 693 3752 737 erat

2161 780 2213 825 et
2259 771 2514 842 ignavus,
2558 783 2719 842 atque
2754 772 2822 826 ad
2865 772 3222 843 insipientiam
3267 789 3463 842 pronus
3491 815 3506 839 ,
3551 785 3606 829 ut
3647 777 3750 828 tale.

2160 863 2442 918 consilium
2470 864 2758 933 acciperet,
2788 865 2957 919 multo
2983 866 3152 936 magis
3181 867 3339 919 etiam
3379 881 3448 920 ex
3496 879 3555 918 se
3595 863 3750 920 fecis-

2160 963 2260 1008 set.
2305 954 2436 1020 Quis
2464 955 2712 1011 diabolus
2737 955 2956 1026 Josephi
2983 956 3175 1012 fratres
3213 958 3266 1011 in
3296 958 3545 1012 invidiam
3570 958 3752 1029 conje-

2161 1045 2272 1100 cit?
2297 1045 2352 1101 Si
2381 1046 2659 1115 vigilemus
2683 1063 2812 1118 ergo
2830 1088 2846 1112 ,
2873 1048 3053 1103 dilecti
3076 1089 3092 1114 ,
3121 1048 3274 1102 nobis
3298 1048 3543 1102 diabolus
3566 1050 3750 1119 gloria:

2162 1144 2349 1190 auctor
2390 1140 2514 1190 erit.
2559 1137 2696 1205 Quid
2727 1139 2870 1193 enim
2897 1138 3033 1193 Jobo
3061 1140 3243 1193 nocuit
3269 1150 3471 1193 tantum
3501 1140 3638 1193 illius
3664 1155 3749 1193 ar-

2165 1225 2429 1280 tificium?
2461 1227 2536 1281 Ne
2569 1229 2689 1291 hoc,
2721 1229 2950 1298 inquies,
2979 1229 3214 1294 dixeris;
3259 1231 3361 1299 sed
3391 1231 3478 1300 qui
3511 1231 3750 1284 iatirmns

2163 1328 2241 1372 est
2271 1318 2504 1372 ltnditur.
2533 1321 2603 1374 At
2636 1321 2899 1386 infirmus,
2928 1324 3137 1376 etiamsi
3167 1322 3411 1376 diabolus
3439 1337 3542 1376 non
3569 1335 3708 1377 esset
3734 1366 3746 1380 .

2164 1411 2385 1480 perinde
2417 1412 2649 1466 lat-ditur.
2682 1413 2880 1469 Verum
2929 1431 3194 1484 repones,
3237 1416 3406 1485 magis
3444 1431 3565 1471 cum
3609 1417 3752 1470 illius

2162 1503 2477 1586 operatione
2504 1503 2735 1558 l.rditur.
2779 1503 2886 1560 Sed
2913 1505 2957 1560 si
2985 1521 3106 1560 cum
3131 1506 3272 1560 illius
3295 1506 3603 1576 operatione
3631 1522 3750 1575 pee-

2161 1595 2397 1658 caverit,
2424 1595 2602 1650 minus
2631 1597 2884 1664 punitur:
2929 1613 3101 1667 neque
3125 1597 3271 1652 enim
3296 1598 3534 1652 omnium
3565 1613 3752 1668 pecca-

2165 1697 2338 1740 torum
2369 1702 2524 1754 pares
2550 1699 2672 1742 sunt
2699 1703 2891 1758 ptenze.
2939 1688 3015 1744 Ne
3060 1705 3156 1744 nos
3196 1690 3340 1760 ipsos
3380 1690 3746 1760 decipiantus:

2164 1788 2379 1833 nonest
2419 1779 2574 1835 nobis
2601 1781 2653 1834 in
2691 1796 2853 1836 causa
2889 1781 3171 1844 diabolus,
3207 1783 3252 1836 si
3294 1783 3614 1853 vigilemus:
3661 1782 3751 1837 ille

2163 1884 2261 1924 nos
2286 1870 2453 1939 magis
2475 1873 2847 1927 somnolentos
2874 1875 3093 1928 excitat.
3125 1875 3218 1929 Dic
3242 1875 3383 1928 enim
3412 1875 3541 1929 mihi
3569 1875 3588 1945 (
3613 1875 3750 1930 inte-

2165 1959 2264 2014 rim
2310 1960 2423 2014 bare
2449 1963 2858 2032 examinemus)
2885 1981 2898 2016 :
2928 1981 3034 2018 non
3063 1965 3170 2018 sint
3195 1963 3352 2031 ferte,
3383 1980 3489 2019 non
3519 1965 3588 2019 sit
3611 1965 3752 2020 aeris

2164 2050 2506 2120 intemperies
2528 2091 2545 2116 ,
2579 2068 2684 2106 non
2709 2053 2927 2108 morbus
2953 2094 2967 2117 ,
2999 2069 3102 2108 nou
3130 2054 3346 2110 dolores
3373 2097 3388 2119 ,
3417 2071 3522 2108 non
3550 2071 3750 2110 "le0-

2165 2155 2250 2195 res
2272 2182 2286 2204 ,
2319 2156 2415 2197 nec
2445 2142 2571 2212 quid
2612 2144 2828 2199 simile:
2879 2146 2970 2214 qni
3014 2161 3117 2200 non
3152 2146 3320 2201 factus
3364 2158 3507 2202 esset
3546 2147 3751 2201 homo?

2166 2233 2367 2302 Porcus
2393 2235 2563 2305 magis
2586 2251 2746 2306 quam
2775 2238 2936 2292 homo
2954 2281 2970 2304 ,
3002 2249 3060 2292 ut
3086 2239 3295 2294 videtur
3323 2240 3450 2292 mihi
3471 2279 3487 2305 ,
3532 2239 3748 2304 fuisset,

2163 2325 2298 2393 gula:
2329 2335 2381 2379 et
2421 2326 2668 2380 ebrietati
2708 2342 2768 2382 se
2809 2327 3014 2383 dedens
3039 2371 3053 2391 ,
3094 2339 3149 2384 et
3188 2346 3216 2383 a
3261 2331 3408 2384 nullo
3449 2347 3633 2385 eorum
3674 2331 3752 2383 in-

2165 2416 2571 2472 terturbaretur.
2597 2418 2748 2474 Nunc
2790 2436 2917 2474 vero
2958 2438 3100 2476 cura:
3127 2431 3182 2478 et
3222 2423 3628 2486 Sullit'ilttditles,
3651 2439 3747 2493 gy-

2164 2507 2430 2561 mnasium
2469 2517 2524 2563 et
2563 2509 2745 2564 schola
2772 2510 3124 2580 philosophia:
3153 2524 3277 2567 sunt
3308 2514 3422 2580 illi,
3462 2524 3622 2584 atque
3662 2513 3748 2567 in—

2162 2596 2372 2650 stitutio
2396 2598 2616 2665 Optima.
2638 2598 2750 2654 Hoc
2779 2600 2903 2654 item
2933 2602 3204 2670 perpende
3229 2621 3239 2654 :
3269 2602 3527 2657 educetur
3551 2604 3670 2672 quis
3697 2603 3748 2657 in

2162 2689 2308 2758 regia
2336 2687 2452 2743 sine
2487 2689 2674 2744 dolore
2710 2705 2810 2745 nec
2847 2706 2973 2745 cura
3013 2693 3094 2746 vel
3143 2693 3499 2749 sollicitudine
3521 2734 3536 2758 ,
3579 2709 3751 2762 neque

2164 2778 2256 2832 ira:
2301 2780 2385 2832 vel
2433 2779 2706 2834 infortunii
2749 2782 3092 2836 occasionem
3137 2780 3371 2848 habeat,
3421 2783 3516 2837 sed
3570 2786 3746 2838 omnia

2163 2885 2280 2939 qua:
2300 2869 2667 2936 concupiverit
2688 2870 2846 2926 faciat
2884 2881 2937 2925 et
2976 2883 3312 2941 asseqttatur,
3336 2887 3629 2943 on'utesque
3655 2875 3749 2929 ha-

2170 2963 2292 3017 beat
2317 2963 2418 3017 sibi
2448 2963 2848 3033 obsequentes:
2896 2979 3072 3018 annon
3100 2966 3226 3020 talis
3265 2964 3428 3020 homo
3454 2969 3597 3021 omni
3639 2967 3747 3022 fera

2165 3055 2584 3111 irrationabilior
2610 3057 2701 3112 fiet
2723 3057 2747 3110 ?

2234 3153 2595 3207 Calamitatum
2622 3153 2833 3207 utilitas.
2853 3183 2922 3193 —
2939 3153 3088 3209 Nune
3117 3169 3243 3208 vero
3268 3154 3403 3208 sicut
3432 3169 3525 3209 cos
3551 3169 3748 3210 acuens

2165 3257 2262 3297 nos
2292 3252 2419 3296 sunt
2457 3244 2827 3297 calamitates:
2877 3244 2998 3297 ideo
3030 3259 3290 3313 pauperes
3327 3245 3581 3298 divitibus
3624 3255 3750 3299 sunt

2164 3345 2219 3388 ttt
2269 3335 2556 3404 plurimum
2604 3335 2998 3403 sapientiores,
3051 3344 3234 3406 utpote
3278 3336 3457 3390 mullis
3503 3336 3750 3391 fluctibus

2163 3429 2335 3482 vexati
2366 3437 2419 3483 et
2459 3428 2757 3484 exercitati.
2800 3427 2934 3482 Nam
2973 3443 3168 3498 corpus
3197 3429 3429 3482 otiosum
3459 3437 3514 3483 et
3553 3430 3747 3483 immo-

2164 3529 2274 3573 tum
2300 3561 2315 3586 ,
2345 3520 2548 3574 morbis
2574 3520 2864 3575 obnoxium
2891 3529 2977 3574 est
3005 3529 3058 3574 et
3086 3520 3326 3574 deforme
3349 3537 3365 3586 ;
3397 3521 3538 3590 quod
3569 3531 3746 3576 autem

2164 3619 2414 3667 movetur
2457 3621 2512 3665 et
2555 3609 2764 3664 laborat
2804 3609 3200 3681 aﬂligiturque,
3243 3612 3526 3666 formosius
3569 3621 3653 3666 est
3693 3621 3751 3666 et

2163 3705 2385 3759 sanius:
2423 3703 2523 3758 hoc
2549 3704 2708 3758 etiam
2741 3704 2794 3757 in
2831 3705 3008 3758 anima
3041 3705 3277 3772 reperire
3306 3715 3408 3759 est.
3455 3705 3519 3758 Et
3550 3703 3746 3759 ferrum

2164 3796 2208 3850 si
2235 3795 2436 3864 jaceat,
2466 3794 2766 3863 rubiginem
2793 3794 3062 3849 contrahit
3089 3810 3104 3854 ;
3136 3795 3179 3848 si
3209 3805 3522 3850 exerceatur
3548 3805 3748 3858 autem,

2164 3887 2452 3957 splendet:
2501 3886 2855 3956 similiterque
2885 3886 3062 3940 anima
3103 3902 3222 3956 quae
3264 3896 3538 3951 movetur;
3585 3888 3751 3940 motio

2163 3987 2340 4034 autem
2380 3979 2572 4032 animze
2611 3987 2736 4033 sunt
2777 3977 3108 4033 calamitates
3141 3996 3154 4031 :
3191 3987 3442 4048 artesque
3487 3989 3748 4048 pereunt,

2166 4071 2211 4125 si
2254 4086 2360 4124 non
2393 4078 2677 4124 moveatur
2717 4070 2930 4134 anima;
2963 4081 3212 4123 movetur
3240 4077 3420 4123 autem
3447 4109 3462 4133 ,
3493 4082 3614 4121 cum
3645 4083 3750 4121 non

2167 4161 2344 4214 omnia
2377 4160 2533 4228 plana
2573 4169 2736 4213 sunt:
2769 4167 3014 4212 movetur
3043 4159 3185 4212 enim
3229 4173 3259 4211 a
3299 4157 3601 4212 contrariis.
3643 4157 3752 4212 Nisi

2167 4250 2433 4306 contraria
2455 4250 2583 4312 sint,
2613 4249 2745 4303 nihil
2764 4256 2850 4303 est
2871 4248 3014 4316 quod
3038 4256 3249 4300 moveat
3272 4265 3284 4301 :
3314 4248 3543 4315 exempli
3569 4264 3752 4310 causa,

2169 4345 2213 4400 si
2245 4342 2426 4396 omnia
2466 4351 2651 4396 essent
2677 4340 2898 4408 pulchre
2928 4339 3062 4394 facta
3088 4380 3102 4399 ,
3133 4354 3236 4392 non
3269 4340 3530 4394 inveniret
3568 4357 3660 4396 ars
3704 4344 3754 4396 in

2170 4451 2276 4506 quo
2305 4441 2630 4488 moveretur.
2661 4431 2750 4487 Sic
2781 4432 2863 4500 (α)
2895 4429 2962 4502 [si
2998 4431 3174 4483 omnia
3202 4441 3380 4484 essent
3411 4430 3567 4485 nobis
3605 4431 3754 4500 juxta

2171 4527 2500 4580 voluntatem
2531 4533 2789 4588 nostram,
2820 4538 2925 4576 non
2957 4521 3222 4576 inveniret
3249 4522 3446 4587 anima,
3473 4522 3614 4577 unde
3644 4539 3757 4577 tuo-

2174 4628 2388 4674 veretur
2418 4616 2549 4691 :]si
2583 4618 2778 4687 ubique
2808 4624 3130 4686 gestaretur,
3178 4615 3380 4684 ingrata
3423 4625 3588 4672 esset.
3639 4616 3755 4670 Non

2176 4709 2324 4766 vides
2349 4724 2448 4764 nos
2476 4708 2711 4764 nutrices
2735 4707 2924 4776 jubere
2955 4722 3060 4760 non
3089 4721 3302 4775 seraper
3329 4706 3557 4762 infantes
3584 4718 3762 4776 gesta-

2176 4819 2255 4868 re,
2286 4816 2357 4856 ne
2387 4802 2436 4854 in
2471 4801 2608 4854 hanc
2650 4798 3094 4854 consuetudinem
3143 4797 3438 4858 deducant.
3482 4812 3618 4852 neve
3661 4797 3752 4850 im-

2179 4891 2400 4947 becilles
2432 4890 2599 4944 fiant?
2629 4888 2754 4944 Ideo
2779 4887 2870 4956 qui
2911 4888 2964 4941 in
3003 4896 3291 4954 conspectu
3321 4897 3598 4955 parentum
3625 4886 3749 4940 edu-

2177 4991 2400 5046 cantur,
2441 4979 2764 5034 infirmiores
2792 4985 2955 5042 sunt,
3004 4993 3069 5032 eo
3109 4977 3250 5046 quod
3300 4977 3668 5044 intempestiva
3707 4987 3766 5031 et

2181 5071 2532 5127 immoderata
2578 5084 2706 5125 cura
2755 5070 2965 5124 illorum
3013 5067 3374 5123 valetudinem
3428 5067 3753 5136 pessumdet.

2181 5164 2362 5218 Bonus
2388 5171 2470 5218 est
2497 5161 2652 5216 dolor
2694 5160 3005 5217 moderatus
3027 5201 3044 5226 ,
3088 5160 3226 5214 bona
3251 5175 3376 5214 cura
3402 5199 3418 5226 ,
3460 5160 3594 5213 bona
3643 5159 3764 5215 talis

2182 5262 2392 5325 egestas
2417 5270 2431 5306 :
2477 5251 2642 5306 fortes
2668 5253 2811 5307 enim
2844 5265 2942 5305 nos
2968 5251 3194 5306 reddunt
3225 5265 3344 5320 qua:
3381 5250 3516 5303 bona
3547 5259 3604 5304 et
3638 5266 3764 5305 eou-

2186 5344 2348 5400 traria
2377 5352 2541 5408 sunt;
2574 5342 2670 5397 sed
2705 5358 2892 5397 eorum
2925 5342 3132 5411 singula
3161 5342 3206 5396 si
3235 5341 3579 5401 immoderata
3619 5342 3727 5395 sint
3750 5384 3765 5404 ,

2187 5434 2452 5506 perdunt,
2497 5433 2748 5504 aliudque
2791 5434 3034 5498 emollit,
3077 5433 3219 5488 aliud
3266 5433 3538 5500 dirumpit.
3581 5433 3767 5487 Nonne

2187 5529 2336 5586 vides
2363 5527 2636 5584 Christum
2663 5526 2958 5597 discipulos
2982 5541 3108 5581 suos
3136 5525 3215 5580 sic
3243 5525 3520 5580 instituere
3544 5525 3568 5577 ἶ)
3610 5525 3666 5580 Si
3698 5526 3767 5579 illi

2253 5670 2325 5730 (η)
2344 5677 2456 5726 Qua:
2480 5669 2609 5730 inter
2632 5667 2844 5730 uncinos
2856 5663 3162 5730 clauduntur,
3176 5677 3272 5714 non
3283 5661 3515 5729 leguntur
3529 5665 3575 5712 in
3589 5663 3769 5725 atomi,

2183 5726 2397 5790 suntque
2423 5744 2526 5792 sum
2549 5729 2644 5779 leta
2671 5743 2698 5776 e
2721 5728 2866 5776 Codd.
2894 5734 2944 5774 et
2962 5726 3103 5775 savii.
