4148 6152
402 309 508 365 379

408 426 491 480 his
520 424 767 495 egebant,
800 423 969 479 multo
996 425 1163 493 magis
1193 439 1310 481 uos.
1339 423 1394 480 Si
1423 438 1521 479 nos
1549 439 1786 494 egemus,
1815 438 1882 479 ne
1909 423 1989 477 iu-

405 516 724 585 dignetnur,
769 515 863 570 sed
910 514 1235 585 gaudeamus
1283 514 1336 569 in
1381 515 1845 569 tribulationibus:
1892 513 1990 567 hu-

404 606 639 674 iusmodi
688 621 917 676 namque
948 607 1232 675 pharmaca
1273 616 1403 660 sunt
1447 607 1643 660 nostris
1684 604 1991 660 vulneribus

409 698 757 767 congruentia
782 738 796 761 ,
827 697 930 751 alia
957 697 1169 767 quidem
1199 712 1410 760 amara,
1444 697 1545 751 alia
1582 712 1710 753 vero
1748 697 1936 752 blanda
1972 711 1986 748 :

414 795 699 854 utrumque
737 796 916 842 autem
961 788 1208 853 illorum,
1254 788 1299 842 si
1339 787 1513 843 solum
1553 788 1714 843 fuerit
1739 830 1755 855 ,
1805 789 1992 843 inutile

407 888 511 931 est.
557 876 793 933 Gratiam
842 893 967 948 ergo
1009 879 1119 933 Deo
1148 878 1439 935 habeamus
1480 880 1548 934 de
1588 879 1669 934 his
1698 880 1988 935 omnibus:

410 984 514 1023 uou
541 970 683 1023 enim
714 970 831 1023 siue
860 984 1020 1024 causa
1051 968 1164 1024 haec
1188 971 1312 1025 sinit
1342 970 1607 1035 accidere,
1636 971 1728 1025 sed
1756 970 1822 1024 ad
1853 971 1994 1025 utili-

411 1069 572 1114 tatem
618 1061 914 1114 animarqu
957 1070 1277 1116 nostrarmn.
1326 1062 1546 1117 Gratum
1591 1078 1718 1132 ergo
1754 1064 1991 1117 animum

1153 307 1212 364 S.
1251 308 1527 367 JOANNIS
1563 309 2037 367 CIIRYSOSTOMI
2063 312 2377 373 ARCHIEP.
2416 317 2949 378 CONSTANTINOP.

3584 327 3688 383 380

2097 427 2431 497 exhibentes,
2458 434 2658 502 gratias
2683 449 2923 505 agamus,
2951 434 3331 505 glorificetnus,
3364 434 3575 494 fortiter
3602 456 3689 495 re-

2097 519 2351 576 sistamus
2371 564 2387 590 ,
2404 533 2818 595 rtemporaneam
2844 540 3030 582 eorum
3060 529 3323 583 rationem
3353 531 3650 602 cogitantes
3670 573 3688 601 ,

2100 619 2155 664 et
2182 611 2247 665 ad
2276 612 2447 668 futura
2469 626 2700 670 mentem
2731 626 2968 672 nostram
2996 619 3366 688 extendentes,
3389 631 3446 676 ut
3474 632 3525 677 et
3549 638 3692 693 prae-

2101 704 2277 757 sentia
2308 704 2520 760 fortiter
2547 706 2782 762 feramus
2802 752 2817 775 ,
2848 720 2903 763 et
2934 708 3106 763 futura
3134 710 3272 765 bona
3300 713 3555 783 consequi
3603 714 3690 768 die

2098 809 2347 864 gnemur,
2379 798 2548 867 gratia
2577 809 2631 853 et
2660 800 2983 870 benignitate
3010 800 3274 872 Uuigeniti
3305 802 3443 871 ejus,
3474 806 3688 874 quicum

2103 887 2246 943 Patri
2284 898 2339 945 et
2379 890 2600 962 Spiritui
2636 903 2823 948 sancto
2849 895 3016 964 gloria
3043 935 3058 961 ,
3105 897 3385 965 imperium
3412 940 3428 963 ,
3476 899 3647 953 honor
3669 943 3685 967 ,

2103 994 2243 1035 nunc
2272 990 2324 1036 et
2353 996 2588 1052 semper,
2617 992 2671 1037 et
2703 985 2753 1038 iu
2782 985 2973 1039 smcula
3003 987 3338 1041 saeculorum.
3374 992 3566 1043 Amen.

1795 1276 2139 1339 HOMILIA
2183 1275 2311 1337 LV.

406 1424 535 1482 Car.
566 1428 654 1483 28.
681 1444 732 1481 v.
764 1429 849 1483 l7.
886 1428 1009 1482 Post
1037 1439 1135 1483 tres
1156 1439 1321 1483 autent
1341 1430 1451 1484 dies
1475 1429 1761 1482 convocavit
1797 1426 1991 1481 Paulus

482 1519 1001 1589 primosJudteornm.
1029 1519 1253 1590 Cumque
1278 1521 1641 1581 convenissent,
1665 1519 1861 1572 dicebat
1880 1518 1952 1571 eis
1971 1532 1992 1571 :

491 1611 598 1665 Viri
623 1613 833 1680 fratres,
867 1628 957 1681 ego
985 1628 1099 1665 cum
1128 1610 1257 1665 nihil
1284 1611 1597 1664 contrarium
1628 1611 1854 1679 fecissem
1883 1625 1992 1677 po—

481 1704 603 1773 pulo
630 1705 705 1757 vel
730 1703 907 1773 patriis
933 1702 1173 1764 moribus,
1203 1703 1396 1755 vinctus
1434 1702 1498 1755 ab
1523 1700 1854 1770 Jerosolymis
1882 1709 1988 1751 tra-

480 1796 619 1849 ditus
643 1812 756 1849 sum
786 1797 837 1849 in
865 1812 1042 1849 manus
1066 1794 1409 1850 Romanorum
1436 1810 1457 1848 :
1482 1793 1571 1849 18.
1595 1792 1809 1862 quicum
1838 1792 1992 1843 inter-

477 1889 790 1955 rogationem
815 1887 876 1938 de
899 1903 975 1939 me
1002 1887 1309 1949 habuissent,
1338 1884 1567 1938 volebant
1602 1900 1681 1936 me
1704 1883 1985 1945 dimittere,

478 1994 538 2029 eo
572 1977 707 2045 quod
736 1978 877 2031 nulla
901 1988 1029 2031 esset
1064 1994 1218 2030 causa
1245 1977 1419 2029 mortis
1449 1976 1501 2027 in
1528 1991 1624 2027 me.
1651 1974 1738 2028 l9.
1771 1971 1988 2027 Contra-

477 2073 755 2129 dicentibus
778 2081 944 2124 autem
972 2070 1190 2133 .ludtris,
1223 2078 1427 2121 coactus
1454 2083 1566 2121 sum
1596 2066 1856 2135 appellare
1881 2065 1990 2119 Ca:-

480 2180 645 2216 sarem
676 2179 693 2216 :
720 2180 821 2215 non
850 2163 997 2232 quasi
1034 2163 1242 2214 habeant
1274 2160 1338 2213 de
1365 2176 1466 2229 quo
1493 2167 1689 2228 gentem
1720 2173 1879 2210 meam
1908 2172 1994 2209 ac-

481 2270 674 2307 cusem.
702 2253 792 2306 20.
832 2251 1047 2321 PrOpter
1074 2252 1203 2305 hanc
1226 2267 1342 2322 ergo
1374 2266 1579 2304 causam
1609 2248 1846 2301 advocavi
1869 2264 1955 2300 vos
1973 2288 1991 2313 ,

482 2355 538 2396 ut
569 2344 786 2396 viderem
816 2353 863 2396 et
888 2343 1174 2412 alloquerer
1206 2358 1224 2395 :
1245 2350 1449 2412 prapter
1467 2356 1607 2410 spem
1629 2341 1761 2393 enim
1785 2338 1993 2392 lsi-aclis

483 2442 659 2486 catena
680 2434 777 2486 hac
805 2433 1144 2486 circumdatus
1170 2448 1303 2486 sum.

484 2528 538 2579 l.
584 2525 695 2578 lloc
724 2524 859 2578 bene
881 2533 933 2578 et
960 2533 1317 2592 congruenter
1338 2524 1476 2593 agit,
1511 2537 1631 2577 cum
1663 2522 1870 2591 primos
1895 2521 1992 2574 .ln-

412 2618 654 2671 daeorum
683 2615 748 2670 ad
775 2616 1098 2686 colloquium
1129 2624 1411 2670 convocat.
1437 2614 1658 2668 Volebat
1685 2613 1827 2667 enim
1853 2621 1907 2666 et
1935 2626 1995 2666 se

414 2721 469 2765 et
489 2711 623 2764 alios
644 2725 670 2761 a
700 2709 923 2764 crimine
954 2709 1181 2763 liberare
1214 2726 1229 2763 :
1254 2723 1330 2771 se.
1355 2722 1421 2761 ne
1444 2715 1784 2761 accusaretur
1800 2705 1868 2759 ab
1892 2705 1991 2771 eis,

412 2813 464 2855 et
485 2802 973 2863 hucillisuooeret;
1004 2800 1123 2853 illos
1152 2813 1298 2861 vero,
1320 2814 1386 2852 ue
1409 2806 1575 2851 totum
1597 2797 1831 2866 ipsorum
1850 2794 1996 2848 vide-

412 2902 557 2946 retur
582 2906 722 2945 esse.
748 2891 1051 2957 Verisimile
1078 2890 1221 2945 enim
1253 2899 1334 2943 est
1364 2888 1732 2957 percrebuisse
1764 2886 1991 2949 famam,

413 2985 585 3052 ipsmn
619 2998 647 3035 a
677 2982 874 3035 Judaeis
902 2982 1153 3034 traditum
1181 2979 1383 3042 fuisse;
1421 2980 1577 3046 idque
1607 2977 1902 3032 sufﬁciebat
1927 2975 1993 3029 ad

414 3077 725 3130 tcrrendum
749 3075 889 3127 illos.
912 3072 1100 3126 Statim
1130 3086 1258 3139 ergo
1290 3071 1413 3124 huic
1449 3072 1525 3124 rei
1554 3071 1806 3133 occurrit,
1835 3078 1889 3122 et
1917 3069 1995 3122 sic

411 3167 645 3234 seipsnm
676 3173 952 3218 mansuete
982 3162 1237 3217 defendit.
1266 3161 1395 3215 Vide
1421 3176 1578 3230 porro
1607 3159 1877 3230 quomodo
1903 3160 1998 3215 de—

411 3260 710 3314 fensionem
739 3272 890 3310 suam
917 3264 1080 3320 texat,
1120 3255 1345 3309 dicens:
1385 3252 1493 3306 Viri
1532 3255 1731 3324 fratres,
1763 3268 1855 3322 ego
1881 3268 1995 3305 cum

412 3352 542 3406 nihil
585 3351 896 3404 contrarium
937 3350 1164 3421 fecissem
1208 3348 1396 3419 papula
1425 3347 1501 3400 vel
1530 3346 1707 3416 patriis
1736 3344 1989 3410 moribus,

410 3444 603 3496 vinctus
630 3458 695 3495 ea:
715 3440 1052 3509 Jerosolyntis
1079 3441 1296 3493 traditus
1319 3438 1506 3491 suntin
1532 3453 1708 3489 manus
1738 3434 1996 3488 "onmno-

409 3551 543 3587 rum.
577 3534 774 3587 Deinde
801 3535 921 3602 quia
952 3531 1241 3585 verisimile
1270 3538 1385 3582 erat
1413 3528 1619 3597 aliquos
1641 3543 1706 3580 ex
1736 3526 1993 3580 auditori-

412 3624 516 3679 bus
550 3624 783 3676 dicturos
821 3637 939 3676 esse
974 3640 985 3672 :
1016 3618 1294 3688 Quomodo
1322 3618 1571 3673 credatur
1600 3628 1653 3673 te
1688 3618 1805 3673 sino
1833 3632 1991 3671 causa

412 3713 662 3768 traditum
698 3712 901 3765 fuisse?
924 3712 1125 3766 addidit
1156 3729 1168 3764 :
1205 3711 1303 3777 Qui
1328 3726 1443 3763 cum
1468 3710 1905 3781 interroyationem
1932 3709 1995 3763 de

412 3822 493 3858 me
525 3803 831 3869 habuissent,
856 3803 1118 3856 voluerunt
1148 3819 1224 3855 me
1250 3802 1542 3866 dimittere;
1580 3817 1641 3857 ac
1670 3802 1715 3857 si
1744 3803 1947 3856 diceret
1974 3818 1988 3853 :

411 3898 697 3953 Testantur
719 3897 1077 3950 Romanorum
1110 3897 1396 3965 principes,
1426 3896 1513 3965 qui
1541 3906 1594 3950 et
1622 3896 1993 3950 examinarnnt

410 4002 501 4042 mc
522 3996 575 4041 et
597 3988 877 4043 voluerunt
912 3987 1199 4041 dimittere.
1227 3987 1508 4055 Quomodo
1536 4002 1666 4055 ergo
1692 4002 1797 4040 non
1828 3986 1989 4041 diml-

408 4079 633 4134 serunt?
660 4076 1127 4133 Contradicentibus
1152 4078 1369 4141 Judtcis,
1400 4078 1587 4148 inquit.
1627 4078 1811 4132 Viden’
1853 4093 1991 4147 quo-

409 4172 568 4226 modo
590 4172 800 4225 illorum
823 4171 1044 4226 crimina
1070 4171 1292 4225 minuit?
1317 4172 1371 4225 Si
1397 4172 1536 4225 enim
1568 4186 1764 4241 augere
1792 4170 1990 4225 voluis-

406 4273 507 4327 set,
528 4273 732 4331 poterat
750 4263 1115 4318 vehementius
1130 4278 1370 4332 carpere.
1388 4262 1615 4333 Ideoque
1626 4264 1702 4318 sic
1718 4263 1988 4333 loquutus,

405 4357 640 4412 Subdidit
674 4375 687 4411 :
721 4358 937 4412 Coactus
963 4375 1077 4412 sunt
1103 4358 1365 4427 appellare
1390 4356 1657 4411 Ctesarem.
1711 4356 1891 4426 Itaque
1921 4356 1986 4409 ad

408 4450 616 4503 veniam
669 4451 847 4502 omnia
895 4457 1155 4518 spectant.
1218 4447 1418 4502 Deinde
1462 4463 1529 4501 ne
1574 4448 1695 4515 quis
1745 4448 1982 4502 diceret:

405 4533 542 4601 Quid
576 4534 752 4602 igitur,
800 4548 869 4586 an
900 4543 954 4586 ut
982 4547 1077 4587 eos
1112 4547 1352 4597 accuses,
1394 4532 1508 4585 haec
1540 4531 1753 4585 fecisti?
1784 4532 1886 4585 Per
1922 4547 1985 4585 ea

405 4639 525 4692 qua:
550 4622 718 4690 addit,
751 4622 851 4676 hoc
884 4623 1121 4691 corrigit,
1153 4621 1337 4675 dicens
1365 4637 1378 4673 :
1408 4618 1529 4673 Non
1576 4621 1719 4688 quasi
1751 4620 1982 4686 habeam,

406 4714 471 4769 de
497 4730 595 4784 quo
619 4723 818 4785 gentem
842 4728 1004 4766 meam
1031 4728 1296 4775 accusem;
1323 4711 1417 4765 sed
1447 4721 1504 4765 ut
1534 4711 1824 4778 periculum
1851 4712 1986 4766 effu-

402 4823 607 4879 gerem.
663 4807 892 4876 Propter
934 4820 1030 4861 vos
1065 4807 1207 4862 enim
1254 4806 1354 4859 hae
1393 4816 1577 4861 mtena
1625 4803 1986 4860 circumdatus

402 4914 544 4954 sum.
576 4896 804 4954 Tantum
845 4899 1017 4963 abest,
1055 4898 1244 4967 inquit,
1278 4909 1337 4953 ut
1366 4898 1581 4952 inimico
1604 4912 1730 4969 erga
1760 4912 1855 4952 vos
1880 4899 1982 4953 sint

400 4991 602 5055 animo,
634 4988 813 5045 uthac
840 4999 1026 5044 catena
1052 4988 1410 5045 circumdatus
1430 4990 1550 5044 sim.
1568 4990 1702 5059 Quid
1728 5005 1856 5061 ergo
1872 4991 1987 5046 illi?

400 5080 665 5137 Sermone
702 5083 818 5150 ejus
856 5082 927 5136 ita
970 5082 1111 5151 capti
1154 5090 1298 5148 sunt,
1331 5090 1389 5135 ut
1416 5098 1521 5136 non
1549 5084 1723 5139 solum
1756 5099 1852 5154 pro
1886 5099 1978 5148 se,

399 5175 495 5229 sed
524 5175 683 5229 etiam
712 5188 808 5244 pro
837 5174 1078 5244 cognatis
1121 5174 1233 5228 suis
1275 5174 1643 5232 defensionem
1686 5186 1978 5247 pararent:

397 5266 539 5335 quod
563 5266 844 5322 declarans
864 5266 940 5321 sic
966 5266 1138 5335 pergit
1166 5282 1177 5317 :
1208 5282 1228 5316 ι
1251 5264 1328 5320 llli
1352 5282 1479 5321 vero
1508 5268 1757 5323 dixerunt
1776 5268 1825 5322 ci
1849 5267 1976 5322 :21.

398 5357 507 5411 Nos
547 5371 722 5426 neque
756 5357 941 5411 literas
984 5355 1054 5411 de
1082 5366 1133 5411 te
1172 5357 1474 5425 accepimus
1500 5372 1529 5411 a
1556 5358 1758 5423 Indica,
1805 5374 1980 5429 neque

394 5446 692 5502 adveniens
729 5448 923 5517 aliquis
955 5447 1177 5501 fratrum
1204 5449 1465 5504 nuntiavit
1498 5459 1590 5504 aut
1618 5450 1865 5520 loquutus
1894 5457 1979 5504 est

395 5537 594 5607 aliquid
627 5537 697 5593 de
743 5547 794 5593 te
831 5539 977 5594 mali.
1025 5538 1115 5593 22.
1159 5538 1429 5609 Rogamus
1459 5549 1635 5594 autem
1663 5555 1692 5593 a
1721 5548 1773 5595 te
1791 5540 1976 5594 audire

393 5644 511 5697 qua)
542 5630 706 5683 sentis
740 5648 752 5682 :
787 5646 909 5685 nam
931 5632 998 5687 de
1020 5642 1165 5688 secta
1190 5634 1287 5689 hac
1313 5644 1496 5689 notum
1523 5644 1602 5688 est
1634 5634 1808 5697 nobis,
1832 5631 1973 5702 quod

395 5720 589 5788 ubique
613 5720 662 5772 ci
685 5723 1083 5778 contradicitur.
1115 5742 1134 5776 ι
1182 5727 1254 5779 Ac
1281 5727 1323 5778 si
1351 5727 1589 5778 dicerent
1623 5743 1638 5781 :
1668 5724 1850 5792 Neque
1880 5738 1972 5792 per

2100 1424 2303 1490 literas,
2333 1440 2506 1494 neque
2533 1440 2628 1495 per
2659 1424 2903 1481 homines
2938 1426 3307 1496 significarent
3330 1429 3527 1499 aliquid
3559 1431 3686 1486 mali

2097 1514 2163 1570 de
2192 1525 2242 1570 te
2270 1535 2283 1569 :
2317 1525 2551 1571 attamen
2583 1526 2687 1570 ate
2714 1517 2899 1573 audire
2926 1519 3191 1572 volumus.
3224 1518 3316 1575 Sic
3348 1536 3689 1593 praeoccupa-

2098 1617 2223 1663 runt
2265 1609 2584 1663 sententiam
2625 1608 2899 1666 declarare
2943 1626 3112 1677 suam,
3147 1622 3199 1666 et
3228 1613 3417 1667 aiunt:
3448 1613 3588 1668 Nam
3626 1617 3690 1669 de

2098 1710 2232 1752 secta
2256 1698 2558 1760 hacnotum
2597 1709 2671 1754 est
2717 1699 2879 1767 nobis,
2920 1702 3058 1769 quod
3109 1702 3290 1773 ubique
3334 1704 3381 1757 ei
3422 1707 3687 1759 contradi-

2098 1790 2251 1844 citur.
2303 1789 2416 1845 Non
2468 1791 2678 1858 dicunt,
2733 1792 3195 1861 Coutradicimus;
3244 1795 3361 1861 sed,
3407 1795 3684 1851 Contradi-

2098 1880 2262 1946 citur,
2305 1889 2362 1936 et
2406 1896 2468 1936 se
2514 1882 2583 1937 ab
2624 1884 2964 1940 accusatione
3010 1885 3313 1942 absolvunt.
3349 1906 3370 1941 ι
3415 1888 3507 1944 25.
3553 1889 3685 1945 Cum

2099 1972 2706 2029 constituisseutautetn
2737 1975 2784 2029 ei
2820 1974 2986 2039 diem,
3035 1988 3301 2032 venerunt
3342 1980 3409 2033 ad
3459 1995 3582 2034 eum
3632 1982 3685 2034 iu

2102 2061 2386 2132 hospitium
2420 2065 2629 2133 plurimi
2661 2083 2674 2118 :
2703 2066 2894 2135 quibus
2935 2069 3239 2136 exponebat
3276 2071 3568 2125 testificatus
3597 2089 3687 2126 rc-

2100 2168 2259 2222 gnum
2291 2154 2417 2219 Dei,
2459 2156 2796 2226 suadensque
2826 2158 2904 2212 eis
2930 2157 2997 2212 de
3023 2158 3148 2213 Jesu
3174 2175 3239 2213 ex
3273 2160 3451 2231 Moyse
3480 2172 3534 2215 et
3566 2179 3689 2231 pro-

2099 2244 2296 2314 phctis,
2321 2260 2349 2297 a
2374 2261 2529 2300 mane
2554 2261 2720 2316 usque
2749 2247 2815 2301 ad
2841 2264 3144 2317 vesperam.
3165 2249 3254 2305 2i.
3278 2251 3341 2305 Et
3361 2253 3449 2306 alii
3473 2253 3686 2322 quidem

2100 2334 2390 2390 credebant
2422 2337 2506 2401 iis,
2537 2353 2655 2406 qua:
2681 2337 3018 2403 diei-bantur,
3068 2340 3156 2393 alii
3198 2356 3325 2395 vero
3371 2359 3475 2396 nun
3502 2344 3689 2397 crede-

2101 2425 2247 2480 bant.
2282 2445 2300 2478 ι
2338 2425 2526 2481 Viden’
2550 2428 2819 2496 quomodo
2848 2443 2950 2483 uoa
2994 2432 3174 2485 Statim
3222 2434 3530 2500 I'L'Splllltlll,
3584 2435 3681 2487 sed

2100 2517 2242 2572 diem
2275 2519 2379 2574 illis
2400 2519 2650 2573 audiendi
2680 2522 2959 2576 constituit
2992 2541 3004 2574 :
3038 2540 3159 2577 cum
3187 2535 3364 2580 autem
3389 2529 3683 2590 venissent,

2101 2606 2401 2664 disserebat
2440 2626 2469 2663 a
2515 2611 2629 2681 lege
2676 2612 2871 2683 Moysls
2927 2623 2981 2669 et
3023 2628 3051 2666 a
3096 2615 3369 2684 prophetis
3403 2634 3415 2669 :
3452 2635 3470 2667 ι
3504 2617 3569 2671 Et
3596 2620 3689 2672 alii

2101 2701 2411 2767 credebant,
2445 2703 2532 2757 alii
2570 2719 2696 2758 vero
2742 2722 2845 2758 nou
2873 2706 3183 2761 credebant.
3224 2708 3315 2761 25.
3345 2707 3476 2763 Cum
3509 2719 3687 2764 autem

2103 2807 2208 2846 non
2258 2805 2441 2848 essent
2470 2797 2870 2851 consentientes
2899 2798 3040 2852 inter
3068 2814 3149 2863 sc,
3194 2799 3558 2865 discedebant,
3606 2801 3688 2854 di-

2100 2892 2257 2938 cente
2306 2884 2473 2938 Paulo
2518 2902 2680 2939 unum
2720 2888 2942 2943 verbum
2979 2906 2992 2942 :
3026 2889 3169 2944 Bene
3209 2889 3436 2959 Spiritus
3472 2903 3689 2947 sanctus

2103 2974 2352 3046 loquutus
2382 2989 2463 3032 est
2485 2995 2579 3047 per
2599 2979 2788 3033 Isaiam
2816 2984 3129 3052 prophetam
3156 2984 3222 3037 ad
3253 2993 3429 3053 patres
3453 2993 3687 3052 nostros,

2101 3067 2191 3121 26.
2239 3070 2422 3124 dicens
2473 3088 2486 3124 :
2542 3070 2684 3126 Vade
2724 3073 2790 3125 ad
2839 3075 3092 3142 populum
3136 3075 3318 3141 istum,
3363 3087 3418 3132 et
3443 3077 3530 3133 dic
3558 3078 3684 3132 eis:

2102 3160 2247 3215 Aure
2270 3162 2521 3227 audietis,
2570 3174 2623 3217 et
2656 3179 2759 3217 non
2791 3164 3137 3234 intelligetis;
3182 3178 3236 3221 et
3263 3169 3505 3224 videntes
3536 3170 3685 3227 vide-

2102 3251 2246 3315 bitis,
2297 3263 2347 3306 et
2390 3268 2495 3307 non
2538 3256 2864 3325 percipietis.
2910 3257 3000 3311 27.
3033 3258 3389 3313 lucrassatum
3424 3270 3505 3313 est
3542 3262 3687 3315 enim

2101 3355 2197 3396 cor
2222 3342 2400 3411 p0puli
2431 3342 2612 3411 hujus,
2660 3355 2713 3399 et
2749 3347 2969 3401 auribus
3010 3348 3244 3416 graviter
3285 3350 3587 3414 audierunt,
3634 3362 3691 3405 et

2100 3435 2287 3489 oculos
2310 3449 2438 3490 suos
2473 3447 2927 3506 compresserunt,
2977 3454 3043 3494 ne
3074 3440 3211 3495 forte
3236 3441 3450 3495 videant
3482 3443 3687 3505 oculis,

2100 3532 2155 3579 et
2198 3525 2415 3579 auribus
2454 3526 2690 3588 audiant,
2740 3538 2794 3581 et
2844 3528 3007 3583 corde
3038 3530 3354 3599 intelligant,
3384 3541 3438 3585 et
3465 3547 3693 3587 conver-

2102 3622 2279 3669 tantur
2302 3623 2357 3670 et
2384 3629 2566 3670 sauem
2598 3633 2692 3672 eos
2717 3637 2737 3669 ι
2776 3616 2926 3687 (lsai.
2948 3620 2998 3673 6.
3026 3619 3059 3673 9
3077 3629 3122 3673 et
3140 3620 3249 3691 10).
3278 3621 3411 3675 Cum
3445 3622 3687 3679 discede-

2099 3705 2228 3759 b'ant
2254 3705 2392 3761 inter
2417 3722 2477 3762 se
2511 3707 2923 3775 dissentientes,
2976 3720 3101 3765 tunc
3143 3710 3327 3766 Isaiam
3372 3715 3684 3782 prephctam

2098 3798 2277 3864 alTert,
2327 3814 2432 3853 nou
2477 3808 2537 3854 ut
2581 3801 2685 3854 illis
2726 3802 3080 3867 convicietur,
3129 3803 3223 3858 sed
3255 3815 3313 3857 ut
3348 3804 3446 3858 hos
3489 3808 3685 3860 firmet.

2097 3889 2235 3957 Quid
2264 3890 2337 3944 ait
2368 3890 2498 3945 ille?
2532 3892 2671 3945 Aure
2695 3892 2932 3957 audietis,
2957 3903 3004 3946 et
3030 3910 3128 3946 non
3151 3895 3462 3965 intelligetis.
3493 3895 3686 3951 Viden'

2097 3981 2366 4050 quomodo
2404 3981 2524 4034 illos
2558 3983 2702 4036 omni
2732 3984 2883 4038 venia
2914 3983 3161 4053 indignos
3203 3986 3477 4039 ostendit?
3517 3987 3685 4056 siqui-

2096 4072 2217 4127 dem
2249 4073 2562 4142 pr0phctam
2601 4073 2860 4129 habentes
2883 4075 2994 4144 jam
3023 4076 3148 4129 olim
3182 4075 3298 4131 h'ec
3329 4079 3683 4146 praenuntian-

2099 4172 2227 4229 tem,
2284 4180 2390 4219 nou
2437 4168 2682 4221 Conversi
2734 4176 2875 4221 sunt.
2932 4168 3063 4222 Cum
3104 4178 3284 4222 autem
3331 4168 3477 4232 dicit,
3522 4168 3680 4236 Bene,

2096 4257 2331 4312 ostendit
2360 4258 2479 4311 illos
2500 4258 2643 4327 juste
2683 4259 2886 4328 cjectos
2914 4259 3098 4315 fuisse.
3143 4263 3316 4331 Atque
3342 4262 3408 4316 ita
3431 4264 3683 4332 gentibus

2096 4349 2276 4403 datum
2318 4360 2423 4415 est,
2476 4359 2535 4403 ut
2586 4350 2687 4404 hoc
2730 4353 3044 4422 mysterium
3086 4364 3494 4423 cognoscerent.
3538 4355 3681 4410 Nihil

2096 4439 2290 4493 mirum
2321 4442 2473 4510 igitur
2502 4443 2543 4493 si
2572 4441 3011 4496 contradicebant
3037 4460 3053 4498 :
3083 4444 3183 4497 hoc
3214 4443 3323 4513 jam
3368 4446 3496 4499 olim
3546 4462 3681 4516 prm-

2093 4533 2290 4588 dictum
2317 4532 2505 4588 fuerat.
2533 4535 2732 4589 Deinde
2758 4536 2928 4590 zelqu
2955 4551 3139 4590 eormn
3168 4545 3423 4605 provocat
3448 4554 3513 4593 ex
3544 4554 3678 4608 gen-

2095 4624 2257 4692 tibus,
2308 4626 2421 4682 hzec
2455 4628 2744 4697 sulijicieus
2776 4646 2789 4682 :
2828 4647 2847 4679 ι
2887 4629 2976 4683 28.
3012 4627 3205 4682 Notum
3256 4644 3383 4698 ergo
3410 4631 3479 4684 sit
3501 4631 3674 4695 vobis,

2093 4722 2341 4791 quoniam
2386 4722 2629 4791 gentibus
2675 4721 2895 4774 missum
2938 4720 3156 4775 esthoc
3196 4721 3433 4776 salutare
3462 4720 3576 4787 Dei,
3625 4734 3675 4777 et

2093 4811 2193 4881 ipsi
2231 4810 2470 4864 audient.
2516 4810 2606 4865 29.
2642 4809 2850 4865 Etcum
2893 4811 3005 4864 haic
3041 4810 3286 4874 dixisset,
3334 4812 3579 4867 exierunt
3609 4814 3679 4866 ab

2091 4915 2159 4956 eo
2178 4900 2375 4967 Juda-i,
2407 4900 2625 4955 multam
2659 4900 2918 4955 habentes
2948 4901 3085 4955 inter
3107 4917 3165 4955 se
3191 4903 3560 4970 qua-Stioncm.
3585 4902 3676 4958 30.

2089 4991 2281 5046 Mansit
2307 5001 2487 5046 autem
2520 4992 2735 5047 biennio
2758 5001 2869 5046 toto
2898 4993 2948 5045 iu
2980 5008 3076 5046 suo
3105 4993 3391 5059 conducto,
3421 5004 3475 5047 et
3503 4995 3677 5049 susci-

2090 5085 2271 5155 piebat
2320 5099 2511 5139 omnes
2558 5086 2646 5155 qui
2695 5085 3130 5155 ingrediebantur
3153 5086 3219 5139 ad
3248 5102 3393 5150 eunt,
3418 5086 3508 5141 51.
3540 5103 3680 5156 pnn-

2087 5177 2274 5232 dicaus
2320 5194 2539 5247 regnum
2590 5178 2705 5242 Dei,
2754 5191 2806 5233 et
2844 5178 3043 5233 docens
3071 5194 3189 5248 qurc
3219 5188 3343 5232 sunt
3367 5179 3435 5233 de
3462 5178 3677 5233 Christo

2086 5269 2213 5325 Jesu
2242 5285 2363 5324 cum
2388 5270 2533 5324 omni
2565 5269 2781 5336 fiducia,
2808 5272 3022 5325 nemine
3057 5271 3395 5341 prohibente.
3428 5290 3451 5324 ιη
3479 5273 3677 5326 Amen.

2086 5360 2184 5416 llic
2213 5361 2445 5417 ostendit
2471 5362 2689 5417 demum
2734 5363 3035 5419 libertatem
3075 5379 3225 5418 suam
3257 5382 3272 5419 :
3307 5363 3491 5418 Roma:
3517 5379 3673 5418 nam-

2084 5467 2189 5521 que
2210 5452 2327 5506 sine
2355 5452 2738 5523 impedimento
2768 5454 3042 5524 praedicat,
3070 5456 3160 5525 qui
3193 5457 3248 5510 in
3274 5456 3456 5511 Jndma
3485 5455 3675 5526 prohi-

2085 5543 2226 5597 bitus
2256 5543 2445 5605 fuerat,
2471 5555 2526 5598 e:
2554 5547 2748 5599 mansit
2780 5546 2998 5601 biennio
3022 5546 3380 5602 docensillie.

2154 5632 2207 5686 2.
2247 5633 2350 5690 Sed
2375 5635 2650 5704 superiora
2683 5648 3007 5707 repetamus.
3032 5636 3255 5706 Propter
3285 5638 3415 5690 hanc
3435 5652 3667 5701 causam,

2084 5725 2271 5796 inquit,
2302 5725 2541 5779 advocavi
2570 5743 2654 5781 vos
2694 5738 2746 5781 ut
2785 5729 3029 5794 riderent;
3060 5728 3109 5781 id
3136 5738 3238 5793 est,
3269 5726 3386 5782 ideo
3424 5727 3476 5781 id
3502 5724 3668 5792 volui,
