4086 6164
461 370 558 429 381

461 501 530 542 Ic
565 482 795 554 cuipiam
827 483 1014 538 liceret
1053 495 1140 537 me
1178 494 1451 546 accusare,
1481 489 1534 535 ct
1567 494 1684 550 qna‘.
1711 477 1765 533 in
1802 482 2036 532 mentem

457 576 708 632 venerint
735 575 919 630 dicere
948 591 963 629 :
991 574 1113 644 quia
1140 587 1328 627 manus
1350 587 1535 627 eorum
1555 570 1735 642 eﬂ’ugi,
1768 578 1819 624 et
1845 567 1912 622 ad
1938 566 2040 622 hoc

457 667 603 722 veni.
655 665 769 721 Non
823 673 881 717 ut
917 663 1039 717 aliis
1075 663 1213 717 mala
1249 661 1521 727 inferrem,
1551 659 1647 715 Sed
1677 669 1733 714 ut
1760 660 1873 728 ipse
1901 656 2038 711 mala

452 758 772 826 effngerem,
806 756 950 810 veni.
997 754 1074 809 Illi
1122 769 1250 809 vero
1294 765 1562 824 reponunt
1594 769 1607 805 :
1643 752 1900 821 Rogamus
1934 767 1966 803 a
1996 759 2043 803 te

414 890 430 911 ,
458 849 636 903 audire
673 863 788 917 qua:
823 847 999 902 sentis.
1035 845 1166 903 Vide
1208 846 1330 901 illos
1374 845 1704 901 mansuetius
1734 845 2039 914 loquentes.

464 937 743 1009 Rogamus,
771 937 1035 1007 inquiunt,
1064 947 1120 991 et
1142 938 1325 991 volunt
1348 937 1507 991 etiam
1534 950 1628 1006 pro
1655 935 1758 989 illis
1779 935 2039 988 rationem

452 1030 686 1087 reddere
726 1048 742 1085 :
785 1029 908 1084 ideo
952 1030 1239 1084 constituta
1284 1028 1373 1083 die
1413 1036 1696 1083 venerunt.
1759 1026 1872 1081 Hoc
1914 1040 2042 1080 vero

457 1136 710 1192 magnum
755 1130 872 1175 erat
904 1129 1299 1189 argumentum,
1348 1119 1491 1189 quod
1514 1133 1573 1173 se
1604 1119 1702 1188 ipsi
1730 1116 2045 1173 damnarent

457 1227 633 1281 neque
681 1210 781 1265 sibi
834 1209 1078 1265 fiderent.
1105 1209 1238 1265 Nam
1284 1211 1329 1265 si
1370 1209 1645 1274 fidisseut,
1696 1209 1886 1263 saltem
1913 1222 2043 1261 con-

460 1304 757 1362 venissent.
784 1310 845 1356 ut
870 1302 1043 1370 ipsum
1075 1316 1257 1357 secum
1293 1300 1664 1364 attrahercnt;
1695 1313 1836 1354 nunc
1864 1308 2042 1353 autem

455 1408 579 1449 cum
622 1408 728 1447 non
780 1391 1043 1457 fiderent,
1107 1391 1241 1461 pigri
1296 1391 1511 1445 fuerunt
1559 1389 1625 1445 ad
1680 1389 2040 1445 veniendum:

457 1484 695 1555 alioquin
722 1499 851 1537 vero
878 1483 1062 1548 etiam,
1106 1482 1248 1550 quod
1293 1496 1441 1551 szepe
1472 1481 1813 1546 tentaverint,
1858 1490 2043 1535 osten-

456 1576 653 1632 derunt
686 1590 747 1629 se
771 1575 1019 1629 fiduciam
1053 1588 1158 1627 non
1193 1572 1408 1627 habere.
1443 1571 1510 1625 Et
1547 1572 1639 1625 alii
1670 1571 1871 1641 quidem
1896 1569 2045 1625 dictis

458 1667 748 1732 credebant,
781 1665 973 1735 inquit,
1001 1665 1091 1717 alii
1120 1680 1220 1717 non
1247 1663 1537 1729 credebant,
1572 1672 1621 1717 et
1657 1678 1771 1716 cunt
1798 1679 1899 1716 non
1925 1679 2046 1716 con-

457 1758 634 1827 tardes
674 1766 865 1821 essent,
894 1754 1258 1819 discedebant;
1301 1753 1352 1808 id
1379 1764 1482 1820 est,
1513 1769 1621 1808 non
1650 1752 1934 1807 credentes
1961 1769 2043 1807 re-

459 1849 742 1904 cedebant.
779 1846 913 1901 Vide
937 1845 1207 1915 quomodo
1253 1859 1394 1898 nunc
1435 1860 1543 1898 non
1575 1843 1627 1898 in
1656 1843 1804 1898 illum
1836 1853 2045 1898 struant

459 1941 712 2005 insidias;
746 1938 841 1994 sed
872 1940 923 1992 in
949 1936 1155 2003 .ludaea,
1183 1936 1270 1991 ubi
1296 1936 1448 2006 quasi
1473 1936 1524 1990 in
1559 1934 1840 2006 tyrannide
1868 1943 2041 1991 erant.

458 2033 566 2090 Cur
593 2047 723 2103 ergo
745 2031 884 2086 Deus
913 2028 1146 2100 providit
1214 2038 1272 2083 ut
1326 2028 1418 2082 illo
1468 2027 1740 2098 migraret.
1757 2025 1994 2096 dixitque
2024 2043 2040 2079 :

462 2124 696 2191 Festina,
723 2124 802 2177 exi
841 2140 904 2176 ex
938 2121 1224 2175 Jerusalem
1277 2121 1415 2190 (Act.
1441 2120 1531 2174 29..
1577 2119 1708 2191 18)?
1750 2118 1816 2176 Ut
1856 2135 2041 2174 eorum

464 2221 697 2289 nequitia
746 2219 1156 2281 ostenderetur,
1208 2231 1419 2271 necnon
1490 2215 1685 2269 veritas
1747 2213 2045 2285 prophetia:

464 2309 681 2375 Christi,
709 2310 849 2381 quod
881 2326 985 2364 non
1037 2308 1419 2364 sustinebunt:
1450 2316 1611 2377 utque
1645 2320 1833 2361 omnes
1872 2304 2041 2360 disce-

466 2411 607 2467 rent,
649 2404 819 2473 ipsum
867 2402 933 2457 ad
984 2400 1292 2471 patiendum
1338 2414 1461 2455 esse
1496 2407 1759 2468 paratum,
1791 2397 1948 2467 idque
1977 2396 2043 2450 ad

458 2497 877 2555 consolationem
905 2504 1148 2565 vergeret
1174 2508 1360 2548 eorum
1382 2475 1403 2551 .’
1426 2492 1512 2560 ιιιιί
1545 2499 1699 2545 erant
1728 2491 1778 2544 in
1808 2488 1990 2544 Jutltca
2027 2506 2045 2544 :

461 2608 582 2646 nam
603 2599 658 2646 et
694 2590 765 2643 ibi
813 2589 974 2642 multa
1003 2587 1139 2641 mala
1180 2601 1371 2657 passus
1419 2593 1522 2639 est.
1565 2583 1619 2636 Si
1653 2599 1780 2638 vexo
1823 2583 2043 2638 Judaica

462 2682 783 2753 prmdicans,
827 2690 971 2735 tanta
1001 2693 1192 2749 passus
1225 2679 1327 2737 sit.
1373 2677 1417 2729 si
1460 2674 1802 2744 praedicasset
1847 2675 2043 2730 Christi

460 2774 715 2845 gloriam,
760 2771 1030 2842 quomodo
1061 2770 1111 2825 id
1147 2769 1427 2824 tulissent?
1470 2767 1605 2843 cum
1633 2781 1693 2821 se
1716 2766 2042 2836 puritiearet,

462 2882 568 2919 nun
589 2873 706 2920 erat
732 2861 1047 2926 tolerabilis,
1077 2859 1347 2932 quomodo
1366 2870 1544 2914 autem
1574 2858 1869 2927 przedieans
1911 2858 2046 2913 tole-

463 2956 648 3013 rabilis
669 2955 888 3010 fuisset?
915 2955 1022 3010 Cur
1045 2953 1309 3009 accusatis
1337 2950 1478 3006 nos?
1514 2949 1641 3020 quid
1667 2949 1927 3005 audistis?
1955 2948 2047 3004 Ni-

462 3048 537 3104 hil
573 3048 678 3103 tale
702 3047 857 3103 dixit.
893 3047 1050 3101 Visus
1078 3055 1180 3113 est,
1211 3053 1265 3101 et
1292 3059 1480 3099 omnes
1508 3042 1868 3114 exasperavit.
1916 3042 2046 3098 Jure

460 3155 589 3211 ergo
609 3141 852 3210 gentibus
892 3139 1041 3194 salus
1067 3152 1326 3194 concessa
1354 3147 1457 3202 est,
1486 3136 1608 3207 jure
1636 3136 1823 3207 procul
1846 3137 2044 3191 missus

461 3241 579 3295 est,
628 3229 735 3285 illic
774 3230 1021 3300 gentibus
1065 3229 1470 3299 praedicaturus.
1523 3225 1802 3297 Perpende
1836 3237 2040 3293 autem,

466 3322 666 3391 primos
692 3320 904 3375 JlldtDOS
938 3319 1195 3384 advocat;
1242 3328 1460 3389 postea,
1511 3326 1566 3371 ut
1614 3331 1698 3371 res
1743 3316 1848 3372 illis
1891 3331 2044 3371 mon-

463 3412 673 3477 stravit,
715 3419 840 3465 tunc
883 3409 951 3464 ad
1001 3420 1191 3479 gentes
1247 3408 1411 3464 venit.
1460 3407 1612 3476 Quod
1655 3423 1783 3463 vero
1822 3406 2042 3473 dixerit,

467 3500 607 3556 Dixit
637 3502 881 3571 Spiritus,
912 3500 1044 3555 nihil
1076 3502 1269 3554 mirum
1303 3516 1317 3553 :
1353 3515 1473 3553 nam
1513 3499 1734 3569 angelus
1760 3499 1955 3553 dicitur
1983 3513 2044 3554 ea

461 3593 660 3654 dicere,
710 3608 829 3661 qua:
881 3590 1140 3645 Dominus
1192 3590 1446 3661 loquitur.
1489 3588 1624 3643 Bene
1664 3590 1810 3650 dixit,
1856 3589 2043 3658 inquit,

464 3683 690 3752 Spiritus
753 3692 977 3735 sanctus.
1014 3681 1120 3737 Sed
1166 3680 1250 3735 hic
1295 3682 1391 3744 sic,
1426 3682 1536 3735 illic
1571 3696 1675 3735 non
1714 3681 1860 3734 item.
1897 3681 2048 3735 Alio-

462 3775 589 3843 quin
620 3790 747 3829 vero
772 3790 893 3828 cum
913 3776 983 3828 de
1011 3774 1327 3844 quibusdam
1360 3774 1429 3826 ab
1457 3773 1649 3843 angelo
1681 3773 1839 3828 dictis
1873 3773 2047 3843 loqui-

465 3882 603 3933 mur,
629 3881 733 3921 non
764 3866 1006 3928 dicimus,
1037 3865 1178 3921 Bene
1207 3865 1340 3920 dixit
1383 3865 1640 3934 angelus;
1671 3863 1764 3918 sed
1796 3864 1940 3919 Bene
1970 3864 2052 3920 di-

464 3961 540 4014 xit
561 3961 837 4021 Dominus,
870 3958 1014 4013 Bene
1042 3957 1174 4014 dixit
1200 3957 1462 4028 Spiritus;
1491 3972 1553 4011 ac
1581 3957 1624 4010 si
1656 3956 1901 4012 diceret:
1931 3955 2047 4011 Non

465 4051 595 4104 mihi
644 4049 802 4105 fidem
845 4050 1070 4120 negatis,
1119 4049 1214 4104 sed
1255 4048 1497 4118 Spiritui.
1547 4047 1729 4118 Itaque
1770 4047 1874 4103 hoc
1919 4046 2048 4102 olim

467 4142 608 4198 Deus
634 4141 969 4211 pneviderat.
1006 4141 1106 4208 Qui
1131 4157 1245 4194 cum
1271 4140 1667 4202 examinassent,
1698 4139 1888 4209 inquit,
1916 4140 2045 4193 cole

466 4234 587 4289 bant
609 4250 689 4287 me
713 4233 998 4298 dimittere;
1047 4232 1099 4288 id
1140 4242 1242 4293 est,
1276 4231 1407 4286 nihil
1447 4230 1793 4287 damnatione
1832 4231 2051 4302 dignum

468 4326 802 4381 invenientes
843 4326 894 4379 io
945 4339 1052 4390 me,
1093 4324 1375 4379 absolvere
1404 4322 1671 4378 volebant.
1717 4321 1930 4377 Etcum
1958 4321 2053 4377 de-

467 4417 707 4472 buissent
735 4417 882 4470 illum
914 4416 1143 4486 eripere,
1173 4413 1510 4469 tradiderunt
1539 4413 1589 4466 in
1622 4427 1813 4467 manus
1850 4412 2052 4466 Roma-

470 4523 661 4563 norum
686 4523 702 4571 ;
732 4518 788 4562 et
819 4515 960 4561 tanta
989 4516 1108 4561 erat
1137 4505 1396 4561 libertatis
1423 4503 1770 4570 abundantia,
1804 4512 1861 4557 ut
1891 4505 2054 4558 etiam

471 4599 569 4666 ipsi
596 4598 957 4652 condemnare
986 4611 1090 4650 non
1120 4602 1362 4666 possent,
1413 4593 1506 4648 sed
1539 4593 1772 4647 vinctum
1817 4592 2053 4649 tradide-

472 4696 615 4743 runt.
664 4687 877 4743 Coactus
916 4704 1050 4753 sum,
1103 4687 1293 4757 inquit,
1340 4685 1602 4755 appellare
1631 4685 1917 4749 Caesarem;
1955 4702 2055 4740 non

470 4782 614 4851 quasi
648 4781 858 4836 habeam
902 4780 965 4833 de
1000 4796 1098 4845 quo
1143 4789 1340 4850 gentem
1374 4793 1537 4832 meam
1577 4793 1842 4842 accusem;
1873 4777 1923 4831 id
1951 4787 2052 4845 est,

475 4890 579 4927 ιιιιιι
608 4882 664 4927 ιιι
695 4873 832 4926 mala
859 4872 979 4925 aliis
1000 4870 1250 4936 inferam,
1274 4869 1367 4924 sed
1393 4878 1450 4922 nt
1471 4884 1558 4922 me
1585 4884 1613 4922 a
1638 4869 2053 4935 malisliberein,

477 4965 580 5017 hoc
609 4962 730 5026 feci,
757 4978 854 5018 nec
883 4962 1092 5023 lubens,
1124 4960 1216 5015 sed
1244 4971 1482 5015 coactus.
1520 4958 1652 5013 Vide
1672 4967 1957 5014 verborum
1981 4972 2058 5012 ta-

474 5055 835 5108 ntiliaritatem
863 5070 874 5104 :
903 5068 1007 5105 non
1035 5067 1094 5106 se
1121 5051 1374 5116 alienum,
1404 5049 1497 5104 sed
1541 5050 1814 5119 proprium
1850 5049 1955 5103 illis
1984 5046 2060 5103 la-

470 5146 566 5208 cit,
590 5160 713 5199 cum
741 5142 892 5205 dicit,
926 5142 1100 5196 Gentis
1129 5157 1269 5195 mete.
1298 5143 1499 5195 Rursus
1525 5151 1701 5194 autem
1731 5141 1920 5209 dogma
1951 5140 2061 5194 dis-

477 5238 723 5293 seminat.
748 5235 859 5291 Nec
886 5236 1040 5300 dixit,
1071 5251 1174 5287 non
1201 5249 1426 5298 accuso;
1459 5233 1573 5297 sed,
1605 5233 1724 5288 Non
1749 5233 1904 5287 habeo
1925 5233 2061 5302 quod

479 5344 728 5392 accusem,
775 5326 877 5382 etsi
928 5336 1032 5379 tam
1078 5325 1258 5394 gravia
1303 5338 1513 5394 passus.
1543 5323 1684 5377 Nihil
1709 5339 1839 5394 ergo
1871 5326 2059 5377 horum

479 5421 626 5487 dicit,
655 5436 725 5478 ne
748 5434 1014 5476 onerosus
1036 5429 1180 5474 esset
1209 5436 1221 5471 :
1252 5434 1425 5487 neque
1450 5417 1514 5470 ad
1543 5419 1767 5487 gratiam
1802 5419 1942 5491 ipsis
1974 5423 2060 5474 to.

479 5515 571 5586 qui
595 5514 827 5571 videtur.
862 5512 988 5568 Ideo
1010 5527 1115 5566 non
1146 5519 1330 5579 aperte
1356 5509 1613 5578 loquitur,
1642 5509 1735 5563 sed
1764 5510 2065 5566 subindicat

481 5614 686 5661 tantum
727 5614 784 5661 et
828 5602 1192 5674 praetercurrit
1219 5618 1233 5654 :
1264 5601 1364 5654 hoc
1402 5600 1544 5654 enim
1580 5600 1790 5654 interim
1821 5603 2063 5656 studebat

482 5697 790 5763 ostendere,
812 5695 955 5766 quod
982 5693 1238 5749 Romanis
1261 5693 1406 5747 illum
1436 5691 1667 5745 vinctum
1700 5692 2057 5746 tradidissent.

487 5789 563 5845 Illi
591 5804 723 5844 vero
751 5803 873 5845 cum
912 5787 1033 5843 illos
1060 5786 1313 5841 damnare
1343 5791 1396 5840 et
1423 5799 1678 5838 accusare
1718 5783 2062 5851 eportttissct,

1402 362 1468 421 IN
1507 360 1684 420 ACTA
1724 353 2244 417 APOSTOLORUM.
2285 357 2514 417 HOMIL.
2556 360 2665 418 LV.

3624 368 3733 424 τμθί

2144 473 2321 542 potius
2349 475 2643 532 defendunt
2669 490 2762 531 eos
2789 494 2804 543 ;
2846 476 2939 533 sed
2974 492 3067 549 per
3095 493 3178 548 ea,
3208 478 3400 550 quibus
3430 481 3729 552 apologiatn

2142 575 2453 631 c0utexuut,
2479 567 2622 635 ipsos
2648 560 2921 623 acCUsant.
2949 567 3140 623 Notum
3168 581 3241 625 est
3265 572 3428 634 nobis,
3461 573 3727 642 inquiunt,

2142 655 2280 724 quod
2301 656 2484 729 ubique
2508 660 2897 714 contradicitur.
2926 660 3032 715 Sed
3060 663 3267 718 etiamsi
3302 665 3403 718 hoc
3432 666 3651 736 conting
3669 677 3726 731 vt,

2144 756 2377 801 attamen
2406 748 2603 820 ubique
2626 751 2865 807 creditis.
2900 750 3094 819 Quibus
3122 757 3422 822 exponebat,
3471 758 3660 828 inquit,
3703 777 3733 810 ιι

2145 836 2254 906 lege
2277 846 2325 890 et
2351 839 2629 907 praphetis.
2665 841 2794 896 Vide
2821 857 3008 896 rursus
3030 842 3180 896 illum
3209 862 3312 900 nun
3346 863 3375 899 a
3417 848 3603 918 signis,
3637 849 3732 903 sed

2145 941 2174 980 a
2202 927 2318 998 lege
2365 939 2418 983 et
2459 932 2731 1000 prophetis
2774 947 2836 987 os
2883 933 2991 989 illis
3028 935 3299 1001 obturare,
3329 948 3382 992 et
3407 940 3601 1009 ubique
3629 942 3730 994 hoc

2145 1030 2325 1086 agere,
2367 1020 2467 1074 etsi
2498 1020 2684 1076 liceret
2723 1024 2874 1092 signa
2921 1022 3136 1089 facere;
3187 1025 3280 1080 sed
3328 1027 3582 1098 deinceps
3627 1046 3730 1083 non

2148 1110 2269 1165 fidei
2314 1126 2400 1167 res
2440 1113 2626 1169 fuisset
2658 1131 2671 1168 :
2706 1131 2955 1186 magnum
2996 1118 3137 1172 enim
3171 1128 3287 1173 erat
3325 1119 3535 1190 signum
3563 1140 3589 1174 a
3621 1122 3734 1192 lege

2146 1211 2198 1256 et
2225 1202 2498 1272 prophetis
2529 1204 2817 1263 disserere.
2853 1207 3083 1274 Deinde,
3128 1225 3194 1265 ne
3223 1220 3372 1278 putes
3401 1226 3511 1266 rem
3541 1228 3731 1267 novant

2147 1309 2288 1362 esse,
2334 1296 2476 1366 quod
2514 1297 2591 1353 illi
2629 1300 2892 1356 increduli
2921 1314 3220 1367 manerent,
3258 1304 3466 1360 inducit
3497 1308 3729 1377 prophe-

2148 1384 2275 1439 tiam
2305 1385 2570 1443 dicentem
2603 1407 2616 1444 :
2648 1391 2787 1446 Aure
2808 1392 3046 1461 audietis,
3071 1404 3126 1448 et
3144 1411 3244 1450 non
3269 1396 3596 1469 intelligetis;
3617 1416 3730 1453 ma-

2145 1476 2226 1547 gis
2252 1493 2412 1544 nune,
2444 1480 2637 1551 inquit,
2667 1497 2826 1552 quam
2860 1493 2986 1540 tunc
3015 1504 3029 1539 :
3058 1495 3105 1540 et
3136 1486 3383 1555 t'idcbitis,
3414 1501 3460 1543 et
3487 1506 3588 1544 non
3620 1507 3733 1559 per-

2146 1567 2385 1637 cipietis;
2416 1571 2584 1640 magis
2617 1588 2758 1628 nunc
2793 1589 2949 1644 quam
3003 1586 3150 1630 tunc.
3192 1576 3391 1634 Contra
3428 1580 3735 1637 incredulos

2147 1657 2270 1712 illos
2293 1658 2407 1715 hate
2442 1661 2581 1717 dicta
2615 1662 2849 1732 fuerant,
2891 1682 3011 1736 quae
3038 1683 3143 1722 non
3166 1670 3519 1727 conviciantis
3555 1685 3728 1735 cr.mt.

2146 1750 2240 1805 sed
2267 1751 2648 1809 oﬂ'endiculttm
2680 1758 2936 1813 tollentis.
2983 1758 3177 1815 Nolunt
3203 1778 3322 1832 ergo
3347 1764 3414 1817 sit
3451 1765 3609 1832 vobis,
3648 1767 3730 1822 in-

2145 1845 2281 1913 quit,
2308 1845 2443 1911 quod
2470 1847 2523 1900 in
2558 1857 2730 1918 gentes
2771 1867 2984 1905 nussum
3022 1862 3096 1906 est
3135 1853 3360 1909 salutare
3394 1855 3489 1910 Dei
3517 1874 3535 1911 :
3560 1860 3648 1928 qui
3689 1869 3735 1913 et

2145 1936 2372 1991 audient.
2400 1935 2508 1993 Cur
2533 1955 2661 2010 ergo
2690 1941 2844 1996 nobis
2871 1942 3148 2014 loqueris?
3178 1960 3246 1999 an
3279 1946 3392 2003 luce
3420 1950 3737 2005 nesciebas?

2150 2027 2342 2094 Etiam,
2370 2029 2464 2084 sed
2490 2038 2547 2084 ut
2570 2030 2801 2086 credatis
2833 2033 3095 2089 rationem
3125 2036 3325 2105 reddo,
3368 2047 3422 2093 et
3450 2049 3508 2093 ut
3536 2041 3733 2097 nemini

2146 2118 2267 2173 dein
2295 2135 2499 2174 ansam.
2547 2120 2760 2190 Mansit,
2804 2123 2997 2194 inquit,
3033 2124 3232 2182 Paulus
3262 2138 3365 2183 toto
3391 2131 3612 2199 biennio,
3643 2135 3734 2188 do-

2145 2224 2261 2264 cens
2281 2227 2396 2264 cum
2424 2213 2563 2265 omni
2586 2213 2810 2280 ﬁducia,
2855 2217 3057 2271 nemine
3092 2220 3404 2288 prohibente.
3450 2224 3592 2279 liene
3636 2226 3736 2281 hoc

2146 2302 2391 2358 addidit:
2424 2307 2687 2377 contingit
2714 2308 2859 2363 enim
2898 2309 3185 2380 aliquando
3221 2312 3390 2370 libere
3428 2317 3731 2387 loquentem

2147 2394 2439 2464 prohiberi.
2482 2395 2751 2451 Fiduciam
2780 2413 2908 2468 ergo
2935 2399 3082 2455 Pauli
3112 2401 3245 2457 nihil
3279 2405 3589 2473 prohibuit,
3640 2409 3734 2464 sed

2146 2485 2304 2539 etiam
2333 2486 2546 2542 nemine
2575 2488 2891 2557 prohibente
2918 2491 3071 2546 dixit.
3103 2492 3295 2549 Mansit
3315 2506 3483 2551 autem
3509 2497 3731 2565 Paulus,

2145 2575 2336 2646 inquit,
2376 2576 2575 2632 biennio
2614 2589 2718 2633 toto
2757 2581 2811 2635 in
2852 2584 3061 2652 proprio
3090 2586 3377 2653 conducto;
3409 2589 3476 2643 ita
3510 2602 3621 2645 erat
3649 2608 3736 2648 se-

2146 2666 2339 2734 dulus;
2380 2668 2487 2723 imo
2514 2670 2584 2724 ita
2618 2672 2929 2741 magistrum
2957 2691 3113 2730 suum
3151 2676 3461 2734 imitabatur
3482 2682 3534 2735 in
3562 2685 3736 2740 omni-

2146 2759 2267 2827 lius,
2296 2761 2537 2816 utetiam
2564 2762 2893 2819 domicilium
2920 2764 3142 2823 haberet
3168 2784 3271 2823 non
3293 2786 3358 2825 ex
3381 2773 3569 2829 alienis
3597 2776 3738 2832 labo-

2146 2852 2326 2919 ribus,
2375 2854 2469 2910 sed
2513 2870 2581 2910 ex
2623 2856 2778 2913 suis:
2811 2856 2916 2914 hoc
2954 2859 3095 2915 enim
3144 2861 3409 2933 significat
3452 2866 3616 2935 illud,
3667 2868 3733 2924 lu

2145 2945 2355 3015 proprio
2396 2948 2666 3004 conducto.
2698 2948 2853 3017 Quod
2877 2958 3054 3006 autem
3093 2952 3350 3010 Dominus
3374 2973 3586 3028 quoque
3614 2961 3734 3015 nul—

2146 3034 2251 3089 lam
2293 3036 2511 3093 haberet
2545 3039 2763 3094 donnnn
2784 3081 2801 3107 ,
2832 3042 2958 3096 andi
2991 3043 3139 3098 illum
3173 3055 3316 3100 recte
3343 3049 3609 3105 dicentem
3644 3054 3692 3108 ei
3716 3097 3732 3121 ,

2145 3130 2236 3198 qui
2266 3131 2365 3185 sibi
2393 3132 2609 3187 dixerat
2640 3150 2653 3187 :
2679 3134 2879 3204 Sequar
2908 3144 2975 3198 te,
3006 3152 3321 3208 quocumque
3348 3141 3465 3195 ieris
3492 3159 3513 3197 :
3547 3142 3736 3215 Vulpes

2146 3225 2317 3292 foveas
2345 3224 2550 3289 habent,
2581 3234 2627 3278 et
2659 3227 2884 3280 uolucres
2911 3225 3022 3281 caeli
3046 3229 3229 3294 nidos;
3262 3230 3429 3285 Filius
3458 3244 3625 3288 autem
3653 3238 3740 3291 Ito-

2147 3316 2298 3369 minis
2336 3331 2439 3369 non
2474 3317 2644 3383 habet,
2687 3318 2773 3371 ubi
2803 3329 2959 3384 caput
2997 3338 3147 3374 suum
3188 3324 3394 3377 reclinet
3440 3325 3649 3397 (Matth.
3680 3329 3736 3385 8.

2145 3407 2261 3479 20).
2293 3408 2384 3463 Sic
2416 3423 2511 3478 per
2535 3424 2594 3464 se
2619 3409 2803 3465 docuit
2830 3411 2961 3467 nihil
2991 3428 3112 3468 esse
3139 3415 3543 3485 possidendum,
3566 3435 3739 3491 neque

2147 3499 2306 3554 rebus
2333 3500 2561 3556 terrenis
2586 3501 2897 3558 h:rrendum
2929 3518 3068 3559 esse.
3104 3503 3172 3558 Et
3196 3508 3499 3577 excipiebat,
3532 3511 3737 3580 inquit,

2149 3588 2398 3643 venientes
2424 3590 2493 3643 ad
2516 3607 2591 3655 se,
2620 3593 2905 3661 pradicans
2925 3610 3135 3664 regnum
3161 3593 3276 3649 Dei.
3326 3596 3457 3652 Vide
3485 3599 3630 3654 illutn
3659 3603 3741 3656 ni-

2151 3680 2223 3734 hil
2246 3681 2314 3734 de
2340 3681 2721 3750 przesentibus.
2770 3683 2865 3738 sed
2905 3686 3079 3738 onniia
3105 3685 3173 3741 de
3201 3702 3366 3757 regno
3396 3688 3487 3744 Dei
3513 3690 3737 3761 loquen-

2152 3779 2280 3823 tem.
2322 3770 2509 3825 Viden’
2540 3771 2630 3827 Dei
2656 3773 3083 3842 providentiam?
3127 3778 3222 3832 llic
3264 3794 3571 3836 sermonem
3600 3784 3741 3839 sistit

2151 3872 2337 3916 auctor
2366 3861 2519 3929 libri,
2548 3877 2613 3917 ac
2641 3864 2894 3935 relinquit
2939 3866 3235 3923 auditorem
3272 3871 3562 3939 sitientem,
3594 3883 3650 3930 ut
3674 3892 3739 3932 ex

2154 3954 2334 4024 seipse
2364 3955 2618 4027 deinceps
2648 3959 3013 4015 ratiocinctur.
3062 3961 3173 4016 lloe
3203 3973 3257 4018 et
3287 3967 3463 4020 exteri
3495 3965 3695 4023 faciunt
3723 3988 3740 4028 :

2154 4063 2277 4102 nam
2327 4050 2508 4103 omnia
2552 4051 2715 4118 scire,
2765 4051 3010 4121 ignavum
3050 4064 3106 4109 et
3148 4056 3505 4125 negligentem
3545 4059 3739 4113 reddit.

2154 4136 2267 4192 Hoc
2300 4148 2477 4192 autem
2519 4138 2664 4205 facit,
2715 4151 2770 4195 et
2811 4159 2929 4211 qua:
2974 4153 3197 4212 sequuta
3223 4155 3366 4206 sunt.
3400 4161 3504 4200 non
3539 4158 3740 4213 narrat,

2153 4230 2480 4299 superﬂuum
2524 4230 2574 4283 id
2626 4240 2818 4300 putans
2864 4233 2961 4295 iis,
2999 4235 3085 4300 qui
3113 4249 3175 4289 ea
3216 4250 3336 4303 qua:
3367 4237 3563 4305 scripta
3590 4251 3744 4294 erant

2155 4320 2412 4389 legerent,
2438 4329 2492 4375 et
2518 4320 2642 4375 hinc
2670 4321 2972 4376 ediscerent
2999 4338 3118 4392 qua:
3140 4324 3221 4377 his
3243 4324 3505 4381 adderent
3539 4345 3552 4381 :
3587 4330 3744 4398 plane

2153 4411 2295 4464 enim
2317 4411 2491 4481 qualia
2510 4411 2709 4480 priora,
2745 4411 2868 4464 talia
2895 4429 3012 4481 qua:
3037 4423 3156 4482 post
3176 4424 3400 4485 sequuta
3431 4429 3576 4472 sunt.
3605 4422 3742 4475 Audi

2154 4517 2284 4556 vero
2309 4502 2481 4573 qualia
2506 4512 2688 4571 postea
2716 4502 2957 4558 scribens
2988 4504 3053 4559 ad
3084 4506 3371 4569 Romanos,
3403 4508 3545 4564 dicat
3577 4531 3590 4566 :
3619 4511 3744 4567 Cum

2157 4595 2451 4664 proﬁciscar
2470 4595 2522 4648 in
2543 4594 2878 4665 Hispaniam,
2902 4599 3095 4652 ueniam
3123 4598 3190 4652 ad
3210 4615 3295 4653 vos
3323 4599 3496 4671 (Rom.
3530 4604 3740 4672 ιδει).

2227 4687 2280 4741 5.
2314 4684 2500 4741 Videu’
2531 4687 2799 4755 quomodo
2819 4688 2997 4742 omnia
3028 4690 3325 4759 prievideat
3361 4707 3570 4749 sacrum
3612 4695 3743 4749 illud

2156 4786 2211 4831 et
2239 4776 2474 4831 divinum
2525 4788 2685 4847 caput
2711 4818 2725 4841 ,
2778 4777 2866 4832 ille
2897 4780 2984 4849 qui
3007 4780 3237 4835 animam
3272 4781 3431 4839 habet
3460 4787 3634 4839 onioia
3666 4785 3741 4838 si-

2158 4870 2266 4924 tnul
2296 4872 2761 4938 complectentem,
2791 4869 2879 4939 qui
2909 4873 3109 4940 primas
3133 4886 3310 4941 partes
3332 4884 3577 4943 occupat,
3611 4875 3745 4929 Pau-

2160 4966 2242 5014 lus
2260 4961 2282 5012 ?
2303 4960 2454 5031 cujus
2481 4961 2653 5016 solum
2678 4976 2871 5015 nomen
2900 4962 3193 5017 scientibus
3216 4963 3412 5018 sufficit
3429 4966 3493 5019 ad
3510 4967 3743 5022 animam

2159 5051 2513 5112 excitandam,
2533 5050 2598 5103 ad
2627 5050 2973 5119 vigilantiam,
3004 5052 3070 5105 ad
3088 5066 3334 5106 somnum
3366 5054 3742 5112 ext-titiendum

2162 5159 2399 5198 omnem.
2432 5143 2654 5213 Excepit
2677 5143 2826 5197 illum
2856 5143 3023 5198 Roma
3053 5145 3306 5210 vinctum,
3340 5161 3406 5200 ex
3428 5147 3635 5201 marino
3663 5150 3752 5203 itt-

2168 5250 2298 5290 nere
2323 5236 2469 5289 littus
2497 5242 2837 5303 tangentem,
2869 5248 2899 5287 a
2928 5233 3204 5305 naufragio
3230 5245 3531 5303 servatum,
3577 5247 3633 5290 et
3681 5239 3747 5292 li-

2164 5327 2346 5382 bcrata
2392 5334 2475 5379 est
2508 5339 2539 5378 a
2575 5324 2850 5395 naufragio
2883 5325 3103 5378 erroris.
3152 5324 3303 5380 Sicut
3332 5327 3476 5379 enim
3511 5343 3603 5382 rex
3632 5335 3746 5396 post

2167 5419 2408 5473 navalem
2451 5432 2679 5487 pugnam
2719 5427 2775 5472 et
2806 5416 3083 5472 victoriam
3107 5457 3122 5482 ,
3155 5418 3207 5471 in
3236 5418 3568 5486 splendidam
3608 5420 3744 5475 illam

2168 5509 2472 5578 regiamqne
2502 5507 2687 5562 urbem
2718 5507 2989 5577 ingressus
3019 5517 3118 5561 εει.
3152 5507 3226 5562 De
3249 5508 3331 5561 his
3351 5507 3595 5563 scribens
3614 5550 3628 5572 ,
3667 5511 3748 5565 di.

2169 5601 2325 5654 cebat
2351 5617 2363 5651 :
2400 5598 2638 5660 l'euium,
2668 5607 2718 5653 et
2749 5597 3021 5652 vobiscum
3049 5598 3318 5667 quiescam
3352 5600 3403 5653 in
3435 5600 3751 5670 plenitudine

2172 5691 2527 5748 benedictionis
2551 5682 2812 5758 Evangelii
2857 5688 3054 5761 (Rom.
3103 5689 3188 5743 15.
3231 5688 3378 5761 29);
3421 5702 3476 5747 et
3530 5709 3746 5761 rursus,

2176 5786 2251 5840 Eo
2282 5783 2654 5837 ministrotnrus
2685 5781 2735 5833 in
2762 5779 3046 5835 Jerusalem
3082 5778 3208 5854 (Id.
3244 5797 3291 5836 υ.
3331 5776 3452 5845 25).
3499 5782 3607 5837 lloc
3640 5798 3749 5847 est,
