  <div class='ocr_page' id='page_1' title='image "/cluster/home/n/w/nwhite01/storage/ocr_20150623/60/mdp.39015028539453/387.png"; bbox 0 0 4148 6152; ppageno 0'>
   <div class='ocr_carea' id='block_1_1' title="bbox 402 337 508 393">
    <p class='ocr_par' dir='ltr' id='par_1_1' title="bbox 402 337 508 393">
     <span class='ocr_line' id='line_1_1' title="bbox 402 337 508 393; baseline 0 0"><span class='ocrx_word' id='word_1_1' title='bbox 402 337 508 393; x_wconf 75' lang='grc'><strong>533</strong></span> 
     </span>
    </p>
   </div>
   <div class='ocr_carea' id='block_1_2' title="bbox 386 428 1973 515">
    <p class='ocr_par' dir='ltr' id='par_1_2' title="bbox 386 428 1973 515">
     <span class='ocr_line' id='line_1_2' title="bbox 386 428 1973 515; baseline -0.012 -15"><span class='ocrx_word' id='word_1_2' title='bbox 386 443 530 515; x_wconf 86' lang='lat' dir='ltr'><strong>quod</strong></span> <span class='ocrx_word' id='word_1_3' title='bbox 551 440 761 498; x_wconf 84' lang='lat' dir='ltr'><strong>dicebat</strong></span> <span class='ocrx_word' id='word_1_4' title='bbox 789 455 804 493; x_wconf 90' lang='lat'><strong>:</strong></span> <span class='ocrx_word' id='word_1_5' title='bbox 835 436 1198 506; x_wconf 75' lang='lat' dir='ltr'><strong>Eleemosynas</strong></span> <span class='ocrx_word' id='word_1_6' title='bbox 1224 439 1456 506; x_wconf 76' lang='lat' dir='ltr'><strong>[acturus</strong></span> <span class='ocrx_word' id='word_1_7' title='bbox 1482 428 1619 502; x_wconf 83' lang='lat' dir='ltr'><strong>genti</strong></span> <span class='ocrx_word' id='word_1_8' title='bbox 1650 443 1795 493; x_wconf 73' lang='lat' dir='ltr'><strong>metr,</strong></span> <span class='ocrx_word' id='word_1_9' title='bbox 1817 430 1973 482; x_wconf 84' lang='lat' dir='ltr'><strong>adve-</strong></span> 
     </span>
    </p>
   </div>
   <div class='ocr_carea' id='block_1_3' title="bbox 388 519 1977 606">
    <p class='ocr_par' dir='ltr' id='par_1_3' title="bbox 388 519 1977 606">
     <span class='ocr_line' id='line_1_3' title="bbox 388 519 1977 606; baseline -0.01 -17"><span class='ocrx_word' id='word_1_10' title='bbox 388 537 443 589; x_wconf 80' lang='lat' dir='ltr'><strong>ni</strong></span> <span class='ocrx_word' id='word_1_11' title='bbox 468 535 489 606; x_wconf 89' lang='lat'><strong>(</strong></span> <span class='ocrx_word' id='word_1_12' title='bbox 510 538 625 588; x_wconf 73' lang='lat' dir='ltr'><strong>Act.</strong></span> <span class='ocrx_word' id='word_1_13' title='bbox 656 532 747 587; x_wconf 67' lang='grc'><strong>24.</strong></span> <span class='ocrx_word' id='word_1_14' title='bbox 775 532 841 586; x_wconf 80' lang='lat' dir='ltr'><strong>l7</strong></span> <span class='ocrx_word' id='word_1_15' title='bbox 868 529 910 601; x_wconf 93' lang='lat'><strong>).</strong></span> <span class='ocrx_word' id='word_1_16' title='bbox 932 527 1050 585; x_wconf 82' lang='lat' dir='ltr'><strong>Jam</strong></span> <span class='ocrx_word' id='word_1_17' title='bbox 1081 541 1246 598; x_wconf 86' lang='lat' dir='ltr'><strong>prope</strong></span> <span class='ocrx_word' id='word_1_18' title='bbox 1263 534 1379 582; x_wconf 90' lang='lat' dir='ltr'><strong>erat</strong></span> <span class='ocrx_word' id='word_1_19' title='bbox 1399 534 1460 581; x_wconf 89' lang='lat' dir='ltr'><strong>ut</strong></span> <span class='ocrx_word' id='word_1_20' title='bbox 1483 538 1738 580; x_wconf 87' lang='lat' dir='ltr'><strong>coronam</strong></span> <span class='ocrx_word' id='word_1_21' title='bbox 1766 519 1977 589; x_wconf 81' lang='lat' dir='ltr'><strong>accipe-</strong></span> 
     </span>
    </p>
   </div>
   <div class='ocr_carea' id='block_1_4' title="bbox 391 616 1975 692">
    <p class='ocr_par' dir='ltr' id='par_1_4' title="bbox 391 616 1975 692">
     <span class='ocr_line' id='line_1_4' title="bbox 391 616 1975 692; baseline -0.014 -8"><span class='ocrx_word' id='word_1_22' title='bbox 391 638 476 684; x_wconf 89' lang='lat' dir='ltr'><strong>ret</strong></span> <span class='ocrx_word' id='word_1_23' title='bbox 500 646 513 681; x_wconf 91' lang='lat'><strong>:</strong></span> <span class='ocrx_word' id='word_1_24' title='bbox 546 625 755 692; x_wconf 90' lang='lat' dir='ltr'><strong>excepit</strong></span> <span class='ocrx_word' id='word_1_25' title='bbox 772 624 919 678; x_wconf 92' lang='lat' dir='ltr'><strong>illum</strong></span> <span class='ocrx_word' id='word_1_26' title='bbox 937 622 1107 676; x_wconf 76' lang='lat' dir='ltr'><strong>Roma</strong></span> <span class='ocrx_word' id='word_1_27' title='bbox 1131 620 1390 685; x_wconf 88' lang='lat' dir='ltr'><strong>vinctum,</strong></span> <span class='ocrx_word' id='word_1_28' title='bbox 1408 616 1645 686; x_wconf 78' lang='lat' dir='ltr'><strong>viditque</strong></span> <span class='ocrx_word' id='word_1_29' title='bbox 1658 621 1975 670; x_wconf 88' lang='lat' dir='ltr'><strong>coronatum</strong></span> 
     </span>
    </p>
   </div>
   <div class='ocr_carea' id='block_1_5' title="bbox 389 703 1974 792">
    <p class='ocr_par' dir='ltr' id='par_1_5' title="bbox 389 703 1974 792">
     <span class='ocr_line' id='line_1_5' title="bbox 389 703 1974 792; baseline -0.012 -16"><span class='ocrx_word' id='word_1_30' title='bbox 389 733 443 777; x_wconf 88' lang='lat' dir='ltr'><strong>et</strong></span> <span class='ocrx_word' id='word_1_31' title='bbox 472 719 883 792; x_wconf 87' lang='lat' dir='ltr'><strong>proclamatum.</strong></span> <span class='ocrx_word' id='word_1_32' title='bbox 931 715 1045 771; x_wconf 82' lang='lat' dir='ltr'><strong>Illic</strong></span> <span class='ocrx_word' id='word_1_33' title='bbox 1079 712 1347 768; x_wconf 73' lang='lat' dir='ltr'><strong>Vobiscum</strong></span> <span class='ocrx_word' id='word_1_34' title='bbox 1391 710 1642 780; x_wconf 70' lang='lat' dir='ltr'><strong>quiescam</strong></span> <span class='ocrx_word' id='word_1_35' title='bbox 1664 704 1853 777; x_wconf 80' lang='lat' dir='ltr'><strong>(Rom.</strong></span> <span class='ocrx_word' id='word_1_36' title='bbox 1884 703 1974 758; x_wconf 70' lang='lat'><strong>15.</strong></span> 
     </span>
    </p>
   </div>
   <div class='ocr_carea' id='block_1_6' title="bbox 388 796 1973 882">
    <p class='ocr_par' dir='ltr' id='par_1_6' title="bbox 388 796 1973 882">
     <span class='ocr_line' id='line_1_6' title="bbox 388 796 1973 882; baseline -0.013 -15"><span class='ocrx_word' id='word_1_37' title='bbox 388 812 460 868; x_wconf 73' lang='lat'><strong>52</strong></span> <span class='ocrx_word' id='word_1_38' title='bbox 485 809 737 882; x_wconf 80' lang='lat' dir='ltr'><strong>),inquit.</strong></span> <span class='ocrx_word' id='word_1_39' title='bbox 762 807 944 864; x_wconf 90' lang='lat' dir='ltr'><strong>lsthuc</strong></span> <span class='ocrx_word' id='word_1_40' title='bbox 971 804 1131 871; x_wconf 91' lang='lat' dir='ltr'><strong>vado,</strong></span> <span class='ocrx_word' id='word_1_41' title='bbox 1156 801 1553 857; x_wconf 87' lang='lat' dir='ltr'><strong>ministraturus</strong></span> <span class='ocrx_word' id='word_1_42' title='bbox 1578 798 1631 853; x_wconf 92' lang='lat' dir='ltr'><strong>in</strong></span> <span class='ocrx_word' id='word_1_43' title='bbox 1652 796 1973 854; x_wconf 83' lang='lat' dir='ltr'><strong>Jerusalem.</strong></span> 
     </span>
    </p>
   </div>
   <div class='ocr_carea' id='block_1_7' title="bbox 390 894 1978 961">
    <p class='ocr_par' dir='ltr' id='par_1_7' title="bbox 390 894 1978 961">
     <span class='ocr_line' id='line_1_7' title="bbox 390 894 1978 961; baseline -0.015 0"><span class='ocrx_word' id='word_1_44' title='bbox 390 903 500 961; x_wconf 91' lang='lat' dir='ltr'><strong>Iloc</strong></span> <span class='ocrx_word' id='word_1_45' title='bbox 525 912 704 957; x_wconf 91' lang='lat' dir='ltr'><strong>autem</strong></span> <span class='ocrx_word' id='word_1_46' title='bbox 734 899 943 955; x_wconf 91' lang='lat' dir='ltr'><strong>initium</strong></span> <span class='ocrx_word' id='word_1_47' title='bbox 962 909 1152 950; x_wconf 85' lang='lat' dir='ltr'><strong>cursus</strong></span> <span class='ocrx_word' id='word_1_48' title='bbox 1179 894 1374 949; x_wconf 77' lang='lat' dir='ltr'><strong>iterum</strong></span> <span class='ocrx_word' id='word_1_49' title='bbox 1395 901 1533 956; x_wconf 90' lang='lat' dir='ltr'><strong>erat,</strong></span> <span class='ocrx_word' id='word_1_50' title='bbox 1558 900 1613 945; x_wconf 89' lang='lat' dir='ltr'><strong>et</strong></span> <span class='ocrx_word' id='word_1_51' title='bbox 1635 901 1839 959; x_wconf 70' lang='lat' dir='ltr'><strong>tropaea</strong></span> <span class='ocrx_word' id='word_1_52' title='bbox 1868 894 1978 939; x_wconf 89' lang='lat' dir='ltr'><strong>tro-</strong></span> 
     </span>
    </p>
   </div>
   <div class='ocr_carea' id='block_1_8' title="bbox 388 975 1977 1064">
    <p class='ocr_par' dir='ltr' id='par_1_8' title="bbox 388 975 1977 1064">
     <span class='ocr_line' id='line_1_8' title="bbox 388 975 1977 1064; baseline -0.01 -19"><span class='ocrx_word' id='word_1_53' title='bbox 388 994 517 1064; x_wconf 78' lang='lat' dir='ltr'><strong>paeis</strong></span> <span class='ocrx_word' id='word_1_54' title='bbox 564 991 827 1054; x_wconf 88' lang='lat' dir='ltr'><strong>addebat,</strong></span> <span class='ocrx_word' id='word_1_55' title='bbox 873 983 1297 1057; x_wconf 84' lang='lat' dir='ltr'><strong>inexpugnahuis</strong></span> <span class='ocrx_word' id='word_1_56' title='bbox 1344 997 1466 1036; x_wconf 89' lang='lat' dir='ltr'><strong>cum</strong></span> <span class='ocrx_word' id='word_1_57' title='bbox 1495 988 1660 1036; x_wconf 87' lang='lat' dir='ltr'><strong>esset.</strong></span> <span class='ocrx_word' id='word_1_58' title='bbox 1688 975 1977 1033; x_wconf 81' lang='lat' dir='ltr'><strong>Corinthus</strong></span> 
     </span>
    </p>
   </div>
   <div class='ocr_carea' id='block_1_9' title="bbox 390 1068 1975 1143">
    <p class='ocr_par' dir='ltr' id='par_1_9' title="bbox 390 1068 1975 1143">
     <span class='ocr_line' id='line_1_9' title="bbox 390 1068 1975 1143; baseline -0.012 -4"><span class='ocrx_word' id='word_1_59' title='bbox 390 1086 540 1140; x_wconf 88' lang='lat' dir='ltr'><strong>illum</strong></span> <span class='ocrx_word' id='word_1_60' title='bbox 570 1082 797 1137; x_wconf 92' lang='lat' dir='ltr'><strong>detinuit</strong></span> <span class='ocrx_word' id='word_1_61' title='bbox 822 1078 1031 1135; x_wconf 87' lang='lat' dir='ltr'><strong>duobus</strong></span> <span class='ocrx_word' id='word_1_62' title='bbox 1060 1076 1237 1143; x_wconf 88' lang='lat' dir='ltr'><strong>annis,</strong></span> <span class='ocrx_word' id='word_1_63' title='bbox 1268 1074 1392 1130; x_wconf 83' lang='lat' dir='ltr'><strong>Asia</strong></span> <span class='ocrx_word' id='word_1_64' title='bbox 1425 1073 1616 1139; x_wconf 84' lang='lat' dir='ltr'><strong>tribus,</strong></span> <span class='ocrx_word' id='word_1_65' title='bbox 1641 1070 1809 1125; x_wconf 81' lang='lat' dir='ltr'><strong>Roma</strong></span> <span class='ocrx_word' id='word_1_66' title='bbox 1839 1068 1975 1123; x_wconf 85' lang='lat' dir='ltr'><strong>duo-</strong></span> 
     </span>
    </p>
   </div>
   <div class='ocr_carea' id='block_1_10' title="bbox 390 1164 1975 1243">
    <p class='ocr_par' dir='ltr' id='par_1_10' title="bbox 390 1164 1975 1243">
     <span class='ocr_line' id='line_1_10' title="bbox 390 1164 1975 1243; baseline -0.009 -13"><span class='ocrx_word' id='word_1_67' title='bbox 390 1177 489 1230; x_wconf 84' lang='lat' dir='ltr'><strong>bus</strong></span> <span class='ocrx_word' id='word_1_68' title='bbox 512 1214 529 1241; x_wconf 92' lang='lat'><strong>,</strong></span> <span class='ocrx_word' id='word_1_69' title='bbox 574 1186 681 1243; x_wconf 87' lang='lat' dir='ltr'><strong>quo</strong></span> <span class='ocrx_word' id='word_1_70' title='bbox 728 1169 965 1227; x_wconf 91' lang='lat' dir='ltr'><strong>secundo</strong></span> <span class='ocrx_word' id='word_1_71' title='bbox 993 1168 1174 1232; x_wconf 90' lang='lat' dir='ltr'><strong>venit,</strong></span> <span class='ocrx_word' id='word_1_72' title='bbox 1200 1164 1417 1236; x_wconf 80' lang='lat' dir='ltr'><strong>quando</strong></span> <span class='ocrx_word' id='word_1_73' title='bbox 1446 1169 1847 1219; x_wconf 85' lang='lat' dir='ltr'><strong>consummatus</strong></span> <span class='ocrx_word' id='word_1_74' title='bbox 1871 1168 1975 1215; x_wconf 89' lang='lat' dir='ltr'><strong>est.</strong></span> 
     </span>
    </p>
   </div>
   <div class='ocr_carea' id='block_1_11' title="bbox 390 1250 1979 1335">
    <p class='ocr_par' dir='ltr' id='par_1_11' title="bbox 390 1250 1979 1335">
     <span class='ocr_line' id='line_1_11' title="bbox 390 1250 1979 1335; baseline -0.009 -15"><span class='ocrx_word' id='word_1_75' title='bbox 390 1265 458 1320; x_wconf 85' lang='lat' dir='ltr'><strong>In</strong></span> <span class='ocrx_word' id='word_1_76' title='bbox 484 1265 654 1335; x_wconf 85' lang='lat' dir='ltr'><strong>prima</strong></span> <span class='ocrx_word' id='word_1_77' title='bbox 693 1279 805 1317; x_wconf 85' lang='lat' dir='ltr'><strong>mea</strong></span> <span class='ocrx_word' id='word_1_78' title='bbox 842 1260 1133 1329; x_wconf 73' lang='lat' dir='ltr'><strong>defensione</strong></span> <span class='ocrx_word' id='word_1_79' title='bbox 1153 1299 1168 1324; x_wconf 91' lang='lat'><strong>,</strong></span> <span class='ocrx_word' id='word_1_80' title='bbox 1199 1258 1408 1328; x_wconf 88' lang='lat' dir='ltr'><strong>inquit,</strong></span> <span class='ocrx_word' id='word_1_81' title='bbox 1442 1255 1616 1311; x_wconf 74' lang='lat' dir='ltr'><strong>nullus</strong></span> <span class='ocrx_word' id='word_1_82' title='bbox 1644 1252 1768 1307; x_wconf 79' lang='lat' dir='ltr'><strong>mihi</strong></span> <span class='ocrx_word' id='word_1_83' title='bbox 1804 1250 1979 1305; x_wconf 79' lang='lat' dir='ltr'><strong>aderat</strong></span> 
     </span>
    </p>
   </div>
   <div class='ocr_carea' id='block_1_12' title="bbox 388 1345 1976 1425">
    <p class='ocr_par' dir='ltr' id='par_1_12' title="bbox 388 1345 1976 1425">
     <span class='ocr_line' id='line_1_12' title="bbox 388 1345 1976 1425; baseline -0.01 -13"><span class='ocrx_word' id='word_1_84' title='bbox 388 1356 480 1425; x_wconf 77' lang='grc'><strong>(2.</strong></span> <span class='ocrx_word' id='word_1_85' title='bbox 529 1353 663 1410; x_wconf 81' lang='lat' dir='ltr'><strong>Tim.</strong></span> <span class='ocrx_word' id='word_1_86' title='bbox 713 1354 768 1409; x_wconf 67' lang='grc' dir='ltr'><strong>Î”.</strong></span> <span class='ocrx_word' id='word_1_87' title='bbox 812 1352 948 1422; x_wconf 69' lang='lat' dir='ltr'><strong>i6).</strong></span> <span class='ocrx_word' id='word_1_88' title='bbox 990 1348 1081 1407; x_wconf 88' lang='lat' dir='ltr'><strong>Sic</strong></span> <span class='ocrx_word' id='word_1_89' title='bbox 1120 1363 1262 1404; x_wconf 91' lang='lat' dir='ltr'><strong>nunc</strong></span> <span class='ocrx_word' id='word_1_90' title='bbox 1306 1345 1522 1417; x_wconf 84' lang='lat' dir='ltr'><strong>effugit,</strong></span> <span class='ocrx_word' id='word_1_91' title='bbox 1555 1355 1609 1401; x_wconf 93' lang='lat' dir='ltr'><strong>et</strong></span> <span class='ocrx_word' id='word_1_92' title='bbox 1646 1359 1769 1399; x_wconf 89' lang='lat' dir='ltr'><strong>eum</strong></span> <span class='ocrx_word' id='word_1_93' title='bbox 1807 1352 1976 1397; x_wconf 91' lang='lat' dir='ltr'><strong>totum</strong></span> 
     </span>
    </p>
   </div>
   <div class='ocr_carea' id='block_1_13' title="bbox 394 1433 1979 1519">
    <p class='ocr_par' dir='ltr' id='par_1_13' title="bbox 394 1433 1979 1519">
     <span class='ocr_line' id='line_1_13' title="bbox 394 1433 1979 1519; baseline -0.009 -17"><span class='ocrx_word' id='word_1_94' title='bbox 394 1447 671 1519; x_wconf 86' lang='lat' dir='ltr'><strong>implesset</strong></span> <span class='ocrx_word' id='word_1_95' title='bbox 698 1444 916 1508; x_wconf 88' lang='lat' dir='ltr'><strong>orbem,</strong></span> <span class='ocrx_word' id='word_1_96' title='bbox 944 1442 1021 1497; x_wconf 91' lang='lat' dir='ltr'><strong>sic</strong></span> <span class='ocrx_word' id='word_1_97' title='bbox 1046 1440 1208 1496; x_wconf 90' lang='lat' dir='ltr'><strong>vitam</strong></span> <span class='ocrx_word' id='word_1_98' title='bbox 1258 1437 1451 1493; x_wconf 87' lang='lat' dir='ltr'><strong>finivit.</strong></span> <span class='ocrx_word' id='word_1_99' title='bbox 1488 1434 1628 1504; x_wconf 79' lang='lat' dir='ltr'><strong>Quid</strong></span> <span class='ocrx_word' id='word_1_100' title='bbox 1653 1433 1869 1489; x_wconf 83' lang='lat' dir='ltr'><strong>volebas</strong></span> <span class='ocrx_word' id='word_1_101' title='bbox 1896 1433 1979 1488; x_wconf 86' lang='lat' dir='ltr'><strong>di-</strong></span> 
     </span>
    </p>
   </div>
   <div class='ocr_carea' id='block_1_14' title="bbox 392 1525 1977 1609">
    <p class='ocr_par' dir='ltr' id='par_1_14' title="bbox 392 1525 1977 1609">
     <span class='ocr_line' id='line_1_14' title="bbox 392 1525 1977 1609; baseline -0.011 -15"><span class='ocrx_word' id='word_1_102' title='bbox 392 1554 545 1596; x_wconf 84' lang='lat' dir='ltr'><strong>scere</strong></span> <span class='ocrx_word' id='word_1_103' title='bbox 596 1554 715 1609; x_wconf 76' lang='lat' dir='ltr'><strong>quze</strong></span> <span class='ocrx_word' id='word_1_104' title='bbox 766 1533 1103 1606; x_wconf 87' lang='lat' dir='ltr'><strong>sequuntur?</strong></span> <span class='ocrx_word' id='word_1_105' title='bbox 1141 1531 1290 1587; x_wconf 84' lang='lat' dir='ltr'><strong>Talia</strong></span> <span class='ocrx_word' id='word_1_106' title='bbox 1330 1539 1488 1595; x_wconf 90' lang='lat' dir='ltr'><strong>sunt,</strong></span> <span class='ocrx_word' id='word_1_107' title='bbox 1526 1527 1708 1609; x_wconf 83' lang='lat' dir='ltr'><strong>qualia</strong></span> <span class='ocrx_word' id='word_1_108' title='bbox 1758 1525 1977 1595; x_wconf 87' lang='lat' dir='ltr'><strong>priora:</strong></span> 
     </span>
    </p>
   </div>
   <div class='ocr_carea' id='block_1_15' title="bbox 394 1608 1979 1697">
    <p class='ocr_par' dir='ltr' id='par_1_15' title="bbox 394 1608 1979 1697">
     <span class='ocr_line' id='line_1_15' title="bbox 394 1608 1979 1697; baseline -0.007 -16"><span class='ocrx_word' id='word_1_109' title='bbox 394 1608 627 1697; x_wconf 81' lang='lat' dir='ltr'><strong>vincula,</strong></span> <span class='ocrx_word' id='word_1_110' title='bbox 658 1638 944 1693; x_wconf 80' lang='lat' dir='ltr'><strong>tormenta,</strong></span> <span class='ocrx_word' id='word_1_111' title='bbox 976 1640 1166 1696; x_wconf 66' lang='lat' dir='ltr'><strong>pugnae</strong></span> <span class='ocrx_word' id='word_1_112' title='bbox 1187 1664 1203 1687; x_wconf 91' lang='lat'><strong>,</strong></span> <span class='ocrx_word' id='word_1_113' title='bbox 1234 1637 1479 1678; x_wconf 86' lang='lat' dir='ltr'><strong>carceres</strong></span> <span class='ocrx_word' id='word_1_114' title='bbox 1499 1608 1751 1688; x_wconf 77' lang='lat' dir='ltr'><strong>,insidizc</strong></span> <span class='ocrx_word' id='word_1_115' title='bbox 1775 1658 1793 1684; x_wconf 93' lang='lat'><strong>,</strong></span> <span class='ocrx_word' id='word_1_116' title='bbox 1817 1632 1979 1687; x_wconf 86' lang='lat' dir='ltr'><strong>syco-</strong></span> 
     </span>
    </p>
   </div>
   <div class='ocr_carea' id='block_1_16' title="bbox 394 1711 1978 1791">
    <p class='ocr_par' dir='ltr' id='par_1_16' title="bbox 394 1711 1978 1791">
     <span class='ocr_line' id='line_1_16' title="bbox 394 1711 1978 1791; baseline -0.008 -16"><span class='ocrx_word' id='word_1_117' title='bbox 394 1722 661 1791; x_wconf 68' lang='lat' dir='ltr'><strong>phantiae,</strong></span> <span class='ocrx_word' id='word_1_118' title='bbox 705 1719 1027 1791; x_wconf 70' lang='lat' dir='ltr'><strong>quotidiana:</strong></span> <span class='ocrx_word' id='word_1_119' title='bbox 1077 1724 1300 1770; x_wconf 86' lang='lat' dir='ltr'><strong>mortes.</strong></span> <span class='ocrx_word' id='word_1_120' title='bbox 1334 1712 1525 1767; x_wconf 79' lang='lat' dir='ltr'><strong>Vidisti</strong></span> <span class='ocrx_word' id='word_1_121' title='bbox 1574 1711 1716 1766; x_wconf 91' lang='lat' dir='ltr'><strong>illius</strong></span> <span class='ocrx_word' id='word_1_122' title='bbox 1763 1723 1978 1779; x_wconf 87' lang='lat' dir='ltr'><strong>parvam</strong></span> 
     </span>
    </p>
   </div>
   <div class='ocr_carea' id='block_1_17' title="bbox 398 1800 1980 1883">
    <p class='ocr_par' dir='ltr' id='par_1_17' title="bbox 398 1800 1980 1883">
     <span class='ocr_line' id='line_1_17' title="bbox 398 1800 1980 1883; baseline -0.009 -16"><span class='ocrx_word' id='word_1_123' title='bbox 398 1813 646 1883; x_wconf 88' lang='lat' dir='ltr'><strong>partem?</strong></span> <span class='ocrx_word' id='word_1_124' title='bbox 673 1811 763 1868; x_wconf 88' lang='lat' dir='ltr'><strong>Sic</strong></span> <span class='ocrx_word' id='word_1_125' title='bbox 790 1810 993 1879; x_wconf 83' lang='lat' dir='ltr'><strong>cogites</strong></span> <span class='ocrx_word' id='word_1_126' title='bbox 1020 1808 1224 1876; x_wconf 84' lang='lat' dir='ltr'><strong>reliqua</strong></span> <span class='ocrx_word' id='word_1_127' title='bbox 1253 1821 1312 1860; x_wconf 80' lang='lat' dir='ltr'><strong>se</strong></span> <span class='ocrx_word' id='word_1_128' title='bbox 1342 1804 1559 1858; x_wconf 87' lang='lat' dir='ltr'><strong>habere.</strong></span> <span class='ocrx_word' id='word_1_129' title='bbox 1584 1800 1737 1856; x_wconf 89' lang='lat' dir='ltr'><strong>Sicut</strong></span> <span class='ocrx_word' id='word_1_130' title='bbox 1766 1801 1820 1854; x_wconf 89' lang='lat' dir='ltr'><strong>in</strong></span> <span class='ocrx_word' id='word_1_131' title='bbox 1847 1801 1980 1853; x_wconf 65' lang='lat' dir='ltr'><strong>caelo</strong></span> 
     </span>
    </p>
   </div>
   <div class='ocr_carea' id='block_1_18' title="bbox 396 1892 1976 1976">
    <p class='ocr_par' dir='ltr' id='par_1_18' title="bbox 396 1892 1976 1976">
     <span class='ocr_line' id='line_1_18' title="bbox 396 1892 1976 1976; baseline -0.009 -17"><span class='ocrx_word' id='word_1_132' title='bbox 396 1917 787 1976; x_wconf 89' lang='lat' dir='ltr'><strong>quamcumque</strong></span> <span class='ocrx_word' id='word_1_133' title='bbox 808 1900 1008 1956; x_wconf 88' lang='lat' dir='ltr'><strong>videris</strong></span> <span class='ocrx_word' id='word_1_134' title='bbox 1037 1906 1267 1969; x_wconf 88' lang='lat' dir='ltr'><strong>partem,</strong></span> <span class='ocrx_word' id='word_1_135' title='bbox 1298 1895 1430 1949; x_wconf 87' lang='lat' dir='ltr'><strong>tales</strong></span> <span class='ocrx_word' id='word_1_136' title='bbox 1457 1904 1581 1948; x_wconf 89' lang='lat' dir='ltr'><strong>sunt</strong></span> <span class='ocrx_word' id='word_1_137' title='bbox 1607 1892 1727 1945; x_wconf 78' lang='lat' dir='ltr'><strong>alia:</strong></span> <span class='ocrx_word' id='word_1_138' title='bbox 1755 1902 1933 1959; x_wconf 83' lang='lat' dir='ltr'><strong>partes</strong></span> <span class='ocrx_word' id='word_1_139' title='bbox 1960 1904 1976 1955; x_wconf 87' lang='lat'><strong>;</strong></span> 
     </span>
    </p>
   </div>
   <div class='ocr_carea' id='block_1_19' title="bbox 390 1980 1979 2059">
    <p class='ocr_par' dir='ltr' id='par_1_19' title="bbox 390 1980 1979 2059">
     <span class='ocr_line' id='line_1_19' title="bbox 390 1980 1979 2059; baseline -0.011 -8"><span class='ocrx_word' id='word_1_140' title='bbox 390 1999 436 2052; x_wconf 92' lang='lat' dir='ltr'><strong>si</strong></span> <span class='ocrx_word' id='word_1_141' title='bbox 482 1996 626 2050; x_wconf 89' lang='lat' dir='ltr'><strong>enim</strong></span> <span class='ocrx_word' id='word_1_142' title='bbox 666 1992 783 2047; x_wconf 67' lang='lat' dir='ltr'><strong>caeli</strong></span> <span class='ocrx_word' id='word_1_143' title='bbox 812 2006 971 2045; x_wconf 89' lang='lat' dir='ltr'><strong>unam</strong></span> <span class='ocrx_word' id='word_1_144' title='bbox 1023 1998 1227 2059; x_wconf 90' lang='lat' dir='ltr'><strong>partem</strong></span> <span class='ocrx_word' id='word_1_145' title='bbox 1278 1985 1479 2050; x_wconf 87' lang='lat' dir='ltr'><strong>videas,</strong></span> <span class='ocrx_word' id='word_1_146' title='bbox 1512 1996 1847 2052; x_wconf 83' lang='lat' dir='ltr'><strong>quocumque</strong></span> <span class='ocrx_word' id='word_1_147' title='bbox 1903 1980 1979 2035; x_wconf 82' lang='lat' dir='ltr'><strong>ie-</strong></span> 
     </span>
    </p>
   </div>
   <div class='ocr_carea' id='block_1_20' title="bbox 396 2070 1981 2152">
    <p class='ocr_par' dir='ltr' id='par_1_20' title="bbox 396 2070 1981 2152">
     <span class='ocr_line' id='line_1_20' title="bbox 396 2070 1981 2152; baseline -0.011 -11"><span class='ocrx_word' id='word_1_148' title='bbox 396 2087 491 2152; x_wconf 85' lang='lat' dir='ltr'><strong>ris,</strong></span> <span class='ocrx_word' id='word_1_149' title='bbox 534 2083 862 2141; x_wconf 81' lang='lat' dir='ltr'><strong>tantumdem</strong></span> <span class='ocrx_word' id='word_1_150' title='bbox 907 2080 1151 2135; x_wconf 82' lang='lat' dir='ltr'><strong>videbis:</strong></span> <span class='ocrx_word' id='word_1_151' title='bbox 1198 2076 1285 2133; x_wconf 81' lang='lat' dir='ltr'><strong>vel</strong></span> <span class='ocrx_word' id='word_1_152' title='bbox 1314 2076 1454 2131; x_wconf 80' lang='lat' dir='ltr'><strong>sicut</strong></span> <span class='ocrx_word' id='word_1_153' title='bbox 1482 2074 1611 2130; x_wconf 89' lang='lat' dir='ltr'><strong>solis</strong></span> <span class='ocrx_word' id='word_1_154' title='bbox 1638 2072 1817 2127; x_wconf 83' lang='lat' dir='ltr'><strong>radios</strong></span> <span class='ocrx_word' id='word_1_155' title='bbox 1843 2070 1887 2124; x_wconf 92' lang='lat' dir='ltr'><strong>si</strong></span> <span class='ocrx_word' id='word_1_156' title='bbox 1914 2085 1981 2125; x_wconf 88' lang='lat' dir='ltr'><strong>ex</strong></span> 
     </span>
    </p>
   </div>
   <div class='ocr_carea' id='block_1_21' title="bbox 392 2163 1978 2249">
    <p class='ocr_par' dir='ltr' id='par_1_21' title="bbox 392 2163 1978 2249">
     <span class='ocr_line' id='line_1_21' title="bbox 392 2163 1978 2249; baseline -0.011 -15"><span class='ocrx_word' id='word_1_157' title='bbox 392 2190 543 2249; x_wconf 87' lang='lat' dir='ltr'><strong>parte</strong></span> <span class='ocrx_word' id='word_1_158' title='bbox 570 2177 790 2243; x_wconf 78' lang='lat' dir='ltr'><strong>videris,</strong></span> <span class='ocrx_word' id='word_1_159' title='bbox 823 2176 947 2229; x_wconf 89' lang='lat' dir='ltr'><strong>hinc</strong></span> <span class='ocrx_word' id='word_1_160' title='bbox 970 2172 1193 2241; x_wconf 88' lang='lat' dir='ltr'><strong>conjicis</strong></span> <span class='ocrx_word' id='word_1_161' title='bbox 1220 2169 1397 2240; x_wconf 84' lang='lat' dir='ltr'><strong>qualis</strong></span> <span class='ocrx_word' id='word_1_162' title='bbox 1420 2168 1501 2221; x_wconf 90' lang='lat' dir='ltr'><strong>sol</strong></span> <span class='ocrx_word' id='word_1_163' title='bbox 1522 2168 1593 2221; x_wconf 91' lang='lat' dir='ltr'><strong>sit</strong></span> <span class='ocrx_word' id='word_1_164' title='bbox 1617 2183 1630 2219; x_wconf 91' lang='lat'>:</span> <span class='ocrx_word' id='word_1_165' title='bbox 1654 2165 1731 2219; x_wconf 90' lang='lat' dir='ltr'><strong>sic</strong></span> <span class='ocrx_word' id='word_1_166' title='bbox 1750 2164 1817 2219; x_wconf 86' lang='lat' dir='ltr'><strong>de</strong></span> <span class='ocrx_word' id='word_1_167' title='bbox 1841 2163 1978 2218; x_wconf 89' lang='lat' dir='ltr'><strong>Pau-</strong></span> 
     </span>
    </p>
   </div>
   <div class='ocr_carea' id='block_1_22' title="bbox 391 2256 1980 2337">
    <p class='ocr_par' dir='ltr' id='par_1_22' title="bbox 391 2256 1980 2337">
     <span class='ocr_line' id='line_1_22' title="bbox 391 2256 1980 2337; baseline -0.011 -9"><span class='ocrx_word' id='word_1_168' title='bbox 391 2274 447 2328; x_wconf 88' lang='lat' dir='ltr'><strong>lo</strong></span> <span class='ocrx_word' id='word_1_169' title='bbox 488 2271 799 2327; x_wconf 89' lang='lat' dir='ltr'><strong>dicendutn.</strong></span> <span class='ocrx_word' id='word_1_170' title='bbox 850 2267 981 2337; x_wconf 83' lang='lat' dir='ltr'><strong>Ejus</strong></span> <span class='ocrx_word' id='word_1_171' title='bbox 1027 2275 1143 2320; x_wconf 87' lang='lat' dir='ltr'><strong>acta</strong></span> <span class='ocrx_word' id='word_1_172' title='bbox 1176 2262 1371 2334; x_wconf 89' lang='lat' dir='ltr'><strong>partim</strong></span> <span class='ocrx_word' id='word_1_173' title='bbox 1410 2260 1589 2316; x_wconf 84' lang='lat' dir='ltr'><strong>vidisti</strong></span> <span class='ocrx_word' id='word_1_174' title='bbox 1620 2275 1638 2313; x_wconf 90' lang='lat'><strong>:</strong></span> <span class='ocrx_word' id='word_1_175' title='bbox 1669 2259 1847 2313; x_wconf 88' lang='lat' dir='ltr'><strong>omnia</strong></span> <span class='ocrx_word' id='word_1_176' title='bbox 1879 2256 1980 2311; x_wconf 88' lang='lat' dir='ltr'><strong>alia</strong></span> 
     </span>
    </p>
   </div>
   <div class='ocr_carea' id='block_1_23' title="bbox 392 2348 1981 2427">
    <p class='ocr_par' dir='ltr' id='par_1_23' title="bbox 392 2348 1981 2427">
     <span class='ocr_line' id='line_1_23' title="bbox 392 2348 1981 2427; baseline -0.009 -10"><span class='ocrx_word' id='word_1_177' title='bbox 392 2362 589 2419; x_wconf 79' lang='lat' dir='ltr'><strong>similia</strong></span> <span class='ocrx_word' id='word_1_178' title='bbox 615 2368 779 2426; x_wconf 89' lang='lat' dir='ltr'><strong>sunt,</strong></span> <span class='ocrx_word' id='word_1_179' title='bbox 806 2356 1059 2427; x_wconf 86' lang='lat' dir='ltr'><strong>periculis</strong></span> <span class='ocrx_word' id='word_1_180' title='bbox 1096 2355 1274 2426; x_wconf 90' lang='lat' dir='ltr'><strong>plena.</strong></span> <span class='ocrx_word' id='word_1_181' title='bbox 1313 2354 1403 2409; x_wconf 90' lang='lat' dir='ltr'><strong>Ille</strong></span> <span class='ocrx_word' id='word_1_182' title='bbox 1425 2352 1612 2407; x_wconf 74' lang='lat' dir='ltr'><strong>cazlum</strong></span> <span class='ocrx_word' id='word_1_183' title='bbox 1651 2360 1768 2405; x_wconf 89' lang='lat' dir='ltr'><strong>erat</strong></span> <span class='ocrx_word' id='word_1_184' title='bbox 1812 2348 1981 2404; x_wconf 90' lang='lat' dir='ltr'><strong>solem</strong></span> 
     </span>
    </p>
   </div>
   <div class='ocr_carea' id='block_1_24' title="bbox 394 2443 1981 2524">
    <p class='ocr_par' dir='ltr' id='par_1_24' title="bbox 394 2443 1981 2524">
     <span class='ocr_line' id='line_1_24' title="bbox 394 2443 1981 2524; baseline -0.006 -17"><span class='ocrx_word' id='word_1_185' title='bbox 394 2452 615 2524; x_wconf 76' lang='lat' dir='ltr'><strong>justitize</strong></span> <span class='ocrx_word' id='word_1_186' title='bbox 643 2450 869 2515; x_wconf 85' lang='lat' dir='ltr'><strong>habens,</strong></span> <span class='ocrx_word' id='word_1_187' title='bbox 892 2463 1001 2502; x_wconf 89' lang='lat' dir='ltr'><strong>non</strong></span> <span class='ocrx_word' id='word_1_188' title='bbox 1024 2446 1299 2517; x_wconf 79' lang='lat' dir='ltr'><strong>vulgarem</strong></span> <span class='ocrx_word' id='word_1_189' title='bbox 1324 2445 1509 2511; x_wconf 90' lang='lat' dir='ltr'><strong>illum;</strong></span> <span class='ocrx_word' id='word_1_190' title='bbox 1536 2453 1695 2511; x_wconf 89' lang='lat' dir='ltr'><strong>atque</strong></span> <span class='ocrx_word' id='word_1_191' title='bbox 1720 2443 1854 2498; x_wconf 88' lang='lat' dir='ltr'><strong>adeo</strong></span> <span class='ocrx_word' id='word_1_192' title='bbox 1873 2457 1981 2498; x_wconf 67' lang='lat' dir='ltr'><strong>cm-</strong></span> 
     </span>
    </p>
   </div>
   <div class='ocr_carea' id='block_1_25' title="bbox 394 2534 1983 2607">
    <p class='ocr_par' dir='ltr' id='par_1_25' title="bbox 394 2534 1983 2607">
     <span class='ocr_line' id='line_1_25' title="bbox 394 2534 1983 2607; baseline -0.007 -7"><span class='ocrx_word' id='word_1_193' title='bbox 394 2546 449 2600; x_wconf 94' lang='lat' dir='ltr'><strong>lo</strong></span> <span class='ocrx_word' id='word_1_194' title='bbox 477 2544 667 2599; x_wconf 87' lang='lat' dir='ltr'><strong>melior</strong></span> <span class='ocrx_word' id='word_1_195' title='bbox 695 2541 775 2595; x_wconf 86' lang='lat' dir='ltr'><strong>vir</strong></span> <span class='ocrx_word' id='word_1_196' title='bbox 806 2541 895 2597; x_wconf 91' lang='lat' dir='ltr'><strong>illc</strong></span> <span class='ocrx_word' id='word_1_197' title='bbox 917 2548 1049 2595; x_wconf 90' lang='lat' dir='ltr'><strong>erat.</strong></span> <span class='ocrx_word' id='word_1_198' title='bbox 1080 2542 1160 2594; x_wconf 79' lang='lat' dir='ltr'><strong>An</strong></span> <span class='ocrx_word' id='word_1_199' title='bbox 1187 2538 1289 2594; x_wconf 92' lang='lat' dir='ltr'><strong>hoc</strong></span> <span class='ocrx_word' id='word_1_200' title='bbox 1312 2552 1499 2607; x_wconf 84' lang='lat' dir='ltr'><strong>parum</strong></span> <span class='ocrx_word' id='word_1_201' title='bbox 1516 2551 1637 2591; x_wconf 88' lang='lat' dir='ltr'><strong>esse</strong></span> <span class='ocrx_word' id='word_1_202' title='bbox 1658 2534 1847 2606; x_wconf 85' lang='lat' dir='ltr'><strong>putas?</strong></span> <span class='ocrx_word' id='word_1_203' title='bbox 1870 2535 1983 2605; x_wconf 86' lang='lat' dir='ltr'><strong>Ego</strong></span> 
     </span>
    </p>
   </div>
   <div class='ocr_carea' id='block_1_26' title="bbox 395 2627 1982 2707">
    <p class='ocr_par' dir='ltr' id='par_1_26' title="bbox 395 2627 1982 2707">
     <span class='ocr_line' id='line_1_26' title="bbox 395 2627 1982 2707; baseline -0.003 -21"><span class='ocrx_word' id='word_1_204' title='bbox 395 2636 608 2707; x_wconf 84' lang='lat' dir='ltr'><strong>quidem</strong></span> <span class='ocrx_word' id='word_1_205' title='bbox 640 2649 746 2688; x_wconf 92' lang='lat' dir='ltr'><strong>non</strong></span> <span class='ocrx_word' id='word_1_206' title='bbox 765 2632 1034 2688; x_wconf 77' lang='lat' dir='ltr'><strong>existimo.</strong></span> <span class='ocrx_word' id='word_1_207' title='bbox 1055 2630 1189 2685; x_wconf 91' lang='lat' dir='ltr'><strong>Cum</strong></span> <span class='ocrx_word' id='word_1_208' title='bbox 1209 2629 1521 2700; x_wconf 88' lang='lat' dir='ltr'><strong>Apostolum</strong></span> <span class='ocrx_word' id='word_1_209' title='bbox 1549 2627 1770 2692; x_wconf 79' lang='lat' dir='ltr'><strong>dixeris,</strong></span> <span class='ocrx_word' id='word_1_210' title='bbox 1800 2628 1982 2682; x_wconf 86' lang='lat' dir='ltr'><strong>statim</strong></span> 
     </span>
    </p>
   </div>
   <div class='ocr_carea' id='block_1_27' title="bbox 394 2721 1983 2797">
    <p class='ocr_par' dir='ltr' id='par_1_27' title="bbox 394 2721 1983 2797">
     <span class='ocr_line' id='line_1_27' title="bbox 394 2721 1983 2797; baseline -0.007 -13"><span class='ocrx_word' id='word_1_211' title='bbox 394 2731 542 2785; x_wconf 91' lang='lat' dir='ltr'><strong>illum</strong></span> <span class='ocrx_word' id='word_1_212' title='bbox 570 2742 760 2783; x_wconf 78' lang='lat' dir='ltr'><strong>onities</strong></span> <span class='ocrx_word' id='word_1_213' title='bbox 779 2725 1122 2797; x_wconf 75' lang='lat' dir='ltr'><strong>cogitabant;</strong></span> <span class='ocrx_word' id='word_1_214' title='bbox 1157 2733 1213 2779; x_wconf 94' lang='lat' dir='ltr'><strong>ut</strong></span> <span class='ocrx_word' id='word_1_215' title='bbox 1233 2739 1358 2778; x_wconf 87' lang='lat' dir='ltr'><strong>cum</strong></span> <span class='ocrx_word' id='word_1_216' title='bbox 1384 2722 1674 2792; x_wconf 85' lang='lat' dir='ltr'><strong>Baptistam</strong></span> <span class='ocrx_word' id='word_1_217' title='bbox 1693 2721 1848 2785; x_wconf 92' lang='lat' dir='ltr'><strong>dicis,</strong></span> <span class='ocrx_word' id='word_1_218' title='bbox 1873 2730 1983 2775; x_wconf 91' lang='lat' dir='ltr'><strong>sta-</strong></span> 
     </span>
    </p>
   </div>
   <div class='ocr_carea' id='block_1_28' title="bbox 395 2811 1985 2888">
    <p class='ocr_par' dir='ltr' id='par_1_28' title="bbox 395 2811 1985 2888">
     <span class='ocr_line' id='line_1_28' title="bbox 395 2811 1985 2888; baseline -0.008 -12"><span class='ocrx_word' id='word_1_219' title='bbox 395 2822 489 2877; x_wconf 88' lang='lat' dir='ltr'><strong>tim</strong></span> <span class='ocrx_word' id='word_1_220' title='bbox 519 2821 755 2876; x_wconf 84' lang='lat' dir='ltr'><strong>Joannes</strong></span> <span class='ocrx_word' id='word_1_221' title='bbox 779 2819 1060 2888; x_wconf 71' lang='lat' dir='ltr'><strong>cogitatur.</strong></span> <span class='ocrx_word' id='word_1_222' title='bbox 1094 2816 1191 2871; x_wconf 87' lang='lat' dir='ltr'><strong>Cui</strong></span> <span class='ocrx_word' id='word_1_223' title='bbox 1215 2815 1293 2869; x_wconf 85' lang='lat' dir='ltr'><strong>rei</strong></span> <span class='ocrx_word' id='word_1_224' title='bbox 1320 2814 1442 2884; x_wconf 88' lang='lat' dir='ltr'><strong>quis</strong></span> <span class='ocrx_word' id='word_1_225' title='bbox 1469 2813 1612 2868; x_wconf 91' lang='lat' dir='ltr'><strong>illius</strong></span> <span class='ocrx_word' id='word_1_226' title='bbox 1639 2811 1805 2867; x_wconf 86' lang='lat' dir='ltr'><strong>verba</strong></span> <span class='ocrx_word' id='word_1_227' title='bbox 1834 2826 1985 2865; x_wconf 90' lang='lat' dir='ltr'><strong>com-</strong></span> 
     </span>
    </p>
   </div>
   <div class='ocr_carea' id='block_1_29' title="bbox 394 2902 1981 2983">
    <p class='ocr_par' dir='ltr' id='par_1_29' title="bbox 394 2902 1981 2983">
     <span class='ocr_line' id='line_1_29' title="bbox 394 2902 1981 2983; baseline -0.006 -17"><span class='ocrx_word' id='word_1_228' title='bbox 394 2912 696 2983; x_wconf 80' lang='lat' dir='ltr'><strong>paraverit?</strong></span> <span class='ocrx_word' id='word_1_229' title='bbox 724 2910 895 2978; x_wconf 88' lang='lat' dir='ltr'><strong>mari,</strong></span> <span class='ocrx_word' id='word_1_230' title='bbox 927 2924 995 2963; x_wconf 90' lang='lat' dir='ltr'><strong>an</strong></span> <span class='ocrx_word' id='word_1_231' title='bbox 1025 2907 1273 2963; x_wconf 80' lang='lat' dir='ltr'><strong>Oceano?</strong></span> <span class='ocrx_word' id='word_1_232' title='bbox 1300 2906 1407 2962; x_wconf 89' lang='lat' dir='ltr'><strong>Sed</strong></span> <span class='ocrx_word' id='word_1_233' title='bbox 1448 2905 1580 2960; x_wconf 87' lang='lat' dir='ltr'><strong>nihil</strong></span> <span class='ocrx_word' id='word_1_234' title='bbox 1621 2920 1723 2975; x_wconf 74' lang='lat' dir='ltr'><strong>par</strong></span> <span class='ocrx_word' id='word_1_235' title='bbox 1746 2902 1850 2958; x_wconf 87' lang='lat' dir='ltr'><strong>illis</strong></span> <span class='ocrx_word' id='word_1_236' title='bbox 1877 2911 1981 2958; x_wconf 87' lang='lat' dir='ltr'><strong>est.</strong></span> 
     </span>
    </p>
   </div>
   <div class='ocr_carea' id='block_1_30' title="bbox 397 2994 1984 3074">
    <p class='ocr_par' dir='ltr' id='par_1_30' title="bbox 397 2994 1984 3074">
     <span class='ocr_line' id='line_1_30' title="bbox 397 2994 1984 3074; baseline -0.008 -16"><span class='ocrx_word' id='word_1_237' title='bbox 397 3004 565 3074; x_wconf 83' lang='lat' dir='ltr'><strong>llujus</strong></span> <span class='ocrx_word' id='word_1_238' title='bbox 587 3003 761 3055; x_wconf 83' lang='lat' dir='ltr'><strong>fluxus</strong></span> <span class='ocrx_word' id='word_1_239' title='bbox 784 3001 941 3070; x_wconf 88' lang='lat' dir='ltr'><strong>longe</strong></span> <span class='ocrx_word' id='word_1_240' title='bbox 963 3008 1088 3054; x_wconf 90' lang='lat' dir='ltr'><strong>sunt</strong></span> <span class='ocrx_word' id='word_1_241' title='bbox 1111 2998 1333 3053; x_wconf 87' lang='lat' dir='ltr'><strong>marinis</strong></span> <span class='ocrx_word' id='word_1_242' title='bbox 1362 2996 1774 3067; x_wconf 80' lang='lat' dir='ltr'><strong>frequentiores,</strong></span> <span class='ocrx_word' id='word_1_243' title='bbox 1800 2994 1984 3064; x_wconf 88' lang='lat' dir='ltr'><strong>purio-</strong></span> 
     </span>
    </p>
   </div>
   <div class='ocr_carea' id='block_1_31' title="bbox 394 3085 1983 3161">
    <p class='ocr_par' dir='ltr' id='par_1_31' title="bbox 394 3085 1983 3161">
     <span class='ocr_line' id='line_1_31' title="bbox 394 3085 1983 3161; baseline -0.006 -13"><span class='ocrx_word' id='word_1_244' title='bbox 394 3109 487 3149; x_wconf 88' lang='lat' dir='ltr'><strong>res</strong></span> <span class='ocrx_word' id='word_1_245' title='bbox 508 3136 523 3159; x_wconf 92' lang='lat'><strong>,</strong></span> <span class='ocrx_word' id='word_1_246' title='bbox 553 3090 961 3161; x_wconf 86' lang='lat' dir='ltr'><strong>profundiores;</strong></span> <span class='ocrx_word' id='word_1_247' title='bbox 1007 3100 1065 3142; x_wconf 90' lang='lat' dir='ltr'><strong>ut</strong></span> <span class='ocrx_word' id='word_1_248' title='bbox 1094 3104 1199 3142; x_wconf 90' lang='lat' dir='ltr'><strong>non</strong></span> <span class='ocrx_word' id='word_1_249' title='bbox 1234 3088 1565 3141; x_wconf 86' lang='lat' dir='ltr'><strong>aberraverit</strong></span> <span class='ocrx_word' id='word_1_250' title='bbox 1594 3087 1683 3156; x_wconf 92' lang='lat' dir='ltr'><strong>qui</strong></span> <span class='ocrx_word' id='word_1_251' title='bbox 1709 3100 1803 3141; x_wconf 88' lang='lat' dir='ltr'><strong>eor</strong></span> <span class='ocrx_word' id='word_1_252' title='bbox 1832 3085 1983 3139; x_wconf 89' lang='lat' dir='ltr'><strong>Pauli</strong></span> 
     </span>
    </p>
   </div>
   <div class='ocr_carea' id='block_1_32' title="bbox 398 3179 1982 3248">
    <p class='ocr_par' dir='ltr' id='par_1_32' title="bbox 398 3179 1982 3248">
     <span class='ocr_line' id='line_1_32' title="bbox 398 3179 1982 3248; baseline -0.006 -7"><span class='ocrx_word' id='word_1_253' title='bbox 398 3201 545 3241; x_wconf 88' lang='lat' dir='ltr'><strong>mare</strong></span> <span class='ocrx_word' id='word_1_254' title='bbox 590 3195 645 3239; x_wconf 91' lang='lat' dir='ltr'><strong>et</strong></span> <span class='ocrx_word' id='word_1_255' title='bbox 678 3183 868 3239; x_wconf 62' lang='lat' dir='ltr'><strong>caelum</strong></span> <span class='ocrx_word' id='word_1_256' title='bbox 905 3196 1026 3237; x_wconf 88' lang='lat' dir='ltr'><strong>esse</strong></span> <span class='ocrx_word' id='word_1_257' title='bbox 1068 3182 1263 3236; x_wconf 79' lang='lat' dir='ltr'><strong>dixerit</strong></span> <span class='ocrx_word' id='word_1_258' title='bbox 1294 3197 1307 3234; x_wconf 91' lang='lat'><strong>:</strong></span> <span class='ocrx_word' id='word_1_259' title='bbox 1338 3181 1528 3235; x_wconf 62' lang='lat' dir='ltr'><strong>caelum</strong></span> <span class='ocrx_word' id='word_1_260' title='bbox 1564 3181 1635 3236; x_wconf 88' lang='lat' dir='ltr'><strong>ob</strong></span> <span class='ocrx_word' id='word_1_261' title='bbox 1661 3179 1944 3248; x_wconf 89' lang='lat' dir='ltr'><strong>puritatem</strong></span> <span class='ocrx_word' id='word_1_262' title='bbox 1967 3218 1982 3244; x_wconf 93' lang='lat'><strong>,</strong></span> 
     </span>
    </p>
   </div>
   <div class='ocr_carea' id='block_1_33' title="bbox 399 3270 1981 3345">
    <p class='ocr_par' dir='ltr' id='par_1_33' title="bbox 399 3270 1981 3345">
     <span class='ocr_line' id='line_1_33' title="bbox 399 3270 1981 3345; baseline -0.004 -14"><span class='ocrx_word' id='word_1_263' title='bbox 399 3292 548 3331; x_wconf 88' lang='lat' dir='ltr'><strong>mare</strong></span> <span class='ocrx_word' id='word_1_264' title='bbox 575 3277 644 3331; x_wconf 91' lang='lat' dir='ltr'><strong>ob</strong></span> <span class='ocrx_word' id='word_1_265' title='bbox 670 3273 1109 3345; x_wconf 79' lang='lat' dir='ltr'><strong>profunditatem.</strong></span> <span class='ocrx_word' id='word_1_266' title='bbox 1141 3271 1287 3327; x_wconf 80' lang='lat' dir='ltr'><strong>Mare</strong></span> <span class='ocrx_word' id='word_1_267' title='bbox 1308 3280 1412 3335; x_wconf 88' lang='lat' dir='ltr'><strong>est,</strong></span> <span class='ocrx_word' id='word_1_268' title='bbox 1438 3286 1543 3325; x_wconf 91' lang='lat' dir='ltr'><strong>non</strong></span> <span class='ocrx_word' id='word_1_269' title='bbox 1567 3270 1709 3341; x_wconf 91' lang='lat' dir='ltr'><strong>quod</strong></span> <span class='ocrx_word' id='word_1_270' title='bbox 1734 3270 1981 3341; x_wconf 79' lang='lat' dir='ltr'><strong>navigan-</strong></span> 
     </span>
    </p>
   </div>
   <div class='ocr_carea' id='block_1_34' title="bbox 399 3360 1986 3430">
    <p class='ocr_par' dir='ltr' id='par_1_34' title="bbox 399 3360 1986 3430">
     <span class='ocr_line' id='line_1_34' title="bbox 399 3360 1986 3430; baseline -0.004 -7"><span class='ocrx_word' id='word_1_271' title='bbox 399 3378 478 3423; x_wconf 87' lang='lat' dir='ltr'><strong>tes</strong></span> <span class='ocrx_word' id='word_1_272' title='bbox 503 3366 571 3421; x_wconf 90' lang='lat' dir='ltr'><strong>ab</strong></span> <span class='ocrx_word' id='word_1_273' title='bbox 596 3366 729 3422; x_wconf 88' lang='lat' dir='ltr'><strong>urbe</strong></span> <span class='ocrx_word' id='word_1_274' title='bbox 757 3365 809 3419; x_wconf 93' lang='lat' dir='ltr'><strong>in</strong></span> <span class='ocrx_word' id='word_1_275' title='bbox 840 3363 1027 3419; x_wconf 90' lang='lat' dir='ltr'><strong>urbem</strong></span> <span class='ocrx_word' id='word_1_276' title='bbox 1055 3362 1234 3430; x_wconf 85' lang='lat' dir='ltr'><strong>ducat,</strong></span> <span class='ocrx_word' id='word_1_277' title='bbox 1264 3360 1359 3417; x_wconf 91' lang='lat' dir='ltr'><strong>sed</strong></span> <span class='ocrx_word' id='word_1_278' title='bbox 1380 3377 1409 3414; x_wconf 92' lang='lat' dir='ltr'><strong>a</strong></span> <span class='ocrx_word' id='word_1_279' title='bbox 1442 3372 1581 3416; x_wconf 88' lang='lat' dir='ltr'><strong>terra</strong></span> <span class='ocrx_word' id='word_1_280' title='bbox 1607 3362 1660 3415; x_wconf 86' lang='lat' dir='ltr'><strong>in</strong></span> <span class='ocrx_word' id='word_1_281' title='bbox 1682 3361 1905 3417; x_wconf 67' lang='lat' dir='ltr'><strong>caalum:</strong></span> <span class='ocrx_word' id='word_1_282' title='bbox 1940 3362 1986 3417; x_wconf 87' lang='lat' dir='ltr'><strong>si</strong></span> 
     </span>
    </p>
   </div>
   <div class='ocr_carea' id='block_1_35' title="bbox 397 3452 1986 3530">
    <p class='ocr_par' dir='ltr' id='par_1_35' title="bbox 397 3452 1986 3530">
     <span class='ocr_line' id='line_1_35' title="bbox 397 3452 1986 3530; baseline -0.001 -19"><span class='ocrx_word' id='word_1_283' title='bbox 397 3458 517 3530; x_wconf 90' lang='lat' dir='ltr'><strong>quis</strong></span> <span class='ocrx_word' id='word_1_284' title='bbox 559 3457 661 3512; x_wconf 89' lang='lat' dir='ltr'><strong>hoc</strong></span> <span class='ocrx_word' id='word_1_285' title='bbox 706 3471 857 3511; x_wconf 91' lang='lat' dir='ltr'><strong>mare</strong></span> <span class='ocrx_word' id='word_1_286' title='bbox 890 3457 1141 3525; x_wconf 76' lang='lat' dir='ltr'><strong>naviget,</strong></span> <span class='ocrx_word' id='word_1_287' title='bbox 1172 3452 1404 3508; x_wconf 89' lang='lat' dir='ltr'><strong>secunda</strong></span> <span class='ocrx_word' id='word_1_288' title='bbox 1447 3466 1577 3506; x_wconf 89' lang='lat' dir='ltr'><strong>aura</strong></span> <span class='ocrx_word' id='word_1_289' title='bbox 1607 3452 1897 3522; x_wconf 88' lang='lat' dir='ltr'><strong>navigabit.</strong></span> <span class='ocrx_word' id='word_1_290' title='bbox 1925 3453 1986 3509; x_wconf 85' lang='lat' dir='ltr'><strong>ln</strong></span> 
     </span>
    </p>
   </div>
   <div class='ocr_carea' id='block_1_36' title="bbox 403 3544 1985 3616">
    <p class='ocr_par' dir='ltr' id='par_1_36' title="bbox 403 3544 1985 3616">
     <span class='ocr_line' id='line_1_36' title="bbox 403 3544 1985 3616; baseline -0.003 -12"><span class='ocrx_word' id='word_1_291' title='bbox 403 3551 505 3605; x_wconf 90' lang='lat' dir='ltr'><strong>hoc</strong></span> <span class='ocrx_word' id='word_1_292' title='bbox 532 3549 664 3604; x_wconf 91' lang='lat' dir='ltr'><strong>mari</strong></span> <span class='ocrx_word' id='word_1_293' title='bbox 696 3564 803 3604; x_wconf 91' lang='lat' dir='ltr'><strong>non</strong></span> <span class='ocrx_word' id='word_1_294' title='bbox 829 3547 975 3603; x_wconf 91' lang='lat' dir='ltr'><strong>venti</strong></span> <span class='ocrx_word' id='word_1_295' title='bbox 1002 3556 1145 3611; x_wconf 90' lang='lat' dir='ltr'><strong>sunt,</strong></span> <span class='ocrx_word' id='word_1_296' title='bbox 1174 3545 1268 3600; x_wconf 89' lang='lat' dir='ltr'><strong>sed</strong></span> <span class='ocrx_word' id='word_1_297' title='bbox 1310 3545 1426 3599; x_wconf 84' lang='lat' dir='ltr'><strong>vice</strong></span> <span class='ocrx_word' id='word_1_298' title='bbox 1471 3545 1613 3599; x_wconf 88' lang='lat' dir='ltr'><strong>venti</strong></span> <span class='ocrx_word' id='word_1_299' title='bbox 1641 3544 1873 3616; x_wconf 90' lang='lat' dir='ltr'><strong>Spiritus</strong></span> <span class='ocrx_word' id='word_1_300' title='bbox 1900 3546 1985 3601; x_wconf 89' lang='lat' dir='ltr'><strong>di-</strong></span> 
     </span>
    </p>
   </div>
   <div class='ocr_carea' id='block_1_37' title="bbox 405 3636 1987 3708">
    <p class='ocr_par' dir='ltr' id='par_1_37' title="bbox 405 3636 1987 3708">
     <span class='ocr_line' id='line_1_37' title="bbox 405 3636 1987 3708; baseline 0 -15"><span class='ocrx_word' id='word_1_301' title='bbox 405 3642 564 3695; x_wconf 82' lang='lat' dir='ltr'><strong>vinus</strong></span> <span class='ocrx_word' id='word_1_302' title='bbox 587 3650 641 3694; x_wconf 85' lang='lat' dir='ltr'><strong>et</strong></span> <span class='ocrx_word' id='word_1_303' title='bbox 686 3648 905 3694; x_wconf 89' lang='lat' dir='ltr'><strong>sanctus</strong></span> <span class='ocrx_word' id='word_1_304' title='bbox 933 3639 1242 3708; x_wconf 76' lang='lat' dir='ltr'><strong>navigantes</strong></span> <span class='ocrx_word' id='word_1_305' title='bbox 1270 3637 1478 3691; x_wconf 88' lang='lat' dir='ltr'><strong>animas</strong></span> <span class='ocrx_word' id='word_1_306' title='bbox 1502 3636 1648 3692; x_wconf 85' lang='lat' dir='ltr'><strong>vehit</strong></span> <span class='ocrx_word' id='word_1_307' title='bbox 1676 3654 1691 3690; x_wconf 90' lang='lat'><strong>:</strong></span> <span class='ocrx_word' id='word_1_308' title='bbox 1729 3652 1837 3692; x_wconf 93' lang='lat' dir='ltr'><strong>non</strong></span> <span class='ocrx_word' id='word_1_309' title='bbox 1862 3647 1987 3693; x_wconf 88' lang='lat' dir='ltr'><strong>sunt</strong></span> 
     </span>
    </p>
   </div>
   <div class='ocr_carea' id='block_1_38' title="bbox 407 3729 1985 3800">
    <p class='ocr_par' dir='ltr' id='par_1_38' title="bbox 407 3729 1985 3800">
     <span class='ocr_line' id='line_1_38' title="bbox 407 3729 1985 3800; baseline -0.002 -12"><span class='ocrx_word' id='word_1_310' title='bbox 407 3734 496 3789; x_wconf 83' lang='lat' dir='ltr'><strong>hic</strong></span> <span class='ocrx_word' id='word_1_311' title='bbox 540 3731 751 3797; x_wconf 79' lang='lat' dir='ltr'><strong>ï¬‚uctus,</strong></span> <span class='ocrx_word' id='word_1_312' title='bbox 800 3746 905 3785; x_wconf 93' lang='lat' dir='ltr'><strong>non</strong></span> <span class='ocrx_word' id='word_1_313' title='bbox 945 3739 1030 3786; x_wconf 84' lang='lat' dir='ltr'><strong>est</strong></span> <span class='ocrx_word' id='word_1_314' title='bbox 1070 3730 1351 3800; x_wconf 77' lang='lat' dir='ltr'><strong>scopulus,</strong></span> <span class='ocrx_word' id='word_1_315' title='bbox 1392 3745 1496 3784; x_wconf 87' lang='lat' dir='ltr'><strong>non</strong></span> <span class='ocrx_word' id='word_1_316' title='bbox 1536 3729 1767 3787; x_wconf 70' lang='lat' dir='ltr'><strong>bellum:</strong></span> <span class='ocrx_word' id='word_1_317' title='bbox 1807 3730 1985 3785; x_wconf 91' lang='lat' dir='ltr'><strong>omnia</strong></span> 
     </span>
    </p>
   </div>
   <div class='ocr_carea' id='block_1_39' title="bbox 402 3822 1985 3894">
    <p class='ocr_par' dir='ltr' id='par_1_39' title="bbox 402 3822 1985 3894">
     <span class='ocr_line' id='line_1_39' title="bbox 402 3822 1985 3894; baseline -0.003 -14"><span class='ocrx_word' id='word_1_318' title='bbox 402 3824 688 3894; x_wconf 77' lang='lat' dir='ltr'><strong>tranquilla</strong></span> <span class='ocrx_word' id='word_1_319' title='bbox 716 3831 860 3879; x_wconf 88' lang='lat' dir='ltr'><strong>sunt.</strong></span> <span class='ocrx_word' id='word_1_320' title='bbox 889 3822 1033 3877; x_wconf 76' lang='lat' dir='ltr'><strong>Mare</strong></span> <span class='ocrx_word' id='word_1_321' title='bbox 1062 3831 1145 3877; x_wconf 90' lang='lat' dir='ltr'><strong>est</strong></span> <span class='ocrx_word' id='word_1_322' title='bbox 1176 3830 1330 3891; x_wconf 85' lang='lat' dir='ltr'><strong>portu</strong></span> <span class='ocrx_word' id='word_1_323' title='bbox 1353 3822 1694 3892; x_wconf 88' lang='lat' dir='ltr'><strong>tranquillius</strong></span> <span class='ocrx_word' id='word_1_324' title='bbox 1717 3832 1771 3878; x_wconf 86' lang='lat' dir='ltr'><strong>et</strong></span> <span class='ocrx_word' id='word_1_325' title='bbox 1797 3823 1985 3891; x_wconf 85' lang='lat' dir='ltr'><strong>tutius,</strong></span> 
     </span>
    </p>
   </div>
   <div class='ocr_carea' id='block_1_40' title="bbox 406 3912 1987 3984">
    <p class='ocr_par' dir='ltr' id='par_1_40' title="bbox 406 3912 1987 3984">
     <span class='ocr_line' id='line_1_40' title="bbox 406 3912 1987 3984; baseline 0 -13"><span class='ocrx_word' id='word_1_326' title='bbox 406 3916 541 3972; x_wconf 83' lang='lat' dir='ltr'><strong>nihil</strong></span> <span class='ocrx_word' id='word_1_327' title='bbox 567 3915 767 3971; x_wconf 88' lang='lat' dir='ltr'><strong>salsum</strong></span> <span class='ocrx_word' id='word_1_328' title='bbox 799 3913 1025 3983; x_wconf 86' lang='lat' dir='ltr'><strong>habens,</strong></span> <span class='ocrx_word' id='word_1_329' title='bbox 1054 3914 1148 3970; x_wconf 89' lang='lat' dir='ltr'><strong>sed</strong></span> <span class='ocrx_word' id='word_1_330' title='bbox 1172 3912 1373 3969; x_wconf 85' lang='lat' dir='ltr'><strong>fontem</strong></span> <span class='ocrx_word' id='word_1_331' title='bbox 1399 3929 1614 3984; x_wconf 84' lang='lat' dir='ltr'><strong>purum,</strong></span> <span class='ocrx_word' id='word_1_332' title='bbox 1646 3912 1987 3971; x_wconf 84' lang='lat' dir='ltr'><strong>dulcissimos</strong></span> 
     </span>
    </p>
   </div>
   <div class='ocr_carea' id='block_1_41' title="bbox 404 4003 1982 4078">
    <p class='ocr_par' dir='ltr' id='par_1_41' title="bbox 404 4003 1982 4078">
     <span class='ocr_line' id='line_1_41' title="bbox 404 4003 1982 4078; baseline -0.001 -16"><span class='ocrx_word' id='word_1_333' title='bbox 404 4009 591 4066; x_wconf 82' lang='lat' dir='ltr'><strong>latices</strong></span> <span class='ocrx_word' id='word_1_334' title='bbox 639 4008 998 4075; x_wconf 80' lang='lat' dir='ltr'><strong>emittentem,</strong></span> <span class='ocrx_word' id='word_1_335' title='bbox 1044 4006 1157 4062; x_wconf 87' lang='lat' dir='ltr'><strong>sole</strong></span> <span class='ocrx_word' id='word_1_336' title='bbox 1182 4005 1517 4077; x_wconf 87' lang='lat' dir='ltr'><strong>splendidius</strong></span> <span class='ocrx_word' id='word_1_337' title='bbox 1544 4015 1601 4063; x_wconf 85' lang='lat' dir='ltr'><strong>et</strong></span> <span class='ocrx_word' id='word_1_338' title='bbox 1630 4003 1982 4078; x_wconf 75' lang='lat' dir='ltr'><strong>pellucidius&#39;</strong></span> 
     </span>
    </p>
   </div>
   <div class='ocr_carea' id='block_1_42' title="bbox 1097 315 2958 385">
    <p class='ocr_par' dir='ltr' id='par_1_42' title="bbox 1097 315 2958 385">
     <span class='ocr_line' id='line_1_42' title="bbox 1097 315 2958 385; baseline -0.006 0"><span class='ocrx_word' id='word_1_339' title='bbox 1097 327 1156 385; x_wconf 88' lang='lat' dir='ltr'><strong>S.</strong></span> <span class='ocrx_word' id='word_1_340' title='bbox 1192 323 1483 384; x_wconf 71' lang='lat' dir='ltr'><strong>JOANNIS</strong></span> <span class='ocrx_word' id='word_1_341' title='bbox 1516 321 2016 380; x_wconf 63' lang='lat' dir='ltr'><strong>CHRYSOSâ€™Iâ€™OMI</strong></span> <span class='ocrx_word' id='word_1_342' title='bbox 2048 322 2371 375; x_wconf 68' lang='lat' dir='ltr'><strong>AllUliEP.</strong></span> <span class='ocrx_word' id='word_1_343' title='bbox 2408 315 2958 375; x_wconf 63' lang='grc' dir='ltr'><strong>Ï…Ï…ÎÎ´á½·Î”Îá¼¸á¿›ÎÎŸÎ¡.</strong></span> 
     </span>
    </p>
   </div>
   <div class='ocr_carea' id='block_1_43' title="bbox 3539 316 3639 372">
    <p class='ocr_par' dir='ltr' id='par_1_43' title="bbox 3539 316 3639 372">
     <span class='ocr_line' id='line_1_43' title="bbox 3539 316 3639 372; baseline 0 0"><span class='ocrx_word' id='word_1_344' title='bbox 3539 316 3639 372; x_wconf 70' lang='grc'><strong>â€™584</strong></span> 
     </span>
    </p>
   </div>
   <div class='ocr_carea' id='block_1_44' title="bbox 2078 423 3661 495">
    <p class='ocr_par' dir='ltr' id='par_1_44' title="bbox 2078 423 3661 495">
     <span class='ocr_line' id='line_1_44' title="bbox 2078 423 3661 495; baseline -0.006 -10"><span class='ocrx_word' id='word_1_345' title='bbox 2078 444 2224 485; x_wconf 89' lang='lat' dir='ltr'><strong>mare</strong></span> <span class='ocrx_word' id='word_1_346' title='bbox 2251 436 2366 492; x_wconf 84' lang='lat' dir='ltr'><strong>est,</strong></span> <span class='ocrx_word' id='word_1_347' title='bbox 2401 441 2508 482; x_wconf 92' lang='lat' dir='ltr'><strong>non</strong></span> <span class='ocrx_word' id='word_1_348' title='bbox 2536 426 2739 495; x_wconf 83' lang='lat' dir='ltr'><strong>lapides</strong></span> <span class='ocrx_word' id='word_1_349' title='bbox 2769 425 2973 480; x_wconf 89' lang='lat' dir='ltr'><strong>habens</strong></span> <span class='ocrx_word' id='word_1_350' title='bbox 3003 423 3299 495; x_wconf 89' lang='lat' dir='ltr'><strong>pretiosos,</strong></span> <span class='ocrx_word' id='word_1_351' title='bbox 3328 437 3429 480; x_wconf 91' lang='lat' dir='ltr'><strong>nec</strong></span> <span class='ocrx_word' id='word_1_352' title='bbox 3456 439 3661 495; x_wconf 76' lang='lat' dir='ltr'><strong>purpu.</strong></span> 
     </span>
    </p>
   </div>
   <div class='ocr_carea' id='block_1_45' title="bbox 2075 513 3661 586">
    <p class='ocr_par' dir='ltr' id='par_1_45' title="bbox 2075 513 3661 586">
     <span class='ocr_line' id='line_1_45' title="bbox 2075 513 3661 586; baseline 0.004 -22"><span class='ocrx_word' id='word_1_353' title='bbox 2075 527 2189 566; x_wconf 82' lang='lat' dir='ltr'><strong>rant</strong></span> <span class='ocrx_word' id='word_1_354' title='bbox 2219 554 2233 577; x_wconf 91' lang='lat'><strong>,</strong></span> <span class='ocrx_word' id='word_1_355' title='bbox 2263 515 2356 569; x_wconf 90' lang='lat' dir='ltr'><strong>sed</strong></span> <span class='ocrx_word' id='word_1_356' title='bbox 2388 515 2547 586; x_wconf 86' lang='lat' dir='ltr'><strong>longe</strong></span> <span class='ocrx_word' id='word_1_357' title='bbox 2576 516 2659 570; x_wconf 91' lang='lat' dir='ltr'><strong>his</strong></span> <span class='ocrx_word' id='word_1_358' title='bbox 2683 514 2929 571; x_wconf 89' lang='lat' dir='ltr'><strong>meliora.</strong></span> <span class='ocrx_word' id='word_1_359' title='bbox 2963 514 3061 583; x_wconf 84' lang='lat' dir='ltr'><strong>Qui</strong></span> <span class='ocrx_word' id='word_1_360' title='bbox 3087 514 3204 569; x_wconf 90' lang='lat' dir='ltr'><strong>vult</strong></span> <span class='ocrx_word' id='word_1_361' title='bbox 3229 515 3282 569; x_wconf 87' lang='lat' dir='ltr'><strong>in</strong></span> <span class='ocrx_word' id='word_1_362' title='bbox 3306 513 3409 569; x_wconf 89' lang='lat' dir='ltr'><strong>hoc</strong></span> <span class='ocrx_word' id='word_1_363' title='bbox 3440 515 3661 584; x_wconf 83' lang='lat' dir='ltr'><strong>pelagus</strong></span> 
     </span>
    </p>
   </div>
   <div class='ocr_carea' id='block_1_46' title="bbox 2072 602 3661 675">
    <p class='ocr_par' dir='ltr' id='par_1_46' title="bbox 2072 602 3661 675">
     <span class='ocr_line' id='line_1_46' title="bbox 2072 602 3661 675; baseline 0.002 -18"><span class='ocrx_word' id='word_1_364' title='bbox 2072 602 2423 671; x_wconf 76' lang='lat' dir='ltr'><strong>descendere,</strong></span> <span class='ocrx_word' id='word_1_365' title='bbox 2468 622 2573 660; x_wconf 86' lang='lat' dir='ltr'><strong>non</strong></span> <span class='ocrx_word' id='word_1_366' title='bbox 2596 620 2729 675; x_wconf 91' lang='lat' dir='ltr'><strong>opus</strong></span> <span class='ocrx_word' id='word_1_367' title='bbox 2770 606 2929 661; x_wconf 82' lang='lat' dir='ltr'><strong>habet</strong></span> <span class='ocrx_word' id='word_1_368' title='bbox 2965 606 3325 661; x_wconf 87' lang='lat' dir='ltr'><strong>urinatorihus</strong></span> <span class='ocrx_word' id='word_1_369' title='bbox 3371 606 3455 660; x_wconf 91' lang='lat' dir='ltr'><strong>vel</strong></span> <span class='ocrx_word' id='word_1_370' title='bbox 3501 605 3661 674; x_wconf 88' lang='lat' dir='ltr'><strong>oleo,</strong></span> 
     </span>
    </p>
   </div>
   <div class='ocr_carea' id='block_1_47' title="bbox 2072 696 3659 767">
    <p class='ocr_par' dir='ltr' id='par_1_47' title="bbox 2072 696 3659 767">
     <span class='ocr_line' id='line_1_47' title="bbox 2072 696 3659 767; baseline -0.002 -15"><span class='ocrx_word' id='word_1_371' title='bbox 2072 696 2166 752; x_wconf 83' lang='lat' dir='ltr'><strong>sed</strong></span> <span class='ocrx_word' id='word_1_372' title='bbox 2191 697 2526 767; x_wconf 87' lang='lat' dir='ltr'><strong>philosophia</strong></span> <span class='ocrx_word' id='word_1_373' title='bbox 2556 699 2719 754; x_wconf 88' lang='lat' dir='ltr'><strong>multa</strong></span> <span class='ocrx_word' id='word_1_374' title='bbox 2752 716 2765 752; x_wconf 91' lang='lat'>:</span> <span class='ocrx_word' id='word_1_375' title='bbox 2799 698 3035 753; x_wconf 86' lang='lat' dir='ltr'><strong>inveniet</strong></span> <span class='ocrx_word' id='word_1_376' title='bbox 3063 698 3116 752; x_wconf 92' lang='lat' dir='ltr'><strong>in</strong></span> <span class='ocrx_word' id='word_1_377' title='bbox 3139 698 3254 766; x_wconf 92' lang='lat' dir='ltr'><strong>ipso</strong></span> <span class='ocrx_word' id='word_1_378' title='bbox 3281 699 3462 752; x_wconf 88' lang='lat' dir='ltr'><strong>omnia</strong></span> <span class='ocrx_word' id='word_1_379' title='bbox 3496 698 3659 758; x_wconf 85' lang='lat' dir='ltr'><strong>bona.</strong></span> 
     </span>
    </p>
   </div>
   <div class='ocr_carea' id='block_1_48' title="bbox 2072 788 3661 859">
    <p class='ocr_par' dir='ltr' id='par_1_48' title="bbox 2072 788 3661 859">
     <span class='ocr_line' id='line_1_48' title="bbox 2072 788 3661 859; baseline 0.001 -18"><span class='ocrx_word' id='word_1_380' title='bbox 2072 802 2190 856; x_wconf 70' lang='lat' dir='ltr'><strong>qua:</strong></span> <span class='ocrx_word' id='word_1_381' title='bbox 2211 798 2336 842; x_wconf 88' lang='lat' dir='ltr'><strong>sunt</strong></span> <span class='ocrx_word' id='word_1_382' title='bbox 2365 789 2415 842; x_wconf 92' lang='lat' dir='ltr'><strong>in</strong></span> <span class='ocrx_word' id='word_1_383' title='bbox 2445 803 2611 859; x_wconf 88' lang='lat' dir='ltr'><strong>regno</strong></span> <span class='ocrx_word' id='word_1_384' title='bbox 2637 789 2916 844; x_wconf 72' lang='lat' dir='ltr'><strong>caelorum.</strong></span> <span class='ocrx_word' id='word_1_385' title='bbox 2942 788 3044 856; x_wconf 85' lang='lat' dir='ltr'><strong>Qui</strong></span> <span class='ocrx_word' id='word_1_386' title='bbox 3067 788 3185 843; x_wconf 88' lang='lat' dir='ltr'><strong>talis</strong></span> <span class='ocrx_word' id='word_1_387' title='bbox 3213 798 3323 855; x_wconf 85' lang='lat' dir='ltr'><strong>est,</strong></span> <span class='ocrx_word' id='word_1_388' title='bbox 3343 789 3538 859; x_wconf 83' lang='lat' dir='ltr'><strong>poterit</strong></span> <span class='ocrx_word' id='word_1_389' title='bbox 3565 803 3661 842; x_wconf 90' lang='lat' dir='ltr'><strong>rex</strong></span> 
     </span>
    </p>
   </div>
   <div class='ocr_carea' id='block_1_49' title="bbox 2072 880 3662 954">
    <p class='ocr_par' dir='ltr' id='par_1_49' title="bbox 2072 880 3662 954">
     <span class='ocr_line' id='line_1_49' title="bbox 2072 880 3662 954; baseline -0.001 -17"><span class='ocrx_word' id='word_1_390' title='bbox 2072 895 2194 937; x_wconf 87' lang='lat' dir='ltr'><strong>esse</strong></span> <span class='ocrx_word' id='word_1_391' title='bbox 2214 923 2228 946; x_wconf 87' lang='lat'><strong>,</strong></span> <span class='ocrx_word' id='word_1_392' title='bbox 2251 892 2305 937; x_wconf 89' lang='lat' dir='ltr'><strong>et</strong></span> <span class='ocrx_word' id='word_1_393' title='bbox 2336 892 2504 936; x_wconf 91' lang='lat' dir='ltr'><strong>totum</strong></span> <span class='ocrx_word' id='word_1_394' title='bbox 2530 883 2790 937; x_wconf 87' lang='lat' dir='ltr'><strong>mundum</strong></span> <span class='ocrx_word' id='word_1_395' title='bbox 2809 882 3054 952; x_wconf 83' lang='lat' dir='ltr'><strong>accipere</strong></span> <span class='ocrx_word' id='word_1_396' title='bbox 3072 922 3086 946; x_wconf 92' lang='lat'><strong>,</strong></span> <span class='ocrx_word' id='word_1_397' title='bbox 3117 896 3346 954; x_wconf 68' lang='lat' dir='ltr'><strong>esquue</strong></span> <span class='ocrx_word' id='word_1_398' title='bbox 3376 882 3427 935; x_wconf 91' lang='lat' dir='ltr'><strong>in</strong></span> <span class='ocrx_word' id='word_1_399' title='bbox 3457 880 3662 935; x_wconf 81' lang='lat' dir='ltr'><strong>honore</strong></span> 
     </span>
    </p>
   </div>
   <div class='ocr_carea' id='block_1_50' title="bbox 2073 972 3659 1044">
    <p class='ocr_par' dir='ltr' id='par_1_50' title="bbox 2073 972 3659 1044">
     <span class='ocr_line' id='line_1_50' title="bbox 2073 972 3659 1044; baseline 0.001 -19"><span class='ocrx_word' id='word_1_400' title='bbox 2073 972 2308 1026; x_wconf 83' lang='lat' dir='ltr'><strong>maximo</strong></span> <span class='ocrx_word' id='word_1_401' title='bbox 2353 972 2469 1044; x_wconf 88' lang='lat' dir='ltr'><strong>(a):</strong></span> <span class='ocrx_word' id='word_1_402' title='bbox 2517 974 2608 1043; x_wconf 92' lang='lat' dir='ltr'><strong>qui</strong></span> <span class='ocrx_word' id='word_1_403' title='bbox 2655 974 2707 1028; x_wconf 92' lang='lat' dir='ltr'><strong>in</strong></span> <span class='ocrx_word' id='word_1_404' title='bbox 2754 973 2856 1028; x_wconf 88' lang='lat' dir='ltr'><strong>hoc</strong></span> <span class='ocrx_word' id='word_1_405' title='bbox 2896 973 3030 1028; x_wconf 88' lang='lat' dir='ltr'><strong>mari</strong></span> <span class='ocrx_word' id='word_1_406' title='bbox 3079 973 3324 1042; x_wconf 80' lang='lat' dir='ltr'><strong>navigat,</strong></span> <span class='ocrx_word' id='word_1_407' title='bbox 3370 988 3659 1041; x_wconf 79' lang='lat' dir='ltr'><strong>numquam</strong></span> 
     </span>
    </p>
   </div>
   <div class='ocr_carea' id='block_1_51' title="bbox 2074 1063 3657 1135">
    <p class='ocr_par' dir='ltr' id='par_1_51' title="bbox 2074 1063 3657 1135">
     <span class='ocr_line' id='line_1_51' title="bbox 2074 1063 3657 1135; baseline 0.002 -18"><span class='ocrx_word' id='word_1_408' title='bbox 2074 1063 2403 1135; x_wconf 72' lang='lat' dir='ltr'><strong>naufragium</strong></span> <span class='ocrx_word' id='word_1_409' title='bbox 2453 1065 2647 1132; x_wconf 89' lang='lat' dir='ltr'><strong>faciet,</strong></span> <span class='ocrx_word' id='word_1_410' title='bbox 2679 1063 2774 1119; x_wconf 89' lang='lat' dir='ltr'><strong>sed</strong></span> <span class='ocrx_word' id='word_1_411' title='bbox 2804 1063 2982 1119; x_wconf 88' lang='lat' dir='ltr'><strong>omnia</strong></span> <span class='ocrx_word' id='word_1_412' title='bbox 3010 1064 3146 1119; x_wconf 89' lang='lat' dir='ltr'><strong>bene</strong></span> <span class='ocrx_word' id='word_1_413' title='bbox 3166 1065 3322 1118; x_wconf 87' lang='lat' dir='ltr'><strong>sciet.</strong></span> <span class='ocrx_word' id='word_1_414' title='bbox 3359 1063 3552 1119; x_wconf 79' lang='lat' dir='ltr'><strong>Verum</strong></span> <span class='ocrx_word' id='word_1_415' title='bbox 3581 1067 3657 1120; x_wconf 91' lang='lat' dir='ltr'><strong>si-</strong></span> 
     </span>
    </p>
   </div>
   <div class='ocr_carea' id='block_1_52' title="bbox 2073 1152 3661 1227">
    <p class='ocr_par' dir='ltr' id='par_1_52' title="bbox 2073 1152 3661 1227">
     <span class='ocr_line' id='line_1_52' title="bbox 2073 1152 3661 1227; baseline -0.001 -16"><span class='ocrx_word' id='word_1_416' title='bbox 2073 1168 2159 1211; x_wconf 88' lang='lat' dir='ltr'><strong>cut</strong></span> <span class='ocrx_word' id='word_1_417' title='bbox 2186 1157 2242 1221; x_wconf 94' lang='lat' dir='ltr'><strong>ii,</strong></span> <span class='ocrx_word' id='word_1_418' title='bbox 2274 1157 2363 1227; x_wconf 88' lang='lat' dir='ltr'><strong>qui</strong></span> <span class='ocrx_word' id='word_1_419' title='bbox 2396 1156 2446 1209; x_wconf 92' lang='lat' dir='ltr'><strong>in</strong></span> <span class='ocrx_word' id='word_1_420' title='bbox 2477 1155 2577 1211; x_wconf 87' lang='lat' dir='ltr'><strong>hoc</strong></span> <span class='ocrx_word' id='word_1_421' title='bbox 2608 1156 2741 1210; x_wconf 90' lang='lat' dir='ltr'><strong>mari</strong></span> <span class='ocrx_word' id='word_1_422' title='bbox 2770 1156 3042 1225; x_wconf 83' lang='lat' dir='ltr'><strong>navigant,</strong></span> <span class='ocrx_word' id='word_1_423' title='bbox 3067 1153 3112 1208; x_wconf 92' lang='lat' dir='ltr'><strong>si</strong></span> <span class='ocrx_word' id='word_1_424' title='bbox 3145 1152 3378 1225; x_wconf 83' lang='lat' dir='ltr'><strong>imperiti</strong></span> <span class='ocrx_word' id='word_1_425' title='bbox 3400 1154 3525 1219; x_wconf 88' lang='lat' dir='ltr'><strong>sint,</strong></span> <span class='ocrx_word' id='word_1_426' title='bbox 3549 1155 3661 1209; x_wconf 84' lang='lat' dir='ltr'><strong>suf-</strong></span> 
     </span>
    </p>
   </div>
   <div class='ocr_carea' id='block_1_53' title="bbox 2074 1246 3659 1318">
    <p class='ocr_par' dir='ltr' id='par_1_53' title="bbox 2074 1246 3659 1318">
     <span class='ocr_line' id='line_1_53' title="bbox 2074 1246 3659 1318; baseline -0.001 -14"><span class='ocrx_word' id='word_1_427' title='bbox 2074 1248 2356 1304; x_wconf 67' lang='lat' dir='ltr'><strong>focantur:</strong></span> <span class='ocrx_word' id='word_1_428' title='bbox 2406 1250 2484 1304; x_wconf 89' lang='lat' dir='ltr'><strong>sic</strong></span> <span class='ocrx_word' id='word_1_429' title='bbox 2513 1258 2569 1304; x_wconf 92' lang='lat' dir='ltr'><strong>et</strong></span> <span class='ocrx_word' id='word_1_430' title='bbox 2594 1248 2649 1303; x_wconf 84' lang='lat' dir='ltr'><strong>in</strong></span> <span class='ocrx_word' id='word_1_431' title='bbox 2672 1248 2761 1303; x_wconf 81' lang='lat' dir='ltr'><strong>illo</strong></span> <span class='ocrx_word' id='word_1_432' title='bbox 2791 1248 2925 1302; x_wconf 88' lang='lat' dir='ltr'><strong>mari</strong></span> <span class='ocrx_word' id='word_1_433' title='bbox 2957 1263 2971 1302; x_wconf 90' lang='lat'><strong>:</strong></span> <span class='ocrx_word' id='word_1_434' title='bbox 3014 1246 3068 1302; x_wconf 91' lang='lat' dir='ltr'><strong>id</strong></span> <span class='ocrx_word' id='word_1_435' title='bbox 3090 1246 3231 1318; x_wconf 90' lang='lat' dir='ltr'><strong>quod</strong></span> <span class='ocrx_word' id='word_1_436' title='bbox 3259 1246 3453 1302; x_wconf 90' lang='lat' dir='ltr'><strong>accidit</strong></span> <span class='ocrx_word' id='word_1_437' title='bbox 3484 1247 3659 1302; x_wconf 67' lang='lat' dir='ltr'><strong>hane-</strong></span> 
     </span>
    </p>
   </div>
   <div class='ocr_carea' id='block_1_54' title="bbox 2075 1338 3661 1411">
    <p class='ocr_par' dir='ltr' id='par_1_54' title="bbox 2075 1338 3661 1411">
     <span class='ocr_line' id='line_1_54' title="bbox 2075 1338 3661 1411; baseline 0 -16"><span class='ocrx_word' id='word_1_438' title='bbox 2075 1342 2195 1396; x_wconf 92' lang='lat' dir='ltr'><strong>ticis</strong></span> <span class='ocrx_word' id='word_1_439' title='bbox 2218 1382 2232 1407; x_wconf 97' lang='lat'><strong>,</strong></span> <span class='ocrx_word' id='word_1_440' title='bbox 2266 1341 2354 1411; x_wconf 92' lang='lat' dir='ltr'><strong>qui</strong></span> <span class='ocrx_word' id='word_1_441' title='bbox 2388 1341 2504 1411; x_wconf 89' lang='lat' dir='ltr'><strong>plus</strong></span> <span class='ocrx_word' id='word_1_442' title='bbox 2524 1356 2682 1411; x_wconf 90' lang='lat' dir='ltr'><strong>quam</strong></span> <span class='ocrx_word' id='word_1_443' title='bbox 2712 1339 2883 1395; x_wconf 89' lang='lat' dir='ltr'><strong>ferant</strong></span> <span class='ocrx_word' id='word_1_444' title='bbox 2906 1338 3049 1394; x_wconf 86' lang='lat' dir='ltr'><strong>vires</strong></span> <span class='ocrx_word' id='word_1_445' title='bbox 3074 1379 3089 1405; x_wconf 90' lang='lat'><strong>,</strong></span> <span class='ocrx_word' id='word_1_446' title='bbox 3122 1348 3407 1394; x_wconf 76' lang='lat' dir='ltr'><strong>attentarit.</strong></span> <span class='ocrx_word' id='word_1_447' title='bbox 3437 1338 3661 1409; x_wconf 84' lang='lat' dir='ltr'><strong>Oportet</strong></span> 
     </span>
    </p>
   </div>
   <div class='ocr_carea' id='block_1_55' title="bbox 2074 1431 3659 1503">
    <p class='ocr_par' dir='ltr' id='par_1_55' title="bbox 2074 1431 3659 1503">
     <span class='ocr_line' id='line_1_55' title="bbox 2074 1431 3659 1503; baseline -0.003 -14"><span class='ocrx_word' id='word_1_448' title='bbox 2074 1450 2201 1503; x_wconf 81' lang='lat' dir='ltr'><strong>ergo</strong></span> <span class='ocrx_word' id='word_1_449' title='bbox 2220 1433 2630 1503; x_wconf 82' lang='lat' dir='ltr'><strong>profunditatem</strong></span> <span class='ocrx_word' id='word_1_450' title='bbox 2661 1433 2778 1503; x_wconf 84' lang='lat' dir='ltr'><strong>ejus</strong></span> <span class='ocrx_word' id='word_1_451' title='bbox 2804 1432 2964 1499; x_wconf 90' lang='lat' dir='ltr'><strong>scire,</strong></span> <span class='ocrx_word' id='word_1_452' title='bbox 2994 1433 3079 1486; x_wconf 90' lang='lat' dir='ltr'><strong>vel</strong></span> <span class='ocrx_word' id='word_1_453' title='bbox 3105 1447 3212 1487; x_wconf 92' lang='lat' dir='ltr'><strong>non</strong></span> <span class='ocrx_word' id='word_1_454' title='bbox 3242 1441 3530 1486; x_wconf 86' lang='lat' dir='ltr'><strong>attentare.</strong></span> <span class='ocrx_word' id='word_1_455' title='bbox 3557 1431 3659 1485; x_wconf 81' lang='lat' dir='ltr'><strong>Na-</strong></span> 
     </span>
    </p>
   </div>
   <div class='ocr_carea' id='block_1_56' title="bbox 2076 1522 3659 1597">
    <p class='ocr_par' dir='ltr' id='par_1_56' title="bbox 2076 1522 3659 1597">
     <span class='ocr_line' id='line_1_56' title="bbox 2076 1522 3659 1597; baseline -0.002 -19"><span class='ocrx_word' id='word_1_456' title='bbox 2076 1527 2299 1597; x_wconf 72' lang='lat' dir='ltr'><strong>vigaturi</strong></span> <span class='ocrx_word' id='word_1_457' title='bbox 2324 1541 2453 1597; x_wconf 86' lang='lat' dir='ltr'><strong>ergo</strong></span> <span class='ocrx_word' id='word_1_458' title='bbox 2481 1527 2582 1581; x_wconf 91' lang='lat' dir='ltr'><strong>hoc</strong></span> <span class='ocrx_word' id='word_1_459' title='bbox 2614 1524 2866 1595; x_wconf 83' lang='lat' dir='ltr'><strong>pelagus,</strong></span> <span class='ocrx_word' id='word_1_460' title='bbox 2895 1524 3033 1579; x_wconf 89' lang='lat' dir='ltr'><strong>bene</strong></span> <span class='ocrx_word' id='word_1_461' title='bbox 3058 1523 3282 1579; x_wconf 89' lang='lat' dir='ltr'><strong>accincti</strong></span> <span class='ocrx_word' id='word_1_462' title='bbox 3310 1523 3499 1578; x_wconf 90' lang='lat' dir='ltr'><strong>simus.</strong></span> <span class='ocrx_word' id='word_1_463' title='bbox 3537 1522 3659 1577; x_wconf 80' lang='grc' dir='ltr'><strong>ÎÎ¿Î·</strong></span> 
     </span>
    </p>
   </div>
   <div class='ocr_carea' id='block_1_57' title="bbox 2075 1617 3661 1690">
    <p class='ocr_par' dir='ltr' id='par_1_57' title="bbox 2075 1617 3661 1690">
     <span class='ocr_line' id='line_1_57' title="bbox 2075 1617 3661 1690; baseline -0.004 -15"><span class='ocrx_word' id='word_1_464' title='bbox 2075 1621 2236 1690; x_wconf 83' lang='lat' dir='ltr'><strong>potui,</strong></span> <span class='ocrx_word' id='word_1_465' title='bbox 2268 1621 2459 1690; x_wconf 88' lang='lat' dir='ltr'><strong>inquit,</strong></span> <span class='ocrx_word' id='word_1_466' title='bbox 2488 1620 2626 1673; x_wconf 74' lang='lat' dir='ltr'><strong>vobis</strong></span> <span class='ocrx_word' id='word_1_467' title='bbox 2650 1618 2788 1689; x_wconf 81' lang='lat' dir='ltr'><strong>loqui</strong></span> <span class='ocrx_word' id='word_1_468' title='bbox 2815 1627 2869 1671; x_wconf 86' lang='lat' dir='ltr'><strong>ut</strong></span> <span class='ocrx_word' id='word_1_469' title='bbox 2890 1617 3260 1687; x_wconf 74' lang='lat' dir='ltr'><strong>spiritualibus,</strong></span> <span class='ocrx_word' id='word_1_470' title='bbox 3290 1617 3380 1671; x_wconf 79' lang='lat' dir='ltr'><strong>sed</strong></span> <span class='ocrx_word' id='word_1_471' title='bbox 3403 1627 3458 1670; x_wconf 83' lang='lat' dir='ltr'><strong>ut</strong></span> <span class='ocrx_word' id='word_1_472' title='bbox 3487 1633 3661 1670; x_wconf 87' lang='lat' dir='ltr'><strong>carna-</strong></span> 
     </span>
    </p>
   </div>
   <div class='ocr_carea' id='block_1_58' title="bbox 2076 1708 3660 1780">
    <p class='ocr_par' dir='ltr' id='par_1_58' title="bbox 2076 1708 3660 1780">
     <span class='ocr_line' id='line_1_58' title="bbox 2076 1708 3660 1780; baseline -0.004 -15"><span class='ocrx_word' id='word_1_473' title='bbox 2076 1711 2205 1765; x_wconf 79' lang='lat' dir='ltr'><strong>libus</strong></span> <span class='ocrx_word' id='word_1_474' title='bbox 2236 1711 2255 1780; x_wconf 91' lang='lat'>(</span> <span class='ocrx_word' id='word_1_475' title='bbox 2287 1713 2336 1766; x_wconf 80' lang='lat' dir='ltr'><strong>l.</strong></span> <span class='ocrx_word' id='word_1_476' title='bbox 2368 1711 2484 1765; x_wconf 85' lang='lat' dir='ltr'><strong>Cor.</strong></span> <span class='ocrx_word' id='word_1_477' title='bbox 2519 1712 2573 1766; x_wconf 77' lang='lat'><strong>3.</strong></span> <span class='ocrx_word' id='word_1_478' title='bbox 2600 1712 2625 1765; x_wconf 77' lang='lat' dir='ltr'><strong>l</strong></span> <span class='ocrx_word' id='word_1_479' title='bbox 2658 1713 2699 1779; x_wconf 92' lang='lat'><strong>).</strong></span> <span class='ocrx_word' id='word_1_480' title='bbox 2730 1710 2920 1765; x_wconf 87' lang='lat' dir='ltr'><strong>Nullus</strong></span> <span class='ocrx_word' id='word_1_481' title='bbox 2951 1709 3235 1779; x_wconf 85' lang='lat' dir='ltr'><strong>impatiens</strong></span> <span class='ocrx_word' id='word_1_482' title='bbox 3261 1709 3311 1761; x_wconf 90' lang='lat' dir='ltr'><strong>in</strong></span> <span class='ocrx_word' id='word_1_483' title='bbox 3342 1708 3442 1762; x_wconf 85' lang='lat' dir='ltr'><strong>hoc</strong></span> <span class='ocrx_word' id='word_1_484' title='bbox 3473 1708 3660 1778; x_wconf 81' lang='lat' dir='ltr'><strong>pelago</strong></span> 
     </span>
    </p>
   </div>
   <div class='ocr_carea' id='block_1_59' title="bbox 2075 1801 3660 1872">
    <p class='ocr_par' dir='ltr' id='par_1_59' title="bbox 2075 1801 3660 1872">
     <span class='ocr_line' id='line_1_59' title="bbox 2075 1801 3660 1872; baseline -0.001 -16"><span class='ocrx_word' id='word_1_485' title='bbox 2075 1802 2306 1872; x_wconf 58' lang='lat' dir='ltr'><strong>naviget.</strong></span> <span class='ocrx_word' id='word_1_486' title='bbox 2339 1803 2594 1859; x_wconf 67' lang='lat' dir='ltr'><strong>Paremus</strong></span> <span class='ocrx_word' id='word_1_487' title='bbox 2618 1802 2777 1859; x_wconf 83' lang='lat' dir='ltr'><strong>nobis</strong></span> <span class='ocrx_word' id='word_1_488' title='bbox 2808 1817 3004 1867; x_wconf 87' lang='lat' dir='ltr'><strong>naves;</strong></span> <span class='ocrx_word' id='word_1_489' title='bbox 3037 1802 3089 1856; x_wconf 93' lang='lat' dir='ltr'><strong>id</strong></span> <span class='ocrx_word' id='word_1_490' title='bbox 3112 1811 3215 1869; x_wconf 82' lang='lat' dir='ltr'><strong>est,</strong></span> <span class='ocrx_word' id='word_1_491' title='bbox 3246 1801 3481 1855; x_wconf 90' lang='lat' dir='ltr'><strong>studium</strong></span> <span class='ocrx_word' id='word_1_492' title='bbox 3503 1841 3518 1862; x_wconf 87' lang='lat'><strong>,</strong></span> <span class='ocrx_word' id='word_1_493' title='bbox 3544 1801 3660 1855; x_wconf 84' lang='lat' dir='ltr'><strong>ala-</strong></span> 
     </span>
    </p>
   </div>
   <div class='ocr_carea' id='block_1_60' title="bbox 2074 1893 3662 1965">
    <p class='ocr_par' dir='ltr' id='par_1_60' title="bbox 2074 1893 3662 1965">
     <span class='ocr_line' id='line_1_60' title="bbox 2074 1893 3662 1965; baseline 0 -18"><span class='ocrx_word' id='word_1_494' title='bbox 2074 1895 2338 1959; x_wconf 88' lang='lat' dir='ltr'><strong>critatem,</strong></span> <span class='ocrx_word' id='word_1_495' title='bbox 2368 1910 2574 1963; x_wconf 90' lang='lat' dir='ltr'><strong>preces,</strong></span> <span class='ocrx_word' id='word_1_496' title='bbox 2594 1904 2651 1949; x_wconf 92' lang='lat' dir='ltr'><strong>ut</strong></span> <span class='ocrx_word' id='word_1_497' title='bbox 2676 1910 2796 1950; x_wconf 92' lang='lat' dir='ltr'><strong>cum</strong></span> <span class='ocrx_word' id='word_1_498' title='bbox 2824 1895 3002 1965; x_wconf 87' lang='lat' dir='ltr'><strong>quiete</strong></span> <span class='ocrx_word' id='word_1_499' title='bbox 3024 1894 3149 1949; x_wconf 92' lang='lat' dir='ltr'><strong>illud</strong></span> <span class='ocrx_word' id='word_1_500' title='bbox 3175 1893 3530 1963; x_wconf 85' lang='lat' dir='ltr'><strong>trajiciamus:</strong></span> <span class='ocrx_word' id='word_1_501' title='bbox 3555 1903 3662 1947; x_wconf 63' lang='lat' dir='ltr'><strong>eteo</strong></span> 
     </span>
    </p>
   </div>
   <div class='ocr_carea' id='block_1_61' title="bbox 2076 1984 3659 2055">
    <p class='ocr_par' dir='ltr' id='par_1_61' title="bbox 2076 1984 3659 2055">
     <span class='ocr_line' id='line_1_61' title="bbox 2076 1984 3659 2055; baseline 0 -18"><span class='ocrx_word' id='word_1_502' title='bbox 2076 1984 2311 2040; x_wconf 71' lang='lat' dir='ltr'><strong>ttimltmc</strong></span> <span class='ocrx_word' id='word_1_503' title='bbox 2331 2001 2465 2055; x_wconf 79' lang='lat' dir='ltr'><strong>aqua</strong></span> <span class='ocrx_word' id='word_1_504' title='bbox 2486 1987 2671 2041; x_wconf 87' lang='lat' dir='ltr'><strong>vivens</strong></span> <span class='ocrx_word' id='word_1_505' title='bbox 2700 1996 2801 2041; x_wconf 89' lang='lat' dir='ltr'><strong>est.</strong></span> <span class='ocrx_word' id='word_1_506' title='bbox 2832 1987 2910 2040; x_wconf 82' lang='lat' dir='ltr'><strong>Ac</strong></span> <span class='ocrx_word' id='word_1_507' title='bbox 2927 1986 2969 2040; x_wconf 93' lang='lat' dir='ltr'><strong>si</strong></span> <span class='ocrx_word' id='word_1_508' title='bbox 2996 1985 3115 2055; x_wconf 90' lang='lat' dir='ltr'><strong>quis</strong></span> <span class='ocrx_word' id='word_1_509' title='bbox 3132 1984 3417 2055; x_wconf 79' lang='lat' dir='ltr'><strong>chalybem</strong></span> <span class='ocrx_word' id='word_1_510' title='bbox 3448 1985 3659 2053; x_wconf 87' lang='lat' dir='ltr'><strong>igneum</strong></span> 
     </span>
    </p>
   </div>
   <div class='ocr_carea' id='block_1_62' title="bbox 2073 2076 3657 2148">
    <p class='ocr_par' dir='ltr' id='par_1_62' title="bbox 2073 2076 3657 2148">
     <span class='ocr_line' id='line_1_62' title="bbox 2073 2076 3657 2148; baseline -0.001 -18"><span class='ocrx_word' id='word_1_511' title='bbox 2073 2078 2267 2147; x_wconf 86' lang='lat' dir='ltr'><strong>capiat,</strong></span> <span class='ocrx_word' id='word_1_512' title='bbox 2298 2078 2376 2133; x_wconf 89' lang='lat' dir='ltr'><strong>sic</strong></span> <span class='ocrx_word' id='word_1_513' title='bbox 2401 2078 2490 2148; x_wconf 92' lang='lat' dir='ltr'><strong>qui</strong></span> <span class='ocrx_word' id='word_1_514' title='bbox 2524 2078 2746 2133; x_wconf 77' lang='lat' dir='ltr'><strong>Paulum</strong></span> <span class='ocrx_word' id='word_1_515' title='bbox 2774 2079 2923 2133; x_wconf 89' lang='lat' dir='ltr'><strong>novit</strong></span> <span class='ocrx_word' id='word_1_516' title='bbox 2947 2119 2963 2144; x_wconf 91' lang='lat'><strong>,</strong></span> <span class='ocrx_word' id='word_1_517' title='bbox 2988 2086 3048 2132; x_wconf 91' lang='lat' dir='ltr'><strong>ut</strong></span> <span class='ocrx_word' id='word_1_518' title='bbox 3075 2077 3299 2148; x_wconf 86' lang='lat' dir='ltr'><strong>chalybs</strong></span> <span class='ocrx_word' id='word_1_519' title='bbox 3328 2076 3614 2129; x_wconf 89' lang='lat' dir='ltr'><strong>roboratur</strong></span> <span class='ocrx_word' id='word_1_520' title='bbox 3641 2092 3657 2128; x_wconf 88' lang='lat'><strong>:</strong></span> 
     </span>
    </p>
   </div>
   <div class='ocr_carea' id='block_1_63' title="bbox 2074 2168 3661 2241">
    <p class='ocr_par' dir='ltr' id='par_1_63' title="bbox 2074 2168 3661 2241">
     <span class='ocr_line' id='line_1_63' title="bbox 2074 2168 3661 2241; baseline -0.001 -16"><span class='ocrx_word' id='word_1_521' title='bbox 2074 2186 2137 2225; x_wconf 91' lang='lat' dir='ltr'><strong>ac</strong></span> <span class='ocrx_word' id='word_1_522' title='bbox 2156 2171 2201 2225; x_wconf 90' lang='lat' dir='ltr'><strong>si</strong></span> <span class='ocrx_word' id='word_1_523' title='bbox 2230 2171 2349 2241; x_wconf 91' lang='lat' dir='ltr'><strong>quis</strong></span> <span class='ocrx_word' id='word_1_524' title='bbox 2369 2170 2603 2240; x_wconf 89' lang='lat' dir='ltr'><strong>gladium</strong></span> <span class='ocrx_word' id='word_1_525' title='bbox 2627 2180 2844 2227; x_wconf 84' lang='lat' dir='ltr'><strong>acutum</strong></span> <span class='ocrx_word' id='word_1_526' title='bbox 2868 2170 3081 2234; x_wconf 89' lang='lat' dir='ltr'><strong>habeat,</strong></span> <span class='ocrx_word' id='word_1_527' title='bbox 3110 2170 3189 2225; x_wconf 87' lang='lat' dir='ltr'><strong>sic</strong></span> <span class='ocrx_word' id='word_1_528' title='bbox 3214 2169 3335 2223; x_wconf 89' lang='lat' dir='ltr'><strong>talis</strong></span> <span class='ocrx_word' id='word_1_529' title='bbox 3359 2168 3520 2222; x_wconf 89' lang='lat' dir='ltr'><strong>homo</strong></span> <span class='ocrx_word' id='word_1_530' title='bbox 3541 2168 3661 2237; x_wconf 82' lang='lat' dir='ltr'><strong>capi</strong></span> 
     </span>
    </p>
   </div>
   <div class='ocr_carea' id='block_1_64' title="bbox 2075 2265 3659 2337">
    <p class='ocr_par' dir='ltr' id='par_1_64' title="bbox 2075 2265 3659 2337">
     <span class='ocr_line' id='line_1_64' title="bbox 2075 2265 3659 2337; baseline 0.002 -19"><span class='ocrx_word' id='word_1_531' title='bbox 2075 2280 2179 2319; x_wconf 90' lang='lat' dir='ltr'><strong>non</strong></span> <span class='ocrx_word' id='word_1_532' title='bbox 2211 2265 2428 2333; x_wconf 90' lang='lat' dir='ltr'><strong>poterit.</strong></span> <span class='ocrx_word' id='word_1_533' title='bbox 2467 2265 2640 2321; x_wconf 84' lang='lat' dir='ltr'><strong>Etiam</strong></span> <span class='ocrx_word' id='word_1_534' title='bbox 2688 2266 2754 2321; x_wconf 93' lang='lat' dir='ltr'><strong>ad</strong></span> <span class='ocrx_word' id='word_1_535' title='bbox 2790 2265 3134 2337; x_wconf 87' lang='lat' dir='ltr'><strong>intelligenda</strong></span> <span class='ocrx_word' id='word_1_536' title='bbox 3166 2265 3313 2320; x_wconf 85' lang='lat' dir='ltr'><strong>Pauli</strong></span> <span class='ocrx_word' id='word_1_537' title='bbox 3358 2281 3515 2320; x_wconf 90' lang='lat' dir='ltr'><strong>sensa</strong></span> <span class='ocrx_word' id='word_1_538' title='bbox 3553 2266 3659 2321; x_wconf 83' lang='lat' dir='ltr'><strong>vita</strong></span> 
     </span>
    </p>
   </div>
   <div class='ocr_carea' id='block_1_65' title="bbox 2073 2357 3658 2427">
    <p class='ocr_par' dir='ltr' id='par_1_65' title="bbox 2073 2357 3658 2427">
     <span class='ocr_line' id='line_1_65' title="bbox 2073 2357 3658 2427; baseline 0.001 -17"><span class='ocrx_word' id='word_1_539' title='bbox 2073 2371 2206 2426; x_wconf 89' lang='lat' dir='ltr'><strong>pura</strong></span> <span class='ocrx_word' id='word_1_540' title='bbox 2228 2367 2312 2412; x_wconf 91' lang='lat' dir='ltr'><strong>cst</strong></span> <span class='ocrx_word' id='word_1_541' title='bbox 2338 2372 2486 2427; x_wconf 75' lang='lat' dir='ltr'><strong>opus.</strong></span> <span class='ocrx_word' id='word_1_542' title='bbox 2524 2357 2649 2413; x_wconf 85' lang='lat' dir='ltr'><strong>ideo</strong></span> <span class='ocrx_word' id='word_1_543' title='bbox 2669 2358 2882 2414; x_wconf 90' lang='lat' dir='ltr'><strong>dicebat</strong></span> <span class='ocrx_word' id='word_1_544' title='bbox 2907 2376 2921 2411; x_wconf 92' lang='lat'>:</span> <span class='ocrx_word' id='word_1_545' title='bbox 2949 2357 3010 2411; x_wconf 85' lang='lat' dir='ltr'><strong>In</strong></span> <span class='ocrx_word' id='word_1_546' title='bbox 3033 2357 3180 2411; x_wconf 78' lang='lat' dir='ltr'><strong>Iactis</strong></span> <span class='ocrx_word' id='word_1_547' title='bbox 3205 2358 3499 2411; x_wconf 77' lang='lat' dir='ltr'><strong>necessitate</strong></span> <span class='ocrx_word' id='word_1_548' title='bbox 3518 2359 3658 2419; x_wconf 76' lang='lat' dir='ltr'><strong>estis.</strong></span> 
     </span>
    </p>
   </div>
   <div class='ocr_carea' id='block_1_66' title="bbox 2073 2448 3658 2521">
    <p class='ocr_par' dir='ltr' id='par_1_66' title="bbox 2073 2448 3658 2521">
     <span class='ocr_line' id='line_1_66' title="bbox 2073 2448 3658 2521; baseline 0.001 -20"><span class='ocrx_word' id='word_1_549' title='bbox 2073 2450 2194 2518; x_wconf 80' lang='lat' dir='ltr'><strong>quia</strong></span> <span class='ocrx_word' id='word_1_550' title='bbox 2231 2449 2501 2504; x_wconf 79' lang='lat' dir='ltr'><strong>imbecilles</strong></span> <span class='ocrx_word' id='word_1_551' title='bbox 2543 2449 2747 2504; x_wconf 77' lang='lat' dir='ltr'><strong>auribus</strong></span> <span class='ocrx_word' id='word_1_552' title='bbox 2786 2450 2909 2521; x_wconf 80' lang='lat' dir='ltr'><strong>facti</strong></span> <span class='ocrx_word' id='word_1_553' title='bbox 2941 2450 3058 2503; x_wconf 77' lang='lat' dir='ltr'><strong>estis</strong></span> <span class='ocrx_word' id='word_1_554' title='bbox 3093 2448 3297 2521; x_wconf 86' lang='lat' dir='ltr'><strong>(Hebr.</strong></span> <span class='ocrx_word' id='word_1_555' title='bbox 3323 2450 3377 2503; x_wconf 82' lang='lat'><strong>5.</strong></span> <span class='ocrx_word' id='word_1_556' title='bbox 3418 2449 3505 2503; x_wconf 70' lang='lat'><strong>1:2.</strong></span> <span class='ocrx_word' id='word_1_557' title='bbox 3542 2449 3658 2517; x_wconf 82' lang='lat' dir='ltr'><strong>ll).</strong></span> 
     </span>
    </p>
   </div>
   <div class='ocr_carea' id='block_1_67' title="bbox 2076 2540 3659 2611">
    <p class='ocr_par' dir='ltr' id='par_1_67' title="bbox 2076 2540 3659 2611">
     <span class='ocr_line' id='line_1_67' title="bbox 2076 2540 3659 2611; baseline -0.001 -16"><span class='ocrx_word' id='word_1_558' title='bbox 2076 2540 2172 2595; x_wconf 86' lang='lat' dir='ltr'><strong>Est</strong></span> <span class='ocrx_word' id='word_1_559' title='bbox 2197 2541 2360 2606; x_wconf 90' lang='lat' dir='ltr'><strong>enim,</strong></span> <span class='ocrx_word' id='word_1_560' title='bbox 2390 2550 2493 2607; x_wconf 91' lang='lat' dir='ltr'><strong>est,</strong></span> <span class='ocrx_word' id='word_1_561' title='bbox 2516 2542 2751 2611; x_wconf 90' lang='lat' dir='ltr'><strong>inquam,</strong></span> <span class='ocrx_word' id='word_1_562' title='bbox 2778 2542 3061 2597; x_wconf 88' lang='lat' dir='ltr'><strong>infirmitas</strong></span> <span class='ocrx_word' id='word_1_563' title='bbox 3086 2541 3317 2596; x_wconf 90' lang='lat' dir='ltr'><strong>auditus.</strong></span> <span class='ocrx_word' id='word_1_564' title='bbox 3342 2540 3493 2595; x_wconf 89' lang='lat' dir='ltr'><strong>Sicut</strong></span> <span class='ocrx_word' id='word_1_565' title='bbox 3516 2544 3659 2595; x_wconf 90' lang='lat' dir='ltr'><strong>enim</strong></span> 
     </span>
    </p>
   </div>
   <div class='ocr_carea' id='block_1_68' title="bbox 2075 2631 3659 2688">
    <p class='ocr_par' dir='ltr' id='par_1_68' title="bbox 2075 2631 3659 2688">
     <span class='ocr_line' id='line_1_68' title="bbox 2075 2631 3659 2688; baseline -0.001 -2"><span class='ocrx_word' id='word_1_566' title='bbox 2075 2631 2384 2687; x_wconf 89' lang='lat' dir='ltr'><strong>stomachus</strong></span> <span class='ocrx_word' id='word_1_567' title='bbox 2411 2647 2572 2686; x_wconf 88' lang='lat' dir='ltr'><strong>sanos</strong></span> <span class='ocrx_word' id='word_1_568' title='bbox 2601 2642 2657 2688; x_wconf 92' lang='lat' dir='ltr'><strong>et</strong></span> <span class='ocrx_word' id='word_1_569' title='bbox 2686 2631 2921 2687; x_wconf 88' lang='lat' dir='ltr'><strong>difficilis</strong></span> <span class='ocrx_word' id='word_1_570' title='bbox 2945 2632 3210 2687; x_wconf 88' lang='lat' dir='ltr'><strong>coctionis</strong></span> <span class='ocrx_word' id='word_1_571' title='bbox 3230 2632 3377 2687; x_wconf 88' lang='lat' dir='ltr'><strong>cibos</strong></span> <span class='ocrx_word' id='word_1_572' title='bbox 3402 2646 3506 2686; x_wconf 91' lang='lat' dir='ltr'><strong>non</strong></span> <span class='ocrx_word' id='word_1_573' title='bbox 3537 2646 3659 2685; x_wconf 86' lang='lat' dir='ltr'><strong>sus-</strong></span> 
     </span>
    </p>
   </div>
   <div class='ocr_carea' id='block_1_69' title="bbox 2074 2723 3656 2795">
    <p class='ocr_par' dir='ltr' id='par_1_69' title="bbox 2074 2723 3656 2795">
     <span class='ocr_line' id='line_1_69' title="bbox 2074 2723 3656 2795; baseline -0.001 -15"><span class='ocrx_word' id='word_1_574' title='bbox 2074 2725 2225 2795; x_wconf 87' lang='lat' dir='ltr'><strong>cipit,</strong></span> <span class='ocrx_word' id='word_1_575' title='bbox 2251 2725 2294 2779; x_wconf 88' lang='lat' dir='ltr'><strong>si</strong></span> <span class='ocrx_word' id='word_1_576' title='bbox 2323 2725 2394 2779; x_wconf 91' lang='lat' dir='ltr'><strong>sit</strong></span> <span class='ocrx_word' id='word_1_577' title='bbox 2419 2725 2664 2779; x_wconf 90' lang='lat' dir='ltr'><strong>infirmus</strong></span> <span class='ocrx_word' id='word_1_578' title='bbox 2697 2742 2710 2778; x_wconf 92' lang='lat'><strong>:</strong></span> <span class='ocrx_word' id='word_1_579' title='bbox 2746 2726 2825 2780; x_wconf 88' lang='lat' dir='ltr'><strong>sic</strong></span> <span class='ocrx_word' id='word_1_580' title='bbox 2850 2734 2905 2780; x_wconf 90' lang='lat' dir='ltr'><strong>et</strong></span> <span class='ocrx_word' id='word_1_581' title='bbox 2929 2725 3105 2779; x_wconf 85' lang='lat' dir='ltr'><strong>anima</strong></span> <span class='ocrx_word' id='word_1_582' title='bbox 3138 2734 3349 2780; x_wconf 84' lang='lat' dir='ltr'><strong>tumens</strong></span> <span class='ocrx_word' id='word_1_583' title='bbox 3375 2734 3427 2778; x_wconf 92' lang='lat' dir='ltr'><strong>et</strong></span> <span class='ocrx_word' id='word_1_584' title='bbox 3458 2723 3656 2791; x_wconf 82' lang='lat' dir='ltr'><strong>inï¬‚ata,</strong></span> 
     </span>
    </p>
   </div>
   <div class='ocr_carea' id='block_1_70' title="bbox 2074 2817 3663 2888">
    <p class='ocr_par' dir='ltr' id='par_1_70' title="bbox 2074 2817 3663 2888">
     <span class='ocr_line' id='line_1_70' title="bbox 2074 2817 3663 2888; baseline -0.001 -16"><span class='ocrx_word' id='word_1_585' title='bbox 2074 2818 2286 2873; x_wconf 89' lang='lat' dir='ltr'><strong>enervis</strong></span> <span class='ocrx_word' id='word_1_586' title='bbox 2315 2817 2451 2872; x_wconf 85' lang='lat' dir='ltr'><strong>facta</strong></span> <span class='ocrx_word' id='word_1_587' title='bbox 2481 2826 2535 2873; x_wconf 89' lang='lat' dir='ltr'><strong>et</strong></span> <span class='ocrx_word' id='word_1_588' title='bbox 2554 2817 2835 2883; x_wconf 89' lang='lat' dir='ltr'><strong>dissoluta,</strong></span> <span class='ocrx_word' id='word_1_589' title='bbox 2862 2834 2969 2872; x_wconf 90' lang='lat' dir='ltr'><strong>non</strong></span> <span class='ocrx_word' id='word_1_590' title='bbox 3002 2826 3177 2888; x_wconf 83' lang='lat' dir='ltr'><strong>potest</strong></span> <span class='ocrx_word' id='word_1_591' title='bbox 3197 2817 3526 2886; x_wconf 81' lang='lat' dir='ltr'><strong>Spiritualem</strong></span> <span class='ocrx_word' id='word_1_592' title='bbox 3547 2832 3663 2872; x_wconf 81' lang='lat' dir='ltr'><strong>ser-</strong></span> 
     </span>
    </p>
   </div>
   <div class='ocr_carea' id='block_1_71' title="bbox 2076 2907 3663 2979">
    <p class='ocr_par' dir='ltr' id='par_1_71' title="bbox 2076 2907 3663 2979">
     <span class='ocr_line' id='line_1_71' title="bbox 2076 2907 3663 2979; baseline 0 -17"><span class='ocrx_word' id='word_1_593' title='bbox 2076 2924 2289 2964; x_wconf 89' lang='lat' dir='ltr'><strong>monem</strong></span> <span class='ocrx_word' id='word_1_594' title='bbox 2307 2910 2569 2978; x_wconf 86' lang='lat' dir='ltr'><strong>accipere.</strong></span> <span class='ocrx_word' id='word_1_595' title='bbox 2594 2909 2731 2964; x_wconf 84' lang='lat' dir='ltr'><strong>Audi</strong></span> <span class='ocrx_word' id='word_1_596' title='bbox 2760 2909 3053 2979; x_wconf 81' lang='lat' dir='ltr'><strong>discipulos</strong></span> <span class='ocrx_word' id='word_1_597' title='bbox 3079 2909 3321 2963; x_wconf 87' lang='lat' dir='ltr'><strong>dicentes</strong></span> <span class='ocrx_word' id='word_1_598' title='bbox 3350 2926 3362 2961; x_wconf 93' lang='lat'>:</span> <span class='ocrx_word' id='word_1_599' title='bbox 3393 2907 3567 2962; x_wconf 77' lang='lat' dir='ltr'><strong>Durus</strong></span> <span class='ocrx_word' id='word_1_600' title='bbox 3588 2918 3663 2963; x_wconf 79' lang='lat' dir='ltr'><strong>est</strong></span> 
     </span>
    </p>
   </div>
   <div class='ocr_carea' id='block_1_72' title="bbox 2078 2997 3661 3074">
    <p class='ocr_par' dir='ltr' id='par_1_72' title="bbox 2078 2997 3661 3074">
     <span class='ocr_line' id='line_1_72' title="bbox 2078 2997 3661 3074; baseline -0.001 -19"><span class='ocrx_word' id='word_1_601' title='bbox 2078 3002 2158 3056; x_wconf 82' lang='lat' dir='ltr'><strong>hic</strong></span> <span class='ocrx_word' id='word_1_602' title='bbox 2185 3018 2386 3066; x_wconf 79' lang='lat' dir='ltr'><strong>sermo;</strong></span> <span class='ocrx_word' id='word_1_603' title='bbox 2427 3003 2538 3073; x_wconf 74' lang='lat' dir='ltr'><strong>quis</strong></span> <span class='ocrx_word' id='word_1_604' title='bbox 2564 3004 2747 3073; x_wconf 81' lang='lat' dir='ltr'><strong>poterit</strong></span> <span class='ocrx_word' id='word_1_605' title='bbox 2786 3020 2902 3057; x_wconf 87' lang='lat' dir='ltr'><strong>eum</strong></span> <span class='ocrx_word' id='word_1_606' title='bbox 2928 3002 3107 3055; x_wconf 82' lang='lat' dir='ltr'><strong>audire</strong></span> <span class='ocrx_word' id='word_1_607' title='bbox 3137 3002 3155 3074; x_wconf 95' lang='lat'><strong>(</strong></span> <span class='ocrx_word' id='word_1_608' title='bbox 3179 3001 3335 3056; x_wconf 82' lang='lat' dir='ltr'><strong>Joan.</strong></span> <span class='ocrx_word' id='word_1_609' title='bbox 3362 3002 3417 3056; x_wconf 86' lang='lat'><strong>6.</strong></span> <span class='ocrx_word' id='word_1_610' title='bbox 3444 3002 3507 3056; x_wconf 81' lang='grc'>61</span> <span class='ocrx_word' id='word_1_611' title='bbox 3538 2997 3661 3071; x_wconf 87' lang='lat' dir='ltr'><strong>)?Si</strong></span> 
     </span>
    </p>
   </div>
   <div class='ocr_carea' id='block_1_73' title="bbox 2076 3091 3661 3159">
    <p class='ocr_par' dir='ltr' id='par_1_73' title="bbox 2076 3091 3661 3159">
     <span class='ocr_line' id='line_1_73' title="bbox 2076 3091 3661 3159; baseline -0.001 -14"><span class='ocrx_word' id='word_1_612' title='bbox 2076 3108 2204 3147; x_wconf 90' lang='lat' dir='ltr'><strong>vero</strong></span> <span class='ocrx_word' id='word_1_613' title='bbox 2254 3092 2406 3147; x_wconf 88' lang='lat' dir='ltr'><strong>fortis</strong></span> <span class='ocrx_word' id='word_1_614' title='bbox 2449 3101 2504 3147; x_wconf 88' lang='lat' dir='ltr'><strong>et</strong></span> <span class='ocrx_word' id='word_1_615' title='bbox 2548 3108 2674 3147; x_wconf 87' lang='lat' dir='ltr'><strong>sana</strong></span> <span class='ocrx_word' id='word_1_616' title='bbox 2721 3094 2826 3159; x_wconf 90' lang='lat' dir='ltr'><strong>sit,</strong></span> <span class='ocrx_word' id='word_1_617' title='bbox 2867 3093 3047 3147; x_wconf 87' lang='lat' dir='ltr'><strong>omnia</strong></span> <span class='ocrx_word' id='word_1_618' title='bbox 3078 3093 3251 3157; x_wconf 89' lang='lat' dir='ltr'><strong>levia,</strong></span> <span class='ocrx_word' id='word_1_619' title='bbox 3280 3092 3461 3146; x_wconf 89' lang='lat' dir='ltr'><strong>omnia</strong></span> <span class='ocrx_word' id='word_1_620' title='bbox 3491 3091 3661 3146; x_wconf 88' lang='lat' dir='ltr'><strong>facilia</strong></span> 
     </span>
    </p>
   </div>
   <div class='ocr_carea' id='block_1_74' title="bbox 2076 3184 3664 3255">
    <p class='ocr_par' dir='ltr' id='par_1_74' title="bbox 2076 3184 3664 3255">
     <span class='ocr_line' id='line_1_74' title="bbox 2076 3184 3664 3255; baseline -0.003 -14"><span class='ocrx_word' id='word_1_621' title='bbox 2076 3195 2237 3251; x_wconf 90' lang='lat' dir='ltr'><strong>sunt;</strong></span> <span class='ocrx_word' id='word_1_622' title='bbox 2263 3186 2528 3241; x_wconf 85' lang='lat' dir='ltr'><strong>excelsior</strong></span> <span class='ocrx_word' id='word_1_623' title='bbox 2557 3186 2640 3239; x_wconf 88' lang='lat' dir='ltr'><strong>illa</strong></span> <span class='ocrx_word' id='word_1_624' title='bbox 2670 3195 2724 3241; x_wconf 91' lang='lat' dir='ltr'><strong>et</strong></span> <span class='ocrx_word' id='word_1_625' title='bbox 2754 3185 2922 3241; x_wconf 88' lang='lat' dir='ltr'><strong>levior</strong></span> <span class='ocrx_word' id='word_1_626' title='bbox 2942 3186 3111 3255; x_wconf 86' lang='lat' dir='ltr'><strong>magis</strong></span> <span class='ocrx_word' id='word_1_627' title='bbox 3136 3184 3380 3239; x_wconf 91' lang='lat' dir='ltr'><strong>sublimis</strong></span> <span class='ocrx_word' id='word_1_628' title='bbox 3409 3184 3664 3248; x_wconf 81' lang='lat' dir='ltr'><strong>efï¬citur,</strong></span> 
     </span>
    </p>
   </div>
   <div class='ocr_carea' id='block_1_75' title="bbox 2078 3274 3664 3345">
    <p class='ocr_par' dir='ltr' id='par_1_75' title="bbox 2078 3274 3664 3345">
     <span class='ocr_line' id='line_1_75' title="bbox 2078 3274 3664 3345; baseline -0.004 -13"><span class='ocrx_word' id='word_1_629' title='bbox 2078 3286 2133 3333; x_wconf 87' lang='grc' dir='ltr'>ÎµÎ¹</span> <span class='ocrx_word' id='word_1_630' title='bbox 2168 3278 2219 3331; x_wconf 91' lang='lat' dir='ltr'><strong>in</strong></span> <span class='ocrx_word' id='word_1_631' title='bbox 2268 3276 2432 3330; x_wconf 90' lang='lat' dir='ltr'><strong>altum</strong></span> <span class='ocrx_word' id='word_1_632' title='bbox 2472 3276 2691 3330; x_wconf 89' lang='lat' dir='ltr'><strong>tollitur.</strong></span> <span class='ocrx_word' id='word_1_633' title='bbox 2731 3275 2856 3330; x_wconf 65' lang='lat' dir='ltr'><strong>Ha&#39;c</strong></span> <span class='ocrx_word' id='word_1_634' title='bbox 2901 3290 3030 3345; x_wconf 85' lang='lat' dir='ltr'><strong>ergo</strong></span> <span class='ocrx_word' id='word_1_635' title='bbox 3050 3291 3169 3331; x_wconf 89' lang='lat' dir='ltr'><strong>cum</strong></span> <span class='ocrx_word' id='word_1_636' title='bbox 3201 3274 3453 3336; x_wconf 83' lang='lat' dir='ltr'><strong>sciamus,</strong></span> <span class='ocrx_word' id='word_1_637' title='bbox 3479 3287 3664 3327; x_wconf 86' lang='lat' dir='ltr'><strong>sanam</strong></span> 
     </span>
    </p>
   </div>
   <div class='ocr_carea' id='block_1_76' title="bbox 2077 3366 3665 3433">
    <p class='ocr_par' dir='ltr' id='par_1_76' title="bbox 2077 3366 3665 3433">
     <span class='ocr_line' id='line_1_76' title="bbox 2077 3366 3665 3433; baseline -0.003 -8"><span class='ocrx_word' id='word_1_638' title='bbox 2077 3370 2464 3425; x_wconf 84' lang='lat' dir='ltr'><strong>constituamus</strong></span> <span class='ocrx_word' id='word_1_639' title='bbox 2493 3369 2728 3423; x_wconf 80' lang='lat' dir='ltr'><strong>animam</strong></span> <span class='ocrx_word' id='word_1_640' title='bbox 2758 3377 2997 3423; x_wconf 89' lang='lat' dir='ltr'><strong>nostram</strong></span> <span class='ocrx_word' id='word_1_641' title='bbox 3029 3385 3045 3422; x_wconf 88' lang='lat'><strong>:</strong></span> <span class='ocrx_word' id='word_1_642' title='bbox 3075 3368 3390 3422; x_wconf 74' lang='lat' dir='ltr'><strong>mmulemur</strong></span> <span class='ocrx_word' id='word_1_643' title='bbox 3416 3366 3665 3433; x_wconf 84' lang='lat' dir='ltr'><strong>Paulum,</strong></span> 
     </span>
    </p>
   </div>
   <div class='ocr_carea' id='block_1_77' title="bbox 2080 3458 3667 3523">
    <p class='ocr_par' dir='ltr' id='par_1_77' title="bbox 2080 3458 3667 3523">
     <span class='ocr_line' id='line_1_77' title="bbox 2080 3458 3667 3523; baseline -0.001 -9"><span class='ocrx_word' id='word_1_644' title='bbox 2080 3461 2353 3515; x_wconf 90' lang='lat' dir='ltr'><strong>imitemur</strong></span> <span class='ocrx_word' id='word_1_645' title='bbox 2391 3459 2581 3514; x_wconf 84' lang='lat' dir='ltr'><strong>fortem</strong></span> <span class='ocrx_word' id='word_1_646' title='bbox 2613 3459 2754 3513; x_wconf 84' lang='lat' dir='ltr'><strong>illam</strong></span> <span class='ocrx_word' id='word_1_647' title='bbox 2783 3469 2835 3514; x_wconf 92' lang='lat' dir='ltr'><strong>et</strong></span> <span class='ocrx_word' id='word_1_648' title='bbox 2878 3458 3274 3513; x_wconf 86' lang='lat' dir='ltr'><strong>adamantinam</strong></span> <span class='ocrx_word' id='word_1_649' title='bbox 3303 3459 3575 3523; x_wconf 89' lang='lat' dir='ltr'><strong>animam;</strong></span> <span class='ocrx_word' id='word_1_650' title='bbox 3610 3466 3667 3512; x_wconf 81' lang='lat' dir='ltr'><strong>ut</strong></span> 
     </span>
    </p>
   </div>
   <div class='ocr_carea' id='block_1_78' title="bbox 2079 3549 3668 3621">
    <p class='ocr_par' dir='ltr' id='par_1_78' title="bbox 2079 3549 3668 3621">
     <span class='ocr_line' id='line_1_78' title="bbox 2079 3549 3668 3621; baseline -0.001 -16"><span class='ocrx_word' id='word_1_651' title='bbox 2079 3550 2195 3621; x_wconf 82' lang='lat' dir='ltr'><strong>ejus</strong></span> <span class='ocrx_word' id='word_1_652' title='bbox 2221 3550 2343 3604; x_wconf 85' lang='lat' dir='ltr'><strong>vitae</strong></span> <span class='ocrx_word' id='word_1_653' title='bbox 2374 3550 2593 3621; x_wconf 82' lang='lat' dir='ltr'><strong>vestigia</strong></span> <span class='ocrx_word' id='word_1_654' title='bbox 2615 3558 2924 3618; x_wconf 85' lang='lat' dir='ltr'><strong>sequentes,</strong></span> <span class='ocrx_word' id='word_1_655' title='bbox 2953 3549 3220 3618; x_wconf 87' lang='lat' dir='ltr'><strong>possimus</strong></span> <span class='ocrx_word' id='word_1_656' title='bbox 3241 3549 3524 3619; x_wconf 71' lang='lat' dir='ltr'><strong>prmsentis</strong></span> <span class='ocrx_word' id='word_1_657' title='bbox 3544 3550 3668 3603; x_wconf 82' lang='lat' dir='ltr'><strong>vitae</strong></span> 
     </span>
    </p>
   </div>
   <div class='ocr_carea' id='block_1_79' title="bbox 2079 3641 3667 3714">
    <p class='ocr_par' dir='ltr' id='par_1_79' title="bbox 2079 3641 3667 3714">
     <span class='ocr_line' id='line_1_79' title="bbox 2079 3641 3667 3714; baseline 0 -17"><span class='ocrx_word' id='word_1_658' title='bbox 2079 3645 2302 3714; x_wconf 83' lang='lat' dir='ltr'><strong>pelagus</strong></span> <span class='ocrx_word' id='word_1_659' title='bbox 2332 3644 2598 3712; x_wconf 88' lang='lat' dir='ltr'><strong>trajicere,</strong></span> <span class='ocrx_word' id='word_1_660' title='bbox 2632 3654 2687 3697; x_wconf 91' lang='lat' dir='ltr'><strong>et</strong></span> <span class='ocrx_word' id='word_1_661' title='bbox 2713 3642 2783 3697; x_wconf 84' lang='lat' dir='ltr'><strong>ad</strong></span> <span class='ocrx_word' id='word_1_662' title='bbox 2816 3642 3158 3712; x_wconf 86' lang='lat' dir='ltr'><strong>tranquillum</strong></span> <span class='ocrx_word' id='word_1_663' title='bbox 3188 3651 3398 3711; x_wconf 88' lang='lat' dir='ltr'><strong>portum</strong></span> <span class='ocrx_word' id='word_1_664' title='bbox 3426 3641 3667 3710; x_wconf 77' lang='lat' dir='ltr'><strong>appelle-</strong></span> 
     </span>
    </p>
   </div>
   <div class='ocr_carea' id='block_1_80' title="bbox 2081 3731 3666 3803">
    <p class='ocr_par' dir='ltr' id='par_1_80' title="bbox 2081 3731 3666 3803">
     <span class='ocr_line' id='line_1_80' title="bbox 2081 3731 3666 3803; baseline -0.001 -16"><span class='ocrx_word' id='word_1_665' title='bbox 2081 3749 2179 3798; x_wconf 88' lang='lat' dir='ltr'><strong>re,</strong></span> <span class='ocrx_word' id='word_1_666' title='bbox 2221 3749 2283 3787; x_wconf 90' lang='lat' dir='ltr'><strong>ac</strong></span> <span class='ocrx_word' id='word_1_667' title='bbox 2325 3733 2586 3803; x_wconf 86' lang='lat' dir='ltr'><strong>promissa</strong></span> <span class='ocrx_word' id='word_1_668' title='bbox 2630 3732 2972 3803; x_wconf 87' lang='lat' dir='ltr'><strong>diligentibus</strong></span> <span class='ocrx_word' id='word_1_669' title='bbox 3015 3733 3181 3787; x_wconf 88' lang='lat' dir='ltr'><strong>Deum</strong></span> <span class='ocrx_word' id='word_1_670' title='bbox 3209 3731 3345 3785; x_wconf 92' lang='lat' dir='ltr'><strong>bona</strong></span> <span class='ocrx_word' id='word_1_671' title='bbox 3370 3733 3666 3801; x_wconf 86' lang='lat' dir='ltr'><strong>consequi,</strong></span> 
     </span>
    </p>
   </div>
   <div class='ocr_carea' id='block_1_81' title="bbox 2079 3821 3670 3894">
    <p class='ocr_par' dir='ltr' id='par_1_81' title="bbox 2079 3821 3670 3894">
     <span class='ocr_line' id='line_1_81' title="bbox 2079 3821 3670 3894; baseline -0.002 -15"><span class='ocrx_word' id='word_1_672' title='bbox 2079 3823 2248 3894; x_wconf 86' lang='lat' dir='ltr'><strong>gratia</strong></span> <span class='ocrx_word' id='word_1_673' title='bbox 2288 3832 2343 3877; x_wconf 90' lang='lat' dir='ltr'><strong>et</strong></span> <span class='ocrx_word' id='word_1_674' title='bbox 2385 3823 2715 3894; x_wconf 90' lang='lat' dir='ltr'><strong>benignitate</strong></span> <span class='ocrx_word' id='word_1_675' title='bbox 2746 3822 2957 3876; x_wconf 90' lang='lat' dir='ltr'><strong>Domini</strong></span> <span class='ocrx_word' id='word_1_676' title='bbox 2995 3822 3161 3877; x_wconf 90' lang='lat' dir='ltr'><strong>nostri</strong></span> <span class='ocrx_word' id='word_1_677' title='bbox 3182 3821 3309 3876; x_wconf 88' lang='lat' dir='ltr'><strong>Jcsu</strong></span> <span class='ocrx_word' id='word_1_678' title='bbox 3335 3821 3552 3887; x_wconf 88' lang='lat' dir='ltr'><strong>Christi,</strong></span> <span class='ocrx_word' id='word_1_679' title='bbox 3580 3822 3670 3877; x_wconf 91' lang='lat' dir='ltr'><strong>cui</strong></span> 
     </span>
    </p>
   </div>
   <div class='ocr_carea' id='block_1_82' title="bbox 2079 3912 3670 3984">
    <p class='ocr_par' dir='ltr' id='par_1_82' title="bbox 2079 3912 3670 3984">
     <span class='ocr_line' id='line_1_82' title="bbox 2079 3912 3670 3984; baseline 0 -18"><span class='ocrx_word' id='word_1_680' title='bbox 2079 3912 2250 3983; x_wconf 87' lang='lat' dir='ltr'><strong>gloria</strong></span> <span class='ocrx_word' id='word_1_681' title='bbox 2278 3921 2333 3967; x_wconf 91' lang='lat' dir='ltr'><strong>et</strong></span> <span class='ocrx_word' id='word_1_682' title='bbox 2359 3912 2669 3982; x_wconf 87' lang='lat' dir='ltr'><strong>imperium,</strong></span> <span class='ocrx_word' id='word_1_683' title='bbox 2684 3927 2825 3969; x_wconf 89' lang='lat' dir='ltr'><strong>nunc</strong></span> <span class='ocrx_word' id='word_1_684' title='bbox 2840 3922 2895 3969; x_wconf 88' lang='lat' dir='ltr'><strong>et</strong></span> <span class='ocrx_word' id='word_1_685' title='bbox 2920 3926 3155 3984; x_wconf 87' lang='lat' dir='ltr'><strong>semper,</strong></span> <span class='ocrx_word' id='word_1_686' title='bbox 3178 3912 3310 3969; x_wconf 89' lang='lat' dir='ltr'><strong>etin</strong></span> <span class='ocrx_word' id='word_1_687' title='bbox 3343 3913 3536 3969; x_wconf 65' lang='lat' dir='ltr'><strong>saecula</strong></span> <span class='ocrx_word' id='word_1_688' title='bbox 3563 3926 3670 3966; x_wconf 78' lang='lat' dir='ltr'><strong>sa:-</strong></span> 
     </span>
    </p>
   </div>
   <div class='ocr_carea' id='block_1_83' title="bbox 2081 4001 2564 4059">
    <p class='ocr_par' dir='ltr' id='par_1_83' title="bbox 2081 4001 2564 4059">
     <span class='ocr_line' id='line_1_83' title="bbox 2081 4001 2564 4059; baseline -0.004 0"><span class='ocrx_word' id='word_1_689' title='bbox 2081 4001 2346 4059; x_wconf 89' lang='lat' dir='ltr'><strong>culorum.</strong></span> <span class='ocrx_word' id='word_1_690' title='bbox 2374 4003 2564 4059; x_wconf 79' lang='lat' dir='ltr'><strong>Amen.</strong></span> 
     </span>
    </p>
   </div>
  </div>
