4086 6164
302 319 407 376 383

301 425 368 501 ἦν
394 428 585 484 λοιπὸν
609 427 704 483 τοῦ
753 429 1039 499 στεφάνου·
1080 429 1295 498 ἐδέξατο
1325 433 1489 489 αὑτὸν
1518 439 1553 508 ὴ
1604 435 1792 508 Ῥώμη
1825 437 1969 491 δεδε-

304 518 490 589 μένον,
518 517 614 571 καὶ
636 511 744 570 εἶδε
766 515 1175 586 στεφανωθέντα
1198 520 1289 572 καὶ
1309 521 1779 593 ἀνακηρυχθέντα.
1829 526 1973 578 Ἑκεί

301 604 855 672 Συναναπαύσομαι
901 601 1064 670 ὑμῖν,
1124 601 1250 675 ἐφη.
1315 607 1579 662 Ἐνταῦθα
1635 608 1968 680 πορεύομαι,

302 689 640 761 διακονήσων
683 691 764 753 εἰς
813 689 1184 763 Ἰερουσαλήμ.
1217 693 1290 747 Τὸ
1333 694 1389 747 δὲ
1435 695 1579 769 ἀρχὴ
1625 697 1722 750 τοῦ
1771 697 1972 768 δρόμου

305 781 470 835 πάλιν
493 776 584 852 ἦν,
617 781 712 834 καὶ
750 782 991 852 τρόπαια
1016 783 1298 854 τροπαίοις
1326 786 1621 855 συνῆπτεν,
1657 786 1972 858 ἀκατάπλη-

306 887 434 933 κτος
465 868 561 922 ὢν.
599 868 863 940 Κόρινθος
896 869 1058 925 αὑτὸν
1104 871 1341 942 κατέσχε
1372 872 1466 926 δύο
1497 872 1615 944 ἐτη,
1668 875 1764 928 καὶ
1818 874 1972 930 Ἀσία

305 956 454 1028 τρία,
484 957 577 1009 καὶ
605 955 746 1026 αῦτη
778 954 871 1009 δύο
903 956 1059 1023 τέως,
1087 956 1224 1011 ὥστε
1253 958 1503 1031 δεύτερον
1536 960 1728 1032 ἐπέϐη,
1763 962 1852 1014 ὅτε
1881 963 1972 1016 καὶ

307 1044 616 1115 ἐτελειώθη.
665 1044 768 1098 Ἐν
796 1045 871 1113 τῇ
904 1044 1103 1114 πρώτῃ
1139 1064 1258 1114 μου
1288 1047 1604 1117 ἀπολογίᾳ,
1646 1049 1835 1121 φησὶν,
1871 1052 1973 1103 οὐ-

304 1131 431 1197 δείς
459 1149 562 1202 μοι
594 1130 1095 1202 συμπαρεγένετο.
1127 1131 1284 1186 Οὕτω
1312 1133 1533 1203 διέφυγε
1560 1135 1711 1201 τότε,
1741 1137 1834 1189 καὶ
1865 1137 1972 1189 πᾶ-

305 1236 408 1272 σαν
437 1218 725 1289 ἐμπλήσας
749 1217 845 1288 τὴν
869 1218 1190 1290 οἰκουμένην
1213 1218 1309 1272 τοῦ
1344 1220 1718 1291 κηρύγματος,
1747 1221 1976 1274 κατέλυ-

308 1322 403 1358 σεν
424 1305 567 1358 οὔτω
590 1305 681 1356 τὸν
724 1304 857 1373 βίον.
909 1305 973 1358 Τί
1009 1304 1228 1358 ἐϐούλου
1263 1305 1454 1376 μαθεῖν
1483 1308 1553 1361 τὰ
1588 1307 1727 1378 μετά
1762 1309 1969 1374 ταῦτα;

307 1389 546 1445 Τοιαῦτά
571 1393 686 1444 ἐστι
713 1392 958 1444 κάκεῖνα’
984 1391 1181 1461 δεσμὰ,
1210 1392 1458 1461 βάσανοι.
1493 1394 1685 1464 μάχαι,
1711 1395 1972 1463 φυλακαὶ,

307 1479 614 1542 ἐπιϐουλαὶ,
645 1479 1022 1547 συκοφαντίαι,
1055 1478 1275 1534 θάνατοι
1297 1481 1675 1552 καθημερινοί.
1704 1479 1858 1546 Εἶδες
1876 1484 1974 1536 a6-

307 1565 403 1618 τοῦ
444 1564 638 1635 μικρὸν
679 1564 878 1636 μέρος;
905 1565 1158 1619 Τοιοῦτον
1187 1567 1297 1620 νόει
1321 1567 1415 1620 καὶ
1440 1567 1500 1620 τὸ
1525 1569 1731 1622 λοιπόν.
1765 1569 1974 1641 ’Ὠσπερ

308 1653 403 1705 ἐπὶ
429 1652 525 1705 τοῦ
556 1652 808 1722 ούρανοῦ,
835 1653 959 1706 ὅσον
983 1653 1049 1706 ἂν
1081 1652 1195 1724 ίδῃς
1227 1654 1414 1720 αὑτοῦ,
1451 1654 1702 1709 τοσοῦτόν
1731 1655 1847 1708 ἐστι
1881 1656 1976 1708 καὶ

309 1739 371 1793 τὺ
419 1740 582 1793 ἀλλο·
626 1737 856 1810 ούρανοῦ
909 1738 1019 1809 γὰρ
1065 1738 1132 1793 ἂν
1183 1739 1348 1811 μέρος
1383 1739 1554 1812 θεάσῃ
1597 1739 1678 1806 ἐν,
1729 1742 1862 1794 ὅπου
1911 1739 1978 1793 ἂν

310 1824 571 1896 ἀπέλθῃς,
607 1824 845 1878 τοιοῦτον
869 1824 988 1894 όψει
1019 1825 1114 1879 καὶ
1141 1825 1202 1878 τὺ
1226 1825 1411 1880 λοιπόν
1434 1844 1448 1857 ·
1478 1826 1511 1898 ἢ
1540 1825 1792 1898 καθάπερ
1823 1826 1976 1896 ἡλίου

308 1913 412 1977 τὰς
459 1915 683 1976 ἀκτῖνας
727 1913 833 1966 κᾶν
878 1913 942 1966 ἐκ
974 1913 1174 1984 μέρους
1212 1912 1361 1984 ῐδῃς,
1393 1913 1631 1984 στοχάζῃ
1677 1914 1741 1967 ἐκ
1773 1912 1977 1966 τούτων

309 1995 422 2063 οἷος
460 2001 489 2052 6
520 1999 701 2068 ἥλιος,
731 1996 874 2052 οὕτω
902 1999 996 2052 καὶ
1028 1999 1121 2052 ἐπὶ
1162 1999 1397 2052 Παύλου.
1432 1999 1542 2060 Τάς
1579 1999 1807 2070 πράξεις
1836 1995 1977 2062 εἶδες

310 2089 376 2140 ἐκ
404 2087 606 2158 μέρους
634 2085 821 2149 αὐτοῦ,
855 2088 1029 2140 πᾶσαι
1052 2085 1300 2140 τοιαῦται
1325 2086 1688 2156 τυγχάνουσι,
1719 2086 1978 2140 κινδύνων

185 2185 194 2196 '
308 2176 599 2244 γέμουσαι.
631 2171 871 2244 Οὐρανὸς
901 2169 971 2244 ἦν
1001 2174 1207 2236 ἐκεῖνος
1244 2173 1396 2243 ἥλιον
1425 2172 1772 2244 δικαιοσύνης
1813 2173 1974 2244 ἔχων,

309 2263 372 2315 ού
403 2260 666 2326 τοιοῦτον,
697 2260 836 2314 ὥστε
867 2260 960 2312 καὶ¹
985 2259 1217 2332 ούρανοῦ
1250 2259 1473 2330 βελτίων
1503 2261 1532 2314 6
1561 2260 1720 2330 ἀνήρ.
1767 2261 1976 2330 Μικρὸν

308 2348 414 2401 οἴει
439 2348 597 2401 τοῦτο
625 2347 797 2415 εἷναις
828 2349 942 2402 Οὐκ
970 2347 1144 2416 ἔγωγε
1173 2345 1346 2418 οἶμαι.
1379 2347 1544 2402 Ὅταν
1576 2348 1869 2401 ἀπόστολον
1895 2349 1975 2401 εἷο

309 2453 442 2505 πῃς,
468 2433 668 2496 εύθέως
705 2434 906 2497 πάντες
943 2433 1104 2486 αὐτὸν
1143 2433 1432 2486 ἐννοοῦσινο
1467 2433 1594 2486 ὅταν
1628 2432 1972 2504 Βαπτιστὴν,

310 2521 510 2584 εὐθέως
585 2520 677 2573 τὸν
752 2519 1026 2590 Ἰωάννην.
1098 2519 1218 2571 Τίνι
1289 2519 1350 2573 ἄν
1414 2534 1495 2582 τις
1565 2520 1855 2591 παραϐάλῃ
1908 2521 1978 2574 τά

310 2610 522 2664 ἐκείνου
571 2609 824 2679 ῥήματα;
853 2607 1117 2679 θαλάσσῃ,
1161 2607 1196 2678 ἦ
1228 2607 1322 2660 καὶ
1351 2606 1610 2678 ώκεανῷς
1653 2607 1794 2659 Ἀλλ’
1822 2607 1976 2661 οὐδὲν

313 2697 448 2752 ἴσον.
475 2694 659 2765 Πολλῷ
695 2694 900 2765 ταύτης
935 2693 1292 2765 δαψιλέστερα
1324 2693 1394 2747 τὰ
1431 2694 1679 2764 ῥεύματα
1699 2707 1726 2735 ε
1759 2695 1829 2748 τά
1856 2695 1979 2748 τού-

308 2803 425 2848 του,
457 2782 820 2855 καθαρώτερα
839 2782 934 2834 καὶ
965 2780 1256 2852 βαθύτερα,
1284 2779 1422 2834 ὥστε
1459 2782 1555 2833 καὶ
1582 2781 1858 2835 θάλασσαν
1881 2783 1975 2836 καὶ

309 2873 539 2944 οὐρανὸν
567 2872 669 2924 οὐκ
693 2871 758 2925 ἀν
785 2887 866 2933 τις
896 2869 1130 2939 ἁμάρτοι
1161 2868 1260 2938 τὴν
1293 2867 1505 2920 Παύλου
1531 2867 1757 2938 καρδίαν
1780 2868 1971 2934 εἰπὼν,

308 2962 373 3014 τὸ
417 2961 516 3031 μὲν
555 2959 643 3013 διὰ
685 2958 747 3011 τὺ
790 2956 1050 3028 καθαρὸν,
1088 2957 1148 3008 τὸ
1188 2956 1243 3008 δὲ
1282 2955 1369 3008 διὰ
1409 2955 1469 3008 τὸ
1519 2954 1675 3024 βαθύ.
1718 2955 1975 3010 Θάλασσά

311 3051 489 3114 ἐστιν,
545 3047 646 3100 ούκ
699 3046 808 3099 ἀπὸ
865 3045 1067 3107 πόλεως
1107 3045 1188 3106 εἰς
1225 3043 1378 3096 πόλιν
1431 3043 1638 3111 ἄγουσα
1693 3043 1820 3107 τοὺς
1873 3046 1974 3112 ἐμ-

312 3136 597 3199 πλέοντας,
628 3133 744 3187 άλλ’
768 3132 874 3186 ἀπὸ
906 3132 1008 3201 γῆς
1031 3133 1111 3194 είς
1135 3131 1382 3202 οὐρανόν·
1412 3131 1568 3194 εἴτις
1595 3129 1797 3201 ταύτην
1825 3130 1974 3183 πλέοι

311 3223 414 3294 τὴν
465 3222 760 3285 θάλασσαν,
811 3219 870 3286 ἐξ
918 3219 1107 3288 οὐρίας
1164 3217 1479 3271 πλεύσεται.
1546 3219 1633 3271 Ἐν
1683 3217 1852 3289 ταύτῃ
1907 3220 1972 3289 τῇ

313 3311 560 3381 θαλάσσῃ
605 3308 706 3361 οὐκ
750 3307 960 3377 ἄνεμοι,
1000 3305 1115 3358 ἀλλ’
1159 3305 1280 3358 ἀντὶ
1318 3305 1535 3376 ἀνέμων
1579 3303 1805 3374 Πνεῦμα
1833 3304 1976 3357 θεῖον

314 3399 470 3466 ἅγιον
502 3397 598 3458 τὰς
646 3392 988 3464 ἐμπλεούσας
1033 3392 1393 3462 παραπέμπει
1436 3392 1638 3462 ψυχάς*
1681 3392 1782 3444 οὐκ
1827 3391 1978 3445 ἐστιν

315 3483 549 3538 ἐνταῦθα
585 3481 836 3552 κύματα,
880 3480 980 3532 οὐκ
1013 3478 1127 3531 ἐστι
1173 3479 1455 3544 σκόπελος,
1499 3479 1600 3531 ούκ
1638 3477 1754 3531 ἔστι
1789 3478 1971 3549 θηρία⁹

316 3572 495 3625 πάντα
523 3568 756 3637 γαληνά.
801 3567 1057 3620 Θάλασσά
1096 3567 1212 3619 ἐστι
1251 3566 1468 3636 λιμένος
1498 3566 1836 3637 γαληνοτέρα
1879 3565 1977 3620 καὶ

317 3657 714 3728 ἀσφαλεστέρα,
741 3654 892 3708 οὐδὲν
915 3654 1158 3724 ἁλμυρὸν
1191 3652 1388 3725 ἔχουσα
1408 3693 1425 3719 ,
1458 3653 1596 3708 ἀλλά
1624 3654 1807 3724 πηγὴν
1845 3652 1974 3724 [κα-

317 3746 492 3818 θαρὰν
520 3743 634 3815 καὶ]
663 3744 855 3813 ἣδιστα
885 3741 1116 3810 ῥέουσαν
1143 3740 1360 3810 νάματα
1377 3780 1394 3804 ,
1416 3741 1566 3811 ἡλίου
1591 3740 1976 3811 λαμπροτέραν

317 3838 413 3891 καὶ
431 3836 508 3888 διε
517 3821 688 3886 ιδεσέέ
697 3848 810 3900 ραν·
831 3827 1079 3882 θάλασσά
1093 3829 1230 3893 ἐστι,
1244 3829 1305 3881 ού
1321 3827 1502 3891 λίθους
1527 3827 1725 3898 ἔχουσα
1742 3826 1977 3896 τιμίους,

315 3923 436 3978 οὐδὲ
465 3918 758 3990 ἁλουργίδα
785 3915 1070 3988 τοιαύτην,
1104 3914 1239 3968 ἀλλά
1272 3915 1530 3986 κτήματα
1561 3912 1742 3984 πολλῷ
1773 3912 1980 3968 τούτων

317 4009 532 4082 βελτίω.
589 4007 645 4058 '0
689 4002 1009 4075 βουλόμενος
1047 4002 1129 4065 είς
1159 3999 1317 4054 τοῦτο
1357 3998 1604 4055 καθεῖναι
1643 3998 1706 4054 τό
1743 3999 1980 4070 πέλαγος

380 4111 406 4140 ³
435 4108 519 4157 Sic
538 4102 691 4155 Savil.
717 4108 875 4153 recte.
911 4101 1082 4152 Morel.
1109 4099 1170 4149 τὰ
1193 4100 1401 4165 ῥήματα.

1408 315 1480 374 m
1518 317 1704 374 ALTA
1731 317 2274 378 APOS’I‘OLOBIJM.
2318 317 2554 400 ιιοιςῖι..
2583 318 2694 377 ιν.

3621 315 3729 371 ΒΜ

2073 441 2287 507 ἑαυτὸν,
2317 441 2380 494 ού
2408 436 2764 510 κολυμϐητῶν
2791 437 2979 500 δεῖται,
3008 436 3110 490 οὒκ
3131 435 3333 503 ἐλαίου,
3362 435 3500 492 ἀλλά
3523 437 3740 507 φιλοσο-

2074 528 2199 596 φίας
2228 528 2446 598 πολλῆς·
2473 527 2695 596 εὑρήσει
2725 525 2782 576 ἐν
2810 523 2960 593 αύτῷ
2983 525 3156 577 πάντα
3181 523 3251 575 τά
3277 523 3456 592 ἀγαθά
3484 523 3554 576 τὰ
3581 527 3637 578 ἐν
3668 527 3734 594 τῇ

2074 615 2323 687 βασιλείᾳ
2351 615 2459 668 τῶν
2489 612 2754 684 οὐρανῶν.
2799 610 2856 664 '0
2890 610 3131 674 τοιοῦτος
3157 609 3304 682 [416]
3335 612 3427 664 καὶ
3454 612 3741 682 δυνήσεται

2071 702 2326 771 γενέσθαι
2354 702 2628 772 βασιλεὺς,
2660 699 2754 752 καὶ
2783 697 2964 751 πάντα
2984 698 3076 750 τὸν
3100 698 3303 768 κόσμον
3331 699 3536 765 λαϐεῖν,
3565 699 3657 753 καὶ
3681 701 3739 751 ἐν

2069 792 2205 862 τιμῇ
2231 785 2369 844 εῖναι
2410 788 2670 859 μεγίστῃ·
2703 786 2730 837 6
2767 784 2971 856 ταύτην
3008 783 3191 838 πλέων
3217 785 3316 855 τὴν
3347 784 3620 839 θάλασσαν
3645 785 3738 837 ού-

2071 876 2262 931 δέποτε
2279 880 2536 944 ναυάγιον
2557 874 2942 943 ύποστήσεται,
2960 870 3095 924 ἀλλά
3113 869 3288 923 πάντα
3305 869 3508 924 είσεται
3532 871 3736 934 καλῶς.

2086 963 2225 1017 Ἀλλ’
2247 962 2432 1032 ὥσπερ
2455 963 2504 1015 οἱ
2525 959 2727 1030 ταύτης
2748 959 2965 1028 ἄπειροι
2987 957 3086 1027 τῆς
3111 957 3388 1028 θαλάσσης
3411 957 3737 1026 ἀποπνίγον-

2072 1067 2183 1114 ται,
2209 1047 2352 1102 οὕτω
2377 1047 2440 1117 δὴ
2467 1046 2560 1100 καὶ
2585 1045 2834 1098 ἐνταῦθα·
2860 1045 2996 1114 ὅπερ
3025 1042 3088 1113 δὴ
3119 1043 3387 1112 πάσχουσι
3413 1042 3506 1094 καὶ¹
3532 1043 3737 1113 αἱρετι-

2074 1137 2160 1191 κοὶ
2180 1139 2290 1198 τοῖς
2311 1135 2451 1206 ὑπὲρ
2475 1134 2704 1204 δύναμιν
2732 1131 3126 1203 ἐγχειροῦντες.
3148 1133 3241 1182 Δεῖ
3269 1130 3333 1198 δὴ
3358 1130 3418 1182 τὸ
3443 1129 3604 1199 βάθος
3625 1129 3737 1181 τοί-

2072 1241 2167 1278 νυν
2190 1224 2408 1284 είδέναι,
2447 1222 2481 1294 ἢ
2517 1221 2590 1293 μὴ
2620 1219 2987 1290 κατατολμᾷν.
3035 1219 3132 1272 Ἂν
3171 1217 3456 1288 μέλλωμεν
3489 1216 3641 1268 πλεῖν
3679 1214 3742 1268 τὸ

2075 1311 2309 1379 πέλαγος
2332 1309 2507 1372 τοῦτο,
2533 1307 2757 1371 εὔζωνοι
2774 1305 3080 1375 γενώμεθα.
3107 1308 3227 1360 Οὐκ
3244 1304 3559 1373 ἠδυνήθην
3576 1303 3741 1371 ὑμῖν,

2074 1398 2228 1468 φησὶ,
2257 1395 2525 1464 λαλῆσαι
2549 1396 2630 1461 ὠς
2659 1392 3101 1462 πνευματικοῖς,
3133 1392 3270 1446 ἀλλ’
3303 1392 3384 1456 ὡς
3408 1388 3738 1457 σαρκικοῖς.

2074 1485 2276 1554 Μηδεὶς
2300 1483 2673 1553 ἀκαρτέρητος
2708 1480 2866 1533 τοῦτο
2909 1478 3111 1532 πλείτω
3139 1479 3200 1531 τὸ
3260 1478 3515 1544 πέλαγος.
3561 1478 3744 1528 Κατα-

2078 1572 2441 1640 σκευάσωμεν
2474 1570 2687 1631 ἑαυτοῖς
2717 1567 2901 1629 πλοῖα,
2929 1565 3207 1618 τουτέστιν
3225 1565 3494 1634 σπουδὴν,
3544 1561 3744 1634 προθυ-

2081 1659 2230 1730 μίαν,
2259 1657 2444 1726 εύχάς,
2471 1655 2610 1709 ὥστε
2644 1653 2892 1707 διανύσαι
2915 1653 2976 1706 τὺ
3016 1651 3254 1720 πέλαγος
3293 1653 3350 1704 ἐν
3380 1651 3603 1720 ἡσυχία·
3649 1650 3744 1702 καὶ

2076 1746 2184 1817 γὰρ
2210 1745 2272 1798 τὸ
2298 1743 2442 1815 ὕδωρ
2463 1742 2620 1795 τοῦτο
2643 1741 2750 1806 ζῶν
2771 1743 2907 1794 ἐστι.
2933 1738 3198 1810 Καθάπερ
3221 1737 3376 1801 εἴτις
3397 1737 3568 1809 πυρὸς
3587 1737 3742 1789 λάϐοι

2079 1832 2274 1902 στόμα,
2304 1830 2475 1894 οὕτως
2507 1831 2534 1881 6
2572 1829 2782 1882 Παῦλον
2814 1826 2968 1891 εἰδὼς
3007 1825 3301 1892 στομοῦται
3327 1824 3380 1861 δ’
3413 1824 3663 1894 καθάπερ
3694 1821 3748 1875 εί

2075 1936 2158 1982 τις
2189 1918 2462 1988 μάχαιραν
2477 1916 2654 1982 ὀξεῖαν
2685 1916 2820 1985 ἔχοι,
2848 1915 3019 1977 οὕτως
3048 1917 3076 1967 6
3111 1914 3350 1975 τοιοῦτος
3376 1911 3538 1965 πάλιν
3564 1909 3740 1976 ἀκάθ-

2078 2024 2236 2070 εκτος
2291 2007 2521 2074 γίνεται.
2557 2004 2669 2058 Καὶ
2702 2004 2838 2074 πρὸς
2871 2003 2932 2055 τὸ
2959 2003 3148 2072 νοῆσαι
3185 2002 3241 2054 δέ
3279 2001 3346 2053 τὰ
3375 2000 3587 2054 Παύλου
3625 1999 3740 2067 βίου

2077 2094 2320 2166 καθαροῦ
2370 2093 2559 2146 δεῖται.
2609 2091 2708 2144 Διά
2751 2091 2908 2144 τοῦτο
2959 2091 3053 2142 καὶ
3095 2090 3273 2157 ἐλεγε’
3320 2088 3632 2150 Γάλακτος
3674 2085 3743 2138 ἐν

2077 2184 2248 2253 χρείᾳ.
2285 2181 2634 2245 κατέστητε,
2664 2178 2792 2232 ἐπεὶ
2827 2177 3036 2245 νωθροὶ
3061 2177 3338 2245 γεγόνατε
3360 2174 3487 2239 ταῖς
3514 2171 3739 2236 ἀκοαῖς.

2079 2272 2235 2323 Ἐστι
2279 2269 2408 2339 γὰρ,
2459 2268 2608 2320 ἔστιν
2646 2265 2898 2320 ἀσθένεια
2948 2264 3046 2334 τῆς
3089 2264 3277 2332 ἀκοῆς.
3329 2263 3594 2330 Καθάπερ
3634 2259 3741 2329 γὰρ

2079 2358 2350 2428 στόμαχος
2395 2355 2495 2409 ούκ
2529 2353 2594 2408 ἂν
2630 2352 2842 2416 δέξαιτο
2891 2349 3106 2419 ὑγιεινὰ
3144 2350 3288 2402 σιτία
3329 2349 3422 2401 καὶ
3446 2344 3744 2414 δυσκατέρ-

2075 2461 2252 2514 γαστα
2273 2483 2287 2507 ,
2321 2443 2553 2513 ἀσθενὴς
2591 2440 2688 2503 ὢν,
2733 2440 2877 2493 οὕτω
2907 2439 2999 2491 καὶ
3035 2437 3180 2507 ψυχὴ
3213 2434 3548 2504 όγκωθεῖσα,
3573 2431 3742 2500 φλεγ-

2081 2534 2362 2604 μαίνουσα,
2394 2531 2579 2592 ἄτονος
2613 2527 2880 2596 γενομένη
2917 2527 3010 2578 καὶ
3051 2524 3294 2585 ἔκλυτος,
3353 2523 3454 2574 οὐκ
3487 2520 3552 2574 ἂν
3580 2519 3741 2588 δυνη-

2077 2621 2194 2690 θείη
2228 2617 2484 2682 δέξασθαι
2527 2617 2618 2668 τὸν
2652 2612 3022 2683 πνευματικὸν
3052 2611 3230 2678 λόγον.
3279 2610 3476 2661 Ἀκουε
3505 2607 3613 2660 τῶν
3649 2622 3747 2674 μα-

2077 2706 2254 2777 θητῶν
2280 2704 2578 2772 λεγόντων·
2613 2701 2884 2768 Σκληρός
2923 2699 3092 2752 ἐστιν
3129 2700 3162 2750 ό
3209 2698 3391 2764 λόγος
3432 2691 3627 2757 οὗτος·
3655 2693 3745 2757 τίς

2075 2794 2322 2847 δύναται
2345 2790 2528 2845 ἀὺτοῦ
2563 2789 2838 2850 ἀκούεινς
2869 2788 2964 2838 Ἂν
2997 2785 3053 2837 δὲ
3095 2783 3288 2852 ἰσχυρὰ
3385 2781 3479 2832 καὶ
3509 2778 3740 2848 ὑγιεινὴ,

2078 2881 2255 2935 πάντα
2291 2879 2497 2953 ῥᾷστα,
2541 2876 2718 2929 πάντα
2761 2873 2990 2934 εῦκολα,
3039 2869 3348 2939 ὑψηλοτέρα
3394 2867 3600 2953 γίνεται
3649 2865 3744 2917 καλ⁵

2079 2965 2405 3034 κουφοτέρα,
2435 2952 2638 3033 μᾶλλον
2675 2959 3064 3030 μετεωρίζεται
3100 2957 3192 3009 καὶ
3223 2956 3301 3017 εἰς
3334 2953 3464 3021 ὕψος
3509 2952 3742 3019 αἴρεται.

2079 3051 2266 3107 Ταῦτα
2305 3047 2398 3104 οὖν
2431 3049 2628 3111 εἰδότες
2660 3045 2898 3117 ὑγιεινὴν
2928 3044 3083 3115 ἡμῶν
3117 3040 3616 3107 κατασκευάσωμεν
3645 3036 3745 3106 τὴν

2077 3137 2277 3209 ψυχὴν,
2318 3137 2410 3189 καὶ
2454 3135 2787 3206 ζηλώσωμεν
2829 3133 2922 3184 τὸν
2966 3128 3202 3191 Παῦλον,
3237 3126 3331 3180 καὶ
3376 3121 3744 3209 μιμησώμεθα

2080 3207 2462 3296 γενναίαν
2499 3223 2714 3292 ἐκείνην
2743 3221 2840 3274 καὶ
2869 3216 3234 3290 ἀδαμαντίνην
3264 3213 3462 3284 ψυχήν·
3500 3211 3588 3262 ἵνα
3623 3207 3743 3296 κατ’

2085 3294 2228 3384 ῐχνος
2249 3312 2357 3366 τῶν
2384 3311 2573 3378 ἐκείνῳ
2591 3309 2934 3380 βεϐιωμένων
2958 3303 3330 3375 πορευόμενοι,
3351 3297 3664 3368 δυνηθῶμεν
3685 3294 3746 3384 τὸ

2081 3382 2319 3467 πέλαγος
2368 3397 2462 3451 τοῦ
2509 3397 2775 3467 παρόντος
2823 3394 2938 3464 βίου
2991 3389 3352 3450 διαπλεῦσαι,
3397 3386 3491 3438 καὶ
3535 3384 3613 3445 εἰς
3653 3382 3745 3434 τὸν

2080 3486 2392 3556 ἀκύμαντον
2425 3485 2621 3555 λιμένα
2653 3481 3019 3550 καταντῆσαι,
3054 3477 3150 3531 καὶ
3180 3476 3289 3528 τῶν
3320 3470 3746 3543 ἐπηγγελμένων

2081 3573 2303 3642 ἀγαθῶν
2323 3577 2435 3636 τοῖς
2456 3572 2622 3636 ἀξίως
2640 3570 2734 3624 τοῦ
2758 3566 2995 3638 Χριστοῦ
3015 3564 3220 3637 βιοῦσιν
3241 3563 3539 3632 ἐπιτυχεῖν,
3562 3559 3746 3642 χάριτι

2081 3641 2175 3714 καὶ
2214 3657 2596 3729 φιλανθρωπίᾳ
2651 3653 2748 3709 τοῦ
2792 3653 2998 3725 Κυρίου
3042 3649 3206 3722 ἡμῶν
3253 3647 3429 3719 Ἰησοῦ
3475 3641 3744 3716 Χριστοῦ,

2085 3747 2204 3818 μεθ’
2236 3742 2298 3801 οὗ
2321 3746 2399 3813 τῷ
2433 3746 2611 3815 Πατρὶ
2637 3743 2753 3814 ἅμα
2778 3741 2855 3812 τῷ
2877 3741 3018 3812 ἁγίῳ
3043 3738 3320 3810 Πνεύματι
3343 3735 3493 3800 δόξα,
3521 3731 3742 3802 κράτος,

2077 3837 2237 3908 τιμὴ,
2266 3835 2362 3890 νῦν
2406 3835 2502 3889 καὶ
2542 3833 2664 3899 ἀεὶ,
2699 3831 2794 3885 καὶ
2829 3831 2910 3894 είς
2949 3832 3078 3893 τοὺς
3127 3827 3331 3890 αἰῶνας
3365 3823 3475 3878 τῶν
3510 3819 3743 3876 αἰώνων.

2091 3926 2287 3996 Ἀμήν.

2143 4027 2173 4068 δ
2207 4025 2392 4075 Omnes
2417 4023 2524 4073 fere
2544 4037 2681 4080 ωδε»,
2704 4023 2855 4078 οὕτως
2890 4023 2918 4070 6
2939 4018 3136 4069 Παῦλον
3156 4017 3292 4074 εἰδὼς
3309 4009 3590 4075 στομοῦται.
3614 4004 3744 4058 Είιίιὶ

2082 4091 2110 4138 6
2133 4085 2329 4142 Παῦλος
2351 4086 2473 4142 εἶδος
2493 4085 2778 4148 στομοῦται,
2802 4084 3005 4135 obscura
3025 4081 3193 4130 dictio.
