4148 6152
446 294 561 353 385
1883 282 2084 342 PRAEF

2082 282 2260 343 'ATIO
3611 285 3720 341 380

460 430 3713 479 Μ

1526 556 2641 818 PBZEFATIO

1828 959 1938 1023 AD
1995 960 2360 1023 HOMILIAS

917 1175 1071 1287 IN
1159 1170 2056 1285 EPISTOLAM
2167 1173 2366 1284 AD
2477 1124 3256 1286 ROMANOS.

1766 1434 2450 1467 -ο-θῠθὺο--α-

533 1657 680 1713 Inter
699 1655 1056 1729 elcgantiores
1076 1666 1133 1712 et
1156 1654 1632 1727 praestantissimos
1659 1653 2031 1726 Chrysostomi
2062 1652 2354 1708 conciones
2384 1650 2630 1706 Humilia:
2670 1651 2726 1705 in
2760 1649 3053 1720 Epistulam
3082 1650 3150 1707 ad
3179 1652 3457 1708 Romanos
3489 1668 3731 1709 censen-

461 1761 574 1807 tur.
630 1751 723 1808 llis
767 1753 912 1807 enim
963 1751 1272 1807 accuratius
1328 1749 1723 1806 concinnandis
1771 1764 1991 1819 operam
2050 1748 2206 1804 Dedit
2243 1747 2434 1802 doctor
2486 1753 2694 1807 noster,
2729 1744 2857 1815 quia
2900 1744 2955 1799 in
2991 1744 3094 1801 hac
3128 1745 3356 1816 epistola
3395 1763 3491 1802 sua
3533 1747 3736 1802 Paulus

453 1845 691 1900 obscura
753 1846 1158 1914 humanumque
1209 1844 1552 1901 ratiocinium
1605 1842 1987 1913 cxsupcrantia
2029 1843 2200 1896 multa
2242 1840 2628 1903 admiscuerat,
2660 1854 2780 1908 qua:
2830 1839 3115 1911 ingenioso
3157 1855 3222 1894 ac
3279 1850 3506 1896 strenuo
3558 1841 3733 1897 inter-

460 1944 616 2006 prete
640 1953 779 2008 opus
803 1939 1028 1993 habent.
1059 1935 1410 2009 Explicandis
1436 1933 1650 1989 arcanis
1680 1933 1785 1987 illis
1815 1933 2107 2003 mysteriis,
2131 1948 2252 2004 quae
2281 1934 2480 2003 passim
2508 1934 2561 1989 in
2594 1936 2695 1992 hac
2722 1937 2873 1992 Pauli
2905 1938 3132 2006 epistola
3171 1944 3490 2002 occurrunt,
3526 1944 3735 1992 tantam

457 2024 700 2085 Joannes
754 2040 944 2087 noster
986 2029 1241 2084 adhibuit
1291 2041 1537 2096 operam,
1592 2033 1650 2078 ut
1702 2023 1788 2079 vix
1838 2039 2024 2094 parem
2081 2023 2135 2078 in
2185 2025 2402 2095 scriptis
2453 2026 2574 2096 ejus
2622 2026 3024 2097 deprehendas.
3069 2028 3140 2083 Et
3171 2036 3322 2083 certe
3356 2027 3523 2082 multa
3558 2028 3612 2081 in
3644 2014 3733 2082 illa

461 2124 737 2183 habentur
765 2124 911 2179 circa
939 2122 1167 2192 gratiam
1222 2128 1280 2174 et
1321 2115 1874 2188 pnedestinationem,
1910 2134 2032 2188 qua:
2073 2118 2528 2188 peritissimorum
2575 2118 2792 2190 ingenia
2837 2129 3147 2183 exerceant,
3180 2134 3412 2190 qumque
3461 2135 3571 2174 non
3614 2121 3736 2175 sine

457 2217 687 2274 errandi
722 2215 967 2287 periculo
994 2212 1216 2268 tractari
1247 2218 1500 2281 possunt,
1522 2210 1629 2264 nisi
1654 2225 1849 2281 magna
1881 2209 2062 2264 cautio
2089 2210 2434 2266 adhibeatur.
2460 2209 2653 2265 Mirum
2694 2220 2960 2281 quantum
2995 2212 3246 2268 homilias
3284 2213 3447 2268 hasce
3499 2212 3739 2269 Isidorus

462 2312 738 2368 Pelusiota
769 2308 1149 2372 celebraverit,
1179 2309 1271 2377 qui
1303 2305 1384 2361 sic
1412 2306 1578 2361 habet
1598 2305 1692 2361 lib.
1721 2306 1759 2360 5
1781 2308 1833 2359 in
1860 2304 2096 2375 Epistula

2127 2305 2288 2369 52λά
2319 2304 2588 2361 lsidorum
2624 2305 2913 2362 diaconum
2943 2326 2958 2363 :
2989 2308 3077 2361 Ἐν
3105 2311 3170 2379 τῇ
3202 2308 3470 2381 ἑρμηνείᾳ
3498 2311 3565 2378 τῇ
3600 2325 3737 2379 προς

475 2401 782 2473 Ῥωμαίους
827 2401 1060 2471 μάλιστα
1089 2401 1122 2471 ἡ
1158 2398 1405 2453 Ἰωάννου
1434 2396 1527 2451 τοῦ
1563 2395 1840 2466 πανσόφου
1878 2397 2039 2466 σοφία
2072 2395 2522 2468 τεῦησαύρισται·
2567 2394 2721 2468 οἶμαι
2747 2397 2879 2469 γὰρ.
2907 2399 3001 2453 καὶ
3036 2400 3111 2470 μή
3152 2417 3235 2461 τις
3267 2399 3407 2470 πρὸς
3454 2400 3618 2472 χάριν
3646 2400 3736 2453 λε-

466 2511 588 2566 γειν
638 2491 925 2565 νομιζέτω,
961 2492 1043 2545 ὅτι
1088 2494 1137 2546 εί
1180 2490 1209 2544 ὁ
1265 2487 1479 2552 Παῦλος
1539 2490 1569 2540 ὁ
1618 2487 1904 2549 θεσπέςιος
1955 2487 2209 2557 Ἀττικὴν
2256 2487 2448 2557 εἴληφε
2492 2487 2763 2557 γλῶτταν,
2808 2488 2951 2542 time.
2997 2489 3188 2543 ἑαυτὸν
3226 2489 3587 2562 ἑρμηνεῦσαι,
3637 2492 3742 2546 οὐκ

467 2589 538 2643 ἂν
567 2587 742 2651 ἄλλως
770 2586 1137 2659 ἡρμήνευσεν.
1173 2583 1207 2655 ἢ
1237 2583 1315 2647 ὡς
1345 2585 1373 2636 ὁ
1404 2582 1801 2653 προειρημένος
1824 2579 2071 2651 ἀοίδιμος
2110 2582 2280 2652 ἀνήρ’
2308 2579 2453 2635 οὕτω
2487 2580 2580 2635 καὶ
2614 2581 2985 2653 ἐνθυμήμασι,
3024 2583 3116 2636 καὶ
3152 2582 3340 2637 κάλλει
3362 2585 3456 2637 καὶ
3490 2585 3744 2654 κυριολε·

469 2678 559 2753 Eia
589 2679 983 2750 κεκόσμηταιὴ
1013 2677 1301 2749 ἑρμηνεία.
1331 2674 1387 2729 Id
1415 2684 1499 2730 est
1525 2694 1537 2728 :
1578 2672 1643 2729 In
1673 2675 2052 2728 commentario
2084 2692 2107 2728 η

2106 2676 2313 2729 naa'ime
2347 2675 2403 2728 in
2434 2673 2731 2744 Epistolam
2760 2676 2830 2729 ad
2861 2674 3127 2730 Romanos
3156 2676 3489 2747 sagacissimi
3514 2676 3744 2732 Joannis

464 2772 744 2840 sapientiae
794 2768 1026 2824 thesauri
1079 2767 1559 2836 deprehenduntur.
1621 2764 1758 2819 Puto
1812 2765 1994 2830 enim;
2043 2781 2107 2818 ac
2151 2782 2214 2818 ne
2270 2766 2387 2836 quis
2442 2783 2522 2820 me
2577 2770 2648 2820 ad
2703 2768 2938 2838 gratiam
2996 2768 3139 2838 loqui
3197 2770 3457 2824 existimet
3500 2785 3519 2824 :
3555 2787 3601 2824 st
3658 2770 3746 2823 di—

465 2869 619 2920 vinus
670 2863 869 2918 Paulus
924 2862 1102 2916 Attica
1157 2878 1283 2916 usus
1326 2860 1507 2931 lingua
1561 2858 1897 2928 semetipsum
1957 2858 2332 2928 interpretatus
2384 2860 2590 2927 fuisset.
2646 2876 2748 2913 non
2794 2859 2903 2913 alio
2952 2862 3105 2914 modo
3152 2863 3513 2931 expositurum
3559 2864 3745 2933 fuisse,

469 2973 635 3030 quam
679 2962 999 3008 memoratus
1041 2953 1348 3022 conspicuus
1371 2951 1448 3004 vir
1477 2966 1496 3004 :
1520 2950 1597 3003 ita
1634 2965 1818 3017 nempe
1848 2965 2024 3013 sensu,
2054 2950 2318 3020 elegantia
2350 2960 2398 3004 et
2432 2950 2709 3005 verborum
2736 2951 3060 3022 proprietate
3086 2953 3201 3023 ejus
3229 2954 3601 3025 interpretatio
3648 2976 3747 3013 or-

472 3059 660 3108 nitur.

542 3137 645 3196 Alii
676 3151 893 3206 quoque
918 3135 1062 3191 docti
1084 3134 1184 3190 viri
1214 3134 1462 3191 eamdem
1506 3134 1573 3208 de
1610 3132 1760 3188 hisee
1782 3133 2143 3189 concionibus
2172 3134 2499 3189 sententiam
2532 3136 2838 3206 proferunt.
2874 3139 3079 3196 Omnes
3107 3141 3343 3213 denique
3370 3144 3462 3201 hic
3491 3161 3746 3218 magnam

474 3235 677 3314 ingenii
709 3233 1089 3298 subtilitatem,
1122 3233 1317 3288 orandi
1348 3233 1458 3288 vim
1489 3241 1544 3286 et
1572 3231 1895 3302 elegantiam
1922 3230 2365 3300 deprehemlunt,
2393 3238 2560 3300 atque
2589 3232 2829 3288 nativam
2863 3234 2982 3304 ejus
3017 3235 3407 3307 eloquentiam,
3432 3239 3745 3311 stylumque

469 3329 688 3389 caeteris
712 3325 1089 3396 Chrysostomi
1125 3326 1382 3395 operibus
1403 3325 1484 3379 sic
1512 3324 1752 3386 afﬁnem,
1782 3331 1840 3377 ut
1862 3339 1971 3376 non
1999 3322 2069 3378 sit
2093 3338 2256 3378 ovum
2282 3338 2387 3379 ovo
2420 3324 2650 3380 similius
2689 3339 2704 3379 :
2736 3326 2810 3381 ita
2838 3337 2897 3382 ut.
2925 3343 2995 3383 ne
3019 3345 3164 3385 unus
3200 3330 3421 3400 quidem
3453 3333 3749 3393 dubitave.

472 3423 569 3489 rit,
604 3419 738 3490 quin
767 3417 871 3469 hoc
893 3413 966 3468 sit
992 3429 1183 3469 verum
1206 3424 1262 3469 et
1281 3430 1604 3486 germanum
1625 3412 2002 3484 Chrysostomi
2035 3428 2196 3482 opus.

548 3514 666 3568 Non
694 3531 792 3585 par
817 3525 1124 3569 consensus
1155 3508 1483 3578 scriptorum
1514 3515 1595 3561 est
1626 3506 1771 3559 circa
1803 3505 2003 3573 locum,
2035 3504 2126 3560 ubi
2156 3507 2320 3561 hasce
2350 3507 2642 3563 conciones
2673 3508 2862 3564 habuit
2886 3508 3328 3582 Chrysostomus.
3364 3513 3515 3589 [418]
3536 3514 3749 3583 Quaeri-

476 3611 568 3659 tur
599 3605 765 3668 enim,
794 3602 1171 3659 Antiochiaene
1196 3617 1266 3656 an
1300 3599 1769 3669 Constantinopoli
1804 3599 1922 3653 haec
1944 3598 2338 3668 praedicaverit.
2375 3600 2609 3656 Savilius
2638 3602 2941 3659 Antiochiae
2967 3604 3141 3660 dictas
3166 3606 3430 3664 Homilias
3456 3610 3523 3664 ad
3547 3610 3749 3667 Roma-

475 3709 581 3749 nos
611 3693 780 3749 fuisse
805 3693 1086 3764 Opinatur,
1118 3691 1445 3747 auctoritate
1471 3690 1669 3745 ductus
1697 3687 1897 3754 Pbotii,
1920 3688 2012 3758 qui
2047 3689 2122 3745 ait
2150 3689 2521 3748 Antiochenas
2554 3693 2929 3766 Chrysostomi
2960 3695 3212 3751 homilias
3237 3699 3746 3775 Constantinopoli-

474 3786 625 3844 tanis
645 3786 888 3856 ejusdem
928 3799 1050 3840 esse
1076 3783 1460 3856 elegantiores.
1487 3782 1624 3838 Cum
1656 3782 1866 3837 videret
1894 3797 2025 3854 ergo
2048 3780 2282 3836 Savilius
2313 3783 2412 3838 has
2441 3784 2734 3839 conciones
2763 3795 3025 3855 praestare
3047 3787 3272 3855 salibus,
3306 3793 3488 3848 nervis
3531 3802 3589 3849 et
3631 3796 3749 3851 elo-

475 3879 720 3951 quentia,
756 3876 1061 3932 Antiochiaa
1088 3874 1444 3931 concinnatas
1490 3883 1546 3929 et
1578 3872 1793 3928 habitas
1823 3870 1994 3926 fuisse
2025 3872 2422 3941 pronuntiavit.
2448 3872 2650 3927 Verum
2688 3874 2802 3929 haec
2833 3873 3013 3931 Photii
3049 3884 3177 3932 nota
3205 3879 3416 3943 critica,
3450 3899 3573 3954 qua:
3598 3899 3749 3957 saepe

476 3989 606 4029 vera
635 3988 757 4029 esse
801 3972 1208 4041 comprobatur,
1245 3967 1537 4023 nonnullas
1577 3966 1742 4021 habet
1769 3966 2138 4034 exceptiones.
2179 3966 2486 4034 Aliqumqu
2522 3968 2667 4020 enim
2710 3966 3336 4043 Constantinopolitanae
3368 3958 3748 4051 Chrysostomi

475 4066 771 4123 conciones
798 4064 1045 4135 quasdam
1078 4060 1317 4118 homiliis
1341 4060 1550 4130 aliquot
1579 4057 1937 4113 Antiochenis
1959 4057 2225 4129 elegantia
2263 4068 2392 4112 sunt
2413 4061 2833 4129 anteponendas.

547 4155 928 4212 'I'illemontius
949 4172 1097 4221 vero,
1115 4154 1206 4226 qui
1233 4152 1424 4225 majori
1454 4152 1805 4208 accuratione
1833 4160 1889 4207 et
1912 4151 2206 4220 sagacitate
2236 4168 2322 4206 res
2348 4162 2579 4207 tractare
2607 4152 2765 4217 solet,
2787 4153 2964 4209 allatis
2988 4156 3116 4213 hinc
3140 4166 3197 4214 et
3221 4157 3349 4215 inde
3369 4159 3749 4235 Cltrysostomi

475 4241 631 4308 locis,
658 4253 713 4299 et
741 4243 983 4301 excussis
1008 4243 1263 4312 utrinque
1288 4240 1612 4305 rationibus,
1641 4255 1940 4311 suSpensus
1971 4240 2162 4305 hmret,
2189 4255 2293 4295 nec
2317 4240 2586 4297 aﬂirmare
2615 4243 2799 4309 audet,
2839 4252 2959 4299 utra
2987 4248 3042 4300 in
3069 4246 3291 4307 civitate
3336 4252 3421 4310 ha:
3449 4258 3751 4318 conciones

473 4339 637 4395 dietze
658 4338 881 4393 fuerint.
912 4334 1114 4390 Verum
1142 4334 1568 4405 Chrysostomus
1603 4341 1793 4402 aperte
1839 4330 1973 4387 dicit
2001 4340 2057 4386 et
2091 4346 2150 4386 se
2175 4340 2228 4386 et
2264 4331 2542 4387 auditores
2586 4347 2714 4388 suos
2756 4342 3038 4403 pastorem
3063 4336 3287 4406 habere,
3319 4343 3508 4414 utique
3535 4347 3753 4404 Flavia-

474 4447 632 4498 num,
664 4430 819 4502 queis
849 4427 1119 4497 signiﬁcat
1148 4441 1207 4481 se
1246 4426 1625 4496 presbyterum
1653 4424 1960 4480 Antiochiae
1984 4423 2335 4479 concionare.
2366 4424 2449 4478 Eu
2479 4425 2603 4494 ejus
2634 4425 2798 4479 verba
2828 4425 3048 4482 homilia
3088 4439 3279 4487 octava
3317 4434 3443 4504 (col.
3471 4439 3600 4511 464)
3631 4459 3646 4496 :
3682 4444 3751 4498 Tt

474 4526 686 4593 λέγεις;
738 4524 871 4594 ὁρᾷς
918 4520 1128 4584 πάντας
1182 4521 1330 4590 ἡμᾶς
1379 4519 1487 4572 ὑπὸ
1535 4519 1649 4581 τοῖς
1683 4520 1868 4583 αὐτοῖς
1902 4519 2140 4590 τείχεσιν
2180 4520 2361 4583 ὂντας,
2399 4519 2505 4573 ὑπὸ
2550 4519 2643 4573 τὸν
2686 4519 2852 4574 αὐτὸν
2894 4524 2994 4594 τῆς
3042 4524 3343 4598 ἐκκλησίας
3397 4535 3587 4604 σηκὸν,
3644 4539 3753 4594 ὑπὸ

471 4619 577 4688 τὴν
607 4617 779 4688 αὐτὴν
811 4615 1052 4685 μάνδραν
1091 4612 1213 4685 μεθ’
1230 4611 1484 4682 ὁμονοίας
1519 4611 1785 4675 ἑστῶτας.
1817 4612 2007 4666 οὐδένα
2036 4613 2368 4684 μαχόμενον,
2398 4612 2504 4666 ὑπὸ
2533 4612 2612 4683 τῷ
2646 4612 2797 4683 αὐτῷ
2830 4615 3072 4684 ποιμένι,
3102 4621 3256 4691 κοινῇ
3295 4620 3559 4691 βοῶντας,
3594 4632 3749 4703 κοινῇ

471 4711 585 4766 τῶν
625 4709 943 4779 λεγομένων
984 4706 1392 4779 ἀκροωμένους,
1430 4709 1585 4777 κοινῇ
1618 4705 1717 4769 τὰς
1744 4705 1910 4775 εὐχὰς
1940 4705 2389 4779 ἀναπέμποντας,
2422 4707 2518 4762 καὶ
2547 4706 2731 4778 μάχης
2775 4707 3052 4779 μέμνησαι
3094 4710 3190 4764 καὶ
3223 4713 3505 4783 στάσεωςς
3550 4720 3750 4791 Μάχης

477 4802 787 4873 μέμνημαι,
824 4800 919 4854 καὶ
961 4798 1023 4852 οὐ
1066 4796 1332 4870 μαίνομαι
1374 4795 1495 4849 οὐδὲ
1532 4796 1823 4866 ὲξέπηκα.
1873 4796 2016 4866 Ὀρῶ
2056 4797 2157 4869 μὲν
2193 4797 2298 4868 γὰρ
2329 4798 2365 4853 ἃ
2394 4798 2525 4870 ὁρῶ,
2565 4799 2659 4852 καὶ
2688 4792 2826 4864 οῖδα,
2864 4798 2947 4852 ὃτι
2989 4799 3095 4854 ὑπὸ
3124 4802 3216 4855 τὸν
3248 4804 3415 4875 σηκὸν
3459 4806 3554 4862 τὸν
3583 4810 3750 4867 αὐτόν

468 4895 643 4967 ἐσμεν
671 4893 766 4949 καὶ
792 4894 885 4948 τὸν
914 4891 1165 4963 ποιμένα.
1197 4890 1256 4945 ld
1287 4899 1373 4946 est
1402 4908 1415 4943 :
1444 4887 1584 4955 Quid
1613 4890 1694 4944 ais
1717 4889 1743 4943 ἱ)
1775 4907 1866 4944 nos
1892 4907 2068 4946 onmes
2099 4908 2106 4945 ι

2110 4890 2238 4946 rides
2267 4891 2408 4945 intra
2438 4892 2642 4946 eosdem
2672 4891 2920 4959 parietes,
2951 4892 3007 4945 in
3052 4909 3156 4947 uno
3202 4897 3488 4968 eodemque
3515 4902 3748 4959 ecclesiis

471 4998 643 5058 septo,
669 4989 726 5042 in
763 4989 940 5043 eodem
969 4987 1094 5041 ovili
1127 4985 1533 5041 concordissime
1556 4996 1844 5050 versantes,
1871 4986 2129 5040 neminem
2163 4995 2507 5057 pugnantem,
2542 4985 2637 5039 sub
2659 4986 2838 5039 eodem
2867 4995 3101 5054 pastore,
3140 4988 3304 5042 simul
3331 4990 3641 5059 clamata,
3673 4996 3750 5049 si-

473 5082 588 5137 mul
613 5082 756 5136 dicta
787 5082 1082 5146 audientes,
1113 5078 1275 5134 simul
1302 5096 1480 5149 preces
1512 5081 1823 5141 eminentes,
1859 5090 1906 5134 et
1937 5098 2169 5152 pugnant
2196 5080 2609 5149 seditionemque
2643 5078 2948 5133 memoras?
2979 5075 3225 5150 Pugnam
3253 5099 3505 5148 memoro,
3541 5100 3633 5138 nec
3656 5086 3745 5138 itt-

469 5176 645 5238 sanio,
682 5191 774 5229 nec
803 5182 974 5229 mente
1012 5182 1196 5241 captus
1234 5189 1375 5228 sum.
1410 5172 1564 5227 Video
1590 5173 1729 5228 enim
1764 5173 1855 5226 illa
1892 5188 2008 5243 qua:
2044 5173 2212 5237 video,
2235 5173 2443 5241 scioque
2473 5188 2565 5224 nos
2588 5171 2681 5224 sub
2715 5172 2895 5225 eodem
2930 5181 3077 5241 septo
3104 5189 3212 5228 esse
3246 5183 3296 5228 et
3333 5184 3565 5246 pastore.
3598 5176 3745 5243 Quid

471 5265 717 5325 clarius?
742 5264 1111 5321 Concionator
1136 5264 1253 5337 ipse
1290 5263 1716 5336 Cltrysostomus
1742 5266 1969 5336 perinde
1999 5274 2162 5335 atque
2192 5264 2426 5335 populus
2459 5264 2562 5320 sub
2589 5273 2807 5334 pastore
2832 5273 2936 5330 est,
2965 5280 3167 5336 nempe
3206 5266 3310 5321 sub
3339 5265 3600 5324 Flaviano
3624 5270 3746 5340 epi-

469 5372 661 5428 scopo,
694 5355 1035 5427 proindeque
1067 5354 1445 5412 Antiochenos
1468 5355 1778 5426 alloquitur,
1803 5372 1913 5410 non
1944 5363 2128 5410 autem
2155 5355 2817 5426 Constantinopolitanos,
2846 5371 3078 5426 quorum
3111 5357 3249 5429 ipse,
3276 5359 3406 5414 dum
3428 5358 3747 5417 Constanti-

470 5450 652 5521 nopoli
684 5459 855 5515 esset,
882 5459 1069 5523 pastor
1092 5449 1401 5522 praecipuus
1435 5457 1493 5506 et
1514 5451 1804 5522 cpiscopus
1831 5465 2048 5520 semper
2071 5449 2189 5505 fuit.
2221 5449 2282 5504 In
2317 5449 2504 5505 multis
2532 5449 2770 5505 antehac
2804 5450 3061 5516 homiliis,
3097 5451 3189 5506 ubi
3225 5460 3502 5521 pastorem
3548 5467 3745 5522 supre-

471 5555 622 5596 nium
653 5521 943 5597 memorari
973 5521 1483 5606 animadvertimus,
1506 5521 1690 5597 statim
1723 5539 2044 5597 concionem
2072 5539 2376 5597 Antiochiae
2399 5540 2640 5598 habitam
2672 5538 2841 5600 [niese
2866 5556 2992 5595 cum
3022 5540 3376 5598 Tillemontio
3414 5521 3742 5613 pronuntia-

473 5645 676 5687 νιηιυες.

539 5723 706 5789 Quid,
742 5722 887 5792 quod
948 5722 1109 5778 etiam
1165 5741 1226 5780 se
1277 5723 1582 5783 Antiochia:
1637 5723 2054 5781 concionantem
2109 5740 2230 5783 esse
2276 5741 2377 5782 nec
2422 5724 2655 5782 obscure
2705 5724 2814 5782 alio
2856 5724 2909 5782 in
2955 5725 3075 5783 loco
3118 5714 3433 5798 signiﬁcat?
3489 5725 3547 5783 Id
3588 5733 3742 5783 certe
3795 5735 3826 5760 ⁸
