4148 6152
427 283 533 338 587
1506 274 1598 330 AD
1637 273 1873 331 HOMIL.
1918 274 1987 330 IN
2027 274 2065 330 Ε

2056 274 2249 333 :msr.
2289 272 2377 332 At)
2416 278 2581 347 non,
3586 270 3694 331 sas

419 395 541 466 ipso
568 391 915 447 'l‘illemoutio
951 391 1088 445 duce
1135 387 1643 452 animadvertimus,
1678 387 1896 442 bomilia
1928 372 2127 456 nempe
2157 386 2429 457 trigesima
2460 385 2588 456 (col.
2620 382 2770 457 666),
2805 385 2895 441 ubi
2938 386 3020 442 sic
3048 388 3310 458 populum
3355 386 3692 459 alloquitur:

421 492 470 543 sl
511 488 619 559 γὰρ
662 486 802 558 μετὰ
841 482 1096 537 τοσοῦτον
1131 482 1324 554 χρόνον
1358 481 1643 546 εἰσιόντες,
1674 480 1803 534 ἔνθα
1834 480 2017 550 ἔμεινε
2054 476 2291 545 Παῦλος,
2333 479 2464 533 ἔνθα
2508 478 2688 550 ἐδέθη,
2734 477 2866 533 ἔνθα
2905 481 3228 534 συνεκάθισε
3273 481 3371 535 καὶ⁵
3421 480 3693 557 διελέχθη,

422 578 793 649 πτερυύμεθα,
843 577 938 631 και
989 576 1130 646 πρὸς
1174 573 1276 645 τὴν
1331 575 1554 645 μνήμην
1598 572 1702 643 τῆς
1739 572 1959 642 ἡμέρας
2015 569 2125 624 ἀπὸ
2171 571 2282 625 τῶν
2324 571 2508 624 τόπων
2550 570 3061 642 παραπεμπόμεθα’
3118 571 3200 625 ἔτι
3247 573 3532 645 νεωτέρων
3584 577 3698 630 τῶν

421 674 766 745 πραγμάτων
802 672 995 734 ὄντων,
1016 670 1071 724 τί
1097 670 1331 740 πάσχειν
1363 669 1510 733 είκὸς
1547 669 1676 734 τοὺς
1707 669 1826 740 μετ’
1859 668 2055 722 cause

2060 668 2146 732 ίας
2172 666 2614 737 ξενοδοκοῦνταςς
2655 664 2713 723 id
2744 677 2871 723 est:
2913 669 3056 723 Nam
3102 670 3149 723 si
3179 685 3271 724 nos
3311 680 3431 740 post
3480 680 3692 727 tantum

420 767 668 837 temporis
693 768 929 836 spatium
955 764 1047 818 illo
1071 763 1314 835 ingressi,
1344 762 1433 816 ubi
1458 762 1666 817 Paulus
1693 762 1965 822 manebat,
1997 760 2088 815 ubi
2102 760 2310 830 ligatus
2344 770 2443 826 est,
2470 760 2563 814 ubi
2579 760 2717 815 sedit
2740 770 2791 814 et
2831 761 3099 826 disseruit,
3136 764 3290 832 quasi
3318 764 3420 818 alis
3447 763 3691 819 assumtis

420 863 695 933 erigimur,
727 870 776 916 et
800 862 873 914 ad
901 861 1008 914 diei
1046 857 1193 912 illius
1231 857 1645 911 recordationem
1678 872 1743 910 ea:
1776 855 1904 910 locis
1936 856 2065 924 ipsis
2092 856 2415 911 remittimur
2446 870 2465 907 :
2491 870 2610 907 cum
2640 869 2721 907 res
2750 853 2879 923 ipsa:
2910 853 3176 918 adessent,
3207 871 3310 924 quo
3347 872 3451 910 non
3506 858 3698 927 aﬂ'ectta

422 954 765 1010 movebantur
784 952 886 1014 illi,
917 952 1008 1022 qui
1033 967 1152 1004 cum
1180 950 1380 1018 pietate
1409 947 1565 1002 illum
1590 947 1962 1004 excipiebant?
1991 945 2049 1023 In
2084 946 2170 1000 illa
2204 945 2368 1018 igitur
2395 945 2614 1001 civitate
2649 944 2998 1015 praedicabat,
3038 946 3131 1000 ubi
3165 946 3365 1003 Paulus
3393 959 3696 1015 manserat,

423 1053 513 1107 ubi
564 1066 624 1106 se
671 1050 941 1105 adeuntes
985 1046 1385 1116 alloquebatur,
1426 1043 1572 1099 unde
1618 1043 1777 1100 facile
1826 1044 2118 1100 adibautur
2153 1043 2292 1108 loca,
2326 1043 2416 1098 ubi
2460 1042 2659 1098 Paulus
2707 1041 2907 1114 ligatus
2946 1040 3123 1096 fuerat
3143 1059 3167 1105 ;,
3202 1042 3255 1095 in
3291 1041 3443 1116 [μοι
3485 1045 3702 1100 duabus

421 1153 608 1199 autem
671 1148 881 1196 tantum
931 1139 1244 1196 civitatibus
1297 1137 1616 1209 praedicavit
1661 1135 1903 1192 Joannes
1956 1135 2409 1208 Chrysostomus,
2455 1136 2761 1192 Antiochia:
2814 1146 2870 1193 et
2920 1136 3395 1208 Constantinopoli
3449 1156 3465 1193 :
3514 1154 3698 1194 annon

428 1234 790 1305 conspicuum
819 1232 1044 1288 omnino
1072 1240 1158 1289 est
1192 1269 1209 1296 ,
1245 1230 1338 1288 hic
1361 1230 1431 1287 de
1459 1228 1758 1286 Antiochia
1787 1243 2100 1285 sermonem
2134 1230 2368 1285 haberi?
2393 1223 2528 1285 Nam
2562 1230 2803 1302 Byzantii
2836 1246 3117 1302 nunquam
3147 1233 3308 1288 sedes
3332 1231 3524 1287 habuit
3550 1233 3701 1304 Apo-

422 1325 621 1382 stolus.

495 1416 675 1475 Haeret
709 1425 890 1473 tamen
935 1415 1117 1471 adhuc
1162 1412 1549 1470 Tillemontius
1596 1423 1655 1470 et
1684 1428 1906 1470 causam
1956 1414 2198 1471 haerendi
2236 1415 2444 1485 profert
2494 1428 2561 1469 ex
2604 1413 2710 1469 fine
2762 1414 3003 1471 bomilia:
3040 1415 3315 1487 vigesima:
3359 1432 3541 1484 nonae,
3606 1416 3696 1472 ubi

422 1508 848 1581 Cbrysostomus
910 1523 972 1564 se
1021 1517 1297 1578 pastorem
1352 1506 1505 1574 dicit,
1552 1515 1608 1563 et
1659 1508 1896 1579 pastoris
1945 1508 2122 1564 ofﬁcia
2167 1524 2604 1565 commemorans
2648 1508 2720 1563 ita
2774 1509 2977 1564 claudit
3021 1527 3034 1563 :
3079 1510 3260 1564 Ταῦτα
3310 1509 3369 1563 δέ
3426 1527 3516 1580 μοι
3570 1511 3701 1581 περὶ

422 1605 664 1676 ἀρίστων
690 1604 909 1677 εῐρηται
931 1602 1226 1674 ποιμένων,
1254 1601 1318 1656 οὐ
1352 1601 1483 1673 περὶ
1504 1601 1746 1673 ἐμαυτοῦ
1773 1603 1866 1658 καὶ
1896 1603 2006 1657 τῶν
2031 1603 2153 1657 καθ’
2172 1604 2344 1675 ἡμᾶς.
2373 1602 2490 1656 ἀλλ’
2522 1603 2579 1656 εῐ
2604 1619 2688 1666 τις
2710 1602 2970 1667 τοιοῦτος,
2996 1599 3107 1666 οἷος
3138 1605 3167 1658 ὁ
3207 1602 3416 1666 Παῦλος
3453 1599 3543 1675 ἦν,
3588 1599 3700 1669 οἷος

422 1701 454 1755 ὁ
510 1701 736 1770 Πέτρος,
801 1692 913 1762 οἷος
964 1697 994 1751 ὀ
1032 1697 1299 1769 Μωῦσῆς.
1351 1696 1593 1762 Τούτους
1642 1693 1737 1753 οὖν
1782 1698 2159 1771 μιμησώμεθα
2210 1698 2306 1753 καὶ
2349 1698 2610 1769 ἄρχοντες
2643 1697 2740 1752 καὶ
2780 1698 3095 1769 ἀρχόμενοι.
3139 1697 3198 1754 id
3227 1708 3311 1754 est
3342 1719 3353 1752 :
3379 1703 3509 1755 Ha'c
3546 1717 3705 1772 porro

427 1810 461 1846 a
499 1809 581 1846 me
612 1792 752 1844 dicta
783 1800 904 1844 sunt
939 1791 1004 1844 de
1033 1790 1246 1860 optimis
1280 1790 1602 1862 pastoribus.
1638 1809 1741 1846 non
1766 1793 1830 1847 de
1861 1809 1944 1846 me
1965 1792 2124 1862 ipso;
2157 1793 2248 1846 sed
2278 1793 2326 1847 si
2366 1792 2485 1863 quis
2512 1790 2637 1846 talis
2670 1791 2738 1845 sit
2772 1793 2946 1863 qualis
2988 1790 3189 1847 Paulus
3225 1803 3359 1857 erat,
3396 1795 3571 1864 qualis
3602 1794 3705 1848 Pe-

426 1898 559 1954 trus,
586 1884 759 1956 qualis
782 1884 1000 1954 Moyses.
1035 1884 1140 1940 Hos
1187 1886 1370 1956 itaque
1422 1885 1697 1941 imitemur
1739 1896 1788 1941 et
1827 1887 2063 1958 pra'fccti
2110 1896 2160 1940 et
2199 1887 2414 1940 subditi.
2450 1882 2561 1939 Hoc
2600 1900 2709 1939 uno
2746 1885 3016 1941 abductus
3060 1886 3378 1940 testimonio
3405 1883 3705 1941 Tillemon-

430 1980 538 2036 tius
568 1997 597 2035 a
632 1979 840 2052 judicio
863 1979 1089 2035 ferendo
1115 1980 1401 2049 abstinuit,
1439 1997 1543 2038 nec
1571 1981 1872 2037 decernere
1909 1981 2082 2037 voluit
2109 1981 2488 2036 Antiocbimne
2515 1995 2585 2035 an
2618 1968 3095 2051 Constantinopoli
3138 1981 3237 2037 has
3267 1980 3564 2037 conciones
3603 1980 3704 2035 ha-

431 2075 636 2131 bucrit.

507 2171 694 2226 Laudo
717 2171 969 2241 equidem
998 2170 1133 2225 tanti
1160 2168 1260 2224 viri
1295 2169 1696 2225 consideratam
1728 2169 1783 2224 in
1805 2166 2014 2238 judicio
2041 2166 2268 2223 ferendo
2298 2169 2630 2235 tarditatem,
2653 2186 2777 2239 qua:
2809 2169 2861 2224 in
2888 2170 3107 2240 scriptis
3145 2169 3260 2225 suis
3291 2168 3343 2224 in
3374 2169 3509 2225 orbe
3545 2168 3706 2224 Clari-

431 2263 613 2319 stiano
646 2272 753 2318 tam
782 2261 1068 2316 celebratis
1096 2261 1302 2332 passim
1330 2261 1800 2331 deprehenditur;
1834 2270 1890 2315 at
1926 2261 2014 2316 hic
2033 2270 2183 2317 certe
2204 2261 2421 2318 videtur
2446 2263 2578 2318 mihi
2611 2246 2836 2320 nimiam
2869 2264 3133 2321 adbibere
3180 2264 3513 2320 cautionem.
3566 2263 3707 2318 Dicit

433 2358 858 2428 (thrysostomus
887 2370 947 2410 se
973 2355 1076 2410 sub
1107 2363 1327 2425 pastore
1360 2370 1503 2420 esse,
1526 2355 1732 2411 scilicet
1754 2356 1855 2410 sub
1883 2354 2140 2410 Flaviano
2167 2355 2475 2411 Antiochiae
2495 2357 2790 2428 episcopo;
2823 2374 2933 2415 nou
2963 2359 3070 2414 alio
3106 2359 3310 2429 quippe
3354 2356 3516 2412 modo
3543 2355 3708 2413 intel-

430 2448 523 2520 ligi
556 2455 738 2517 potest
768 2463 781 2499 :
814 2460 873 2500 se
924 2445 980 2498 in
1022 2445 1155 2499 urbe
1192 2443 1282 2500 illa
1311 2459 1454 2510 esse,
1488 2445 1579 2501 ubi
1607 2445 1979 2500 venerabundi
2016 2445 2163 2501 cives
2201 2445 2320 2500 loca
2349 2462 2445 2502 seu
2469 2446 2636 2512 mdes,
2671 2449 2723 2502 in
2756 2450 2913 2519 queis
2934 2449 3134 2506 Paulus
3166 2459 3467 2519 manserat,
3498 2452 3707 2505 invise-

432 2542 585 2597 bant.
607 2542 803 2595 Annon
830 2539 1067 2610 idipsum
1100 2546 1238 2601 erat.
1275 2553 1340 2592 ac
1368 2539 1412 2593 si
1435 2538 1663 2593 dixisset
1684 2554 1742 2593 se
1774 2538 2080 2594 Antiochia:
2104 2539 2455 2594 concionari?
2485 2540 2555 2595 At
2593 2556 2714 2595 sese
2756 2542 2873 2606 ille,
2904 2543 3138 2614 inquies,
3171 2545 3226 2600 in
3254 2546 3354 2599 alia
3388 2546 3443 2600 in
3476 2544 3700 2616 Episto-

432 2635 541 2690 iam
570 2634 636 2689 ad
661 2632 936 2687 Romanos
960 2630 1227 2687 concione
1257 2638 1532 2702 pastorem
1557 2637 1735 2684 vocat.
1771 2627 1915 2683 Sane
1941 2639 2125 2684 utrum
2157 2630 2211 2686 in
2242 2646 2408 2700 supra
2444 2642 2749 2687 memorato
2786 2634 2906 2688 loco
2948 2650 3069 2690 sese
3105 2644 3380 2705 pastorem
3405 2637 3707 2701 vocaverit,

432 2737 625 2802 posset
657 2728 887 2783 fortasse
919 2726 974 2780 in
1004 2723 1438 2781 controversiam
1470 2722 1687 2789 vocari;
1717 2723 1812 2777 sed
1834 2721 2050 2777 etiamsi
2089 2738 2149 2777 se
2187 2722 2347 2777 talem
2379 2721 2598 2787 dixerit,
2633 2722 2763 2793 quid
2799 2731 2914 2778 tum
2948 2733 3137 2794 postea
3163 2726 3187 2778 ?
3227 2741 3412 2781 annon
3446 2728 3707 2785 sacerdo-

435 2828 519 2875 tes
538 2819 651 2884 alii,
682 2834 791 2874 non
827 2813 1090 2887 episc0pi,
1125 2814 1217 2885 qui
1245 2815 1430 2870 ovium
1455 2812 1658 2868 Christi
1688 2828 1876 2868 curam
1912 2813 2133 2879 habent,
2165 2822 2414 2884 pastores
2445 2821 2573 2868 sunt
2602 2823 2658 2869 et
2691 2816 3003 2870 vocantur?
3027 2816 3267 2873 Joannes
3294 2834 3425 2874 vero
3472 2819 3711 2892 Chryso-

432 2921 643 2965 atomus
673 2907 902 2962 Humilia
934 2907 989 2960 in
1014 2905 1199 2961 Terra:
1224 2914 1433 2960 motum
1464 2914 1522 2962 et
1549 2904 1812 2962 Lazarum
1842 2917 1974 2961 tom.
2006 2906 2028 2960 Ι
2053 2905 2179 2969 (col.
2209 2907 2394 2975 1029),
2439 2921 2562 2975 qua:
2610 2906 2755 2962 haud
2799 2908 2965 2964 dubie
3014 2908 3322 2967 Antiochia:
3368 2911 3553 2969 habita
3584 2912 3708 2983 fuit,

434 3018 554 3057 sese
582 3016 691 3055 non
719 3000 951 3061 obscure
973 3006 1248 3068 pastorem
1278 3005 1335 3052 et
1364 2998 1511 3052 clare
1539 3006 1797 3065 satorem,
1825 2999 2126 3064 doctorem,
2161 2999 2431 3055 medicum
2469 3010 2525 3055 et
2562 3001 2961 3070 speculatorem
2995 3012 3177 3058 vocat.

508 3095 591 3149 En
613 3094 758 3149 illius
782 3092 989 3148 verba:
1029 3089 1169 3144 Ἀλλ’
1198 3091 1344 3162 ipsi;
1381 3107 1493 3161 μοι,
1534 3092 1628 3145 καὶ
1671 3090 1727 3145 τί
1762 3091 1993 3160 ὠφελεῖς
2033 3092 2146 3162 λέγι

2071 3092 2237 3162 ἐγων;
2284 3090 2515 3162 Ὠςρελῶ,
2547 3094 2643 3146 ἐάν
2678 3093 2762 3158 τίς
2807 3111 2911 3165 μου
2944 3094 3139 3168 ἀκούῃ.
3185 3095 3328 3166 Ἐγὼ
3363 3097 3426 3152 τὸ
3467 3097 3709 3171 ιμαυτοῦ

440 3185 601 3240 ποιῶ·
631 3188 659 3240 ὁ
686 3185 928 3257 σπείρων
962 3185 1200 3252 σπείρει.
1238 3183 1493 3255 Ἐξῆλθεν
1519 3183 1548 3235 ὁ
1582 3184 1824 3254 σπείρων
1850 3185 1945 3239 τοῦ
1972 3188 2215 3257 σπεῖραν
2245 3188 2339 3241 καὶ
2369 3186 2439 3241 τὰ
2470 3188 2571 3257 μὲν
2604 3189 2766 3242 ἔπεσε
2811 3189 2965 3262 παρὰ
2999 3191 3101 3264 τὴν
3128 3192 3271 3258 ὁδὸν,
3304 3193 3371 3247 τὰ
3395 3193 3453 3247 δὲ
3482 3194 3576 3248 ὲπὶ
3602 3193 3704 3266 τὴν

440 3280 677 3352 πέτραν,
713 3278 782 3332 τὰ
819 3278 877 3331 δὲ
917 3278 1013 3331 ἐπὶ
1056 3277 1154 3341 τὰς
1183 3277 1447 3343 ἀκάνθας,
1483 3275 1552 3330 τὰ
1577 3276 1635 3329 δὲ
1665 3275 1759 3330 ἐπὶ
1782 3277 1884 3347 τὴν
1905 3277 2009 3348 γῆν
2038 3277 2137 3348 τὴν
2172 3277 2368 3350 καλήν·
2394 3279 2522 3351 τρία
2553 3281 2697 3353 μέρη
2731 3280 3003 3351 ἀπώλετο,
3038 3283 3134 3337 καὶ
3155 3283 3215 3338 ἓν
3246 3284 3451 3356 ἐσώθη·
3481 3285 3576 3338 καὶ
3609 3287 3709 3341 οὐκ

434 3378 650 3446 ἀπέστη
679 3376 778 3446 τῆς
806 3374 1108 3446 γεωργίας,
1127 3373 1244 3428 ἀλλ’
1274 3372 1463 3444 ἐπειδὴ
1503 3373 1563 3427 ἒν
1599 3372 1929 3439 διεσώζετο,
1967 3375 2067 3427 οὐκ
2114 3374 2396 3429 ἐπαύσατο
2435 3377 2533 3448 τῆς
2583 3379 2871 3449 γηπονίας.
2913 3424 2927 3436 .
2963 3421 2978 3435 .
3014 3420 3029 3436 .
3067 3423 3080 3437 .
3123 3381 3246 3436 ἐπεὶ
3286 3381 3382 3435 καὶ
3426 3383 3457 3436 ὁ
3503 3359 3710 3453 ποιμὴν

434 3473 642 3533 ἐκεῖνος
678 3470 747 3523 τὰ
788 3467 1307 3537 ὲννενηκονταεννὲα
1339 3466 1591 3539 πρόϐατα
1631 3466 1973 3532 καταλιπὼν,
2013 3469 2106 3522 ἐπὶ
2158 3468 2222 3523 τὸ
2260 3468 2319 3522 ἓν
2372 3469 2435 3529 τὸ
2483 3472 2903 3546 πεπλανημένον
2951 3476 3208 3548 ἔδραμεν.
3259 3475 3338 3532 Οὐ
3379 3476 3710 3546 καταφρονῶ

436 3563 751 3634 ἀνθρώπων
780 3559 884 3615 κᾶν
903 3554 985 3626 εἷς
1008 3557 1067 3637 ᾖ,
1090 3560 1380 3632 ἄνθρωπός
1407 3560 1548 3626 ἐστι,
1576 3559 1641 3613 τὸ
1670 3561 2074 3632 περισπούδασσι

2069 3579 2146 3615 τον
2172 3560 2252 3633 τῷ
2288 3561 2407 3634 Θεῷ
2437 3564 2598 3629 ζῶον.
2636 3566 2690 3623 Id
2716 3576 2803 3624 est
2829 3587 2843 3624 :
2875 3570 2945 3624 At
2973 3571 3113 3625 dices
3137 3572 3286 3635 milii,
3324 3571 3467 3638 Quid
3490 3574 3707 3628 dicendo

438 3654 685 3726 proﬁcis?
710 3654 959 3723 Proﬁcio,
987 3656 1032 3708 si
1058 3654 1177 3724 quis
1204 3671 1288 3708 me
1316 3655 1525 3709 audiat.
1551 3652 1666 3726 Ego
1688 3654 1827 3724 quod
1851 3656 2078 3725 ofﬁcium
2104 3674 2277 3712 meum
2298 3669 2393 3726 est,
2423 3661 2479 3714 id
2507 3672 2735 3729 praesto;
2762 3665 3054 3719 seminator
3079 3667 3302 3720 semina.
3336 3665 3482 3722 Exiit
3514 3667 3606 3737 qui
3627 3684 3710 3721 se-

440 3748 610 3802 minat
639 3749 712 3801 ad
746 3747 1153 3809 seminandum;
1179 3746 1423 3816 quscdam
1442 3747 1741 3801 ceciderunt
1770 3764 1918 3802 secus
1947 3748 2110 3812 viam,
2134 3751 2377 3821 quaedam
2414 3769 2577 3822 supra
2607 3765 2834 3823 petram,
2864 3757 3111 3826 quwdam
3147 3775 3309 3829 supra
3330 3761 3535 3828 spinas,
3557 3775 3704 3831 quie-

440 3845 563 3897 dam
591 3844 648 3895 in
680 3851 877 3895 terram
908 3841 1101 3894 bonam
1131 3855 1150 3893 :
1181 3848 1286 3894 tres
1322 3849 1503 3908 partes
1527 3841 1821 3910 perierunt,
1842 3851 1893 3896 ct
1925 3858 2032 3896 una
2055 3853 2269 3898 seruata
2292 3854 2405 3912 est;
2430 3862 2524 3900 nec
2560 3858 2739 3902 tamen
2767 3849 2832 3902 ab
2859 3850 3187 3920 agricultura
3212 3852 3430 3917 destitit,
3461 3854 3552 3907 sed
3575 3870 3707 3923 quo-

442 3939 587 3992 niam
615 3954 720 3991 una
744 3946 1051 3992 conservata
1073 3945 1169 3998 est,
1203 3953 1393 4007 agrum
1416 3936 1585 3991 colere
1615 3953 1718 3992 non
1740 3939 1982 3993 cessavit.
2021 3977 2036 3994 .
2076 3977 2092 3994 .
2131 3977 2147 3994 .
2184 3980 2200 3994 .
2234 3939 2669 4013 Quandoquidem
2690 3953 2738 3997 et
2761 3953 2943 4014 pastor
2960 3945 3070 4009 ille,
3100 3947 3192 4016 qui
3213 3947 3501 4016 nonaginta
3527 3962 3703 3999 novem

443 4030 725 4099 reliquerat
755 4044 890 4092 oves,
924 4028 995 4082 ad
1024 4044 1188 4082 unam
1219 4028 1472 4091 cucurrit,
1515 4044 1634 4099 qua:
1667 4028 2027 4083 aberraverat.
2081 4029 2364 4085 Hominem
2406 4049 2509 4086 non
2546 4042 2863 4089 contemno:
2888 4034 3009 4090 licet
3040 4053 3175 4091 unus
3201 4038 3289 4100 sit,
3321 4037 3475 4091 homo
3527 4046 3707 4092 tamen

442 4130 517 4174 est
560 4119 766 4174 animal
798 4118 904 4174 Deo
929 4118 1285 4173 carissimum.
1323 4121 1405 4174 An
1437 4117 1591 4190 [420]
1620 4134 1680 4173 se
1704 4128 1978 4188 pastorem
2002 4118 2185 4174 dicere
2205 4136 2314 4174 non
2343 4122 2543 4177 audeat
2572 4122 2640 4189 is,
2670 4126 2761 4194 qui
2792 4125 2865 4181 ita
2900 4127 3179 4196 loquitur;
3213 4129 3324 4182 imo
3365 4143 3493 4182 vero
3521 4144 3703 4184 annon

441 4229 499 4268 se
528 4213 674 4267 clare
703 4220 977 4281 pastorem
1005 4209 1139 4265 dicit
1174 4210 1293 4266 haec
1325 4211 1697 4280 proferendo?
1738 4210 1904 4289 Paulo
1935 4218 2056 4279 post

2085 4221 2271 4267 autem
2302 4213 2417 4267 lucc
2451 4215 2672 4281 subiicit
2721 4235 2734 4269 :
2774 4217 2848 4268 Οὐ
2881 4215 3164 4286 παύσομαι
3212 4217 3394 4286 λέγειν
3433 4219 3565 4288 ἐγὼ,
3600 4221 3704 4276 κᾶν

446 4304 636 4378 μηδεὶς
734 4306 763 4357 ὁ
795 4303 1030 4358 ἀκούωνο
1066 4303 1252 4374 ίατρός
1277 4305 1415 4373 εἰμι,
1447 4302 1735 4374 ἐπιτίθημι
1758 4303 1828 4356 τὰ
1853 4302 2143 4373 φάρμακα·
2174 4302 2493 4367 διδάσκαλός
2521 4307 2658 4376 εἰμι,
2695 4310 2985 4378 παραινεῖν
3013 4310 3363 4383 ἐκελεύσθηνο
3398 4312 3545 4384 λέγει
3575 4319 3702 4389 γάρ·

442 4397 653 4453 Σκοπὸν
699 4394 913 4450 δέδωκά
970 4412 1032 4448 σε
1082 4393 1162 4463 τῷ
1209 4393 1346 4465 οῐκῳ
1379 4394 1618 4465 Ἰσραήλ.
1675 4394 1737 4449 1d
1782 4402 1909 4450 est:
1953 4394 2078 4449 Non

2069 4413 2078 4449 ι
2127 4397 2337 4451 dicendi
2382 4397 2542 4466 ﬁnem
2596 4400 2817 4469 faciam,
2866 4402 3077 4456 etiamsi
3131 4404 3309 4461 nullus
3357 4408 3424 4460 sit
3473 4410 3564 4479 qui
3610 4428 3707 4464 au-

442 4494 558 4548 diat
582 4510 602 4559 ;
628 4491 860 4547 medicus
888 4507 1027 4557 sum,
1055 4490 1346 4561 pharmaca
1374 4489 1633 4554 adhibeo;
1685 4489 1867 4544 doctor
1896 4506 2036 4558 sunt,
2071 4499 2124 4546 et
2174 4492 2432 4547 admoneo
2458 4510 2475 4561 ;
2523 4494 2601 4548 ait
2635 4495 2775 4550 enim
2800 4511 2821 4550 :
2853 4496 3263 4567 Speculatorem
3289 4500 3410 4557 dedi
3438 4514 3489 4558 te
3519 4504 3704 4559 donmi

443 4587 630 4646 Israel.

515 4679 578 4736 ln
606 4678 727 4735 aliis
753 4692 970 4749 quoque
993 4676 1231 4734 bomiliis
1260 4675 1562 4734 Antiochiae
1585 4676 1805 4742 habitis,
1824 4676 1912 4732 illa
1938 4676 2123 4734 munia
2145 4693 2206 4735 se
2229 4694 2487 4738 exercere
2507 4682 2661 4748 dicit,
2683 4700 2803 4756 quae
2829 4687 3083 4744 videntur
3109 4691 3175 4746 ad
3199 4692 3467 4764 praecipua
3491 4697 3707 4766 episco-

444 4789 638 4844 porum
674 4772 854 4828 officia
884 4771 1183 4843 pertinere.
1214 4770 1317 4863 Sic
1335 4771 1392 4826 in
1416 4771 1674 4863 vigesima
1701 4772 1925 4827 bomilia
1954 4773 2023 4828 ad
2052 4775 2312 4844 populum
2345 4776 2771 4845 Antiochenam,
2808 4790 2939 4837 tom.
2971 4784 3014 4838 ll
3060 4787 3186 4853 (col.
3213 4786 3338 4858 ΞΗ)
3373 4806 3387 4842 :
3420 4791 3706 4863 Τεσσσρά-

446 4882 611 4919 κοντα
647 4863 837 4918 λοιπὸν
871 4864 1082 4935 ἡμέραι
1113 4862 1413 4936 παρῆλθον·
1463 4862 1532 4918 ἂν
1570 4865 1749 4918 τοίνυν
1778 4864 1838 4918 τὸ
1870 4867 2058 4935 πάσχα
2102 4868 2350 4940 παρέλθῃ
2387 4869 2450 4923 τὸ
2488 4871 2650 4940 ἱερὸν,
2688 4873 2860 4927 οὐδενὶ
2908 4877 3295 4949 συγγνώσομαι
3337 4880 3544 4945 λοιπὸν,
3580 4885 3704 4938 οὐδὲ

446 4956 771 5028 παραίνεσιν
814 4954 1096 5027 προσάξω,
1132 4954 1251 5010 ἀλλ’
1285 4954 1556 5027 ἐπιταγὴν
1585 4957 1682 5011 καὶ
1709 4958 2017 5029 ἀποιυμίαν
2053 4959 2529 5032 ἀκαταφρόνητον.
2562 5002 2578 5017 .
2606 5003 2622 5018 .
2659 5004 2673 5017 .
2703 5004 2717 5016 .
2764 4968 2900 5021 πᾶτι
2944 4968 3123 5025 τοίνυν
3172 4973 3424 5044 προλέγω
3461 4977 3555 5030 καὶ
3588 4976 3706 5032 δια-

450 5050 861 5123 μαρτύρουμαι,
893 5047 976 5102 ὃτι
1020 5045 1089 5100 ἂν
1139 5048 1538 5118 συγγενόμενος
1585 5049 1716 5120 ὑμῖν
1774 5049 1899 5104 κατ’
1940 5049 2101 5117 ίδίαν,
2152 5052 2249 5106 καὶ
2298 5052 2478 5109 λαὸὼν
2532 5055 2844 5129 ἀπόπειραν
2894 5060 3156 5133 (λήψομαι
3194 5064 3252 5119 δὲ
3295 5067 3558 5137 πάντως),
3611 5071 3708 5124 καὶ

447 5143 595 5217 εὕρω
650 5144 805 5209 τινὰς
871 5140 946 5215 μὴ
991 5140 1397 5214 ὀιορθώσαντας
1446 5142 1507 5197 τὸ
1553 5142 1866 5213 ἐλάττωμα.
1919 5144 2215 5217 ἀπαιτήσω
2263 5145 2443 5217 δίκην,
2492 5148 2759 5216 κελεύσας
2819 5153 2925 5221 ἔξω
2980 5157 3164 5226 μένειν
3224 5159 3335 5213 τῶν
3387 5168 3705 5234 μυστηρίων

445 5235 554 5291 τῶν
582 5236 766 5309 ἱερῶν.
795 5235 913 5292 Hoc
940 5244 1026 5292 est
1055 5252 1070 5292 :
1094 5235 1469 5309 Quadraginta
1517 5239 1628 5295 dies
1653 5240 1775 5309 jam
1802 5242 2176 5309 prseterieruut
2205 5259 2226 5299 :
2247 5244 2296 5298 si
2320 5244 2482 5315 igitur
2521 5263 2732 5303 sacrum
2762 5267 2965 5321 quoque
3002 5253 3208 5310 Pascha
3264 5266 3522 5327 transeat,
3572 5262 3706 5318 nulli

447 5330 588 5386 ultra
612 5331 821 5386 ueniam
849 5329 1006 5394 dabo,
1032 5345 1136 5383 non
1173 5328 1602 5395 admonitionem,
1634 5331 1725 5384 sed
1751 5332 1854 5384 vim
1895 5332 2106 5400 imperii
2155 5342 2204 5387 et
2242 5336 2574 5390 severitatem
2609 5354 2713 5391 non
2750 5345 3182 5399 contemnendam
3207 5347 3478 5405 adhibebo.
3514 5389 3529 5409 .
3566 5392 3582 5408 .
3615 5392 3631 5407 .
3663 5394 3678 5409 .

444 5421 697 5478 Omnibus
734 5424 913 5494 itaque
936 5423 1187 5476 denuntio
1215 5431 1265 5476 et
1289 5430 1580 5492 protestor;
1612 5423 1750 5492 quod
1776 5423 1821 5476 si
1850 5439 1938 5477 uos
1969 5424 2201 5495 singulos
2247 5427 2573 5489 camveniens,
2612 5439 2661 5483 et
2693 5433 3103 5495 experimentum
3142 5453 3350 5495 sumens
3387 5444 3534 5511 (nam
3560 5445 3705 5503 haud

446 5518 598 5573 dubie
624 5519 876 5584 sumam),
908 5517 1292 5587 deprehendero
1324 5515 1581 5587 quosdam
1610 5516 1705 5570 Iroc
1737 5516 1922 5569 uitium
1953 5534 2056 5571 non
2075 5519 2380 5585 cori-edisse,
2412 5536 2620 5590 plenam
2647 5524 2911 5594 irrogabo,
2948 5516 3150 5583 edicam
3177 5540 3232 5584 ut
3271 5534 3400 5603 foris
3428 5546 3579 5592 extra
3609 5555 3669 5593 sa

448 5625 537 5664 cra
564 5613 812 5681 mysteria
839 5614 1111 5667 consistat.
1148 5610 1231 5666 Au
1277 5612 1512 5681 pastoris
1548 5626 1749 5666 nomen
1788 5626 2053 5681 usurpare
2081 5627 2190 5667 non
2230 5615 2429 5669 audeat
2455 5615 2546 5685 qui
2580 5616 2704 5671 talia
2742 5617 2920 5674 fauir?
2952 5619 3151 5678 Verum
3188 5622 3303 5679 haec
3332 5642 3361 5681 a
3386 5626 3594 5696 judicio
3620 5628 3685 5686 fc—

449 5701 601 5757 rcndt
632 5701 1036 5759 Tillcmontiunt
1060 5703 1344 5759 detinuere
1368 5718 1381 5754 :
1405 5711 1457 5757 et
1485 5700 1864 5759 Antiochiannc
1881 5718 1951 5777 an
1966 5702 2437 5774 Constantinopoli
2462 5701 2706 5763 llmniliw
2725 5705 2779 5762 in
2803 5705 3094 5779 Epistolam
3117 5713 3185 5769 ad
3211 5712 3484 5776 Romanos
3503 5717 3702 5778 habile
