4148 6152
454 284 568 342 389
1892 278 2263 337 PREFATIO
2345 300 2349 304 '
3619 280 3735 336 300

458 405 685 465 fuerint,
709 399 937 457 delinire
968 413 1078 455 non
1106 410 1275 455 ausus
1299 407 1401 454 est.
1433 396 1546 452 Nos
1575 406 1761 453 autem
1781 395 1941 467 quasi
1970 402 2181 454 certum
2198 386 2261 451 et
2285 392 2624 465 exploratum
2648 394 2958 454 habendum
2984 406 3258 467 putamus,
3289 395 3405 450 illas
3427 394 3736 452 Antiochia:

462 494 678 553 habitas
706 494 889 551 fuisse.
925 493 1254 550 Tillemontii
1282 497 1429 550 enim
1456 492 1694 563 obiectio
1716 507 1818 548 nos
1844 507 1874 546 a
1906 489 2001 548 tali
2038 489 2264 547 ferenda
2294 489 2564 544 sententia
2590 490 2863 546 abducere
2885 506 2993 546 non
3023 498 3221 562 potest.
3244 490 3356 543 Cur
3381 490 3528 545 enim
3555 487 3737 559 Chry-

462 598 757 653 sostomus,
797 585 1002 642 fatente
1036 586 1405 651 Tillemontio,
1435 586 1522 641 bis
1554 584 1700 639 clare
1729 583 1936 639 indicet
1981 596 2043 636 se
2084 579 2391 634 Antiochiae
2425 579 2760 644 concionari,
2797 580 2927 651 quid
2971 582 3112 636 ultra
3157 581 3504 650 quaeramus?
3535 589 3593 634 et
3634 597 3736 638 cur

463 688 573 733 tam
597 677 699 732 levi
730 678 1048 748 coniectura
1083 695 1114 733 a
1145 677 1515 750 Chrysostoml
1540 676 1857 733 testimonio
1884 674 2166 746 sequendo
2191 672 2572 729 detineamur?

3770 362 3781 423 l

532 798 775 862 Annum,
822 811 933 868 quo
966 798 1129 853 hasce
1160 797 1411 852 homilias
1440 794 1682 852 Joannes
1724 790 2016 851 adornavit
2057 799 2115 848 et
2156 791 2312 854 dixit,
2342 805 2414 846 ne
2445 789 2762 859 conjectura
2791 788 3010 861 quidem
3055 787 3274 860 assequi
3305 788 3548 843 valemus
3577 804 3592 845 :
3631 789 3741 845 hoc

460 903 634 944 unum
662 889 784 943 sine
804 890 1020 944 errandi
1050 889 1295 960 periculo
1322 888 1506 944 dicere
1528 902 1840 959 possumus,
1864 884 2086 941 nonnisi
2111 892 2238 956 post
2268 898 2474 937 annum
2512 881 2619 938 588
2642 881 2894 953 potuisse
2916 880 3366 952 Chrysostomum
3396 878 3485 935 his
3510 894 3739 935 manum

459 991 517 1037 et
553 995 776 1051 operam
797 980 1090 1036 admovere
1131 998 1145 1034 :
1179 980 1339 1036 annis
1370 996 1607 1051 namque
1639 980 1745 1034 illis
1774 979 2072 1050 prioribus,
2100 976 2256 1048 queis
2280 975 2684 1033 concionatoris
2714 974 2894 1031 oﬂicio
2918 973 3140 1030 functus
3162 982 3267 1040 est,
3297 980 3377 1031 tot
3399 973 3572 1030 edidit
3597 989 3737 1030 con-

458 1074 647 1129 ciones
675 1085 732 1128 et
760 1073 1032 1138 homilias,
1057 1082 1116 1129 ut
1142 1074 1275 1144 ipsis
1301 1073 1437 1129 alias
1468 1074 1709 1144 adjicere
1737 1086 1848 1127 non
1875 1070 2115 1126 licuerit.

530 1184 669 1241 Cum
698 1200 863 1255 porro
885 1182 1156 1251 Julianus,
1185 1186 1276 1255 qui
1304 1184 1502 1256 Pelagii
1527 1199 1743 1239 errores
1776 1182 2052 1247 tuebatur,
2082 1179 2149 1237 ad
2175 1191 2459 1252 peccatum
2489 1178 2753 1254 originale
2776 1176 3076 1236 tollendum
3099 1181 3475 1253 (ΞΜ-γεοειοωί
3502 1183 3743 1239 aut-tori-

462 1283 574 1333 tate
598 1292 731 1333 usus
758 1288 939 1345 esset;
968 1280 1327 1348 Augustinus.
1356 1279 1447 1349 qui
1484 1278 1632 1333 hunc
1657 1277 1928 1332 haereseos
1956 1283 2414 1347 propugnatorem
2447 1275 2660 1347 egregie
2696 1271 2923 1343 depulit,
2962 1289 3028 1328 ex
3057 1275 3281 1329 humilia
3312 1274 3523 1331 decima
3561 1275 3735 1347 Chry-

462 1372 688 1426 sostomi
735 1372 904 1425 multa
934 1371 1220 1426 confertim
1251 1370 1434 1426 attulit
1468 1371 1604 1425 libro
1634 1372 1655 1425 l
1686 1378 1875 1425 contra
1901 1367 2203 1432 Julianum,
2235 1383 2409 1437 eaque
2434 1365 2629 1421 Latine
2667 1382 2950 1427 conversa.
2981 1382 3104 1437 qua:
3145 1367 3306 1423 nobis
3345 1368 3433 1422 hic
3458 1382 3739 1437 apponere

463 1462 642 1519 visunt
673 1476 776 1530 est,
798 1467 1075 1522 annotatis
1097 1466 1152 1521 in
1188 1466 1433 1536 margine
1463 1464 1617 1531 locis,
1657 1464 1800 1519 unde
1822 1464 1939 1518 haec
1966 1461 2241 1533 excerpsit
2271 1460 2631 1531 Augustinus.

534 1577 691 1652 μυ,
726 1581 806 1652 (α)
837 1581 970 1650 Lege
995 1583 1156 1636 etiam
1183 1582 1627 1652 quemadmodum
1653 1579 1864 1647 exponit
1895 1578 2034 1631 idem
2077 1574 2189 1644 ipse
2231 1574 2313 1629 vir
2354 1580 2569 1628 sanctus
2619 1583 2859 1627 eumdem
2901 1572 3075 1643 ipsum
3130 1571 3367 1641 Apostoli
3407 1570 3597 1636 locum,
3650 1574 3741 1628 ubi

460 1672 716 1740 scriptum
740 1683 813 1727 est
843 1687 860 1725 :
897 1672 1001 1729 Per
1024 1690 1191 1728 unum
1217 1673 1496 1729 hominem
1526 1682 1808 1743 peccatum
1841 1669 2065 1726 intravit
2093 1668 2146 1723 in
2171 1666 2434 1724 mundum
2472 1666 2646 1732 (Rom.
2677 1684 2729 1723 ν.
2768 1664 2873 1730 l2).
2907 1658 2987 1720 Ibi
3016 1666 3155 1720 enim
3183 1665 3296 1719 luce
3325 1663 3525 1718 clarius
3554 1666 3608 1718 in
3635 1668 3738 1718 Im-

453 1759 547 1827 jus
571 1760 694 1828 ﬁdei
722 1760 1004 1817 Catholica:
1037 1763 1257 1817 veritate
1285 1772 1547 1816 versatur.
1571 1756 1727 1826 Quod
1753 1770 1918 1814 totum
1939 1759 2065 1830 quia
2097 1758 2314 1826 longum
2340 1767 2414 1811 est
2445 1758 2565 1810 huic
2590 1757 2735 1827 operi
2761 1758 3010 1822 intexere,
3042 1756 3226 1826 paucis
3250 1757 3371 1809 inde
3397 1757 3697 1826 contingam
3718 1772 3741 1810 :

460 1848 825 1917 Manifestum,
859 1856 1050 1926 inquit,
1073 1855 1328 1925 quoniam
1351 1871 1459 1909 non
1494 1855 1672 1922 ipsum
1704 1860 2010 1922 peccatum,
2041 1850 2185 1920 quod
2216 1865 2278 1905 ex
2307 1849 2441 1920 legis
2473 1849 2927 1916 transgressione,
2953 1848 3048 1903 sed
3081 1847 3211 1902 illud
3248 1857 3555 1917 peccatum,
3590 1848 3739 1919 quod

463 1955 530 1995 ex
562 1942 692 1997 Adm
722 1943 1110 2006 inobedientia,
1137 1945 1241 1997 hoc
1270 1941 1581 2012 erat,.quod
1612 1942 1794 1995 omnia
1826 1939 2235 1994 contaminavit.
2272 1937 2339 1992 Et
2370 1938 2532 2009 paulo
2565 1949 2682 2009 post
2709 1954 2727 1992 :
2764 1939 3052 2010 Regnavit,
3077 1939 3268 2010 inquit,
3303 1954 3452 1994 mors
3477 1940 3545 1993 ab
3567 1941 3740 1995 Adam

460 2049 635 2104 usque
657 2033 724 2087 ad
749 2033 986 2105 Moysen,
1014 2044 1071 2088 et
1099 2034 1153 2087 in
1180 2049 1296 2095 eos,
1328 2033 1420 2102 qui
1456 2048 1563 2086 non
1590 2040 1972 2101 peccaverunt.
1997 2029 2281 2096 Quomodo
2316 2029 2597 2102 regnavit?
2625 2030 2683 2084 In
2713 2029 3070 2085 similitudine
3104 2031 3553 2101 transgressionis
3575 2032 3723 2098 Adae,

459 2131 554 2202 qui
584 2142 671 2185 est
699 2129 872 2184 forma
907 2130 1074 2183 futuri
1110 2129 1289 2198 (Ibid.,
1318 2129 1427 2195 l4).
1464 2126 1755 2196 Propterea
1801 2134 1856 2180 et
1893 2126 2065 2180 forma
2102 2135 2187 2181 est
2218 2123 2421 2180 Christi
2457 2125 2646 2179 Adam.
2682 2124 2968 2191 Quomodo
3013 2123 3185 2179 forma
3228 2133 3333 2189 est,
3359 2124 3555 2180 aiunt?
3585 2125 3739 2192 Quo-
3803 2193 3810 2198 I

459 2223 607 2276 niam
658 2222 800 2277 sicut
844 2220 933 2274 ille
983 2236 1047 2275 ex
1079 2221 1373 2290 semetipso
1406 2220 1780 2283 nascentibus,
1810 2219 2060 2289 quamvis
2106 2235 2215 2275 non
2244 2218 2692 2274 manducaverint
2718 2219 2787 2273 de
2812 2218 2973 2285 ligno,
3006 2216 3181 2272 factus
3209 2227 3292 2273 cst
3329 2234 3493 2273 causa
3523 2220 3736 2286 mortis,

461 2328 583 2384 quae
608 2327 705 2382 per
734 2310 915 2366 cibum
949 2311 1168 2365 inducta
1196 2318 1279 2366 est
1312 2329 1325 2364 :
1362 2310 1434 2364 ita
1469 2320 1519 2365 et
1560 2310 1813 2366 Christus
1850 2310 1936 2375 iis,
1971 2310 2062 2379 qui
2094 2326 2161 2366 ex
2203 2309 2321 2380 ipso
2367 2318 2515 2371 sunt,
2546 2310 2757 2364 tametsi
2803 2308 2940 2362 nihil
2970 2308 3117 2378 juste
3154 2309 3387 2379 egerint,
3429 2309 3603 2365 lactus
3650 2326 3742 2380 est

461 2404 712 2475 provisor
748 2402 993 2472 iustitiae,
1033 2419 1198 2472 quam
1225 2418 1321 2473 per
1349 2418 1568 2457 crucem
1610 2401 1767 2456 nobis
1792 2401 2049 2456 omnibus
2077 2400 2406 2455 condonavit
2435 2399 2531 2470 (b).
2573 2399 2692 2454 Alio
2729 2401 2784 2453 in
2822 2399 2933 2453 loco
2982 2407 3160 2455 eodem
3183 2417 3422 2455 sermone
3452 2419 3466 2455 :
3503 2402 3574 2459 Ut
3615 2419 3739 2458 cum

432 2522 439 2526 “
463 2499 563 2555 tibi
593 2499 791 2553 dixerit
813 2497 1054 2562 Iudaeus,
1085 2496 1282 2567 inquit,
1307 2496 1592 2562 Quomodo
1618 2497 1780 2551 unius
1814 2497 2017 2552 virtute
2041 2494 2247 2551 Christi
2269 2496 2506 2551 mundus
2531 2493 2771 2549 salvatus
2793 2494 2911 2549 est?
2932 2495 3110 2565 possis
3137 2494 3186 2549 ei
3214 2494 3429 2549 dicere:
3457 2493 3736 2561 Quemad-

463 2588 687 2643 modum
718 2602 828 2640 uno
852 2585 1198 2640 inobediente
1221 2586 1388 2641 Adam
1417 2585 1655 2640 mundus
1687 2586 1978 2641 damnatus
2004 2593 2110 2640 est.
2135 2584 2457 2655 Quanquam
2491 2600 2602 2639 non
2626 2584 2734 2639 sint
2764 2585 3012 2654 aequalia,
3036 2584 3205 2657 gratia
3233 2594 3395 2655 atque
3426 2597 3739 2657 peccatum,

461 2697 646 2751 neque
674 2679 824 2749 paria
847 2680 958 2733 sint
979 2694 1127 2733 mors
1154 2688 1320 2747 atque
1346 2678 1476 2742 vita,
1506 2694 1615 2732 non
1653 2677 1875 2748 aequalis
1905 2675 2046 2732 Deus
2079 2692 2143 2731 ac
2173 2676 2422 2731 diabolus
2458 2675 2550 2746 (c).
2591 2677 2729 2731 Item
2759 2685 2873 2745 post
2898 2676 3179 2746 paululum
3208 2695 3221 2731 :
3254 2677 3363 2733 Sed
3397 2693 3509 2733 non
3548 2693 3744 2749 quem-

459 2774 752 2829 admodum
778 2771 1061 2837 delictum,
1090 2772 1283 2838 inquit,
1313 2771 1384 2825 ita
1411 2780 1466 2825 ct
1494 2771 1686 2842 gratia.
1720 2771 1778 2826 Si
1807 2771 1954 2826 enim
1988 2770 2149 2825 unius
2175 2770 2374 2825 delicto
2407 2769 2563 2824 multi
2592 2770 2793 2824 mortui
2827 2779 2976 2835 sunt,
3004 2770 3175 2826 multo
3213 2773 3386 2843 magis
3422 2774 3593 2844 gratia
3636 2774 3740 2830 Dei

459 2877 516 2923 et
548 2867 752 2922 donum
778 2864 831 2920 in
854 2865 1025 2937 gratia
1057 2865 1221 2920 unius
1249 2864 1491 2919 hominis
1511 2862 1641 2919 Jesu
1664 2864 1867 2920 Christi
1900 2865 1953 2918 in
1990 2863 2189 2920 multos
2212 2863 2510 2919 abundavit
2541 2863 2698 2933 (Ibid.
2734 2862 2844 2932 l5).
2871 2863 3031 2931 Quod
3057 2865 3201 2921 enim
3230 2867 3385 2931 dicit,
3416 2868 3605 2939 inquit,
3635 2870 3745 2925 hu-

460 2959 704 3034 jusmodi
732 2967 816 3014 est
851 2975 864 3009 :
897 2956 952 3011 Si
981 2964 1265 3027 peccatum
1291 2955 1480 3020 valuit,
1518 2965 1573 3011 et
1604 2966 1890 3025 peccatum
1924 2957 2088 3012 unius
2110 2956 2389 3023 hominis;
2420 2957 2591 3028 gratia
2633 2965 2689 3010 et
2735 2954 2829 3012 Dei
2877 2958 3071 3027 gratia,
3098 2967 3154 3012 et
3192 2972 3305 3014 non
3335 2959 3512 3015 solum
3538 2961 3743 3028 Patris,

460 3051 556 3104 sed
588 3049 753 3103 etiam
800 3047 942 3110 Filii,
973 3046 1432 3115 quemadmodum
1467 3061 1578 3100 non
1609 3046 1844 3116 amplius
1879 3046 2233 3116 praevalebit?
2277 3046 2445 3102 Multo
2490 3047 2637 3102 enim
2685 3048 2788 3103 hoc
2823 3049 3221 3105 rationabilius.
3268 3049 3403 3105 Nam
3443 3051 3610 3127 alium
3640 3068 3744 3125 pro

460 3140 571 3195 alio
599 3138 869 3200 damnari,
902 3153 1013 3192 non
1037 3137 1193 3191 valde
1220 3137 1438 3190 videtur
1471 3135 1672 3190 habere
1703 3136 1970 3190 rationem
2009 3153 2021 3189 :
2055 3136 2223 3191 alium
2251 3145 2435 3191 autem
2463 3151 2562 3206 pro
2596 3134 2703 3191 alio
2727 3135 2943 3200 salvari,
2975 3147 3033 3192 et
3054 3139 3341 3195 decentius
3363 3140 3535 3212 magis
3558 3150 3615 3196 et
3651 3158 3745 3198 ra-

464 3232 779 3288 tionabilius
812 3238 1059 3302 apparet.
1091 3228 1147 3284 Si
1172 3228 1336 3299 igitur
1358 3229 1489 3282 illud
1522 3228 1724 3283 factum
1755 3238 1858 3291 est,
1885 3229 2060 3284 multo
2090 3229 2262 3300 magis
2296 3229 2399 3284 hoc
2424 3228 2524 3300 (ά).
2567 3228 2805 3300 Itemque
2830 3229 2960 3283 alibi
2991 3229 3047 3284 in
3076 3232 3503 3302 consequentibus
3536 3250 3551 3299 ;
3584 3233 3745 3289 Judi-

459 3330 624 3395 cium,
660 3328 851 3399 inquit,
880 3342 944 3380 ex
977 3341 1086 3379 uno
1114 3324 1167 3378 in
1198 3323 1737 3388 condemnationem,
1771 3322 1945 3392 gratia
1990 3330 2173 3377 autem
2218 3339 2284 3377 ex
2331 3321 2517 3377 multis
2566 3321 2784 3378 delictis
2835 3321 2891 3376 in
2919 3323 3370 3393 justiﬁeationem
3403 3326 3584 3394 (Ibid.,
3628 3326 3740 3398 16).

460 3423 578 3479 Hoc
609 3423 753 3478 idem
781 3429 886 3485 est,
912 3421 1105 3490 inquit,
1133 3418 1275 3488 quod
1307 3416 1527 3481 dicitur,
1566 3415 1825 3487 quoniam
1848 3414 2068 3485 quidem
2099 3424 2330 3472 mortem
2368 3424 2426 3471 et
2459 3416 2865 3471 damnationem
2899 3416 3078 3486 potuit
3118 3426 3403 3487 peccatum
3433 3418 3695 3475 inducere
3722 3438 3741 3489 ;

462 3517 633 3590 gratia
659 3522 845 3570 autem
867 3529 976 3567 non
1012 3526 1180 3566 unum
1213 3509 1343 3564 illud
1376 3509 1756 3563 tantummodo
1795 3507 2071 3563 interiecit
2101 3516 2407 3579 peccatum,
2441 3509 2535 3563 sed
2575 3509 2740 3563 etiam
2790 3517 2911 3577 post
2942 3509 3074 3564 illud
3115 3510 3446 3565 introeuntia
3492 3521 3740 3581 peccata.

462 3609 532 3663 Et
558 3605 723 3676 paulo
747 3612 862 3673 post
884 3600 948 3655 de
972 3601 1067 3653 hoc
1093 3601 1245 3668 ipso:
1272 3598 1539 3664 Quoniam
1562 3613 1713 3668 ergo,
1737 3598 1929 3667 inquit,
1962 3598 2117 3669 plura
2142 3598 2449 3654 introducta
2472 3608 2600 3654 sunt
2627 3599 2795 3664 bona,
2823 3607 2879 3653 et
2907 3615 3015 3653 non
3038 3602 3211 3655 solum
3237 3602 3368 3657 illud
3390 3604 3745 3659 interfectum

463 3709 550 3757 est
579 3709 888 3769 peccatum,
922 3694 1016 3749 sed
1040 3694 1204 3748 etiam
1234 3693 1417 3749 omnia
1448 3692 1676 3762 reliqua,
1704 3693 1946 3748 ostendit
1968 3693 2158 3749 dicens
2185 3709 2200 3747 :
2229 3692 2414 3749 Gratia
2436 3702 2620 3749 autem
2652 3706 2718 3749 ex
2750 3695 2937 3748 multis
2958 3695 3170 3751 delictis
3190 3695 3243 3749 in
3272 3696 3741 3765 justiﬁeationem.

464 3796 535 3851 Et
558 3803 674 3864 post
695 3791 975 3865 paululum
999 3791 1078 3844 ait
1123 3807 1136 3843 :
1177 3788 1359 3845 Primo
1387 3789 1531 3844 enim
1562 3788 2029 3855 dixit:Quoniam
2073 3789 2119 3845 si
2164 3789 2328 3844 unius
2377 3798 2663 3859 peccatum
2699 3789 2973 3845 interfecit
3011 3805 3224 3856 omnes,
3267 3793 3439 3848 multo
3476 3794 3646 3866 magis
3686 3803 3744 3850 et

462 3889 628 3944 unius
660 3887 833 3958 gratia
864 3885 1065 3955 poterit
1096 3885 1325 3939 salvare.
1358 3883 1485 3939 Post
1519 3884 1635 3938 haec
1663 3891 1848 3938 autem
1878 3883 2140 3947 ostendit,
2176 3884 2370 3953 inquit,
2402 3883 2675 3953 quoniam,
2705 3896 2815 3938 non
2858 3883 2988 3939 illud
3040 3886 3215 3940 solum
3262 3886 3610 3944 interfectum
3657 3897 3745 3944 est

459 3990 749 4054 peccatum
783 3996 882 4051 per
909 3978 1161 4051 gratiam,
1183 3977 1277 4033 sed
1297 3978 1462 4032 etiam
1490 3975 1674 4031 omnia
1699 3976 1906 4045 reliqua
1939 3994 1952 4030 :
1981 3985 2039 4031 et
2061 3992 2172 4031 non
2200 3977 2374 4031 solum
2409 3987 2628 4047 peccata
2656 3977 2943 4033 interfecta
2965 3987 3112 4047 sunt,
3141 3981 3236 4035 sed
3262 3982 3426 4036 etiam
3455 3993 3509 4036 et
3540 3983 3744 4041 tributa

462 4072 675 4145 justitia
707 4079 791 4127 est
821 4088 835 4125 :
865 4078 922 4126 et
952 4085 1064 4126 non
1095 4077 1311 4124 tantum
1341 4069 1516 4124 solum
1548 4068 1753 4140 proluit
1794 4068 2065 4134 Christus,
2087 4080 2351 4139 quantum
2389 4070 2575 4126 nocuit
2604 4072 2797 4138 Adam,
2828 4073 2923 4127 sed
2958 4072 3132 4128 multo
3161 4075 3395 4144 amplius
3425 4085 3588 4147 atque
3623 4093 3745 4133 ma-

473 4160 561 4233 gis
585 4159 681 4231 (e).
724 4161 855 4215 Post
888 4161 1001 4215 hac
1038 4159 1093 4213 in
1117 4157 1301 4212 eodem
1331 4173 1451 4212 eum
1475 4157 1542 4212 de
1579 4156 1841 4227 baptismo
1873 4167 2074 4228 ageret,
2106 4157 2419 4227 interposuit
2451 4158 2608 4214 verba
2637 4159 2893 4228 Apostoli,
2925 4162 3145 4216 dicentis
3176 4181 3190 4219 :
3222 4164 3305 4218 An
3333 4163 3615 4236 ignoratis,
3654 4168 3742 4223 iu—

466 4252 603 4322 quit,
635 4251 851 4319 fratres,
876 4250 1135 4321 quoniam
1153 4249 1466 4321 quicunque
1502 4248 1557 4303 in
1590 4248 1814 4303 Christo
1838 4246 2098 4319 baptizati
2128 4263 2340 4313 sumus,
2366 4249 2423 4307 in
2470 4257 2646 4306 morte
2670 4251 2844 4323 ipsius
2867 4253 3124 4324 baptizati
3153 4256 3381 4312 sumus?
3415 4256 3742 4330 Consepulti

463 4362 598 4418 ergo
623 4360 818 4403 sumus
843 4345 918 4400 illi
946 4361 1045 4417 per
1065 4344 1398 4415 baptismum
1432 4342 1489 4398 in
1521 4352 1721 4399 morte.
1771 4341 1914 4409 Quid
1937 4350 2023 4397 est
2052 4359 2067 4397 :
2099 4341 2158 4396 lu
2185 4351 2361 4398 morte
2393 4343 2514 4413 ejus
2544 4343 2800 4415 baptizati
2830 4361 3021 4402 sumus
3040 4348 3065 4401 ?
3087 4346 3158 4403 Ut
3189 4357 3246 4404 et
3288 4349 3389 4421 ipsi
3440 4354 3742 4411 moriamur

461 4442 609 4498 sicut
630 4450 687 4496 et
716 4440 826 4495 ille.
848 4438 994 4495 Crux
1023 4438 1170 4495 enim
1191 4445 1277 4493 est
1301 4436 1592 4507 baptisma.
1621 4436 1777 4504 Quod
1799 4451 1933 4506 ergo
1961 4450 2091 4491 crux
2110 4434 2331 4492 Christo
2350 4446 2407 4492 et
2424 4438 2757 4508 sepulcrum,
2789 4439 2892 4494 hoc
2911 4440 3070 4496 nobis
3093 4441 3363 4512 baptisma
3395 4443 3596 4499 factum
3625 4456 3743 4514 est;

464 4533 682 4589 tametsi
708 4547 821 4588 non
846 4531 903 4585 in
932 4530 1140 4587 eisdem
1171 4530 1327 4600 ipsis.
1355 4528 1478 4598 Ipse
1505 4540 1744 4598 namque
1762 4543 1927 4584 carne
1961 4538 2018 4584 et
2053 4539 2301 4584 mortuus
2328 4538 2413 4584 est
2431 4538 2488 4585 et
2509 4531 2790 4601 sepultus;
2822 4547 2925 4588 nos
2945 4541 3129 4588 autem
3159 4544 3383 4604 peccato
3410 4535 3463 4591 in
3487 4543 3741 4610 utroque.

459 4626 808 4694 Quapropter
836 4638 945 4677 non
977 4622 1147 4677 dixit:
1178 4620 1545 4691 Complantati
1568 4620 1730 4675 morti
1759 4636 1775 4686 ;
1804 4620 1922 4684 sed,
1949 4621 2311 4676 Similitudini
2335 4622 2548 4678 mortis.
2582 4623 2727 4679 Mors
2758 4640 2995 4695 namque
3018 4635 3075 4680 et
3105 4627 3212 4682 hoc
3244 4639 3301 4683 et
3327 4628 3478 4692 illud,
3511 4631 3607 4687 sed
3633 4647 3743 4686 nou

457 4721 643 4777 eidem
684 4718 787 4788 ipsi
818 4718 1085 4788 subiacet,
1111 4717 1211 4773 sed
1246 4717 1365 4772 haec
1389 4716 1611 4787 quidem
1632 4716 1817 4771 carnis
1837 4715 2279 4781 Christi,nostra
2309 4724 2496 4773 autem
2535 4719 2766 4790 peccati.
2799 4716 3272 4786 Quemadmodum
3312 4737 3444 4796 ergo
3467 4723 3557 4779 illa
3586 4739 3740 4793 vera,

459 4822 521 4868 et
555 4812 673 4867 hac
695 4814 782 4883 (Γ).

538 4926 691 5002 [ηε]
733 4927 831 4984 llis
870 4928 1110 4999 adjicere
1135 4926 1311 4983 visum
1342 4936 1428 4982 est
1456 4925 1565 4992 illa,
1595 4943 1717 4997 qua:
1743 4926 1979 4983 Swilius
2004 4928 2149 4984 circa
2179 4945 2334 4984 suam
2374 4929 2728 4995 lIomiliarum
2771 4928 3145 5004 Chrysostomi
3194 4932 3247 4988 in
3275 4930 3545 5005 Epistolas
3576 4932 3732 4989 Pauli

460 5016 794 5084 Editionem,
824 5020 971 5076 notis
1017 5019 1298 5090 praemisit.
1335 5018 1495 5075 Putat
1526 5020 1614 5075 ille
1644 5020 1903 5076 llomtlias
1934 5022 2310 5095 Chrysostomi
2342 5022 2396 5077 in
2426 5021 2722 5093 Epistolam
2760 5022 2827 5081 ad
2860 5021 3135 5083 Romanos
3174 5025 3483 5082 Antiochia:
3527 5026 3746 5082 habitas

459 5112 651 5178 fuisse,
682 5128 847 5182 quam
870 5127 972 5167 nos
994 5112 1323 5168 sententiam
1353 5112 1587 5185 amplexi
1622 5128 1832 5170 sumus.
1859 5114 2060 5171 Verum
2091 5115 2180 5172 ille
2205 5130 2316 5170 non
2347 5115 2540 5171 eodem
2570 5131 2680 5187 quo
2702 5132 2805 5173 nos
2828 5119 3100 5193 κριτηρίῳ
3130 5119 3199 5176 ad
3232 5119 3380 5177 illam
3401 5135 3747 5193 propugnan-

460 5203 590 5260 dam
627 5204 959 5260 sententiam
997 5218 1128 5259 usus
1158 5213 1262 5259 est.

547 5478 601 5549 ὑ)
625 5478 768 5549 ipsi.
788 5486 1042 5547 (λιιι-χεσεῖ..
1071 5486 1242 5536 homil.
1270 5484 1330 5537 10
1351 5486 1404 5537 in
1429 5478 1587 5549 Epist.
1613 5478 1858 5547 adRom.,
1882 5482 1959 5535 col
2006 5478 2117 5536 ιτδ.

548 5547 598 5655 ξ)
628 5547 753 5618 Ibid.

591 5611 607 5669 )
635 5606 760 5657 Ibid.
783 5608 881 5660 col.
908 5608 1017 5660 516.

547 5669 600 5729 ς)
629 5669 752 5729 Ibid.

529 5726 595 5798 υ)
622 5728 745 5781 Ibid.
773 5733 849 5783 col
877 5732 988 5785 tuo.

545 5436 577 5474 a
626 5421 893 5487 Augustin.
924 5428 1093 5474 contra
1111 5420 1371 5474 Iulianum
1393 5423 1428 5472 l.
1454 5435 1489 5480 ι.
1514 5433 1558 5471 c.
1585 5422 1663 5477 27.
1723 5457 1737 5471 .
1759 5421 1871 5472 5I3.

547 5422 601 5655 ᾖ
788 5486 1042 5547 Chrysost.
1071 5486 1242 5536 homil.
1270 5484 1330 5537 10
1351 5486 1404 5537 in
1429 5484 1587 5549 Epist.
1613 5436 1858 5547 adflent"

545 5602 547 5613 ⁷
592 5611 607 5655 l
635 5606 760 5655 Ibid.
783 5608 881 5655 col.
908 5608 1017 5655 £16.
