4148 6152
390 264 524 331 389'
791 326 799 333 .
1510 264 1765 321 δλγιωι
1808 263 1875 319 ΙΝ
1917 262 2028 318 ’101

2024 262 2165 319 nun
2204 260 2541 319 TERTIUM.
2858 246 2863 249 ’
3529 258 3662 322 mo'

389 404 3657 459 Μ

817 628 1418 762 SAVILII
1519 630 1681 755 IN
1777 628 2353 756 TOMUM
2458 630 3235 760 TERTIUM.

1812 906 2249 932 ..ἥς-³·-

459 1114 613 1189 [4&5]
644 1115 914 1171 Caeterum
942 1111 1012 1168 de
1038 1108 1180 1176 loco,
1207 1107 1299 1164 ubi
1329 1105 1546 1179 scripta:
1573 1104 1657 1163 vel
1686 1106 1846 1162 dictae
1874 1105 1985 1160 sint
2017 1103 2105 1160 hae
2130 1101 2185 1159 in
2213 1101 2432 1161 beatum
2461 1103 2784 1176 Apostolum
2830 1122 2859 1161 a
2901 1104 3111 1163 Joanne
3151 1119 3344 1166 nostro
3372 1109 3665 1169 elaboratae

390 1208 770 1278 Espositiones
801 1214 858 1260 et
882 1204 1144 1264 homiliae.
1175 1217 1206 1257 a
1239 1200 1416 1257 doctis
1449 1200 1608 1255 video
1638 1198 1693 1253 in
1721 1198 1898 1253 varias
1926 1196 2059 1252 itum
2089 1211 2211 1251 esse
2244 1198 2563 1253 sententias.
2592 1199 2840 1256 Andreas
2871 1200 3140 1257 Douna'us
3169 1202 3222 1258 in
3254 1202 3401 1260 notis
3426 1205 3541 1259 suis
3565 1207 3667 1262 do-

390 1299 650 1358 ctissimis
678 1299 747 1354 ad
769 1313 894 1354 eum
930 1297 1112 1352 locum
1141 1291 1534 1365 Cbrysostomi,
1561 1290 1653 1361 qui
1684 1289 1956 1360 reperitur
1986 1299 2028 1345 tc

2027 1305 2095 1343 im
2131 1285 2224 1352 IV,
2256 1304 2376 1359 pag.
2410 1290 2526 1355 l26,
2555 1291 2622 1345 i5
2652 1308 2665 1344 :
2691 1291 3067 1364 προσέκρουσε
3098 1294 3178 1365 τῷ
3208 1311 3339 1349 ποτε
3373 1297 3665 1368 κρατοῦντι

392 1394 429 1463 ή
450 1392 606 1455 πόλις
631 1392 665 1461 ή
695 1389 971 1462 ἡμετέρα,
996 1396 1129 1452 etc.,
1154 1384 1338 1441 omnia
1361 1384 1480 1439 haec
1504 1381 1560 1437 in
1588 1382 1809 1437 beatum
1834 1379 2030 1435 Paulum

2030 1397 2060 1435 n
2088 1379 2393 1436 Antiochia
2420 1383 2619 1452 scripta
2648 1383 2861 1438 videtur
2885 1399 3132 1439 asserere
3164 1403 3176 1439 :
3211 1402 3334 1443 cum
3377 1396 3559 1444 tamen
3599 1390 3668 1443 de

391 1485 498 1541 illis
535 1486 668 1556 ipsis
696 1485 751 1539 in
780 1483 1080 1554 Epistolam
1103 1481 1171 1537 ad
1190 1479 1545 1536 Colossenses
1570 1477 1935 1533 certissimum
1966 1476 2037 1532 sit
2066 1476 2298 1547 scriptas
2319 1477 2489 1553 fuisse
2516 1480 2596 1534 vel
2633 1480 2846 1536 habitas
2872 1480 3366 1553 Constantinopoli.
3399 1492 3459 1538 ut
3485 1499 3549 1539 ex
3580 1501 3670 1541 se-

391 1581 689 1656 quentibus
716 1577 965 1649 liquebit.
998 1575 1203 1632 Contra
1234 1572 1545 1647 βιογρὰφοι,
1573 1571 1669 1643 qui
1697 1572 1895 1627 bellam
1920 1570 2080 1625 nobis
2115 1572 2498 1644 excogitarnnt
2529 1573 2769 1630 fabulam
2806 1576 2950 1631 illam
2991 1578 3060 1633 de
3093 1577 3259 1633 Paulo
3286 1579 3339 1633 in
3371 1595 3559 1636 aurem
3587 1581 3671 1637 di-

392 1682 576 1730 ctante
602 1680 791 1726 nostro
813 1668 1034 1733 Joanni,
1057 1682 1180 1738 quae
1208 1665 1494 1732 scriberet,
1534 1678 1766 1735 eamque
1802 1678 1918 1718 rem
1941 1662 2131 1719 l’roclo
2161 1663 2274 1734 (qui
2303 1675 2415 1720 tum
2447 1665 2794 1724 ministrabat
2830 1668 3241 1740 Chrysostomo,
3274 1680 3562 1743 etpostea
3610 1674 3665 1729 in

393 1768 711 1838 episcopatu
736 1761 1024 1835 successit)
1053 1779 1154 1835 per
1174 1762 1345 1817 rimas
1376 1761 1573 1828 visam,
1602 1768 1799 1815 cuncta
1829 1759 2084 1815 videntur
2107 1758 2382 1815 vindicare
2417 1760 2915 1833 ConstantinOpoli.
2949 1762 3158 1828 Neutri,
3182 1774 3242 1821 nt
3262 1765 3477 1836 opinor,
3499 1784 3627 1822 vere
3653 1781 3669 1819 :

397 1861 700 1917 rectissime
729 1860 986 1922 Photius,‘
1011 1858 1104 1931 qui
1143 1875 1267 1933 pag.
1298 1858 1398 1913 201
1434 1858 1690 1913 editionis
1718 1855 1947 1929 August.
1992 1873 2035 1911 m

2034 1857 2227 1912 tediam
2260 1864 2409 1912 secat
2439 1857 2604 1920 viam,
2655 1859 2741 1913 his
2774 1861 2954 1917 verbis
2985 1880 2998 1916 :
3031 1862 3170 1916 ἀλλὰ
3206 1863 3304 1927 τὰς
3341 1864 3442 1935 μὲν
3475 1866 3555 1927 εἰς
3579 1863 3672 1917 τὶν

408 1955 736 2011 ’Δπόστολον
763 1955 1113 2026 συγγραφὰς,
1139 1952 1289 2006 ἔστιν
1318 1951 1377 2019 ἐξ
1412 1950 1591 2006 αὐτῶν
1614 1949 1841 2013 ἐκείνων
1864 1949 2184 2017 ἐπιγνῶναι,
2221 1951 2371 2004 ποῖαί
2398 1967 2459 2004 τε
2492 1951 2672 2020 αὐτῶν
2700 1953 2760 2007 ἐν
2794 1953 3096 2028 Ἀντιοχείᾳ
3119 1955 3448 2026 διατρίϐοντι
3484 1955 3674 2020 ἐξεπο-

397 2048 663 2121 νήθησαν,
693 2049 749 2100 αἳ
780 2047 874 2101 καὶ
902 2046 1104 2117 μᾶλλον
1135 2044 1547 2117 διηκρίεωνται,
1578 2042 1675 2096 καὶ
1709 2045 1858 2096 ποῖαι
1887 2043 2035 2113 ἁρχιε

2156 2041 2332 2097 εὐοντι
2362 2044 2722 2116 ἐποιήθησαν.
2753 2046 2831 2103 Ex
2858 2047 3058 2117 quibus
3080 2049 3262 2105 verbis
3289 2049 3538 2120 quamvis
3570 2065 3674 2105 nec
3776 2090 3794 2107 .

398 2140 493 2204 ibi,
524 2155 628 2195 nec
655 2155 905 2210 usquam,
945 2138 1089 2208 quod
1123 2136 1312 2201 sciam,
1353 2134 1422 2187 ah
1452 2135 1568 2203 ipso
1599 2132 1801 2188 diserte
1835 2131 2192 2203 exprimatur,
2222 2148 2332 2203 quo
2350 2121 2593 2206 'quazque
2636 2135 2758 2191 loco
2807 2136 3009 2206 scripta
3060 2138 3284 2202 fuerint,
3337 2140 3442 2195 hoc
3493 2149 3674 2196 tamen

401 2232 666 2290 habemus
694 2230 1161 2285 Antiochenorum
1192 2236 1249 2280 et
1275 2223 2012 2295 ConstantinOpolitanorum

2039 2223 2344 2293 κριτήριον,
2375 2225 2634 2281 nimirum
2665 2225 2766 2299 τὴν
2790 2226 3097 2299 ἀκρίϐειαν.
3125 2229 3245 2296 Quo
3269 2238 3451 2286 tamen
3482 2248 3677 2303 κριτη-

404 2330 504 2404 ρίῳ
526 2330 727 2385 certins
757 2327 1021 2382 habemus
1053 2324 1198 2379 aliud
1220 2333 1269 2378 el
1296 2323 1479 2378 minus
1510 2321 1670 2376 fallax
1707 2320 1767 2395 in.
1790 2318 2091 2382 nonnullis,
2123 2320 2361 2375 auctoris
2390 2320 2562 2391 ipsius
2585 2324 2775 2379 verba.
2803 2324 2906 2381 Ubi
2936 2334 3117 2381 autem
3165 2327 3268 2382 hoc
3310 2328 3677 2384 destituemur
3704 2377 3708 2381 «

400 2425 647 2483 subsidio
666 2426 864 2497 (neque
887 2422 1034 2478 enim
1061 2420 1114 2477 in
1141 2420 1399 2475 omnibus
1429 2418 1561 2475 illud
1584 2433 1651 2473 ex
1675 2417 1857 2475 verbis
1884 2415 2261 2489 Cbrysostomi
2288 2420 2557 2489 apparet),
2577 2419 3004 2491 confugiendum
3028 2420 3136 2478 erit
3156 2422 3222 2477 ad
3246 2422 3398 2492 prius
3424 2423 3553 2480 illud
3576 2427 3679 2495 τῆς

400 2516 690 2590 ἀκριϐείας
714 2517 1020 2587 κριτήριον,
1061 2514 1165 2568 hoc
1190 2521 1297 2577 est,
1328 2527 1414 2567 res
1444 2511 1822 2583 probabilibus
1844 2514 2038 2583 conjec

2113 2513 2183 2568 ris
2207 2513 2582 2583 expendenda.
2613 2516 2691 2571 Ac
2711 2531 2782 2570 ne
2807 2515 2966 2587 longe
2984 2517 3263 2583 abeamus,
3295 2518 3364 2574 de
3398 2520 3575 2589 priore
3609 2521 3678 2575 ad
3748 2535 3751 2539 ‘

401 2612 713 2671 Corinthios
742 2624 1059 2682 expressum
1084 2606 1351 2661 habemus
1379 2620 1444 2663 ex
1479 2605 1651 2675 ipsius
1677 2603 2048 2676 Chrysostomi
2075 2605 2260 2662 verbis
2285 2605 2680 2673 testimonium,
2711 2607 3125 2677 seriptasl'uisse
3146 2610 3397 2666 homilias
3428 2613 3544 2667 illas
3571 2618 3681 2668 An-

404 2711 638 2769 tiochiae.
677 2709 854 2764 Locus
884 2713 989 2771 est,
1030 2703 1255 2760 homilia
1287 2700 1549 2773 vigesima
1577 2701 1754 2772 prima
1785 2717 1837 2772 p.
1869 2702 1997 2767 379,
2028 2703 2042 2756 τ

2043 2703 2060 2756 ἵ
2102 2722 2116 2758 :
2151 2700 2444 2757 καὶταῦτα
2472 2703 2531 2757 ὲν
2558 2702 2879 2774 Ἀντιοχείᾳ,
2901 2706 2960 2756 ὲν
2985 2698 3020 2777 ᾖ
3055 2703 3270 2776 πρῶτον
3301 2707 3681 2777 ἑχρημάτισαν

402 2801 741 2876 Χριστιανοί.
774 2800 841 2855 Et
865 2798 1084 2870 quidem
1112 2794 1292 2851 Photii
1321 2796 1606 2864 κριτήριον
1636 2793 1765 2848 huic
1789 2794 1993 2864 scripto
2021 2811 2040 2865 ι

2044 2795 2261 2851 perbelle
2290 2795 2569 2859 convenit,
2600 2810 2725 2849 cum
2750 2795 2888 2849 nihil
2916 2795 2990 2850 sit
3020 2796 3228 2866 uspiam
3258 2798 3328 2852 ab
3347 2798 3558 2853 Joanne
3581 2815 3682 2853 no-

404 2904 518 2952 stro
546 2894 650 2951 illis
681 2892 1030 2951 sermonibus
1057 2892 1322 2961 scriptum
1354 2886 1685 2949 accuratius,
1709 2887 1847 2941 nihil
1875 2887 2140 2942 limatius.
2164 2887 2241 2942 De
2266 2887 2627 2943 Sermonibus
2653 2887 2707 2942 in
2734 2887 3027 2958 Epistolam
3050 2889 3118 2944 ad
3147 2888 3351 2956 Titum,
3374 2893 3495 2963 plus
3517 2910 3680 2965 quam

405 2994 684 3066 probabile
727 3001 813 3048 est
854 2990 1069 3047 habitos
1123 2988 1309 3043 itidem
1362 2986 1530 3041 fuisse
1575 2984 1897 3040 Antiochiae.
1940 2984 2030 3040 Sic
2080 2986 2226 3040 en’im
2270 2984 2513 3054 loquitur
2555 2984 2774 3039 homilia
2832 2987 3010 3051 tertia,
3044 3002 3165 3058 pag.
3210 2988 3337 3052 392,
3380 2990 3450 3045 ιδ
3484 3009 3499 3042 :
3533 2991 3684 3046 τίειν

408 3090 557 3142 tam,
586 3104 672 3148 τις
700 3083 968 3161 περὶτῶν
991 3087 1072 3144 εἰς
1100 3080 1304 3142 τόπους
1329 3078 1726 3148 ἀπερχομένων
1751 3075 1981 3139 ἐκείνοις
2016 3077 2247 3146 (scilicet
2276 3074 2577 3145 Ἰουδαίοις)
2611 3077 3054 3148 ἁφιερωρένους;
3088 3079 3181 3133 τὸν
3210 3081 3269 3132 ὲν
3298 3081 3487 3156 Δάφνῃ
3513 3083 3680 3152 λέγω,

404 3171 469 3238 τε
492 3184 591 3252 τῆς
619 3181 931 3252 Ματρώνης
956 3179 1249 3248 λεγόμενον
1280 3174 1548 3246 σπήλαιον
1582 3192 1596 3229 :
1629 3180 1712 3227 est
1759 3181 1943 3226 autem
1992 3171 2042 3225 D:

2040 3172 2218 3242 aphne
2258 3171 2605 3226 notissimum
2646 3171 2775 3226 illud
2823 3173 3198 3229 suburbanum
3253 3175 3678 3233 Antiochenum.

405 3278 526 3334 Jam
579 3279 648 3333 de
702 3275 1061 3332 Sermonibus
1115 3274 1170 3327 in
1235 3271 1530 3342 Epistolam
1583 3269 1648 3325 ad
1710 3268 2087 3334 Colossenses,
2143 3265 2403 3337 quicquid
2476 3266 2624 3322 dicat
2683 3266 3038 3323 doctissimus
3101 3269 3394 3334 Dounaaus,
3467 3282 3681 3325 certum

408 3380 495 3427 est
516 3369 986 3439 Constantinopoli
1017 3367 1251 3437 scriptos
1273 3365 1446 3420 fuisse
1480 3364 1549 3418 ab
1570 3363 1763 3418 eodem
1795 3362 1900 3433 iam
1945 3362 2204 3433 episcopo
2240 3380 2251 3413 ε
2286 3361 2339 3416 id
2363 3361 2506 3431 quod
2548 3376 2613 3414 ex
2640 3362 2827 3416 multis
2856 3361 2990 3416 locis
3031 3363 3097 3417 ad
3128 3362 3289 3417 linem
3324 3364 3493 3418 ethici
3537 3365 3683 3420 tertii

406 3468 530 3523 luce
576 3465 779 3520 clarius
820 3472 1067 3535 apparet,
1102 3477 1225 3532 pag.
1266 3461 1388 3524 107,
1432 3459 1472 3513 Ι.
1502 3460 1569 3514 Η
1610 3477 1624 3513 :
1673 3459 1747 3530 μὴ
1797 3459 1908 3529 γὰρ
1950 3457 2044 3527 ὲγὸ

2046 3478 2062 3510 ›
2100 3458 2296 3529 δίδωμι
2337 3457 2436 3530 τὴν
2471 3457 2734 3529 εἰρήνην;
2767 3457 2927 3528 Atqui
2970 3475 3134 3529 supra
3186 3460 3222 3514 1.
3257 3459 3293 3512 2
3337 3460 3441 3516 hoc
3472 3462 3684 3518 dixerat

408 3562 690 3636 proprium
715 3575 839 3617 esse
867 3558 964 3614 τοῦ
987 3557 1298 3629 ἐφεστῶτος
1315 3556 1417 3626 τῆς
1442 3553 1792 3625 Ἐκκλησίας.
1825 3555 1935 3609 Aut
1960 3553 2005 3608 si
2038 3571 2046 3625 ι

2043 3555 2323 3625 presbyter
2348 3554 2453 3609 dici
2482 3563 2668 3624 posset
2710 3552 2993 3623 προεστὼς
3015 3555 3117 3624 τῆς
3151 3555 3500 3628 Ἐκκλησίας,
3535 3556 3681 3627 quod

408 3675 520 3715 non
550 3668 704 3730 puto,
745 3656 803 3711 in
849 3656 984 3711 urbe
1024 3652 1389 3724 episcopalem
1435 3652 1621 3707 sedem
1668 3651 1927 3711 habente,
1963 3665 2046 3704 cei

2043 3658 2113 3704 rte
2152 3650 2296 3719 quod
2352 3650 2601 3719 sequitur
2643 3649 2681 3702 1.
2714 3651 2777 3704 41
2814 3665 2828 3702 :
2864 3649 2969 3714 ἕως
3019 3650 3066 3704 δ’
3102 3650 3168 3705 ἂν
3206 3653 3301 3705 ἐπὶ
3347 3652 3442 3706 τοῦ
3488 3652 3681 3724 θρόνου

409 3751 603 3806 τούτου
635 3749 949 3821 καθήμεθα,
981 3756 1111 3811 etc.,
1137 3747 1206 3802 de
1238 3746 1558 3816 presbytero
1581 3743 1685 3799 dici
1714 3758 1822 3798 non
1850 3751 2047 3814 potest.

2042 3782 2053 3797 .
2087 3741 2152 3796 Et
2179 3743 2311 3797 illud
2341 3759 2395 3813 p.
2430 3742 2553 3808 108,
2595 3743 2629 3793 5
2656 3759 2670 3795 :
2703 3742 2861 3796 τοῦτο
2880 3743 2990 3815 γάρ
3009 3747 3125 3799 ἐστι
3160 3746 3221 3799 τὸ
3250 3746 3348 3817 τῆς
3376 3747 3680 3819 ἐπισκοπῆς

410 3848 651 3920 ἀξίωμα,
675 3843 1125 3901 manifestissime
1155 3841 1435 3897 convincit
1461 3854 1651 3895 verum
1673 3854 1817 3906 esse,
1845 3839 1988 3908 quod
2015 3838 2249 3893 dicimus
2272 3838 2336 3892 de
2358 3837 2443 3892 his
2476 3838 2527 3891 in
2560 3837 2825 3909 Epistolas
2845 3840 2912 3894 ad
2948 3841 3302 3897 Colossenses
3326 3841 3591 3898 llomiliis.
3617 3843 3680 3899 in

413 3949 700 4008 utramque
728 3937 894 3991 etiam
923 3936 991 3992 ad
1012 3933 1536 3989 Thessalonicenses
1561 3931 1933 4004 Chrysostomi
1961 3929 2224 3985 Homilies
2253 3930 2341 3984 aio
2361 3930 2594 4002 scriptas
2616 3931 2857 3986 dictasve
2871 3931 3364 4004 Constantinopoli.
3387 3934 3460 3990 De
3478 3936 3683 4006 priore,

414 4033 603 4090 homil.
635 4032 946 4097 undecima,
972 4045 1098 4102 pag.
1124 4029 1253 4095 207,
1288 4028 1352 4083 Π
1382 4046 1398 4083 :
1433 4030 1484 4082 εἰ
1518 4028 1626 4101 γὰρ
1657 4026 1960 4091 ὑπεύθυνος
1988 4027 2052 4097 ὲγ

2041 4028 2260 4099 τενόμην
2288 4028 2387 4099 τῆς
2414 4028 2637 4083 πάντων
2661 4028 2816 4100 ὑμῶν
2856 4030 3214 4099 προστασίας,
3250 4040 3358 4085 etc.
3394 4030 3469 4085 De
3497 4040 3679 4101 postc-

413 4125 580 4188 riore,
608 4123 800 4179 homil.
822 4131 1036 4194 quarta,
1059 4138 1163 4195 pag
1183 4121 1311 4185 258,
1335 4121 1435 4176 lin.
1456 4120 1528 4175 2‘2
1554 4136 1569 4175 :
1600 4121 1664 4174 σὺ
1680 4119 1735 4174 δὲ
1766 4120 1940 4185 ἀξιοῖς
1961 4120 2051 4174 τὸν

2045 4139 2054 4169 ν
2077 4119 2207 4173 λαὸν
2232 4120 2370 4190 ὑπὲρ
2390 4121 2483 4173 τοῦ
2507 4123 2815 4193 ἡγουμένου
2839 4125 3210 4193 παρακαλείνς
3233 4133 3289 4177 et
3314 4139 3437 4178 mox
3465 4123 3560 4177 lin.
3579 4125 3683 4180 25:

412 4218 508 4274 τοῦ
557 4219 889 4292 κρατοῦντος
923 4237 938 4274 :
971 4232 1093 4290 quae
1126 4233 1237 4273 non
1265 4217 1370 4273 nisi
1399 4217 1658 4288 episcopo
1688 4218 1986 4272 convenire
2017 4226 2265 4287 possunt.
2314 4215 2580 4272 Sermone
2621 4229 2818 4286 quarto
2857 4219 2909 4274 in
2960 4219 3255 4290 Epistolam
3295 4219 3361 4274 ad
3398 4218 3682 4284 Hebraeos,

414 4329 537 4387 pag.
570 4315 698 4378 454,
726 4315 966 4385 loquitur
997 4323 1057 4369 ut
1083 4313 1391 4386 episcopus,
1427 4312 1498 4368 de
1527 4312 1594 4367 iis
1622 4327 1810 4383 agens,
1846 4313 1938 4382 qui
1974 4313 2216 4384 praelii-as
2252 4313 2319 4367 ad
2353 4314 2626 4380 planctum
2667 4314 2919 4369 ciendum
2971 4315 3284 4370 conducunt
3319 4333 3334 4371 :
3374 4317 3542 4371 πολὺν
3586 4318 3687 4371 αὐ-

414 4408 542 4470 τοὺς
570 4408 784 4477 χρόνον,
820 4406 999 4477 inquit
1026 4405 1124 4460 lin.
1158 4406 1249 4471 30,
1273 4405 1373 4476 τῆς
1397 4403 1693 4476 ἐκκλησίας
1724 4405 1990 4476 ἀπείρξω,
2021 4407 2052 4459 ἀ

2048 4407 2098 4470 [ig
2130 4406 2220 4459 τὸν
2250 4406 2643 4478 εἰδωλολάτρην
2674 4426 2688 4463 z
2725 4417 2779 4463 et
2808 4409 2903 4462 lin.
2938 4409 3006 4464 38
3040 4426 3054 4462 :
3090 4411 3139 4462 εί
3173 4409 3229 4463 δὲ
3270 4408 3346 4481 μὴ
3397 4409 3686 4479 βούλεσθε,

386 4474 396 4515 ⁸
420 4474 579 4574 ήμεϊς
591 4474 701 4558 *οὐκ
721 4474 1028 4575 ἀνεχόρεθα
1047 4503 1152 4575 ἥϐη
1180 4474 1405 4555 τοιαῦτα
1433 4474 1654 4572 ὀλέθρια.
1678 4503 1745 4573 τῇ
1771 4474 2024 4573 ἐκκλησίᾳ

2060 4501 2475 4571 ἐπεισαγαγεῖν.
2491 4501 2635 4569 Quin
2659 4513 2715 4558 et
2736 4502 2926 4575 injpso
2948 4503 3105 4560 titulo
3122 4503 3254 4559 editi
3280 4504 3538 4561 dicuntur
3566 4520 3691 4559 ser-

418 4614 608 4654 mones
629 4598 703 4653 illi
737 4598 791 4653 in
822 4598 1124 4670 Epistolam
1150 4594 1216 4650 ad
1240 4595 1500 4652 Hebrzeos
1530 4596 1669 4667 μετὰ
1699 4596 1800 4666 τὴν
1830 4594 2056 4677 κοίμηησι

2051 4611 2091 4648 ιν
2119 4593 2308 4661 αὐτοῦ,
2343 4604 2401 4649 ut
2431 4594 2724 4650 verisimile
2752 4597 2822 4650 sit
2849 4597 3110 4652 extremis
3142 4597 3483 4668 temporibus
3510 4598 3689 4653 dictos

422 4694 606 4751 fuisse.
646 4695 723 4750 De
750 4694 1053 4765 posteriore
1084 4693 1151 4749 ad
1181 4691 1498 4748 Corinthios
1531 4692 1886 4748 subdubitare
1915 4706 2005 4745 me
2037 4689 2183 4762 cogit
2203 4690 2391 4754 dictio,
2415 4706 2576 4763 quam
2612 4691 2665 4746 in
2692 4693 2938 4763 proxime
2968 4694 3303 4758 memoratis,
3336 4696 3498 4766 paulo
3525 4697 3690 4765 ἀκρι-

415 4788 673 4860 ϐεστέρα.
705 4789 760 4844 Si
795 4797 976 4845 tamen
1013 4791 1239 4861 γνήσιον
1281 4797 1364 4844 est
1411 4788 1630 4844 ethieon
1675 4787 1808 4843 illud
1847 4786 2053 4858 vigesin

2066 4802 2123 4841 ia:
2165 4796 2352 4851 sextae,
2401 4788 2544 4858 quod
2576 4788 2723 4843 inter
2757 4789 2948 4845 doctos
2979 4790 3270 4857 disceptari
3308 4792 3487 4859 video,
3521 4794 3704 4850 verba-

416 4891 564 4939 certe
592 4884 680 4939 illa
701 4899 823 4956 pag.
853 4884 980 4947 687,
1001 4882 1071 4938 28
1096 4898 1112 4935 ι
1145 4882 1374 4955 καὶγὰρ
1394 4882 1492 4938 καὶ
1519 4882 1757 4939 ἐνταῦθα
1777 4883 2054 4938 Κωνστανπ

2050 4882 2187 4934 τῖνον
2211 4880 2302 4934 τὸν
2335 4883 2532 4954 μέγαν,
2555 4893 2687 4948 etc.,
2712 4876 3224 4956 ConstantinOpolin
3248 4888 3394 4943 clare
3424 4888 3688 4946 indicant.

416 4982 594 5051 Atque
638 4980 756 5042 haec
796 4987 945 5046 sunt,
971 4994 1094 5050 quae
1123 4994 1188 5033 ex
1226 4978 1363 5051 ipsis
1396 4977 1772 5052 Cbrysostomi
1820 4979 2023 5045 verbis,
2055 4984 2334 5048 utcunque
2359 4993 2460 5048 pro
2488 4986 2758 5049 tempore,
2800 4979 3000 5035 elicere
3036 4982 3332 5050 potuimus.
3366 4981 3447 5037 Ad
3483 4982 3690 5052 reliqua

417 5076 663 5132 adhibito
693 5074 871 5130 l’hotii
904 5073 1200 5145 κριτηρίῳ,
1220 5074 1366 5144 quod
1390 5076 1623 5131 alterum
1657 5089 1777 5142 nos,
1812 5074 1860 5130 si
1895 5083 2045 5131 recte
2070 5072 2381 5141 observavi,
2412 5072 2617 5129 dehinc
2640 5074 2969 5143 destituerit,
3009 5074 3257 5133 llomilie
3295 5075 3350 5131 in
3392 5077 3692 5149 Epistolam

416 5174 485 5229 ad
521 5172 822 5235 Romanos,
866 5178 923 5225 et
957 5168 1236 5240 Expositio
1290 5170 1345 5224 in
1393 5168 1611 5227 Galatas
1658 5170 2019 5227 Antiochenis
2050 5170 2140 5225 διὰ
2183 5168 2288 5240 τὴν
2331 5168 2620 5241 ἀκρίϐειαν
2673 5171 3030 5226 accensendze
3084 5186 3101 5224 :
3149 5171 3399 5227 Hostiliae
3455 5172 3511 5226 in
3557 5172 3691 5242 Epi-

417 5266 585 5322 stolas
616 5267 685 5322 ad
733 5264 1020 5340 Ephesios,
1056 5261 1460 5334 Pbilippenses,
1494 5274 1783 5336 utramque
1812 5266 1881 5321 ad
1911 5266 2055 5323 Time

2048 5267 2263 5345 )theum
2298 5274 2356 5320 et
2394 5264 2773 5321 Philemonem
2813 5265 2902 5321 διὰ
2937 5266 2999 5320 τὸ
3026 5266 3163 5321 αὐτὸ
3203 5268 3550 5338 αὐτοσχέδιον
3585 5267 3686 5337 τῆς

419 5358 617 5424 λέξεως
637 5357 1281 5433 Constantinopolitanis.
1310 5359 1489 5428 Atque
1526 5358 1646 5414 haec
1667 5357 1887 5429 quidem
1916 5376 2019 5417 nos
2050 5379 2057 5412 ι

2054 5356 2577 5431 αὐτοσχεδιάζοντες,
2618 5357 2848 5415 meliora
2883 5366 3198 5416 monentem
3243 5359 3385 5413 haud
3416 5358 3692 5414 illibentcr

417 5454 688 5513 secuturi.

1886 5624 2224 5642 ﬁ
