4122 6150
423 214 520 270 891

1603 366 1708 379 ..α-ρ

1113 204 1173 262 S.
1211 201 1499 261 JOANNIS
1535 195 2027 267 CIIRXSUSTOMI
2059 191 2378 248 ARCIIIEP.
2416 186 2964 246 CONSTANTINOP.

3545 186 3652 238 392

427 327 3644 395 ww

1203 549 1680 641 SANCTI
1786 542 2273 636 PATRIS
2371 538 2872 632 NOSTBI

572 793 1589 982 JOANNIS
1763 779 3524 968 CHRYSOSTOMI

1347 1103 1861 1163 ARCHIEPISCOP!
1915 1097 2752 1163 CONSTANTINOI’OLITANI,

830 1292 1640 1380 COMMENTARIUS
1713 1292 1822 1370 IN
1901 1287 2479 1368 EPISTOLAM
2563 1289 2690 1362 AD
2763 1281 3272 1364 ROMANOS.

1925 1491 2181 1503 —————.

1126 1668 1736 1735 ARGUMENTUM
1773 1664 1853 1746 (α)
1902 1664 2335 1726 EPISTOL/E
2377 1663 2487 1721 AD
2530 1657 2930 1721 ROMANOS
2960 1665 2998 1716 ί.

496 1852 549 1906 l.
575 1852 707 1905 Dum
733 1851 1092 1920 Epistularum
1118 1849 1175 1903 S.
1202 1847 1349 1901 Pauli
1373 1845 1657 1898 lectionem
1679 1842 2008 1910 frequenter,

423 1958 487 1996 ac
513 1958 654 2010 saepe
683 1953 764 1996 ter
786 1951 1041 2011 quaterve
1069 1954 1162 2008 per
1184 1936 1420 2007 singulas
1442 1932 1803 1987 hebdomadas
1830 1931 2012 1996 audio,

323 2067 341 2082 .
424 2033 635 2102 quando
666 2041 971 2086 sanctorum
996 2041 1290 2098 martyrum
1315 2025 1628 2080 memoriam
1654 2024 2012 2087 celebramus,

425 2126 634 2193 gaudeo
664 2133 719 2178 et
743 2124 974 2188 exsulto,
1008 2121 1132 2174 tuba
1169 2120 1350 2175 fruens
1391 2117 1685 2188 spirituali,
1716 2115 2016 2170 desiderio-

425 2231 530 2284 que
550 2215 737 2280 ardeo,
761 2229 882 2267 cum
910 2216 1134 2266 amicam
1155 2210 1283 2264 mihi
1307 2225 1491 2265 vocem
1514 2208 1774 2274 ausculto,
1803 2207 2020 2274 fereque

429 2307 555 2358 mihi
586 2306 772 2359 videor
803 2306 950 2358 illum
985 2311 1301 2373 prmsentem
1339 2310 1394 2356 et
1417 2300 1770 2354 disserentem
1799 2298 2018 2367 conspi-

428 2416 586 2464 cere;
620 2400 710 2452 sed
740 2411 774 2450 a
797 2414 909 2468 lgor
935 2414 998 2451 ac
1027 2396 1344 2459 discrucior,
1377 2394 1518 2464 quod
1550 2409 1654 2446 non
1685 2407 1874 2446 omnes
1906 2401 2024 2444 tan-

432 2500 542 2542 ttnn
571 2491 744 2543 virum
765 2498 822 2543 ut
855 2504 948 2558 par
968 2495 1113 2542 esset
1131 2493 1478 2555 cognoscant,
1499 2492 1554 2538 et
1571 2493 1739 2552 usque
1760 2480 1894 2535 adeo
1914 2481 2024 2550 qui-

433 2580 555 2635 dam
584 2580 860 2650 ignorent,
894 2587 954 2631 ut
982 2591 1080 2632 nec
1114 2590 1393 2629 numerum
1423 2572 1638 2644 quidem
1670 2571 2019 2641 epistolarum

431 2670 548 2739 ejus
576 2670 769 2724 sciant.
799 2667 930 2722 Illud
964 2683 1090 2721 vero
1121 2680 1226 2720 non
1254 2665 1378 2718 hinc
1405 2664 1615 2728 evenit,
1641 2660 1784 2732 quod
1813 2661 2024 2716 discere

433 2778 537 2816 non
565 2762 812 2826 valeant,
858 2760 952 2815 sed
1004 2758 1144 2828 quod
1179 2758 1348 2811 nolint
1375 2773 1496 2812 cum
1543 2766 1731 2810 sancto
1772 2754 1886 2809 viro
1917 2756 2024 2808 [ιό-

431 2860 659 2922 quenter
686 2850 905 2904 versari.
936 2849 1118 2918 Neque
1148 2849 1290 2902 enim
1320 2863 1416 2902 nos
1446 2863 1565 2916 qua:
1591 2847 1816 2911 scimus,
1849 2845 1892 2899 si
1923 2862 2024 2914 qua

433 2953 611 2997 t:uueu
643 2941 879 3006 scimus,
910 2956 975 2996 cx
1021 2940 1216 3009 ingenii
1260 2939 1552 2992 acrimonia
1601 2937 1882 3002 novimus,
1929 2937 2022 2991 sed

433 3032 574 3102 quod
603 3031 722 3100 ejus
753 3030 950 3098 scripta
979 3029 1193 3083 aSsidue
1215 3037 1522 3087 tractemus,
1549 3028 1806 3096 illumque
1829 3025 2025 3081 aIl'eCttt

443 3123 677 3176 maxime
703 3121 1146 3186 complectamur.
1177 3116 1309 3171 Nam
1339 3117 1430 3186 qui
1464 3125 1648 3170 amant
1669 3155 1686 3181 ,
1727 3125 2026 3170 amatorum

435 3224 552 3268 aeta
586 3213 702 3282 plus
731 3224 890 3280 quam
917 3210 1010 3263 alii
1037 3223 1226 3263 omnes
1257 3219 1473 3267 norunt,
1507 3217 1691 3275 utpote
1716 3206 1807 3276 qui
1833 3206 1900 3260 de
1923 3207 2029 3260 illis

436 3305 650 3359 solliciti
683 3304 787 3358 sint
813 3320 827 3356 :
862 3301 912 3356 id
945 3301 1084 3372 quod
1125 3301 1210 3352 hic
1241 3299 1318 3352 vir
1349 3300 1536 3353 beatus
1561 3297 1882 3359 ostendens,
1914 3297 2030 3350 Phi-

437 3395 770 3465 Iippeusihus
798 3392 928 3446 dicit
957 3409 969 3445 :
1006 3391 1153 3445 Sicut
1179 3389 1302 3441 mihi
1325 3391 1519 3458 justum
1549 3397 1621 3441 est
1644 3389 1738 3440 hoc
1762 3387 1945 3440 sentire
1966 3387 2030 3439 de

437 3489 596 3549 vobis,
630 3503 688 3538 eo
708 3485 842 3552 quod
868 3499 954 3536 vos
980 3484 1033 3534 in
1059 3480 1212 3534 corde
1238 3480 1444 3532 habeam
1475 3479 1524 3531 in
1556 3478 1767 3532 vinculis
1796 3479 1916 3531 meis
1936 3519 1950 3540 ,
1984 3488 2029 3530 et

437 3582 492 3632 in
520 3580 810 3647 defensione
835 3587 880 3629 ct
910 3573 1294 3640 conﬁrmatione
1317 3572 1562 3640 evangelii
1589 3570 1848 3640 (Philipp.
1874 3573 1925 3624 I.
1947 3572 2026 3639 7).

443 3671 622 3740 Itaque
651 3671 694 3723 si
719 3670 876 3723 vultis
900 3667 1111 3722 lectioni
1139 3667 1420 3735 diligenter
1439 3665 1736 3730 attendere,
1760 3681 1864 3720 non
1887 3664 2027 3718 aliud

443 3761 820 3830 t'eqttitcwltttlt
867 3759 1016 3811 vobis
1062 3759 1163 3811 erit
1194 3776 1206 3810 :
1242 3773 1426 3811 verum
1471 3756 1667 3826 quippe
1714 3765 1795 3810 est
1832 3755 2027 3811 Christi

441 3853 641 3906 dictum
675 3849 801 3905 illud
830 3868 841 3902 :
878 3850 1099 3915 Qnazrite
1119 3890 1135 3913 ,
1165 3859 1212 3902 et
1241 3849 1539 3912 invenietis;
1582 3847 1808 3914 pulsate,
1837 3855 1883 3900 et
1909 3863 2031 3915 ape-

443 3948 598 4000 rietur
625 3944 759 3998 vobis
793 3942 1004 4015 (Matth.
1032 3943 1084 3997 7.
1109 3942 1188 4012 7).
1217 3941 1411 3994 Verum
1435 3940 1555 4007 quia
1584 3939 1823 4007 plerique
1849 3952 1913 3991 ex
1943 3938 2027 4002 iis,

444 4038 534 4108 qui
566 4036 668 4090 huc
696 4035 969 4088 nobiscum
1001 4048 1305 4087 convenere
1326 4073 1340 4096 ,
1372 4030 1598 4095 liberos,
1633 4043 1854 4082 uxorem
1883 4028 2033 4080 alen-

443 4128 601 4194 dam,
642 4127 892 4195 aedesque
921 4124 1183 4178 curiuidas
1222 4139 1543 4192 suscepere,
1587 4135 1685 4176 nec
1713 4136 1834 4175 sese
1880 4128 2022 4172 totos

445 4220 569 4274 huic
590 4219 768 4274 studio
788 4217 917 4271 dare
942 4226 1162 4286 possunt
1186 4234 1199 4269 :
1226 4215 1293 4269 ad
1315 4231 1400 4280 ea,
1424 4231 1543 4284 quze
1570 4213 1659 4266 alii
1680 4213 2029 4283 collegerunt,

379 4326 388 4334 ‘
444 4312 760 4381 excipienda
793 4326 888 4364 vos
915 4320 1242 4379 comparate,
1275 4319 1583 4378 tantumque
1609 4307 1844 4361 studium
1874 4307 2031 4360 dictis

444 4404 725 4460 audiendis
772 4402 1054 4469 adhibete,
1101 4410 1359 4470 quantum
1407 4398 1721 4467 colligenda:
1771 4399 2027 4467 pecuniaa.

449 4499 560 4553 ι’)ιεί
591 4511 820 4566 namque
851 4504 1007 4564 turpe
1028 4504 1113 4548 est
1137 4493 1266 4547 nihil
1287 4508 1317 4546 a
1347 4492 1496 4546 vobis
1519 4491 1638 4560 plus
1664 4490 1906 4559 exigere,
1930 4491 2033 4543 uti-

446 4608 568 4644 nam
597 4589 678 4643 vel
707 4597 912 4642 tantum
944 4584 1264 4640 adhibentis.

519 4681 906 4749 Scripturarum
943 4675 1231 4746 ignorantia
1271 4681 1459 4740 quanta
1487 4671 1652 4740 pariat
1693 4670 1847 4725 mala.
1892 4669 2032 4724 Ordo

443 4773 683 4843 temporis
713 4771 765 4822 in
791 4769 1004 4838 singulis
1029 4766 1257 4836 epistolis
1286 4765 1458 4818 Pauli.
1480 4793 1552 4804 -—
1571 4763 1701 4817 Nam
1730 4778 1759 4816 a
1786 4764 2030 4832 Scriptu-

445 4879 622 4918 rarum
644 4859 939 4930 ignorantia
961 4859 1238 4912 innumera
1258 4864 1372 4910 orta
1391 4864 1516 4909 sunt
1531 4854 1667 4908 mala
1689 4873 1700 4908 :
1726 4853 1848 4908 hinc
1866 4854 2032 4909 multa

444 4962 723 5015 Increscunt
768 4954 922 5015 lues,
967 4949 1092 5004 hinc
1121 4950 1309 5019 ignava
1347 4947 1556 5002 vivendi
1595 4947 1734 5001 ratio
1773 4957 1827 5002 et
1858 4945 2029 5001 infru-

445 5046 615 5099 stnosi
645 5045 876 5098 labores.
909 5039 1062 5096 Sicut
1087 5040 1232 5094 enim
1263 5040 1353 5109 qui
1397 5039 1515 5092 luce
1556 5037 1852 5106 privamur,
1883 5046 2029 5091 recta

443 5135 700 5190 incedere
723 5141 995 5202 nequeunt
1022 5149 1034 5184 :
1064 5132 1142 5186 sic
1165 5130 1251 5200 qui
1281 5129 1580 5185 divinarum
1603 5128 1766 5182 radiis
1793 5127 2031 5198 Scriptu-

443 5242 625 5281 rarum
678 5240 784 5280 non
830 5223 1100 5288 fruuntur,
1147 5222 1454 5278 necessario
1492 5228 1716 5290 peccant
1756 5231 1810 5274 et
1851 5229 2032 5275 errant

454 5319 773 5387 lreqnenter,
805 5326 988 5385 utpote
1023 5315 1112 5382 qui
1144 5316 1195 5368 in
1219 5313 1552 5368 densissimis
1580 5311 1812 5367 tenebris
1839 5312 2028 5364 ambu-

510 5432 525 5462 ι
565 5437 692 5478 tinus
713 5429 863 5478 habet
888 5441 950 5476 ex
977 5426 1176 5483 Savilio,
1215 5435 1265 5475 In
1287 5441 1450 5476 omnes
1471 5425 1606 5476 Paul:
1629 5423 1850 5488 epistolas
1871 5424 2030 5487 proto-

445 5503 553 5556 σερε.
568 5490 726 5556 ,Init_i_n
745 5491 930 5552 ptolugi
955 5490 1019 5556 de
1042 5491 1267 5556 omnibus
1290 5487 1669 5556 t'anli__l_ipistpl_is
1691 5487 1810 5546 agit.

508 5554 584 5610 (tl)
601 5545 836 5600 Collatum
859 5545 966 5600 citm
983 5550 1160 5601 (Iudice
1181 5559 1329 5616 Regio
1356 5550 1472 5602 ωδε
1485 5545 1752 5598 ’ριιῖυιιιριέι
1776 5564 1834 5595 ;ιυ
1855 5545 1964 5594 995.

2119 1835 2250 1889 lent.
2297 1836 2350 1889 Id
2383 1852 2450 1890 ne
2479 1836 2730 1898 eveniat,
2771 1837 3092 1906 adApostoli
3133 1835 3396 1890 dictormn
3447 1835 3707 1906 fulgorem

2119 1927 2302 1980 oculos
2346 1928 2646 1995 aperiamus
2679 1946 2691 1980 :
2726 1927 2843 1996 ejus
2881 1929 3076 1996 quippe
3107 1929 3282 1997 lingua
3317 1930 3590 1997 plusquam
3627 1931 3706 1984 sol

2124 2019 2280 2082 lucet,
2313 2027 2642 2089 cmtcrosquc
2665 2035 2853 2073 muties
2873 2021 3112 2073 doctrina
3136 2013 3282 2074 verbi
3308 2031 3544 2090 superat.
3573 2023 3706 2088 Quia

2121 2111 2262 2163 enim
2308 2110 2425 2179 plus
2466 2125 2622 2179 quam
2651 2111 2724 2164 illi
2757 2111 3047 2171 laboravit,
3094 2127 3338 2180 magnam
3367 2113 3464 2166 sibi
3495 2115 3710 2166 attraxit

2121 2201 2351 2269 Spiritus
2400 2201 2672 2271 gratiam:
2731 2202 2889 2269 idque
2932 2219 3035 2255 non
3087 2218 3152 2256 ex
3207 2203 3447 2272 epistolis
3507 2214 3710 2258 tantum

2123 2292 2269 2362 ejus,
2301 2293 2395 2346 sed
2419 2293 2578 2347 etiam
2610 2308 2674 2347 ex
2705 2293 2867 2362 gestis
2893 2295 3282 2348 contenderim.
3321 2295 3454 2350 Nam
3501 2298 3544 2350 si
3585 2315 3714 2350 con-

2124 2383 2370 2437 cionandi
2401 2392 2614 2452 tempus
2652 2393 2828 2448 esset,
2861 2386 2978 2439 illas
3007 2386 3104 2454 ipsi
3139 2395 3319 2456 partes
3351 2388 3545 2458 ubique
3585 2405 3716 2444 con-

2125 2476 2387 2530 cedebant
2421 2492 2434 2527 :
2471 2476 2693 2546 ideoque
2736 2476 2874 2544 apud
2924 2477 3228 2532 incredulos
3258 2479 3551 2542 Mercurius
3593 2496 3715 2536 esse

2128 2565 2414 2633 putabatur
2459 2565 2594 2636 (Act.
2635 2567 2724 2621 Il.
2765 2568 2877 2636 II),
2923 2568 3063 2638 quod
3115 2569 3166 2622 in
3221 2570 3525 2640 eloquentia
3571 2574 3718 2641 prin-

2127 2676 2253 2731 crps
2303 2671 2468 2716 esset.
2529 2661 2585 2716 In
2645 2661 2781 2716 hanc
2830 2673 3008 2716 autem
3053 2663 3331 2732 epistolam
3385 2665 3717 2735 ingressuri,

2131 2767 2353 2808 necesse
2401 2763 2478 2808 est
2511 2763 2567 2806 ut
2617 2761 2862 2823 tempus,
2913 2768 3019 2823 quo
3061 2755 3256 2823 scripta
3301 2754 3435 2822 fuit,
3481 2758 3720 2827 assigne-

2131 2863 2268 2900 mus.
2316 2845 2430 2900 Non
2487 2847 2663 2908 enim,
2712 2857 2769 2900 ut
2823 2848 3368 2917 multiwexistimant,
3407 2860 3532 2912 ante
3587 2853 3722 2906 alias

2131 2953 2320 2992 ttllltteS
2340 2938 2534 3008 scripta
2564 2937 2687 2998 fuit;
2717 2939 2808 2991 sed
2837 2940 3005 3008 prima
3028 2939 3243 3009 quidem
3269 2949 3351 2994 est
3371 2957 3580 3008 carum,
3600 2959 3722 3011 qua:

2133 3029 2298 3083 Roma
2332 3031 2507 3084 missa:
2534 3030 2712 3096 luere,
2743 3033 2982 3084 omnium
3004 3071 3019 3095 ,
3062 3040 3115 3084 at
3143 3032 3409 3100 posterior
3443 3033 3580 3098 aliis,
3619 3035 3719 3088 etsi

2109 3137 2239 3177 non
2267 3122 2536 3177 omnibus.
2573 3123 2778 3177 Etenim
2824 3124 2996 3176 atuhzc
3031 3123 3098 3176 ad
3131 3123 3438 3179 Corinthios
3479 3126 3720 3194 epistolze

2135 3212 2270 3265 hanc
2310 3222 2721 3280 praecesserunt.
2756 3213 2808 3266 Id
2857 3213 3110 3282 liquidqu
3154 3223 3235 3268 est
3265 3229 3328 3268 ex
3375 3213 3470 3281 iis,
3501 3231 3622 3284 quae
3667 3217 3718 3270 in

2135 3303 2238 3356 line
2265 3301 2421 3369 hujus
2447 3304 2662 3372 scripsit
2695 3303 2778 3358 bis
2806 3305 2984 3358 verbis
3010 3321 3023 3356 :
3055 3303 3209 3358 Nunc
3233 3315 3400 3358 autem
3429 3307 3723 3380 proficiscor

2131 3396 2533 3466 Jerosolyntam,
2567 3397 2857 3450 ministrans
2883 3397 3092 3450 sanctis.
3134 3396 3303 3450 Visum
3328 3407 3404 3450 est
3433 3399 3565 3452 enim
3605 3385 3723 3454 Ma:-

2133 3487 2358 3540 cedonia:
2387 3497 2433 3540 et
2463 3487 2670 3541 Achaiae
2693 3487 3197 3540 communicationem
3223 3488 3446 3556 aliquant
3471 3488 3638 3556 facere
3668 3489 3722 3544 in

2135 3595 2380 3648 pauperes
2400 3589 2687 3634 sanctorum
2703 3579 2786 3649 qui
2809 3590 2924 3632 sunt
2939 3577 3273 3649 Jerosolymis
3296 3578 3471 3649 (Rom.
3497 3581 3584 3635 IS.
3602 3581 3722 3650 26).

2133 3669 2427 3724 Corinthiis
2456 3677 2633 3723 autem
2661 3669 2903 3723 scribens
2931 3670 3006 3722 ait
3031 3686 3044 3720 :
3082 3668 3232 3735 Quod
3259 3669 3304 3722 si
3332 3670 3545 3740 dignum
3570 3673 3723 3739 fuerit

2135 3773 2188 3816 nt
2214 3773 2262 3817 et
2291 3780 2380 3833 ego
2419 3780 2530 3816 eam
2550 3805 2565 3826 ,
2598 3780 2788 3816 merum
2830 3763 3212 3832 proﬁciscentur
3242 3763 3319 3836 (l.
3352 3764 3471 3818 Cor.
3510 3765 3596 3820 I6.
3625 3765 3719 3832 4);

2134 3857 2202 3912 de
2233 3859 2296 3912 iis
2327 3858 2550 3926 loquens
2571 3899 2584 3920 ,
2617 3857 2705 3926 qui
2739 3857 2862 3911 illuc
2894 3857 3148 3927 pecunias
3185 3856 3514 3924 deportaturi
3545 3867 3720 3912 erant.

2139 3947 2290 4004 Unde
2337 3949 2540 4018 liquet,
2593 3964 2713 4002 cum
2754 3947 3034 4026 scriberet
3078 3947 3405 4011 Corinthiis,
3458 3949 3719 4003 incertum

2137 4041 2302 4095 fuisse
2328 4055 2395 4094 an
2435 4056 2502 4095 eo
2541 4040 2880 4111 profecturus
2907 4049 3090 4107 esset;
3123 4056 3244 4095 cum
3275 4056 3403 4095 vero
3433 4039 3721 4106 Romanis,

2136 4147 2248 4188 rem
2270 4134 2611 4187 conStitntam
2637 4144 2693 4188 et
2717 4141 2918 4188 certam
2938 4133 3120 4187 luisse.
3142 4133 3254 4200 Qua
3280 4149 3340 4189 re
3353 4133 3720 4203 Comprobata,

2136 4234 2340 4278 certum
2364 4233 2446 4278 est
2480 4223 2615 4278 hanc
2644 4235 2760 4293 post
2781 4225 2899 4279 illas
2927 4227 3178 4294 scriptam
3200 4225 3384 4279 fuisse.
3411 4225 3584 4280 Etiam
3606 4227 3722 4296 epi-

2136 4315 2270 4369 stola
2301 4315 2364 4369 ad
2402 4314 2911 4370 Thessalonicenses
2951 4315 3158 4370 videtur
3202 4316 3330 4370 mihi
3381 4316 3722 4384 processisse

2135 4407 2415 4476 epistolam
2457 4407 2524 4461 ad
2565 4407 2892 4462 Corinthios.
2933 4405 3067 4461 Nam
3108 4422 3230 4462 cum
3261 4408 3364 4461 illis
3407 4408 3554 4478 prius
3583 4408 3718 4462 scri-

2137 4497 2328 4567 psisset
2353 4497 2420 4551 de
2461 4496 2800 4568 eleemosyna
2831 4496 2913 4552 his
2945 4495 3154 4560 verbis,
3195 4495 3274 4551 De
3297 4501 3522 4568 fraterno
3547 4508 3718 4550 autem

2136 4610 2306 4648 amore
2329 4610 2429 4647 non
2456 4609 2583 4664 apns
2605 4604 2676 4647 est
2706 4603 2758 4646 ut
2785 4592 3063 4648 scribamus
3085 4593 3218 4648 vobis
3242 4609 3261 4647 :
3289 4610 3375 4648 eos
3401 4593 3532 4645 enim
3558 4609 3589 4644 a
3614 4590 3720 4643 Deo

2135 4685 2270 4737 docti
2305 4685 2421 4738 estis
2450 4694 2504 4738 ut
2538 4685 2762 4754 diligatis
2796 4684 3007 4738 invicem
3032 4699 3052 4737 :
3075 4683 3254 4736 etenim
3283 4684 3378 4737 hoc
3407 4683 3572 4752 facitis
3599 4696 3720 4750 erga

2135 4783 2340 4828 cunctos
2355 4779 2538 4846 fratres
2561 4775 2635 4845 (Ι.
2662 4774 2835 4828 Thess.
2859 4774 2912 4828 4.
2941 4774 2992 4829 9.
3021 4773 3145 4843 10);
3176 4783 3301 4828 tunc
3320 4773 3384 4827 ad
3409 4771 3720 4827 Corinthios

2136 4866 2381 4936 scripsit;
2416 4865 2466 4919 id
2496 4865 2634 4934 quod
2676 4866 2792 4934 ipse
2821 4865 3007 4934 probat
3047 4865 3270 4920 dicens:
3304 4864 3425 4919 Scio
3467 4864 3599 4917 enim
3627 4878 3719 4932 ego

2136 4967 2426 5027 promptum
2451 4956 2675 5008 animum
2707 4965 2959 5021 vestrum,
3003 4973 3096 5027 pro
3134 4971 3234 5025 quo
3268 4955 3332 5008 de
3369 4955 3504 5008 vobis
3530 4954 3721 5024 glorior

2134 5048 2273 5116 apud
2302 5046 2642 5111 Macedones;
2664 5047 2900 5115 quoniam
2925 5055 2971 5100 et
2996 5047 3188 5100 Achaia
3212 5056 3390 5116 parata
3410 5055 3482 5099 est
3502 5045 3563 5097 ab
3585 5059 3720 5098 anno

2138 5141 2431 5208 praeterito:
2460 5149 2504 5192 et
2535 5149 2697 5192 vestra
2734 5138 2992 5192 ιευιηιαιὶο
3030 5139 3315 5208 provocavit
3354 5134 3698 5207 plnrimos(2

2139 5230 2252 5286 Cor.
2280 5231 2332 5286 ll.
2361 5231 2442 5300 ‘2).
2472 5229 2676 5296 Quibus
2701 5240 3088 5284 commonstrat
3117 5243 3175 5283 se
3216 5229 3442 5297 primum
3484 5227 3589 5280 illis
3621 5225 3719 5279 hac

2135 5325 2203 5378 de
2231 5338 2288 5378 re
2319 5323 2595 5392 loqnutmu
2623 5335 2766 5377 esse.
2797 5320 2923 5376 "me
2943 5322 3100 5390 igitur
3126 5321 3375 5389 epistola,
3405 5334 3524 5389 qua:
3551 5317 3718 5386 prima

2136 5426 2456 5482 esteorum,
2490 5431 2621 5486 quas
2649 5415 2832 5469 Romae
2861 5414 3076 5483 scripsit
3094 5453 3109 5477 ,
3142 5411 3246 5466 illis
3271 5409 3516 5480 epistolis
3543 5415 3719 5478 Ροεη-

2138 5508 2247 5561 rior
2274 5517 2372 5563 est.
2420 5506 2660 5562 NOndutn
2692 5506 2832 5560 enim
2877 5504 3097 5558 Romam
3137 5513 3390 5567 venerat,
3433 5516 3553 5556 cum
3585 5501 3720 5553 hanc
