4148 6152
400 331 508 388 895

397 439 610 510 scripsit
635 437 911 509 epistolam
938 452 952 501 ;
984 435 1034 489 id
1076 433 1218 505 quod
1250 434 1333 487 his
1360 434 1535 487 verbis
1567 432 1763 486 indicat
1791 448 1803 483 :
1838 428 1974 482 Desi-

398 537 518 587 dero
540 533 671 587 enim
695 531 860 584 videre
887 544 992 591 vos,
1022 538 1074 580 ut
1105 526 1298 597 aliquid
1324 525 1608 595 impertiam
1640 523 1774 578 vobis
1800 522 1982 593 gratia:

1513 318 1576 374 IN
1617 316 1831 374 EPIST.
1874 315 1965 369 AD
2006 313 2167 369 R051.
2212 314 2437 371 IIOMIL.
2474 308 2514 371 I.

3555 328 3660 385 31M

2086 423 2323 480 medicus
2346 437 2605 496 :rgrotare
2640 428 2985 500 incipientes,
3019 440 3074 487 et
3097 446 3222 498 eos,
3254 449 3343 503 qut
3388 433 3601 491 domum
3632 453 3659 486 a

2084 517 2273 571 morbo
2303 527 2611 573 recreantur
2635 537 2649 583 ;
2678 535 2851 590 neque
2876 521 3065 577 doctor
3093 528 3342 594 puerulos
3385 527 3578 591 simul,
3606 537 3660 581 ct

397 621 675 687 "grauatis
706 620 880 690 (Rom.
910 618 962 674 1.
990 620 1099 686 11).
1131 617 1302 671 Roma
1322 626 1498 670 autem
1521 616 1585 668 ad
1612 614 1978 684 Pliilippenscs
2004 640 2042 666 ,ι
2080 623 2175 662 eos
2195 609 2282 676 qui
2310 609 2613 677 perfectiori
2634 621 2793 681 egent
2826 612 3067 668 doctrina
3120 619 3229 685 pari
3261 618 3418 671 modo
3442 632 3653 673 curant.

397 715 608 785 set'ipsit
637 733 651 768 :
687 713 806 767 ideo
832 713 907 765 ait
932 729 945 765 :
980 710 1225 766 Salutant
1248 726 1333 762 vos
1354 725 1528 761 omnes
1552 708 1735 770 sancti,
1760 708 1977 760 maxime

395 809 480 875 qui
519 808 581 859 de
604 806 819 859 Ca'saris
846 805 997 858 domo
1036 813 1149 858 sunt
1192 802 1448 874 (Philipp.
1479 804 1534 857 4.
1571 800 1692 870 22).
1740 800 1978 855 IIebrtcis

394 910 606 965 queque
635 897 831 971 isthinc
867 896 1114 963 scripsit,
1146 895 1324 964 aitque
1351 896 1567 949 salutari
1597 895 1741 964 ipsos
1769 894 1836 946 ab
1870 894 1933 948 iis
1961 936 1976 957 ,

396 988 482 1056 qui
513 988 563 1041 in
596 986 746 1041 Italia
774 995 928 1040 erant
958 986 1142 1057 (Hebr.
1171 987 1259 1041 15.
1291 986 1403 1058 21).
1439 986 1728 1057 Epistulam
1760 985 1884 1040 item
1911 986 1977 1039 ad

395 1077 731 1132 Timotheum
759 1077 926 1132 Roma
956 1078 1163 1132 vinctus
1194 1078 1367 1141 misit,
1410 1092 1527 1147 qum
1553 1087 1819 1147 postrema
1849 1076 1976 1129 mihi

397 1171 605 1225 videtur
629 1171 865 1224 omnium
895 1170 1041 1223 Pauli
1068 1169 1432 1238 epistolarmn,
1468 1176 1524 1221 ut
1547 1178 1610 1221 ex
1637 1168 1751 1235 ejus
1780 1167 1885 1221 line
1917 1166 1977 1220 Ιί-

395 1268 559 1329 quet:
600 1259 707 1330 Ego
729 1261 858 1313 enim
876 1261 986 1330 jam
1018 1258 1273 1326 imnto‘lor,
1313 1258 1474 1328 inquit
1495 1299 1508 1322 ,
1541 1267 1586 1311 et
1612 1268 1804 1326 tempus
1842 1274 1961 1311 rese

397 1351 606 1404 lutionis
632 1367 756 1404 mea:
784 1351 935 1403 instat
978 1351 1054 1417 (2.
1082 1348 1213 1406 Tim.
1241 1351 1294 1404 4.
1320 1349 1397 1419 ti).
1447 1348 1597 1414 Quod
1638 1360 1815 1401 autem
1859 1348 1977 1403 istlc

397 1444 555 1496 linem
588 1442 797 1495 vivendi
826 1442 1030 1507 fecerit,
1058 1441 1252 1495 nemini
1276 1456 1378 1494 non
1406 1449 1586 1494 notum
1610 1449 1708 1495 est.
1740 1439 1974 1508 Epistqu

396 1549 605 1602 quoque
640 1532 704 1587 ad
738 1532 1099 1586 Philemonem
1144 1533 1282 1586 inter
1308 1539 1600 1601 postremas
1630 1542 1738 1593 est;
1795 1533 1845 1585 in
1879 1547 1973 1585 ex-

396 1633 564 1677 trema
604 1624 743 1678 enim
782 1633 1057 1677 senectute
1086 1624 1299 1690 scripsit
1343 1623 1526 1678 illam:
1560 1616 1681 1677 ideo
1716 1622 1925 1677 dicebat
1957 1639 1970 1677 :

400 1710 468 1768 Ut
494 1712 690 1768 Paulus
728 1728 907 1778 senex,
950 1731 1084 1768 nunc
1121 1725 1286 1767 autem
1323 1715 1516 1768 vinetus
1552 1715 1604 1767 in
1631 1713 1827 1767 Christo
1848 1712 1975 1768 Jesu

396 1804 642 1872 (Philem.
682 1805 759 1876 9).
795 1805 919 1860 Hmc
948 1820 1108 1875 porro
1154 1807 1427 1874 prwce5sit
1460 1805 1738 1874 epistolam
1777 1805 1841 1857 ad
1871 1803 1976 1858 Co-

395 1896 662 1951 losseuses
682 1938 697 1963 ,
730 1906 786 1950 ut
814 1912 877 1951 ex
909 1897 1026 1965 ejus
1057 1898 1159 1952 line
1185 1897 1444 1967 arguitur,
1476 1897 1560 1951 ubi
1594 1898 1670 1950 sic
1702 1897 1971 1966 loquitur:

395 1987 645 2058 Tychicus
672 1991 840 2043 omnia
864 1989 998 2043 vobis
1021 1991 1265 2054 narrabit,
1292 2006 1435 2059 quem
1457 1990 1572 2043 misi
1595 2006 1707 2042 cum
1738 1989 1973 2043 Onesimo

395 2081 532 2147 ﬁdeli
559 2091 602 2133 et
626 2081 805 2134 dilecto
823 2083 978 2150 fratre
1004 2081 1135 2152 (Col.
1155 2087 1208 2136 4.
1231 2085 1306 2151 7).
1331 2083 1614 2137 Onesimus
1635 2093 1811 2137 autem
1834 2092 1969 2149 erat,

396 2170 550 2239 Cujus
578 2174 744 2240 gratia
766 2171 829 2224 ad
857 2171 1218 2225 Philemonem
1247 2175 1459 2242 scripsit
1483 2174 1785 2242 epistolam.
1818 2174 1970 2240 Quod

398 2276 528 2313 vero
556 2276 662 2314 non
693 2262 825 2315 alius
872 2272 1014 2316 esset
1056 2263 1151 2333 ipsi
1188 2265 1554 2331 cognominis,
1604 2274 1745 2333 patet
1769 2280 1833 2319 ex
1872 2268 1972 2321 Ar-

400 2353 592 2422 chippo
617 2371 629 2406 :
662 2369 817 2422 quem
838 2355 980 2408 enim
1010 2355 1058 2408 in
1091 2355 1311 2423 epistola
1337 2357 1401 2407 ad
1426 2355 1788 2411 Philemonem
1817 2358 1968 2428 adju-

400 2451 567 2495 torem
612 2445 818 2512 accepit
856 2445 921 2497 ad
968 2460 1078 2497 rem
1120 2460 1216 2514 pro
1257 2447 1510 2500 Onesitno
1554 2447 1966 2516 impetrandam,

400 2532 539 2586 hunc
566 2548 777 2603 quoque
821 2535 873 2587 in
904 2534 1124 2604 epistola
1157 2534 1221 2587 ad
1260 2534 1605 2590 Colossenses
1647 2540 1843 2592 excitat
1886 2540 1968 2595 his

397 2625 570 2678 verbis
596 2641 609 2677 :
640 2624 804 2678 Dicite
841 2626 1137 2695 Archippo:
1174 2625 1296 2680 Vide
1333 2626 1691 2693 ministerium,
1723 2630 1857 2694 quod
1883 2648 1969 2684 ac-

396 2716 600 2783 cepisti,
639 2726 692 2769 ut
728 2717 856 2769 illud
882 2720 1092 2779 impleas
1122 2717 1296 2791 (Ibid.
1329 2734 1377 2772 υ.
1409 2718 1518 2790 17).
1549 2720 1766 2775 Videtur
1789 2731 1965 2778 autem

398 2807 526 2861 mihi
553 2810 826 2877 epistolam
853 2812 917 2863 ad
940 2810 1153 2865 Galatas
1177 2826 1316 2876 eam,
1343 2827 1462 2882 quae
1483 2813 1547 2865 ad
1576 2813 1846 2870 Romanos
1865 2828 1963 2882 est,

397 2902 752 2969 praecessisse.
784 2900 837 2955 Si
878 2911 1055 2954 autem
1103 2903 1153 2954 in
1195 2903 1343 2956 libris
1386 2905 1544 2957 alium
1592 2904 1789 2961 habent
1826 2907 1969 2962 ordi—

395 3006 539 3052 nem,
573 2992 703 3045 nihil
734 2992 922 3045 mirum
950 3011 961 3046 :
992 2994 1416 3065 quandoquidem
1455 3008 1507 3051 et
1536 2995 1815 3054 duodecim
1847 3014 1967 3071 pro-

395 3082 570 3149 pheta:
601 3096 703 3133 non
733 3082 1021 3136 secundum
1055 3086 1308 3153 temporis
1346 3085 1624 3153 ordinem,
1671 3089 1765 3143 sed
1810 3090 1965 3161 longe

392 3183 551 3227 a-tate
592 3174 876 3237 distantes,
921 3175 972 3229 in
1016 3176 1200 3230 Bibliis
1240 3178 1485 3233 collocati
1527 3190 1668 3235 sunt.
1703 3184 1960 3253 Aggteus,

394 3264 435 3317 Ζ
456 3266 679 3319 icbarias
695 3275 748 3320 et
767 3267 853 3319 alii
879 3279 992 3336 post
1018 3269 1346 3325 Ezechielem
1370 3280 1422 3326 ct
1443 3271 1718 3329 Dauielem
1737 3279 1964 3346 pr0phe-

396 3366 671 3421 laverunt;
703 3367 758 3410 et
786 3360 934 3412 multi
982 3374 1099 3429 poSt
1129 3360 1316 3415 Jonam
1353 3374 1405 3417 ct
1440 3364 1763 3433 Sephoniam
1797 3379 1960 3425 caete-

391 3460 585 3515 rosque
611 3464 816 3511 onmes,
849 3460 902 3504 et
930 3461 1101 3505 tamen
1132 3454 1231 3507 illis
1256 3455 1502 3509 omnibus
1523 3459 1790 3527 conjuncti
1816 3473 1959 3529 sunt,

390 3555 417 3590 a
445 3540 636 3607 quibus
660 3550 805 3595 tanto
830 3546 1082 3612 temporis
1102 3548 1272 3615 Spnll'l
1297 3558 1421 3602 sunt
1449 3550 1640 3604 dissiti.

458 3631 510 3682 2.
530 3630 695 3684 Nemo
725 3632 863 3687 lnme
889 3634 1123 3689 laborem
1151 3649 1299 3692 extra
1328 3654 1438 3693 rem
1469 3655 1612 3709 esse,
1634 3657 1803 3713 neque
1825 3646 1961 3702 hanc

393 3723 814 3793 disquisitionem
831 3730 1151 3797 superﬂuam
1169 3740 1223 3785 et
1242 3746 1308 3785 ex
1330 3730 1637 3788 curiositate
1662 3733 1770 3789 ﬁeri
1791 3747 1956 3804 putet:

392 3829 510 3868 nam
556 3818 898 3886 episutlarum
927 3828 1133 3887 tempus
1161 3836 1266 3873 non
1296 3837 1477 3889 parum
1506 3821 1571 3876 ad
1599 3826 1815 3893 qua:sita
1850 3828 1961 3881 sol-

391 3906 557 3960 venda
586 3909 811 3961 confert.
844 3909 977 3962 Cum
1012 3911 1154 3963 enim
1197 3910 1351 3965 video
1378 3911 1593 3966 Paulum
1624 3913 1877 3970 Romanis
1906 3926 1960 3972 et

390 3999 793 4055 Colussensibus
837 4001 905 4056 de
934 4002 1120 4057 iisdem
1162 4002 1324 4059 rebus
1352 4006 1608 4072 scribere,
1661 4023 1832 4078 neque
1876 4017 1958 4063 la-

391 4107 513 4146 mcn
543 4093 698 4147 simili
720 4094 897 4160 modo,
929 4095 1021 4150 sed
1041 4096 1143 4149 illis
1173 4111 1293 4151 cum
1317 4097 1640 4169 indulgentia
1664 4115 1873 4169 magna,
1904 4112 1962 4156 ut

390 4197 510 4236 cum
538 4184 685 4250 dicit,
728 4183 1001 4254 Inﬁrmum
1042 4201 1157 4241 vero
1180 4188 1232 4242 in
1259 4188 1362 4257 ﬁde
1380 4190 1637 4257 assumite,
1669 4207 1770 4245 non
1798 4192 1852 4245 in
1877 4193 1961 4245 di-

390 4276 777 4343 sceptationibus
824 4278 1204 4331 ratiociniorum
1229 4295 1248 4332 :
1295 4279 1429 4333 alius
1467 4279 1668 4348 quidem
1706 4281 1863 4334 credit
1906 4298 1964 4336 se

390 4365 648 4419 comedere
682 4383 826 4431 posse
865 4368 1074 4434 omnia;
1110 4368 1196 4437 qui
1220 4378 1388 4421 autem
1413 4369 1643 4437 inﬁrmus
1684 4380 1756 4423 est
1777 4411 1793 4435 ,
1821 4370 1962 4424 olera

390 4457 662 4511 manduca!
691 4456 866 4531 (Rom.
898 4459 985 4513 14.
1020 4458 1186 4528 Li);
1225 4459 1633 4516 Colossensibus
1674 4470 1852 4517 autem
1894 4462 1963 4517 de

390 4546 577 4601 iisdem
604 4549 764 4603 rebus
790 4565 894 4603 non
919 4550 989 4603 ita
1018 4548 1269 4620 loquitur,
1295 4550 1389 4604 sed
1414 4566 1535 4605 cum
1572 4552 1759 4620 majori
1798 4552 1961 4608 liber-

392 4649 499 4694 tate
532 4656 546 4692 :
583 4659 603 4689 σ
631 4640 687 4695 Si
718 4643 911 4696 mortui
942 4643 1072 4697 estis
1092 4682 1107 4705 ,
1140 4661 1162 4695 ι
1208 4643 1407 4713 inquit,
1437 4661 1457 4695 ι
1490 4659 1611 4699 cum
1643 4644 1855 4700 Christo
1895 4645 1963 4700 ab

389 4732 666 4789 elementis
682 4735 887 4802 mundi,
906 4751 1002 4791 cur
1016 4736 1190 4791 adhuc
1205 4744 1452 4807 tanquam
1475 4739 1717 4793 viventes
1738 4740 1788 4793 in
1813 4754 1965 4794 mim-

389 4821 462 4875 do
481 4823 766 4880 decernitis
797 4841 812 4879 :
841 4825 916 4881 Ne
933 4827 1193 4897 tetigeris,
1223 4843 1291 4882 ne
1315 4829 1632 4899 gustaveris,
1658 4843 1727 4884 ne
1753 4840 1964 4886 contre-

389 4915 796 4986 claverisiqute
839 4926 963 4972 sunt
1000 4919 1175 4972 omnia
1206 4919 1257 4973 in
1306 4919 1576 4975 interitum
1614 4920 1730 4991 ipso
1767 4920 1957 4986 abusu,

391 5022 498 5063 non
529 5009 581 5063 in
609 5008 813 5064 honore
838 5010 1038 5080 aliquo,
1070 5011 1135 5065 ad
1163 5013 1496 5069 saturitatem
1522 5015 1699 5069 carnis
1741 5013 1874 5084 (Col.
1904 5017 1961 5072 2.

388 5099 579 5172 10-23)
612 5118 625 5153 :
661 5119 682 5154 ›
712 5118 817 5156 non
839 5102 995 5156 aliam
1028 5104 1183 5173 hujus
1210 5104 1525 5161 dillerentite
1563 5121 1777 5161 causam
1813 5108 1964 5163 inve—

391 5192 501 5255 nio,
551 5207 708 5260 quam
756 5208 935 5248 rerum
978 5204 1034 5249 et
1080 5198 1333 5267 temporis
1379 5199 1759 5255 conditionem.
1808 5200 1965 5257 Initio

390 5282 590 5353 quippe
618 5283 943 5355 indulgentia
972 5285 1046 5339 uti
1071 5286 1373 5355 Oportebat,
1404 5290 1646 5359 sequenti
1674 5305 1804 5345 vero
1831 5300 1966 5346 tem-

393 5387 524 5441 pore
554 5390 659 5430 non
686 5378 832 5431 item.
876 5378 1014 5432 Alibi
1042 5364 1255 5448 quoque
1299 5379 1449 5433 illum
1478 5382 1556 5436 sic
1587 5397 1747 5452 agere
1792 5384 1961 5439 vides.

388 5463 481 5519 Sic
530 5464 704 5522 facere
751 5470 927 5525 solent
975 5468 1214 5525 medicus
1249 5478 1306 5525 et
1340 5470 1528 5525 doctor
1565 5487 1780 5542 :neque
1821 5473 1964 5531 enim

656 5800 917 5865 Pnuot.
967 5808 1077 5868 Gn.
1135 5807 1260 5873 LX.

2085 698 2277 753 l‘aulus
2293 700 2450 770 igitur
2468 701 2587 755 aliis
2612 704 2712 756 alia
2735 704 2800 758 de
2817 718 2975 759 causa
2998 718 3049 759 et
3068 718 3382 777 argumento
3397 709 3656 765 adductus

2079 788 2438 859 seribebat(et
2462 790 2565 846 hoc
2591 792 2845 859 declarat,
2869 811 2987 849 eum
3014 796 3305 854 Corinthiis
3326 800 3451 855 dicit
3471 819 3482 853 :
3503 800 3579 855 De
3595 803 3656 857 iis

2079 892 2267 946 autent,
2291 900 2403 953 quia
2427 884 2497 937 ad
2519 902 2598 938 me
2611 888 2881 957 scripsistis
2897 891 2943 961 (l
2959 928 2973 942 .
2995 888 3111 944 Cor.
3127 891 3176 945 7.
3194 891 3263 962 l);
3295 893 3495 948 Calatis
3528 912 3654 949 vero

2079 975 2255 1027 Statim
2274 976 2341 1027 ab
2358 977 2579 1031 exordio
2596 988 2649 1031 et
2667 995 2761 1048 per
2779 991 2941 1033 totam
2961 981 3239 1050 epistolam
3258 983 3481 1052 idipsmn
3502 986 3638 1055 signi

2079 1064 2238 1136 licat)
2270 1084 2281 1118 :
2313 1066 2393 1120 his
2421 1083 2547 1122 vero
2575 1084 2668 1122 cur
2708 1080 2763 1124 et
2808 1087 2912 1139 qua
2954 1072 3022 1126 de
3059 1087 3216 1127 causa
3246 1076 3445 1129 scribat
3488 1076 3650 1131 dicit:

2078 1169 2139 1207 ac
2184 1156 2453 1210 testilicari
2504 1157 2712 1213 videtur
2760 1161 2905 1229 ipsos
2945 1176 3066 1217 esse
3112 1162 3345 1220 bonitate
3384 1176 3439 1219 et
3479 1166 3653 1220 scien-

2081 1243 2150 1298 tia
2178 1246 2323 1299 otnni
2353 1247 2640 1303 instructos
2665 1291 2679 1313 ,
2724 1250 2811 1319 qui
2844 1263 3063 1318 possent
3099 1253 3233 1308 alios
3262 1269 3502 1309 monere.
3554 1258 3660 1310 (Zur

2077 1350 2207 1404 ergo
2245 1336 2526 1405 epistolam
2565 1340 2742 1394 misit?
2792 1340 3009 1411 PrOpter
3036 1354 3252 1414 gratiam
3301 1344 3416 1410 Dei,
3464 1347 3658 1412 inquit,

2077 1441 2189 1492 qua:
2212 1426 2335 1479 data
2358 1437 2429 1481 est
2452 1430 2596 1494 mihi,
2630 1440 2682 1484 ut
2710 1432 2805 1485 sint
2832 1434 3058 1487 minister
3090 1433 3215 1490 Jcsu
3242 1434 3429 1491 Citriin
3451 1436 3473 1511 (
3502 1438 3655 1496 llon'.

2080 1518 2164 1572 15.
2192 1518 2258 1573 14
2282 1520 2320 1586 ).
2364 1519 2593 1591 Ideoque
2619 1522 2670 1575 in
2701 1525 2963 1594 principio
2989 1524 3124 1580 dixit
3152 1544 3166 1579 :
3201 1526 3406 1582 Debitor
3433 1546 3565 1594 sum,
3597 1541 3655 1582 ut

2078 1626 2169 1679 pro
2192 1611 2325 1664 virili
2357 1627 2465 1665 mea
2492 1623 2634 1681 parte
2657 1614 2793 1668 vobis
2813 1657 2827 1681 ,
2854 1617 2939 1685 qui
2964 1615 3142 1672 Romae
3175 1620 3311 1682 estis,
3343 1621 3655 1693 evangelium

2077 1702 2343 1769 prtedicem
2370 1702 2531 1776 (Ibid.
2552 1707 2604 1759 1.
2637 1707 2723 1761 LI.
2746 1708 2857 1778 15).
2878 1707 3008 1764 Nam
3029 1710 3172 1764 dicta
3195 1713 3329 1780 ejus,
3356 1716 3502 1768 verbi
3527 1732 3651 1785 gra-
3738 1760 3743 1765 .

2076 1793 2170 1856 tia,
2202 1794 2342 1863 qttod
2370 1795 2576 1864 possint
2605 1797 2743 1853 alios
2767 1800 3075 1865 admonere,
3118 1813 3170 1857 et
3195 1804 3412 1872 similia,
3440 1805 3652 1862 Iaudem

2077 1886 2341 1955 praecipue
2360 1895 2416 1940 et
2438 1887 2863 1945 exhortationem
2895 1908 3004 1962 pra:
3034 1908 3096 1949 se
3135 1894 3346 1952 lerunt:
3375 1913 3438 1952 ac
3466 1913 3655 1954 neces~

2073 1977 2212 2030 saria
2241 1978 2399 2032 etiam
2435 1978 2516 2033 his
2544 1991 2659 2036 erat
2679 1984 2980 2038 emendatio
3005 2000 3099 2055 per
3126 1987 3325 2045 literas.
3346 1988 3479 2056 Quia
3508 1992 3651 2045 enim

2074 2069 2305 2123 nondum
2334 2070 2509 2125 istlmc
2533 2083 2768 2139 venerat,
2792 2076 2986 2145 duplici
3013 2080 3219 2135 ratione
3241 2080 3382 2136 viros
3403 2082 3648 2150 instituit,

2073 2170 2127 2214 et
2153 2161 2430 2218 literarum
2459 2163 2683 2220 utilitate
2703 2208 2718 2231 ,
2749 2177 2804 2221 et
2828 2167 3087 2224 adventus
3120 2171 3200 2225 sui
3227 2174 3647 2243 exspectatione,

2073 2254 2192 2307 talis
2217 2254 2414 2324 quippe
2439 2267 2554 2311 erat
2584 2268 2767 2312 sancta
2792 2259 2876 2313 illa
2895 2262 3109 2317 anima:
3136 2273 3303 2318 totum
3328 2267 3651 2337 complecte-

2071 2345 2227 2400 batur
2250 2348 2461 2414 orbem,
2485 2359 2540 2403 et
2568 2365 2755 2406 onmes
2785 2367 2965 2408 secum
2993 2354 3427 2426 circumferebat,
3455 2374 3653 2430 cogna-

2072 2438 2268 2493 tionem
2312 2442 2595 2495 maximam
2629 2444 2769 2498 illaut
2803 2461 2923 2501 esse
2951 2459 3176 2517 putans,
3208 2465 3328 2521 qua:
3354 2455 3648 2512 secundum

2072 2528 2237 2582 [leum
2266 2538 2348 2584 est
2383 2547 2397 2584 :
2423 2541 2583 2600 atque
2606 2532 2674 2586 ita
2706 2534 2823 2587 illos
2846 2552 3033 2591 omnes
3059 2539 3291 2608 amabat,
3320 2556 3383 2597 ac
3405 2544 3451 2597 si
3490 2559 3650 2615 pepe-

2072 2620 2247 2683 risset,
2271 2620 2377 2673 imo
2405 2622 2662 2691 majorem
2695 2641 2803 2693 [me
2830 2640 2889 2681 se
2916 2627 3144 2695 ferebat,
3170 2647 3328 2700 quam
3358 2634 3532 2703 quivis
3562 2652 3649 2706 pa-

2073 2720 2174 2775 ter,
2198 2710 2561 2767 dilectionem.
2587 2712 2730 2768 Talis
2753 2717 2893 2769 enim
2919 2727 3003 2771 est
3020 2720 3188 2787 gratia
3221 2721 3494 2792 Spiritus:
3522 2740 3645 2780 car-

2072 2802 2220 2856 nales
2243 2812 2423 2870 pat-tus
2439 2814 2672 2871 superat,
2695 2815 2749 2859 ct
2768 2806 3126 2863 ardentiorem
3149 2812 3642 2872 exhibetall'ectum.

2074 2892 2127 2946 Id
2160 2893 2211 2946 in
2242 2894 2430 2962 primis
2455 2895 2638 2949 videre
2666 2905 2746 2951 est
2771 2897 2821 2951 in
2847 2897 3022 2952 anima
3056 2900 3226 2969 Pauli,
3252 2905 3342 2973 qui
3370 2910 3521 2977 quasi
3549 2925 3646 2963 νος

2070 2985 2231 3039 lucris
2269 3000 2334 3039 ex
2361 2987 2583 3041 caritate
2605 2985 2795 3053 lactus,
2828 3004 3015 3044 omnes
3041 2990 3350 3064 frequenter
3375 2998 3642 3068 circumit,

2067 3094 2327 3149 nusquam
2356 3094 2577 3134 manens
2606 3080 2685 3135 vel
2716 3081 3036 3137 consistens.
3064 3083 3196 3150 Quia
3224 3087 3365 3142 enim
3400 3090 3642 3148 audierat

2065 3171 2271 3225 dixisse
2306 3171 2603 3239 Christum,
2652 3170 2824 3238 Petre,
2853 3189 2995 3228 amas
3022 3176 3135 3231 me?
3179 3193 3329 3247 pasce
3366 3195 3480 3236 oves
3503 3199 3641 3239 nicas

2065 3263 2246 3335 (Joan.
2273 3262 2362 3318 21.
2385 3264 2498 3334 15),
2515 3274 2674 3333 atque
2694 3263 2835 3320 hunc
2853 3266 3082 3322 maxime
3095 3270 3333 3328 caritatis
3352 3276 3636 3332 terminum

2065 3359 2439 3428 pronuntiasse
2458 3373 2616 3428 supra
2647 3360 2861 3414 modum
2883 3361 3167 3418 exhibebat
3186 3365 3354 3421 illum.
3376 3369 3527 3426 lIunc
3542 3373 3642 3443 igi-

2066 3458 2151 3504 tur
2176 3459 2231 3504 et
2258 3464 2354 3505 nos
2395 3452 2708 3505 :emulantcs
2730 3491 2747 3517 ,
2775 3452 2818 3506 si
2851 3454 3027 3508 minus
3067 3456 3250 3511 orbem
3279 3470 3372 3515 aut
3406 3462 3640 3534 integras

2064 3543 2305 3596 civitates
2342 3542 2422 3595 vel
2465 3551 2671 3611 gentes,
2694 3543 2882 3598 saltent
2915 3545 3139 3616 quisque
3187 3548 3402 3605 domum
3459 3567 3633 3623 suam,

2064 3647 2305 3694 usorcm,
2328 3631 2464 3686 ﬁlios
2484 3672 2499 3697 ,
2544 3634 2768 3700 amicos,
2799 3635 3002 3690 vicinos
3028 3647 3174 3693 recte
3199 3654 3500 3712 componat.
3534 3650 3637 3703 Nec

2063 3724 2193 3777 mihi
2221 3724 2481 3793 quispiam
2523 3725 2735 3791 dixerit,
2761 3726 3039 3795 Imperitos
3060 3746 3178 3786 sum
3207 3744 3261 3788 et
3290 3736 3455 3792 rudis.
3495 3737 3636 3796 Nihil

2062 3817 2329 3871 indoctius
2372 3816 2557 3885 Petro,
2614 3818 2743 3873 nihil
2792 3819 3089 3890 imperitius
3128 3824 3312 3881 Paulo.
3344 3829 3478 3885 Illud
3525 3833 3640 3904 ipse

2062 3922 2272 3978 quoque
2288 3908 2501 3975 fatetur,
2523 3924 2621 3964 nec
2634 3910 2792 3978 pudet
2822 3912 2968 3967 illum
2990 3913 3167 3971 dicere
3195 3934 3208 3969 :
3238 3915 3350 3971 Etsi
3376 3920 3638 3992 imperitus

2026 4016 2032 4028 ·
2062 4016 2175 4053 sum
2194 4016 2437 4066 sermone,
2457 4000 2545 4055 sed
2575 4019 2673 4055 non
2694 4003 2900 4058 scientia
2917 4004 2993 4078 (2.
3019 4003 3137 4063 Cor.
3164 4009 3250 4063 11.
3277 4011 3355 4081 ϐ).
3386 4014 3636 4073 Attamen

2064 4094 2341 4163 imperitus
2371 4094 2476 4159 hic,
2504 4094 2746 4150 indoctus
2768 4098 2872 4163 ille,
2908 4112 3192 4156 sexcentos
3215 4102 3638 4176 viceruntphilo-

2064 4186 2263 4252 sophos
2285 4226 2300 4248 ,
2334 4184 2643 4240 innumeros
2670 4186 2913 4242 rhetores
2953 4188 3021 4242 ad
3046 4190 3317 4245 silentium
3361 4199 3640 4266 compule-

2065 4282 2209 4340 runt,
2240 4288 2339 4328 suo
2354 4274 2531 4329 studio
2552 4286 2606 4330 et
2622 4276 2711 4330 Dei
2728 4278 2893 4346 gratia
2918 4287 3083 4333 letum
3107 4292 3443 4352 peragentes.
3469 4288 3639 4359 Quam

2063 4382 2193 4437 ergo
2237 4382 2336 4421 nos
2365 4371 2763 4424 excusationem
2815 4370 3166 4441 habebimus,
3206 4377 3298 4445 qui
3344 4394 3411 4434 ne
3454 4381 3636 4454 viginti

2065 4460 2277 4530 quidem
2300 4459 2603 4516 nominibus
2629 4476 2725 4516 seu
2755 4464 2997 4531 personis
3024 4464 3349 4533 sufﬁcimus.
3384 4486 3485 4529 nec
3510 4490 3640 4531 con-

2067 4551 2430 4607 tobernalibus
2460 4553 2620 4608 utiles
2641 4555 2861 4609 sumus?
2886 4555 3145 4613 Obteutus
3167 4559 3282 4616 haec
3302 4570 3427 4619 sunt
3445 4574 3500 4620 et
3528 4566 3643 4623 ina-

2067 4658 2163 4697 nes
2196 4644 2569 4699 excusationes
2601 4658 2618 4700 :
2656 4661 2827 4717 neque
2855 4647 2996 4701 enim
3036 4649 3330 4719 ignorantia
3375 4664 3429 4710 et
3467 4658 3639 4728 impc-

2066 4736 2185 4790 ritia
2200 4736 2496 4791 doctrinam
2521 4737 2834 4807 impediunt,
2853 4740 2947 4795 sed
2968 4741 3174 4811 ignavia
3191 4753 3246 4799 et
3259 4748 3639 4806 somnolentia.

2068 4829 2180 4885 IIoc
2207 4831 2367 4902 igitur
2400 4846 2627 4886 excusso
2652 4846 2863 4899 somno,
2905 4848 3025 4888 cum
3056 4836 3201 4890 omni
3224 4839 3403 4893 studio
3430 4844 3643 4913 propria

2070 4923 2306 4977 membra
2333 4938 2600 4987 curemus,
2645 4932 2704 4978 ut
2733 4934 2787 4979 et
2818 4925 2902 4980 hic
2928 4927 3096 4982 multa
3123 4928 3361 4985 fruamur
3388 4937 3642 5006 tranquil—
3686 4990 3695 4997 ,

2069 5012 2233 5078 litate,
2278 5013 2403 5067 dum
2431 5014 2721 5069 secundum
2754 5015 2998 5072 timorem
3044 5019 3139 5073 Del
3166 5024 3499 5079 necessarios
3542 5042 3641 5081 no-

2070 5113 2212 5156 stros
2240 5104 2599 5170 instituemus,
2633 5115 2687 5159 et
2713 5105 2821 5161 illic
2848 5107 3126 5163 inmnuera
3141 5125 3532 5183 consequamur
3550 5118 3645 5172 bo-

2073 5208 2162 5259 na,
2194 5194 2360 5263 gratia
2382 5205 2435 5248 et
2464 5195 2789 5266 benignitate
2810 5198 3017 5253 Domini
3050 5203 3220 5256 nostri
3245 5201 3375 5259 Jesu
3416 5206 3637 5274 Christi,

2068 5300 2165 5355 per
2189 5301 2345 5356 quem
2375 5296 2428 5342 et
2457 5303 2577 5342 eum
2606 5303 2711 5358 quo
2739 5288 2883 5344 Patri
2917 5292 3082 5363 gloria
3105 5334 3120 5358 ,
3152 5296 3418 5367 simulque
3454 5308 3641 5355 sancto

2071 5377 2315 5447 Spiritui,
2346 5393 2486 5434 nunc
2511 5386 2565 5435 et
2604 5393 2837 5453 semper,
2888 5397 2922 5437 e
2996 5382 3051 5438 in
3077 5384 3271 5440 smcula
3298 5388 3637 5451 seculorum.

2068 5471 2266 5524 Anien.
