4144 6146
514 321 619 380 395

1293 311 1349 369 S.
1391 308 1662 366 JOANNIS
1697 305 2164 362 CllllYSOS'l'Olll
2213 305 2523 362 ARClllEI‘.
2567 308 3096 365 CONSTANTINOP.

522 420 2908 471 ’ΝΜ-

3666 313 3774 372 396

1859 509 2204 574 HOMILIA
2247 508 2415 594 1(a).

512 683 641 737 Car.
663 683 711 736 l.
730 679 925 733 Paulus
943 693 1113 732 servus
1127 673 1250 728 Jesu
1269 670 1472 736 Christi,
1496 677 1698 722 vocatus
1714 665 1992 735 apostolus.
2011 676 2088 715 se-

588 784 818 843 gregatus
850 772 902 824 in
931 766 1241 837 evangelium
1262 763 1379 829 Dei,
1414 762 1469 816 2.
1496 760 1631 832 quod
1653 770 1769 813 ante
1784 757 2090 829 «promiserat

589 881 677 931 per
701 861 972 929 prophetas
996 875 1114 912 suos
1138 858 1190 911 in
1216 854 1494 924 Scripturis
1518 852 1725 905 sanctis.

587 959 639 1009 l.
691 955 900 1026 Moyses
944 951 1097 1006 libris
1142 950 1377 1019 quinque
1413 962 1442 1000 a
1483 962 1541 1000 se
1579 943 1792 1011 scriptis
1832 954 2087 1007 nusquam

514 1061 709 1101 nomen
740 1059 893 1098 suum
926 1041 1210 1112 apposuit,
1252 1053 1421 1108 neque
1453 1036 1645 1103 illi-qui
1679 1049 1765 1088 res
1796 1041 1913 1100 post
1943 1031 2086 1083 illum

514 1145 695 1206 gestas
747 1135 1129 1202 scripserunt:
1172 1129 1265 1184 sed
1324 1144 1497 1196 neque
1544 1124 1857 1183 Mattlneus,
1920 1134 2090 1188 neque

513 1229 747 1281 Joannes
772 1267 787 1289 ,
820 1240 926 1278 non
958 1224 1161 1277 Marcus
1180 1263 1195 1286 ,
1216 1236 1334 1274 non
1362 1220 1553 1273 Lucas.
1587 1221 1655 1270 At
1683 1216 1868 1268 beatus
1895 1212 2089 1266 Paulus

515 1318 762 1372 omnibus
782 1315 1018 1388 epistolis
1037 1314 1148 1368 suis
1170 1326 1364 1366 nomen
1393 1324 1547 1364 suum
1568 1305 1859 1379 prannittit.
1879 1301 2090 1370 Quare?

518 1411 652 1479 Quia
684 1410 756 1464 illi
789 1406 1140 1478 praesentibus
1167 1402 1575 1467 scribebant,.et
1604 1397 1790 1451 inutile
1820 1395 2005 1449 fuisset
2031 1406 2090 1447 se

512 1510 803 1573 grassantes
826 1498 1138 1562 declarare;
1167 1494 1255 1551 hic
1279 1508 1405 1549 vero
1431 1491 1612 1561 procul
1639 1488 1822 1543 literas
1850 1483 2091 1539 mittebat

511 1594 751 1665 epistola:
796 1592 963 1646 forma
994 1607 1008 1644 :
1035 1597 1358 1661 quapropter
1387 1583 1685 1639 necessario
1716 1588 1831 1635 erat
1858 1578 2089 1634 nominis

510 1690 731 1745 additio.
754 1687 809 1742 Si
829 1693 1004 1740 autem
1028 1685 1079 1737 in
1104 1680 1337 1751 Epistola
1354 1678 1419 1733 ad
1433 1676 1692 1732 Hebraeos
1714 1674 1762 1727 id
1774 1688 1886 1727 non
1911 1670 2086 1735 faciat,

513 1778 803 1851 prudenter
831 1772 1138 1830 eteonsilio
1165 1770 1307 1825 facit.
1353 1767 1485 1835 Quia
1526 1766 1667 1822 enim
1713 1776 1931 1832 peresus
1977 1769 2091 1814 erat

510 1871 678 1940 ipsis:
704 1883 772 1923 ne
794 1882 821 1920 a
850 1864 1131 1936 principio,
1152 1861 1334 1916 audito
1361 1858 1596 1921 nomine,
1625 1852 1857 1908 sermoni
1884 1851 2088 1905 aditum

509 1960 876 2024 occluderent,
927 1957 1019 2011 illo
1065 1965 1381 2024 suppresso,
1436 1948 1509 2003 uti
1557 1962 1617 2001 se
1659 1944 1926 2006 atnlirent,
1975 1953 2090 1995 arte

511 2053 747 2124 pellexit.
788 2051 845 2106 Si
884 2063 1015 2104 vero
1059 2044 1330 2115 propheta:
1370 2050 1425 2095 et
1461 2040 1711 2095 Salomon
1742 2035 1955 2090 nomina
1996 2047 2089 2087 suo

509 2156 829 2214 opposuere,
853 2139 1007 2194 vobis
1035 2133 1421 2206 exquirendum
1452 2130 1720 2199 relinquo,
1751 2142 1848 2181 cur
1871 2124 1959 2178 alii
1991 2137 2089 2177 no-

511 2251 635 2290 men
679 2230 1054 2302 opposuerim,
1093 2226 1180 2280 alii
1225 2238 1415 2279 secus:
1440 2236 1611 2291 neque
1636 2220 1777 2274 enim
1810 2230 1949 2286 opus
1976 2224 2089 2278 est,

510 2339 568 2381 ut
590 2326 773 2381 onmia
802 2339 833 2376 a
862 2338 947 2376 me
976 2318 1254 2381 ediscatis;
1286 2315 1380 2370 sed
1414 2312 1763 2368 laborandum
1791 2320 1844 2364 et
1873 2306 2086 2377 perqui-

516 2418 743 2474 t‘eodum
770 2413 920 2469 vobis
947 2422 1031 2466 est
1052 2452 1068 2475 ,
1113 2420 1170 2464 ut
1198 2425 1263 2464 ne
1304 2408 1578 2477 segniores
1604 2402 1861 2458 evadatis.
1894 2398 2092 2453 Paulus

513 2526 684 2562 servus
706 2507 831 2560 Jesu
857 2502 1062 2561 Christi.
1095 2502 1205 2557 Cur
1234 2515 1423 2555 nomen
1451 2497 1565 2565 ejus
1591 2494 1884 2551 immutat/it
1919 2492 2088 2554 Delus,

513 2612 569 2654 et
616 2600 835 2653 Sardum
868 2594 1072 2649 vocavit
1112 2589 1375 2646 Paulum?
1417 2587 1493 2643 Ne
1536 2587 1635 2639 bac
1672 2585 1830 2638 etiam
1863 2584 1912 2635 in
1943 2593 2091 2650 parte

513 2689 769 2760 apostolis
819 2686 1035 2741 inferior
1077 2683 1389 2743 haberetur;
1435 2677 1527 2733 sed
1576 2687 1631 2730 ttt
1676 2677 1900 2744 idipsum
1951 2688 2088 2741 prae-

514 2783 768 2856 roga'tivaz
812 2780 1070 2842 haberet,
1117 2776 1257 2846 quod
1308 2773 1689 2843 discipulorum
1738 2770 2089 2840 curyplnrus,

516 2877 749 2953 linoque
769 2875 966 2927 arctius
986 2870 1146 2925 coetui
1164 2868 1494 2938 jnngeretur.
1517 2864 1711 2919 Christi
1732 2877 1859 2917 vero
1874 2875 2090 2914 servum

515 2986 573 3025 se
603 2952 706 3023 non
734 2968 848 3021 sine
873 2980 1031 3019 causa
1052 2962 1187 3017 dixit
1211 2979 1223 3014 :
1250 2961 1398 3015 multi
1428 2974 1654 3027 namque
1678 2964 1802 3011 sunt
1824 2952 2092 3008 servitutis

515 3061 659 3116 modi
695 3059 874 3113 :alius
918 3055 1206 3111 secundum
1252 3053 1615 3114 creationem,
1667 3051 1732 3103 de
1781 3064 1884 3117 quo
1924 3046 2088 3101 dicit:

521 3155 705 3208 Urania
724 3152 948 3205 serviunt
975 3148 1062 3202 tibi
1092 3146 1263 3214 (Psal.
1294 3144 1413 3198 118.
1442 3144 1570 3210 9|);
1609 3143 1838 3207 itemqui:
1857 3181 1870 3202 ,
1906 3139 2093 3193 Seruus

522 3264 658 3300 utens
683 3243 1149 3298 Nabuchodonosor
1169 3234 1220 3310 (J
1228 3253 1301 3292 er.
1320 3235 1414 3290 ΞΒ.
1437 3233 1529 3304 9);
1558 3248 1693 3300 Opus
1711 3245 1945 3300 namque
1975 3230 2092 3298 opi-

524 3340 606 3393 tici
636 3352 845 3392 Sl'l‘Vlllll
893 3342 993 3389 est.
1021 3332 1171 3386 Alius
1199 3328 1388 3382 modus
1425 3335 1506 3380 est
1533 3341 1561 3378 a
1595 3324 1695 3378 lide
1714 3365 1729 3388 ,
1757 3323 1824 3377 de
1851 3338 1951 3392 qua
1981 3323 2089 3376 ait:

520 3429 699 3484 Gratia
725 3436 890 3480 autem
929 3423 1035 3476 Deo
1053 3462 1067 3486 ,
1098 3420 1217 3491 quia
1255 3417 1385 3472 servi
1412 3416 1563 3469 eratis
1591 3423 1794 3483 peccato
1813 3452 1829 3475 ,
1858 3411 2093 3466 obedistis

520 3531 688 3573 nictent
716 3516 965 3579 eatcorde,
991 3515 1043 3566 in
1071 3526 1221 3582 quam
1248 3508 1423 3562 traditi
1444 3510 1563 3560 estis
1585 3506 1831 3559 doctrinm
1852 3504 2090 3573 foratum,

523 3624 566 3666 et
593 3610 790 3664 liberati
817 3625 850 3660 a
887 3615 1112 3676 peccato,
1144 3602 1269 3657 servi
1295 3600 1420 3672 facti
1448 3599 1565 3652 estis
1592 3597 1807 3666 justitiat
1835 3594 2007 3667 (Rom.
2036 3596 2091 3648 ti.

524 3702 637 3773 Π).
671 3701 818 3754 Alius
846 3714 876 3751 a
902 3699 1019 3751 vita:
1052 3696 1311 3759 instituto,
1339 3690 1407 3745 de
1435 3705 1543 3760 quo
1570 3691 1643 3743 ait
1666 3706 1678 3742 :
1705 3687 1906 3759 Moyses
1925 3702 2095 3741 servus

523 3809 663 3846 mens
702 3799 924 3843 mortuus
964 3796 1035 3840 est
1081 3782 1215 3856 (Jos.
1262 3783 1312 3836 i.
1344 3781 1402 3853 2)
1433 3798 1448 3834 :
1476 3795 1790 3851 quamquam
1833 3787 1887 3833 et
1924 3776 2093 3831 Judaei

522 3899 713 3940 ornucs
737 3884 878 3936 servi
909 3888 1096 3943 erant;
1125 3876 1220 3931 sed
1245 3876 1454 3944 Moyses
1482 3873 1534 3927 in
1563 3872 1747 3944 primis
1770 3886 1835 3925 ex
1863 3871 1982 3925 vita:
2009 3871 2092 3924 itt-

525 3979 714 4031 stituto
755 3969 1087 4042 splendebat.
1116 3962 1375 4034 Quoniam
1423 3963 1580 4034 igitur
1610 3962 1810 4018 Paulus
1850 3960 2096 4015 omnibus

523 4065 793 4123 Servitutis
816 4062 989 4116 modis
1015 4073 1202 4116 servus
1229 4064 1344 4111 erat
1366 4097 1382 4122 ,
1413 4054 1682 4125 dignitatis
1708 4053 1953 4106 maxima:
1978 4052 2097 4105 loco

524 4160 672 4231 ponit
699 4156 847 4221 illud,
880 4154 1064 4208 Servus
1087 4151 1211 4204 Jesu
1234 4147 1423 4204 Christi
1445 4162 1465 4201 .'
1485 4157 1539 4200 et
1562 4144 1973 4214 dispensationis
2001 4159 2097 4194 uo—

521 4257 663 4310 tuiua
683 4249 944 4314 obtendit,
964 4246 1031 4300 ab
1046 4243 1383 4300 inferioribus
1400 4240 1465 4294 ad
1488 4240 1758 4309 superiora
1776 4237 2092 4292 asveudeus.

521 4349 725 4404 Nomen
774 4345 967 4415 quippe
1009 4339 1133 4395 Jesu
1180 4338 1355 4392 ferens
1391 4333 1609 4405 angelus
1640 4332 1783 4387 venit
1824 4332 1890 4386 de
1924 4330 2093 4395 caelis,

525 4437 738 4511 quando
766 4437 851 4490 die
886 4442 1039 4489 natus
1067 4438 1149 4485 est
1176 4429 1244 4483 de
1278 4427 1523 4496 Virgine;
1554 4424 1798 4479 Christus
1823 4432 2000 4477 autem
2028 4420 2098 4475 ab

525 4533 777 4588 unctione
805 4526 1020 4582 dicitur.
1046 4520 1188 4593 quod
1219 4521 1379 4574 etiam
1403 4518 1579 4571 carnis
1600 4527 1739 4571 erat.
1769 4516 1837 4569 Et
1862 4529 1988 4583 quo,
2020 4516 2097 4567 iu-

522 4629 698 4696 quies,
727 4622 849 4676 oleo
876 4626 1066 4671 unctus
1094 4612 1212 4669 est?
1240 4611 1371 4665 Oleo
1397 4608 1609 4678 quidem
1639 4623 1743 4661 non
1775 4617 1962 4661 unctas
1992 4615 2094 4670 est,

525 4719 618 4780 sed
649 4714 846 4785 Spiritu
873 4728 886 4765 :
910 4709 1046 4764 solet
1072 4714 1249 4761 autem
1280 4702 1548 4770 Scriptura
1582 4698 1881 4767 lmjusmodi
1913 4707 2101 4753 unctos

525 4822 720 4865 Vocare
764 4803 1017 4859 christos.
1064 4798 1119 4852 In
1164 4796 1410 4849 unctione
1454 4792 1681 4862 quippe,
1728 4791 1869 4861 quod
1918 4791 2101 4861 pra-ci.

528 4913 713 4968 puum,
739 4895 969 4965 Spiritus
996 4899 1115 4952 est;
1146 4886 1265 4942 ideo
1290 4896 1344 4940 et
1369 4885 1541 4938 oleum
1568 4882 1871 4936 assumitur.
1900 4882 1968 4937 Et
1988 4883 2103 4937 ubi-

522 5010 649 5050 nam
677 4989 910 5047 ehi-istos
932 4990 1088 5039 vocat
1107 4996 1223 5044 eos,
1248 4978 1337 5049 qui
1365 4992 1468 5032 non
1493 4986 1617 5031 sunt
1641 4975 1761 5030 oleo
1789 4976 1930 5030 uncti
1952 4976 1975 5030 ?
2000 4974 2098 5031 Ubi

524 5087 674 5150 dicit,
699 5081 868 5137 Nolite
892 5087 1096 5146 tangere
1118 5071 1331 5125 christos
1357 5086 1512 5134 meos,
1541 5077 1587 5122 et
1615 5069 1667 5121 in
1694 5068 1951 5138 praphetis
1980 5068 2100 5120 meis

530 5177 686 5233 nolite
702 5167 967 5240 malignari
993 5163 1164 5236 (Psal.
1190 5162 1308 5217 104.
1334 5157 1443 5228 15).
1467 5158 1617 5215 Tunc
1633 5160 1774 5215 enim
1799 5158 1972 5213 nullus
1987 5167 2103 5213 erat

526 5271 595 5325 ad
611 5266 910 5321 unctionem
929 5257 1029 5312 olei
1046 5262 1351 5326 apparatus.
1375 5250 1591 5306 Vocatus
1604 5252 1879 5321 apostolus.
1897 5249 2102 5320 Ubique

528 5377 589 5421 ιο
617 5369 856 5414 vocatum
886 5350 1152 5424 appellat,
1182 5355 1388 5417 gratum
1418 5345 1651 5399 animum
1679 5344 1939 5400 exhibens
1958 5386 1973 5410 ,
2022 5346 2102 5398 in-

527 5455 822 5519 dicausque
847 5461 907 5503 se
937 5460 1042 5498 non
1072 5446 1395 5513 qtnerentem
1423 5436 1708 5501 invenisse,
1737 5435 1829 5490 sed
1855 5445 2100 5491 vocatum

528 5543 848 5601 obedivisse.
879 5536 1091 5593 Fideles
1117 5546 1247 5588 vero
1269 5530 1348 5587 sic
1373 5529 1622 5601 appellat,
1654 5538 1851 5582 vocatos
1878 5538 2097 5583 sanctos.

594 5634 666 5698 (α)
690 5636 901 5685 Savilius
921 5633 1149 5698 bomilias
1178 5634 1324 5698 hasce
1351 5630 1579 5698 inscribit
1599 5630 1767 5690 λόγους
1790 5625 2095 5698 (sermones).

530 5689 849 5766 planuscriptt
873 5695 956 5745 alii
984 5698 1169 5766 λᾲγουι..
1193 5695 1281 5745 alii
1302 5694 1517 5766 ὁμιλίας..
1537 5689 1854 5764 Beneautem
1879 5689 2102 5738 llomilue

530 5754 885 5843 inpari/buntur,
921 5766 973 5805 ut
997 5763 1045 5805 et
1073 5763 1267 5805 caetera:
1289 5754 1348 5804 ad
1371 5757 1609 5817 populum
1635 5754 1898 5802 conciones

2194 655 2272 710 llli
2305 673 2531 729 namque
2576 660 2643 715 ad
2685 661 2844 717 iidem
2889 662 3062 716 vocati
3102 671 3254 725 sunt;
3305 661 3428 718 huic
3466 678 3592 718 vero
3629 666 3773 721 aliud

2192 752 2578 817 concreditum,
2601 755 2927 823 apostolatus
2951 770 3161 823 nempe,
3185 770 3273 810 res
3299 755 3592 812 imnuucris
3617 765 3773 827 plena

2195 841 2382 908 bonis,
2429 844 2567 898 dtma
2614 846 2790 899 omnia
2844 861 3102 914 superans
3149 845 3343 916 illaque
3385 848 3769 917 complectens.

2193 934 2392 1001 Ecquid
2415 945 2497 990 est
2519 937 2653 991 ultra
2677 937 2981 1005 dicendum,
3006 938 3106 991 nisi
3129 939 3265 1007 quod
3284 954 3368 1001 ea,
3391 955 3508 1009 qua-
3529 940 3775 996 Christus

2195 1027 2412 1082 veniens
2444 1029 2561 1083 fecit
2581 1071 2597 1093 ,
2641 1029 2946 1100 demigrans
2976 1031 3081 1084 illis
3110 1032 3410 1086 Commisit?
3441 1034 3492 1086 ld
3523 1045 3606 1088 est
3627 1037 3773 1104 quod

2191 1119 2350 1173 etiam
2408 1121 2598 1175 Paulus
2647 1122 2882 1176 clamans
2931 1133 2985 1177 et
3038 1125 3399 1193 apostolorum
3451 1126 3762 1195 dignitatem

2192 1212 2456 1268 extollens
2481 1214 2610 1268 dicit
2633 1232 2645 1268 :
2672 1214 2777 1269 Pro
2803 1215 3003 1270 Christo
3036 1216 3286 1286 legatione
3322 1219 3598 1289 fungimur,
3625 1221 3775 1290 quasi

2193 1303 2304 1359 Deo
2333 1306 2628 1360 exhortante
2655 1325 2743 1377 per
2779 1324 2870 1361 nos
2899 1307 2977 1377 (‘2.
3010 1308 3129 1363 Cor.
3162 1310 3214 1364 5.
3246 1309 3376 1374 20);
3425 1311 3475 1364 id
3515 1321 3619 1378 est,
3651 1313 3772 1367 vice

2190 1397 2410 1453 Christi.
2441 1398 2748 1470 Segregatns
2773 1407 2824 1454 in
2846 1402 3157 1473 evangelium
3180 1403 3291 1457 Dei.
3311 1403 3771 1471 Quemadmodum

2193 1491 2245 1545 in
2275 1492 2435 1546 domo
2461 1491 2525 1546 ad
2556 1492 2768 1548 diversa
2799 1509 2961 1563 opera
2992 1496 3183 1565 singuli
3212 1498 3471 1567 segregati
3499 1509 3623 1553 sum
3650 1517 3664 1550 :
3692 1501 3772 1554 sic

2193 1583 2246 1638 in
2290 1584 2523 1639 Ecclesia
2554 1586 2766 1641 diversa
2793 1596 2916 1641 sont
2956 1587 3233 1643 distributa
3266 1590 3582 1646 ministeria.
3615 1590 3775 1646 Vide-

2192 1687 2281 1733 tur
2308 1692 2467 1747 porro
2493 1678 2618 1731 mihi
2648 1678 2732 1733 bic
2758 1695 2863 1734 non
2892 1680 3060 1749 ipsam
3089 1690 3287 1736 sortem
3316 1683 3601 1752 signiﬁcari
3625 1726 3642 1748 ,
3674 1684 3772 1739 sed

2182 1770 2295 1840 jam
2319 1770 2446 1824 olim
2474 1771 2644 1839 ipsum
2672 1771 2736 1825 ad
2765 1773 2866 1827 hoc
2892 1771 3202 1841 deputatum
3235 1773 3397 1827 fuisse
3425 1776 3586 1829 innni.
3614 1775 3769 1843 Quod

2176 1861 2349 1915 etiam
2392 1861 2650 1917 Jeremias
2686 1865 2766 1917 ait
2807 1863 2874 1918 de
2920 1879 2978 1919 se
3017 1864 3216 1919 dixisse
3259 1865 3768 1935 Deum:Anteqnam

2182 1954 2356 2007 ea‘ires
2378 1952 2442 2006 de
2464 1953 2612 2008 vulva
2631 1995 2645 2015 ,
2678 1954 2993 2023 sanctiﬁeari
3018 1965 3093 2013 te.
3127 1957 3418 2025 prophetam
3455 1956 3505 2009 in
3536 1957 3766 2025 gentibus

2194 2046 2340 2113 posui
2358 2055 2404 2096 te
2424 2043 2559 2113 (Jer.
2585 2047 2636 2098 1.
2665 2044 2743 2112 5).
2763 2044 2893 2113 Quia
2916 2045 3057 2100 enim
3085 2045 3152 2100 ad
3179 2057 3509 2117 arrogantem
3539 2059 3591 2100 et
3623 2048 3763 2102 fastu

2188 2138 2405 2206 plenam
2438 2136 2621 2190 urbem
2653 2136 2954 2202 scribebat,
3003 2136 3085 2191 Itis
3124 2137 3372 2192 omnibus
3410 2139 3640 2192 ostendit
3670 2139 3765 2195 Dei

2181 2245 2309 2285 ‘CSSP.
2336 2229 2724 2284 ordinationem
2749 2248 2762 2284 :
2786 2231 2983 2285 etenim
3030 2230 3142 2299 ipse
3180 2232 3429 2296 vocavit,
3461 2240 3514 2285 et
3542 2231 3655 2302 ipse
3685 2249 3770 2286 se-

2193 2322 2450 2393 gregavit.
2483 2322 2592 2376 lloc
2612 2331 2786 2377 autem
2802 2321 2955 2384 facit,
2976 2332 3026 2375 ul
3052 2320 3156 2375 ﬁde
3174 2321 3388 2391 dignam
3417 2333 3471 2376 et
3493 2332 3768 2393 acceptam

2192 2414 2380 2470 reddat
2420 2414 2722 2483 epistolam.
2749 2413 2821 2468 'In
2834 2413 3161 2485 evangelium
3193 2413 3307 2468 Dei.
3334 2414 3452 2469 Non
3479 2430 3609 2482 ergo
3633 2415 3765 2469 Mat-

2192 2505 2362 2560 tbteus
2386 2515 2587 2560 tantum
2617 2515 2669 2560 ct
2698 2506 2908 2561 Marcus
2928 2515 3060 2561 sunt
3087 2507 3424 2576 evangelista:
3445 2548 3461 2571 ,
3506 2517 3566 2562 ut
3595 2524 3766 2578 nrqllc

2194 2598 2280 2655 hic
2304 2598 2448 2653 solus
2473 2608 2555 2653 est
2579 2599 2872 2668 apostolus,
2901 2598 2995 2654 sed
3024 2599 3182 2654 etiam
3202 2598 3316 2665 illi;
3344 2600 3443 2654 etsi
3477 2616 3570 2670 per
3595 2602 3769 2656 excel-

2192 2690 2409 2748 lcntiam
2432 2691 2519 2747 hic
2538 2691 2833 2762 apostolus,
2854 2692 3284 2762 illitevangclistze
3302 2707 3577 2748 rocequr.
3600 2695 3770 2748 Ενειιι-

2196 2783 2391 2856 gelium
2419 2799 2546 2839 vero
2573 2785 2743 2854 ipsum
2768 2793 2925 2839 vocat
2952 2800 3056 2839 non
3086 2785 3156 2839 ob
3175 2784 3284 2855 jam
3303 2785 3456 2840 illata
3488 2785 3623 2841 bona
3651 2798 3769 2839 tan-

2194 2885 2326 2941 tum,
2353 2876 2446 2931 sed
2478 2875 2637 2931 etiam
2665 2877 2734 2930 ob
2760 2874 2954 2930 futura.
2980 2875 3259 2944 Quomodo
3282 2892 3459 2931 autem
3482 2877 3650 2931 Deum
3675 2893 3772 2946 per

2194 2969 2366 3040 ipsum
2393 2970 2743 3039 evangelisari
2769 2969 3024 3024 ait?-nam
3046 2969 3193 3034 dicit,
3216 2969 3520 3040 Segregatas
3543 2972 3594 3024 in
3619 2987 3772 3024 evan-

2194 3064 2378 3133 getiam
2416 3061 2511 3116 Dei
2535 3063 2733 3117 :Pater
2772 3064 2914 3116 enim
2954 3072 3080 3116 ante
3119 3062 3391 3131 evangelia
3437 3072 3593 3116 notus
3630 3073 3768 3117 erat.

2197 3154 2391 3209 Verum
2416 3156 2514 3210 etsi
2545 3164 2701 3209 notus
2729 3164 2862 3220 erat,
2891 3153 3090 3209 JudaJis
3117 3163 3340 3220 tantum,
3363 3167 3417 3208 et
3443 3170 3511 3209 ne
3540 3156 3620 3209 bis
3647 3156 3769 3225 qui-

2195 3246 2315 3302 dem
2341 3246 2606 3309 omnibus,
2639 3258 2698 3301 ut
2724 3245 3028 3316 par‘l'uisset
3052 3264 3067 3300 :
3092 3261 3265 3317 neque
3287 3246 3626 3316 enimipsum
3648 3263 3770 3302 esse

2197 3339 2405 3393 Patrem
2430 3338 2695 3404 sciebant,
2728 3349 2782 3394 et
2808 3338 2970 3393 multa
2997 3337 3087 3392 illo
3115 3336 3326 3407 indigna
3355 3346 3478 3391 tunc
3510 3339 3771 3404 ituagina-

2197 3432 2409 3487 buntur.
2430 3431 2556 3487 Ideo
2579 3431 2788 3487 dicebat
2797 3431 3075 3487 Christus:
3097 3427 3310 3483 Veniant
3322 3430 3431 3482 veri
3444 3429 3769 3492 adoratares;

2197 3533 2250 3578 et
2272 3564 2287 3588 ,
2332 3522 2491 3577 Pater
2531 3523 2658 3577 tales
2697 3525 2873 3592 qua-rit
2911 3522 2991 3576 sui
3032 3520 3326 3575 adoratores
3345 3518 3534 3591 (Joan.
3568 3521 3618 3576 4.
3649 3519 3766 3591 25).

2198 3617 2419 3671 Deorum
2451 3623 2626 3669 autem
2671 3615 2785 3685 ipse
2812 3630 2933 3670 cum
2965 3613 3100 3669 Filio
3128 3613 3245 3668 orbi
3273 3612 3369 3667 toti
3401 3613 3769 3668 manifestams

2198 3717 2299 3763 est.
2324 3707 2479 3776 Quod
2514 3707 2881 3777 praenuntiatus
2903 3703 3174 3770 Christus,
3205 3704 3418 3761 dicebat
3439 3721 3454 3761 :
3476 3703 3549 3759 Ut
3577 3722 3768 3776 cogno-

2196 3809 2339 3854 scant
2378 3810 2425 3852 te
2456 3798 2619 3852 solum
2661 3813 2830 3851 verum
2874 3795 3056 3863 Deum,
3097 3805 3145 3850 et
3184 3812 3332 3866 quem
3368 3795 3544 3850 misisti
3590 3793 3770 3848 Iesum

2196 3889 2452 3946 Christum
2500 3887 2609 3961 (Id.
2640 3889 2726 3943 l7.
2754 3889 2833 3959 3).
2881 3887 3225 3958 Evangelium
3259 3898 3436 3942 autem
3471 3886 3563 3941 Dei
3591 3896 3766 3948 vocat.

2198 3982 2266 4035 ab
2313 3980 2539 4036 exmdio
2583 3981 2796 4050 erigens
2841 3978 3158 4039 auditorem.
3205 3975 3390 4048 Neque
3431 3978 3574 4033 enim
3625 3979 3772 4033 venit

2200 4072 2348 4126 triste
2377 4071 2643 4141 quidpiam
2672 4070 3035 4132 nuntiaturus,
3078 4077 3137 4124 ut.
3165 4068 3456 4138 prepheta‘,
3481 4069 3725 4124 convicia
3750 4109 3766 4133 ,

2194 4165 2562 4219 aocusationes
2587 4205 2602 4227 ,
2649 4162 3065 4232 increpationes;
3098 4162 3191 4217 sed
3222 4162 3494 4232 evangelia
3526 4170 3580 4217 et
3608 4176 3772 4216 ev:qu

2200 4256 2339 4326 gelia
2374 4255 2501 4319 Dei,
2547 4255 2817 4310 ttrn'torum
2846 4263 2900 4308 et
2926 4253 3330 4308 immutabilium
3361 4253 3618 4306 bonorum
3647 4253 3767 4307 the-

2198 4363 2386 4404 sauros
2404 4348 2658 4402 inﬁnitos.
2683 4347 2738 4402 2.
2761 4346 2913 4412 Quod
2935 4357 3053 4400 ante
3078 4349 3374 4415 promiserat
3395 4361 3484 4415 per
3501 4345 3773 4414 prophetas

2199 4456 2316 4494 suos
2330 4440 2387 4494 in
2407 4438 2687 4511 Scripturis
2715 4443 2920 4493 sanctis.
2948 4438 3190 4493 Dominus
3215 4438 3358 4493 enim
3384 4436 3547 4503 dabit,
3577 4438 3769 4507 inquit,

2197 4533 2399 4586 uerbum
2442 4531 2894 4603 ettangelisantibus
2918 4533 3097 4587 uirtute
3122 4528 3494 4599 ntulta‘(Psal.
3526 4530 3614 4585 67.
3651 4528 3771 4599 12);

2200 4636 2255 4678 et
2284 4640 2512 4688 rursum,
2545 4626 2709 4691 Quam
2726 4627 2937 4696 speciosi
2960 4624 3108 4694 pedes
3134 4622 3580 4696 euangelizandum
3598 4638 3775 4693 pacem

2199 4718 2351 4790 (Isai.
2379 4719 2466 4775 δε.
2501 4718 2590 4791 ηι

2270 4813 2327 4867 2.
2360 4812 2548 4866 Videu‘
2571 4812 2769 4866 diserte
2793 4808 3051 4881 evangelii
3081 4816 3137 4862 et
3161 4823 3356 4863 nomen
3394 4818 3448 4863 et
3474 4806 3690 4862 modum
3723 4807 3774 4860 in

2202 4904 2381 4961 Veteri
2408 4904 2752 4959 Testamento
2778 4901 3043 4971 positum?
3058 4898 3173 4954 Non
3195 4900 3336 4954 enim
3362 4899 3525 4954 verbo
3549 4907 3774 4957 tantum,

2202 4998 2392 5067 inquit,
2422 4994 2550 5050 illud
2579 4994 2951 5065 prmdicamus,
2974 4990 3068 5047 sed
3096 4992 3254 5046 etiam
3279 4990 3562 5059 operibus;
3594 4989 3638 5042 si
3661 4988 3773 5053 qui-

2200 5089 2321 5143 dem
2354 5102 2458 5141 non
2491 5086 2776 5140 lmmauum
2805 5094 2956 5148 erat,
2997 5083 3091 5139 sed
3137 5082 3372 5137 divinum
3396 5120 3415 5146 ,
3444 5094 3699 5134 Willlml
3726 5085 3785 5130 et

2202 5194 2413 5234 omnem
2441 5191 2700 5248 superans
2731 5187 2994 5231 naturam.
3014 5175 3146 5243 Quia
3172 5189 3299 5230 vero
3327 5173 3576 5226 novitatis
3607 5173 3779 5239 ipsum

2202 5271 2558 5336 accusabant,
2604 5268 2839 5324 ostendit
2867 5267 2994 5322 illud
3022 5282 3143 5322 esse
3170 5264 3371 5322 Graecis
3399 5263 3698 5333 antiquius.
3726 5269 3786 5316 et

2203 5379 2232 5417 a
2266 5362 2540 5433 prophetis
2568 5361 2712 5431 prius
2739 5359 3066 5429 descriptum
3100 5357 3284 5412 fuisse.
3315 5354 3468 5423 Quod
3498 5355 3542 5408 si
3576 5367 3681 5406 non
3712 5350 3784 5404 ab

2205 5458 2357 5511 initio
2382 5455 2550 5521 dedit,
2577 5457 2629 5509 in
2653 5468 2809 5508 causa
2828 5461 2952 5506 sunt
2971 5455 3062 5521 qui
3084 5449 3137 5505 id
3160 5449 3442 5504 noluerunt
3462 5445 3775 5505 admittere:

2207 5567 2326 5604 nam
2370 5550 2459 5620 qui
2502 5549 2818 5608 voluerunt,
2858 5544 3097 5599 audiere.
3138 5542 3393 5595 Abraham
3420 5549 3564 5608 pater
3589 5546 3767 5605 vester,

2205 5645 2406 5715 inquit,
2454 5642 2748 5705 exsultavit,
2790 5649 2845 5692 ut
2888 5636 3073 5690 videret
3110 5635 3243 5689 diem
3283 5649 3483 5695 meum;
3515 5645 3561 5684 et
3589 5631 3711 5684 vidit
3738 5638 3786 5680 et

2206 5713 2403 5808 garisus
2433 5746 2501 5789 est
2545 5733 2721 5786 lJoan.
2755 5732 2808 5788 8.
2840 5728 2954 5803 56).
2994 5725 3272 5798 Quomodo
3300 5725 3456 5796 igitur
3479 5723 3550 5777 ait
3580 5740 3594 5776 :
3632 5713 3787 5771 .llnlti
