4122 6150
333 250 440 306 397

333 362 596 435 propheta'
622 371 669 418 et
687 363 819 434 justi
848 363 1110 421 voluerunt
1138 365 1329 425 videre,
1373 378 1486 433 quat
1513 379 1599 417 vos
1627 362 1803 417 ridetis
1821 401 1837 428 ,
1863 368 1911 416 et

331 474 435 511 non
466 456 696 510 uiderunt
730 455 942 526 (Matth.
974 457 1059 512 15.
1095 457 1229 528 ·17)⁶Ι
1259 456 1332 511 ιω
1360 455 1593 515 scilicet,
1627 457 1816 524 inquit,
1849 462 1906 507 ut

330 562 431 602 vos
479 547 673 601 videtis
718 557 773 601 et
818 546 1032 612 auditis,
1080 548 1247 617 ipsam
1291 562 1531 610 carnem,
1581 545 1691 615 ipsa
1734 545 1907 612 signa,

328 639 503 694 oeulis
562 648 830 708 percepta.
890 638 967 692 Tu
1016 656 1144 693 vero
1190 640 1315 692 mihi
1361 639 1670 693 consideres
1717 636 1905 699 velim,

328 739 530 801 quanto
576 738 731 784 antea
775 740 1013 798 tempore
1056 730 1169 784 lucc
1216 732 1463 800 praadicta
1512 731 1749 784 lttel'iltb:
1785 744 1905 783 nam

328 838 451 877 cum
489 823 627 875 Dens
657 835 846 890 magna
876 822 1118 889 qtta'dam
1145 832 1493 890 apparatnrus
1521 831 1623 887 est,
1655 838 1715 878 ea
1739 821 1906 876 inulto

332 926 458 970 ante
500 926 741 982 tempore
780 915 1129 984 pia-muniat,
1175 931 1333 970 aures
1378 930 1680 985 praeparans
1718 914 1782 969 ad
1816 915 1906 970 illa

328 1006 665 1075 excipienda.
717 1004 778 1059 In
818 1004 1099 1074 Scripturis
1138 1010 1342 1061 sanctis.
1375 1006 1487 1060 Non
1533 1015 1733 1060 t:mtnm
1761 1006 1902 1060 enim

326 1098 577 1151 dicebant
615 1097 924 1166 prophelze,
966 1097 1059 1151 sed
1088 1097 1392 1152 scribebant
1419 1099 1578 1152 etiam
1612 1100 1699 1158 illa
1727 1141 1741 1162 ,
1782 1112 1901 1164 ιιιιω

324 1189 678 1259 loquebantur
705 1207 718 1240 :
748 1204 844 1243 nec
869 1189 1170 1242 scribebant
1195 1190 1390 1253 solum,
1416 1191 1509 1243 sed
1538 1206 1630 1259 per
1656 1205 1740 1243 res
1773 1190 1904 1258 ligu-

326 1283 547 1346 rabant;
592 1292 649 1336 ut
694 1296 814 1336 cum
857 1282 1121 1337 Abraham
1157 1284 1581 1347 Isaacahiceret,
1616 1268 1905 1353 etMoyses

324 1383 634 1442 serpentem
689 1372 992 1435 exultaret,
1041 1389 1233 1437 manus
1287 1375 1598 1428 extcmleret
1650 1377 1905 1429 adversus

326 1467 575 1529 Amalec,
616 1475 672 1520 et
716 1481 912 1536 agnum
939 1466 1245 1534 paschalem
1274 1467 1591 1519 immolaret.
1621 1467 1673 1519 5.
1700 1466 1776 1519 De
1797 1467 1904 1534 ﬁlio

320 1573 417 1611 suo
441 1599 455 1621 ,
480 1558 566 1628 qui
606 1570 752 1610 natus
782 1568 853 1610 est
880 1557 941 1611 de
969 1557 1155 1615 semine
1181 1556 1349 1610 Dauid
1377 1557 1647 1616 secundum
1678 1574 1899 1613 carnem.

321 1650 463 1717 Quid
495 1651 622 1705 iacis
642 1693 656 1718 ,
689 1650 886 1705 Paule?
915 1661 1194 1721 postquam
1236 1650 1444 1705 animos
1485 1661 1697 1704 nostros
1727 1652 1777 1705 in
1806 1666 1899 1704 su—

318 1742 489 1797 blime
519 1742 807 1796 subvexisti
828 1783 844 1807 ,
888 1758 950 1796 ac
980 1758 1166 1813 magna
1198 1757 1497 1809 arcanaque
1538 1742 1899 1811 imaginationi

320 1838 599 1902 obtulisti,
640 1845 693 1892 et
737 1837 1067 1906 evangelium
1112 1827 1415 1891 Incmorasti
1440 1878 1457 1895 ,
1495 1852 1581 1889 ac.
1607 1837 1696 1889 Dei
1741 1852 1899 1889 ev:ui-

321 1931 559 2001 gclinm,
606 1931 696 1985 ubi
741 1930 866 1984 item
913 1931 1155 1987 chorum.
1190 1927 1567 1997 prophetarum
1623 1929 1897 1993 induxisti,

319 2037 614 2091 omnesque
669 2022 853 2075 multis
908 2029 1031 2075 ante
1079 2022 1234 2079 annis
1291 2020 1463 2073 futura
1514 2022 1900 2090 pra-nuntiasse

323 2115 606 2170 ostendisti
632 2129 922 2185 :quorsnm
945 2130 1128 2169 rursus
1158 2132 1253 2167 nos
1281 2116 1501 2170 aaldncis
1521 2115 1585 2168 ad
1610 2116 1900 2169 liavidcm?

318 2209 393 2263 de
420 2223 676 2278 quonam,
701 2225 900 2277 qutcso,
932 2209 1146 2262 homine
1172 2208 1427 2278 loqueris,
1459 2208 1541 2261 cui
1569 2218 1771 2277 patrem
1804 2208 1899 2261 das

319 2302 476 2357 Jcsse
504 2301 703 2355 ﬁlium?
742 2303 1005 2372 quomodo
1044 2312 1264 2370 possunt
1303 2302 1415 2355 ha-c
1442 2303 1599 2370 digna
1637 2316 1754 2356 csse
1799 2303 1895 2362 iis,

317 2410 443 2464 qua:
469 2394 608 2448 dicta
640 2393 795 2447 sunt?
820 2393 1117 2448 Admodum
1148 2407 1294 2449 certe
1319 2393 1475 2463 digna
1498 2412 1511 2447 :
1533 2410 1635 2447 non
1662 2395 1803 2447 enim
1831 2394 1897 2447 de

317 2504 471 2542 mero
493 2486 726 2553 homine,
770 2487 959 2553 inquit,
986 2502 1162 2541 sermo
1195 2488 1347 2540 nobis
1373 2496 1472 2540 est.
1504 2487 1730 2556 Ideoque
1768 2487 1896 2540 illud

316 2581 509 2649 adjeci,
540 2580 830 2635 Secundum
856 2597 1058 2633 carnem
1081 2621 1094 2645 ,
1137 2580 1480 2635 subimlicans
1510 2580 1670 2634 etiam
1700 2597 1895 2635 secun-

317 2676 446 2728 dum
489 2675 742 2744 Spiritum
784 2674 1187 2741 generationem
1223 2674 1338 2741 ejus
1368 2689 1508 2729 esse.
1544 2673 1620 2737 Et
1648 2689 1745 2728 cur
1774 2672 1898 2727 hinc

316 2769 536 2838 ini-epit,
582 2776 635 2822 et
661 2782 767 2821 non
797 2766 991 2825 illinea
1019 2765 1457 2821 sublimioribus?
1482 2766 1742 2834 Quoniam
1775 2765 1897 2820 hinc

315 2859 477 2912 etiam
502 2866 557 2912 et
581 2857 860 2912 Matthqu
888 2856 1137 2913 ct.Lucas
1160 2867 1214 2913 et
1229 2858 1458 2917 ,lllaseus.
1489 2859 1618 2911 Nam
1647 2859 1692 2912 is
1715 2858 1803 2926 qui
1830 2858 1894 2910 ad

314 2950 508 3005 malum
530 2950 783 3006 ducturus
807 2960 911 3017 est,
944 2951 1011 3007 ab
1041 2950 1375 3011 inferioribus
1402 2952 1465 3006 ad
1493 2953 1764 3020 superiora
1798 2968 1893 3008 ne-

314 3043 551 3097 cessario
580 3043 759 3097 ducet.
792 3043 913 3098 Hoc.
929 3044 1071 3098 enim
1103 3043 1292 3097 ordine
1329 3058 1416 3097 res
1459 3043 1742 3097 ceustitnta
1774 3043 1889 3097 fuit.

312 3134 499 3189 Primo
524 3132 680 3202 igitur
703 3134 950 3194 viderunt
970 3134 1116 3189 illum
1140 3135 1405 3188 hominem
1432 3133 1481 3187 iu
1509 3144 1668 3195 terra,
1696 3144 1750 3187 et
1772 3133 1896 3192 hinc

314 3226 700 3280 intellexerunt
724 3240 845 3285 esse
876 3225 1061 3280 Deum.
1101 3226 1213 3293 Qua
1263 3227 1419 3295 igitur
1449 3226 1559 3296 ipse
1598 3227 1891 3281 doctrinam

311 3317 577 3384 impertiit
599 3357 614 3383 ,
662 3315 846 3373 eadem
887 3317 1090 3371 ratione
1115 3317 1410 3381 discipulus
1435 3319 1552 3382 ejus
1583 3318 1717 3373 viam
1747 3326 1893 3372 secat

312 3406 448 3461 illuc
471 3405 751 3461 ferentem.
779 3406 957 3461 Primo
983 3407 1143 3477 igitur
1171 3408 1568 3477 generationem
1600 3386 1895 3462 secundani

315 3513 532 3551 carnem
564 3506 858 3564 memorat,
894 3513 999 3551 non
1042 3499 1181 3568 quod
1222 3500 1387 3567 prima
1416 3503 1524 3565 sit,
1557 3500 1649 3564 sed
1677 3501 1796 3569 quia
1824 3499 1893 3553 ab

316 3589 419 3642 hac
442 3588 507 3643 ad
538 3590 679 3643 illam
713 3590 826 3643 vult
865 3589 1161 3645 auditorem
1193 3591 1408 3647 dueere.
1442 3594 1495 3647 4.
1529 3592 1629 3657 Qui
1654 3587 1892 3661 deﬁnitus

313 3675 560 3733 estFilius
572 3680 669 3735 Dei
695 3682 751 3735 in
774 3682 956 3739 virtute
981 3693 1027 3735 et
1055 3682 1257 3751 Spiritu
1277 3685 1696 3752 sanctiﬁcationis
1719 3701 1782 3739 ex
1808 3702 1888 3739 re.-

314 3770 618 3825 surrectione
642 3781 954 3831 mortuorum
973 3772 1005 3825 ,ι
1012 3789 1098 3826 esu
1116 3772 1318 3829 Christi.
1342 3775 1415 3831 Ex
1441 3775 1721 3829 verborum
1742 3791 1891 3835 com.-

316 3864 597 3931 plicatione
626 3866 913 3919 obscurum
942 3874 1026 3920 est
1053 3865 1193 3935 quod
1235 3866 1393 3932 dicit,
1422 3876 1746 3936 quapropter
1775 3867 1887 3928 dis,-

313 3956 615 4025 tiuguamus
640 3966 870 4027 Oportet.
903 3958 1040 4026 Quid
1084 3959 1183 4014 sibi
1214 3959 1327 4013 vult
1350 3975 1478 4029 ergo
1503 3977 1516 4012 :
1542 3960 1674 4016 Eum
1705 3961 1795 4029 qui
1821 3976 1888 4015 ex

313 4045 512 4101 Davide
533 4057 686 4102 natus
710 4058 793 4111 est
814 4049 1184 4117 praedicamus,
1210 4050 1399 4119 inquit,
1426 4049 1520 4105 sed
1546 4049 1648 4105 hoc
1668 4050 1885 4121 quidem

308 4149 552 4208 apertum
580 4151 682 4195 est.
712 4140 816 4196 Sed
845 4141 1291 4208 undenam?Quia
1316 4142 1400 4197 hic
1423 4142 1773 4203 incarnatus!“
1778 4144 1896 4198 ilius

311 4232 408 4287 Dei
435 4243 534 4288 est.
564 4235 605 4288 A
629 4234 904 4305 prapbetis
939 4235 1164 4302 primum
1192 4234 1432 4300 discitur,
1460 4235 1577 4290 ideo
1607 4236 1712 4289 ait:
1737 4234 1885 4300 Quod

303 4334 424 4378 ante
449 4327 743 4396 promiserat
771 4342 860 4397 per
887 4327 1157 4395 prophetas
1176 4342 1292 4380 suos
1309 4330 1363 4381 in
1376 4326 1648 4396 Scripturis
1673 4327 1881 4382 sanctis.

303 4414 424 4469 Non
453 4428 609 4485 parva
631 4428 809 4477 autem
832 4417 1232 4473 demonstrandi
1255 4418 1389 4472 ratio
1407 4417 1519 4471 haec
1533 4427 1634 4473 est.
1660 4417 1879 4483 Deinde,

303 4521 372 4560 ex
404 4508 560 4562 modo
590 4511 750 4563 etiam
794 4509 1189 4580 generationis;
1231 4509 1374 4578 quod
1412 4516 1465 4562 et
1494 4511 1607 4578 ipse
1650 4509 1881 4564 declarat

304 4597 390 4651 his
420 4600 616 4653 verbis:
637 4599 718 4654 Ex
737 4604 919 4663 semine
940 4601 1106 4654 David
1123 4600 1396 4659 secundum
1416 4616 1617 4654 carnem
1638 4618 1658 4656 :
1678 4610 1880 4656 naturae

298 4689 501 4758 quippe
528 4691 696 4760 legem
721 4692 898 4747 solvit.
920 4693 1102 4755 Tertio
1128 4709 1156 4746 a
1186 4693 1455 4747 miraculis
1482 4708 1599 4761 quae
1627 4694 1874 4761 patravit,

299 4799 509 4852 magna:
558 4785 807 4852 potentiae
857 4795 1223 4854 argumentum
1272 4785 1546 4855 prmbens;
1596 4784 1697 4840 hoc
1735 4786 1878 4841 enim

296 4876 401 4930 sibi
452 4876 563 4931 vult
608 4877 759 4940 illud,
812 4877 1377 4945 1n,virtute.Quat:to,
1423 4894 1451 4932 a
1491 4879 1689 4948 Spiritu
1719 4896 1876 4949 quem

296 4967 450 5022 dedit
472 4968 812 5024 credentibus
837 4971 886 5023 in
914 4985 1002 5031 se.
1031 4980 1086 5026 et
1128 4987 1219 5040 per
1245 4986 1399 5040 quem
1427 4986 1614 5031 omnes
1664 4980 1877 5027 sanctos

294 5060 507 5128 ellecil;
543 5063 660 5115 ideo
690 5063 803 5129 ait,
847 5063 1136 5123 Secundum
1174 5064 1404 5132 spiritum
1440 5064 1872 5131 sanctiﬁcationis.

298 5155 394 5209 Dei
425 5155 564 5208 enim
595 5155 760 5208 solius
785 5165 903 5209 erat
934 5153 1064 5212 talia.
1085 5154 1221 5208 dona
1255 5154 1453 5223 largiri.
1485 5155 1700 5222 Quinto,
1733 5171 1761 5209 a
1791 5172 1877 5210 re-

295 5246 629 5308 surrectione
647 5246 876 5300 Domini.
904 5247 998 5300 llic
1019 5246 1161 5300 enim
1185 5247 1383 5315 primus
1404 5256 1458 5300 et
1477 5249 1621 5303 solus
1643 5251 1874 5317 seipsum

296 5353 327 5387 τι
364 5336 587 5397 monuis
615 5338 888 5392 excitavit.
914 5336 1062 5404 Quod
1086 5346 1139 5390 et
1162 5338 1272 5405 ipse
1301 5337 1375 5390 ait
1402 5338 1610 5406 signum
1635 5339 1871 5392 omnium

296 5430 531 5484 maxime
555 5430 803 5484 idoneum
830 5445 949 5485 esse
969 5430 1033 5483 ad
1064 5428 1476 5498 impudentiores
1502 5431 1870 5485 cont‘utandos.

291 5522 428 5578 Nam
453 5524 529 5578 ait
553 5543 567 5577 :
594 5521 787 5577 Solvite
809 5522 1050 5590 templum
1076 5522 1187 5586 hoc,
1215 5531 1260 5574 et
1282 5521 1334 5573 in
1359 5521 1514 5574 tribus
1543 5522 1727 5575 diebus.
1742 5525 1876 5576 exci-

294 5617 411 5670 tabo
452 5616 587 5670 illud
631 5613 809 5687 (Joan.
851 5614 906 5669 2.
950 5615 1156 5684 19);et,
1174 5612 1303 5668 Cum
1342 5613 1678 5668 exultaveritis
1708 5632 1786 5668 me
1815 5616 1877 5668 de

296 5716 428 5764 terra
445 5748 460 5776 ,
508 5719 629 5762 tunc
652 5707 956 5778 cognoscetis
981 5706 1097 5776 quia
1124 5721 1213 5777 ego
1239 5721 1349 5761 sum
1380 5704 1553 5776 (Joan.
1589 5706 1641 5761 8.
1664 5706 1789 5778 28);
1822 5717 1874 5761 et

1457 248 1525 307 IN
1563 252 1775 313 EPIST.
1815 256 1903 311 AD
1937 252 2104 312 non.
2135 240 2366 312 nomn
2409 254 2448 308 ι.

3484 263 3590 320 398

2017 377 2249 429 rursum,
2274 363 2538 421 Generatio
2583 367 2686 421 haec
2717 373 2918 441 signum
2957 374 3152 442 quaerit,
3186 385 3233 429 et
3264 377 3460 447 signum
3490 396 3589 433 non

2015 454 2219 509 dabitur
2269 458 2336 525 ei,
2381 459 2480 513 nisi
2518 462 2720 531 signum
2754 461 2907 517 J0me
2947 466 3154 537 (Matth.
3192 469 3277 523 12.
3308 471 3420 539 59).
3450 473 3589 538 Quid

2013 546 2113 601 sibi
2142 548 2256 601 vult
2282 549 2409 603 illud
2430 593 2446 616 ,
2474 550 2760 606 definitus?
2789 551 3067 621 Ostensus,
3106 559 3422 625 declaratus,
3453 564 3593 618 indi-

2011 649 2182 705 catus,
2225 638 2521 710 confessus,
2563 644 2798 698 omnium
2841 645 3041 715 judicio
3067 658 3121 703 et
3146 652 3382 718 calculo,
3409 669 3438 709 a
3468 670 3591 724 pro-

2014 729 2224 798 phetis,
2276 733 2344 787 ab
2396 734 2762 805 inexspectato
2798 748 2916 792 ortu
2959 743 3250 797 secundum
3279 761 3525 813 carnem,
3557 764 3591 810 ,ει

2012 826 2250 894 potentia
2278 828 2573 896 signorum,
2601 846 2630 883 a
2657 831 3003 903 Spiritu,.per
3027 850 3184 901 ιιιιιιηι
3211 839 3595 893 sanctiﬁcatio-

2011 931 2133 970 nem
2167 917 2349 983 dedit,
2380 935 2411 973 a
2442 924 2835 979 resurrectione
2857 966 2871 987 ,
2900 941 3001 995 qua
3031 929 3222 981 mortis
3253 930 3586 999 tyrannidem

2008 1009 2184 1063 solvit.
2215 1012 2269 1066 ὅ.
2300 1010 2403 1065 Per
2427 1028 2572 1073 quem
2597 1016 2883 1084 accepimus
2908 1018 3123 1086 gratiam
3166 1027 3213 1073 et
3248 1021 3589 1089 apostolatum

2007 1102 2060 1155 in
2106 1102 2438 1157 obedientiam
2485 1107 2623 1174 ﬁdei.
2667 1108 3043 1179 Videgratum
3090 1111 3269 1166 famuli
3310 1113 3588 1179 animum»;

2010 1193 2138 1247 nihil
2169 1199 2633 1261 sumnessevult,
2666 1199 2767 1254 sed
2789 1202 2979 1256 omnia
2998 1203 3223 1258 Domini.
3259 1206 3414 1275 Atqui
3447 1207 3589 1261 hunc

2007 1299 2220 1353 quoque
2262 1285 2518 1356 Spiritum
2562 1289 2735 1354 dedit;
2781 1291 2902 1346 ideo
2939 1291 3181 1351 diccbat:
3218 1293 3386 1349 Multa
3427 1296 3588 1350 habeo

2007 1374 2145 1427 vobis
2173 1375 2357 1438 dicere,
2387 1380 2474 1431 sed
2504 1396 2605 1433 non
2633 1382 2835 1449 potestis
2856 1396 3059 1453 portare
3079 1385 3246 1438 modo.
3270 1385 3397 1440 Cum
3418 1398 3585 1441 autem

2005 1468 2191 1520 venerit
2216 1468 2305 1522 ille
2334 1470 2557 1538 Spiritus
2584 1475 2826 1536 veritatis,
2859 1476 3006 1530 ducet
3035 1494 3120 1532 vos
3144 1479 3196 1532 in
3225 1496 3422 1533 omnem
3450 1483 3555 1535 reri
3565 1510 3583 1522 ο

2007 1567 2156 1611 tatem
2182 1559 2361 1629 (Joan.
2391 1562 2485 1615 16.
2511 1563 2627 1633 12).
2649 1566 2710 1619 Et
2739 1583 2966 1633 rursum,
3005 1569 3279 1640 Segregate
3299 1572 3420 1625 mihi
3436 1572 3578 1626 Pau~

2005 1647 2110 1700 tum
2140 1659 2202 1701 .et
2231 1648 2521 1706 Barnabaut
2544 1653 2680 1722 (Act.
2710 1657 2795 1710 15.
2822 1657 2904 1728 2).
2945 1657 3011 1712 Et
3039 1659 3091 1712 in
3123 1662 3345 1729 epistola
3372 1662 3447 1717 ad.
3482 1664 3603 1721 (30-.

2005 1740 2245 1795 rinthios.
2270 1743 2340 1797 ait
2366 1746 2507 1799 :Ah'i
2535 1764 2624 1816 per
2653 1749 2902 1814 Spiritum
2934 1754 3084 1806 datur
3106 1770 3267 1808 sermo
3296 1758 3578 1826 sapientiae;

2002 1832 2095 1884 alii
2122 1851 2284 1886 somno
2310 1838 2533 1891 scientia:
2563 1841 2637 1907 (1.
2666 1840 2781 1893 (lor.
2810 1841 2896 1897 12.
2931 1843 3011 1913 8).
3044 1845 3125 1908 Et,
3158 1845 3275 1915 Ipse
3302 1849 3473 1901 omnia
3497 1849 3581 1902 di-

2003 1922 2295 1979 viditssicut
2327 1927 2589 1997 vult»(Act.
2622 1929 2853 2000 ‘20.:28).
2892 1934 2954 1987 Et
3000 1935 3216 1991 Milesiis
3254 1940 3580 1996 concionans

2001 2014 2158 2069 dicit:
2201 2016 2264 2070 In
2302 2035 2398 2088 quo
2433 2023 2598 2091 posuit
2642 2038 2747 2077 vos.
2778 2024 3003 2093 Spiritus
3045 2039 3248 2085 sanctus
3283 2043 3508 2100 pastores
3532 2045 3581 2089 et

2000 2107 2280 2177 episcopos.
2312 2109 2499 2164 Vidcn’
2522 2114 2791 2180 quomodo
2818 2132 2880 2170 ea
2907 2133 3024 2187 quae
3041 2120 3268 2187 Spiritus
3288 2134 3430 2187 sunt,
3458 2125 3579 2181 Filii

1999 2212 2120 2253 esse
2149 2199 2319 2266 dicat;
2361 2210 2417 2255 et
2455 2219 2573 2272 qua:
2618 2204 2739 2260 Filii
2777 2218 2921 2273 sunt,
2965 2208 3236 2278 Spiritus?
3267 2213 3496 2270 Gratiam
3530 2227 3580 2272 et

2000 2294 2340 2362 apostolutum
2358 2310 2379 2358 ;
2417 2295 2466 2350 id
2498 2307 2609 2360 est,
2652 2313 2755 2353 non
2788 2316 2885 2357 nos
2915 2300 3016 2356 hoc
3043 2302 3315 2360 effecimus
3346 2316 3405 2361 ut
3426 2323 3577 2363 esse-

2000 2400 2119 2437 mus
2143 2387 2385 2454 apostoli.
2428 2388 2541 2442 Non
2568 2389 2708 2444 enim
2758 2392 2937 2447 labore
2965 2406 3019 2448 et
3044 2410 3203 2463 Opera
3234 2408 3413 2453 nostra
3442 2399 3580 2455 hanc

1998 2477 2307 2545 dignitatem
2339 2481 2510 2533 sortiti
2543 2498 2757 2546 sumus;
2788 2485 2880 2538 sed
2913 2487 3137 2554 gratiam
3166 2491 3492 2560 accepimus,
3525 2502 3581 2548 et

1999 2585 2322 2638 cxsuperno
2344 2570 2485 2625 dono
2507 2573 2607 2628 hoc
2633 2590 2826 2630 munus
2848 2576 3031 2631 datum
3054 2580 3206 2635 nobis
3234 2591 3336 2636 est.
3368 2582 3435 2637 In
3458 2585 3580 2639 obe-

1997 2663 2239 2716 clientium
2270 2665 2409 2733 fidei.

2070 2758 2122 2811 5.
2154 2756 2268 2811 Non
2296 2773 2423 2827 ergo
2451 2760 2677 2827 apostoli
2723 2760 2837 2816 ba-c
2862 2761 3164 2819 efﬁciebant
3184 2806 3197 2828 ,
3228 2766 3322 2820 sed
3364 2782 3574 2835 praeve-

1999 2850 2163 2903 niens.
2196 2850 2312 2904 illos
2353 2852 2542 2921 gratia.
2592 2852 2806 2907 Illorum
2852 2856 3048 2925 quippe
3094 2866 3210 2912 erat
3254 2859 3481 2915 circuire
3522 2873 3578 2917 ct

1998 2942 2316 3009 praedicare;
2348 2943 2670 3012 persuadere
2698 2956 2875 2999 autem
2918 2948 3007 3003 Dei
3049 2962 3194 3014 erat,
3227 2952 3281 3005 in
3311 2952 3414 3005 illis
3441 2969 3573 3023 ope-

1998 3034 2186 3099 rantis,
2215 3045 2267 3088 ut
2291 3045 2347 3090 et
2369 3035 2542 3091 Lucas
2566 3035 2694 3089 dicit
2717 3054 2731 3090 :
2759 3038 2965 3107 Aperuit
2989 3056 3076 3093 cor
3098 3041 3355 3110 ipsorum;
3383 3054 3438 3097 et
3460 3060 3577 3097 rur-

1997 3139 2134 3181 sum.
2153 3123 2341 3187 Quibus
2368 3127 2543 3180 damm
2565 3137 2674 3181 erat
2689 3129 2864 3182 audire
2888 3131 3088 3185 verbum
3108 3131 3225 3187 Dei.-
3249 3133 3315 3190 In
3340 3136 3575 3192 obedien-

1995 3215 2136 3268 tiam.
2155 3215 2268 3270 Non
2282 3215 2506 3279 dixitJn
2522 3219 2958 3287 perquisitiouem
2974 3220 3075 3285 vel,
3095 3221 3532 3295 lnargumentum
3556 3249 3570 3291 ;

1986 3305 2175 3367 sed,ln
2190 3308 2567 3363 obedientiam.
2593 3308 2776 3380 Neque
2794 3313 2935 3366 enim
2963 3314 3107 3368 missi
3135 3332 3351 3383 sumus,
3381 3320 3569 3389 inquit,

1994 3407 2053 3453 ut
2096 3401 2431 3469 syllogismos
2470 3400 2787 3468 all‘eramus,
2838 3403 2930 3458 sed
2975 3414 3033 3459 ut
3082 3406 3222 3476 quod
3269 3412 3573 3478 accepimus

1994 3492 2300 3547 reddamus.
2333 3494 2464 3548 Cum
2505 3495 2648 3549 enim
2689 3497 2940 3552 Dominus
2983 3499 3181 3569 aliquid
3225 3504 3567 3569 pronuntiat,

1997 3599 2104 3638 non
2146 3585 2345 3639 debent
2377 3585 2649 3641 auditores
2676 3588 2888 3643 curiose
2924 3593 3147 3643 scrutari
3171 3592 3251 3645 vel
3281 3591 3533 3663 indagare
3553 3634 3570 3660 ,

1991 3676 2084 3730 sed
2113 3678 2285 3731 solum
2310 3678 2574 3747 accipere.
2596 3677 2726 3732 Nam
2748 3680 2976 3748 apostoli
3008 3680 3129 3737 ideo
3154 3683 3311 3736 missi
3330 3692 3483 3751 sunt,
3512 3694 3573 3740 ut

1991 3787 2110 3837 quae
2136 3772 2420 3825 audierunt
2448 3772 2644 3835 dieant,
2676 3789 2780 3827 non
2814 3784 2870 3828 ut
2897 3776 3096 3845 aliquid
3126 3778 3194 3832 de
3215 3793 3312 3833 suo
3332 3764 3525 3835 addant
3546 3798 3567 3836 τ

1991 3871 2044 3916 et
2080 3877 2177 3915 nos
2217 3863 2388 3916 solum
2422 3873 2477 3917 nt
2504 3863 2804 3921 credamus.
2839 3865 2975 3934 Quid
3004 3868 3325 3925 credamus?
3361 3869 3442 3923 De
3470 3889 3567 3926 no-
3636 3932 3649 3943 ο

1989 3956 2122 4009 mine
2144 3958 2254 4025 ejus
2279 3954 2415 4028 (Act.
2440 3958 2492 4011 5.
2517 3956 2598 4027 6),
2620 3974 2722 4011 non
2747 3968 2804 4012 ut
2819 3959 2885 4013 de
2907 3962 3198 4017 substantia
3222 3964 3335 4033 ejus
3356 3966 3567 4019 curiose

1987 4049 2386 4118 perquiramus,
2437 4050 2529 4103 sed
2575 4050 2625 4103 in
2674 4066 2863 4105 nomen
2909 4053 3025 4121 ejus
3067 4055 3389 4110 credamus:
3440 4056 3564 4109 illud

1987 4141 2128 4194 enim
2160 4141 2304 4209 signa
2333 4141 2558 4197 faciebat
2590 4161 2602 4196 :
2638 4142 2765 4196 Nam
2791 4145 2883 4206 ait,
2915 4144 2978 4197 In
3007 4147 3207 4199 nomine
3232 4146 3354 4200 Jesu
3379 4147 3587 4201 Christi-
3630 4192 3633 4201 .

1984 4247 2134 4301 surge
2162 4241 2206 4284 et
2235 4231 2438 4284 ambula
2478 4231 2659 4300 (Rom.
2692 4234 2778 4287 15.
2817 4233 2938 4301 19).
2973 4235 3115 4288 ELin
3157 4237 3257 4289 hoc
3284 4237 3390 4290 iide
3428 4252 3564 4305 opus

1984 4337 2096 4388 est,
2144 4325 2380 4394 nihilque
2418 4340 2602 4379 eorum
2635 4326 2910 4378 ratiocinio
2935 4341 3133 4395 capere
3161 4343 3460 4396 possumus.
3495 4328 3562 4383 lu

1984 4415 2211 4469 omnibus
2230 4413 2485 4479 Gentibus,
2500 4417 2551 4468 in
2563 4415 2738 4484 quibus
2750 4417 2865 4469 estis
2877 4425 2922 4469 ct
2937 4419 3198 4471 vosvocati
3211 4416 3335 4471 Iesu
3353 4418 3557 4473 Christi.
3615 4483 3618 4486 ,

1983 4505 2117 4571 Quid
2144 4506 2311 4576 ergo?
2341 4509 2419 4559 An
2447 4506 2696 4560 omnibus
2719 4505 2977 4560 Gentibus
3001 4507 3304 4574 prwdicavit
3331 4509 3557 4564 Paulus?
3610 4544 3617 4551 -

1982 4597 2135 4665 Quod
2163 4599 2304 4651 enim
2329 4599 2397 4652 ab
2423 4598 2773 4669 .leroSolymis
2799 4598 2865 4653 ad
2890 4598 3155 4669 Illyricum
3181 4606 3558 4669 peragi-atterit,

1983 4688 2210 4757 indeque
2237 4705 2445 4745 rursum
2483 4689 2550 4747 ad
2578 4700 2817 4746 extrema
2848 4699 3006 4745 terra:
3032 4693 3348 4760 pervaserit,
3378 4694 3555 4761 palam

1981 4788 2145 4834 estex
2166 4781 2235 4838 iis
2264 4796 2383 4852 qua:
2405 4782 2658 4837 Romanis
2681 4783 2911 4851 scripsit.
2946 4782 3054 4836 Etsi
3076 4798 3205 4838 vero
3225 4799 3328 4837 non
3354 4785 3419 4840 ad
3443 4801 3559 4839 om—

1980 4888 2078 4930 nes
2103 4876 2438 4942 pervenerit,
2469 4891 2536 4929 ne
2569 4877 2646 4929 sic
2671 4876 2879 4945 quidem
2910 4874 3099 4930 falsum
3129 4885 3211 4930 est
3237 4877 3377 4945 quod
3405 4877 3554 4930 dicit.

1979 4966 2260 5021 Nonienim
2296 4968 2362 5021 de
2386 4982 2444 5021 se
2475 4976 2673 5021 tantum
2714 4967 2977 5036 loquitur;
3013 4968 3106 5023 sed
3137 4969 3296 5022 etiam
3330 4968 3399 5023 de
3420 4952 3557 5022 duo-

1978 5059 2152 5116 decim
2196 5059 2482 5128 apostolis,
2522 5070 2583 5112 et
2616 5058 2684 5113 de
2721 5059 2784 5112 iis
2813 5059 2901 5127 qui
2931 5074 3049 5113 enm
3082 5060 3182 5114 illis
3210 5059 3427 5112 verlnnn
3457 5075 3555 5113 an-

1979 5153 2372 5206 nuntiaverunt.
2410 5151 2654 5220 Alioquin
2694 5161 2872 5206 autem
2917 5153 3124 5206 etiamsi
3170 5151 3237 5204 de
3286 5152 3452 5206 Paulo
3500 5153 3550 5206 id

1972 5242 2375 5314 intelligendum
2398 5257 2607 5312 arguas,
2627 5258 2728 5296 non
2750 5252 2934 5297 contra
2956 5243 3132 5298 dicere
3163 5245 3353 5312 possis,
3378 5245 3420 5297 si
3446 5243 3549 5297 fer-

1979 5350 2158 5390 vocem
2181 5335 2297 5403 ejus
2316 5334 2624 5388 consideres
2646 5350 2669 5398 ',
2691 5343 2741 5388 et
2768 5334 2909 5404 quod
2938 5351 3004 5389 ne
3031 5345 3151 5403 post
3174 5344 3399 5388 mortem
3428 5339 3545 5399 qui-

1976 5429 2096 5482 dem
2142 5434 2317 5481 cesset
2373 5425 2565 5493 ubique
2611 5433 2868 5479 terrarum
2914 5426 3223 5493 prmdieare.
3270 5424 3546 5494 Perpende

1974 5518 2242 5591 quomodo
2271 5517 2489 5576 extollat
2517 5516 2736 5582 donum,
2770 5517 3117 5587 ostendatquc
3146 5533 3393 5587 magnum
3421 5518 3544 5573 illud

1974 5627 2093 5666 esse
2131 5620 2186 5665 et
2224 5609 2382 5679 priori
2423 5609 2705 5663 sublimius
2757 5625 2768 5659 :
2815 5616 2991 5663 vetera
3031 5608 3290 5677 siquidem
3337 5619 3546 5679 gentem

1976 5718 2131 5758 unam
2158 5704 2498 5773 Spectabant;
2525 5700 2623 5756 hoc
2649 5708 2822 5755 autem
2852 5699 3047 5754 donum
3088 5709 3282 5756 terram
3311 5712 3361 5757 et
3402 5717 3601 5759 lnam...
