4144 6146
619 329 860 403 attraxit.
889 327 1001 389 Hoc
1029 328 1153 392 item
1186 328 1317 393 mihi
1348 331 1656 387 consideres
1705 332 1860 386 velim
1886 374 1902 397 ,
1930 334 2197 401 quomodo

621 421 767 478 Pauli
811 424 987 481 anima
1035 422 1180 481 omni
1224 437 1418 492 expers
1455 423 1526 481 sit
1565 423 1887 481 adulatione.
1929 425 2197 483 Romanos

619 516 763 580 enim
805 516 957 586 quasi
1005 515 1056 569 in
1099 515 1297 571 vertice
1342 512 1505 577 totius
1535 515 1680 574 orbis
1704 517 2025 579 constitutos
2061 518 2166 571 allo

624 623 828 678 quens.
880 608 1010 665 nihil
1062 609 1290 678 amplius
1336 609 1445 675 illis
1477 610 1754 677 concedit,
1800 626 1958 681 quam
1986 612 2196 667 caeteris

618 700 898 768 gentibus;
926 715 1100 769 neque
1124 700 1330 758 etiamsi
1356 701 1563 755 creteris
1588 703 1893 770 imperarint
1920 717 1982 757 ac
2009 716 2195 770 regna-

632 788 759 858 rint,
788 792 838 846 in
862 791 1227 862 spiritualibus
1244 793 1362 861 plus
1381 792 1577 849 habere
1597 794 1758 858 dicit;
1781 793 1876 854 sed
1903 794 2042 847 sicut
2069 809 2198 862 gen-

621 883 760 936 tibus
786 882 1057 943 omnibus,
1090 883 1277 953 inquit,
1310 883 1681 952 prtcdicamus.
1714 884 1784 938 ita
1812 894 1866 940 et
1894 884 2193 957 vobiscum

619 973 837 1043 Scythis
867 982 920 1028 et
957 973 1254 1031 Thracibus
1285 975 1429 1044 ipsos
1456 989 1777 1029 enumerans
1811 993 1826 1025 :
1862 974 2194 1051 quandoqui-

617 1066 744 1125 dem
757 1066 856 1123 nisi
873 1066 972 1122 hoc
985 1066 1281 1137 signiﬁcare
1299 1070 1569 1136 voluisset,
1584 1083 2033 1139 supervacaneum
2052 1077 2198 1123 esset

618 1159 839 1227 dixisse,
865 1158 930 1213 In
951 1160 1128 1230 quibus
1153 1161 1269 1215 estis
1288 1170 1335 1215 et
1354 1177 1461 1218 vos.
1484 1162 1606 1216 ll:ec
1621 1171 1796 1217 autem
1818 1162 1961 1231 facit,
1986 1162 2192 1219 illorum

620 1249 812 1309 fastum
825 1262 879 1306 et
893 1251 1194 1321 superbiam
1213 1254 1536 1322 deprimens,
1555 1255 1802 1324 ipsosque
1820 1255 2027 1309 caeteris
2044 1270 2195 1323 pares

616 1359 736 1399 esse
757 1344 977 1398 docens.
1005 1344 1337 1413 Quapropter
1359 1343 1474 1400 liter.
1500 1346 1770 1415 subiungit
1801 1363 1814 1401 :
1843 1346 1897 1401 6.
1932 1345 1995 1400 In
2018 1348 2194 1417 quibus

616 1435 735 1489 estis
775 1443 822 1488 et
860 1449 947 1497 vos
990 1436 1153 1488 vocati
1178 1436 1303 1497 Iesu
1347 1434 1571 1497 Christi;
1602 1437 1651 1490 id
1679 1447 1763 1492 est
1788 1478 1802 1500 ,
1849 1454 1970 1495 cum
2001 1439 2193 1508 quibus

616 1526 746 1580 estis
770 1536 823 1580 et
861 1541 974 1586 vos.
1021 1526 1084 1585 Et
1116 1543 1220 1584 non
1265 1526 1431 1588 dixit,
1462 1527 1562 1585 Alii
1588 1528 1895 1592 vobiscum;
1926 1529 2018 1582 sed
2040 1569 2054 1591 ,
2088 1527 2195 1583 Vos

618 1633 735 1683 i-nm
780 1619 920 1672 aliis.
962 1618 1019 1677 Si
1061 1620 1203 1675 enim
1247 1619 1299 1672 in
1325 1616 1538 1675 Christo
1578 1619 1706 1685 .lesn
1740 1635 1842 1674 non
1886 1629 1968 1675 est
2007 1634 2194 1675 servus

614 1726 785 1780 neque
816 1710 967 1776 liber,
1002 1711 1170 1765 multo
1200 1711 1367 1780 ulagis
1394 1728 1564 1783 neque
1595 1728 1685 1767 rex
1715 1728 1885 1785 neque
1911 1714 2146 1784 privatus
2173 1729 2188 1777 :_

612 1805 809 1858 etenim
839 1813 894 1857 et
938 1819 1031 1863 vos
1059 1804 1229 1858 vocati
1256 1804 1387 1863 estis
1410 1845 1424 1870 ,
1455 1818 1628 1874 neque
1656 1815 1848 1873 sponte
1883 1814 2058 1859 vestra
2098 1821 2190 1861 ac:

610 1896 869 1952 cessistis.
915 1895 967 1949 7.
1014 1893 1275 1960 Omnibus,
1308 1898 1395 1964 qui
1443 1906 1561 1957 sunt
1610 1894 1811 1962 Bonna,
1859 1898 2052 1958 dilectis
2102 1896 2197 1952 Dei

611 1987 801 2048 vocatis
821 1988 1029 2053 sanctis,
1056 1987 1221 2058 gratia
1246 1986 1384 2049 vobis
1405 1996 1450 2043 et
1471 2003 1572 2056 pax
1596 2004 1627 2039 a
1648 1986 1755 2041 Deo
1789 1988 1941 2041 Patre
1960 1998 2131 2042 nostra
2144 1998 2195 2044 et

618 2079 840 2141 Domino
862 2078 989 2140 Iesu
1018 2081 1240 2133 Christo.
1278 2079 1407 2135 Vide
1450 2095 1608 2150 quam
1650 2080 1957 2151 frequenter
1995 2096 2191 2148 nomen

610 2172 771 2230 vocati
794 2181 1046 2242 usurpet,
1090 2169 1308 2226 Vocatus
1336 2171 1630 2240 apostolus,
1660 2171 1881 2238 dicens;
1911 2171 1977 2225 In
2014 2173 2192 2244 quibus

613 2266 732 2323 estis
760 2275 806 2318 et
840 2280 926 2320 uos
972 2263 1173 2328 vocati:
1218 2263 1463 2321 Omnibus
1491 2263 1578 2334 qui
1606 2271 1723 2319 sunt
1764 2264 1939 2318 Romte
1981 2265 2189 2319 uocatis.

613 2354 750 2412 Illud
779 2364 958 2413 autem
990 2370 1096 2417 non
1125 2356 1394 2424 superllue
1415 2364 1664 2425 repetens
1693 2352 1857 2420 facit,
1886 2356 1978 2409 sed
2008 2366 2063 2410 ut
2088 2357 2191 2411 illis

612 2446 929 2501 beneﬁcium
960 2447 1012 2511 in
1046 2445 1358 2502 memoriam
1391 2457 1628 2511 revocet.
1659 2448 1792 2514 Quia
1835 2450 1977 2503 enim
2008 2451 2194 2503 verisi-

613 2540 739 2596 mile
762 2550 911 2603 erat,
939 2541 1077 2599 inter
1103 2539 1384 2595 credentes
1408 2556 1478 2594 ex
1513 2540 1778 2611 pnefectis
1803 2551 1854 2595 et
1888 2541 2190 2596 consulari-

615 2631 713 2691 bus
735 2631 991 2699 qitosdam
1020 2631 1217 2697 fuisse,
1265 2631 1497 2699 itemque
1548 2646 1808 2702 pauperes
1829 2640 1883 2686 et
1916 2632 2149 2701 privatos
2171 2672 2187 2697 ,

610 2725 926 2794 dignitatum
953 2725 1364 2801 inmqualitatem
1391 2725 1601 2791 tollens,
1623 2725 1868 2781 onmibus
1891 2741 2048 2783 unam
2069 2726 2195 2780 mit-

612 2818 676 2872 tit
700 2818 1181 2888 eompellationem.
1203 2817 1259 2873 Si
1284 2833 1409 2874 vero
1429 2818 1481 2873 in
1500 2820 1658 2879 rebus
1678 2820 1849 2890 magis
1872 2820 2193 2884 necessariis

611 2921 667 2967 et
715 2910 1084 2979 spiritualibus
1129 2911 1431 2973 communia
1477 2913 1656 2966 omnia
1699 2912 1874 2967 servis
1912 2922 1965 2973 et
2010 2913 2193 2968 liberis

614 3011 888 3075 prostant;
919 3013 974 3056 ut
1008 3003 1202 3057 caritas
1232 3002 1356 3068 Dei,
1386 3004 1592 3057 vocatiu
1611 3044 1627 3070 ,
1654 3004 2010 3073 evangelium,
2062 3004 2193 3060 ado~

616 3095 760 3165 ptio,
791 3092 991 3164 gratia,
1022 3107 1142 3162 pax,
1190 3092 1542 3150 sanctiﬁcatio
1561 3134 1576 3158 ,
1618 3103 1920 3164 cmteraque
1946 3097 2123 3156 omnia
2174 3114 2189 3151 :

614 3184 885 3257 quomodo
915 3200 1018 3238 non
1063 3195 1324 3240 extremte
1359 3184 1645 3239 dementia:
1672 3183 1833 3249 inerit
1853 3226 1867 3249 ,
1900 3201 2028 3252 eos,
2057 3203 2193 3255 quos

619 3279 758 3342 licus
782 3274 1060 3345 conjunxit
1082 3285 1134 3331 et
1163 3277 1214 3330 in
1240 3275 1531 3345 majoribus
1557 3292 1711 3347 pares
1737 3276 1884 3343 fecit,
1909 3293 1939 3339 a
1968 3280 2193 3335 terrenis

615 3368 843 3438 negotiis
870 3366 1240 3438 distinguere?
1266 3366 1495 3436 Ideoque
1517 3368 1585 3422 ab
1610 3370 1831 3434 exordio
1859 3371 1944 3424 bic
1966 3372 2044 3425 vir
2068 3372 2193 3427 bea-

617 3471 703 3513 tus
742 3475 955 3529 gravem
983 3458 1125 3514 hunc
1161 3459 1434 3529 depellens
1462 3461 1729 3529 tnui-bum,
1758 3463 1808 3516 in
1846 3473 2068 3526 inuti-em
2100 3466 2190 3520 bo-

616 3566 805 3613 uornm
828 3550 1061 3604 omnium
1087 3550 1435 3615 humilitatem
1461 3552 1602 3621 ipsos
1624 3553 1839 3608 inducit.
1869 3556 1980 3611 line
2008 3572 2194 3612 servos

618 3642 865 3696 meliores
891 3639 1186 3707 efﬁciebat,
1216 3643 1355 3714 quod
1392 3645 1694 3705 ediscerent
1722 3648 1853 3702 nihil
1883 3650 1982 3704 sibi
2011 3651 2192 3707 damni

617 3751 687 3790 ex
718 3736 974 3793 servitute
1001 3735 1134 3801 fore,
1168 3753 1285 3793 cum
1304 3755 1425 3794 vera
1450 3740 1693 3798 libertate
1721 3744 2021 3808 fruerentur
2051 3763 2067 3813 ξ
2094 3751 2193 3803 hoc

619 3829 778 3889 etiam
818 3828 1064 3887 dominos
1094 3830 1401 3891 instituebat
1424 3875 1438 3899 ,
1475 3850 1595 3889 eum
1622 3836 1977 3897 edocerentur
2000 3881 2017 3907 ,
2060 3841 2191 3899 nihil

617 3923 717 3978 sibi
761 3922 1107 3979 emolumenti
1152 3940 1185 3980 a
1234 3925 1479 3982 libertate
1522 3926 1685 3997 ferri,
1739 3930 1837 3984 nisi
1878 3947 1999 4000 qua:
2029 3932 2186 3989 ﬁdem

617 4013 927 4081 spectabant
948 4015 1333 4083 praecederent.
1362 4017 1535 4086 Atque
1564 4028 1620 4072 ut
1648 4019 1820 4075 discas
1848 4021 2065 4078 Paulum
2090 4024 2191 4081 hoc

618 4103 900 4163 iacientem
930 4146 945 4167 ,
991 4122 1095 4161 non
1125 4108 1492 4165 confusionem
1537 4109 1790 4173 inducere
1818 4152 1833 4178 ,
1864 4129 1967 4177 nec
2007 4116 2188 4175 omnia

617 4203 879 4265 miseere,
929 4200 1020 4256 scd
1048 4201 1302 4272 optimam
1342 4202 1734 4259 distinctionem
1778 4209 2031 4275 novisse,
2084 4225 2189 4269 non

614 4293 931 4362 simpliciter
978 4296 1230 4365 scripsit,
1262 4295 1525 4355 Ornnilms
1553 4300 1639 4366 qui
1666 4298 1850 4366 Roma:
1891 4303 2052 4369 estis,
2093 4305 2189 4364 sed

614 4398 733 4438 eum
760 4384 1102 4441 distinctione
1125 4429 1140 4451 ,
1171 4386 1377 4443 Dilectis
1405 4388 1518 4443 Dei.
1553 4390 1675 4446 lliec
1705 4392 1846 4446 enim
1880 4394 2078 4463 optima
2107 4406 2191 4453 est

616 4473 912 4540 distinctio,
939 4477 1277 4546 Ostenditque
1303 4476 1445 4533 unde
1474 4480 1544 4534 sit
1569 4482 1939 4546 sanctiﬁcatio.

682 4564 737 4626 4.
789 4564 1139 4635 Sancti/icatio
1183 4585 1215 4620 ιι
1265 4570 1490 4623 caritate.
1543 4570 1778 4641 Dignitas
1821 4591 1935 4642 qua:
1976 4579 2191 4645 pecunia

614 4659 867 4721 penditur,
887 4676 987 4714 non
1016 4662 1219 4730 proprie
1242 4662 1483 4731 dignitas.
1507 4693 1577 4703 —
1598 4664 1752 4722 Unde
1782 4682 1910 4738 ergo
1936 4680 2019 4724 est
2061 4686 2187 4733 san-

614 4749 903 4804 cliliCntio?
930 4753 969 4802 A
1001 4751 1306 4807 dilectione.
1338 4752 1471 4809 Cum
1498 4754 1721 4813 dixisset
1747 4758 1910 4824 enim,
1953 4759 2184 4829 Dilectis,

615 4848 740 4895 tunc
766 4839 1001 4906 addidit,
1049 4842 1248 4899 Vacatis
1287 4845 1506 4909 sanctis,
1538 4848 1828 4905 ostendens
1851 4851 1991 4908 hunc
2033 4857 2186 4912 nobis

612 4946 734 4986 esse
761 4930 957 4988 fontem
989 4933 1245 4997 bonorum
1273 4937 1511 4992 omnium
1541 4956 1554 4992 :
1580 4951 1795 4996 sanctos
1823 4954 2000 5001 autem
2030 4959 2185 5007 vocat

612 5024 797 5088 ﬁdeles
822 5041 1028 5083 omnes.
1059 5025 1238 5082 Gratia
1260 5029 1395 5084 vobis
1420 5040 1464 5086 et
1489 5049 1610 5102 pax.
1640 5034 1686 5089 0
1710 5036 2080 5096 salutationem
2104 5018 2183 5097 in-

611 5135 830 5174 numera
863 5120 998 5181 bona
1025 5121 1369 5181 alierentemi
1401 5124 1511 5182 Hoc
1535 5126 1780 5187 Christus
1815 5136 2086 5204 apostolos
2127 5137 2181 5192 in

610 5212 798 5265 domos
842 5213 1101 5270 intrantes
1137 5217 1309 5285 primo
1350 5223 1690 5287 pronuntiare
1718 5226 1941 5281 verbum
1970 5218 2131 5298 'jubet
2163 5247 2178 5284 :

612 5303 837 5375 ideoque
877 5305 1072 5363 Paulus
1095 5308 1175 5364 sic
1218 5309 1413 5379 ubique
1438 5313 1648 5370 orditur
1672 5357 1686 5378 ,
1732 5333 1760 5370 a
1791 5319 1955 5390 gratia
1989 5336 2180 5391 nempe

609 5405 663 5453 et
691 5410 840 5466 pace.
868 5395 1049 5468 Neque
1074 5400 1215 5455 enim
1247 5399 1488 5458 Christus
1517 5407 1781 5462 modiorum
1814 5411 2033 5479 perfecit
2062 5413 2179 5467 bel-

613 5484 742 5554 luttt,
775 5489 868 5548 sed
897 5493 1121 5560 varium,
1148 5494 1512 5552 omnimodttm
1551 5507 1600 5554 cl
1634 5498 1974 5571 diuturnum;
2018 5504 2178 5578 idque

1283 216 1341 275 S.
1381 216 1655 273 .lfMHXlS
1692 219 2160 291 CiiﬂXSOSTOMI
2197 222 2513 285 AftClllEP.
2553 231 3081 299 CONSTANTINOP.

3774 247 3897 308 400

2300 353 2407 394 non
2424 357 2487 396 ex
2513 344 2778 403 laboribus
2808 352 3024 418 nostris,
3047 355 3140 408 sed
3167 369 3260 424 per
3282 357 3508 426 gratiam
3538 368 3710 417 suam;
3737 361 3897 429 QUO?

2299 435 2439 487 niam
2472 437 2629 505 igitur
2650 440 3132 513 dileCtiogratiam,
3157 447 3325 516 gratia
3355 463 3536 517 pacem
3565 452 3710 507 dedit
3740 469 3752 504 :
3780 452 3892 514 hac

2297 528 2632 589 salutationis
2658 531 2823 585 ΐιιτιηει
2848 535 3071 605 prolata,
3097 549 3347 606 precatur
3378 557 3595 599 manere
3622 556 3892 615 perpetua

2296 631 2348 673 et
2383 622 2597 679 innnota
2618 667 2633 691 ,
2669 642 2734 685 ne
2765 643 2946 685 rursus
2976 631 3114 687 aliud
3146 634 3408 688 excitetur
3438 635 3632 690 bellum
3652 680 3667 700 ,
3696 649 3750 693 et
3777 640 3889 694 dn-

2301 724 2469 777 torem
2501 729 2646 787 rogat
2669 761 2684 786 ,
2717 737 2777 775 ea
2808 724 2956 776 lirma
2983 736 3284 788 conservet,
3316 726 3398 787 his
3425 730 3601 784 verbis
3635 747 3648 783 :
3696 730 3894 788 Gratia

2298 809 2434 862 vobis
2477 820 2523 865 et
2585 827 2690 876 pua:
2730 830 2762 873 a
2815 812 2920 867 Deo
2963 814 3117 875 Patre
3158 828 3327 871 nostro
3348 860 3362 882 ,
3409 831 3455 873 et
3498 820 3717 876 Domina
3752 822 3895 881 Jesu

2298 900 2516 962 Christo.
2550 903 2687 957 Ecce
2719 905 2819 965 boc
2850 909 2966 961 loco
2999 908 3123 968 illud
3144 951 3157 973 ,
3188 926 3250 974 a,
3278 925 3560 967 commune
3605 924 3687 967 est
3732 915 3890 971 Patri

2295 1000 2352 1055 et
2398 993 2565 1057 Filio;
2609 997 2746 1064 quod
2796 1000 3013 1066 perinde
3057 1011 3140 1054 est
3186 1017 3248 1058 ac
3286 1004 3330 1056 si
3369 1003 3608 1070 diceret,
3638 1006 3716 1068 Ex
3747 1025 3885 1076 quo.

2296 1084 2477 1154 Neque
2505 1087 2646 1141 enim
2678 1089 2840 1152 dixit,
2872 1089 3050 1145 Gratia
3084 1092 3233 1147 vobis
3272 1101 3325 1155 et
3360 1111 3456 1163 pax
3503 1112 3532 1147 a
3583 1098 3690 1152 lteo
3722 1098 3889 1154 Patre

2298 1194 2394 1248 per
2422 1180 2701 1243 Dominum
2730 1197 2969 1246 nostrum
2995 1184 3176 1245 ,iesnm
3205 1186 3513 1253 Christum;
3543 1191 3635 1247 sed
3654 1233 3668 1255 ,
3695 1193 3740 1245 Α
3773 1192 3884 1248 Deo

2298 1268 2457 1325 Putre
2485 1283 2531 1326 et
2562 1272 2781 1327 Domino
2810 1288 2980 1335 nostra
3008 1278 3134 1335 Jestt
3161 1278 3381 1333 Christo.
3413 1281 3570 1352 l’apze
3616 1295 3879 1354 quantum

2296 1366 2466 1442 potuit
2499 1367 2589 1420 hei
2617 1370 2861 1429 dilectio!
2913 1372 3111 1430 Inimici
3143 1383 3197 1428 et
3226 1376 3437 1442 reprobi
3464 1388 3684 1444 repente
3707 1381 3880 1433 sancti

2296 1464 2351 1508 et
2376 1457 2469 1510 lilii
2502 1468 2627 1515 sunt
2660 1460 2675 1490 ³
2706 1460 2900 1517 elfocti.
2934 1463 3066 1516 Cum
3095 1465 3237 1524 enim
3274 1464 3486 1521 Patrem
3517 1477 3704 1535 vocat,
3737 1470 3881 1525 ﬁlios

2296 1545 2528 1617 indicat;
2554 1564 2671 1604 cum
2706 1551 2838 1605 ﬁlios
2860 1553 3007 1617 dicit,
3039 1571 3251 1615 munem
3276 1557 3534 1613 bonormn
3568 1561 3876 1618 thesaurum

2295 1640 2516 1698 revelat.
2569 1641 2985 1699 Perseveremus
3041 1645 3183 1704 bono
3230 1660 3376 1709 tanta
3431 1652 3644 1723 dignam
3708 1657 3877 1712 vitam

2291 1730 2626 1798 exhibentes,
2650 1741 2705 1788 et
2731 1750 2913 1804 pacem
2945 1739 3391 1815 sanctitatemque
3421 1756 3723 1802 servantes.
3750 1747 3876 1804 Ca:-

2295 1830 2424 1877 terze
2466 1825 2662 1905 quippe
2707 1827 2996 1904 dignitates
3041 1840 3400 1901 temperant-te
3445 1847 3597 1903 sunt,
3638 1853 3703 1895 ac
3746 1855 3878 1898 cum

2296 1915 2543 1986 prmsmiti
2576 1920 2682 1972 vita
2708 1923 2956 1987 avolant;
3003 1927 3227 1992 peetmia
3270 1944 3473 1998 quaque
3514 1931 3820 1990 vendantur
3854 1953 3872 1989 :

2294 2010 2435 2069 unde
2467 2024 2569 2064 non
2596 2011 2885 2082 dignitates
2906 2018 3029 2086 quis
3057 2018 3276 2084 dixerit,
3301 2022 3391 2080 sed
3420 2022 3730 2093 dignitatum
3763 2043 3872 2080 no-

2294 2102 2434 2164 mina
2464 2113 2666 2167 tantum
2688 2148 2703 2170 ,
2733 2122 2850 2176 qme
2883 2108 2933 2162 in
2960 2113 3184 2169 vestiunt
3213 2114 3595 2184 magniﬁcentia
3625 2128 3679 2172 et
3706 2121 3870 2176 satel-

2294 2194 2448 2257 litum
2477 2196 2782 2257 adulatione
2822 2205 2928 2255 vim
2975 2203 3192 2267 habent,
3236 2205 3347 2269 [loc
3373 2220 3580 2275 autem,
3612 2222 3797 2281 utpote
3838 2228 3872 2270 δ

2294 2289 2406 2351 Deo
2433 2290 2682 2349 collatqu
2707 2334 2721 2357 ,
2753 2293 2952 2353 donum
2984 2298 3425 2363 sanctiﬁcationis
3450 2313 3503 2359 et
3531 2302 3871 2374 adoptionis,

2292 2394 2466 2439 morte
2490 2401 2594 2438 non
2620 2386 2840 2453 tollitur;
2873 2389 2968 2443 sed
2995 2401 3048 2444 et
3071 2391 3154 2446 hic
3174 2393 3481 2463 splendidos
3509 2397 3692 2458 efﬁcit.
3721 2411 3773 2452 ct
3802 2400 3873 2461 ad

2292 2471 2523 2535 futuram
2554 2476 2715 2531 vitam
2742 2479 3017 2542 nobiscum
3042 2483 3322 2556 demigrat.
3350 2488 3483 2548 Nam
3509 2492 3598 2561 qui
3628 2492 3876 2562 adoptio-

2292 2582 2413 2621 nem
2449 2578 2666 2636 servat,
2715 2581 2771 2627 et
2817 2576 3289 2634 sanctiﬁcationem
3328 2565 3579 2638 accurate
3607 2586 3869 2651 custodit,

2293 2658 2418 2727 illo,
2449 2661 2537 2730 qui
2568 2662 2869 2727 diademate
2899 2667 3178 2724 redimitur
3211 2682 3266 2726 et
3307 2687 3546 2747 put-plna
3590 2677 3829 2738 induitur
3851 2719 3873 2749 ,

2292 2752 2448 2825 longe
2492 2754 2821 2825 splendidior
2867 2758 3181 2833 feliciorqne
3205 2776 3288 2820 est
3312 2809 3327 2830 .
3354 2778 3513 2843 atque
3539 2769 3591 2824 in
3622 2772 3875 2839 praesenti

2292 2849 2396 2905 vita
2418 2850 2798 2920 tranquillitate
2826 2851 3016 2917 fruitur
3041 2872 3249 2927 inagna,
3269 2874 3363 2929 spe
3385 2861 3520 2916 bona
3543 2861 3727 2928 fretus,
3752 2867 3877 2921 nuis

2293 2942 2502 3013 iamque
2547 2944 2746 3000 habens
2790 2949 3044 3007 tumultus
3079 2960 3134 3004 et
3167 2954 3582 3027 perturbationis
3625 2960 3874 3014 occasio-

2294 3051 2437 3106 nem,
2453 3036 2548 3103 sed
2561 3040 2831 3110 voluptate
2849 3052 3099 3118 per-petua
3113 3046 3368 3117 gaudens.
3387 3048 3713 3110 llilaritatem
3725 3055 3873 3109 enim

2293 3139 2349 3188 et
2378 3130 2613 3190 Iustitiam
2642 3147 2744 3186 non
2775 3133 2982 3203 imperii
3010 3138 3338 3208 magnitudo,
3373 3156 3481 3196 non
3507 3144 3585 3197 vis
3615 3147 3876 3218 pecunia-2

2292 3236 2436 3291 rum,
2478 3236 2583 3276 non
2615 3224 2864 3293 potentiae
2896 3225 3096 3291 fastus,
3124 3245 3227 3284 non
3278 3230 3443 3286 robur
3467 3237 3726 3301 corporis.
3760 3249 3874 3293 non

2293 3313 2437 3375 lauta
2455 3329 2656 3376 mensa,
2678 3330 2782 3370 non
2807 3319 3032 3383 vestium
3045 3331 3280 3387 ornatus,
3305 3338 3410 3380 non
3431 3324 3573 3389 aiiud
3599 3326 3876 3397 quidpiam

2296 3405 2583 3467 humanum
2608 3423 2794 3477 parere
2840 3410 3016 3479 solet,
3060 3411 3153 3468 sed
3185 3423 3329 3470 recte
3361 3417 3555 3482 factum
3596 3420 3878 3489 spirituale

2297 3510 2499 3565 tantum
2524 3512 2578 3557 et
2602 3502 2736 3558 bona
2767 3507 3119 3561 conscientia.
3151 3507 3248 3584 Qui
3279 3524 3464 3579 [utram
3496 3513 3637 3576 illam
3666 3524 3874 3583 servat,

2293 3596 2502 3651 etiamsi
2532 3596 2723 3652 laceris
2745 3599 2931 3666 pannis
2952 3597 3221 3667 induatur,
3251 3603 3350 3657 etsi
3378 3619 3501 3659 eum
3531 3607 3667 3661 fame
3694 3606 3872 3662 lucte-

2296 3695 2401 3752 tur,
2434 3687 2605 3742 lmtior
2629 3698 2712 3743 est
2737 3688 2800 3743 iis
2822 3733 2835 3748 .
2863 3690 2952 3760 qui
2982 3691 3033 3745 iu
3061 3693 3284 3748 smmnis
3322 3695 3525 3753 deliciis
3550 3709 3873 3764 versamur;

2295 3791 2353 3835 ut
2384 3781 2497 3839 vice
2519 3797 2690 3849 versa,
2720 3784 2808 3853 qui
2843 3785 3101 3839 malorum
3132 3787 3230 3841 sibi
3254 3790 3499 3843 conscius
3527 3800 3627 3855 est,
3658 3791 3879 3847 etiamsi

2294 3876 2541 3937 munibus
2587 3878 2780 3945 opibus
2821 3879 3189 3944 circumﬂuat,
3257 3885 3492 3937 omnium
3538 3883 3879 3940 miserrimus

2294 3978 2396 4022 est.
2467 3967 2692 4038 Ideoque
2738 3969 2932 4024 Paulus
2972 3971 3022 4024 in
3075 3973 3289 4027 assidua
3339 3975 3475 4028 {ante
3519 3983 3573 4030 et
3627 3974 3879 4033 nuditate

2298 4075 2518 4115 versans
2541 4102 2556 4125 ,
2612 4062 2831 4130 ﬂagellis
2880 4062 3116 4134 quotidie
3144 4080 3315 4120 ctrsus
3338 4105 3354 4127 ,
3394 4067 3508 4135 plus
3528 4082 3683 4136 quam
3714 4083 3875 4138 reges

2295 4152 2558 4221 gaudebat
2611 4161 2666 4208 et
2722 4155 2999 4210 lsrtabatur
3048 4173 3061 4207 :
3129 4158 3313 4218 Achab
3364 4177 3492 4214 vero
3542 4176 3769 4232 regnans
3815 4178 3875 4219 et

2296 4243 2455 4298 lautis
2488 4243 2669 4304 fruens
2694 4245 2919 4312 deliciis,
2946 4247 3065 4317 quia
3096 4261 3369 4317 peccatum
3403 4251 3530 4305 illud
3560 4254 3870 4322 admiserat,

2292 4335 2566 4406 gemebat,
2598 4337 2787 4395 anxius
2817 4349 2965 4402 erat,
3006 4350 3061 4394 et
3086 4342 3259 4394 vultus
3285 4344 3401 4410 ejus
3428 4344 3763 4409 conciderat,
3815 4355 3873 4401 et

2292 4439 2416 4491 ante
2446 4437 2717 4497 peccatum
2745 4439 2799 4489 et
2828 4439 2946 4503 post
2968 4443 3260 4501 peccatum.
3290 4433 3347 4489 Si
3374 4436 3596 4490 velimus
3621 4452 3750 4507 ergo
3777 4454 3872 4493 vo-

2294 4520 2495 4588 luptate
2521 4519 2621 4575 frui
2648 4563 2663 4588 ,
2693 4532 2816 4580 ante
2845 4526 3022 4579 munia
3055 4526 3340 4595 nequitiam
3374 4529 3634 4598 fugiamus
3658 4572 3671 4593 ,
3701 4533 3869 4584 virtu-

2295 4621 2507 4682 temque
2554 4622 2866 4685 sectemur,
2905 4616 3046 4687 quod
3095 4635 3198 4671 non
3251 4620 3517 4688 possimus
3565 4623 3670 4676 alio
3705 4622 3872 4677 modo

2295 4706 2619 4775 voluptatem
2649 4709 2881 4777 assequi,
2907 4709 3113 4763 etiamsi
3145 4711 3193 4762 in
3227 4710 3397 4778 ipsum
3425 4713 3617 4766 solium
3660 4714 3865 4782 regium

2291 4796 2659 4852 ascendanms.
2702 4797 3055 4870 Quamobrem
3108 4801 3305 4862 Paulus
3347 4804 3601 4858 dicebat:
3646 4802 3872 4871 Fructus

2289 4900 2456 4947 autem
2484 4890 2709 4962 Spiritus
2737 4902 2808 4946 est
2846 4895 3052 4960 caritas,
3079 4895 3341 4965 gaudium,
3371 4914 3473 4967 pax
3499 4896 3640 4964 (Gal.
3664 4898 3718 4953 5.
3742 4899 3867 4970 2‘2).

2291 4983 2441 5039 llunc
2464 4999 2593 5055 ergo
2624 4984 2849 5038 fructum
2876 4986 3016 5055 apud
3047 5003 3149 5046 nos
3172 5004 3468 5057 servemus,
3494 4999 3550 5044 ut
3579 4992 3662 5046 hic
3684 4991 3870 5047 laetitia

2289 5078 2527 5139 fruamur
2546 5122 2562 5143 ,
2590 5088 2645 5133 et
2670 5080 2902 5135 futurum
2934 5097 3155 5149 regnum
3185 5078 3569 5154 assequamur,
3597 5086 3763 5152 gratia
3815 5096 3872 5143 et

2289 5169 2615 5242 benignitate
2648 5171 2855 5227 Domini
2887 5175 3053 5228 nostri
3082 5174 3202 5229 Iesu
3229 5175 3450 5242 Christi,
3480 5180 3691 5248 quicum
3719 5178 3873 5238 Patri

2286 5263 2476 5332 gloria.
2502 5280 2603 5318 una
2626 5280 2744 5318 cmn
2774 5276 2958 5320 sancto
2986 5266 3208 5337 Spiritu,
3237 5284 3376 5325 nunc
3405 5278 3458 5327 et
3479 5285 3710 5343 semper,
3736 5280 3795 5327 et
3814 5273 3872 5328 in

2286 5356 2477 5411 saacnla
2507 5358 2846 5413 att-culorum.
2873 5361 3064 5414 Amen.

2348 5519 2362 5549 ¹
2400 5520 2494 5569 Alii
2517 5517 2707 5581 letzuut,
2724 5532 2903 5582 sumus,
2930 5533 3033 5585 μου,
3055 5528 3179 5573 sunt.
