4122 6150
282 272 396 330 899

282 384 460 459 ψυχή.
498 381 787 453 Ῥωμαίοις
817 379 925 449 γὰρ
961 379 1336 450 διαλεγόμενος
1364 384 1474 446 τοῖς
1518 381 1705 450 ὥσπερ
1753 382 1812 432 ἐν
1859 396 1949 433 κο-

292 472 441 544 Ρυφῇ
485 484 595 521 τινι
649 466 747 534 τῆς
801 463 1124 534 οἰκουμένης
1181 465 1399 535 ἀπάσης
1423 466 1765 534 καθημένοις,
1801 464 1950 516 οὐδὲν

293 553 457 609 πλέον
481 549 662 611 αὐτοῖς
682 546 863 600 δίδωσι
887 544 996 598 τῶν
1016 544 1216 600 λοιπῶν
1244 546 1435 610 ἐθνῶν,
1460 546 1602 610 οὐδὲ,
1628 544 1812 615 ἐπειδὴ
1829 545 1950 598 τότε

289 645 556 715 ἐκράτουν
576 638 672 694 καί
701 636 1034 699 ἐϐασίλευον,
1065 638 1159 691 καὶ
1185 638 1241 690 ἐν
1263 639 1376 700 τοῖς
1400 638 1789 706 πνευματικοῖς
1817 633 1950 705 φησί

289 749 349 787 τι
379 729 542 786 πλέον
579 727 776 789 αὐτοὺς
799 724 963 795 ἔχειν·
997 723 1134 787 ἀλλ’,
1162 725 1390 797 Ὠσπερ,
1427 726 1594 793 φησι(
1631 724 1740 786 τοῖς
1773 720 1953 775 ιθνεσι

290 815 432 868 πᾶσι
476 809 838 882 κηρύττομεν,
872 806 1016 861 οὕτω
1064 808 1160 860 καὶ
1210 808 1359 878 ὑμῖν,
1407 808 1544 878 μετά
1596 805 1818 860 Σκυθῶν
1857 805 1953 870 καὶ

293 903 446 982 [454]
475 899 705 973 Θρᾳκῶν
733 899 929 963 αὐτοὺς
962 898 1211 982 ἀριθμῶν
1233 916 1247 929 ·
1277 900 1401 953 ἐπεὶ
1432 903 1481 953 εἰ
1513 900 1585 972 μὴ
1604 900 1771 982 ’τοῦτο
1797 900 1955 953 ἐϐού-

292 977 418 1043 λετο
443 984 715 1057 δηλῶσαι,
759 982 1013 1054 περιττὸν
1039 977 1107 1054 ἦν
1133 982 1193 1035 τὸ
1218 985 1409 1048 εἰπεῖν,
1449 984 1544 1036 Ἐν
1574 978 1663 1049 οἷς
1684 984 1823 1036 ἐστε
1854 982 1953 1037 καί

290 1070 485 1141 ὑμεῖς.
533 1063 721 1121 Ταῦτα
763 1064 821 1119 δέ
863 1066 1007 1118 ποιεῖ
1044 1065 1318 1138 καθαιρῶν
1364 1065 1546 1120 αὐτῶν.
1583 1067 1644 1119 τὸ
1681 1067 1950 1137 φρόνημα,

292 1156 393 1210 καὶ
437 1152 610 1207 κενῶν
648 1151 710 1205 τὸ
740 1151 967 1220 φύσημα
1005 1148 1106 1219 τῆς
1149 1149 1402 1215 διανοίας,
1434 1149 1528 1202 καί⁵
1556 1149 1817 1203 διδάσκων
1856 1148 1953 1201 αύ-

295 1238 422 1300 106;
436 1236 534 1306 τὴν
550 1234 686 1306 πρὸς
700 1235 826 1296 τοὺς
842 1232 1035 1295 ἄλλους
1053 1232 1319 1301 ἰσοτιμίαν
1340 1245 1389 1285 ι.
1418 1231 1508 1285 Διὸ
1527 1233 1800 1302 ἐπήγαγεν
1825 1232 1955 1286 αὐτὸ

294 1328 455 1383 τοῦτο
494 1327 671 1396 λέγων
690 1342 706 1357 ’
750 1325 852 1379 Ἐν
878 1318 970 1389 οἷς
996 1324 1136 1377 ἐστε
1168 1322 1266 1377 καὶ
1298 1323 1465 1393 ὑμεῖς
1503 1322 1714 1389 κλητοί
1755 1321 1955 1389 Ἰησοῦ

295 1411 590 1481 Χριστοῦο
638 1408 906 1473 τουτέστι,
946 1408 1082 1462 Μεθ’
1106 1400 1180 1461 ὧν
1221 1409 1343 1460 ἐστε
1374 1407 1466 1460 καί⁵
1503 1406 1675 1477 ὑμεῖς.
1720 1406 1829 1459 Καὶ
1856 1406 1957 1459 οὐκ

296 1493 483 1562 εἶπεν,
524 1497 606 1549 δτι
640 1493 779 1555 Τοὺς
828 1490 1020 1553 ἀλλους
1054 1489 1171 1561 μεθ’
1207 1488 1389 1560 ὑμῶν,
1425 1488 1539 1540 ἀλλ’
1600 1487 1774 1558 ’Υμᾶς
1819 1487 1957 1556 μετά

295 1581 410 1634 τῶν
465 1578 641 1633 ἀλλων
686 1576 962 1631 ἐκάλεσεν.
1012 1575 1075 1627 Εἰ
1123 1573 1231 1643 7&9
1276 1574 1334 1625 ἐν
1382 1570 1599 1642 Χριστῷ
1657 1568 1827 1642 Ἰησοῦ
1857 1571 1956 1624 οὐκ

299 1669 418 1723 ἔστι
446 1667 628 1730 δοῦλος
657 1665 778 1719 οὐδὲ
813 1664 1113 1735 ἐλεύθερος,
1141 1661 1319 1732 πολλῷ
1345 1661 1541 1732 μᾶλλον
1559 1661 1681 1716 οὐδὲ
1708 1660 1957 1732 βασιλεὺς

301 1756 398 1811 καὶ
425 1753 638 1825 ἰδιώτης
655 1770 670 1785 ’
701 1753 796 1806 καὶ
823 1752 931 1822 7&9
966 1752 1123 1820 ὑμεῖς
1149 1749 1433 1820 ἐκλήθητε,
1466 1750 1560 1803 καὶ
1586 1751 1687 1803 οὐκ
1721 1750 1813 1819 ἀφ’
1835 1751 1964 1802 ἐαυηι

300 1840 412 1892 τῶν
454 1836 812 1908 προσήλθετε.
859 1831 1015 1887 Πᾶσιι
1052 1831 1175 1899 τοῖς
1198 1830 1378 1887 οὖσιν
1408 1833 1478 1885 ἐν
1517 1832 1704 1903 Ῥώμῃ
1735 1833 1965 1900 ἀγαπη-

302 1921 429 1986 τοῖς
474 1919 649 1984 Θεοῦ,
685 1915 931 1987 κλητοῒς
973 1916 1181 1985 ἁγίοις,
1218 1915 1389 1984 χάρις
1431 1917 1575 1985 ὑμῖν
1614 1917 1713 1970 καί
1752 1915 1959 1984 εἰρήνη

304 2004 425 2059 ἀπὸ
449 2001 597 2056 Θεοῦ
621 2002 854 2069 Πατρὸς
878 1996 1048 2068 ἡμῶν
1069 1998 1168 2052 καὶ
1194 2000 1412 2066 Κυρίου
1455 1998 1657 2065 Ἰησοῦ
1679 1996 1956 2066 Χριστοῦ.

305 2087 449 2158 Ὅρα
477 2086 595 2150 πῶς
621 2084 856 2154 συνεχῶς
876 2085 938 2136 τὸ
959 2081 1130 2153 ὄνομα
1151 2080 1244 2135 τοῦ
1269 2080 1474 2151 κλητοῦ
1496 2082 1699 2150 τίθησι,
1728 2082 1962 2148 κλητὸς

305 2170 672 2235 ἀπόστολος,
702 2167 891 2237 λέγων.
942 2166 1044 2220 Ἔν
1083 2160 1175 2232 οἷς
1221 2167 1361 2219 ἐστε
1391 2166 1489 2220 καί
1523 2166 1690 2233 ὑμεῖς
1728 2166 1959 2231 κλητοί⁸

305 2259 470 2318 Πᾶσι
502 2259 625 2327 τοῖς
654 2255 829 2314 οὖσιν
854 2258 925 2313 ἐν
965 2255 1153 2326 Ῥώμῃ
1176 2255 1436 2323 κλητοῖς.
1465 2256 1636 2310 Τοῦτο
1673 2256 1731 2310 δὲ
1771 2257 1836 2311 ού
1875 2273 1966 2309 πεο

309 2341 637 2416 ριττολογῶν
675 2343 834 2405 ποιεῖ,
867 2340 1003 2395 ἀλλὰ
1032 2339 1347 2410 βουλόμενος
1377 2339 1570 2401 αὐτοὺς
1605 2342 1703 2411 τῆς
1740 2340 1964 2410 £02975-

309 2427 437 2490 σίας
489 2424 815 2495 ἀναμνῆσαι.
884 2423 1105 2494 Ἐπειδὴ
1149 2422 1257 2491 7&9
1311 2421 1455 2485 είκὸς
1503 2416 1570 2493 ῆν
1618 2423 1832 2484 ἐντοῖς
1871 2439 1963 2475 πι-

309 2509 560 2562 στεύουσι
587 2510 676 2561 καὶ
708 2506 767 2572 ἐξ
795 2507 1057 2578 ὑπάρχων
1078 2498 1334 2559 εἶναικαὶ
1353 2504 1591 2571 ὑπάτων,
1610 2507 1704 2558 καὶ
1729 2507 1964 2577 πένητας

309 2601 404 2655 καὶ
431 2599 663 2664 ἰδιώτας,
700 2598 977 2654 ἐκϐάλλων
1013 2597 1108 2669 τὴν
1146 2596 1461 2667 ἀνωμαλίαν
1483 2596 1591 2649 τῶν
1617 2597 1961 2666 ἀξιωμάτων,

310 2685 446 2738 πᾶσι
492 2684 621 2753 μίαν
654 2680 1372 2752 ἐπιστέλλειιπροσηγορίαν.
1406 2678 1470 2732 El
1500 2678 1556 2732 δὲ
1586 2681 1643 2732 ἐν
1666 2683 1775 2743 τοῖς
1801 2682 1973 2749 ἀναγς

310 2767 612 2836 καιοτέροις
635 2767 730 2819 καὶ
750 2765 1137 2836 πνευματικοῖς
1158 2764 1313 2817 κοινά
1333 2763 1534 2826 δούλοις
1557 2762 1650 2815 καὶ
1667 2762 1966 2834 ἐλευθέροις

312 2859 525 2917 ἃπαντα
558 2858 865 2930 πρόκειται,
910 2849 1082 2924 οἷονή
1129 2854 1317 2925 ἀγάπη
1358 2856 1392 2926 ή
1424 2854 1573 2926 παρὰ
1613 2854 1706 2907 τοῦ
1748 2852 1904 2913 Θεοῦ,
1931 2854 1966 2922 ὴ

312 2947 521 3017 κλῆσις,
549 2946 611 2998 τὸ
635 2943 985 3013 Εὐαγγέλιον,
1008 2944 1041 3011 ή
1067 2940 1325 3005 υἱοθεσία,
1358 2943 1391 3011 ἡ
1433 2941 1611 3011 χάρις,
1645 2943 1679 3012 ὴ
1708 2944 1916 3012 εἰρήνη,
1939 2941 1967 2994 0

312 3031 601 3101 ἁγιασμὸς,
645 3029 715 3082 τὰ
740 3028 873 3082 ἄλλα
916 3027 1110 3085 πάντα,
1142 3024 1259 3087 πῶς
1286 3024 1516 3096 ἐσχάτης
1547 3025 1728 3088 ἀνοίας
1765 3025 1863 3076 οὐκ
1901 3023 1968 3077 ἂν

313 3113 424 3184 είη,
458 3112 553 3177 οὓς
587 3114 615 3166 0
640 3112 772 3174 Θεὸς
809 3110 1009 3181 συνῆψε
1037 3108 1141 3162 καὶ·
1159 3108 1454 3178 ὁμοτίμους
1484 3107 1735 3177 ἐποίησεν
1759 3109 1815 3159 ἐν
1856 3108 1967 3170 τοῖς

316 3197 553 3267 μείζοσι,
582 3193 799 3257 τούτους
821 3194 1043 3264 διαιρεῖν
1069 3191 1175 3246 ἀπὸ
1194 3191 1302 3244 τῶν
1323 3193 1380 3244 ἐν
1403 3194 1469 3262 τῇ
1498 3194 1567 3261 γῇ
1598 3192 1965 3261 πραγμάτων;

310 3279 418 3333 Διά
454 3296 535 3332 τοι
563 3277 718 3330 τοῦτο
753 3276 860 3330 ἀπὸ
889 3276 993 3329 τῶν
1024 3274 1324 3346 προοιμίων
1368 3274 1544 3327 αὐτῶν
1588 3275 1686 3344 τὴν
1731 3274 1969 3344 χαλεπὴν

309 3360 524 3430 ταύτην
547 3358 787 3412 ἐκϐαλὼν
811 3359 965 3412 νόσον
990 3358 1025 3410 0
1043 3357 1305 3429 μακάριος
1332 3349 1507 3418 0610;,
1535 3356 1614 3417 εἰς
1638 3353 1735 3425 τὴν
1760 3355 1971 3426 μητέρα

310 3443 428 3497 τῶν
454 3441 674 3510 ἀγαθῶν
703 3443 895 3505 αὐτοὺς
932 3440 1237 3511 ἐμϐιϐάζει,
1259 3438 1773 3507 ταπεινοφροσύνην.
1801 3437 1970 3489 Τοῦτο

314 3535 415 3590 καὶ
440 3534 655 3597 οἰκέτας
694 3532 934 3603 βελτίους
972 3530 1275 3601 εἰργάζετο,
1294 3529 1660 3600 μανθάνοντας
1701 3528 1774 3591 ὡς
1819 3528 1977 3581 οὐδὲν

316 3619 384 3671 ἐκ
398 3618 492 3688 τῆς
517 3616 759 3679 δουλείας
788 3614 1320 3687 παραϐλαϐήσονται,
1348 3614 1447 3683 τήν
1466 3612 1632 3675 ὅντως
1666 3610 1971 3678 ἐλευθερίαν

314 3699 562 3770 ἔχοντεςο
587 3698 748 3752 τοῦτο
771 3698 1016 3761 καίττοὺς
1042 3697 1308 3759 δεσπότας
1332 3694 1706 3766 παρεσκεύαζε
1745 3692 1970 3763 μετριά-

316 3784 453 3847 ζειν,
492 3781 911 3853 παιδευομένους
974 3781 1049 3844 ὡς
1075 3780 1224 3833 οὐδὲν
1268 3780 1452 3842 αὐτοῖς
1479 3778 1669 3846 ὄφελος
1692 3776 1793 3845 τῆς
1819 3776 1973 3828 ἐλευ-

318 3874 524 3944 θερίας,
559 3872 625 3926 ἂν
655 3871 818 3942 μὴ.τά
852 3873 948 3942 τῆς
978 3872 1210 3934 πίστεως
1310 3870 1713 3943 προηγούμενα.
1748 3868 1858 3921 Καὶ
1886 3868 1972 3921 ἴνα

322 3956 526 4029 μάθῃς,
556 3957 638 4009 ὅτι
677 3956 737 4008 ού
780 3953 1038 4026 σύγχυσιν
1089 3954 1450 4024 ἐργαςόμενος
1479 3950 1634 4006 τοῦτο
1675 3950 1847 4004 ἐποίει
1880 3949 1973 4004 καὶ

320 4044 500 4097 πάντα
548 4044 763 4113 μιγνὺς,
820 4042 933 4095 ἀλλ’
978 4037 1085 4095 οἶδε
1139 4042 1231 4094 καὶ
1274 4040 1533 4111 διαίρεσιν
1579 4038 1825 4110 ἀρίστην,
1874 4038 1973 4109 ούχ

318 4130 509 4194 ἁπλῶς
550 4130 755 4201 ἔγραψε
790 4131 924 4182 πᾶσι
962 4131 1076 4192 τοῖς
1118 4124 1267 4182 οὖσιν
1299 4129 1358 4180 ἐν
1410 4127 1615 4198 Ῥώμῃ,
1667 4125 1803 4179 ἀλλά
1836 4124 1972 4195 μετά

314 4218 621 4289 διορισμοῦ,
659 4217 787 4282 Τοῖς
807 4216 1131 4286 ἀγαπητοῖς
1154 4217 1258 4269 τοῦ
1286 4215 1450 4269 Θεοῦ.
1485 4213 1631 4283 Αὕτη
1663 4213 1771 4284 7&9
1797 4214 1831 4283 ή
1852 4213 1971 4284 09L-

319 4322 422 4376 στη
450 4306 734 4377 διάκρισις,
768 4306 861 4359 καί
886 4304 1162 4357 δείκνυσιδ
1195 4303 1355 4356 πόθεν
1383 4303 1411 4355 0
1440 4300 1727 4371 ἁγιασμός.

392 4394 456 4446 δ’.
472 4393 636 4446 Πόθεν
652 4389 743 4445 οὖν
758 4393 787 4444 0
808 4390 1074 4461 ἁγιασμὸς
1092 4407 1107 4454 ;
1123 4389 1255 4443 Ἀπὸ
1270 4392 1367 4459 τῆς
1386 4390 1622 4458 ἀγάπης.
1641 4388 1823 4441 Εἰπὼν
1843 4385 1971 4457 γὰρ,

330 4478 693 4548 Ἄταπητοῖς,
739 4479 859 4533 τότε
904 4480 1187 4549 ἐπήγαγε,
1236 4476 1489 4543 Κλητοῖς
1545 4477 1751 4540 ἁγίοις,
1801 4472 1974 4543 δηλῶν

315 4568 404 4620 ὃτι
425 4577 463 4605 εκ
482 4564 725 4619 ἐντεῦθεν
745 4567 874 4637 ἡμῖν
895 4568 927 4635 ή
953 4565 1101 4635 πηγὴ
1120 4562 1229 4615 τῶν
1247 4562 1465 4631 ἀγαθῶν
1494 4563 1766 4617 ἁπάντων
1790 4561 1987 4629 ἁγίους

316 4653 381 4706 δὲ
410 4653 536 4715 τοὺς
571 4653 792 4715 πιστοὺς
820 4651 972 4705 καλεῖ
999 4652 1224 4714 πάντας.
1259 4649 1436 4718 Χάρις
1458 4648 1600 4718 ὑμῖν
1619 4649 1714 4703 καί
1745 4648 1972 4717 είρήνη.

319 4741 390 4791 Ὢ
429 4739 794 4810 προσηγορίας
848 4738 1019 4810 μυρία
1062 4738 1331 4810 φερούσης
1377 4736 1576 4806 ἀγαθάί
1623 4735 1792 4789 Τοῦτο
1828 4735 1920 4789 καὶ
1947 4738 1976 4789 0

318 4826 555 4896 Χριστὸς
581 4828 692 4888 τοῖς
720 4824 1036 4887 ἀποστόλοις
1077 4827 1155 4887 εἰς
1182 4825 1278 4887 τὰς
1303 4824 1477 4887 οίκίας
1501 4820 1726 4876 εἰσιοῦσι
1759 4821 1975 4893 πρῶτον

323 4915 479 4986 ῥῆμα
503 4913 732 4981 φάσκειν
761 4911 1043 4968 ἐπέταττε.
1074 4913 1170 4966 Διά
1195 4911 1353 4965 τοῦτο
1375 4912 1468 4965 καὶ
1491 4913 1520 4963 0
1554 4910 1761 4973 Παῦλος
1789 4907 1972 4962 ἐντεῦν

321 5001 416 5054 θεν
449 4998 720 5069 πανταχοῦ
756 4997 1190 5070 προοιμιάζεται,
1220 4998 1326 5051 ἀπὸ
1361 4999 1460 5066 τῆς
1497 4998 1715 5068 χάριτος
1747 4997 1840 5050 καὶ
1876 4998 1976 5066 τῆς

321 5088 565 5157 εἰρήνης.
593 5085 730 5139 υὺδέ
753 5086 861 5156 γάρ
885 5084 1076 5153 μικρὸν
1108 5084 1398 5136 κατέλυσεν
1420 5087 1448 5137 0
1468 5085 1699 5154 Χριστὸς
1719 5084 1972 5155 πόλεμον,

320 5172 459 5228 ἀλλὰ
506 5173 600 5226 καὶ
638 5171 879 5223 ποικίλον
924 5171 1017 5222 καὶ
1071 5169 1407 5223 παντοδαπὸν
1456 5171 1550 5223 καὶ
1591 5171 1820 5241 χρόνιον,
1882 5172 1976 5224 καὶ

317 5261 506 5314 τοῦτον
532 5261 633 5313 ούκ
660 5261 721 5312 ἐκ
750 5259 857 5310 τῶν
885 5255 1167 5328 ἡμετέρων
1186 5257 1380 5323 πόνων,
1411 5257 1547 5311 ἀλλὰ
1575 5258 1663 5310 διά
1682 5258 1781 5328 τῆς
1810 5257 1974 5311 06106

383 5401 399 5423 '
426 5402 530 5451 Duo
554 5414 668 5449 mss.
692 5399 777 5456 τήν
811 5399 927 5459 πρὸς
944 5397 1172 5453 ἀλλήλους
1188 5396 1339 5459 ἶσοτ.
1401 5397 1425 5435 b
1454 5393 1621 5456 Iidem,
1671 5395 1899 5458 διάκρισις
1940 5398 1970 5453 ἢ

316 5465 399 5515 καὶ
436 5464 663 5512 δείκνυσι.
728 5464 750 5491 ⁸
779 5456 865 5509 Sid
879 5472 996 5507 mss.
1035 5464 1188 5506 recte.
1219 5456 1342 5505 Edili
1369 5459 1598 5515 δηλονότι.

1511 270 1577 326 IN
1620 268 1839 327 EPIST.
1875 269 1965 324 AD
2000 266 2166 322 ΠΟΜ.
2209 264 2444 322 11081ιί..
2485 258 2525 321 Ι.

2049 378 2289 449 χάριτος.
2329 375 2478 449 μὸὄ]
2525 376 2676 430 Ἐπεὶ
2707 369 2799 429 οὗν
2829 378 2862 446 ἡ
2901 375 3001 447 μὲν
3024 377 3211 447 ἀγάπη
3236 377 3333 447 τὴν
3363 373 3542 447 χάριν,
3575 377 3607 444 ἡ
3646 374 3705 428 δὲ

2049 466 2207 535 χάρις
2232 463 2331 534 τὴν
2365 464 2586 534 εἰρήνην
2608 461 2936 532 ἐδωρήσατο,
2967 463 3041 527 ὡς
3065 465 3122 516 ἐν
3147 464 3297 528 τάξει
3336 462 3706 535 προσηγορίας

2048 553 2187 608 αὐτὰ
2218 552 2351 616 θεὶς,
2383 550 2670 621 ἐπεύχεται
2707 550 2886 619 μένειν
2913 550 3132 622 διηνεκῆ
3162 554 3256 605 καί
3286 551 3537 620 ἀκίνητα,
3567 551 3708 606 ὥστε

2052 639 2128 710 μὴ
2153 639 2316 692 πάλιν
2339 639 2524 709 ἕτερον
2552 637 3010 711 ἀναῤῥιπισθῆναι
3037 639 3305 709 πόλεμοντ
3335 641 3430 694 καὶ
3456 656 3711 711 παρακαο

2049 727 2132 780 λεῖ
2157 728 2248 781 τὸν
2289 728 2578 789 δεδωκότα,
2611 728 2782 792 πάγια
2818 726 2990 779 ταῦτα
3018 726 3310 798 διατηρεῖν,
3337 728 3478 781 οὕτω
3502 727 3710 796 λέγων’*

2051 814 2230 882 Χάρις
2256 814 2400 883 ὑμῖν
2434 815 2529 867 καί
2565 812 2772 883 εἰρήνη
2798 812 2915 868 ἀπὸ
2950 811 3099 866 Θεοῦ
3127 814 3356 880 Πατρὸς
3386 813 3572 882 ἡμῶν,
3612 813 3742 869 καὶ.

2052 901 2271 968 Κυρίου
2316 900 2519 967 Ἰησοῦ
2548 898 2822 967 Χριστοῦ.
2884 896 3013 951 ’ἰδοὺ
3041 896 3275 950 ἐνταῦθα
3301 898 3384 962 τὸ,
3418 898 3556 962 ἀπὸ,
3591 915 3737 952 κοιρ-

2052 988 2140 1040 νόν
2173 989 2289 1040 ἐστι
2318 986 2531 1057 Πατρὸς
2565 988 2657 1039 καὶ
2684 984 2839 1049 Υίοῦ,
2869 985 3005 1053 ὅπερ
3037 984 3185 1037 ἐστὶν
3229 984 3342 1038 ἴσον
3371 983 3467 1055 τῷ,
3508 985 3597 1052 Ἐξ
3624 978 3708 1038 οὗ.
3728 1035 3743 1039 .,

2054 1075 2128 1127 Οὐ
2156 1073 2264 1144 γὰρ
2291 1069 2433 1140 εἷπε,
2471 1074 2646 1143 Χάρις
2674 1073 2803 1143 ύμῖν
2833 1072 2927 1125 καὶ
2957 1073 3147 1143 εἰρήνη
3194 1070 3303 1149 ἀπὸ
3334 1070 3468 1124 Θεοῦ
3502 1071 3714 1142 Πατρὸς

2052 1162 2140 1215 διὰ
2184 1160 2276 1214 τοῦ
2314 1162 2518 1232 Κυρίου
2546 1159 2705 1231 ήμῶν
2753 1158 2926 1230 Ἰησοῦ
2955 1157 3213 1229 Χριστοῦ,
3248 1157 3536 1223 ἀλλ’,Ἇπό
3567 1158 3714 1212 Θεοῦ

2053 1249 2284 1317 Πατρός
2321 1250 2419 1302 καί
2465 1249 2685 1315 Κυρίου
2725 1245 2894 1315 ημῶν
2950 1245 3152 1313 Ἰησοῦ
3200 1243 3476 1314 Χριστοῦ.
3519 1244 3713 1310 Βαϐαὶ,

2055 1336 2219 1388 πόσον
2242 1335 2459 1405 ἴσχυσεν
2484 1336 2518 1405 ή
2536 1332 2640 1391 ’τοῦ
2663 1331 2797 1386 Θεοῦ
2822 1332 3009 1401 ἀγάπη
3033 1331 3062 1385 ί,
3083 1333 3132 1385 οί
3160 1330 3344 1401 ἐχθροὶ
3377 1330 3471 1383 καὶ
3507 1332 3716 1401 ήτιμω-

2059 1421 2228 1492 μένοι,
2263 1421 2522 1489 ἆγιοικαὶ
2565 1420 2671 1473 υἱοὶ
2712 1418 3037 1488 γεγόνασιν.ά
3090 1418 3363 1487 ἐξαίφνης.
3414 1418 3581 1471 Ὅταν
3609 1416 3718 1489 γὰρ

2056 1508 2264 1579 πατέρα
2307 1507 2530 1580 καλέσῃ,
2569 1506 2718 1570 υίοὺς
2765 1506 3065 1576 ἐδήλωσεν·
3107 1507 3235 1558 ὅταν
3273 1503 3330 1557 δὲ
3378 1504 3528 1567 υἱοὺς
3566 1505 3715 1577 εἴπῃ,

2058 1594 2274 1649 ἅπαντα
2299 1595 2407 1647 τῶν
2433 1594 2652 1663 ἀγαθῶν
2681 1594 2772 1647 τὸν
2806 1592 3076 1663 θησαυρὸν
3101 1590 3425 1660 ἀνεκάλυψε.
3453 1591 3720 1662 Μένωμεν

2057 1682 2234 1736 τοίνυν
2268 1681 2423 1748 ἀξίαν
2450 1682 2550 1753 τῆς
2588 1681 2799 1752 δωρεᾶς
2839 1680 2937 1751 τῆν
2983 1679 3258 1732 πολιτείαν
3297 1678 3717 1751 ἐνδεικνύμενοι,

2059 1769 2150 1822 καὶ
2177 1768 2276 1839 τὴν
2302 1770 2523 1840 εἰρήνην
2564 1768 2659 1822 καὶ
2695 1767 2792 1839 τήν
2835 1766 3145 1837 ἁγιωσύνην
3192 1765 3609 1837 διατηροῦντες..
3638 1768 3720 1823 Τὰ

2063 1855 2160 1927 μὲν
2190 1854 2298 1926 7&9
2339 1854 2473 1910 ἄλλα
2516 1853 2802 1923 ἀξιώματα
2840 1853 3155 1925 πρόσκαιρά
3200 1852 3262 1905 τέ
3309 1854 3447 1915 ἐστι,
3501 1855 3593 1907 καὶ
3640 1854 3721 1923 τῷ

2059 1943 2287 2014 παρόντι
2317 1941 2745 2010 συγκαταλύεται
2773 1940 2892 2012 βίῳ,
2915 1941 3006 1994 καὶ
3023 1940 3318 2012 χρημάτων
3337 1941 3490 1994 ἐστὶν.
3504 1941 3688 2011 ὠνητά
3702 1959 3715 1972 ·

2059 2025 2183 2079 ὅθεν
2234 2023 2353 2078 οὐδὲ
2409 2024 2738 2094 ἁξιώματαο
2791 2022 2933 2077 αὐτὰ
2979 2019 3117 2076 εἶναι
3170 2023 3237 2076 ἀν
3267 2038 3351 2085 τις
3396 2023 3551 2093 φαίη,
3604 2023 3718 2078 ἀλλ’

2059 2109 2299 2179 ὀνόματα
2338 2104 2666 2176 ἀξιωμάτων
2712 2106 2894 2177 μόνον,
2937 2106 2997 2159 ἐν
3045 2109 3111 2178 τῇ
3158 2104 3268 2159 τῶν
3299 2106 3528 2178 ἰματίων
3566 2125 3721 2177 περι-

2060 2189 2212 2260 ϐολῇ,
2257 2189 2359 2243 καίὸ
2398 2191 2463 2260 τῇ
2528 2187 2638 2242 τῶν
2675 2188 2990 2260 δορυφόρων
3045 2187 3304 2259 κολακείᾳ
3348 2190 3448 2260 τὴν
3494 2189 3734 2262 δύναμιν

2061 2272 2272 2343 ἔχοντα’
2295 2270 2454 2324 τοῦτο
2476 2271 2554 2333 δέ,
2592 2271 2687 2325 ἁτε
2716 2269 2867 2341 παρά
2893 2269 2989 2322 τοῦ
3017 2269 3149 2322 Θεοῦ
3171 2270 3347 2335 δοθὲν,
3377 2272 3437 2325 τὸ
3464 2272 3637 2345 δῶρον
3661 2273 3723 2327 τὸ

2059 2367 2160 2435 τῆς
2197 2364 2506 2434 ἁγιωσύνης
2538 2364 2634 2417 καὶ
2671 2363 2770 2433 τῆς
2803 2361 3097 2426 υἰοθεσίας,
3131 2362 3251 2417 οὐδὲ
3291 2362 3507 2434 θανάτῳ
3537 2364 3722 2419 διακό-

2064 2466 2278 2511 πτεται,
2330 2448 2467 2503 ἀλλά
2514 2449 2605 2501 καὶ
2652 2446 2889 2500 ἐνταῦθα
2932 2448 3079 2498 ποιεῖ
3108 2445 3417 2517 λαμπροὺς,
3465 2446 3726 2519 καὶπρὸς

2060 2532 2160 2602 τὴν
2192 2530 2484 2601 μέλλουσαν
2514 2531 2645 2599 ἡμῖν
2671 2527 3041 2598 συναποδημεῖ
3068 2528 3233 2597 ζωήν.
3265 2528 3327 2581 '0
3350 2528 3459 2599 7&9
3486 2529 3585 2597 τὴν
3615 2532 3726 2583 υίο-

2064 2614 2250 2668 θεσίαν
2291 2613 2582 2683 διατηρῶν,
2630 2620 2725 2665 καὶ
2771 2612 2870 2683 τὴν
2902 2609 3213 2680 ἁγιωσύνην
3256 2611 3396 2680 μετά
3444 2613 3726 2682 ἀκριϐείας

2064 2697 2366 2766 φυλάττων,
2398 2695 2561 2749 αὐτοῦ
2587 2694 2681 2747 τοῦ
2710 2695 2772 2747 τὸ
2807 2694 3044 2763 διάδημα
3083 2693 3469 2763 περικειμένου
3498 2696 3591 2748 καὶ
3628 2696 3728 2768 τὴν

2064 2779 2354 2850 ἁλουργίδα
2393 2777 2629 2849 ἔχοντος,
2655 2776 3038 2847 λαμπρότερός
3069 2778 3129 2829 τέ
3155 2778 3271 2830 ἐστι
3304 2777 3483 2848 πολλῷ
3506 2780 3600 2832 καὶ
3621 2797 3728 2851 μα-

2068 2863 2469 2935 καριστότερος,
2500 2861 2593 2914 καὶ
2621 2859 2764 2913 κατά
2799 2861 2892 2912 τὸν
2920 2858 3163 2930 παρόντα
3193 2858 3306 2928 βίον
3333 2860 3542 2934 γαλήνῃ
3567 2878 3627 2914 τε
3649 2862 3730 2916 ἐν.

2066 2947 2287 3017 τρυφῶν
2315 2944 2507 3015 πολλῇ,
2535 2944 2628 2998 καὶ
2649 2945 2912 3014 χρησταῖς
2939 2944 3369 3014 συντρεφόμενος
3392 2944 3595 3011 ἐλπίσι,
3634 2947 3728 3000 καὶ

2066 3038 2319 3108 οὐδεμίαν
2341 3035 2575 3107 θορύϐου
2602 3036 2697 3089 καὶ
2726 3035 2971 3104 ταραχῆς
3001 3033 3140 3105 έχων
3171 3035 3447 3099 ὑπόθεσιν,
3477 3036 3590 3090 ἀλλ’
3611 3037 3730 3108 ήδο-

2067 3120 2163 3190 νῆς
2200 3118 2482 3189 διηνεκοῦς
2513 3115 2822 3171 ἀπολαύων.
2851 3117 3130 3187 Εὐθυμίαν
3159 3118 3389 3189 γὰροιαί⁵
3421 3119 3599 3189 χαράν
3628 3120 3729 3172 οὐκ

2067 3202 2240 3273 ἀρχῆς
2289 3200 2536 3270 μέγεθοςν
2587 3200 2648 3252 οὗ
2689 3200 2988 3271 Χρημάτων
3030 3198 3260 3269 πλῆθος.
3303 3201 3363 3254 οὐ
3411 3199 3749 3264 δυναστείας,-

2068 3284 2252 3352 ὅγκος,
2289 3283 2390 3337 οὐκ
2436 3283 2587 3352 ἰσχὺς
2633 3279 2903 3352 σώματος,
2942 3282 3003 3334 οὐ
3051 3282 3370 3336 πολυτέλεια
3426 3283 3729 3356 τραπέζης,

2070 3375 2164 3444 οὐχ
2200 3373 2425 3443 ἱματίων
2444 3372 2667 3443 κόσμος,
2690 3372 2790 3427 οὐκ
2818 3371 2948 3427 ἄλλο
2974 3389 3026 3425 τι
3046 3372 3155 3426 τῶν
3175 3373 3527 3445 ἀνθρωπίνων
3556 3378 3753 3430 ποιεῖν
3781 3414 3787 3419 .

2069 3455 2280 3516 εἴωθεν,
2342 3452 2454 3507 ἀλλ’
2512 3452 2545 3522 ἢ
2598 3451 2929 3522 κατόρθωμα
2986 3452 3146 3523 μόνον
3194 3455 3580 3525 πνευματικὸν,
3636 3458 3733 3511 καὶ
3780 3512 3783 3513 ν

2072 3533 2304 3598 συνειδὸς
2341 3532 2559 3601 ἀγαθόν.
2609 3532 2721 3586 Καὶ
2752 3532 2780 3584 0
2812 3531 2969 3584 10610
2990 3531 3404 3603 κεκαθαρμένον
3430 3534 3588 3605 ἔχων,
3627 3534 3732 3588 κᾶν

2073 3616 2237 3688 ῥάκια
2271 3615 2650 3687 περικείμενος
2676 3610 2732 3687 ᾖ,
2763 3615 2855 3668 καί.
2895 3614 3039 3685 λιμῷ
3081 3614 3490 3675 παλαίωνμτῶν
3526 3618 3733 3690 σφόδρα

2069 3704 2397 3777 τρυφώντων
2449 3705 2597 3757 ἐστὶν
2654 3702 3046 3774 εύθυμότεροςο
3083 3703 3271 3774 ῶσπερ
3314 3699 3407 3759 οὗν
3449 3708 3478 3759 0
3520 3706 3732 3777 πονηρά

2073 3787 2324 3851 συνειδὼς
2353 3785 2549 3857 ἐαυτῷ,
2574 3785 2675 3839 κᾶν
2699 3786 2768 3839 τά
2795 3785 3010 3839 πάντων
3034 3786 3427 3859 περιϐάλληται
3454 3790 3557 3860 χρή
3567 3807 3731 3860 ματα,

2071 3871 2288 3924 πάντων
2325 3870 2470 3922 ἐστὶν
2502 3862 2849 3938 ἀθλιώτερος.
2898 3866 2999 3921 Διά
3034 3866 3098 3939 δὴ
3144 3868 3302 3923 τοῦτο
3328 3872 3357 3924 0
3396 3871 3495 3942 μὲν
3524 3870 3735 3936 Παῦλος

2072 3954 2131 4006 ἐν
2173 3951 2320 4022 λι.μῷ
2363 3949 2472 4016 ζῶν
2501 3949 2578 4020 τῷ
2606 3949 2845 4020 διηνεκεῖ
2880 3949 2973 4004 καὶ
3006 3949 3327 4023 γυμνότητι,
3358 3953 3452 4006 καί
3479 3954 3735 4024 μαστιζο-

2076 4060 2233 4114 μενος
2261 4043 2382 4097 καθ’
2412 4042 2649 4114 ἑκάστην
2675 4043 2911 4113 ήμέραν,
2950 4040 3138 4112 ἔχαιρέ
3160 4059 3220 4095 τε
3245 4043 3340 4096 καὶ
3365 4045 3572 4113 ἐτρύφα
3600 4045 3735 4114 μᾶλ-

2071 4128 2162 4181 λον
2180 4127 2289 4179 τῶν
2320 4125 2707 4196 βασιλευόντων
2742 4124 2897 4177 τότεο
2923 4124 2952 4175 0
2985 4124 3040 4176 δέ
3084 4123 3284 4192 Ἀχαὰϐ
3318 4123 3617 4193 βασιλεύων
3640 4127 3758 4179 καὶ·

2071 4210 2280 4280 τρυφῆς
2332 4206 2619 4260 ἀπολαύων
2661 4204 3014 4267 πολυτελοῦς.
3073 4204 3272 4274 ἐπειδὴ,
3306 4205 3406 4274 τὴν
3459 4207 3734 4277 ἁμαρτίαν

2072 4292 2286 4360 ἐκείνην
2320 4290 2637 4360 εἰργάσατο,
2671 4287 2854 4340 ἔστενέ
2899 4302 2956 4340 τε
2987 4287 3078 4338 καὶ
3109 4284 3329 4356 ἠθύμει,
3362 4287 3533 4341 καὶτὸ
3567 4290 3757 4359 πρόσει

2070 4397 2219 4434 ωπον
2246 4378 2410 4433 αὐτοῦ
2437 4378 2837 4450 συμπεπτωκὸς
2855 4373 2946 4448 ἦν,
2970 4377 3065 4431 καὶ
3087 4376 3193 4446 πρὸ
3221 4377 3321 4447 τῆς
3344 4380 3619 4449 ἁμαρτίας
3641 4381 3736 4434 καὶ
3780 4416 3785 4419 -

2076 4463 2215 4533 μετά
2250 4462 2350 4533 τὴν
2399 4462 2692 4533 ἁμαρτίαν.
2746 4461 2810 4514 Εἰ
2861 4459 3037 4514 τοίνυν
3091 4459 3391 4531 βουλόμεθα
3439 4461 3734 4519 ἀπολαύειν
3776 4509 3781 4513 .

2071 4545 2287 4617 ἡδονῆς,
2325 4545 2432 4617 πρὸ
2475 4544 2582 4597 τῶν
2623 4543 2795 4598 ἄλλων
2825 4543 3079 4598 ἁπάντων
3116 4543 3408 4615 φεύγωμεν
3447 4545 3731 4616 πονηρίαν,

2074 4631 2164 4682 καὶ
2191 4628 2473 4700 διώκωμεν
2492 4627 2711 4700 ἀρετὴν,
2754 4626 2828 4691 ὡς
2860 4628 2961 4681 ούκ
2988 4627 3107 4683 ἐνὸν
3134 4625 3308 4690 ἄλλως
3337 4627 3528 4685 τούτου
3565 4644 3734 4699 μετα-

2076 4723 2244 4792 σχεῖν,
2289 4720 2391 4774 κᾶν
2433 4721 2519 4774 ἐπτ
2560 4720 2720 4775 αὑτὸν
2777 4718 3083 4789 ἀναϐῶμεντ
3099 4718 3192 4771 τὸν
3228 4717 3416 4789 θρόνον
3444 4718 3534 4772 τὸν
3581 4718 3735 4790 βασι-

2073 4804 2246 4859 λικόν.
2287 4805 2378 4857 Διὸ
2418 4805 2514 4859 καὶ
2547 4805 2576 4857 0
2617 4801 2769 4875 [456]
2798 4801 3020 4877 ,Παῦλος
3053 4801 3272 4870 ἐλεγεννέ
3313 4800 3376 4853 '0
3401 4801 3470 4855 δὲ
3505 4803 3734 4870 καρπὸς

2075 4885 2180 4939 τοῦ
2220 4886 2562 4954 Πνεύματος
2592 4883 2811 4954 ἀγάπη,
2844 4885 3013 4952 χαρὰ,
3044 4882 3272 4952 εἰρήνη.
3302 4883 3502 4937 Τοῦτον
3522 4880 3616 4938 οὖν
3643 4884 3734 4938 τὸν

2075 4970 2283 5039 καρπὸν
2326 4969 2613 5038 τρέφωμεν
2658 4967 2788 5037 παρ’
2835 4968 3066 5033 ἑαυτοῖς,
3119 4965 3205 5019 ἴνα
3243 4965 3337 5019 καί
3374 4967 3472 5037 τῆς
3503 4967 3774 5024 ἐνταῦθα.‹

2074 5057 2250 5127 χαρᾶς
2290 5053 2702 5125 ἀπολαύσωμεν,
2758 5053 2854 5107 καὶ
2893 5053 2992 5124 τῆς
3047 5052 3348 5123 μελλούσης
3390 5053 3734 5125 ἐπιτύχωειεν

2077 5142 2372 5215 βασιλείας,
2422 5141 2602 5212 χάριτι
2634 5141 2730 5195 καί
2771 5139 3151 5211 φιλανθρωπίᾳ
3199 5141 3294 5193 τοῦ
3337 5140 3541 5211 Κυρίου
3577 5142 3734 5212 ήμῶν

2087 5230 2259 5303 Ἰησοῦ
2286 5229 2545 5302 Χριστοῦ,
2575 5228 2693 5298 μεθ’
2724 5222 2786 5283 06
2809 5227 2886 5297 τῷ
2904 5227 3080 5299 Πατρί
3106 5229 3139 5297 ή
3169 5226 3316 5293 δόξα,
3348 5228 3463 5297 ἅμα
3492 5227 3569 5300 τῷ
3594 5230 3734 5301 ἁγίῳ

2076 5319 2377 5387 Πνεύματι,
2400 5315 2492 5370 νῦν
2522 5316 2617 5368 καὶ
2635 5315 2741 5379 ἀεὶ,
2768 5314 2861 5368 καὶ
2887 5315 2968 5377 είς
2989 5313 3115 5377 τοὺς
3143 5313 3343 5378 αἰῶνας
3367 5313 3473 5367 τῶν
3499 5315 3730 5375 αἰώνων.

2092 5403 2285 5472 Ἀμήν.

2144 5500 2343 5552 “idem
2361 5503 2452 5550 υίοὶ
2470 5501 2744 5563 γεγόναμεν.
2806 5502 2825 5524 ⁸
2841 5500 3013 5551 Morel.
3035 5501 3189 5561 solus,
3215 5501 3348 5549 οὐδὲν
3366 5502 3628 5563 ἀξιώματα.
