4144 6146
2382 173 2398 200 1

1226 250 1283 307 s.
1323 249 1602 306 JOANNIS
1632 247 2118 305 cmvsosmm
2157 201 2471 301 Αιιείιιει).
2522 239 3059 300 ΕΟΝΞΤΑΝῚἸΝΟΡ.

578 395 3767 423 MM

1968 528 2214 581 JMIAIA
2253 526 2329 581 B'.

461 626 700 699 Πρῶτον
718 626 832 699 μὲν
867 622 1198 699 εὐχαριστῴ
1229 622 1307 699 τεῖ)
1341 621 1461 699 Θεῷ
1478 620 1715 699 (nov-6t!)
1749 621 1941 699 Ἰησρυ
1977 621 2110 687 Xpa.

530 697 681 750 στοῦ
709 692 860 764 ὑπὲρ
888 692 1129 749 πάντων
1159 692 1346 764 ὑμῶν,
1379 692 1466 753 ὅτι
1486 693 1523 759 ή
1551 693 1756 757 πίστις
1778 692 1937 759 ὑμῶν
1973 707 2102 744 κατ-

529 762 881 836 αγγέλλεται
910 766 980 818 ἐν
1011 764 1130 827 ὅλῳ
1160 762 1237 828 τῷ
1262 763 1480 830 κόσμῳ.

530 872 600 922 α’.
623 865 835 937 Πρέπον
861 866 927 934 τῇ
963 862 1206 939 μακαρίᾳ
1230 862 1373 937 ψυχῇ
1401 859 1461 913 τὸ
1486 860 1787 930 προοίμιον,
1815 859 1907 911 καὶ
1931 857 2113 911 ἱκανὸν

462 956 707 1016 ἅπαντας
732 951 1018 1006 παιδεῦσαι
1046 951 1139 1004 καὶ
1166 949 1340 1019 ἔργων
1371 949 1467 1001 καὶ
1497 947 1668 1016 λόγων
1702 946 1919 1015 ἀγαθῶν
1944 946 2118 1015 ἁπάρ·

461 1041 655 1121 χεσθαι
684 1038 763 1110 τῷ
807 1036 945 1107 Θεῷ,
992 1038 1084 1090 καὶ
1120 1036 1195 1111 μὴ
1228 1036 1384 1106 μόνον
1417 1035 1553 1106 ὑπὲρ
1583 1034 1690 1086 τῶν
1716 1034 1947 1094 οἰκείων,
1980 1033 2115 1121 ἀλλά

462 1120 556 1182 καὶ
589 1126 729 1196 ὐπέρ
773 1124 882 1178 τῶν
915 1123 1204 1194 ἀλλοτρίων
1232 1124 1570 1193 εὐχαριστεῖν
1604 1120 2057 1191 κατορθωμάτων,
2086 1120 2115 1173 ὃ

462 1219 559 1270 καὶ
600 1214 793 1285 φθόνου
838 1213 931 1266 καὶ
977 1209 1271 1282 βασκανίας
1315 1209 1561 1280 καθαρὰν
1613 1210 1757 1261 ποιεῖ
1786 1208 1883 1277 τὴν
1914 1207 2113 1277 ψυχὴν,

462 1303 558 1363 καὶ
588 1301 678 1354 τὸν
700 1299 831 1352 Θεὸν
860 1298 1153 1360 ἐπισπᾶται
1186 1294 1445 1366 μειζόνως
1475 1295 1610 1364 πρὸς
1639 1294 1737 1363 τὴν
1764 1294 1868 1345 τῶν
1898 1293 2117 1362 εὐχαρι-

465 1389 735 1444 στούντων
780 1386 1009 1447 εὔνοιαν.
1051 1386 1141 1437 Διὸ
1169 1385 1263 1443 καὶ
1295 1382 1527 1452 ἀλλαχοῦ
1558 1399 1746 1451 φησιν’
1775 1380 2116 1450 Εὐλογητὸς

464 1482 498 1531 ὁ
530 1478 674 1542 Θεὸς
696 1474 795 1528 καὶ
820 1473 1020 1541 Πατὴρ
1039 1472 1144 1526 τοῦ
1168 1471 1387 1539 Κυρίου
1414 1467 1584 1538 ἡμῶν
1617 1468 1819 1536 Ἰησοῦ
1840 1468 2114 1533 Χριστοῦ,

463 1564 497 1615 ὀ
527 1559 867 1630 εὐλογήσας
889 1556 1043 1626 ἡμᾶς
1069 1556 1139 1609 ὲν
1165 1554 1330 1622 πάσῃ
1353 1555 1596 1622 εὐλογίᾳ
1619 1552 2007 1623 πνευματικῇ.

542 1647 889 1717 Εὐχαριστεῖν
919 1645 975 1707 δέ
1001 1644 1081 1697 δεῖ
1107 1642 1226 1713 οὐχὶ
1258 1640 1618 1704 πλουτοῦντας
1650 1642 1831 1711 μόνον,
1861 1640 1995 1701 ἀλλά
2024 1643 2118 1697 καὶ

464 1733 813 1804 πενομένους.
859 1732 959 1800 οὐχ
1001 1729 1358 1798 ὑγιαίνοντας,
1388 1728 1525 1782 ἀλλὰ
1553 1730 1649 1782 καὶ
1680 1728 1988 1790 νοσοῦντας,
2019 1728 2119 1782 οὐκ

463 1819 884 1891 εὐημεροῦντας,
912 1818 1045 1871 ἀλλὰ
1086 1817 1179 1869 καὶ
1206 1815 1464 1877 τάναντία
1503 1815 1867 1884 ὑπομένοντας
1886 1834 1899 1846 ·
1924 1816 1985 1868 τὸ
2021 1815 2119 1885 μὲν

462 1910 571 1979 γάρ
601 1908 662 1972 ἐξ
696 1906 883 1977 οὐρίας
910 1905 1019 1957 τῶν
1044 1903 1385 1974 πραγμάτων
1415 1902 1732 1972 φερομένων
1759 1903 2118 1972 εὐχαριστεῖν,

462 1990 775 2061 θαυμαστὸν
806 1988 988 2047 οὐδέν·
1031 1989 1158 2041 ὅταν
1188 1987 1245 2040 δὲ
1278 1987 1412 2039 πολὺ
1440 1986 1500 2038 τὸ
1532 1984 1821 2037 κλυδώνιον
1849 1981 1905 2057 ᾗ,
1939 1985 2034 2038 καὶ
2059 1987 2121 2039 τὸ

465 2076 672 2145 σκάφος
701 2076 1098 2146 περιτρέπηται
1123 2076 1216 2127 καὶ
1242 2072 1544 2144 κινδυνεύῃ,
1573 2073 1691 2126 τότε
1722 2074 1867 2125 ἐστὶν
1891 2075 1924 2143 ἡ
1954 2073 2122 2143 πολλὴ

463 2164 566 2233 τῆς
597 2165 876 2233 ὑπομονῆς
925 2163 1019 2215 καὶ
1042 2162 1144 2230 τῆς
1177 2160 1594 2231 εὐγνωμοσύνης
1626 2160 1899 2224 ἐπίδειξις.
1938 2162 2036 2215 Διά
2058 2162 2121 2233 δὴ

465 2250 626 2304 τοῦτο
647 2254 740 2304 καὶ
764 2252 792 2313 6
828 2250 947 2302 ’1ὼὸ
968 2248 1215 2301 ἐντεῦθεν
1237 2246 1611 2317 ἐστεφανοῦτο,
1638 2249 1729 2302 καὶ
1751 2249 1813 2301 τὸ
1834 2250 2121 2319 ἀναίσχυν-

466 2356 558 2390 τον
593 2337 686 2390 τοῦ
718 2336 961 2391 διαϐόλου
993 2335 1165 2405 στόμα
1208 2335 1518 2406 ἐνέφραττέ,
1548 2335 1641 2388 καὶ
1670 2336 1876 2388 ἐδείκνυ
1917 2337 2120 2405 σαφῶς,

467 2426 551 2477 ὅτι
593 2425 714 2485 οὐδέ
744 2422 905 2494 ἡνίκα
949 2422 1234 2493 εὐημερῶν
1273 2419 1363 2493 ἦν,
1388 2423 1473 2485 διὰ
1503 2422 1570 2476 τά
1607 2424 1864 2496 χρήματα
1908 2425 2126 2495 εὐχάρι-

472 2528 596 2575 στος
631 2505 720 2581 ἦν,
761 2510 898 2573 ἀλλὰ
933 2509 1021 2563 διὰ
1062 2510 1160 2579 τὴν
1202 2509 1400 2580 πολλὴν
1436 2511 1565 2580 περὶ
1593 2511 1682 2563 τὸν
1720 2511 1852 2563 Θεὸν
1884 2513 2121 2580 ἀγάπην.

472 2600 614 2668 Ὅρα
650 2598 707 2650 δέ
747 2598 839 2650 καὶ
865 2598 956 2649 ἐπὶ
985 2597 1123 2648 τίσιν
1165 2597 1506 2667 εὐχαριστεῖ·
1539 2599 1634 2653 οὐκ
1663 2598 1753 2651 ἐπὶ
1780 2602 1891 2661 τοῖς
1921 2600 2125 2669 γηΐνοις

471 2688 565 2738 καὶ
592 2684 999 2754 ἀπολλυμένοις,
1025 2677 1135 2736 οἷον
1159 2684 1249 2735 ἐπὶ
1270 2687 1409 2754 ἀρχῇ
1436 2685 1527 2737 καὶ
1547 2684 1832 2756 δυναστεία
1874 2687 1968 2740 καὶ
2000 2686 2125 2756 δόξῃ

478 2773 673 2839 (ταῦτα
699 2773 807 2842 γὰρ
833 2772 1043 2834 οὐδενὸς
1070 2771 1193 2837 ἄξια
1219 2770 1423 2840 λόγου),
1447 2772 1559 2823 ἀλλ’
1576 2774 1783 2835 ἐπὶτοῖς
1806 2773 1973 2835 ὅντως
1988 2775 2125 2842 ἀγα·

471 2861 604 2923 θοῖς,
652 2862 719 2929 τῇ
772 2858 948 2911 πίστει
995 2860 1090 2912 καὶ
1135 2862 1201 2929 τῇ
1254 2861 1565 2931 παρρησίαο
1602 2861 1695 2912 καὶ
1730 2860 1846 2929 μεθ’
1877 2862 2007 2931 ὅσης
2036 2862 2127 2913 εὐ-

471 2949 720 3018 χαριστεῖ
753 2946 1077 3009 διαθέσεως·
1114 2948 1173 2998 οὐ
1219 2947 1327 3017 γὰρ
1373 2944 1513 3010 εἶπε,
1545 2948 1636 3017 Τῷ
1668 2947 1805 3018 Θεῷ,
1841 2949 1996 3014 ἀλλά,
2047 2948 2128 3014 Τῷ

473 3034 597 3099 8εῴ
614 3051 733 3103 μαυ
754 3050 767 3067 ε
792 3033 821 3085 ὃ
849 3035 942 3085 καὶ
968 3034 1016 3084 οἱ
1056 3034 1330 3103 προφῆται
1371 3034 1618 3086 ποιοῦσι·
1657 3035 1717 3087 τὸ
1748 3037 1964 3088 κοινὸνι
2000 3036 2125 3090 ἰδιο-

473 3120 806 3188 ποιούμενοι.
859 3119 967 3179 Καὶ
1009 3118 1061 3169 τί
1105 3117 1436 3187 θαυμαστὸν,
1470 3120 1518 3170 εί
1554 3121 1602 3170 οί
1629 3120 1934 3189 προφῆται;
1960 3122 2129 3186 Αὐτὸς

473 3206 585 3277 γὰρ
627 3206 758 3259 αὐτὸ
784 3203 1022 3274 συνεχῶς
1052 3206 1079 3256 6
1105 3204 1236 3266 Θεὸς
1266 3204 1512 3272 φαίνεται
1543 3205 1712 3257 ποιῶν
1744 3208 1836 3259 ἐπὶ
1876 3207 1983 3261 τῶν
2012 3209 2131 3261 δού-

475 3296 603 3357 λων,
627 3293 759 3347 Θεὸν
806 3293 1073 3363 Ἀϐραὰμ,
1113 3292 1203 3343 καὶ
1240 3290 1443 3352 Ἰσαάκ,
1475 3292 1571 3344 καὶ
1607 3292 1799 3346 Ἰακὼὸ
1830 3293 2134 3359 ἰδιαζόντως

476 3382 652 3450 λέγων
684 3380 893 3432 ἑαυτόν.
929 3380 1058 3431 Ὅτι
1095 3380 1133 3444 ἡ
1162 3379 1363 3443 πίστις
1390 3377 1556 3447 ὑμῶν
1581 3379 2041 3449 καταγγέλλεται
2066 3382 2135 3434 ἐν

478 3470 601 3533 ὅλῳ
620 3465 698 3531 τῷ
726 3468 949 3535 κόσμῳ.
984 3466 1049 3518 Τί
1095 3461 1217 3530 οὐν;
1248 3467 1397 3518 πᾶσα
1426 3469 1458 3532 ἠ
1491 3465 1562 3536 γῆ
1589 3467 1688 3536 τὴν
1720 3467 1897 3521 πίστιν
1936 3469 2133 3540 ἢκουσε

479 3556 589 3608 τῶν
630 3554 950 3623 Ῥωμαίωνς
997 3554 1153 3606 Πᾶσα
1187 3552 1246 3615 ἐξ
1291 3553 1530 3605 ἐκείνου·
1577 3555 1666 3607 καὶ
1694 3556 1843 3608 οὐδὲν
1879 3556 2130 3622 ἀπεικός·

480 3642 541 3694 οὐ
576 3640 685 3710 γὰρ
718 3642 927 3709 ἄσημος
952 3642 984 3709 ἡ
1029 3638 1179 3701 πόλις
1205 3635 1291 3709 ἦν.
1327 3639 1442 3695 ἀλλ’
1470 3639 1655 3711 ῶσπερ
1682 3643 1774 3695 ἐπί
1806 3660 1950 3707 τινος
1976 3662 2135 3716 κορυ-

483 3734 590 3803 φῆς
612 3731 861 3801 κειμένη,
892 3730 977 3782 διά
1004 3730 1177 3782 πάντα
1209 3731 1507 3802 κατάδηλος
1529 3728 1617 3806 ἦν.
1648 3734 1718 3792 Σὺ
1743 3733 1799 3787 δέ
1830 3751 1917 3804 μοι
1946 3736 2135 3789 σκόπει

484 3822 578 3875 τοῦ
622 3818 974 3889 κηρύγματος
1001 3819 1097 3888 τὴν
1122 3817 1369 3888 δύναμιν,
1394 3819 1510 3882 πῶς
1542 3821 1598 3872 ἐν
1629 3822 1802 3891 χρόνῳ
1843 3822 2032 3892 βραχεῖ
2049 3824 2136 3876 διά

483 3909 731 3963 τελωνῶν
768 3907 859 3959 καὶ
899 3906 1090 3959 ἁλιέων
1131 3908 1296 3976 αὐτῆς
1323 3906 1421 3976 τῆς
1459 3908 1567 3960 τῶν
1612 3908 1816 3963 πόλεων
1844 3909 2136 3971 ἐπελάϐετο

484 3997 729 4068 κορυφῆς
749 3995 797 4060 δ,
856 3997 947 4047 καὶ
988 3994 1175 4062 ἄνδρες
1211 3992 1369 4063 Σύροι
1428 3994 1711 4063 Ῥωμαίων
1755 3997 2000 4063 ἐγένοντο
2058 3998 2137 4050 δι-

481 4083 738 4149 δάσκαλοι
788 4083 881 4135 καὶ
926 4080 1254 4151 καθηγηταί.
1289 4082 1390 4133 Δύο
1432 4082 1607 4135 τοίνυν
1648 4083 1827 4146 αὐτοῖς
1874 4089 2138 4157 μαρτυρεῖ

485 4173 913 4255 κατορθώματαο
968 4171 1063 4224 καὶ
1092 4172 1173 4223 ὅτι
1215 4171 1516 4236 ἐπίστευον,
1568 4174 1659 4225 καὶ
1702 4173 1783 4225 ὅτι
1818 4174 1955 4244 μετά
1994 4179 2136 4246 παρ,-

485 4261 681 4333 ρησίας
730 4259 1032 4321 ἐπίστευον,
1082 4258 1176 4309 καὶ
1228 4256 1490 4331 τοσαύτης
1552 4257 1627 4320 ὼς
1680 4260 1859 4311 πᾶσαν
1892 4259 1988 4329 τὴν
2034 4262 2136 4331 γῆν

487 4342 806 4406 καταλαϐεῖν
839 4338 988 4413 [637]
1025 4341 1123 4410 τὴν
1161 4340 1302 4409 ὑπὲρ
1348 4340 1528 4392 αὐτῶν
1576 4342 1781 4411 φήμην.
1828 4342 1897 4395 ’11
1932 4344 2134 4410 πίστις

484 4431 594 4507 γὰρ
622 4427 805 4499 ὑμῶν,
854 4427 1007 4497 φησὶ,
1042 4427 1499 4497 καταγγέλλεται
1527 4429 1595 4481 ἐν
1630 4428 1752 4495 ὅλῳ
1782 4428 1861 4494 τῷ
1904 4432 2133 4500 κόσμῳ.

481 4522 516 4588 ἡ
554 4517 752 4579 πίστις,
783 4517 881 4585 οὐχ
910 4516 965 4577 αἱ
994 4514 1314 4584 λογομαχίαι
1343 4515 1459 4567 οὐδέ
1488 4517 1543 4567 αἱ
1578 4517 1899 4586 συζητησεις
1926 4518 2044 4569 οὐδὲ
2088 4521 2136 4571 οί

486 4604 833 4672 συλλογισμοί
854 4617 865 4628 ’
895 4601 1068 4659 καίτοι
1097 4600 1264 4652 πολλά
1283 4596 1349 4671 ἦν
1377 4602 1492 4652 ἐκεῖ
1522 4600 1588 4653 τὰ
1609 4601 1905 4672 κωλύματα
1935 4604 2032 4674 τῆς
2058 4605 2136 4657 δι-

482 4690 800 4751 δασκαλίας.
838 4689 943 4740 Καὶ
969 4688 1078 4759 γὰρ
1106 4688 1226 4756 ἄρτι
1259 4687 1357 4755 τῆς
1382 4689 1705 4757 οἰκουμένης
1733 4688 2014 4760 δεξάμενοι
2042 4693 2139 4765 τὴν

484 4777 660 4848 ἀρχὴν
698 4778 840 4846 μέγα
868 4776 1145 4842 ἐφρόνουν,
1174 4774 1269 4827 καὶ
1303 4773 1517 4843 πλούτῳ
1550 4775 1643 4827 καὶ
1670 4780 1845 4847 τρυφῇ
1882 4779 2135 4846 συνέζων,

485 4867 580 4920 καὶ
612 4864 672 4917 τὸ
696 4864 954 4933 κήρυγμα
991 4861 1156 4923 ἁλιεῖς
1185 4859 1454 4929 ἐκόμιζον,
1497 4861 1735 4915 Ἰουδαῖοι
1782 4866 1873 4917 καὶ
1909 4865 1968 4930 ἐξ
2008 4867 2139 4921 Ἰου-

483 4954 669 5011 δαίων,
708 4949 892 5011 ἔθνους
928 4948 1304 5018 μεμισημένον
1338 4948 1436 5009 καὶ
1476 4950 1625 5020 παρά
1658 4952 1790 5004 πᾶσι
1831 4952 2138 5022 βδελυκτοῦ,

486 5039 700 5094 καὶτὸν
750 5034 1161 5106 ἐσταυρωμένον
1209 5039 1532 5106 προσκυνεῖν
1579 5039 1908 5101 ἐκελεύοντο.
1945 5041 2034 5096 τὸν
2083 5045 2141 5097 ὲν

498 5125 731 5195 Ἰουδαίᾳ
763 5123 1036 5194 τραφέντα
1057 5140 1070 5152 ⁸
1098 5123 1191 5175 καὶ
1224 5124 1361 5191 μετὰ
1388 5123 1479 5176 τοῦ
1503 5124 1769 5195 δόγματος
1792 5129 1887 5182 καὶ⁵
1911 5129 2022 5199 βίον
2046 5132 2143 5184 αὐρ-

487 5215 684 5285 στηρδν
715 5211 1081 5280 κατήγγελλον
1118 5213 1167 5263 οἱ
1209 5211 1509 5269 διδάσκαλοι
1541 5223 1564 5252 ο
1599 5213 1900 5284 ἀνθρώποις
1932 5222 2142 5290 τρυφᾷν

491 5297 909 5373 μεμελετηκότι,
948 5296 1042 5348 καὶ
1072 5296 1209 5366 πρὸς
1240 5295 1309 5348 τὰ
1340 5297 1581 5367 παρόντα
1618 5300 1992 5369 ἐπτοημένοις.
2033 5304 2145 5357 Καὶ

489 5391 534 5441 οἱ
569 5383 1025 5453 καταγγέλλοντες
1062 5378 1205 5453 ἦσαν
1246 5384 1471 5453 πένητες
1512 5387 1604 5438 καὶ
1638 5386 1866 5450 ἰδιῶται,
1901 5390 2144 5456 ἀγεννεῖς

488 5475 582 5527 καὶ
620 5472 679 5539 ἐξ
706 5470 967 5540 ἀγεννῶν.
1007 5471 1146 5525 Ἀλλ’
1172 5470 1324 5524 οὐδὲν
1360 5471 1563 5525 τούτων
1591 5473 1685 5533 τοῦ
1716 5474 1872 5544 λόγου
1901 5477 1992 5529 τὸν
2019 5476 2139 5549 690'-

490 5577 589 5630 μον
611 5558 847 5612 ἐκώλυσε
867 5574 879 5584 ·
916 5557 1147 5627 τοσαύτη
1176 5557 1270 5609 τοῦ
1302 5557 1702 5627 σταυρωθέντος
1733 5562 1764 5629 ἡ
1798 5560 2025 5631 δύναμις
2054 5559 2141 5633 ἦν,

488 5645 564 5707 ὼς
592 5643 867 5714 πανταχοῦ
891 5645 1172 5715 περιάγειν
1195 5644 1286 5695 τὸν
1310 5643 1485 5712 λόγον.
1517 5647 1986 5715 Καταγγὲλλεται
2014 5652 2142 5722 γὰρ,

492 5734 677 5803 φησὶν,
720 5733 789 5783 ἑν
820 5731 939 5798 ὅλῳ
979 5734 1059 5796 τῷ
1104 5735 1325 5799 κόσμῳ.
1374 5735 1481 5785 Καὶ
1527 5736 1628 5787 οὐκ
1659 5731 1800 5799 εἷπε,
1856 5739 2140 5807 Δηλοῦται,

558 5814 575 5833 ⁴
614 5816 693 5878 Sic
714 5826 841 5878 unus
867 5815 1098 5878 γαίη-πω
1123 5815 1207 5878 τὸν
1227 5814 1398 5878 κοινόν.
1426 5815 1569 5864 male.
1638 5817 1664 5855 δ
1690 5817 1859 5878 Iidem,
1891 5821 2141 5870 ἐπελάϐετο

496 5876 714 5938 κεφαλῆς,
740 5874 834 5921 καί.
902 5878 923 5904 θ
951 5873 1099 5922 Iidem
1126 5877 1166 5921 οἱ
1188 5875 1495 5931 διδάσκοντες.

2210 619 2368 681 ἀλλὰ,
2401 618 2893 688 Καταγγέλλεται,
2934 615 3011 680 ὡς
3042 615 3258 670 πάντων
3301 616 3359 667 ἑν
3389 613 3657 684 στόμασιν
3676 615 3894 680 αὐτοὺς

2212 708 2464 775 ἐχόντων.
2504 703 2954 760 Θεσσαλονικεῦσι
2993 703 3090 773 μὲν
3112 698 3204 756 οὖν
3236 700 3393 755 τοῦτο
3427 702 3740 771 μαρτυρῶν.
3778 706 3891 757 καὶ

2212 785 2397 859 ἕτερον
2420 788 2797 859 προστίθησιν·
2829 784 2997 840 εἰπὼν
3023 785 3151 854 γὰρ,
3187 783 3311 851 Ἀφ’
3342 782 3504 851 ὑμῶν
3522 781 3549 821 ἀ
3576 783 3893 852 ἐξήχηται

2213 879 2245 929 ὀ
2268 879 2450 944 λόγος
2491 875 2597 929 τοῦ
2626 875 2791 938 Θεοῦ,
2817 874 3113 943 ἐπήγαγεν,
3147 871 3327 924 Ὥστε
3344 869 3429 939 μὴ
3459 872 3667 938 χρείαν
3704 872 3891 938 ἔχειν

2214 958 2369 1027 ἡμᾶς
2399 958 2611 1011 λαλεῖν
2645 975 2717 1012 τι.
2768 958 2831 1011 Οί
2858 958 2965 1027 γάρ
2994 954 3235 1024 μαθηταὶ
3262 956 3319 1005 ἐν
3357 952 3506 1019 τάξει
3531 953 3884 1007 διδασκάλων

2214 1046 2580 1115 κατέστησαν,
2625 1045 2713 1098 διὰ
2762 1043 2862 1112 τῆς
2907 1042 3219 1112 παρρησίας
3261 1039 3439 1097 αὐτῶν
3489 1042 3695 1103 πάντας
3748 1060 3887 1095 παι-

2213 1133 2476 1194 δεύοντες,
2508 1133 2601 1184 καὶ
2628 1132 2760 1201 πρὸς
2790 1132 3014 1193 ἑαυτοὺς
3041 1128 3409 1197 ἐφελκόμενοι.
3449 1130 3523 1181 Οὐ
3558 1129 3667 1200 γὰρ
3688 1130 3886 1183 ῖστατό

2215 1237 2315 1272 που
2354 1219 2414 1272 τὸ
2436 1221 2715 1289 κήρυγμα,
2749 1218 2883 1271 ἀλλὰ
2915 1217 3083 1287 πυρὸς
3117 1215 3472 1285 σφοδρότερον
3505 1219 3684 1269 πᾶσαν
3714 1218 3879 1288 ἐπῄει

2215 1306 2311 1377 τὴν
2341 1307 2679 1377 οἰκουμένην.
2727 1304 2988 1359 Ἐνταῦθα
3012 1304 3069 1357 δέ
3101 1302 3359 1355 τοσοῦτον
3391 1303 3572 1373 μόνον,
3609 1306 3690 1358 ὃτι
3719 1308 3882 1359 Κατ-

2215 1391 2587 1457 αγγέλλεται.
2637 1390 2830 1453 Καλῶς
2884 1386 3058 1450 εἶπεν,
3099 1391 3187 1442 ὅτι
3239 1392 3737 1460 Καταγγέλλεται,
3769 1393 3879 1445 δει-

2216 1479 2345 1539 κνὺς
2399 1479 2478 1530 ὃτι
2520 1477 2669 1530 οὐδὲν
2706 1478 2812 1531 ἔδει
2849 1477 3163 1548 προσθεῖναι
3205 1480 3319 1541 τοῖς
3377 1480 3687 1549 εἰρημένοις
3750 1480 3881 1534 οὐδὲ

2218 1564 2435 1630 ἀφελεῖν
2460 1582 2471 1595 ο
2542 1563 2772 1633 ἀγγέλου
2817 1565 2926 1635 γὰρ
2971 1563 3127 1619 τοῦτο
3171 1564 3329 1634 ἔργον
3360 1566 3496 1630 ἐστὶ,
3543 1567 3605 1618 τὸ
3646 1566 3878 1637 μόναιτά

2216 1648 2481 1719 λεγόμενα
2523 1650 2876 1718 διακομίζειν.
2916 1651 3015 1702 Διά
3040 1650 3196 1703 τοῦτο
3242 1652 3336 1704 καὶ
3367 1654 3396 1705 6
3440 1653 3619 1721 ίερεύς
3645 1650 3878 1720 ἄγγελος

2217 1738 2475 1795 καλεῖται,
2518 1738 2599 1790 δτι
2639 1738 2702 1789 οὐ
2746 1738 2814 1791 τὰ
2851 1736 3062 1800 ἐαυτοῦ,
3108 1737 3242 1790 ἀλλά
3289 1738 3359 1791 τὰ
3407 1740 3503 1793 τοῦ
3565 1742 3878 1810 πέμποντος

2218 1823 2558 1891 ἀναγγέλλει.
2584 1824 2776 1877 Καίτοι
2805 1840 2868 1891 γε
2900 1824 3102 1894 Πέτρος
3135 1824 3397 1895 ἐκήρυξεν
3443 1828 3573 1888 ἐκεῖ,
3613 1827 3749 1879 ἀλλά
3778 1830 3878 1882 καὶ

2221 1909 2287 1962 τά
2322 1910 2527 1963 ἐκείνου
2572 1909 2762 1962 ἐαυτοῦ
2812 1912 3021 1979 ἡγεῖται
3040 1927 3053 1939 ·
3081 1909 3252 1975 οὕτως
3270 1949 3284 1971 ,
3313 1911 3443 1981 ὅπερ
3472 1911 3642 1979 ἔφθην
3671 1910 3873 1977 εἰπὼν,

2225 1995 2342 2067 μεθ’
2386 1995 2687 2066 ὑπερϐολῆς
2719 1996 2937 2067 ἀπάσης
2976 1997 3271 2066 βασκανίας
3297 1993 3359 2067 ἦν
3407 1998 3666 2067 καθαρός.
3704 1998 3874 2066 Μάραι

2221 2099 2328 2146 τυς
2357 2081 2466 2151 γάρ
2484 2084 2602 2150 μού
2632 2084 2800 2136 ἐστιν
2844 2087 2877 2138 ό
2903 2085 3076 2149 Θεὸς,
3104 2078 3152 2149 ᾧ
3193 2085 3452 2153 λατρεύω
3479 2085 3548 2137 ἐν
3579 2084 3657 2151 τῷ
3684 2087 3872 2139 πνεύ-

2214 2172 2357 2240 ματί
2371 2189 2510 2240 μου,
2534 2172 2604 2224 ἐν
2623 2171 2702 2237 τῷ
2728 2174 3067 2241 Εὐαγγελίῳ
3085 2174 3192 2227 τοῦ
3214 2174 3347 2226 Υιοῦ
3367 2172 3572 2226 αὑτοῦ.

2299 2258 2362 2328 β’.
2385 2258 2779 2313 Ἀποστολικῶν
2802 2260 3120 2331 σπλάγχνων
3139 2261 3203 2313 τά
3222 2262 3288 2330 ρή
3300 2279 3463 2330 ματα,
3484 2262 3753 2332 πατρικῆς
3770 2279 3879 2333 κη-

2222 2346 2510 2415 δεμονίαςο
2558 2349 2591 2417 ἡ
2640 2346 2930 2415 ἀπόφασις.
2978 2348 3043 2400 Τί
3087 2348 3144 2400 δέ
3192 2349 3392 2401 ἐστινὸ
3431 2366 3584 2418 φησι,
3611 2351 3702 2401 καὶ
3733 2350 3878 2412 τίνος

2223 2435 2407 2486 ἕνεκεν
2429 2434 2519 2487 τὸν
2542 2434 2674 2487 Θεὸν
2699 2426 2950 2506 μάρτυρα
2977 2435 3159 2500 καλεῖς
3186 2437 3320 2506 Περὶ
3358 2436 3650 2500 διαθέσεως
3674 2441 3701 2490 6
3721 2436 3879 2504 λόγος

2222 2516 2290 2591 ἦν
2310 2521 2475 2591 αὐτῷ.
2511 2523 2660 2575 Ἐπεὶ
2689 2519 2780 2575 οὖν
2812 2523 3021 2575 οὐδέπω
3054 2518 3121 2594 ἦν
3144 2524 3338 2585 αὐτοὺς
3363 2523 3644 2594 ἑωρακὼς,
3678 2525 3763 2578 διά
3792 2542 3879 2577 τοι

2223 2606 2379 2661 τοῦτο
2418 2607 2715 2678 ἀνθρώπων
2745 2608 2841 2678 μέν
2878 2608 3088 2671 οὐδένα,
3126 2609 3216 2661 τὸν
3257 2609 3313 2662 δέ
3359 2610 3722 2680 ἐμϐατεύοντα
3758 2613 3884 2675 ταῖς

2225 2695 2490 2765 καρδίαις,
2518 2697 2703 2758 τοῦτον
2731 2695 2953 2749 ἐκάλεσε
2984 2696 3253 2767 μάρτυρα.
3300 2698 3518 2768 Ἐπειδὴ
3541 2700 3649 2770 γὰρ
3671 2698 3881 2766 ἔλεγεν,

2225 2782 2307 2835 ὃτι
2344 2783 2564 2851 ’Λγαπῶ
2587 2784 2749 2855 ὑμᾶς,
2785 2789 2877 2835 καὶ
2908 2788 3129 2854 σημεῖον
3160 2787 3392 2838 ἐποιεῖτο
3414 2786 3472 2838 τὸ
3498 2786 3757 2857 διηνεκῶς
3785 2786 3886 2838 εῦ-

2227 2869 2437 2939 χεσθαι,
2478 2872 2570 2922 καὶ
2602 2870 2661 2922 τὸ
2691 2870 2973 2940 βούλεσθαι
3010 2872 3182 2934 ἐλθεῖν
3214 2873 3347 2944 πρὸς
3375 2873 3593 2937 αὐτοὺς,
3629 2874 3721 2927 καὶ
3756 2874 3887 2928 οὐδὲ

2226 2957 2382 3011 τοῦτο
2419 2958 2574 3028 δῆλον
2606 2955 2693 3028 ἦν,
2740 2959 2832 3011 ἐπὶ
2877 2960 2977 3035 τὴν
3010 2960 3318 3026 ἀξιόπιστον
3366 2962 3698 3036 καταφεύγει
3741 2980 3888 3033 μαρ-

2227 3048 2436 3119 τυρίαν.
2485 3043 2631 3120 Ἀρα
2681 3049 2969 3121 δυνήσεταί
3009 3067 3092 3113 τις
3144 3050 3298 3119 ἡμῶν
3347 3052 3742 3121 καυχήσασθαι,
3797 3054 3886 3106 ὅτι

2235 3136 2507 3206 μέμνηται
2542 3138 2633 3189 ἐπὶ
2659 3137 2754 3205 τῆς
2781 3138 2957 3200 οίκίας
2985 3138 3274 3207 εὐχόμενος
3308 3138 3401 3191 τοῦ
3428 3139 3526 3209 τῆς
3560 3141 3890 3210 Ἐκκλησίας

2234 3222 2625 3292 πληρώματαςς
2664 3225 2775 3276 Οὐκ
2810 3220 2983 3295 οἶμαι.
3033 3224 3170 3285 Ἀλλ’
3209 3225 3237 3275 ὁ
3266 3224 3471 3287 Παῦλος
3496 3226 3593 3296 οὐχ
3620 3227 3757 3299 ὑπὲρ
3785 3228 3892 3280 πό-

2232 3308 2368 3370 λεως
2400 3310 2548 3376 μιᾶς,
2591 3309 2705 3360 ἀλλ’
2741 3310 2879 3379 ὑπὲρ
2918 3310 3017 3377 τῆς
3054 3310 3377 3380 οἰκουμένης
3408 3312 3625 3381 ἀπάσης
3658 3314 3890 3385 προσῄει

2233 3394 2310 3464 τῷ
2338 3393 2473 3464 Θεῷ,
2509 3395 2607 3457 καὶ,
2640 3395 2794 3449 τοῦτο
2816 3398 2913 3466 οὐχ
2944 3395 3089 3463 ama
3112 3397 3232 3457 οὐδὲ
3265 3397 3514 3465 δεύτερον
3535 3400 3654 3452 οὐδὲ
3680 3402 3890 3471 τρίτον,

2232 3482 2368 3543 ἀλλὰ
2405 3482 2679 3553 διηνεκῶς.
2724 3485 2783 3537 Εἰ
2816 3483 2871 3545 δέ
2903 3483 2964 3535 τὸ
2991 3483 3250 3552 διηνεκῶς
3277 3486 3333 3538 ἐν
3359 3486 3549 3557 μνήμη
3569 3487 3690 3540 τινὰ
3725 3503 3893 3559 περι-

2236 3571 2443 3642 φέρειν,
2483 3571 2582 3623 οὐκ
2630 3571 2694 3625 ἂν
2725 3572 2952 3637 γένοιτο,
2989 3573 3037 3624 εί
3070 3572 3144 3640 μὴ
3174 3572 3279 3625 ἀπὸ
3312 3572 3530 3644 ἀγάπης
3560 3575 3787 3643 πολλῆς·
3823 3577 3893 3631 τδ

2235 3660 2291 3713 ἐν
2320 3659 2500 3728 εὐχαῖς
2529 3657 2668 3729 ἔχειν
2702 3659 2797 3711 καὶ
2839 3658 3195 3722 ἀδιαλείπτως
3235 3659 3398 3730 ἔχειν,
3437 3663 3685 3731 ἐννόησον
3714 3664 3894 3734 πόσης

2235 3746 2352 3799 ἐστὶ
2369 3746 2655 3809 διαθέσεως
2688 3744 2833 3818 [458]
2860 3747 2955 3798 καὶ
2990 3746 3189 3815 φιλίας.
3230 3748 3393 3801 Ὅταν
3418 3749 3473 3802 δὲ
3499 3751 3647 3821 εἴπῃ,
3676 3745 3749 3820 ’ᾩ
3772 3755 3890 3805 λα-

2235 3835 2418 3902 τρεύω
2453 3834 2522 3886 ἐν
2564 3834 2641 3899 τῷ
2683 3836 2971 3903 πνεύματι
3012 3852 3151 3903 μου,
3195 3836 3264 3889 ὲν
3303 3836 3381 3900 τῷ
3407 3839 3748 3906 Εὑαγγελίῳ
3777 3839 3892 3894 τοῦ

2235 3922 2366 3976 Υὶοῦ
2398 3922 2603 3983 αὐτοῦ,
2646 3921 2781 3991 ὁμοῦ
2819 3923 2916 3991 μὲν
2948 3923 3045 3992 τὴν
3087 3922 3181 3975 τοῦ
3230 3922 3363 3976 Θεοῦ
3408 3925 3586 3993 χάριν,
3638 3924 3771 3996 ὁμοῦ
3829 3928 3895 3981 δὲ

2234 4011 2331 4079 τὴν
2363 4009 2526 4061 αὐτοῦ
2564 4009 3059 4079 ταπεινοφροσύνην
3090 4009 3418 4063 ἐνδείκνυται
3456 4012 3614 4080 ἡμῖν·
3652 4012 3750 4081 τὴν
3788 4015 3892 4082 μὲν

2235 4096 2327 4148 τοῦ
2370 4096 2504 4148 Θεοῦ
2540 4098 2717 4166 χάριν,
2762 4098 2843 4149 δτι
2871 4097 3127 4150 τοσοῦτον
3159 4097 3305 4168 αὐτῷ
3335 4101 3561 4169 πρᾶγμα
3587 4102 3889 4170 ἐπέτρεψε,

2234 4184 2331 4253 τὴν
2350 4184 2405 4236 δέ
2421 4184 2581 4236 αὐτοῦ
2598 4184 3109 4254 ταπεινοφροσύνην,
3129 4186 3209 4237 ὅτι
3232 4187 3352 4256 οὐχί
3365 4189 3429 4255 τῇ
3448 4187 3641 4249 ἑαυτοῦ
3660 4190 3890 4260 σπουδῇ,

2236 4270 2369 4323 ἀλλὰ
2396 4274 2460 4341 τῇ
2492 4271 2585 4322 τοῦ
2626 4270 2937 4342 Πνεύματος
2975 4270 3195 4341 βοηθείᾳ
3237 4271 3297 4324 τὸ
3330 4273 3437 4325 πᾶν
3472 4273 3761 4341 λογίζεται.
3822 4275 3893 4329 Ἠ

2237 4356 2294 4410 δὲ
2321 4357 2413 4409 τοῦ
2442 4357 2773 4425 Εὐαγγελίου
2809 4358 3089 4428 προσθήκη
3130 4359 3191 4409 τὸ
3222 4356 3359 4421 εἶδος
3386 4359 3534 4430 δηλοί
3560 4362 3660 4428 τῆς
3700 4360 3892 4414 διακο-

2238 4445 2375 4508 νίας.
2404 4445 2511 4498 Καὶ
2526 4446 2639 4516 γάρ,
2663 4446 2844 4498 πολλοὶ⁴
2862 4447 2959 4515 τῆς
2986 4444 3256 4508 διακονίας
3279 4444 3297 4483 ί
3321 4447 3370 4498 οί
3385 4446 3572 4517 τρόποι
3600 4447 3696 4499 καὶ
3710 4447 3896 4517 διάφο-

2242 4548 2342 4602 ροι,
2384 4532 2480 4585 καὶ
2515 4535 2612 4603 τῆς
2654 4531 2907 4602 λατρείας
2938 4532 2994 4584 δὲ
3024 4531 3301 4595 ὡσαύτως.
3345 4534 3606 4603 Καθάπερ
3640 4537 3746 4606 γὰρ
3795 4538 3895 4590 ἐπὶ

2236 4621 2347 4675 τῶν
2376 4618 2634 4686 βασιλέων
2674 4621 2871 4685 πάντες
2919 4622 3017 4690 μέν
3053 4623 3189 4675 εἰσιν
3234 4621 3322 4690 ὑφ’
3361 4622 3441 4675 ἐνὶ
3467 4624 3784 4693 τεταγμένοι
3813 4626 3894 4695 τῷ

2240 4705 2590 4776 βασιλεύοντι,
2637 4707 3000 4761 διακονοῦνται
3041 4708 3097 4762 δὲ
3138 4709 3198 4761 οὐ
3230 4710 3428 4772 πάντες
3466 4710 3535 4762 τὰ
3564 4711 3724 4773 αὐτὰ,
3755 4712 3895 4766 ἀλλὰ

2238 4793 2316 4864 τῷ
2345 4794 2441 4864 μέν
2470 4796 2613 4855 ἐστιν
2642 4796 2676 4866 ἡ
2706 4795 2946 4848 διακονία
2974 4797 3031 4848 ἐν
3057 4795 3134 4866 τῷ
3166 4798 3544 4867 στρατοπέδων
3569 4798 3778 4867 ἄρχειν,
3811 4801 3895 4869 τῷ

2238 4881 2294 4935 δέ
2322 4883 2378 4934 ἐν
2414 4881 2493 4953 τῷ
2534 4882 2714 4944 πόλεις
2738 4885 3058 4952 οἰκονομεῖν,
3098 4884 3267 4954 ἑτέρῳ
3298 4887 3459 4939 πάλιν
3490 4887 3548 4938 ἐν
3573 4885 3648 4953 τῷ
3689 4886 3895 4954 φυλάτ-

2238 4984 2351 5021 τειν
2376 4968 2447 5022 τὰ
2479 4969 2537 5021 ἐν
2566 4971 2678 5031 τοῖς
2719 4969 2987 5038 ταμιείοις
3028 4972 3284 5041 χρήματα
3304 4988 3315 5001 ·
3361 4972 3502 5026 οὐτω
3542 4975 3635 5026 καὶ
3663 4974 3754 5025 ἐπὶ
3780 4975 3897 5027 τῶν

2242 5054 2645 5125 πνευματικῶν,
2669 5058 2697 5109 ὁ
2740 5057 2838 5125 μὲν
2875 5056 3124 5127 λατρεύει
3167 5057 3243 5127 τῷ
3272 5058 3389 5129 Θεῷ
3427 5060 3523 5114 καὶ
3550 5059 3789 5113 δουλεύει
3835 5064 3897 5114 ἐν

2240 5140 2317 5212 τῷ
2343 5142 2617 5195 πιστεύειν
2638 5143 2841 5197 καὶτὸν
2873 5142 2984 5212 βίον
3020 5143 3109 5197 τὸν
3136 5144 3329 5197 ἑαυτοῦ
3353 5146 3529 5208 καλῶς
3566 5148 3894 5215 οἰκονομεῖν,

2240 5232 2269 5283 ό
2303 5230 2362 5283 δέ
2399 5233 2457 5283 ἐν
2492 5231 2568 5301 τῷ
2603 5232 2769 5297 ξένων
2798 5232 3091 5302 θεραπείαν
3135 5234 3511 5304 ἀναδέχεσθαι,
3544 5237 3572 5286 6
3615 5235 3673 5287 δὲ
3711 5236 3768 5287 ἐν
3817 5236 3899 5305 τῷ

2237 5317 2337 5388 τὴν
2366 5321 2697 5388 προστασίαν
2730 5318 2836 5370 τῶν
2858 5319 3127 5388 δεομένων
3146 5320 3618 5390 μεταχειρίζεσθαι
3642 5322 3689 5361 ⁸·
3720 5321 3900 5375 καθά-

2244 5421 2350 5474 περ
2377 5407 2469 5458 καὶ
2498 5406 2591 5457 ἐπὶ
2617 5404 2725 5458 τῶν
2778 5406 3089 5459 ἀποστόλων
3120 5406 3297 5460 αὐτῶν
3336 5408 3388 5460 οἱ
3420 5408 3547 5478 περὶ
3569 5408 3660 5459 τὸν
3689 5408 3902 5477 Στέφα-

2248 5510 2331 5546 νον
2356 5496 2412 5547 ἐν
2435 5497 2500 5565 τῇ
2533 5494 2640 5547 τῶν
2671 5494 2855 5565 χηρῶν
2900 5496 3201 5565 προστασία
3234 5495 3510 5549 ἐδούλευον
3538 5495 3613 5564 τῷ
3637 5496 3775 5565 Θεῷ,
3804 5496 3902 5550 ἆλ-

2244 5578 2330 5640 λος
2354 5579 2410 5630 ἐν
2437 5580 2500 5648 τῇ
2534 5577 2626 5630 τοῦ
2654 5577 2811 5645 λόγου
2837 5578 3173 5649 διδασκαλία,
3200 5572 3274 5631 ὧν
3308 5580 3401 5633 καὶ
3427 5584 3455 5633 ὀ
3485 5578 3689 5643 Παῦλος
3715 5575 3806 5651 ἦν,
3840 5583 3900 5635 ἐν

2303 5761 2327 5800 ἀ
2355 5764 2501 5812 Iidem
2524 5766 2595 5813 ὅτι
2618 5766 2696 5829 ἀφ’
2727 5768 2875 5827 ὐμῶν.
2947 5771 2969 5797 θ
2993 5767 3153 5830 Codex
3187 5769 3311 5816 alius
3323 5774 3550 5830 πατρικῆς
3572 5766 3901 5830 διδασκαλίας.

2236 5825 2360 5890 ξιῇιιδ
2378 5825 2688 5886 πνευματικῆς
2718 5825 3010 5890 κηδεμονίας.
3061 5829 3076 5866 ί
3095 5834 3201 5880 Duo
3222 5844 3357 5889 ωσι,
3380 5825 3543 5876 πολλοὶ
3562 5835 3642 5885 τῆς
3666 5828 3897 5889 λατρείας.

2238 5886 2261 5924 ε
2285 5885 2453 5941 Iidem.
2479 5890 2823 5950 μεταχειρίζειν.
