4122 6150
493 280 598 339 ιω

496 421 1155 446 Ψ--ι-ην-ἶ-γ-πὟ-ασ--σ
1166 420 1233 430 oc.-

488 642 618 708 Cslt.
656 641 701 697 ι.
734 656 783 693 v.
815 642 868 694 8.
898 639 1128 694 Primum
1153 639 1352 707 quidem
1378 638 1568 711 gru’ias
1591 653 1693 707 ago.
1711 634 1813 688 Deo
1838 650 1945 687 meo
1974 651 2067 698 per

559 733 735 788 Iesum
765 731 1018 786 Christum
1045 748 1138 802 pro
1166 730 1395 785 omnibus
1421 729 1573 789 vobis,
1599 729 1717 798 quia
1744 727 1872 796 ﬁdes
1899 739 2063 807 vestro

560 825 892 879 aununtiatur
916 823 970 876 in
997 830 1099 875 toto
1128 820 1335 875 mundo.

562 917 616 971 1.
646 914 821 969 Beata:
849 916 1040 967 animte
1068 927 1368 983 congruens
1397 909 1696 975 exordium,
1724 908 1864 983 quod
1895 909 2061 977 possit

491 1023 680 1073 ρωπος
712 1006 989 1061 instituere
1009 1046 1025 1069 ,
1068 1013 1126 1059 ut
1149 1018 1368 1077 operum
1391 1015 1445 1057 et
1470 1018 1774 1057 sermonum
1804 1001 2064 1061 honorum

493 1099 640 1162 initia
670 1099 778 1152 Deo
804 1095 1065 1160 oderant;
1091 1108 1266 1166 neque
1294 1094 1466 1154 solum
1497 1109 1591 1162 pro
1621 1093 1750 1155 suis,
1777 1092 1869 1146 sed
1906 1093 2062 1147 etiam

492 1206 591 1261 pro
617 1188 803 1246 alienis
845 1200 989 1241 recte
1028 1185 1181 1241 Iactis
1219 1186 1413 1255 gratias
1442 1192 1633 1254 agant;
1664 1183 1801 1252 quod
1834 1184 2064 1238 animam

494 1279 688 1333 invidia
735 1286 790 1332 et
834 1272 1002 1332 livore
1029 1291 1249 1335 vacuam
1291 1285 1346 1332 et
1390 1290 1572 1345 puram
1622 1275 1829 1341 reddit,
1871 1276 2067 1346 Deique

495 1370 750 1438 majorem
803 1368 1227 1429 benevolentiam
1265 1368 1462 1439 gratias
1505 1368 1781 1438 agentibus
1821 1368 2063 1429 attrahit.

492 1461 847 1540 Quamobrem
878 1459 1000 1515 alibi
1029 1460 1101 1513 ait
1131 1475 1145 1512 :
1176 1459 1478 1513 Benedictus
1505 1458 1643 1515 Deus
1669 1468 1716 1513 et
1754 1456 1909 1512 Pater
1954 1457 2066 1510 Do-

494 1555 618 1620 mini
662 1553 819 1608 nostri
865 1552 993 1607 Jesu
1040 1549 1260 1612 Christi,
1286 1552 1372 1629 qui
1418 1550 1666 1611 benedixit
1707 1567 1796 1604 nos
1832 1551 1885 1609 in
1931 1551 2067 1605 omni

495 1645 839 1701 benedictione
863 1644 1116 1716 spirituali
1149 1643 1360 1715 (Ephes.
1398 1644 1449 1698 1.
1480 1645 1561 1713 5).

567 1740 754 1797 Gratia:
780 1738 887 1800 Deo
912 1738 1114 1810 quando
1141 1737 1367 1809 agendae.
1389 1767 1460 1778 -—
1478 1736 1692 1794 Gratias
1708 1745 1883 1791 autem
1911 1745 2069 1808 agant

492 1841 740 1902 oportet,
771 1846 877 1886 non
903 1831 1093 1885 divites
1123 1839 1322 1885 tantum
1342 1872 1359 1896 ,
1391 1830 1485 1888 sed
1506 1830 1665 1885 etiam
1697 1830 1912 1900 inopes;
1959 1846 2071 1885 non

491 1926 635 1990 sani,
669 1924 763 1980 sed
804 1933 860 1979 et
909 1922 1095 1993 aagroti
1140 1938 1288 1989 ;uon
1336 1922 1371 1976 ii
1420 1922 1633 1988 solum,
1684 1922 1771 1991 qui
1816 1936 2068 1992 prospere

491 2026 652 2087 agunt
677 2059 692 2084 ,
725 2016 819 2072 sed
847 2016 879 2070 ii
910 2031 1119 2087 quoque
1143 2057 1161 2083 ,
1207 2015 1400 2086 quibus
1424 2015 1649 2071 adversa
1689 2016 1998 2084 contingunt
2049 2033 2063 2071 :

496 2108 606 2161 Deo
635 2108 775 2161 enim
820 2107 1017 2178 gratias
1043 2122 1200 2176 agere
1228 2121 1349 2162 cum
1373 2106 1611 2161 secundo
1656 2120 1813 2160 cursu
1861 2121 1947 2159 res
1987 2104 2066 2158 l‘e-

498 2208 683 2255 runtur
705 2238 722 2264 ,
752 2192 881 2252 nihil
906 2198 1135 2254 mirum:
1167 2197 1257 2252 sed
1287 2213 1406 2251 cum
1435 2198 1579 2267 gravi
1611 2196 1827 2250 suborta
1860 2206 2064 2263 tempe—

498 2299 635 2345 state
659 2332 674 2355 ,
718 2291 912 2360 jactata
941 2290 1090 2350 navis
1119 2290 1482 2361 periclitatur,
1532 2299 1655 2344 tunc
1694 2290 1963 2359 patientia:
2012 2296 2068 2343 et

499 2380 631 2451 grati
661 2382 822 2435 animi
850 2382 1168 2451 signiﬁcatio
1206 2390 1420 2451 accepta
1454 2366 1739 2435 admodum
1767 2390 1865 2434 est.
1896 2380 1968 2434 Ea
1998 2379 2067 2437 de

494 2487 654 2529 eausa
683 2472 783 2527 Job
810 2485 1097 2528 coronatus
1127 2481 1229 2537 est,
1259 2483 1311 2528 et
1340 2488 1400 2527 os
1432 2472 1712 2542 impudens
1737 2472 1928 2526 diaboli
1967 2471 2064 2524 ob-

494 2565 705 2630 turavit,
736 2564 985 2637 clareque
1018 2565 1267 2627 ostendit,
1301 2578 1358 2618 se
1386 2579 1505 2618 cum
1551 2578 1803 2637 prospere
1846 2573 2068 2633 ageret,

493 2673 598 2712 non
627 2658 972 2727 pecuniarum
999 2672 1179 2720 causa,
1204 2657 1295 2712 sed
1323 2656 1413 2711 Dei
1441 2671 1621 2711 amore
1647 2665 1845 2709 motum
1872 2657 2068 2725 gratias

493 2749 684 2818 egisse.
719 2748 853 2805 Vide
897 2757 1110 2811 autem,
1161 2764 1262 2818 qua
1317 2747 1384 2803 de
1427 2763 1584 2801 causa
1631 2747 1826 2801 Paulus
1869 2747 2066 2816 gratias

493 2855 614 2916 agat
647 2861 659 2897 :
689 2859 794 2899 non
826 2843 894 2899 de
919 2844 1141 2913 imperio
1165 2885 1179 2910 ,
1207 2844 1274 2900 de
1315 2845 1547 2913 potentia
1571 2884 1584 2906 ,
1612 2842 1677 2896 de
1702 2842 1869 2913 gloria
1892 2861 1907 2907 ;
1953 2842 2068 2898 haec

493 2937 634 2990 enim
664 2936 814 2992 nihili
847 2936 1085 2993 habenda
1117 2946 1270 3000 sunt;
1305 2936 1397 2991 sed
1425 2936 1489 2989 de
1518 2936 1603 3000 iis,
1636 2952 1754 3005 quae
1780 2950 1905 2990 vere
1928 2935 2066 2990 bona

494 3040 647 3097 sunt,
676 3031 745 3087 de
772 3032 902 3096 lide,
931 3031 996 3088 de
1023 3030 1270 3101 loquendi
1300 3031 1543 3087 libertate
1575 3049 1588 3083 :
1619 3039 1670 3084 et
1699 3039 1899 3098 quanto
1946 3045 2066 3083 cum

496 3123 685 3178 allecto
715 3124 911 3193 gratias
955 3124 1063 3192 agit
1097 3140 1109 3174 :
1145 3125 1249 3176 nhn
1278 3121 1418 3177 enim
1445 3121 1592 3183 dixit,
1632 3121 1775 3185 Deo;
1812 3120 1926 3186 sed,
1958 3120 2073 3174 lleo

498 3231 608 3278 meo
625 3230 645 3278 ;
662 3213 801 3284 quod
824 3216 978 3268 etiam
1004 3213 1271 3283 propheta:
1298 3213 1515 3272 faciunt.
1542 3212 1594 3266 id
1619 3212 1758 3282 quod
1786 3228 2068 3269 commune

500 3316 579 3365 est
609 3307 706 3360 sibi
736 3306 1082 3361 vindicantes.
1119 3306 1318 3377 Ecquid
1350 3308 1562 3369 tnirum,
1595 3307 1637 3360 si
1673 3305 1772 3359 hoc
1797 3305 2068 3375 propheta:

496 3399 730 3455 faciunt?
760 3398 875 3469 Ipse
902 3415 1127 3469 namque
1150 3400 1287 3454 Deus
1317 3414 1440 3471 erga
1472 3414 1655 3452 servos
1683 3413 1808 3452 suos
1840 3399 2069 3468 idipsum

494 3491 601 3559 agit
623 3532 639 3555 ,
672 3505 732 3546 se
762 3491 924 3545 Deum
953 3491 1244 3553 Abraham,
1279 3490 1421 3544 Isaac
1448 3501 1501 3544 et
1522 3490 1686 3545 Jacoh
1713 3491 1937 3545 seorsim
1982 3491 2068 3543 di-

494 3596 640 3634 cens.
681 3581 812 3649 Quia
861 3582 988 3650 fides
1030 3591 1193 3635 vestra
1238 3582 1570 3634 annuntiatur
1613 3581 1666 3635 in
1713 3592 1816 3634 toto
1858 3580 2065 3634 mundo.

498 3674 633 3740 Quid
665 3675 836 3744 ergo?
868 3675 1188 3730 universane
1216 3684 1355 3729 terra
1387 3675 1743 3728 Romanorum
1772 3674 1927 3728 fidem
1968 3690 2067 3729 au-

495 3766 663 3825 divit?
691 3767 947 3824 Universa
974 3768 1042 3823 ab
1071 3767 1197 3834 illo;
1225 3776 1278 3822 et
1306 3766 1435 3829 nihil
1462 3782 1567 3821 non
1596 3768 1881 3823 verisimile
1912 3786 1925 3821 :
1961 3784 2067 3827 non

495 3861 634 3919 enim
657 3860 884 3914 obscura
914 3860 1039 3917 urbs
1063 3869 1198 3923 erat,
1223 3860 1318 3917 sed
1337 3861 1485 3929 quasi
1518 3861 1568 3913 in
1588 3860 1813 3929 quodam
1839 3861 2070 3919 culmine

495 3951 616 4017 sita,
645 3950 788 4004 clara
817 3949 1051 4020 undique
1079 3960 1216 4005 erat.
1247 3949 1324 4011 Tu
1352 3964 1479 4004 vero
1511 3949 1633 4001 mihi
1667 3949 1933 4017 perpende
1963 3950 2067 4004 vim

496 4040 908 4112 prmdieationis,
933 4058 1038 4112 quo
1059 4054 1214 4116 paeto
1240 4041 1383 4096 brevi
1408 4049 1645 4111 tempore
1670 4042 2067 4110 publicanorum

496 4145 549 4190 et
576 4137 894 4205 piscatorum
925 4150 1083 4205 opera
1112 4136 1320 4190 urbium
1349 4146 1505 4205 caput
1537 4135 1787 4193 invaserit
1811 4179 1825 4202 ,
1851 4152 1915 4193 ac
1940 4136 2063 4208 Syri

497 4226 739 4282 homines
755 4228 1112 4285 Romanorum
1128 4228 1370 4283 doctores
1388 4238 1841 4298 praeceptoresque
1855 4227 2068 4285 fuerint.

498 4319 610 4374 Duo
625 4320 783 4391 igitur
801 4322 925 4390 ipsis
943 4330 1085 4375 recte
1110 4320 1244 4374 facta
1258 4319 1589 4386 testiﬁcatur,
1605 4319 1807 4388 etquod
1823 4319 2066 4374 credide-

496 4413 622 4475 rint,
655 4414 859 4483 etquod
872 4425 994 4467 cum
1012 4410 1196 4466 ﬁducia
1227 4408 1578 4475 crediderint,
1604 4423 1649 4465 et
1672 4412 1882 4480 quidem
1907 4423 2067 4479 tanta,

500 4515 559 4562 ut
576 4507 648 4560 rei
670 4504 808 4560 fama
832 4523 925 4577 per
950 4516 1114 4563 totum
1131 4508 1329 4559 volaret
1347 4504 1552 4559 orbem.
1576 4504 1727 4558 Fides
1745 4507 1875 4558 enim
1888 4515 2067 4570 vestra,

501 4598 686 4666 inquit,
714 4598 1042 4652 annuntiatur
1064 4597 1115 4651 in
1140 4606 1240 4650 toto
1268 4595 1470 4650 mundo.
1494 4596 1669 4659 Fides,
1696 4596 2073 4664 nondiscepta-

501 4688 690 4749 tiones.
716 4704 821 4742 nou
847 4689 1170 4759 quaestiones
1195 4730 1209 4752 ,
1241 4704 1342 4745 non
1375 4688 1663 4759 syllogismi
1709 4704 1722 4740 :
1753 4704 2069 4757 quamquam

498 4780 782 4841 multaillic
809 4789 983 4846 erant,
1009 4796 1125 4850 qua:
1160 4780 1455 4834 doctrinam
1486 4780 1819 4848 impedirent.
1855 4779 2063 4839 Etenim

501 4870 745 4936 Romani,
765 4872 853 4942 qui
872 4888 1039 4940 nuper
1053 4872 1331 4941 imperimn
1347 4871 1492 4926 orbis
1520 4870 1694 4939 adepti
1718 4880 1887 4936 erant,
1907 4871 2071 4927 altum

498 4965 797 5033 sapiebant,
828 4966 879 5019 in
906 4964 1108 5018 divitiis
1129 4981 1192 5021 ac
1221 4964 1581 5033 voluptatibus
1607 4965 1767 5019 vitam
1806 4973 2026 5032 agentes
2052 4978 2069 5017 :

499 5055 931 5124 pr:edica:ionem
956 5070 1082 5108 vero
1105 5055 1397 5109 all'erebant
1424 5055 1714 5125 piscatores
1737 5055 1902 5109 εἰυάλεί
1931 5063 1983 5108 ct
2008 5070 2075 5109 ex

496 5143 694 5201 Iudaeis
731 5147 869 5209 orti,
900 5162 1018 5215 qum
1046 5161 1177 5216 gens
1208 5146 1373 5201 invisa
1399 5158 1451 5201 et
1475 5147 1797 5201 exsecranda
1823 5147 2075 5202 omnibus

493 5248 612 5298 erat
635 5281 649 5301 ,
696 5248 748 5294 et
773 5239 1085 5294 cruciﬁxum
1113 5237 1333 5291 adorare
1371 5237 1627 5305 iubebant
1650 5279 1664 5302 ,
1692 5237 1778 5305 qui
1808 5238 1858 5290 in
1884 5237 2075 5292 .Iudzea

499 5330 755 5384 educatus
787 5329 992 5393 fuerat;
1020 5344 1081 5383 ac
1115 5344 1235 5382 eum
1265 5328 1503 5382 doctrina
1534 5328 1693 5380 vitam
1723 5328 1909 5381 duram
1940 5344 2077 5397 pra--

500 5422 807 5478 scribebant
821 5422 1069 5477 doctores
1094 5420 1397 5475 hominibus
1417 5421 1669 5489 voluptati
1695 5420 1882 5473 deditis
1902 5461 1915 5484 ,
1938 5431 1991 5474 et
2012 5423 2076 5474 ad

501 5518 781 5587 praesentia
814 5518 987 5587 solum
1020 5516 1366 5570 inhiantibus.
1400 5513 1479 5567 Ad
1513 5513 1626 5566 lucc
1650 5554 1663 5575 ,
1688 5516 1775 5582 qui
1809 5519 1905 5568 ista
1939 5529 2079 5568 tum-

502 5586 726 5675 tiabant,
754 5586 1014 5677 pauperes
1041 5615 1217 5662 erant.
1250 5604 1446 5665 idiotze,
1487 5606 1741 5673 ignolnles
1769 5620 1833 5658 ex
1877 5606 2079 5674 ignobi-

504 5699 644 5755 libus
670 5698 794 5757 orti.
831 5705 896 5756 At
941 5701 1128 5755 horum
1164 5700 1290 5755 nihil
1336 5699 1477 5754 verbi
1506 5712 1719 5752 cursum
1760 5697 2033 5769 impedivit
2063 5716 2074 5751 :

1581 279 1646 336 IN
1684 280 1898 341 EPIST.
1944 283 2031 338 AD
2063 282 2222 340 ROM.
2264 283 2495 340 IIOMII...
2535 282 2603 341 II.

1928 493 2259 556 HOMILIA
2305 493 2383 557 Il.

2275 421 3749 448 .__._____._.___._.________________________

2176 645 2319 693 tanta
2346 644 2465 697 erat
2488 638 2726 695 crucifixi
2747 643 3000 711 potentia,
3029 654 3088 699 ut
3112 647 3328 704 verbum
3355 650 3587 722 undique
3607 666 3753 723 spare

2170 738 2339 795 geret.
2369 730 2711 790 Anuuutiatur
2729 774 2745 798 ,
2777 734 2967 803 inquit,
2995 737 3049 789 in
3075 746 3177 792 toto
3201 741 3407 801 mundo.
3431 742 3549 799 Non
3576 744 3710 800 dixit
3728 788 3753 812 ,_

2174 817 2569 887 Manifestatur;
2600 824 2692 880 sed
2714 867 2730 890 ,
2769 825 3113 882 Annuutiatur
3134 871 3149 893 ,
3178 844 3241 885 ac
3264 831 3309 886 si
3331 848 3517 889 omnes
3546 836 3601 891 iu
3646 850 3745 892 ore

2173 912 2391 969 ferrent.
2419 911 2473 966 Id
2500 929 2627 971 vero
2662 915 2704 969 Τ
2708 915 3243 988 hessaloniceusibus,
3285 925 3573 982 testiﬁcans
3597 927 3745 985 aliud.

2174 1000 2318 1055 addit
2348 1020 2361 1055 :
2390 1017 2509 1057 cum
2548 1005 2765 1063 dixisset
2811 1011 2950 1064 enim
2976 1051 2992 1075 ,
3019 1010 3062 1064 Α
3091 1011 3227 1066 vobis
3265 1026 3498 1083 personat
3541 1019 3748 1076 verbum

2171 1088 2295 1151 Dei.
2330 1092 2544 1159 subdit,
2594 1094 2679 1150 Ita
2716 1106 2770 1151 ut
2792 1115 2890 1152 non
2926 1117 3052 1168 opus
3088 1104 3153 1156 sit
3195 1105 3338 1158 nobis
3379 1106 3515 1170 loqu:
3548 1108 3744 1179 aliquid

2172 1186 2247 1254 (1.
2270 1182 2451 1248 Thess.
2472 1188 2524 1242 I.
2547 1188 2627 1257 8).
2660 1190 2907 1260 Discipuli
2931 1208 3158 1264 namque
3180 1196 3229 1249 in
3257 1196 3536 1253 doctorum
3556 1202 3745 1272 gradu,

2170 1291 2290 1330 cum
2315 1277 2504 1336 Iiducia
2531 1280 2776 1350 loquendi
2803 1297 2989 1339 omnes
3010 1285 3357 1345 instituebant
3383 1299 3437 1344 et
3464 1291 3531 1346 ad
3555 1305 3615 1348 se
3643 1302 3752 1348 traw

2173 1368 2386 1426 hebant.
2410 1371 2679 1442 Nusquam
2710 1376 3017 1445 pr:edicatio
3039 1378 3278 1443 sistebat,
3306 1381 3400 1437 sed
3430 1383 3551 1451 igne
3583 1383 3747 1437 vehe-

2172 1463 2402 1523 mentius
2439 1472 2604 1523 totum
2641 1466 2968 1536 pervadebat
3001 1470 3209 1528 orbem.
3253 1471 3365 1527 Hoc
3407 1482 3585 1528 autem
3628 1472 3748 1531 loco

2170 1554 2340 1609 Solum
2363 1556 2573 1623 dicitur,
2598 1557 2737 1628 quod
2760 1560 3123 1615 annuntiatur.
3145 1560 3286 1616 Bene
3311 1562 3463 1629 dixit,
3493 1565 3613 1634 quia
3638 1566 3746 1618 Au-

2171 1648 2449 1713 nuntiatur,
2467 1650 2753 1706 ostendens
2772 1651 2901 1707 nihil
2918 1651 3219 1707 addendum
3246 1653 3403 1709 dictis
3431 1670 3550 1710 esse
3567 1698 3582 1721 ,
3614 1657 3746 1711 nihil

2171 1736 2489 1799 demendum
2516 1743 2716 1797 :uuntii
2737 1743 2877 1797 enim
2894 1742 3136 1813 hoeopus
3149 1752 3250 1806 est,
3277 1753 3335 1799 ιιι
3352 1759 3413 1800 ea
3436 1748 3605 1801 solum
3627 1764 3747 1818 qua:

2171 1828 2309 1881 dicta
2341 1838 2465 1883 sunt
2487 1832 2697 1892 aderat.
2728 1834 2959 1903 Ideoque
2997 1835 3250 1891 sacerdos
3277 1838 3499 1894 nuntius
3526 1854 3622 1895 seu
3650 1857 3748 1896 an—

2170 1921 2321 1989 gelus
2344 1934 2565 1978 vocatur
2584 1967 2598 1987 ,
2629 1926 2750 1996 quia
2774 1942 2880 1983 non
2907 1944 2999 1982 sua
3025 1930 3049 1993 ,‘
3081 1928 3174 1984 sed
3203 1945 3263 1984 ea
3289 1972 3305 1995 ,
3338 1947 3458 2001 quae
3487 1932 3746 1991 mittentis

2171 2023 2297 2067 sunt
2321 2056 2334 2079 ,
2364 2017 2667 2071 atmuntiat.
2712 2020 2872 2089 Atqui
2900 2019 3093 2075 Petrus
3125 2022 3232 2077 illic
3262 2024 3598 2093 prtedieavit;
3650 2010 3746 2082 sed

2171 2106 2337 2176 ipsius
2357 2119 2492 2173 acta,
2521 2118 2575 2164 et
2600 2124 2695 2165 sua
2723 2125 2843 2167 esse
2877 2112 3023 2168 ducit
3052 2132 3067 2169 :
3099 2115 3196 2179 sic,
3227 2126 3283 2169 ut
3311 2132 3470 2186 supra
3516 2119 3647 2186 dixi,
3675 2120 3744 2174 ab

2171 2197 2365 2258 invidia
2426 2201 2728 2254 omuimoda
2787 2202 2943 2259 liber.
2996 2205 3049 2260 9.
3109 2205 3266 2260 Testis
3312 2210 3446 2275 enim
3500 2221 3572 2263 est
3621 2212 3749 2265 mihi

2170 2287 2327 2353 Deus,
2362 2291 2443 2343 cui
2468 2294 2627 2346 servio
2651 2293 2704 2347 iu
2738 2294 2918 2363 spiritu
2943 2304 3075 2364 mea,
3103 2298 3155 2351 in
3185 2301 3437 2371 evangelio
3466 2301 3587 2355 Filii
3609 2307 3742 2373 ejus.

2238 2380 2290 2440 2.
2319 2381 2395 2434 Ex
2425 2382 2730 2450 apostolicis
2749 2386 3042 2442 visceribus
3067 2389 3181 2443 hmo
3207 2391 3366 2446 verba
3396 2393 3743 2461 proficiscun-

2172 2481 2285 2539 tur,
2315 2483 2543 2542 paternw
2564 2491 2705 2529 cura:
2734 2480 2997 2533 sententia
3025 2490 3125 2533 est.
3159 2480 3293 2549 Quid
3325 2497 3453 2538 vero
3478 2484 3579 2541 sibi
3612 2487 3745 2553 vult,

2171 2573 2225 2619 et
2252 2581 2352 2635 qua
2383 2566 2453 2621 de
2479 2582 2639 2622 causa
2678 2569 2842 2624 Deum
2874 2582 3027 2626 vocat
3059 2580 3246 2627 testem
3278 2574 3300 2628 ?
3331 2574 3406 2630 De
3431 2576 3621 2632 aIIectu
3649 2593 3748 2633 suo

2172 2672 2349 2710 sermo
2383 2668 2517 2712 erat.
2559 2658 2690 2727 Quia
2735 2660 2892 2730 igitur
2930 2663 3163 2721 nondum
3208 2664 3327 2721 illos
3356 2667 3585 2735 viderat,
3627 2670 3748 2726 ideo

2172 2750 2374 2804 nullum
2403 2751 2671 2807 hominem
2694 2795 2707 2815 ,
2741 2753 2833 2808 sed
2874 2770 2994 2810 eum
3015 2796 3031 2822 ,
3063 2758 3150 2827 qui
3202 2758 3252 2811 in
3281 2759 3442 2817 corda
3470 2772 3746 2831 penetrat,

2174 2844 2375 2895 vocavit
2404 2852 2613 2897 testem.
2648 2844 2933 2923 Postquam
2960 2848 3101 2903 enim
3129 2848 3358 2916 dixerat,
3392 2852 3529 2915 Amo
3549 2869 3664 2918 vos,
3696 2864 3752 2909 et

2172 2934 2378 3003 signum
2406 2935 2651 2990 attulerat
2671 2937 2811 3005 quod
2837 2935 3150 3008 frequenter
3179 2951 3509 3011 precaretur,
3533 2954 3585 2999 et
3609 2946 3751 3011 quod

2172 3026 2333 3080 vellet
2365 3027 2506 3096 ipsos
2532 3028 2681 3083 adire
2711 3046 2724 3081 :
2753 3044 2870 3084 cum
2905 3030 3004 3085 hoc
3027 3032 3197 3100 palam
3234 3048 3335 3087 non
3364 3045 3527 3101 esset,
3551 3036 3617 3091 ad
3646 3036 3751 3093 ﬁde

2174 3117 2391 3188 dignum
2441 3119 2799 3174 testimonium
2847 3120 3102 3192 confugit.
3135 3125 3215 3177 An
3246 3125 3440 3194 poterit
3469 3128 3747 3196 quisquam

2172 3221 2404 3266 vestrum
2424 3211 2662 3281 gloriari,
2686 3213 2825 3283 quod
2849 3217 3158 3270 memoriam
3184 3217 3341 3272 Iaeiat
3357 3218 3498 3272 dumi
3524 3234 3751 3289 prccaus

2174 3303 2515 3372 plenitudinis
2564 3305 2861 3360 Ecclesiaa?
2900 3307 3013 3361 Non
3061 3319 3201 3377 puto.
3250 3310 3354 3365 Sed
3404 3311 3599 3369 Paulus
3642 3330 3748 3368 non

2173 3411 2270 3464 pro
2299 3410 2399 3448 una
2427 3395 2656 3459 civitate,
2682 3396 2775 3451 sed
2809 3413 2904 3467 pro
2928 3405 3037 3452 toto
3055 3400 3184 3454 orbe
3208 3400 3371 3454 Deum
3398 3403 3746 3471 precabatur;

2174 3486 2332 3556 idque
2362 3501 2465 3541 non
2488 3487 2675 3550 semel,
2702 3502 2804 3541 non
2837 3490 2939 3555 bis,
2965 3505 3068 3544 non
3093 3500 3194 3557 ter,
3219 3492 3311 3546 sed
3342 3494 3574 3548 assidue.
3598 3494 3751 3562 Quod

2173 3579 2215 3629 si
2241 3579 2453 3632 assidue
2477 3580 2526 3632 in
2552 3581 2807 3635 memoria
2830 3582 3129 3652 quempiam
3155 3584 3512 3651 circumferat,
3539 3586 3751 3642 nonnisi

2174 3685 2237 3723 ex
2256 3672 2477 3726 caritate
2496 3688 2681 3741 magna
2708 3670 2817 3727 Ileri
2838 3674 3032 3744 possit:
3051 3691 3170 3729 nam
3192 3677 3243 3730 in
3266 3677 3508 3745 prccilms
3524 3679 3753 3732 circum-

2174 3761 2335 3827 ferre,
2365 3763 2522 3832 idque
2552 3765 2931 3823 indesinenter.
2960 3769 3129 3836 Cogita
3157 3771 3333 3837 quanti
3363 3770 3428 3821 sit
3459 3772 3677 3824 allectus
3697 3782 3752 3826 et

2173 3855 2387 3909 amoris.
2420 3856 2548 3910 Cum
2580 3867 2753 3912 autem
2780 3858 2927 3923 dicit,
2953 3857 3048 3913 Cui
3073 3862 3230 3913 servio
3261 3863 3311 3914 in
3333 3863 3513 3931 spiritu
3539 3879 3668 3924 meo,
3696 3864 3750 3917 in

2174 3949 2427 4018 cvanqelio
2453 3947 2576 4002 Filii
2604 3966 2735 4018 ejus,
2765 3950 2855 4003 Dei
2876 3952 3099 4020 gratiam
3125 3953 3302 4018 simul,
3324 3963 3377 4007 et
3395 3953 3747 4010 humilitatem

2175 4056 2326 4095 suam
2360 4042 2512 4096 nobis
2541 4042 2791 4097 exhibet.
2829 4045 2918 4098 Dei
2947 4046 3194 4114 gratiam,
3226 4046 3364 4115 quod
3398 4056 3594 4101 tardam
3636 4062 3747 4100 rem

2178 4134 2275 4203 ipsi
2298 4136 2623 4189 commiserit
2655 4153 2668 4199 ;
2704 4135 3050 4190 humilitatem
3083 4153 3229 4191 suam
3252 4179 3265 4199 ,
3290 4138 3545 4205 quia'non
3574 4138 3751 4192 studio

2176 4240 2296 4287 suo,
2321 4225 2412 4279 sed
2436 4227 2662 4294 Spiritus
2692 4227 2888 4281 auxilio
2918 4237 3081 4280 totum
3108 4228 3381 4283 adscribit.
3410 4226 3540 4284 Cum
3572 4240 3748 4283 autem

2177 4319 2507 4387 evangelium
2557 4318 2743 4380 addit,-
2785 4319 3059 4371 ministerii
3127 4334 3296 4388 genus
3345 4319 3561 4374 indicat.
3612 4318 3744 4375 Nam

2178 4410 2331 4464 multi
2360 4420 2409 4463 ct
2438 4409 2630 4463 diversi
2661 4419 2781 4462 sunt
2804 4410 3080 4464 ministerii
3104 4410 3268 4477 modi,
3298 4412 3575 4482 cultusque
3599 4414 3753 4468 simi-

2177 4500 2317 4556 liter.
2345 4499 2799 4565 Quemadmodum
2827 4500 2964 4553 enim
2984 4502 3118 4569 apud
3147 4518 3297 4571 rcges
3316 4519 3500 4557 omnes
3520 4505 3619 4561 sub
3644 4521 3753 4560 uno

2180 4601 2303 4645 sunt
2355 4591 2622 4660 principe,
2670 4591 2763 4645 sed
2809 4607 2915 4645 non
2962 4591 3099 4647 idem
3161 4608 3348 4648 onmes
3398 4593 3752 4652 ministerium

2180 4694 2431 4741 exercent
2465 4702 2478 4737 :
2518 4685 2655 4740 alius
2692 4702 2830 4739 ctum
2859 4686 3114 4740 exercitui
3147 4688 3400 4756 imperat,
3432 4689 3568 4743 alius
3596 4690 3754 4744 urbes

2179 4780 2345 4849 regit,
2379 4780 2514 4833 alius
2557 4779 2611 4833 in
2643 4779 2911 4846 penuariis
2943 4780 3193 4847 pecunias
3223 4792 3399 4834 servat
3442 4798 3456 4834 :
3497 4782 3576 4836 sic
3613 4790 3670 4836 et
3702 4782 3754 4834 in

2181 4870 2563 4939 Spiritualibus,
2596 4872 2729 4923 alius
2762 4886 2855 4939 per
2882 4871 3037 4925 [idem
3072 4871 3234 4925 Deum
3257 4873 3612 4943 colitipsique
3641 4886 3757 4927 ser-

2182 4964 2290 5028 vit,
2342 4963 2608 5031 vitamque
2644 4977 2790 5015 suam
2836 4971 2980 5015 recte
3031 4963 3258 5016 instituit
3303 4964 3485 5018 :alius
3517 4964 3756 5032 hospites

2181 5056 2376 5124 exeipit
2399 5096 2413 5118 ,
2458 5054 2595 5108 alius
2638 5054 2850 5117 inopum
2882 5069 3060 5107 curam
3093 5057 3270 5124 gerit:
3308 5054 3756 5124 quemadmodum

2182 5148 2340 5201 etiam
2387 5145 2526 5216 apud
2555 5146 2823 5213 apostolos
2852 5144 3152 5213 Stephanus
3193 5161 3284 5213 per
3314 5145 3589 5200 viduarum
3617 5162 3757 5215 pra:-

2183 5241 2374 5294 sidium
2400 5249 2453 5292 et
2477 5253 2657 5292 curant
2699 5239 2806 5292 Deo
2832 5238 3105 5292 serviebat
3134 5254 3150 5301 ;
3181 5240 3434 5307 aliusper
3459 5238 3757 5293 doctrinam

2184 5331 2331 5385 terhi
2362 5347 2376 5395 ;
2415 5345 2479 5383 ex
2512 5346 2736 5397 quorum
2781 5344 3002 5382 numero
3030 5328 3221 5383 Paulus
3252 5338 3385 5393 erat,
3416 5330 3505 5398 qui
3533 5330 3583 5383 itt
3616 5346 3754 5399 prte-

2184 5422 2451 5476 diCatione
2480 5422 2741 5490 evangelii
2777 5421 2883 5474 Deo
2912 5421 3179 5474 serviebat
3209 5440 3222 5475 :
3254 5431 3309 5473 et
3333 5418 3420 5474 hic
3449 5430 3565 5475 erat
3592 5423 3759 5491 ipsius

2185 5514 2460 5568 servitutis
2492 5515 2677 5568 modus
2705 5532 2717 5565 :
2748 5515 2849 5568 hoc
2877 5514 3018 5569 enim
3060 5514 3157 5582 ipsi
3187 5514 3533 5569 commissum
3561 5516 3754 5572 fuerat.

2187 5607 2312 5662 Ideo
2341 5623 2444 5661 non
2487 5606 2645 5661 modo
2674 5607 2839 5661 Deum
2868 5615 3055 5660 teStem
3088 5617 3262 5671 vocat,
3298 5608 3390 5661 sed
3420 5610 3469 5663 id
3495 5610 3591 5663 sibi
3623 5626 3762 5663 eon-

2189 5698 2447 5754 creditum
2482 5712 2599 5754 esse
2624 5698 2747 5751 dicit
2770 5738 2785 5763 ,
2810 5696 3083 5751 declarans
3114 5710 3170 5751 se
3202 5698 3284 5751 cui
3324 5700 3445 5753 talia
3478 5703 3758 5754 conunlssa
