4122 6150
453 247 559 303 403

458 357 706 429 fuerant,
755 361 1178 417 committentem
1219 360 1320 417 sibi
1363 362 1414 415 in
1452 370 1641 416 testem
1673 377 1767 430 pro
1800 376 1857 415 re
1897 359 2025 415 falsa

452 467 737 521 numquam
760 463 1077 507 vocaturum
1115 450 1300 506 fuisse.
1329 452 1408 506 Ad
1446 452 1559 508 haec
1582 454 1741 507 etiam
1767 451 1893 507 illud
1918 452 2027 505 vult

452 543 765 606 ostendere,
798 544 1071 598 caritatem
1113 553 1167 599 ct
1193 559 1375 599 curam
1402 561 1558 615 quam
1587 545 1656 600 de
1680 545 1784 600 illis
1811 545 2027 615 gerebat

451 635 805 706 necessariam
842 650 980 692 esse.
1022 636 1100 691 Ne
1122 636 1360 692 dicerent
1391 640 1529 692 enim
1564 636 1684 693 :Tu
1712 639 1832 709 quis
1858 652 1937 702 es,
1971 646 2025 692 et

452 727 592 783 unde
613 727 839 783 civitatis
867 738 1027 784 tantae
1056 745 1121 785 ac
1147 730 1304 800 regiae
1330 745 1510 784 curam
1550 738 1601 786 te
1629 729 1905 799 suscipere
1944 731 2025 784 di-

449 819 525 872 cis
553 818 578 870 ?
606 819 834 874 ostendit
866 819 1010 875 illam
1040 836 1188 874 suam
1215 819 1627 876 sollicitudinem
1660 823 2019 877 necessariam

451 924 568 966 esse
606 929 619 964 :
655 910 914 981 siquidem
947 914 1031 967 bic
1071 914 1141 967 illi
1173 913 1445 969 servitutis
1482 913 1673 969 modus
1702 917 2022 969 constitutus

448 1013 548 1066 est.
572 1012 630 1058 ut
655 1005 985 1075 evangelium
1011 1006 1310 1061 annuntiet.
1328 1005 1459 1060 Nam
1492 1006 1557 1073 is,
1584 1008 1667 1062 cui
1700 1005 1802 1061 hoc
1831 1023 2022 1062 nnruus

450 1093 698 1149 traditum
721 1104 823 1161 est,
848 1098 1148 1152 necessario
1167 1097 1329 1152 debet
1344 1112 1457 1163 eos,
1486 1097 1576 1168 qui
1598 1098 1815 1153 verbum
1843 1113 2023 1153 susce-

449 1186 590 1257 pturi
616 1194 771 1256 sunt,
800 1202 1014 1258 semper
1044 1189 1095 1243 in
1126 1198 1302 1244 mente
1330 1189 1549 1246 habere.
1580 1190 1731 1245 Aliud
1763 1192 1922 1246 etiam
1949 1193 2021 1245 si-

448 1275 683 1346 gniﬁcat,
702 1293 822 1332 cum
844 1279 970 1335 dicit
992 1296 1006 1333 :
1027 1278 1094 1334 In
1115 1281 1297 1348 spiritu
1318 1297 1427 1336 mea
1451 1296 1471 1335 :
1488 1281 1628 1352 quod
1649 1297 1840 1353 nempe
1867 1283 2021 1355 longe

450 1368 731 1426 sublimior
754 1379 870 1427 erat
894 1371 1009 1427 haec
1034 1373 1220 1444 religio
1248 1388 1403 1443 quam
1433 1374 1656 1444 gentilis
1671 1383 1725 1430 et
1751 1374 1968 1431 Judaica
2000 1392 2023 1429 :-

449 1477 572 1518 nam
599 1464 811 1534 gentilis
834 1472 889 1519 et
916 1480 1137 1521 erronea
1164 1475 1220 1522 et
1242 1467 1470 1522 carnalis
1491 1478 1605 1522 erat
1623 1507 1640 1534 ,
1672 1466 1890 1523 Judaica
1920 1482 2017 1523 au-

449 1565 560 1612 tem
589 1571 712 1612 vera
740 1554 977 1627 quidem,
1007 1557 1100 1614 sed
1125 1557 1355 1613 carnalis
1380 1567 1435 1614 et
1460 1558 1573 1628 ipsa
1599 1567 1744 1623 erat;
1766 1557 2019 1615 Ecclesiae

447 1658 608 1716 porro
629 1647 820 1713 cultus,
843 1649 1028 1719 gentili
1057 1648 1381 1715 contrarius,
1409 1648 1631 1705 Judaioo
1655 1660 1830 1705 autem
1858 1649 2018 1721 longe

443 1738 723 1795 sublimior
742 1751 845 1796 est.
868 1741 981 1796 Non
1012 1741 1154 1798 enim
1179 1755 1332 1809 oves,
1360 1742 1577 1809 vitulos,
1608 1740 1814 1798 fumum
1851 1752 1906 1798 et
1935 1744 2027 1798 ni-.

444 1830 629 1887 dorem
659 1834 831 1889 cultus
858 1844 1042 1890 noster
1077 1834 1313 1899 adhibet,
1352 1835 1446 1891 sed
1478 1849 1575 1906 per
1598 1836 2019 1907 animamspiri-

444 1923 642 1979 tualem
668 1925 758 1982 lit:
781 1926 920 1997 quod
938 1926 1228 1984 ostendens
1246 1926 1491 1983 Christus
1507 1928 1721 1984 dicebat
1747 1947 1760 1983 :
1791 1928 2015 2000 Spiritus

440 2026 515 2073 est
544 2016 699 2087 Deus,
727 2031 773 2075 et
788 2036 873 2076 eos
898 2024 985 2094 qui
1011 2022 1159 2077 illum
1177 2022 1415 2088 adorant,
1442 2023 1495 2076 in
1522 2023 1705 2091 spiritu
1734 2031 1780 2077 et
1807 2024 2016 2078 ueritate

440 2108 659 2164 adorare
682 2121 877 2180 oportet
900 2112 920 2185 (
934 2110 1091 2168 Joan.
1124 2113 1177 2168 4.
1200 2112 1325 2183 24).
1352 2110 1421 2167 lin
1450 2113 1706 2184 euangelio
1734 2113 1859 2170 Filii
1878 2116 2008 2185 eius.

438 2200 571 2256 Cum
602 2206 855 2275 superius
891 2207 1117 2262 dixisset
1159 2207 1488 2277 evangelium
1532 2205 1703 2262 Patris
1729 2221 1883 2271 esse,
1920 2207 2012 2267 hic

440 2291 563 2348 Filii
580 2302 710 2350 esse
737 2295 867 2351 dicit
910 2315 935 2353 :t
965 2298 1037 2353 ita
1068 2296 1433 2353 indiderenter
1460 2297 1634 2354 Patris
1653 2305 1718 2353 et.
1736 2297 1852 2352 Filii
1879 2298 2016 2354 dici-

438 2391 545 2438 tur.
585 2384 808 2441 Edidicit
832 2387 975 2442 enim
1010 2403 1039 2443 a
1069 2388 1220 2443 beata
1248 2389 1333 2445 illa
1355 2405 1502 2455 voce,
1529 2404 1649 2460 quae
1684 2389 1860 2445 Patris
1881 2398 2009 2446 sunt

439 2473 558 2528 Filii
597 2490 737 2538 esse.
766 2486 827 2532 et.
855 2495 974 2548 qua:
1002 2480 1133 2536 Filii
1152 2478 1275 2534 item
1305 2480 1496 2536 Patris.
1528 2480 1714 2536 Omnia
1747 2483 1897 2548 enim,
1928 2482 2011 2537 in-

436 2567 572 2634 quit,
605 2577 691 2621 tua
718 2586 826 2623 mea
853 2568 990 2635 sunt,
1017 2584 1065 2625 et
1093 2589 1202 2626 mea
1224 2582 1309 2626 tua
1333 2581 1450 2626 sunt
1475 2571 1651 2643 (loan.
1679 2574 1767 2627 17.
1797 2572 1909 2644 10).
1940 2573 2010 2630 Ut

434 2656 770 2715 indesinenter
800 2664 1091 2716 memoriam
1133 2665 1284 2718 vestri
1319 2664 1515 2734 faciam
1539 2665 1594 2719 in
1620 2666 1853 2735 precibus
1885 2668 2008 2722 meis

433 2748 620 2819 (Ibid.
655 2752 711 2823 ).,
750 2751 863 2808 Hoc
908 2770 1174 2820 germanae
1234 2754 1470 2812 caritatis
1519 2766 1622 2812 est.
1682 2758 1748 2812 Et
1800 2758 2008 2814 videtur.

431 2844 644 2911 quidem
678 2861 837 2900 unum
867 2847 1065 2909 dicere.
1099 2848 1222 2903 dum
1246 2861 1472 2921 quatuor
1500 2850 1651 2920 ponit
1682 2870 1696 2906 :
1725 2851 1866 2922 quod
1890 2867 1994 2908 me«

431 2951 550 2992 tnor
577 2938 666 2999 sit,
699 2939 842 3007 quod
873 2940 1256 3007 indesinenter,
1287 2942 1430 3013 quod
1461 2944 1513 2996 in
1550 2944 1816 3012 precibus,
1837 2944 2006 3014 quod-

430 3044 535 3099 que
573 3045 669 3098 pro
700 3031 906 3101 magnis
932 3035 1091 3089 rebus
1118 3044 1389 3103 precetur.
1490 3034 1579 3089 ω.
1613 3030 1780 3089 Orans
1822 3034 1869 3089 si
1904 3052 2004 3105 quo

430 3121 581 3174 modo
609 3122 888 3192 aliquando
927 3106 1168 3194 prospere
1202 3124 1409 3194 possim,
1437 3124 1629 3177 volente
1667 3123 1776 3178 Deo
1794 3166 1809 3189 ,
1836 3125 2005 3181 venire

428 3211 507 3265 ad'
526 3228 631 3266 vos.
680 3213 765 3267 Η.
801 3211 1045 3268 Desidere
1077 3214 1209 3269 enim
1239 3213 1405 3267 eidem
1431 3230 1537 3269 vos.
1582 3214 1772 3270 Viden’
1797 3230 2003 3272 summe

429 3313 697 3372 aptantem
743 3305 864 3361 illos
892 3305 1110 3371 videre,
1161 3321 1333 3376 neque
1370 3306 1421 3361 id
1461 3305 1637 3362 facere
1674 3316 1867 3376 prmter
1908 3308 2003 3365 Dei

429 3394 691 3464 placitum
714 3396 1002 3459 volentem,
1033 3397 1124 3452 sed
1155 3410 1392 3452 amorem
1423 3397 1517 3452 Dei
1561 3397 1751 3452 timore
1779 3398 2000 3456 mixtum

426 3495 701 3554 gerentem
723 3486 757 3540 ἓν
772 3487 999 3543 Amabat
1019 3489 1215 3558 quippe
1241 3488 1357 3542 illos
1380 3498 1435 3544 et
1452 3489 1517 3543 ad
1541 3488 1657 3543 illos
1680 3489 1999 3559 festinabat;

428 3578 521 3632 sed
549 3577 674 3634 licet
696 3586 922 3642 amaret,
950 3593 1053 3633 non
1081 3586 1273 3647 praeter
1311 3578 1401 3633 Dei
1431 3578 1679 3649 placitum
1708 3580 1886 3637 videre
1906 3595 2003 3638 cu-

429 3667 628 3737 piebat».
665 3668 795 3722 Haec
811 3677 894 3723 est
915 3683 1165 3738 germana
1204 3668 1442 3727 caritas:
1476 3671 1743 3727 nonsicut
1770 3689 1886 3738 nos,
1911 3673 2001 3746 qui

429 3759 678 3829 utrinque
704 3776 732 3812 a
772 3759 1009 3815 caritatis
1040 3760 1243 3832 legibus
1266 3761 1560 3819 excidimus
1593 3782 1606 3819 ε
1637 3780 1757 3819 nam
1788 3766 1885 3821 vel‘
1907 3781 2004 3822 ne-

429 3850 628 3905 tuinem
656 3865 903 3906 amamus
921 3891 937 3917 ,
963 3852 1053 3907 vel
1075 3852 1121 3906 si
1144 3866 1384 3908 amemus
1403 3894 1421 3921 ,
1453 3853 1502 3907 id
1533 3865 1728 3925 praeter
1758 3856 1853 3911 Dei
1883 3857 2000 3927 pla-

429 3940 594 3997 citum
652 3940 923 4009 facimus;
975 3952 1258 4014 utrumque
1314 3951 1497 3999 contra
1547 3945 1777 4001 divinam
1832 3947 2000 4017 legem

430 4030 706 4089 facientes.
725 4033 780 4090 Si
809 4033 925 4091 hare
943 4034 1084 4091 dicta
1106 4049 1353 4100 onerosa,
1370 4037 1678 4093 ouerosiora
1707 4047 1852 4095 certe
1877 4046 2002 4095 sunt

427 4127 473 4181 si
507 4125 653 4181 fiant.

500 4219 553 4274 5.
584 4217 648 4272 Et
672 4217 961 4289 quomodo,
986 4217 1215 4290 inquies,
1238 4228 1433 4291 praeter
1457 4220 1551 4276 Dei
1579 4221 1826 4292 placitum
1851 4237 2000 4278 ama-

428 4323 549 4363 mus
578 4309 603 4362 ἶ)
630 4308 853 4377 Quando
886 4308 1153 4366 Christum
1198 4312 1335 4366 fame
1370 4311 1726 4368 tabescentem
1766 4313 1996 4385 despici-

432 4416 573 4467 mus,
601 4400 723 4458 liliis
748 4413 925 4458 autem
946 4444 960 4468 ,
993 4404 1179 4459 amicis
1209 4412 1263 4458 et
1287 4405 1525 4473 cognatis
1566 4405 1684 4474 plus
1712 4421 1870 4476 quam
1900 4423 1999 4463 ne-

429 4509 579 4549 cesse
594 4505 675 4551 est
691 4496 997 4566 elargimur.
1021 4496 1133 4550 lmo
1154 4497 1326 4566 potius
1345 4497 1467 4565 quid
1490 4513 1625 4565 opus
1648 4508 1729 4551 est
1754 4512 2000 4555 sermone

431 4589 652 4642 ulterius
698 4589 942 4658 progredi
973 4589 1000 4641 ?
1040 4588 1171 4643 Nam
1210 4590 1254 4642 si
1285 4604 1433 4643 suam
1463 4590 1685 4659 qniSqne
1723 4593 2001 4647 conscien-

433 4679 557 4732 tiam
605 4679 1025 4746 examinaverit,
1071 4680 1313 4748 plurimis
1342 4679 1393 4732 in
1441 4680 1599 4733 rebus
1641 4681 1740 4733 hoc
1782 4696 1811 4734 a
1847 4683 2009 4737 noliis

428 4772 624 4826 factum
650 4787 769 4827 esse
794 4772 1181 4841 deprehendet.
1217 4773 1287 4826 At
1310 4773 1496 4827 beatus
1529 4772 1718 4828 virille
1744 4787 1849 4828 non
1881 4775 1999 4830 talis

428 4872 565 4929 erat,
606 4861 702 4917 sed
726 4878 926 4927 amare,
952 4873 1006 4917 et
1037 4873 1092 4918 ut
1118 4878 1214 4934 par
1238 4872 1320 4918 est
1343 4878 1524 4918 amare
1562 4864 1784 4929 sciebat,
1813 4876 1995 4933 atque,

429 4954 531 5010 etsi
565 4970 751 5010 omnes
796 4955 847 5009 in
891 4969 1073 5009 amore
1104 4956 1371 5018 vinceret,
1406 4955 1644 5010 caritatis
1675 4966 1848 5010 tamen
1887 4971 2000 5011 mo-

428 5046 554 5103 dum
585 5063 688 5102 non
722 5046 1227 5117 transgrediebatur.
1262 5046 1394 5101 Vide
1419 5061 1545 5117 ergo
1572 5057 1854 5117 utrumque
1879 5049 1996 5104 esi-

430 5140 545 5195 mie-
564 5140 616 5194 in
645 5139 737 5194 illo
762 5138 1055 5205 abundare,
1084 5149 1137 5193 et
1170 5137 1261 5192 Dei
1288 5138 1532 5192 timorem
1561 5148 1614 5192 et
1636 5138 1993 5194 Romanorum

426 5231 783 5288 dilectionem.
802 5229 931 5285 Nam
953 5230 1093 5300 quod
1116 5230 1479 5286 indesinenter
1505 5239 1829 5299 precaretur,
1857 5241 1912 5286 et
1938 5247 1996 5287 re

428 5338 533 5376 non
575 5322 853 5392 impetrata
894 5336 999 5376 non
1039 5330 1213 5376 tamen
1245 5321 1558 5386 desisteret,
1602 5322 1839 5376 ardentis
1880 5331 1997 5377 erat

429 5417 629 5469 amoris
657 5433 671 5479 ;
714 5414 962 5487 quodque
1000 5414 1227 5470 amando
1255 5414 1570 5484 persisteret
1596 5415 1688 5468 Dei
1718 5415 1865 5470 nntui
1893 5416 1994 5469 ob-

427 5521 656 5577 sequens
676 5547 690 5569 ,
734 5522 957 5562 summa:
998 5506 1209 5577 pietatis
1238 5513 1375 5561 erat.
1404 5506 1543 5559 Alibi
1573 5507 1733 5560 etiam
1759 5521 1879 5560 eum
1912 5515 1993 5561 ter

431 5596 710 5650 Dominum
739 5606 998 5669 rogasset,
1032 5612 1128 5652 nec
1153 5597 1507 5665 impetrasset,
1534 5597 1642 5651 imo
1668 5598 1992 5651 contrarium

427 5686 526 5742 sibi
558 5688 870 5757 accidisset,
910 5690 1105 5761 gratias
1142 5692 1249 5761 egit
1279 5691 1536 5746 maximas
1560 5691 1699 5761 quod
1725 5692 1990 5761 repulsam

1182 240 1245 300 5.
1279 241 1556 300 JOANNIS
1591 244 2059 303 CIIRYSOSTOMI
2097 245 2413 302 ARliHIEP.
2445 250 2987 316 CONSTANTINOP-

3598 268 3721 329 ω..

2132 360 2336 417 tulisset
2358 364 2442 437 (2.
2471 364 2591 421 Cor.
2620 368 2703 422 Η.
2726 369 2831 442 8)ρ;
2859 374 2936 428 sic
2967 374 3133 432 ille~in
3158 380 3409 437 omnibus
3433 383 3500 439 ad
3531 385 3725 442 Deum.

2128 469 2187 509 se
2214 460 2574 514 convertebat.
2609 461 2706 516 llic
2733 474 2907 519 autem
2937 475 3144 537 accepit
3171 473 3413 542 quidem,
3453 479 3546 533 sed
3591 497 3694 535 non

2127 549 2337 613 quando
2369 552 2618 619 petebat;
2646 555 2736 608 sed
2761 555 2989 623 tardius,
3024 576 3122 616 nec
3149 565 3374 621 moleste
3404 568 3540 625 tulit.
3573 571 3710 629 Ιιςιιοι

2127 654 2286 708 porro
2323 643 2462 707 dico,
2493 656 2549 700 ut
2579 662 2684 702 non
2712 665 2853 719 aegre
2892 650 3126 709 feramus
3152 658 3365 724 quando
3390 675 3494 716 non
3526 679 3692 719 exau-

2124 731 2318 800 dimur,
2347 738 2446 791 ver
2459 752 2577 792 cum
2606 742 2809 796 tardius
2831 745 3168 800 exaudimur.
3198 748 3313 805 Non
3335 753 3475 809 enim
3503 771 3693 813 sumus

2124 824 2290 879 Paulo
2318 829 2587 892 meliores.
2623 833 2711 902 qui
2748 836 2816 889 de
2860 848 3086 906 utroque
3116 842 3319 909 gratias
3341 846 3467 916 egit,
3493 858 3547 904 et
3573 852 3697 918 qni-

2123 916 2242 970 dem
2262 918 2382 987 jure
2407 923 2617 976 merito.
2640 923 2770 993 Quia
2799 927 2957 982 enim
2974 933 3151 985 manui
3173 936 3353 990 omnia
3374 916 3688 1008 gubernanti

2122 1021 2182 1063 se
2211 1011 2375 1064 semel
2397 1012 2694 1081 dediderat,
2722 1027 2778 1071 et
2796 1035 2915 1073 eum
2946 1030 3088 1076 tanta
3117 1024 3469 1094 subjectione,
3493 1045 3688 1102 quanta

2122 1098 2309 1193 l-utumr
2335 1103 2536 1173 ﬁgulo;
2578 1123 2683 1175 quo
2720 1108 2945 1166 ducebat
2996 1113 3133 1169 Deus
3156 1117 3305 1183 ,.illo
3344 1098 3685 1193 sequebatur.

2119 1189 2250 1247 Cum
2280 1192 2501 1250 dixisset
2529 1204 2887 1268 ergoyprecari
2914 1218 2972 1259 se
3000 1215 3057 1260 ut
3079 1206 3201 1264 illos
3226 1189 3450 1280 videret,
3473 1230 3701 1276 causam

2120 1281 2365 1377 desiderii
2388 1286 2554 1343 addit.
2579 1289 2830 1357 Quaenam
2858 1295 2942 1348 illa
2961 1308 3041 1351 est
3061 1298 3084 1351 ?
3103 1297 3172 1353 Ut
3198 1302 3392 1374 aliquid
3405 1305 3703 1377 impertiam~

2118 1372 2255 1428 vobis
2278 1377 2455 1445 gratia:
2472 1380 2749 1449 spirituafis
2773 1387 2841 1439 ad
2868 1389 3243 1456 conﬁrmandos
3270 1372 3378 1453 eos.
3400 1372 3516 1455 Non
3545 1406 3703 1459 enim,

2118 1463 2438 1564 sinecausa,
2463 1479 2518 1524 ut
2539 1473 2689 1528 multi
2713 1476 2821 1543 jam
2853 1481 3148 1547 superfluas
3175 1485 3496 1560 inutilesque
3518 1508 3678 1564 pcre-

2116 1556 2443 1625 grinationes
2487 1565 2803 1635 suscipiunt,
2837 1569 2930 1625 illo
2958 1587 3017 1626 se
3053 1574 3302 1632 conferre
3326 1556 3559 1651 volebai,
3587 1587 3702 1641 sede

2119 1661 2215 1716 pro
2246 1654 2562 1709 necessariis
2596 1660 3012 1731 urgentibusque
3040 1668 3268 1737 negotiis
3296 1687 3315 1724 :
3343 1672 3394 1728 id
3418 1676 3560 1744 quod
3590 1678 3706 1735 ille.

2116 1741 2263 1833 clare
2288 1758 2392 1833 non
2429 1751 2690 1812 enuntiat.
2718 1753 2814 1808 sed
2841 1755 3194 1826 arnigmatice.
3221 1741 3567 1833 Nequerenim
3592 1770 3702 1826 (ης,

2116 1830 2212 1899 sit,
2254 1832 2323 1890 Ut
2351 1834 2571 1892 doceam
2609 1855 2722 1905 vos,
2749 1851 2805 1897 ut
2830 1845 3123 1917 instituam,
3152 1862 3209 1907 ut
3230 1830 3369 1922 quod
3393 1855 3544 1913 deest
3570 1860 3673 1916 im-

2114 1924 2287 1994 pleam
2314 1943 2328 1992 ;
2366 1928 2499 1996 sed,
2518 1931 2586 1985 Ut
2608 1934 2730 1996 quid
2752 1935 3032 2006 impertiam
3056 1957 3081 2005 ;ν
3101 1942 3334 2000 indicans
3359 1961 3417 2003 se
3445 1964 3548 2004 non
3573 1969 3694 2009 sua.

2112 2016 2241 2076 dare
2281 2021 2420 2087 illis,
2465 2025 2705 2098 sedquae
2742 2033 2960 2100 accepit
2980 2035 3201 2092 tradere.
3233 2037 3329 2094 Hic
3367 2044 3522 2098 etiam
3550 2061 3668 2099 mo-

2111 2109 2263 2167 deste
2294 2112 2545 2185 loquitur,
2575 2132 2697 2182 cum
2731 2120 2879 2190 dicit,
2913 2123 2981 2179 Ut
3010 2125 3221 2197 aliquid.
3250 2129 3545 2202 Paululum,
3594 2138 3673 2190 io-

2111 2205 2245 2274 quit,
2275 2215 2333 2261 et
2361 2209 2654 2266 secundum
2699 2229 2873 2270 meum
2899 2218 3195 2274 modulum.
3226 2221 3292 2277 Et
3316 2224 3564 2293 quidnam
3594 2239 3678 2282 est

2110 2296 2235 2352 illud
2263 2300 2532 2369 paululum
2554 2344 2570 2368 ,
2597 2306 2738 2375 quod
2760 2307 2869 2377 jam
2893 2309 3119 2369 daturus
3144 2316 3270 2370 est?
3304 2316 3436 2374 Illud
3467 2328 3571 2385 est,
3598 2321 3679 2375 in-

2109 2389 2240 2459 quit,
2267 2391 2769 2462 Adtconﬁrmandum
2789 2413 2895 2455 eos.

2182 2480 2359 2536 Gratia
2385 2500 2485 2538 non
2510 2486 2733 2542 emcludit
2754 2492 3028 2548 mercedem
3047 2512 3110 2550 ex
3135 2500 3393 2567 proposito
3412 2501 3703 2558 voluntatis.

2111 2582 2420 2643 partam.—
2445 2576 2587 2649 Ergo
2622 2595 2685 2634 ex
2726 2582 2890 2650 gratia
2940 2585 3070 2641 illud
3114 2600 3217 2650 est.
3262 2607 3366 2645 non
3406 2595 3674 2661 vacillare,

2108 2663 2202 2719 sed
2231 2665 2461 2754 ﬁrmiter:
2478 2680 2641 2725 stare.
2671 2668 2904 2729 Gratiam
2932 2690 3058 2731 vero
3082 2694 3203 2733 cum
3229 2682 3400 2748 audis,
3424 2700 3553 2740 cave
3584 2703 3676 2754 pu-

2108 2763 2189 2811 tes
2214 2745 2751 2818 excludi'mercedcm
2778 2765 2920 2821 illam
2947 2783 3013 2823 ex
3042 2774 3314 2842 proposito
3343 2776 3629 2832 voluntatis
3657 2800 3670 2835 :

2104 2853 2327 2921 gratiam
2370 2856 2510 2909 enim
2538 2856 2698 2923 dicit,
2726 2874 2828 2913 non
2856 2862 2995 2931 quod
3036 2868 3290 2936 propositi
3318 2868 3553 2927 laborem
3594 2891 3676 2927 re-

2106 2943 2310 3011 probet,
2332 2946 2423 3001 sed
2451 2959 2505 3001 ut
2530 2950 2846 3020 arrogantiae
2863 2952 3054 3009 fastum
3085 2958 3341 3014 succidat.
3371 2960 3449 3016 Ne
3474 2963 3669 3032 itaque,

2104 3035 2224 3103 quia
2258 3036 2448 3092 Paulus
2477 3040 2619 3095 illud.
2643 3042 2866 3112 gratiam
2910 3047 3154 3126 vocavit,
3183 3050 3361 3105 animo
3400 3055 3673 3110 concidas.

2105 3124 2251 3182 Grati
2279 3130 2420 3184 enim
2446 3132 2606 3186 animi
2643 3149 2801 3189 causa
2829 3136 2966 3193 solet
2991 3124 3135 3195 recte
3161 3140 3296 3196 facta
3322 3146 3546 3213 gratiam
3571 3161 3672 3200 vo-
3762 3154 3767 3163 '

2103 3235 2262 3289 care,
2294 3227 2540 3293 quoniam
2585 3229 2635 3282 in
2668 3229 2815 3286 hisce
2856 3247 2954 3287 nos
2985 3235 3147 3289 multa
3184 3252 3398 3305 egemus
3443 3256 3685 3310 superna.

2103 3314 2288 3381 gratia.
2309 3313 2438 3369 Cum
2458 3315 2806 3385 dixit-autem,
2824 3321 2906 3375 Ad
2927 3324 3301 3393 conﬁrmandos
3319 3345 3423 3393 vos,
3445 3330 3697 3386 latenter»

2105 3403 2303 3460 indicat
2329 3421 2487 3476 cgere
2516 3408 2633 3464 illos
2664 3425 2851 3483 magna
2875 3416 3225 3473 correctione.
3253 3418 3362 3474 llec
3396 3422 3538 3476 enim
3562 3425 3673 3478 vult

2100 3498 2403 3570 signiﬁcare
2426 3519 2441 3556 :
2464 3504 2506 3556 A
2533 3503 2699 3558 multo
2724 3507 3472 3577 temporedesiderabametin
3489 3526 3672 3585 optato

2103 3588 2362 3647 habebam
2390 3609 2483 3651 vos
2512 3595 2711 3660 videre.
2745 3614 2848 3654 non
2876 3598 2978 3655 alia
3006 3600 3075 3658 de
3101 3618 3280 3671 causa,
3307 3621 3462 3676 quam
3493 3619 3548 3662 ut
3576 3625 3692 3665 vos.

2101 3682 2474 3741 conﬁrmarem
2500 3696 2554 3742 et
2591 3687 2757 3759 probe
2782 3689 3073 3747 stabilirem
3106 3694 3156 3747 in
3199 3694 3388 3750 timore
3415 3696 3433 3727 ¹
3468 3697 3580 3762 Dei,
3615 3709 3672 3753 ut

2104 3780 2172 3831 ne
2199 3785 2451 3846 perpetuo
2472 3779 2749 3835 vacillelis.
2775 3781 2843 3836 At
2870 3797 2975 3839 non
2999 3784 3066 3838 ita
3089 3783 3259 3851 dixit;
3287 3786 3364 3841 sic
3388 3789 3527 3842 enim
3553 3790 3672 3845 illos

2102 3868 2501 3937 perstri‘nxisset
2526 3885 2556 3936 ;⁴
2592 3870 2699 3935 sed.
2719 3873 2824 3926 alio
2848 3873 3006 3928 modo
3034 3875 3416 3947 remissiusque
3442 3879 3669 3951 idipsum

2103 3958 2404 4014 subindicat
2436 3977 2450 4014 :
2483 3975 2603 4015 cum
2651 3963 2792 4017 enim
2832 3963 2986 4029 dicit,
3032 3965 3112 4018 Ad
3138 3968 3512 4035 confirmandos
3545 3987 3632 4025 vos
3652 4015 3667 4037 ,

2105 4050 2208 4104 hoc
2234 4050 2403 4120 ipsum
2427 4053 2707 4122 significat.
2754 4054 2951 4110 Deinde
2970 4098 2984 4122 ,
3021 4058 3141 4128 quia
3170 4060 3296 4115 illud
3327 4061 3478 4117 valde
3505 4065 3673 4120 mole-

2103 4153 2243 4197 Stum
2267 4154 2400 4209 erat,
2428 4145 2549 4199 vide
2583 4146 2848 4215 quomodo
2877 4163 2971 4216 per
2999 4164 3058 4204 ea
3095 4166 3213 4220 quae
3239 4152 3385 4207 addit
3408 4152 3539 4209 illud
3567 4156 3670 4211 mi-

2106 4236 2249 4306 tiget.
2282 4236 2358 4291 Ne
2387 4238 2624 4293 dicerent
2653 4241 2794 4294 enim
2834 4258 2847 4295 :
2877 4240 3011 4310 Quid
3038 4260 3183 4315 ergo,
3215 4262 3281 4300 an
3311 4249 3619 4305 vacillamus
3648 4252 3673 4305 ἲ

2103 4345 2170 4384 an
2213 4331 2639 4401 circumagimur,
2671 4342 2735 4388 et
2764 4344 2849 4390 tua
2890 4349 3108 4406 egemus
3147 4338 3319 4408 lingua
3353 4350 3409 4396 ut
3451 4341 3673 4399 ﬁrmiter

2103 4434 2304 4479 stemus
2332 4424 2355 4478 ?
2382 4423 2519 4480 hanc
2555 4428 2824 4496 pra-:veriit
2847 4428 3194 4498 objectionem
3225 4430 3306 4485 bis
3332 4434 3506 4488 verbis
3537 4453 3550 4489 :
3582 4434 3668 4489 l2.

2112 4515 2221 4570 floc
2249 4527 2321 4570 est
2357 4527 2557 4584 autem,
2597 4519 2749 4573 simul
2787 4520 3040 4574 consolari
3067 4521 3118 4575 in
3158 4523 3294 4576 vobis
3321 4541 3411 4591 per
3446 4535 3671 4578 mutuam

2103 4608 2275 4678 ﬁdem,
2299 4619 2512 4663 vestram
2535 4619 2581 4663 et
2609 4628 2789 4665 meam.
2814 4614 2889 4665 Ac
2911 4612 2953 4665 si
2984 4612 3203 4679 diceret,
3228 4611 3304 4668 Ne
3326 4614 3669 4683 suapicemini

2105 4716 2189 4755 me
2215 4702 2501 4756 accusandi
2531 4718 2689 4757 causa
2722 4704 2771 4759 id
2802 4704 2951 4758 vobis
2976 4704 3172 4760 dixisse
3202 4724 3215 4759 :
3241 4721 3345 4760 non
3371 4706 3469 4762 hac
3496 4719 3674 4764 mente

2102 4792 2351 4864 loquutus
2393 4812 2550 4860 sum;
2586 4797 2677 4851 sed
2709 4797 2832 4867 quid
2863 4796 3005 4850 volui
3035 4796 3214 4853 dicere
3238 4798 3277 4851 τ·
3304 4798 3495 4854 Multas
3531 4800 3678 4870 passi

2103 4889 2233 4943 estis
2257 4904 2522 4944 aerumnas
2548 4890 2616 4943 ab
2644 4890 2741 4954 iis,
2775 4891 2863 4959 qui
2899 4905 2994 4943 vos
3025 4899 3151 4945 sunt
3191 4892 3496 4961 persequuti
3531 4909 3544 4944 :
3576 4907 3672 4945 vos

2102 4995 2228 5050 ergo
2250 4979 2430 5035 videre
2444 4979 2762 5047 desideravi,
2785 4991 2837 5034 ut
2863 4981 3170 5036 consolarer
3195 4998 3209 5048 ;
3239 4981 3345 5035 imo
3370 4982 3543 5049 potius
3566 4996 3673 5035 non

2103 5082 2160 5125 ut
2186 5072 2495 5126 consolarer
2537 5080 2765 5138 tantum,
2796 5071 3081 5127 sedetiam
3112 5080 3179 5127 ut
3211 5073 3324 5142 ipse
3353 5072 3667 5133 consolatio-

2101 5177 2223 5217 nem
2249 5162 2566 5231 acciperem.
2713 5164 2717 5168 ’

2169 5254 2222 5309 4.
2254 5253 2388 5308 Vide
2416 5253 2727 5323 sapientiam
2757 5253 3008 5308 doctoris.
3040 5252 3214 5315 Dixit,
3246 5251 3326 5306 Ad
3358 5253 3673 5320 conﬁrman-

2100 5344 2192 5398 dos
2232 5360 2336 5399 vos.
2380 5343 2610 5400 Noverat
2644 5358 2806 5415 grave
2847 5352 2900 5397 et
2941 5358 3224 5398 onerosum
3254 5342 3525 5412 discipulis
3554 5357 3673 5396 esse

2101 5433 2229 5489 illud
2258 5434 2397 5504 quod
2423 5435 2647 5499 dixerat,
2672 5443 2726 5488 et
2748 5434 2914 5499 addito,
2944 5433 3024 5487 Ad
3051 5434 3412 5487 consolandum
3435 5449 3539 5486 eos.
3567 5431 3673 5487 Sed

2100 5525 2229 5580 illud
2259 5541 2468 5599 quoque
2507 5531 2785 5580 molestum
2814 5534 2973 5591 erat,
2995 5540 3097 5578 non
3141 5524 3361 5595 perinde
3394 5536 3568 5578 tamen
3590 5531 3673 5577 at-

2165 5703 2179 5733 ¹
2239 5707 2364 5750 Ειιιεδ
2385 5699 2524 5762 legit,
2552 5700 2597 5749 in
2622 5702 2789 5751 timere
2812 5710 2856 5750 ι’(
2873 5712 3051 5749 iniure.
