4144 6146
459 239 568 296 ιιε

450 355 527 426 τῷ
557 357 616 410 τὸ
659 355 913 424 κήρυγμα
956 349 1391 420 εὐαγγελίζεσθαι
1441 347 1743 419 λατρεύων·
1799 348 1894 400 καὶ
1943 339 2096 406 οὗτος

449 436 516 511 ἦν
532 441 559 491 6
575 441 668 509 τῆς
687 437 923 498 δουλείας
945 435 1107 488 αὐτοῦ
1136 435 1332 502 τρόπος
1352 449 1366 462 ·
1399 431 1551 484 τοῦτο
1578 433 1684 502 γάρ
1709 427 1777 502 ἦν
1806 432 2092 496 ἐπιτεταγ-

453 526 626 597 μένος.
661 524 766 577 Διά
810 525 966 576 τοῦτο
1003 523 1062 574 οὐ
1115 522 1364 591 μάρτυρα
1410 517 1564 570 καλεῖ
1605 517 1697 569 τὸν
1742 516 1873 568 Θεὸν
1909 516 2088 585 μόνον,

448 613 581 668 ἀλλά
628 612 722 664 καὶ
760 613 894 681 ὅπερ
937 607 1284 675 ἐνεπιστεύθη
1326 605 1495 673 λέγει,
1538 603 1747 666 δεικνὺς
1777 605 1858 656 ὄτι
1891 603 1990 655 οὐκ
2028 601 2094 654 ἂν

445 697 741 770 τηλικαῦτα
796 696 1171 771 ἐγχειρισθεὶς,
1213 693 1306 745 τὸν
1353 691 1786 762 ἐμπιστεύσαντα
1841 690 2094 759 μάρτυρα

446 782 536 836 ἐπὶ
578 781 827 850 ψευδέσιν
861 780 1041 839 ἐκάλει
1064 791 1111 829 ει.
1145 777 1298 832 Μετά
1329 776 1384 830 δὲ
1417 776 1607 828 τούτου
1659 776 1875 827 κάκεῖνο
1923 772 2092 836 δεῖξαι

447 865 712 936 βούλεται,
753 864 849 934 τὴν
887 864 1105 930 ἀγάπην
1137 861 1234 929 τὴν
1270 859 1407 929 ὑπὲρ
1435 857 1632 920 αὐτῶν,
1667 857 1760 909 καὶ
1787 856 1886 926 τὴν
1927 871 2090 924 φρον-

445 953 562 1016 τίδα
596 951 893 1019 ἀναγκαίαν
928 945 1112 1009 οὖσαν.
1151 948 1266 1000 Ἵνα
1297 945 1404 1014 γάρ
1439 944 1512 1015 μὴ
1543 944 1758 1011 λέγωσι,
1792 943 1861 995 Σὺ
1898 943 1979 1003 τίς
2017 940 2092 993 ὢν

444 1039 536 1096 καὶ
557 1037 740 1100 πόθεν,
771 1035 920 1087 πόλιν
944 1032 1084 1085 οὕτω
1117 1031 1356 1101 μεγάλην
1378 1029 1474 1084 καὶ
1493 1027 1921 1098 βασιλικωτάτην
1947 1041 2093 1096 μερι-

446 1129 582 1198 μνᾷν
614 1126 751 1194 φής;
781 1123 1048 1182 δείκνυσιν
1091 1118 1391 1186 ἀναγκαίαν
1417 1113 1582 1170 οὖσαν
1614 1114 1761 1184 αὐτῷ
1781 1113 1878 1188 τὴν
1906 1111 2091 1165 τοιαύ-

442 1197 540 1284 την
585 1210 855 1282 φροντίδα,
905 1209 958 1266 εἴ
984 1225 1046 1276 γε
1076 1207 1222 1274 αὐτῷ
1262 1206 1359 1274 τῆς
1389 1202 1626 1264 δουλείας
1655 1197 1807 1263 οὗτος
1831 1201 1858 1256 6
1891 1201 2090 1270 τρόπος

443 1300 810 1358 ἐπιτέτακται,
856 1299 916 1353 τὸ
959 1293 1345 1363 καταγγέλλειν
1382 1290 1443 1345 τὸ
1490 1289 1838 1357 Εὐαγγέλιον.
1877 1289 1935 1340 '0
1983 1289 2091 1357 γὰρ

440 1387 599 1440 τοῦτο
645 1382 1116 1454 ἐγκεχειρισμένος
1162 1381 1405 1450 ἀνάγκην
1461 1377 1571 1448 ἔχει
1622 1377 1749 1439 τοὺς
1801 1374 2089 1446 μέλλοντας

442 1472 790 1542 ὑποδέχεσθαι
821 1471 910 1523 τὸν
933 1470 1085 1538 λόγον
1112 1467 1398 1529 διαπαντὸς
1423 1466 1564 1535 ἔχειν
1594 1465 1685 1516 ἐπὶ
1711 1462 1808 1530 τῆς
1830 1461 2086 1524 διανοίας.

440 1561 598 1630 Δηλοῖ
624 1559 678 1611 δὲ
716 1558 808 1610 καὶ
839 1557 1022 1626 ἐτερον
1045 1555 1180 1626 πρὸς
1214 1553 1422 1614 τούτοις
1452 1552 1638 1612 εἰπὼν,
1681 1549 1783 1604 Ἐν
1802 1549 1881 1614 τῷ
1905 1548 2088 1601 πνεύ-

437 1648 577 1717 ματί
607 1663 752 1715 μου·
781 1646 862 1705 ὅτι
895 1644 1026 1697 πολὺ
1071 1641 1291 1711 καὶτῆς
1328 1639 1643 1710 Ἑλληνικῆς
1687 1636 1781 1690 καὶ¹
1812 1637 1910 1706 τῆς
1960 1635 2091 1687 ’ἰου-

439 1732 628 1802 δαῖκῆς
657 1729 908 1802 λατρείας
935 1730 1180 1800 ἀνωτέρα
1205 1727 1364 1797 αὐτη.
1413 1729 1478 1780 Ἦ
1509 1728 1605 1798 μὲν
1629 1726 1734 1796 γὰρ
1778 1722 2086 1794 Ἑλληνικὴ.

438 1818 533 1877 καὶ
565 1817 948 1888 πεπλανημένη
987 1817 1080 1870 καὶ
1109 1819 1374 1888 σαρκικήν
1421 1814 1533 1887 ἡδὲ
1576 1812 1860 1883 Ἰουδαῖκὴ,
1885 1810 2088 1886 ἀληθὴς

439 1906 560 1985 μὲν,
603 1907 836 1976 σαρκικὴ
874 1904 931 1957 δὲ
975 1903 1068 1957 καὶ
1115 1904 1249 1972 αὐτή
1275 1919 1289 1934 ο
1321 1905 1354 1973 ή
1395 1901 1452 1957 δὲ
1481 1901 1578 1970 τῆς
1614 1897 1958 1970 Ἐκκλησίας.
1987 1899 2087 1967 τῆς

439 1994 538 2065 μὲν
581 1993 897 2064 Ἑλληνικῆς
935 1991 1171 2053 ἐναντία,
1215 1989 1314 2059 τῆς
1340 1989 1397 2042 δὲ
1457 1986 1754 2066 Ἰουδαϊκῆς
1783 1985 2087 2060 ὑψηλοτέρα

437 2080 616 2150 πολλῷ
659 2079 738 2150 τῷ
775 2079 976 2150 μέτρῳ.
1016 2079 1090 2131 Οὐ
1141 2078 1249 2152 γὰρ
1280 2077 1368 2130 διά
1410 2075 1698 2147 προϐάτων
1745 2073 1841 2127 καὶ
1874 2073 2086 2143 μόσχων

437 2169 532 2225 καὶ
572 2166 773 2220 καπνοῦ
820 2165 915 2217 καὶ
945 2165 1166 2234 κνίσσης
1207 2167 1234 2225 ὁ
1263 2164 1362 2234 τῆς
1392 2163 1665 2234 ἡμετέρας
1689 2160 1938 2233 λατρείας
1961 2159 2087 2235 τρόο

439 2272 558 2318 πος,
593 2254 726 2307 ἀλλά
754 2253 842 2308 διά
867 2253 1044 2322 ψυχῆς
1083 2252 1482 2322 πνευματικῆςο
1517 2252 1653 2320 ὅπερ
1678 2250 1772 2304 καὶ
1802 2251 1831 2302 6
1854 2248 2086 2321 Χριστὸς

436 2341 608 2413 δηλῶν
627 2342 778 2410 ἔλεγε
791 2357 805 2370 ο
829 2339 1068 2408 Πνεῦμα
1083 2341 1114 2392 ό
1138 2339 1298 2406 Θεὸς,
1319 2338 1416 2392 καί
1436 2338 1573 2404 τοὺς
1592 2335 2086 2406 προσκυνοῦντας

435 2431 639 2492 αὐτὸν,
681 2430 750 2481 ἐν
797 2428 1085 2496 πνεύματι
1126 2426 1222 2480 καί
1267 2427 1517 2494 ἀληθείᾳ
1559 2425 1654 2480 δεῖ
1693 2422 2082 2492 προσκυνεῖν.

449 2519 544 2570 Ἑν
588 2517 665 2581 τῷ
685 2516 1025 2586 Εὑαγγελίῳ
1057 2515 1163 2570 τοῦ
1200 2515 1334 2569 Υίοῦ
1365 2511 1568 2568 αὐτοῦ.
1609 2512 1889 2581 ’Δνωτέρω
1917 2509 2084 2565 εἰπὼν

435 2605 494 2658 τὸ
521 2603 848 2676 Εὐαγγέλιον
880 2604 972 2658 τοῦ
1005 2603 1216 2674 [ἰατρὸς
1238 2599 1396 2666 εἶναι,
1428 2598 1659 2656 ἐνταῦθα
1684 2599 1777 2652 τοῦ
1808 2599 1935 2652 Υἰοῦ
1953 2599 2082 2652 αὐτό

435 2711 630 2765 φησιν’
667 2693 838 2756 οὕτως
881 2691 1169 2766 ἀδιάφορον
1202 2691 1294 2744 καὶ
1337 2690 1545 2760 Πατρός
1581 2687 1676 2741 καὶ
1712 2685 1841 2745 Υἱοῦ
1886 2687 2083 2754 λέγειν.

437 2784 546 2844 Καὶ
567 2783 672 2853 γάρ
711 2780 880 2850 ἔμαθε
909 2781 1060 2850 παρά
1079 2781 1176 2848 τῆς
1217 2778 1493 2849 μακαρίας
1522 2776 1734 2846 ἐκείνης
1772 2777 1974 2844 φωνῆς,
2003 2774 2085 2830 ὅτι

433 2872 501 2932 τά
529 2869 622 2923 τοῦ
650 2869 858 2937 Πατρὸς
894 2868 987 2920 τοῦ
1020 2866 1168 2929 Υίοῦ,
1208 2865 1393 2918 καὶτὰ
1422 2863 1513 2916 τοῦ
1543 2862 1673 2916 Υἰοῦ
1717 2861 1811 2914 τοῦ
1842 2861 2082 2932 Πατρόςο

435 2957 637 3022 Πάντα
675 2956 806 3025 γὰρ.
855 2955 1007 3025 φησὶ,
1044 2953 1116 3007 τὰ
1149 2952 1260 3021 ἐμὰ
1291 2949 1376 3004 σὰ
1407 2951 1559 3015 ἐστι,
1597 2949 1697 3002 καί
1732 2947 1802 3000 τὰ
1835 2946 1916 3000 σὰ
1949 2945 2079 3015 ἐμά.

447 3044 543 3108 Ὧς
583 3041 971 3106 ἀδιαλείπτως
992 3039 1209 3109 μνείαν
1250 3035 1416 3105 ὑμῶν
1460 3034 1737 3104 ποιοῦμαι
1785 3033 1882 3086 ἐπὶ
1906 3033 1935 3074 ιι
1968 3032 2087 3086 τῶν

435 3129 789 3199 προσευχῶν
827 3127 972 3206 [159]
997 3145 1136 3197 μου.
1187 3125 1356 3184 Τοῦτο
1413 3123 1638 3193 γνησίας
1683 3122 1922 3191 ἀγάπης.
1975 3121 2085 3180 Καὶ

437 3217 582 3270 δοκεῖ
613 3216 709 3286 μὲν
735 3216 793 3274 ἐν
821 3233 873 3269 τι
903 3215 1098 3284 λέγειν,
1127 3213 1366 3283 τέσσαρα
1392 3211 1448 3263 δὲ
1474 3209 1684 3281 τίθησιν
1706 3207 1958 3271 ἐνταῦθα,
1991 3208 2085 3262 καὶ

435 3305 516 3369 ὅτι
559 3307 846 3376 μέμνηται,
893 3305 988 3356 καὶ
1023 3303 1104 3362 ὄτι
1147 3299 1524 3361 ἀδιαλείπτως,
1565 3299 1658 3350 καὶ
1679 3297 1762 3350 ὅτι
1791 3297 1847 3348 ἐν
1874 3295 2082 3366 εὐχαῖς,

436 3392 529 3453 καὶ
563 3393 644 3444 δτι
685 3391 824 3460 ὑπὲρ
864 3389 1111 3460 μεγάλων
1147 3387 1503 3460 πραγμάτων.
1535 3387 1841 3454 Δεόμενος,
1867 3384 1923 3438 εἴ
1960 3396 2086 3449 πως

433 3478 549 3552 ἤδη
594 3479 739 3532 ποτὲ
773 3477 1213 3544 εὐοδωθήσομαι
1260 3475 1330 3528 ἐν
1365 3472 1448 3539 τῷ
1479 3471 1760 3542 θελήματι
1789 3471 1895 3526 τοῦ
1935 3471 2082 3525 Θεοῦ

432 3567 629 3623 ἐλθεῖν
657 3565 805 3634 πρὸς
846 3562 1020 3633 ὑμᾶς.
1061 3559 1351 3626 Ἐπιποοῶ
1378 3562 1486 3631 γὰρ
1523 3559 1670 3614 ἰδεῖν
1697 3557 1870 3629 ὑμᾶς.
1921 3560 2084 3632 Ὁρᾷς

433 3660 527 3715 καὶ
551 3656 806 3708 ὠδίνοντα
837 3654 1030 3716 αὐτοὺς
1064 3651 1208 3713 ίδείν,
1241 3649 1336 3704 καὶ
1356 3650 1457 3702 οὐκ
1491 3649 1812 3718 ἀνεχόμενον
1846 3645 1996 3716 παρά
2023 3647 2084 3700 τὸ

431 3745 509 3816 τῷ
542 3743 659 3812 Θεῷ
685 3741 874 3799 δοκοῦν
901 3740 1049 3805 ἰδεῖν,
1071 3739 1204 3800 ἀλλά
1226 3739 1620 3808 κεκερασμένον
1641 3736 1790 3806 φόϐῳ
1822 3736 1957 3792 Θεοῦ
1990 3735 2082 3788 τὸν

433 3833 595 3885 πόθον
626 3829 843 3899 ἔχοντας
899 3827 1102 3894 Ἐφίλει
1146 3826 1243 3898 μὲν
1289 3825 1398 3896 γὰρ
1443 3825 1657 3887 αὐτοὺς,
1701 3824 1791 3876 καὶ
1827 3822 2083 3891 ἠπείγετο

435 3918 567 3990 πρὸς
611 3915 833 3979 αὐτούς’
869 3915 930 3967 οὐ
970 3913 1094 3984 μὴν,
1139 3912 1323 3982 ἐπειδὴ
1364 3912 1555 3979 ἐφίλει,
1586 3912 1735 3982 παρᾶι
1768 3911 1827 3964 τὸ
1852 3909 1927 3980 τῷ
1965 3908 2082 3980 Θεῷ

433 4005 618 4057 δοκοῦν
655 4002 902 4060 ἐϐούλετο
949 4001 1094 4056 ίδείν.
1136 3999 1283 4071 Αῦτη
1331 4001 1364 4069 ἡ
1406 3999 1602 4070 γνησία
1632 4000 1842 4070 ἀγάπη,
1873 3998 1969 4068 οὐχ
2007 4001 2082 4062 ὡς

433 4096 590 4163 ήμεῖς
629 4093 679 4144 οἱ
729 4087 1110 4161 ἀμφοτέρωθεν
1156 4089 1263 4149 τῶν
1291 4088 1468 4158 νόμων
1510 4088 1604 4163 τῆς
1654 4088 1875 4156 ἀγάπης
1922 4085 2080 4141 ἐκπί-

433 4196 672 4242 πτοντες.
703 4179 774 4231 Ἢ
799 4178 906 4247 γὰρ
940 4177 1129 4230 οὐδένα
1162 4175 1436 4245 φιλοῦμεν,
1466 4175 1498 4245 ἢ
1527 4174 1744 4227 ἐπειδάν
1770 4173 2082 4244 φιλήσωμέν

433 4284 582 4328 ποτε,
610 4265 759 4336 παρὰ
783 4265 851 4328 τὸ
869 4264 942 4335 τῷ
973 4264 1090 4333 Θεῷ
1117 4263 1302 4322 δοκοῦν
1323 4262 1600 4339 φιλοῦμεν,
1631 4261 1912 4331 ἀμφότερα
1934 4259 2083 4328 παρά

431 4353 521 4407 τὸν
544 4354 682 4406 θεῖον
704 4353 979 4414 ποιοῦντες
1009 4363 1032 4390 ε
1063 4351 1244 4422 νόμον.
1274 4351 1337 4402 Εἰ
1367 4350 1423 4403 δὲ
1457 4348 1685 4424 φορτικά
1711 4348 1884 4405 ταῦτα
1923 4347 2080 4415 λεγόη

437 4457 595 4518 μενα,
625 4440 996 4510 φορτικώτερα
1024 4439 1334 4506 γιγνόμενα.

504 4531 577 4592 γ’.
600 4527 707 4578 Καὶ
738 4524 852 4587 πῶς
886 4522 1037 4593 παρά
1053 4523 1114 4574 τὸ
1133 4520 1208 4592 τῷ
1233 4519 1348 4590 Θεῷ
1374 4517 1561 4572 δοκοῦν
1588 4517 1866 4588 φιλοῦμεν,
1885 4516 2078 4586 φησίν;

435 4611 601 4666 Ὅταν
629 4613 721 4665 τὸν
749 4613 845 4680 μὲν
894 4610 1128 4680 Χριστὸν
1172 4595 1314 4679 λιμῷ
1368 4606 1667 4676 τηκόμενον
1713 4603 2078 4680 περιορῶμεν,

433 4699 671 4754 παισίδέ
694 4675 787 4752 καὶ
829 4675 1000 4766 φίλοις
1057 4698 1149 4751 καὶ
1214 4675 1529 4765 συγγενέσιν
1573 4694 1712 4764 ὑπὲρ
1743 4675 1841 4763 ςτὴν
1878 4675 2079 4765 χρείαν

434 4787 779 4857 παρέχωμεν.
834 4787 1048 4846 Μᾶλλον
1094 4785 1151 4843 δὲ
1203 4784 1256 4837 τί
1302 4785 1407 4854 χρὴ
1462 4782 1768 4853 περαιτέρω
1806 4781 1897 4834 τὸν
1925 4781 2080 4848 λόγον

435 4874 729 4944 προάγειν;
770 4873 894 4926 Ἐἀν
952 4872 1058 4943 γὰρ
1088 4873 1148 4925 τὸ
1203 4870 1395 4931 ἐαυτοῦ
1451 4869 1684 4931 συνειδὸς
1716 4869 1942 4932 ἕκαστος
1991 4866 2080 4932 ἐξ-

433 4961 622 5032 ετάσῃ,
641 4961 734 5013 ἐπὶ
756 4960 961 5021 πολλῶν
989 4960 1144 5013 τοῦτο
1161 4961 1380 5031 εὑρήσει
1406 4960 1688 5027 γινόμενον
1717 4955 2077 5028 πραγμάτων.

447 5047 596 5100 Ἀλλ’
623 5048 721 5116 οὐχ
748 5047 776 5098 6
826 5046 1090 5116 μακάριος
1150 5049 1350 5108 ἐκεῖνος
1408 5045 1644 5107 τοιοῦτος
1692 5040 1780 5114 ἦν,
1821 5041 2079 5113 ἀλλ’ῇδει

435 5138 528 5188 καὶ
556 5134 747 5203 φιλεῖν,
779 5134 871 5195 καὶ
906 5133 1075 5201 φιλεῖν
1101 5132 1174 5195 ὼς
1200 5132 1325 5202 χρὴ,
1363 5132 1455 5184 καὶ
1481 5132 1554 5194 ὼς
1583 5131 1854 5202 προσῆκον
1874 5124 1963 5198 ἦν,
1987 5127 2080 5180 καὶ

435 5221 642 5283 πάντας
679 5220 842 5275 νικῶν
864 5219 940 5290 τῷ
965 5219 1154 5288 φιλεῖν,
1204 5221 1300 5288 οὐχ
1334 5217 1656 5289 ὑπερέϐαινε
1715 5217 1814 5284 τῆς
1860 5217 2076 5284 ἀγάπης

434 5309 502 5361 τὰ
533 5308 723 5379 μέτρα.
761 5309 903 5378 Ὅρα
954 5307 1083 5374 γοῦν
1135 5305 1417 5374 ἀμφότερα
1481 5304 1606 5373 μεθ’
1661 5303 1961 5373 ὑπερϐολῆς
2021 5305 2078 5354 ἐν

436 5395 584 5465 αὐτῷ
637 5395 886 5465 βρύοντα,
927 5395 1021 5446 καὶ
1067 5394 1157 5446 τὸν
1189 5392 1280 5445 τοῦ
1324 5391 1459 5445 Θεοῦ
1498 5390 1678 5458 φόϐον,
1720 5391 1935 5442 καὶτὸν
1971 5389 2079 5442 τῶν

449 5481 731 5550 Ῥωμαίων
765 5483 946 5535 πόθον.
985 5483 1026 5532 Τ
1030 5481 1057 5532 ὸ
1095 5480 1191 5550 μὲν
1224 5478 1330 5548 γάρ
1367 5476 1626 5547 διηνεκῶς
1667 5475 1941 5545 εὔχεσθαι,
1985 5478 2080 5528 καὶ

441 5570 514 5639 μὴ
536 5569 866 5638 τυγχάνοντα
898 5568 972 5638 μὴ
999 5565 1346 5636 ἀφίστασθαι,
1385 5565 1601 5634 ἀγάπης
1630 5564 1862 5633 σφοδρᾶς
1891 5559 1956 5632 ἦν
1977 5579 1988 5590 ·
2021 5563 2082 5615 τὸ

439 5657 495 5709 δὲ
525 5657 820 5724 ἀγαπῶντα
858 5658 1036 5726 μένειν
1071 5653 1098 5694 ά
1131 5653 1208 5724 τῷ
1238 5653 1330 5706 τοῦ
1383 5652 1516 5706 Θεοῦ
1565 5650 1790 5720 νεύματι
1841 5651 2078 5716 εἴκοντα,

1912 5798 1931 5823 (⁵
1968 5796 2080 5853 Alii,

450 5802 452 5805 ’
502 5799 516 5820 ⁵
547 5800 693 5848 Ιξίίρῐη
740 5801 949 5847 ἐκάλεσε.
1014 5800 1040 5838 h
1069 5799 1218 5852 Unus.
1268 5796 1490 5854 ποιοῦμαι
1531 5798 1726 5844 πάντοτε
1753 5795 1840 5844 ἐπί.

441 5861 678 5922 ποιοῦμεν.
712 5859 899 5929 λλᾼίἰί,
921 5863 1170 5923 ἀγαπῶντα
1192 5862 1313 5909 οὕτω
1346 5861 1507 5921 μένειν.

1681 232 1746 286 ΙΝ
1781 229 1998 286 EPIST.
2036 227 2124 282 AD
2156 227 2320 284 ROM.
2366 234 2594 293 HOMIL.
2633 239 2694 294 ΙΙ.

2199 346 2482 438 εὐλαϐείας
2541 356 2950 430 ἐπιτεταμένης.
3007 361 3259 434 Ἀλλαχοῦ
3311 365 3412 436 μὲν
3451 361 3544 421 οὖν
3595 371 3715 438 τρὶς
3754 371 3848 424 τὸν

2198 433 2399 506 Κύριον
2427 441 2812 509 παρακαλέσας
2830 447 2890 498 οὐ
2931 449 3090 517 μόνον
3122 433 3220 504 οὐκ
3261 433 3470 519 ἐλαϐεν,
3499 433 3640 508 ἀλλά
3663 459 3757 509 καὶ
3787 458 3847 511 τὸ

2198 523 2460 613 ἐναντίον,
2500 529 2576 598 μὴ
2633 529 2830 596 λαϐὼν,
2890 534 3048 605 χὰρεν
3094 535 3232 606 ἔγνω
3277 539 3370 593 τοῦ
3404 543 3846 613 παρακουσθῆναι

2197 611 2395 682 πολλήν
2427 631 2440 643 ·
2476 614 2616 668 οὕτω
2646 617 2780 688 πρὸς
2813 618 2906 672 τὸν
2952 622 3082 675 Θεὸν
3124 626 3180 676 ἐν
3212 626 3412 679 ἅπασιν
3440 627 3682 683 ἔϐλεπεν.
3731 611 3848 686 Ἐν-

2193 696 2364 788 ταῦθα
2383 699 2447 788 δὲ
2477 700 2632 755 ἔλαϐε
2668 705 2786 774 μὲν,
2814 707 2910 776 οὐχ
2939 709 3026 761 ὅτε
3061 711 3116 763 δὲ
3156 711 3378 782 ᾔτησεν,
3421 716 3556 768 ἀλλὰ
3587 717 3844 788 βραδέως,

2193 785 2287 836 καὶ
2309 787 2461 841 οὐδὲν
2495 800 2519 828 θ
2550 791 2798 845 ἐντεῦθεν
2845 795 3188 868 ἐδυσχέρανε.
3244 801 3426 855 Ταῦτα
3474 803 3530 856 δὲ
3567 785 3727 872 λέγω,
3762 807 3849 861 ἵνα

2298 875 2652 966 ἀσχάλλωμεν
2687 881 2760 953 μὴ
2790 884 3130 956 ἀκουόμενοι,
3165 888 3196 959 ἦ
3225 889 3465 963 βραδέως
3499 895 3842 966 ἀκουόμενοι.

2193 961 2266 1054 Θύ
2291 963 2399 1054 γάρ
2422 967 2587 1035 ἐσμεν
2613 968 2824 1022 Παύλου
2859 971 3117 1040 βελτίους,
3147 974 3205 1038 ὃς
3224 961 3308 1028 ἐπ’
3333 961 3846 1054 άμφοτέροιςνχάριν

2190 1049 2459 1118 ὁμολογεῖ·
2473 1054 2562 1107 καὶ
2577 1056 2718 1123 μάλα
2731 1059 3193 1132 εἰκότως.Ἐπειδὴ
3206 1064 3311 1134 γὰρ
3323 1066 3465 1131 ἅπαξ
3479 1049 3667 1120 ἐαυτὸν
3679 1049 3846 1124 ἔδωκε

2191 1139 2256 1207 τῇ
2291 1140 2468 1193 πάντα
2488 1142 2803 1215 κυϐερνώσῃ
2835 1149 2998 1218 χειρὶ,
3045 1151 3138 1202 καὶ
3197 1151 3333 1222 μετὰ
3354 1154 3617 1225 τοσαύτης
3643 1156 3848 1209 ὐποτα·

2190 1226 2291 1316 γῆς
2315 1227 2574 1316 ὑπέθηκε,
2613 1232 2730 1300 μεθ’
2762 1233 2893 1303 ὅσης
2947 1235 2975 1286 6
3038 1236 3205 1306 πηλὸς
3260 1239 3337 1308 τῷ
3388 1244 3642 1310 κεραμεῖ,
3699 1237 3846 1316 ᾗπερ

2188 1308 2323 1386 ἦγεν
2349 1317 2376 1368 6
2407 1314 2557 1382 Θεὸς,
2594 1319 2898 1388 ἠκολούθει.
2947 1323 3129 1376 Εἰπὼν
3158 1327 3359 1390 τοίνυν,
3387 1308 3468 1381 ὃτι
3499 1308 3844 1399 ηὐχετοίδεῖν

2188 1402 2405 1466 αὐτοὺς,
2439 1402 2585 1471 λέγει
2620 1408 2712 1462 καὶ
2750 1408 2848 1478 τὴν
2901 1409 3078 1464 αἰτίαν
3117 1412 3215 1482 τῆς
3266 1413 3579 1484 ἐπιθυμίας.
3643 1418 3738 1481 Τίς
3785 1418 3844 1471 δέ

2187 1488 2333 1542 ἐστιν
2363 1489 2537 1561 αὐτη;
2571 1492 2702 1547 Ἵνα
2719 1511 2773 1547 τι
2794 1497 3028 1562 μεταδῶ
3067 1498 3324 1569 χάρισμα
3350 1503 3491 1571 ὑμῖν
3521 1520 3846 1573 πνευματι-

2187 1576 2301 1666 κὸν
2348 1581 2436 1643 εἰς
2485 1579 2552 1634 τὸ
2589 1583 2981 1652 στηριχθῆναι
3007 1585 3176 1654 ὑμᾶς.
3201 1589 3273 1642 Οὐ
3296 1591 3403 1660 γάρ
3422 1591 3627 1659 ἁπλῶς,
3656 1593 3845 1666 ὥσπερ

2187 1664 2372 1719 πολλοὶ
2404 1666 2500 1720 νῦν
2529 1670 2786 1741 περιττὰς
2827 1673 2921 1725 καὶ
2956 1674 3247 1744 ἀνονήτους
3277 1677 3584 1748 ἀποδημίας
3628 1664 3845 1734 ποιοῦν-

2187 1769 2297 1816 ται,
2327 1754 2471 1808 οὕτω
2503 1759 2594 1810 καὶ
2624 1759 2848 1823 ἐκεῖνος,
2904 1761 3019 1814 ἀλλ’
3070 1763 3208 1835 ὑπὲρ
3246 1765 3555 1831 ἀναγκαίων
3587 1769 3679 1820 καὶ
3708 1769 3842 1838 σφό-

2185 1840 2286 1911 δρα
2316 1845 2749 1911 κατεπειγόντων
2777 1863 2792 1878 ο
2827 1850 2921 1901 καὶ
2963 1849 3149 1919 σαφῶς
3213 1850 3312 1921 μὲν
3358 1852 3535 1921 λέγειν
3580 1855 3738 1909 τοῦτο
3777 1857 3840 1910 οὐ

2186 1927 2454 1997 βούλεται,
2503 1931 2912 2002 αἰνιγματωδῶς
2952 1935 3030 1989 δέ.
3093 1937 3229 1991 Οὐδέ
3283 1938 3393 2009 γὰρ
3429 1937 3598 2006 εἶπεν,
3627 1943 3744 1996 Ἵνα
3769 1942 3844 1997 διο

2184 2020 2328 2086 δάξω
2351 2022 2513 2092 ὑμᾶς,
2551 2024 2636 2082 ἵνα
2666 2026 2992 2098 κατηχήσω,
3031 2028 3118 2082 ἵνα
3142 2029 3203 2083 τὸ
3239 2029 3420 2084 λεῖπον
3441 2032 3838 2104 ἀναπληρώσω,

2183 2107 2466 2163 ἀλλ”Ἰνα
2505 2127 2558 2164 τι
2594 2110 2855 2180 μεταδῶ,
2909 2115 3122 2181 δεικνὺς
3167 2117 3248 2170 ὅτι
3287 2118 3347 2170 οὐ
3396 2118 3465 2172 τά
3523 2120 3690 2174 αὐτοῦ
3739 2120 3841 2173 αὐ-

2182 2197 2295 2258 τοῖς
2322 2196 2556 2262 δίδωσιν,
2595 2198 2724 2252 ἀλλ’
2758 2199 2902 2271 άπερ
2955 2201 3111 2259 ἔλαϐε
3154 2204 3448 2274 μετεδίδου.
3479 2205 3592 2259 Καὶ
3609 2204 3840 2260 ἐνταῦθα

2181 2283 2239 2338 δέ
2272 2285 2552 2356 μετριάξει
2598 2287 2759 2341 πάλιν
2797 2288 2965 2344 εἰπών
2989 2307 3002 2321 ο
3042 2291 3176 2347 Ἵνα
3225 2308 3300 2346 τι.
3337 2292 3546 2364 Μικρόν
3575 2310 3649 2356 τι,
3682 2294 3838 2363 φησι,

2183 2375 2276 2425 καὶ
2303 2373 2426 2442 ἐμοὶ
2457 2373 2788 2449 σύμμετρον.
2813 2376 2923 2429 Καὶ
2955 2377 3009 2430 τί
3041 2377 3170 2432 ποτέ
3205 2380 3320 2432 ἐστι
3350 2377 3412 2430 τὸ
3445 2379 3639 2450 μικρὸν
3659 2379 3838 2445 τοῦτο,

2182 2453 2244 2513 οὐ
2275 2461 2489 2532 μέλλεις
2521 2461 2616 2516 νῦν
2664 2464 2683 2504 τ
2747 2466 3114 2534 μεταδιδόναι;
3165 2467 3334 2520 Τοῦτο
3387 2468 3443 2522 δέ
3490 2469 3628 2532 ἐστι,
3650 2467 3839 2538 φησὶν,

2183 2552 2287 2615 Εἰς
2309 2550 2371 2607 τὸ
2405 2552 2797 2620 στηριχθῆναι
2835 2553 3010 2622 ὑμᾶς.

2256 2666 2397 2735 Ἀρα
2437 2665 2528 2716 καὶ
2582 2663 2736 2717 τοῦτο
2792 2664 3032 2734 χάριτος,
3071 2665 3132 2717 τὸ
3193 2666 3268 2736 μὴ
3319 2665 3663 2732 σαλεύεσθαι,
3712 2663 3842 2720 ἀλλ’

2181 2751 2401 2804 ἱστάναι
2448 2749 2698 2820 βεϐαίως.
2741 2750 2916 2820 Χάριν
2946 2751 3003 2807 δὲ
3037 2751 3165 2804 ὅταν
3204 2751 3459 2824 ἀκούσῃς,
3491 2753 3564 2822 μὴ
3613 2754 3840 2824 νομίσῃς

2181 2837 2544 2909 ἐκϐεϐλῆσθαι
2574 2839 2663 2890 τὸν
2706 2838 2813 2892 ἀπὸ
2856 2840 2954 2907 τῆς
3000 2837 3372 2908 προαιρέσεως
3415 2838 3603 2907 μισθόν
3634 2855 3646 2867 ·
3679 2839 3838 2910 χάριν

2182 2925 2290 2996 γὰρ
2313 2921 2488 2988 εἶπεν,
2526 2925 2645 2994 οὐχὶ
2681 2925 2771 2978 τὸν
2818 2925 2883 2978 ἐκ
2933 2927 3302 2996 προαιρέσεως
3349 2925 3629 2994 ἀτιμάζων
3656 2927 3834 2992 πόνον,

2181 3012 2317 3073 ἀλλὰ
2344 3013 2434 3072 τὸν
2468 3013 2524 3081 ἐξ
2560 3012 2814 3075 ἀπονοίας
2850 3011 3284 3082 ἀποτεμνόμενος
3322 3011 3509 3081 τῦφον.
3551 3011 3636 3082 Μὴ
3663 3015 3838 3068 τοίνυν

2180 3100 2365 3171 ἐπειδὴ
2393 3100 2604 3164 Παῦλος
2627 3100 2756 3154 αὐτὸ
2789 3099 3032 3171 χάρισμα
3066 3099 3323 3154 ἐκάλεσεν
3345 3138 3360 3162 ,
3389 3099 3684 3172 ἀναπέσῃς.
3715 3097 3836 3154 Οἵδε

2180 3191 2289 3260 γὰρ
2347 3187 2414 3247 δι’
2453 3187 2871 3258 εὐγνωμοσύνην
2931 3187 3128 3259 πολλὴν
3182 3188 3272 3240 καὶ
3324 3187 3391 3240 τὰ
3438 3189 3836 3260 κατορθώματα

2179 3275 2491 3347 χαρίσματα
2527 3276 2730 3336 καλεῖν,
2758 3274 2846 3329 διὰ
2893 3275 2954 3328 τὸ
2989 3277 3082 3328 καὶ
3113 3276 3171 3328 ἐν
3205 3273 3412 3339 τούτοις
3458 3276 3656 3346 πολλῆς
3689 3278 3837 3348 ἡμᾶς

2178 3364 2386 3420 δεῖσθαι
2434 3366 2533 3435 τῆς
2581 3362 2785 3417 ἄνωθεν
2829 3363 3022 3434 ῥοπῆς.
3059 3360 3242 3420 Εἰπὼν
3279 3361 3354 3424 δὲ,
3395 3364 3498 3428 Εἰς
3531 3361 3596 3415 τὸ
3635 3376 3837 3432 στηρι-

2179 3452 2398 3522 χθῆναι
2442 3433 2630 3522 ὑμᾶς,
2675 3433 3043 3513 λανθανόντως
3088 3449 3249 3514 ἔδειξε
3306 3449 3590 3520 δεομένους
3634 3451 3834 3522 πολλῆς
3879 3433 3881 3436 ί

2177 3539 2530 3612 διορθώσεως.
2568 3539 2632 3591 Ὃ
2659 3536 2766 3607 γὰρ
2794 3535 3038 3607 βούλεται
3079 3537 3280 3595 εἰπεῖν,
3319 3535 3475 3589 τοῦτό
3511 3539 3654 3590 ἐστιν
3687 3551 3702 3567 ⁸
3735 3537 3834 3591 Ἐκ

2178 3629 2373 3690 πολλοῦ
2400 3628 2494 3683 τοῦ
2524 3627 2712 3700 χρόνου
2739 3625 3042 3697 ἐπεθύμουν
3088 3624 3180 3680 κα).
3222 3625 3468 3698 ηὐχόμην
3507 3626 3650 3697 ύμᾶς
3680 3624 3830 3692 ἰδεῖν,

2179 3718 2247 3772 δι’
2269 3720 2451 3786 ἓτερον
2479 3719 2574 3786 μὲν
2595 3716 2765 3779 οὐδὲν,
2795 3716 2881 3769 ἵνα
2901 3715 2956 3770 δέ
2989 3715 3132 3782 ὑμᾶς
3158 3713 3440 3784 βεϐαιώσω
3459 3753 3474 3774 ,
3503 3713 3737 3784 στηρίξω
3771 3731 3830 3767 τε

2180 3806 2274 3860 καὶ
2294 3805 2448 3873 πήξω
2471 3803 2647 3866 καλῶς
2668 3805 2746 3866 εἰς
2772 3802 2863 3856 τὸν
2899 3801 2992 3857 τοῦ
3019 3799 3151 3854 Θεοῦ
3176 3799 3338 3870 φόϐον
3372 3809 3419 3865 8,
3449 3799 3587 3854 ὥστε
3618 3800 3690 3871 μὴ
3730 3818 3831 3853 σα-

2179 3891 2424 3947 λεύεσθαι
2452 3889 2730 3962 διηνεκῶς.
2768 3889 2918 3947 Ἀλλ’
2963 3888 3103 3941 οὕτω
3135 3887 3234 3958 μὲν
3273 3889 3372 3941 οὐκ
3408 3883 3556 3941 εἶπεν
3583 3903 3600 3920 ο
3630 3887 3831 3958 ἔπληξε

2179 3981 2286 4051 γὰρ
2320 3979 2384 4033 av
2415 3995 2431 4012 ο
2468 3979 2668 4048 ἑτέρως
2689 3977 2745 4031 δὲ
2768 3976 3070 4046 ὑφειμένως
3095 3974 3155 4027 τὸ
3176 3974 3307 4028 αὐτὸ
3339 3974 3628 4027 αἰνίττεται
3657 3989 3672 4004 ο
3703 3976 3832 4027 ὅταν

2179 4071 2286 4139 γὰρ
2313 4069 2460 4138 είπη,
2515 4069 2619 4131 Είς
2674 4065 2742 4119 τὸ
2803 4061 3196 4131 στηριχθῆναι
3252 4059 3427 4129 ὑμᾶς,
3476 4059 3633 4112 τοῦτο
3657 4060 3825 4129 δηλοῖ.

2180 4152 2310 4208 Εἶτα
2341 4153 2524 4222 ἐπειδὴ
2550 4154 2642 4205 καὶ
2687 4151 2843 4203 τοῦτο
2887 4149 3090 4218 σφόδρα
3137 4147 3393 4218 φορτικὸν
3437 4140 3526 4214 ἦν,
3574 4145 3674 4215 δρα
3712 4145 3830 4208 πῶς

2179 4242 2310 4296 αὐτὸ
2357 4238 2755 4310 παραμυθεῖται
2797 4235 2884 4288 διά
2938 4235 3035 4302 τῆς
3084 4232 3397 4299 ἐπαγωγῆς.
3459 4231 3574 4284 "Iva
3612 4231 3718 4302 γὰρ
3753 4233 3830 4301 μὴ

2178 4329 2394 4395 λέγωσι·
2432 4326 2495 4377 Τί
2539 4324 2676 4392 γάρ;
2733 4318 3085 4388 σαλευόμεθα,
3128 4317 3551 4391 περιφερόμεθα,
3596 4319 3688 4371 καὶ
3731 4319 3835 4388 τῆς

2179 4414 2329 4485 παρά
2379 4412 2472 4465 σοῦ
2518 4408 2746 4479 δεόμεθα
2790 4405 3035 4475 γλώττης
3076 4407 3156 4468 εἰς
3205 4404 3266 4456 τὸ
3322 4405 3511 4474 στῆναι
3561 4404 3829 4473 βεϐαίως;

2179 4501 2460 4574 προλαϐὼν
2489 4501 2699 4569 ἀναιρεί
2721 4497 2819 4567 τὴν
2833 4493 3085 4562 τοιαύτην
3103 4492 3437 4562 ἀντίρρησιν,
3462 4490 3602 4544 οὕτω
3630 4492 3824 4557 λέγων·

2184 4591 2361 4646 Τοῦτο
2386 4589 2454 4642 δέ
2503 4588 2634 4641 ἐστι
2684 4579 3266 4654 συμπαρακληθῆναι
3311 4579 3379 4632 ἐν
3414 4578 3557 4647 ὑμῖν
3605 4576 3700 4631 διὰ
3726 4576 3831 4645 τῆς

2179 4680 2249 4737 ἐν
2275 4675 2565 4743 ἀλλήλοις
2611 4675 2888 4737 πίστεως,
2939 4667 3105 4736 ὑμῶν
3156 4683 3219 4720 τε
3263 4665 3358 4719 καὶ
3384 4665 3548 4734 ἐμοῦ.
3588 4665 3672 4725 Ὠς
3697 4664 3762 4716 ἂν
3781 4666 3830 4717 εἰ

2177 4767 2331 4834 ἔλεγε
2364 4780 2379 4796 ο
2410 4763 2501 4835 Μὴ
2551 4761 2946 4828 ὐποπτεύσητε,
2969 4757 3050 4810 ὅτι
3091 4752 3410 4824 κατηγορῶν
3454 4752 3606 4822 ὐμῶν
3636 4747 3787 4804 εἷπον
3811 4767 3827 4783 ⁸

2177 4861 2237 4914 οὐ
2261 4857 2433 4930 ταύτῃ
2461 4857 2527 4926 τῇ
2558 4855 2749 4923 γνώμῃ
2782 4847 3126 4918 ἐφθεγξάμην
3159 4845 3218 4897 τὸ
3249 4845 3422 4913 ῥῆμα,
3457 4842 3589 4894 ἀλλὰ
3617 4841 3667 4930 τί
3701 4839 3831 4892 ποτέ

2178 4949 2344 5012 ἐστιν,
2393 4928 2529 5014 ὅπερ
2578 4939 2880 5012 ἠϐουλήθην
2944 4937 3149 4997 είπεῖν;
3203 4930 3407 4992 Πολλὰς
3447 4928 3772 4997 ὑπεμείνατε
3790 4931 3829 5014 ,δ

2179 5033 2405 5103 θλίψεις,
2440 5013 2544 5084 ὐπὸ
2585 5028 2690 5080 τῶν
2730 5024 3028 5083 διωκόντων
3081 5017 3553 5092 περιαντλούμενοι
3587 5031 3600 5045 ·
3637 5013 3837 5068 ἐπεθύ-

2183 5099 2330 5191 μησα
2362 5118 2542 5172 τοίνυν
2587 5115 2729 5184 ὑμᾶς
2785 5112 2932 5173 ἰδεῖν,
2977 5109 3062 5161 ἵνα
3109 5103 3515 5191 παρακαλέσω,
3549 5101 3748 5191 μᾶλλον
3773 5099 3833 5152 δὲ

2179 5188 2277 5277 οὐχ
2307 5207 2395 5260 ἴνα
2423 5201 2804 5274 παρακαλέσω.
2836 5198 3013 5268 μόνον,
3070 5193 3196 5248 ἀλλ’
3226 5193 3311 5246 Eva
3345 5190 3439 5243 καὶ
3461 5189 3621 5251 αὐτὸς
3652 5188 3833 5259 παρά-

2181 5295 2370 5363 κλησιν
2397 5292 2654 5360 δέξωμαι.
2870 5285 2875 5290 ’

2250 5399 2461 5468 δ’.”ορα
2478 5393 2667 5463 σοφίαν
2686 5390 3022 5446 διδασκάλου.
3038 5384 3224 5449 Εἶπεν,
3240 5385 3342 5448 Είς
3359 5381 3422 5468 τό
3438 5379 3832 5468 στηριχθῆναι

2181 5485 2338 5556 ὑμᾶς
2375 5465 2524 5536 ’-οἶδε
2552 5481 2689 5552 βαρὺ
2714 5479 2807 5532 καὶ
2840 5475 3093 5546 φορτικὸν
3121 5472 3181 5524 τὸ
3214 5465 3501 5540 εἰρημένον
3523 5469 3634 5556 τοῖς
3658 5467 3832 5556 μαθη..

2181 5553 2300 5637 ταῖς
2331 5573 2411 5634 ὃν,
2440 5572 2533 5623 καὶ
2556 5569 2724 5635 λέγει,
2762 5568 2866 5629 Εἰς
2887 5563 2951 5616 τὸ
2974 5556 3430 5627 παρακληθῆναι
3465 5553 3637 5622 ὑμᾶς.
3669 5554 3832 5608 Ἀλλά

2181 5659 2457 5714 καὶτοῦτο
2491 5655 2625 5726 βαρὺ
2656 5655 2836 5715 πάλιν,
2886 5651 2983 5720 οὐχ
3038 5649 3178 5700 οὕτω
3215 5645 3312 5718 μὲν
3338 5643 3412 5706 ὡς
3445 5644 3504 5717 τὸ
3548 5643 3828 5714 πρότερον,

2243 5791 2260 5811 ⁸
2283 5789 2505 5849 Quidam.
2521 5787 2644 5849 οὐδέ.
2704 5784 2738 5849 γῐ
2764 5783 2896 5838 λιες..
2913 5784 3092 5849 μέλλεις
3110 5780 3238 5849 ᾑμῖν.
3309 5772 3818 5849 [ςιιιιεηθςοῦ-’λὸγρη

2189 5839 2328 5904 ὥστῖ.
2358 5839 2636 5900 Αἰιυδγθεοῦ
2660 5848 2798 5910 ροϐον
2827 5839 3082 5924 καίλογον,
3105 5845 3198 5891 ὥστ
3210 5858 3245 5892 ε.
3313 5839 3338 5879 h
3364 5839 3777 5899 Masuvmpévzu.
