4144 6146
304 225 409 282 ιοες

304 341 438 409 βιρὺ
463 338 521 398 δέ
548 338 715 410 ὅμως.
762 337 1146 408 ’Υποτέμνεται
1172 335 1350 399 τοίνυν
1384 335 1486 389 καὶ
1499 335 1688 389 τούτου
1712 334 1869 391 πάλιν
1890 333 1960 386 τὸί

299 426 577 498 φορτικὸν,
606 423 831 479 λεαίνων
856 423 1190 494 πανταχόθεν
1221 423 1311 477 τὸν
1332 422 1509 489 λόγον,
1531 421 1626 474 καὶ
1658 420 1827 474 ποιῶν
1859 420 1949 472 εὑ-

299 513 657 584 παράδεκτον.
688 512 762 565 ne»
789 512 895 583 7&9
922 511 1108 575 ἁπλῶς
1145 507 1288 573 εἷπε,
1318 508 1767 579 Παρακληθῆναι,
1792 507 1947 568 ἀλλὰ.

300 599 902 668 Συμπαρακληθῆναι,
929 600 1026 653 καὶ
1061 599 1184 652 οὑδέ
1205 598 1376 668 τούτῳ
1405 596 1670 669 ἠρκέσθη,
1702 595 1834 648 ἀλλά
1856 595 1951 647 καὶ

303 689 495 757 ἑτέραν
534 688 742 754 εἰσάγει
771 686 989 739 πλείονα
1013 685 1333 756 θεραπείαν,
1354 685 1520 737 εἰπών
1555 699 1571 714 '
1606 679 1851 749 Διὰ,τῆς
1884 680 1953 734 ἐν

301 773 594 840 ἀλλήλοις
647 774 923 839 πίστεως,
964 771 1131 839 ὑμῶν
1154 788 1218 826 τε
1257 772 1353 825 καὶ
1385 769 1550 840 ἐμοῦ.
1582 769 1775 829 Βαϐαῖ,
1812 766 1952 836 πόση

302 864 337 931 ἡ
374 860 837 931 ταπεινοφροσύνῃ
864 862 877 914 ἰ
912 859 1078 925 ἔδειξε
1102 859 1196 912 καὶ
1217 857 1405 920 ἐαυτὸν
1437 858 1657 911 ἐκείνων
1681 854 1952 925 δεόμενον,

300 949 400 1006 οὐκ
428 948 667 1010 ἐκείνους
698 947 891 1000 τούτου
931 946 1087 1016 μόνον
1113 961 1126 976 ·
1159 945 1261 1004 καὶ,
1290 945 1415 1009 τοὺς
1447 942 1694 1015 μαθητάς
1718 946 1774 996 ἐν
1803 942 1955 1008 τάξει

301 1033 632 1088 διδασκάλων
667 1034 938 1097 ἐκάθισεν,
993 1032 1248 1101 οὐδεμίαν
1282 1031 1551 1102 ὑπεροχὴν
1584 1030 1744 1100 ἀφεὶς
1779 1031 1968 1099 μεῖναι.

303 1123 432 1192 παρ’
461 1121 631 1191 αὑτῷ,
664 1119 801 1174 ἀλλὰ
850 1118 1048 1189 πολλὴν
1093 1118 1191 1191 τὴν
1218 1119 1487 1188 ἰσοτιμίαν
1528 1117 1954 1187 ἐπιδειξάμενος.

302 1207 498 1261 Κοινὸν
527 1207 635 1277 γάρ
683 1208 800 1259 ἐστι
848 1205 909 1267 τὸ
956 1205 1162 1276 κέρδος,
1211 1204 1500 1275 φησι-καὶ
1540 1202 1649 1272 ἐγὼ
1697 1203 1793 1273 τῆς
1824 1203 1954 1272 παρ’

304 1296 458 1366 ὑμῶν
473 1295 660 1360 δέομαι
678 1311 753 1347 πα
760 1293 1239 1365 ρακλήσεως,καὶ.ύ
1247 1295 1363 1362 μεῖς
1371 1290 1463 1363 [44
1475 1295 1486 1345 I
1500 1290 1519 1362 ]
1533 1292 1633 1368 ftﬁg
1650 1290 1778 1362 παρ’
1794 1289 1951 1361 ἐμοῦ.

303 1380 418 1439 Kal
454 1384 570 1447 πῶς
600 1381 758 1435 τοῦτο
787 1382 1031 1451 γίνεται;
1078 1380 1180 1434 Διὰ
1231 1378 1363 1456 τῆς..
1399 1379 1469 1433 ἐν
1519 1377 1813 1445 ἀλλήλοις
1859 1378 1966 1431 πί-.

304 1487 511 1536 στεως,
546 1464 709 1539 ὑμῶν
733 1486 797 1523 τε
829 1470 927 1523 καὶ
954 1467 1122 1537 ἐμοῦ.
1152 1467 1377 1521 Καθάπε
1388 1483 1427 1537 9.
1450 1465 1557 1537 γὰρ
1585 1465 1681 1519 ἐπὶ
1701 1464 1868 1535 πυρὸς
1891 1465 1966 1524 ἂνι

305 1557 506 1620 πολλάς
531 1574 614 1621 τις
656 1555 934 1626 συναγάγῃ
969 1554 1274 1625 λαμπάδας,
1306 1553 1562 1625 λαμπρὰν
1604 1553 1830 1615 ἀνάπτει
1858 1553 1958 1622 τὴν

304 1645 518 1714 φλόγα*
551 1644 694 1699 οὑτω
739 1645 834 1698 καὶ
874 1647 966 1697 ἐπὶ
1010 1642 1120 1698 τῶν
1170 1643 1378 1696 πιστῶν
1419 1641 1663 1711 γίνεσθαι
1693 1641 1959 1711 πέφυκεν.

308 1733 476 1788 Ὅταν
506 1733 604 1804 μὲν
637 1733 745 1805 7&9
765 1732 885 1786 καθ’
905 1731 1129 1796 ἑαυτοὺς
1152 1725 1300 1801 ὦμεν
1323 1729 1726 1799 διεσπασμένοι,
1753 1729 1964 1798 ἀθυμότ.

304 1821 451 1892 τεροί
483 1821 598 1885 πώς
619 1823 783 1892 ἐσμεν
814 1838 828 1850 θ
863 1821 992 1874 ὅταν
1015 1820 1071 1874 δέ
1102 1820 1301 1882 ἰδόντες
1322 1817 1582 1888 ἀλλήλους
1601 1819 1716 1880 τοῖς
1741 1817 1966 1880 οἰκείοις,

307 1908 730 1979 περιπλακῶμεν
762 1907 970 1978 μέλεσι,
996 1906 1199 1976 πολλὴν.
1223 1905 1488 1976 δεχόμεθα
1530 1903 1627 1974 τὴν
1672 1902 1958 1975 παράκλη-

306 2014 411 2050 σιν.
438 1996 529 2068 Μὴ
556 1997 663 2068 γάρ
706 2013 795 2066 μοι
833 1997 925 2049 τὸν
953 1995 1198 2066 παρόντα
1229 1993 1418 2064 καιρὸν
1446 1989 1725 2064 ἐξετάσῃς,
1751 1992 1873 2049 καθ’
1901 1990 1961 2044 ὃν

304 2086 370 2154 τῇ
389 2083 481 2137 τοῦ
503 2084 636 2137 Θεοῦ
691 2084 871 2155 χάριτι
920 2083 1059 2145 κατά
1077 2081 1270 2152 κώμην
1290 2079 1386 2134 καὶ
1412 2078 1586 2144 πόλιν,
1623 2079 1718 2141 καὶ
1739 2079 1795 2145 ἐν
1820 2077 1967 2150 αὑτῇΙ

303 2174 369 2242 τῇ
397 2173 588 2242 ἐρήμῳ
632 2170 800 2224 πολλά
852 2170 961 2223 τῶν
1014 2167 1387 2229 πιστευόντων.
1419 2167 1774 2236 τάτάγματα
1796 2205 1810 2229 ,
1867 2167 1963 2219 καὶ

304 2261 456 2321 πᾶσα
480 2258 702 2313 ἀσέϐεια
744 2256 1080 2328 ἐξελήλαται,
1148 2255 1261 2315 ἀλλ’
1315 2255 1568 2325 ἐννόησον
1601 2256 1718 2307 κατ’
1755 2256 1966 2310 ἐκεῖνον,

303 2346 395 2400 τὸν
413 2345 623 2416 καιρὸν,
654 2345 777 2397 ὅσον
803 2339 872 2413 ἦν
917 2340 1122 2411 ἀγαθὸν
1176 2342 1270 2395 καὶ
1309 2340 1626 2394 διδάσκαλον
1679 2340 1804 2393 ἰδεῖν
1835 2340 1960 2404 τοὺς

308 2431 575 2504 μαθητὰς,
603 2431 697 2495 καὶ
729 2430 832 2483 ὑπὸ
872 2429 1116 2497 ἀδελφῶν
1161 2428 1420 2497 ἀδελφοὺς
1453 2427 1683 2497 ὀφθῆναι
1711 2427 1767 2494 ἐξ
1796 2427 1966 2498 ἄλλης

310 2520 521 2581 πόλεως
554 2515 896 2580 ἐπελθόντας.
933 2516 1049 2569 Ἵνα
1083 2515 1137 2568 δέ
1161 2515 1256 2573 καὶ
1296 2515 1626 2585 σαφέστερον
1644 2514 1702 2567 τὸ
1733 2514 1959 2585 λεγόμε-

303 2625 395 2663 νον
423 2605 653 2676 ποιήσω,
683 2603 773 2656 ἐπὶ
800 2602 1196 2674 ὑποδείγματος
1227 2600 1319 2654 τὸν
1345 2600 1501 2667 λόγον
1528 2600 1843 2671 ἀγάγωμεν.
1894 2600 1958 2653 Εί

303 2695 412 2765 7&9
433 2691 672 2761 συμϐαίη
700 2689 830 2744 ποτὲ
860 2689 955 2744 καὶ
977 2689 1203 2765 γένοιτο,
1225 2688 1254 2740 ὃ
1288 2688 1362 2759 μὴ
1391 2688 1618 2756 γένοιτο,
1636 2686 1959 2761 ἀπενεχθὲν

302 2799 401 2845 τας
424 2783 502 2843 εἰς
537 2778 634 2849 τὴν
668 2776 891 2850 Περσῶν
931 2777 1035 2847 γῆν
1073 2776 1106 2846 ἢ
1134 2775 1405 2846 Σκυθῶνῆ
1438 2774 1729 2846 βαρϐάρων
1757 2775 1956 2845 ἐτέρων

303 2864 810 2937 διεσπάρθαιακατὰ
836 2862 929 2918 δύο
957 2864 1052 2921 καὶ
1077 2865 1223 2934 τρεῖς
1247 2864 1304 2916 ἐν
1321 2862 1554 2926 ἐκείναις
1576 2865 1691 2926 ταῖς
1718 2861 1954 2926 πόλεσιν,

309 2953 425 3009 εἶτα
451 2956 709 3023 ἐξαίφνης
735 2952 854 3007 τινὰ
873 2951 980 3005 τῶν
1006 2949 1248 3009 ἐντεῦθεν
1276 2950 1399 3002 ἰδεῖν
1437 2949 1750 3012 ἐπελθόντα,
1782 2951 1961 3019 ἐννόη-

308 3058 398 3103 σον
422 3042 551 3108 ὅσην
571 3039 636 3092 ἂν
657 3034 1102 3107 ἐκαρπωσάμεθα
1121 3034 1220 3105 τὴν
1251 3034 1622 3104 παραμυθίαν.
1657 3035 1769 3103 Οὑχ
1793 3026 1956 3104 ὁρᾶτε

303 3129 395 3191 καὶ
417 3128 543 3188 τοὺς
572 3126 629 3177 ἐν
657 3125 766 3185 τοῖς
794 3120 1185 3194 δεσμωτηρίοις
1211 3121 1388 3184 ὄντας,
1426 3118 1475 3174 εἴ
1496 3137 1617 3173 τινα
1644 3121 1750 3185 τῶν
1770 3124 1960 3191 ἐπιτη⁴

301 3215 458 3271 δείων
487 3214 666 3273 ἴδοιεν,
694 3208 1084 3279 ἀνισταμένους
1130 3208 1223 3270 καὶ
1269 3209 1680 3279 ἐπτερωμένους
1715 3209 1820 3262 ὑπὸ
1855 3209 1958 3278 τῆς

302 3300 521 3372 ήδονῆςς
555 3297 697 3352 Εἱδέ
731 3295 1081 3373 αἰχμαλωσίᾳ
1120 3295 1211 3349 καὶ
1242 3295 1597 3367 δεσμωτηρίῳ
1628 3296 1962 3368 παραϐάλλω

300 3391 426 3452 τοὺς
469 3388 584 3441 τότε
607 3386 856 3457 καιροὺς,
897 3385 986 3455 ,μὴ
1038 3383 1325 3455 θαυμάσῃς
1352 3400 1365 3413 ·
1403 3385 1536 3438 πολὺ
1583 3386 1686 3456 γὰρ
1713 3384 1960 3455 χαλεπώ-

301 3468 666 3549 τεραίτούτων
688 3474 925 3543 ἔπασχον
957 3474 1175 3535 ἐκεῖνοι,
1198 3472 1586 3543 διεσπαρμένοι
1614 3473 1708 3527 καὶ
1741 3474 1957 3529 ἐλαυνό-

304 3580 478 3634 μενοι,
514 3562 608 3614 καὶ
627 3560 769 3631 λιμῷ
796 3559 892 3614 καὶ
927 3558 1184 3629 πολέμοις
1213 3556 1501 3622 συζῶντες,
1534 3560 1625 3611 καὶ
1654 3559 1958 3633 καθημερι-

302 3652 425 3714 νοὺς
451 3649 712 3712 θανάτους
738 3647 1051 3718 τρέμοντες,
1094 3646 1189 3698 καὶ
1229 3645 1621 3711 ὑποπτεύοντες
1651 3648 1744 3702 καὶ
1772 3649 1957 3718 φίλους

303 3740 397 3799 καὶ
450 3737 681 3800 οἰκείους
717 3734 808 3789 καὶ
844 3737 1144 3803 συγγενεῖς,
1198 3736 1291 3789 καὶ
1348 3736 1597 3808 καθάπερ
1657 3736 1813 3808 ξένην
1860 3739 1958 3810 τὴν

300 3824 621 3897 οἰκουμένην
652 3822 948 3887 οἰκοῦντες,
985 3823 1180 3898 μᾶλλον
1211 3824 1268 3880 δὲ
1296 3824 1474 3896 πολλῷ
1500 3825 1606 3879 τῶν
1629 3829 1687 3880 ἐν
1705 3819 1960 3901 ἀλλοτρίᾳ,

300 3913 683 3986 διατριϐόντων
728 3910 1127 3982 χαλεπώτερον.
1172 3912 1271 3966 Διά
1313 3929 1397 3965 τοι
1428 3913 1583 3966 τοῦτὸ
1613 3932 1775 3986 φησιν
1830 3917 1957 3986 (Εἰς

301 4003 366 4058 τὸ
386 3999 783 4070 στηριχθῆναι
804 3997 980 4069 ὑμᾶς,
1006 3999 1101 4053 καὶ
1127 3999 1707 4069 συμπαρακληθῆναι
1734 4002 1831 4056 διὰ
1849 4002 1956 4071 τῆς

301 4091 371 4145 ἐν
396 4086 688 4155 ἀλλήλοις
718 4089 994 4152 πίστεως.
1028 4085 1196 4139 Τοῦτο
1216 4086 1271 4139 δέ
1301 4085 1483 4156 ἔλεγεν
1505 4129 1518 4152 ,
1549 4088 1646 4160 οὑχ
1674 4089 1748 4153 ὡς
1796 4091 1956 4155 αὐτὸς

300 4176 515 4251 χρῄζων
538 4176 632 4251 τῆς
660 4176 784 4244 παρ’
816 4174 1038 4228 ἐκείνων
1063 4175 1379 4246 συμμαχίας
1397 4216 1411 4241 ,
1439 4175 1615 4245 ἄπαγε
1649 4194 1661 4207 ·
1699 4178 1815 4243 πῶς
1847 4180 1954 4252 γὰρ

297 4269 327 4320 ὁ
354 4269 451 4336 τῆς
486 4262 809 4334 Ἐκκλησίας
846 4261 1054 4326 στῦλος,
1092 4262 1120 4313 ὁ
1142 4262 1360 4334 σιδήρου
1385 4265 1480 4316 καὶ
1501 4265 1706 4336 πέτρας
1733 4253 1957 4340 στερρόὲ
1986 4296 1997 4307 ι

296 4369 475 4425 τερος,
500 4353 527 4406 ὁ
559 4351 928 4421 πνευματικὸς
952 4350 1166 4421 ἀδάμας
1205 4352 1299 4407 καὶ
1335 4353 1558 4423 μυρίαις
1579 4353 1765 4424 ἀρκῶν
1795 4355 1954 4408 πόλε-

299 4441 443 4509 σιν);
477 4438 589 4492 ἀλλ’
617 4438 705 4492 ἴνα
740 4437 819 4508 μὴ
838 4438 1212 4508 ’καταφορικὸν
1264 4441 1465 4513 ποιήσῃ
1498 4442 1589 4494 τὸν
1618 4441 1773 4509 λόγον
1819 4443 1952 4515 μηδέ

298 4525 534 4598 σφοδρὰν
560 4525 658 4597 τὴν
695 4524 1030 4594 ἐπιτίμησιν,
1077 4524 1172 4577 καὶ
1208 4526 1368 4589 αὑτὸς
1407 4526 1613 4601 δεῖσθαι
1645 4530 1742 4599 τῆς
1774 4547 1953 4601 παρα-

295 4613 541 4684 κλήσεως
564 4612 716 4681 ἔλεγε
741 4611 840 4680 τῆς
863 4610 1105 4664 ἐκείνων.
1142 4610 1204 4664 Εἰ
1234 4612 1291 4664 δέ
1320 4630 1401 4676 τις
1427 4614 1656 4671 ἐνταῦθα
1676 4618 1955 4688 παράκλη-

298 4718 381 4755 σιν
409 4701 505 4754 καὶ
535 4697 872 4770 εὐφροσύνην
903 4697 1001 4768 τὴν
1024 4697 1116 4750 ἐπὶ
1140 4698 1238 4771 τῆς
1264 4699 1499 4763 πίστεως
1520 4700 1695 4754 αὐτῶν
1715 4704 1951 4760 ἐπίδοσιν

294 4788 468 4857 λέγοι,
505 4786 601 4840 καὶ
622 4783 826 4853 ταύτης
852 4783 1057 4837 δεῖσθαι
1079 4784 1170 4838 τὸν
1193 4785 1424 4851 Παῦλον,
1455 4788 1555 4840 οὑκ
1597 4789 1663 4844 ἂν
1690 4790 1809 4844 οὑδέ
1855 4792 1949 4845 οὑ-

292 4888 401 4940 τως
426 4874 661 4946 ἁμάρτοι
686 4871 779 4925 τοῦ
805 4871 985 4940 λόγου.
1018 4873 1080 4926 Εἰ
1105 4867 1197 4926 οὖν
1227 4873 1322 4927 καὶ
1350 4874 1653 4945 ἐπιθυμεῖς,
1679 4881 1831 4950 φησὶ,
1856 4884 1950 4937 καὶ

293 4964 449 5037 εὔχῃ,
472 4964 568 5017 καὶ
597 4961 809 5034 μέλλεις
851 4960 1249 5033 παρακλήσεως
1290 4963 1603 5027 ἀπολαύειν,
1645 4969 1738 5021 καὶ
1779 4987 1950 5041 παρα.

295 5054 538 5125 κλήσεως
601 5048 960 5122 μεταδιδόναι,
1015 5049 1067 5101 τί
1109 5049 1171 5103 τὸ
1216 5050 1422 5104 κωλύον
1463 5053 1674 5123 ἐλθεῖν;
1731 5055 1947 5131 Ταύτην

290 5141 470 5194 τοίνυν
527 5137 668 5191 λύων
718 5136 816 5206 τὴν
877 5135 1153 5200 ὑπόνοιαν,
1211 5137 1490 5208 ἐπήγαγεν
1518 5155 1532 5168 ·
1575 5144 1657 5196 Οὐ
1706 5144 1857 5199 θέλω
1879 5146 1949 5200 δὲ

290 5226 445 5297 ὑμᾶς
459 5224 719 5297 ἀγνοεῖν,
753 5224 1025 5292 ἀδελφοὶ,
1049 5224 1137 5277 ὅτι
1155 5225 1451 5292 πολλάκις
1477 5230 1896 5302 προεθυμήθην
1916 5236 1944 5276 b

290 5315 489 5371 ἐλθεῖν
520 5315 670 5383 πρὸς
701 5311 876 5383 ὑμᾶς,
911 5311 1011 5366 καί
1051 5312 1368 5382 ἐκωλύθην
1399 5313 1537 5383 ἄχρι
1583 5316 1694 5386 τῆς
1743 5320 1940 5390 δεῦρο.

292 5402 433 5474 Ὅρα
470 5403 641 5473 μέτρα
676 5400 925 5471 δουλικῆς
944 5399 1209 5470 ὑπακοῆς,
1237 5402 1330 5453 καὶ
1369 5402 1571 5474 πολλῆς
1596 5407 1944 5480 εὐγνωμοσύ-

288 5505 384 5559 νης
406 5488 694 5553 ἀπόδειξιν.
734 5490 857 5542 Ὀτι
898 5488 997 5560 μὲν
1026 5487 1133 5558 7&9
1164 5489 1431 5563 ἐκωλύθη,
1463 5492 1611 5563 λέγει
1637 5512 1651 5526 ·
1679 5496 1767 5552 διὰ
1789 5500 1938 5568 τίδὲ,

286 5577 492 5632 οὐκέτι.
528 5578 601 5631 Οὑ
633 5576 740 5649 7&9
782 5576 1023 5642 ἐξετάζει
1070 5575 1164 5631 τοῦ
1204 5579 1474 5635 Δεσπότου
1502 5582 1562 5636 τὸ
1591 5585 1939 5658 πρόσταγμα,

350 5724 365 5743 ¹
392 5724 874 5796 βουθδιεισπᾴσθαι.
912 5725 1064 5796 ΑΙίιιξ,Δ
1092 5727 1383 5796 διεσπάρθαι.
1414 5728 1567 5796 -Εᾴγὶίί
1611 5733 1935 5796 διεσπάρσθαι.

289 5787 439 5839 l‘aulo
461 5793 586 5847 post,
608 5786 689 5835 ubi
724 5786 960 5847 ἐννόησον,
984 5791 1068 5841 alii
1090 5786 1349 5845 σκόπηάον.
1414 5789 1573 5853 δΑΙῙῘ,
1618 5786 1890 5858 προεθέμην.

1099 225 1158 279 S.
1196 221 1478 278 JUANNIS
1513 216 2000 278 CIIRYSOSTOMI
2041 217 2354 275 ABCHIEP.
2397 216 2938 275 GONSTANTINOP.

3601 214 3709 272 408

2056 331 2194 385 ἀλλά
2216 330 2459 384 πείθεται
2502 330 2663 401 μόνον
2687 348 2701 362 ο
2732 331 2911 385 καίτοι
2968 344 3025 398 γε
3067 328 3212 393 εἰκὸς
3263 324 3330 401 ἦν
3356 330 3705 405 διαπορῆσαι.

2053 421 2196 485 τίνος
2216 421 2400 473 ἕνεκεν
2429 419 2580 472 πόλιν
2599 418 2750 477 οὕτω.
2764 418 3021 490 λαμπρὰν
3046 421 3138 472 καὶ
3169 420 3430 491 μεγάλην,
3454 424 3546 476 καὶ¹
3571 427 3710 495 πρὸς

2054 507 2122 578 ἢν
2155 506 2342 560 ἀπασα
2375 505 2600 560 ἔϐλεπεν
2638 507 2672 577 ή
2701 507 3016 577 οἰκουμένη,
3047 506 3316 561 ἐκώλυσεν
3353 509 3393 561 ὁη
3421 508 3553 574 Θεὸς
3574 512 3711 566 ἀπο-

2053 592 2247 648 λαῦσαι
2269 592 2585 647 διδασκάλου
2614 591 2764 664 [442]
2792 592 3054 657 τοιούτου,
3076 595 3170 647 καὶ
3190 595 3283 648 ἐπὶ
3310 596 3503 666 χρόνον
3531 599 3713 652 τοσοῦ-

2053 698 2163 735 τον.
2203 681 2262 734 '0
2302 680 2399 750 μὲν
2422 679 2531 752 γάρ
2550 681 2649 752 τῆς
2682 679 2987 751 κρατούσης
3017 680 3222 745 πόλεως
3263 685 3706 756 περιγενόμενος,

2055 766 2150 819 καὶ
2184 769 2296 828 τοῖς
2321 765 2650 836 ἀρχομένοις
2680 766 2874 837 ῥᾳδίως
2898 765 3055 836 ἐπῄει
3084 781 3098 795 ·
3128 767 3157 819 ό
3173 766 3229 820 δὲ
3253 767 3349 839 τὴν
3373 768 3713 838 βασιλικωτέ-

2060 868 2156 923 ραν
2185 853 2364 921 ἀφεὶς,
2387 855 2498 916 τοῖς
2539 852 2596 906 δέ
2629 852 2891 922 ὑπηκόοις
2936 852 3283 923 ἐφεδρεύων,
3311 856 3373 908 τὸ
3419 857 3713 925 κεφάλαιον

2056 934 2201 1008 εἶχεν
2221 938 2579 1010 ἠμελημένον.
2622 939 2772 992 Ἀλλ’
2793 940 2941 1009 ὅμως
2984 939 3135 994 οὐδὲν
3166 941 3371 995 τούτων
3414 946 3713 1015 περιεργά-

2059 1023 2231 1087 ζεται,
2257 1025 2392 1079 ἀλλά
2420 1029 2741 1097 παραχωρεῖ
2759 1025 2836 1097 τῷ
2880 1026 2979 1096 τῆς
3025 1028 3281 1097 προνοίας
3318 1029 3709 1103 ἀκαταλήπτῳ,

2058 1111 2118 1164 τό
2138 1129 2199 1165 τε
2247 1112 2482 1183 ἐμμελὲς
2532 1112 2974 1183 ἐπιδεικνύμενος
3017 1113 3119 1183 τῆς
3169 1115 3363 1169 ἐαυτοῦ
3388 1118 3587 1188 ψυχῆς,
3620 1122 3716 1175 καὶ

2036 1200 2327 1255 ’παιδεύων
2350 1201 2559 1264 πάντας
2578 1203 2730 1272 ἡμᾶς
2756 1201 3028 1272 μηδέποτε
3062 1203 3157 1257 τὸν
3189 1204 3331 1258 Θεὸν.
3352 1207 3603 1261 ἀπαιτεῖν
3625 1211 3715 1262 εὑ-

2062 1288 2224 1351 θύνας
2254 1288 2363 1343 τῶν
2389 1290 2707 1359 γινομένων,
2764 1288 2865 1342 κᾶν
2915 1289 3046 1362 δοκῇ
3107 1290 3333 1356 πολλοὺς
3366 1292 3614 1364 θορυϐεῖν
3647 1299 3716 1352 τὰ

2063 1376 2430 1450 πραττόμενα.
2478 1376 2749 1430 Δεσπότου
2792 1376 2890 1446 μὲν
2927 1377 3034 1448 γάρ
3065 1380 3181 1431 ἐστι
3232 1380 3391 1449 μόνον
3412 1382 3473 1434 τὸ
3501 1386 3719 1438 ἐπιτάτ-

2061 1480 2195 1526 τειν,
2215 1463 2416 1516 δούλων
2439 1474 2461 1502 ο
2487 1463 2547 1516 δέ
2571 1463 2635 1517 τὸ
2658 1463 2958 1520 πείθεσθαι.
2988 1466 3087 1519 Διά
3103 1458 3283 1532 τοῦτο,
3332 1468 3414 1522 ὅτι
3452 1471 3551 1541 μὲν
3584 1472 3719 1525 ἐκω-

2062 1550 2218 1621 λύθη,
2249 1550 2396 1619 λέγει
2429 1566 2445 1582 ·
2485 1551 2628 1615 τίνος
2673 1551 2728 1605 δὲ
2779 1552 2989 1618 ἐνεκεν,
3024 1554 3208 1608 οὐκέτι
3241 1568 3255 1584 ⁹
3297 1556 3435 1609 Οὑδὲ
3459 1558 3568 1628 7&9
3610 1557 3719 1626 ἐγὼ

2062 1633 2197 1702 οἶδα,
2232 1640 2383 1708 φησί.
2414 1638 2505 1709 Μὴ
2517 1639 2702 1692 τοίνυν
2727 1639 2903 1710 ἐρώτα
2935 1658 3000 1711 με
3025 1642 3159 1695 Θεοῦ
3191 1642 3384 1714 βουλὴν
3411 1645 3444 1715 ἣ
3468 1646 3716 1718 γνώμην.

2064 1725 2198 1779 Οὑδέ
2218 1725 2326 1796 7&9
2352 1728 2467 1796 ἐρεῖ
2488 1725 2550 1778 τὸ
2578 1726 2802 1794 πλάσμα
2822 1726 2899 1798 τῷ
2925 1728 3217 1782 πλάσαντι*
3248 1729 3308 1784 Τί
3325 1748 3403 1799 με
3421 1732 3718 1801 ἐποίησας

2063 1811 2248 1876 ο·ὒτω;
2284 1813 2443 1876 Τίνος
2465 1812 2572 1883 7&9
2593 1812 2800 1877 ἐνεκεν,
2837 1814 2958 1869 εἰπέ
2987 1832 3099 1885 μοι,
3149 1815 3246 1869 καὶ
3279 1814 3713 1888 ζητεῖςομαθείνς

2063 1899 2164 1952 οὑκ
2181 1895 2352 1961 οἶσθα,
2383 1900 2464 1952 ὅτι
2488 1901 2638 1969 μέλει
2688 1902 2903 1956 πάντων
2931 1902 3100 1974 αὑτῷ,
3131 1905 3213 1959 ὅτι
3242 1906 3398 1974 σοφός
3420 1908 3589 1968 ἐστιν,
3625 1910 3709 1963 ὅτι

2063 1985 2213 2039 οὑδέν
2244 1986 2427 2049 ἁπλῶς
2458 1988 2746 2058 ἐργάζεται
2767 1990 2862 2043 καὶ
2896 1992 3045 2062 είκῆ;
3075 1993 3154 2046 ὅτι
3179 1992 3282 2047 τῶν
3308 1996 3708 2066 γεγεννηκότων

2067 2089 2126 2125 σε
2158 2074 2356 2145 μᾶλλον
2396 2075 2559 2144 φιλεῖ,
2593 2076 2688 2130 καὶ
2720 2078 2926 2147 πατρὸς
2974 2080 3039 2133 ἐκ
3091 2080 3283 2135 πολλοῦ
3316 2082 3407 2135 τοῦ
3432 2083 3709 2153 περιόντος

2066 2161 2380 2233 ὑπερϐαίνει
2405 2163 2807 2236 φιλοστοργίαν,
2849 2166 2944 2220 καί⁸
2975 2168 3179 2240 μητρὸς
3223 2170 3716 2243 κηδεμονίανςΜηο

2063 2247 2152 2301 δὲν
2180 2245 2271 2303 οὖν
2305 2249 2468 2304 πλέον
2508 2251 2683 2322 ζήτει,
2744 2253 2880 2323 μηδέ
2935 2254 3192 2327 πρόϐαινε
3249 2258 3556 2327 περαιτέρω
3581 2276 3594 2288 ·
3623 2262 3719 2314 καὶ

2064 2337 2173 2408 γὰρ
2203 2339 2364 2409 ἀρκεῖ
2396 2355 2477 2391 σοι
2505 2339 2677 2393 ταῦτα
2694 2342 2775 2403 εἰς
2807 2343 3152 2413 παραμυθίαν
3173 2359 3187 2373 ’
3217 2345 3341 2397 ἐπεὶ
3370 2347 3463 2400 καὶ
3486 2348 3608 2399 τότε
3633 2364 3721 2400 σο-

2065 2424 2181 2494 φῶς
2202 2425 2518 2497 ᾠκονόμητο
2547 2427 2608 2480 τὸ
2651 2427 2758 2481 τῶν
2787 2429 3073 2499 Ῥωμαίων
3108 2430 3158 2486 ἀ.
3197 2433 3259 2485 Εἰ
3294 2433 3350 2486 δέ
3389 2434 3481 2487 τὸν
3521 2436 3720 2505 τρόπον

2064 2513 2296 2580 ἀγνοεῖς,
2332 2512 2407 2583 μὴ
2445 2512 2767 2585 δυσχέραινε
2796 2531 2809 2546 ο
2844 2515 3004 2569 τοῦτο
3044 2516 3153 2589 γὰρ
3193 2519 3430 2585 πίστεως
3461 2522 3715 2592 μάλιστα,

2063 2599 2125 2653 τὸ
2151 2600 2244 2653 καὶ
2270 2599 2565 2668 ἀγνοοῦντα
2589 2601 2681 2655 τὸν
2716 2602 2917 2672 τρόπον
2950 2604 3050 2675 τῆς
3096 2607 3428 2676 οἰκονομίας,
3467 2609 3718 2680 δέχεσθαι

2064 2687 2156 2740 τὸν
2179 2704 2246 2740 πε
2253 2688 2306 2758 9l
2326 2688 2582 2757 προνοίας
2609 2688 2786 2757 λόγον.

2134 2781 2197 2830 ε’.
2221 2776 2590 2846 Κατορθώσας
2611 2778 2787 2832 τοίνυν
2804 2779 2940 2850 ὅπερ
2963 2779 3288 2848 ἐσπούδαζεν
3307 2786 3336 2838 ὁ
3350 2785 3562 2851 Παῦλος
3576 2787 3647 2859 (τί
3661 2789 3719 2843 δέ

2064 2863 2219 2916 τοῦτο
2258 2860 2356 2935 ἦν;
2416 2865 2488 2917 Τὸ
2529 2865 2732 2930 δεῖξαι,
2778 2867 2859 2920 ὅτι
2899 2868 2958 2920 οὑ
3003 2872 3356 2942 καταφρονῶν
3398 2875 3718 2931 αὑτῶνοὺκ

2065 2950 2282 3031 ῆρχετο,
2314 2951 2449 3005 ἀλλὰ
2489 2955 2584 3006 καὶ
2612 2953 2818 3024 σφόδρα
2850 2953 3130 3025 ἐπιθυμῶν
3176 2959 3487 3033 ἐκωλύετο),
3537 2965 3630 3017 καὶ
3657 2967 3718 3020 τὸ

2065 3039 2327 3111 ἔγκλημα·
2351 3041 2756 3112 ἀποδυσάμενος
2794 3045 2893 3113 τῆς
2936 3044 3224 3117 ῥᾳθυμίας,
3276 3050 3371 3103 καὶ
3415 3052 3608 3118 πείσας
3635 3057 3719 3109 ὅτι

2066 3127 2242 3180 αὐτῶν
2279 3129 2375 3199 οὑχ
2402 3126 2563 3200 ἦττον
2584 3132 2789 3196 ἐκεῖνος
2827 3144 2850 3171 ο
2877 3132 3004 3186 ἰδεῖν
3024 3134 3223 3201 αὑτοὺς
3242 3138 3503 3209 ἐπεθύμει
3525 3158 3538 3171 ·
3558 3144 3718 3198 πάλιν

2066 3216 2163 3268 καὶ
2207 3216 2275 3268 δι’
2326 3217 2527 3287 ἐτέρων
2573 3218 2902 3274 ἐνδείκνυται
2948 3222 3047 3294 τὴν
3098 3223 3339 3297 ἀγάπην.
3393 3229 3529 3282 ῡὺδὲ
3588 3233 3716 3304 γὰρ,

2065 3304 2251 3375 ἐπειδὴ
2272 3304 2566 3376 ἐκωλύθην,
2610 3308 2804 3377 φησὶν,
2832 3310 3075 3383 ἀπέστην
3095 3313 3200 3366 τού
3245 3316 3562 3389 ἐπιχειρεῖν,
3593 3322 3718 3375 an!

2064 3392 2151 3444 ἀεὶ
2172 3393 2273 3481 μὲν
2294 3394 2631 3466 ἐπεχείρουν,
2662 3396 2749 3449 ἀεὶ
2779 3397 2837 3450 δὲ
2866 3399 3205 3472 ἐκωλυόμην,
3244 3405 3498 3462 οὐδέποτε
3529 3409 3585 3463 δὲ
3621 3413 3717 3481 ἀφ-

2067 3480 2321 3551 ιστάμην,
2348 3480 2423 3551 τῷ
2469 3482 2567 3552 μὲν
2612 3482 2877 3555 θελήματι
2911 3486 3004 3539 τοῦ
3033 3488 3168 3542 Θεοῦ
3214 3491 3314 3544 οὑκ
3359 3480 3713 3565 ἀντιπίπτων,

2061 3566 2160 3639 τὴν
2186 3567 2242 3621 δέ
2262 3568 2484 3640 ἀγάπην
2515 3570 2718 3641 τηρῶν.
2745 3573 2842 3626 Διὰ
2875 3574 2973 3644 μὲν
2995 3574 3099 3646 γὰρ
3128 3578 3221 3630 τοῦ
3252 3581 3599 3650 προτίθεσθαι
3621 3588 3714 3640 καὶ

2066 3657 2141 3727 μὴ
2167 3655 2493 3724 ἀφίστασθαι
2525 3659 2584 3711 τὸ
2605 3659 2824 3731 φίλτρον
2873 3663 3249 3719 ἐπεδείκνυτοο
3276 3667 3363 3722 διὰ
3399 3669 3457 3724 δέ
3480 3671 3574 3725 τοῦ
3606 3692 3714 3728 κω-

2062 3743 2283 3798 λύεσθαι
2317 3746 2415 3799 καὶ
2456 3746 2530 3816 μὴ
2567 3746 2883 3802 ἀντιτείνειν
2910 3750 3007 3821 τὴν
3044 3752 3172 3823 περὶ
3211 3753 3303 3807 τὸν
3341 3756 3471 3811 Θεὸν
3497 3760 3713 3815 ἃπασαν

2061 3834 2287 3905 ἀγάπην
2329 3834 2348 3873 ΐ
2408 3835 2617 3906 ἐδήλου.
2660 3836 2794 3890 Ἵνα
2831 3839 2963 3892 τινὰ
3014 3841 3250 3909 καρπὸν
3298 3844 3429 3914 σχῶ
3481 3849 3576 3901 καὶ
3640 3851 3713 3902 ἐν

2061 3921 2222 3991 ὑμῖν.
2253 3923 2443 3976 Καίτοι
2473 3924 2564 3977 καί⁵
2604 3924 2863 3994 ἀνωτέρω
2897 3927 2995 3997 τήν
3026 3929 3203 3982 αἰτίαν
3233 3926 3359 3985 εἶπε
3388 3933 3482 4005 τῆς
3520 3935 3712 3989 ἐπιθυ-

2065 4010 2214 4081 μίας,
2236 4011 2329 4063 καὶ
2357 4010 2503 4080 αὑτῷ
2537 4012 2860 4082 πρέπουσαν.
2897 4014 3114 4082 ἔδειξεν,
3154 4017 3281 4071 ἀλλ’
3321 4020 3466 4091 ὅμως
3494 4023 3586 4076 καὶ
3620 4025 3711 4077 ἐν-

2059 4097 2230 4152 ταῦθα
2268 4097 2436 4168 αὐτὴν
2474 4098 2675 4168 τίθησι,
2716 4101 2958 4173 σφοδρῶς
3004 4106 3345 4178 ἐκκαθαίρων
3392 4109 3566 4163 αὐτῶν
3614 4111 3712 4184 τὴν

2060 4187 2335 4268 ὑπόνοιαν.
2376 4186 2597 4268 Ἐπειδὴ
2641 4186 2760 4268 γὰρ.
2789 4190 3146 4268 περίϐλεπτος
3189 4189 3337 4268 ἧνΑή
3382 4198 3570 4265 πόλις,
3614 4204 3711 4255 καὶ

2063 4257 2199 4327 μόνη
2234 4257 2505 4326 πανταχοῦ
2534 4258 2635 4327 γῆς
2678 4257 2772 4311 καὶ
2809 4257 3080 4333 θαλάττης
3129 4257 3373 4339 τοιαύτη,
3413 4257 3713 4342 καῖ’ήςτῆς

2063 4342 2301 4412 ἱστορίας
2329 4343 2496 4414 αὑτῆς
2530 4344 2790 4415 ἐπιθυμία
2831 4348 2963 4420 μόνη
3003 4350 3219 4415 πολλοῖς
3244 4354 3551 4427 ἀποδημίας
3581 4361 3712 4430 πρό-

2059 4448 2222 4502 φασις
2244 4432 2462 4500 γέγονεν
2489 4449 2503 4463 ·
2540 4433 2630 4487 ἵνα
2656 4432 2731 4505 μὴ
2781 4436 2874 4489 καὶ
2909 4439 3039 4508 περὶ
3075 4440 3170 4493 τοῦ
3219 4442 3433 4496 Παύλου
3471 4447 3711 4509 τοιοῦτόν

2057 4538 2110 4574 τι
2139 4520 2421 4588 νομίσωσι,
2450 4520 2588 4591 μηδέ
2617 4523 3047 4590 ὑποπτεύσωσιν,
3082 4527 3164 4582 ὅτι
3192 4529 3377 4594 ἁπλῶς
3407 4535 3472 4604 τῇ
3509 4534 3711 4594 οἰκειώ-

2059 4625 2143 4661 σει
2172 4607 2348 4661 αὑτῶν
2380 4607 2918 4681 ἐγκαλλωπιζόμενος
2941 4613 3203 4685 ἐπεθύμει
3243 4617 3341 4688 τῆς
3367 4622 3484 4674 ἐκεῖ
3508 4639 3715 4691 παρου-

2057 4696 2200 4759 σίας,
2234 4694 2473 4765 συνεχῶς
2499 4694 2679 4767 τίθησι
2708 4698 2807 4768 τὴν
2836 4700 3091 4754 ὑπόθεσιν
3115 4705 3211 4774 τῆς
3248 4706 3560 4778 ἐπιθυμίας.
3600 4712 3712 4764 Καὶ

2056 4781 2361 4855 ἔμπροσθεν
2393 4782 2491 4852 μέν
2520 4800 2704 4854 φησιν’
2744 4786 2875 4843 Ἵνα
2904 4806 2958 4841 τι
2994 4791 3253 4858 μεταδῶ.
3272 4793 3533 4865 χάρισμα
3571 4799 3713 4867 ὑμῖν

2055 4873 2479 4940 πνευματικὸν,
2508 4873 2846 4943 ἐπεθύμουν
2878 4876 3028 4931 ἰδεῖν
3064 4894 3078 4910 ·
3111 4881 3345 4939 ἐνταῦθα
3367 4885 3423 4938 δέ
3454 4888 3711 4955 σαφέστε-

2057 4974 2167 5031 ρον’
2193 4960 2326 5014 Ἵνα
2352 4962 2487 5014 τινὰ
2518 4962 2750 5029 καρπὸν
2783 4963 2915 5031 σχῶ
2958 4967 3056 5021 καὶ
3094 4969 3165 5023 ὲν
3203 4970 3363 5040 ὑμῖν.
3389 4974 3584 5041 καθὼς
3611 4978 3710 5031 καί

2053 5049 2120 5132 ἐν
2141 5048 2266 5114 τοῖς
2292 5049 2527 5116 λοιποῖς
2549 5049 2698 5123 [4431
2728 5050 2949 5106 ἔθνεσι.
2979 5056 3117 5121 Τοὺς
3140 5058 3404 5129 ἄρχοντας
3436 5064 3575 5132 μετά
3598 5064 3710 5118 τῶν

2053 5130 2368 5201 ἀρχομένων
2392 5132 2605 5203 ἔστησε,
2636 5136 2732 5188 καὶ
2769 5137 2905 5206 μετά
2927 5138 2997 5191 τά
3024 5142 3196 5212 μυρία
3226 5130 3462 5213 τρόπαια
3492 5148 3584 5200 καὶ
3609 5147 3710 5211 τὰς

2054 5218 2205 5282 νίκας
2227 5220 2319 5271 καὶ
2353 5219 2448 5290 τήν
2475 5221 2580 5275 τῶν
2618 5223 2838 5277 ὑπάτων
2865 5229 3243 5299 περιφάνειαν,
3273 5233 3409 5302 μετά
3436 5235 3543 5288 τῶν
3574 5236 3709 5307 βαρ-

2052 5304 2233 5396 ϐάρων
2272 5306 2468 5371 αὐτοὺς
2498 5308 2677 5380 τίθησι
2714 5328 2729 5344 ο
2770 5314 2863 5366 καὶ
2895 5315 3039 5384 μάλα
3073 5318 3318 5380 εἰκότως.
3352 5321 3521 5376 Ὅπου
3543 5304 3709 5396 γὰρ-ἠ

2050 5393 2148 5483 τῇς
2169 5394 2405 5483 πίστεως
2441 5397 2707 5464 εὐγένεια,
2743 5401 2920 5466 οὐδεὶς
2956 5403 3250 5476 βάρϐαρος,
3284 5408 3459 5473 οὐδεὶς
3482 5393 3706 5483 Ἕλλην,

2051 5478 2223 5546 οὐδεὶς
2246 5481 2411 5549 ξένος,
2458 5484 2634 5550 οὐδεὶς
2678 5488 2924 5561 πολίτης,
2995 5492 3120 5547 ἀλλ’
3156 5495 3235 5559 εἰς
3293 5497 3422 5566 μίαν
3471 5478 3709 5566 ἅπαντες

2051 5568 2353 5640 ἀξιώματος
2378 5572 2762 5628 ἀναϐαίνουσιν
2785 5577 3081 5651 ὑπεροχήν.

2118 5657 2259 5748 Ὅρα
2308 5658 2364 5710 δὲ
2425 5660 2585 5748 αὑτὸν
2627 5664 2719 5717 καὶ
2766 5667 3000 5721 ἐνταῦθα
3048 5671 3429 5742 μετριάζοντα.
3481 5677 3555 5731 Οὐ
3599 5679 3709 5748 7&9

2111 5745 2270 5815 ξΑιίί,
2293 5748 2504 5815 gms»,
2526 5746 2711 5815 Ibigeq.
2746 5754 2865 5802 edin
2891 5756 3083 5815 ἐκώλυε,
3111 5760 3254 5807 male.
3269 5756 3565 5812 Mss.nnuws
3588 5745 3708 5814 έκωζ

2047 5806 2269 5905 λύῗῃῑρωά
2296 5807 2518 5905 ἕξεί.ῇά
2562 5812 2655 5859 τῶν
2683 5811 2829 5878 Ῥωμ.
2895 5817 2914 5839 ⁸
2938 5817 3034 5867 Mss
3059 5806 3082 5878 ,’
3100 5819 3307 5882 ἐκείνων,

2101 5868 2271 5932 Iidem,
2298 5870 2501 5918 εὔνοιαν.
