4144 6146
504 354 628 418 ³105
802 420 803 423 η

498 490 625 546 "que
650 475 776 531 illud
803 473 946 545 quod
980 473 1125 545 prius
1144 471 1377 527 dixerat.
1406 469 1763 540 ‘Asperitatem
1796 470 1972 538 itaque
1992 465 2098 520 mi-

508 568 667 636 tigat,
701 575 757 620 ut
782 580 1085 621 sermonem
1115 563 1304 619 reddat
1335 570 1629 630 acceptum.
1659 559 1774 616 Non
1801 558 1941 613 enim
1971 558 2099 611 sim-

519 657 722 726 pliciter
757 656 922 722 dixit,
958 653 1272 720 Consolari;
1309 652 1402 708 sed
1423 693 1438 719 ,
1476 652 1645 707 Simul
1671 667 1764 705 nos
1798 649 2050 704 consolari
2080 665 2098 702 :

517 762 688 816 neque
730 748 783 802 id
826 746 903 801 illi
944 746 1076 801 satis
1108 743 1240 808 fuit,
1285 742 1379 799 sed
1423 752 1478 798 et
1519 742 1664 796 illam
1712 741 2092 811 mitigationem

512 839 735 907 addidit,
763 839 947 894 dicens
975 855 988 891 :
1022 838 1123 892 Per
1149 847 1374 890 mutuam
1410 834 1579 905 ﬁdem,
1608 842 1819 889 vestram
1840 844 1885 887 et
1910 848 2091 885 meam.

512 931 696 1001 Papae,
720 939 917 1001 quanta
942 930 1247 984 humilitas!
1273 927 1517 998 Seipsum
1540 926 1622 980 bis
1642 940 1798 996 egere
1825 922 2093 988 indicavit,

506 1037 678 1092 seque
701 1023 805 1077 illis
830 1021 1083 1092 indigere,
1114 1035 1212 1077 nec
1237 1020 1354 1076 illos
1375 1019 1546 1073 solum
1575 1018 1690 1088 ipso
1711 1030 1845 1087 opus
1871 1015 2090 1082 habere,

509 1124 673 1185 atque
696 1114 982 1183 discipulos
1009 1113 1378 1184 magistrorum
1406 1113 1524 1166 loco
1544 1109 1747 1171 habuit,
1773 1108 1967 1162 nullam
1990 1106 2092 1161 sibi

516 1205 917 1277 praerogativam
953 1204 1295 1274 relinquens,
1332 1201 1425 1257 sed
1456 1201 1806 1271 aequalitatem
1846 1212 2089 1268 magnam

510 1297 822 1352 ostendens.
844 1296 1150 1351 Communis
1169 1304 1251 1349 est
1271 1293 1489 1355 utilitas,
1520 1292 1708 1362 inquit,
1732 1290 2093 1345 consolatione

515 1402 755 1458 egemus,
786 1402 886 1457 ego
911 1396 1106 1451 vestra,
1134 1401 1229 1441 vos
1259 1400 1398 1441 mea.
1426 1385 1495 1439 Et
1520 1381 1789 1455 quomodo
1823 1383 1962 1437 hoc?
1991 1381 2092 1436 Per

516 1480 668 1548 ﬁdem
708 1490 966 1544 mutuam,
1002 1488 1216 1534 vestram
1253 1488 1300 1532 et
1339 1493 1519 1531 meam.
1558 1475 2012 1543 Quemadmodum
2044 1476 2089 1528 si

507 1574 633 1643 quis
652 1574 849 1628 multas
872 1572 1029 1627 simul
1053 1571 1308 1627 accendat
1330 1571 1593 1636 lucernas,
1624 1568 1952 1639 Splendidam
1980 1567 2093 1623 edit

516 1663 782 1719 ﬂammam
809 1682 824 1719 :
849 1665 927 1719 sic
947 1674 995 1718 et
1021 1663 1159 1734 apud
1186 1663 1374 1719 ﬁdeles
1395 1663 1610 1718 evenire
1625 1658 1925 1717 solet.Cum
1946 1659 2087 1714 enim

511 1757 761 1826 disjuneti
788 1765 842 1812 et
867 1756 1092 1827 dispersi
1131 1771 1347 1821 sumus,
1380 1755 1559 1811 animo
1595 1755 1770 1809 minus
1806 1755 2044 1809 valemus
2073 1769 2086 1806 :

512 1847 723 1916 quando
750 1857 926 1902 autem
956 1862 1050 1901 nos
1074 1855 1256 1901 mutuo
1275 1846 1652 1915 conspicimus,
1676 1852 1728 1899 et
1748 1844 1894 1914 quasi
1921 1858 2090 1897 mem-

512 1938 625 1992 bris
665 1953 765 1993 nos
803 1937 1241 2008 complectimur,
1272 1939 1491 1994 multam
1527 1937 1816 2006 accipimus
1843 1936 2088 1991 consola-

511 2029 734 2085 tionem.
764 2030 841 2086 Ne
870 2030 997 2084 mihi
1024 2040 1198 2087 autem
1222 2046 1459 2103 praesens
1485 2041 1692 2099 tempus
1721 2028 1796 2083 illi
1823 2028 2084 2095 conferas,

516 2138 622 2191 quo
652 2139 747 2193 per
779 2123 870 2177 Dei
897 2125 1118 2193 gratiam
1157 2124 1209 2177 in
1242 2124 1393 2189 vicis,
1425 2124 1478 2177 in
1510 2122 1750 2188 urbibus,
1783 2121 1833 2175 in
1860 2120 2087 2191 ipsoque

514 2214 727 2268 deserto
755 2214 905 2268 multi
935 2224 1058 2268 sunt
1084 2215 1410 2270 credentium
1435 2224 1634 2280 ccetus,
1660 2213 1937 2283 omnisque
1966 2212 2088 2269 inde

515 2298 733 2371 exilitlsa
759 2313 841 2357 est
868 2304 1111 2374 impietas
1137 2322 1150 2358 :
1184 2305 1276 2360 sed
1309 2305 1435 2359 illud
1463 2306 1632 2375 cogita
1662 2315 1899 2373 tempus,
1928 2317 2086 2374 quam

511 2394 802 2461 Dplﬂlltlllln
842 2404 965 2450 tunc
999 2404 1143 2450 esset
1184 2396 1434 2466 magistro
1474 2396 1650 2450 videre
1688 2394 2007 2465 discipulos,
2035 2403 2089 2449 et

516 2484 705 2541 fratres
733 2486 831 2540 alia
859 2502 922 2541 ex
950 2486 1078 2542 urbe
1102 2486 1448 2542 advenientes
1466 2486 1793 2554 conspicere.
1820 2483 1887 2540 Ut
1911 2494 2087 2538 autem

515 2578 598 2643 id,
633 2578 773 2649 quod
812 2578 967 2645 dico,
1002 2578 1199 2633 clarius
1236 2577 1463 2644 evadat-,
1490 2577 1733 2646 exemplo
1774 2586 2002 2630 utamur.
2030 2574 2087 2629 Si

510 2669 877 2739 contingeret,
909 2669 1047 2739 quod
1091 2670 1265 2735 absit,
1303 2684 1399 2724 nos
1454 2667 1738 2722 translatos
1787 2666 1839 2720 iu
1889 2674 2086 2720 terram

513 2763 791 2817 Persarum
822 2773 914 2816 aut
936 2761 1251 2834 Scytharum
1286 2761 1702 2817 barbarorumve
1728 2759 1971 2825 aliorum,
2001 2757 2086 2812 di-

513 2854 689 2923 spergi
717 2854 870 2908 binos
893 2854 979 2907 vel
1000 2863 1180 2908 ternos
1205 2854 1257 2907 in
1287 2854 1390 2908 illis
1409 2851 1648 2915 urbibus,
1671 2849 1967 2920 deindeque
1990 2848 2089 2902 ali-

513 2961 670 3014 quem
693 2961 756 2999 ex
787 2946 869 2998 his
896 2946 1027 3000 locis
1052 2947 1354 3001 venientem
1380 2945 1668 3014 derepente
1692 2943 1891 3008 videre,
1914 2941 2086 3012 cogita

506 3047 709 3105 quanta
751 3038 1081 3107 repleremur
1109 3037 1491 3092 consolatione.
1523 3038 1712 3089 Annon
1744 3034 1931 3089 videtis
1959 3047 2084 3095 eos,

513 3130 601 3196 qui
631 3128 681 3180 iu
713 3128 1017 3183 carceribus
1046 3136 1185 3193 sunt,
1216 3129 1259 3182 si
1286 3144 1443 3197 quem
1475 3126 1809 3181 familiarium
1841 3124 2084 3187 viderint,

516 3235 803 3291 exsurgere
831 3229 884 3275 et
912 3236 1020 3290 prae
1041 3220 1230 3291 gaudio
1255 3220 1508 3274 exsilire?
1534 3218 1587 3275 Si
1618 3233 1776 3288 porro
1799 3215 2087 3286 captivitati

512 3324 565 3367 et
595 3313 796 3367 carceri
828 3314 911 3366 illa
945 3324 1182 3382 tempora
1208 3312 1513 3375 conferam,
1549 3327 1619 3375 ne
1644 3310 1900 3365 mireris:
1933 3308 2087 3377 longe

513 3405 655 3458 enim
685 3405 925 3474 graviora
965 3405 1301 3473 patiebantur
1336 3404 1432 3466 illi,
1462 3402 1711 3473 dispersi,
1740 3401 1898 3471 pulsi,
1927 3400 1979 3453 in
2006 3399 2088 3453 fa—

514 3510 599 3548 mc
634 3504 686 3549 et
728 3495 879 3550 bellis
900 3496 1179 3560 viventes,
1211 3495 1546 3564 quotidianas
1573 3504 1774 3548 mortes
1804 3493 2083 3557 timentes,

506 3585 730 3649 amicos,
761 3585 1068 3652 familiares,
1097 3594 1349 3657 cognatos
1385 3594 1660 3655 suspectos
1688 3583 1962 3645 habentes,
1992 3597 2084 3637 or-

512 3676 631 3731 bcm
666 3687 923 3732 terrarum
953 3678 1103 3747 quasi
1143 3686 1451 3732 extraneum
1487 3677 1588 3731 sibi
1619 3675 1944 3739 incolentes,
1977 3674 2085 3728 imo

511 3769 735 3835 graviori
759 3769 809 3822 in
832 3776 971 3822 statu
995 3779 1289 3832 versantes,
1306 3782 1464 3837 quam
1487 3766 1542 3829 ii,
1569 3767 1655 3836 qui
1680 3767 1730 3820 in
1751 3765 1922 3820 aliena
1944 3774 2084 3819 terra

513 3857 728 3926 degunt.
772 3860 897 3914 Ideo
930 3860 1005 3913 ait
1036 3877 1049 3912 :
1079 3860 1158 3912 Ad
1196 3858 1568 3928 conﬁrmandos
1604 3874 1691 3911 vos
1733 3873 1821 3926 per
1860 3865 2086 3910 mutuam

499 3951 683 4018 ﬁdem.
709 3951 820 4007 Hoc
848 3968 976 4006 vero
1000 3952 1228 4017 dicebat,
1259 3968 1362 4006 non
1390 3951 1538 4021 quasi
1571 3952 1682 4021 ipse
1710 3951 1916 4005 illorum
1941 3966 2087 4006 com-

515 4042 703 4097 militio
727 4058 861 4113 0pus
887 4043 1106 4098 haberet
1136 4063 1149 4097 :
1177 4044 1345 4108 absit;
1375 4043 1642 4113 quomodo
1661 4044 1803 4097 enim
1834 4042 2086 4098 Ecclesia:

494 4134 788 4198 columna,
827 4134 968 4190 ferro
997 4148 1050 4189 et
1082 4145 1226 4205 petra
1261 4134 1469 4199 fortior,
1511 4135 1801 4204 Spiritualis
1832 4135 1921 4190 ille
1957 4134 2085 4189 ada-

516 4243 658 4295 mas,
688 4231 774 4299 qui
808 4229 1100 4284 innutueris
1127 4229 1422 4284 sufﬁciebat
1460 4228 1758 4284 civitatibus
1777 4270 1791 4294 ,
1825 4228 1928 4282 illis
1953 4242 2088 4297 opus

517 4320 765 4375 haberet?
794 4320 886 4374 sed
923 4330 979 4375 ut
1016 4336 1083 4375 ne
1121 4320 1375 4375 molestus
1405 4334 1615 4380 sermo,
1655 4335 1788 4374 neve
1829 4318 2089 4374 correctio

502 4412 882 4465 “vehementior
906 4420 1086 4475 esset,
1114 4425 1172 4465 se
1202 4405 1410 4464 illo‘rum
1439 4411 1803 4465 cmisolatione
1828 4424 1960 4479 opus
1990 4408 2087 4463 ha-

518 4503 643 4559 bere
668 4503 894 4559 dicebat.
922 4503 1073 4570 Quod
1102 4503 1146 4558 si
1172 4502 1289 4573 quis
1319 4502 1405 4557 hic
1432 4502 1846 4557 consolationem
1873 4511 1922 4556 et
1955 4501 2089 4556 la-ti—

507 4597 642 4649 tiam
677 4612 741 4650 ex
774 4596 876 4652 ltde
900 4607 953 4650 et
984 4596 1310 4650 incremento
1350 4586 1558 4648 illorum
1602 4604 1771 4649 ortam
1815 4608 1950 4664 opus
1989 4593 2084 4647 ha-

515 4689 695 4744 buisse
722 4689 939 4744 Paulum
964 4688 1192 4754 dixerit,
1225 4686 1310 4742 hic
1332 4696 1478 4742 certe
1516 4700 1622 4741 non
1657 4685 2005 4740 abcrraverit.
2033 4684 2088 4741 Si

515 4797 665 4850 ergo.
698 4782 923 4851 inquies,
949 4781 1002 4836 id
1025 4781 1296 4836 desideras
1325 4789 1378 4836 et
1403 4787 1577 4846 optas,
1599 4789 1654 4834 et
1675 4778 2089 4833 consolationem

517 4884 830 4944 accepturus
873 4876 1194 4944 daturusqtte
1237 4889 1334 4940 es,
1378 4873 1503 4943 quid
1546 4872 1766 4941 impedit
1810 4872 2092 4942 quominus

512 4968 739 5021 venias?
771 4966 918 5021 lianc
938 4983 1065 5035 ergo
1088 4966 1300 5020 solvens
1324 4965 1681 5035 suspicionem
1700 5005 1716 5028 ,
1746 4963 1927 5034 adjicit
1959 4983 1973 5018 :
2000 4964 2088 5019 f5.

521 5061 659 5116 Nolo
689 5070 857 5115 autem
882 5075 967 5113 vos
996 5060 1248 5130 ignorare,
1276 5064 1479 5130 fratres,
1507 5057 1642 5129 quod
1675 5074 1809 5128 saepe
1831 5056 2090 5111 desidera-

509 5154 670 5206 verim
690 5152 857 5206 venire
873 5150 941 5205 ad
958 5167 1061 5210 vos.
1081 5161 1126 5204 et
1146 5150 1411 5220 impeditus
1424 5150 1518 5204 sim
1537 5166 1691 5218 usque
1706 5148 1919 5202 adhunc
1937 5148 2088 5201 diem.

522 5244 655 5300 Vide
691 5244 900 5299 servilis
938 5240 1255 5296 obedientiae
1286 5241 1499 5295 modum
1520 5282 1535 5306 ,
1564 5251 1617 5295 et
1642 5240 1927 5294 admodum
1956 5238 2091 5309 grati

513 5337 678 5392 animi
719 5336 1180 5406 signiﬁcmtonem.
1209 5332 1358 5401 Quod
1390 5330 1709 5402 prtrpeditus
1733 5332 1820 5397 sit,
1853 5332 1960 5396 ait;
1990 5346 2092 5401 qua

514 5429 587 5483 de
624 5443 782 5484 causa
807 5470 822 5491 ,
853 5442 958 5482 non
997 5428 1146 5480 item.
1185 5423 1367 5494 Neque
1408 5423 1549 5477 enim
1589 5423 1852 5477 examinat
1881 5422 2093 5476 Domini

521 5521 859 5585 mandatum,
894 5519 986 5575 sed
1028 5518 1338 5587 obsequitur
1377 5526 1580 5570 tantum
1610 5534 1622 5568 :
1652 5531 1969 5586 quamquam
2003 5533 2097 5586 par

522 5624 640 5668 erat
665 5615 928 5679 dubitare,
952 5628 1048 5668 cur
1078 5620 1274 5666 tantam
1302 5621 1513 5693 tamque
1536 5608 1863 5679 splendidam
1886 5610 2095 5673 urbem,

523 5706 591 5762 ad
615 5724 772 5778 quam
800 5708 960 5763 totius
984 5706 1127 5763 orbis
1155 5704 1292 5761 oculi
1324 5703 1788 5767 convertebantur,
1816 5704 2098 5774 quominus

523 5801 740 5858 doctore
766 5810 909 5857 tanto
934 5800 1216 5868 frueretur,
1245 5796 1445 5853 tamdiu
1472 5795 1749 5871 impediret
1775 5795 1935 5851 Deus.
1962 5792 2092 5850 Nam

1594 347 1678 411 ἸΝ
1721 345 1933 411 EPlS’I‘.
1974 346 2270 409 ‘ADROM.
2314 350 2541 413 HOMIL.
2578 352 2639 413 ll.

3664 363 3776 425 εισϐ

2207 466 2296 535 qui
2327 467 2673 538 imperantem
2701 471 2887 528 urbem
2915 473 3075 540 vicit,
3107 469 3481 546 subditos‘ejus
3502 476 3664 532 facile
3692 479 3777 533 in-

2205 559 2384 626 vadit;
2412 564 2501 631 qui
2529 572 2707 616 autem
2739 564 2824 617 illa
2855 564 3094 632 dimissa,
3126 567 3350 622 subditis
3380 567 3656 633 incumbit,
3688 568 3779 624 ille

2199 661 2358 719 caput
2378 652 2616 722 negligit.
2641 654 2709 707 At
2730 654 2857 708 nihil
2882 654 3069 710 horum
3095 658 3286 711 Paulus
3306 673 3517 714 curiose
3540 659 3774 729 indagat,

2198 740 2292 795 sed
2327 742 2848 813 incomprehensibili
2889 745 3231 816 providentirc
3265 748 3440 815 cedit,
3475 758 3582 802 tum
3612 749 3777 803 animi

2198 835 2279 888 sui
2321 834 2737 893 moderationem
2771 840 3087 905 ostendens,
3115 849 3225 893 tum
3258 840 3507 896 erudiens
3532 856 3631 896 nos
3656 856 3775 896 om~

2199 940 2314 991 ncs,
2336 942 2403 982 ne
2423 944 2671 999 umquam
2695 946 2725 985 a
2749 931 2860 986 Deo
2880 941 3148 1002 gestorum
3167 934 3424 989 rationem
3446 943 3771 1004 repetamus.

2198 1020 2407 1075 etiamsi
2447 1022 2533 1076 illa
2573 1024 2767 1078 multos
2809 1024 3022 1080 turbare
3061 1024 3358 1079 videantur.
3400 1024 3530 1079 Nam
3570 1026 3775 1080 domini

2199 1121 2401 1166 tantum
2437 1121 2521 1167 est
2561 1113 2858 1185 imperare,
2903 1130 3180 1171 servorum
3217 1117 3459 1186 obsequi.
3492 1116 3616 1171 ideo
3646 1117 3778 1173 dicit

2196 1215 2256 1255 se
2296 1202 2603 1272 impeditum
2648 1203 2844 1268 fuisse;
2884 1221 2984 1277 qua
3022 1221 3152 1262 vero
3186 1207 3253 1261 de
3286 1222 3475 1270 causa,
3503 1208 3720 1262 minimc
3753 1223 3768 1261 :

2196 1291 2377 1363 Neque
2402 1294 2542 1348 enim
2570 1309 2670 1365 ego
2699 1297 2853 1361 novi,
2881 1297 3070 1369 inquit.
3100 1297 3176 1353 Ne
3216 1314 3300 1353 me
3339 1299 3497 1369 igitur
3538 1299 3770 1353 interro-

2195 1398 2319 1454 ges,
2350 1401 2473 1455 quae
2499 1386 2569 1441 sit
2593 1387 2837 1443 voluntas
2865 1397 2958 1443 aut
2985 1391 3247 1445 sententia
3279 1390 3388 1446 Dei.
3418 1390 3601 1460 Neque
3628 1390 3771 1445 enim

2194 1474 2502 1546 figmentum
2544 1478 2719 1550 opiﬁci
2756 1478 2898 1535 dicet
2927 1499 2939 1533 :
2968 1480 3069 1536 Cur
3103 1498 3182 1536 me
3207 1483 3278 1536 sic
3308 1483 3469 1551 fecisti
3493 1480 3682 1553 (Rom.
3712 1482 3768 1536 9.

2195 1565 2326 1636 20)?
2351 1568 2479 1635 Cur,
2504 1584 2705 1639 quaeso,
2737 1571 2785 1624 id
2813 1570 3052 1627 ediscere
3080 1573 3268 1641 cupis?
3301 1588 3368 1626 an
3407 1576 3581 1629 nescis
3619 1573 3767 1627 illum

2194 1660 2429 1713 omnium
2467 1674 2649 1715 curam
2698 1661 2930 1726 habere,
2968 1663 3262 1733 sapientem
3295 1680 3451 1731 esse,
3483 1664 3617 1720 nihil
3654 1665 3769 1721 sine

2193 1763 2350 1804 causa
2376 1759 2468 1831 aut
2494 1760 2693 1807 temere
2716 1753 2927 1820 fecisse,
2948 1755 3089 1825 quod
3118 1764 3169 1809 te
3199 1756 3313 1824 plus
3333 1771 3492 1826 quam
3522 1764 3769 1825 parentes

2194 1843 2270 1895 tui
2296 1852 2460 1910 atnet,
2487 1844 2627 1914 quod
2657 1848 2822 1915 patris
2844 1862 2967 1917 erga
3000 1856 3050 1901 te
3076 1846 3324 1902 aﬂ'ectum
3351 1848 3642 1916 matrisque
3669 1860 3767 1901 cu-

2192 1948 2307 1988 ram
2337 1934 2491 2004 longe
2519 1937 2770 2004 superet?
2804 1936 2944 1991 Nihil
2981 1952 3109 2008 ergo
3145 1938 3282 1992 ultra
3309 1952 3515 2007 quaeras
3539 1980 3554 2003 ,
3594 1951 3769 2007 neque

2193 2025 2415 2080 ulterius
2442 2026 2696 2095 procedas
2726 2046 2739 2082 :
2768 2027 2880 2083 hare
2906 2029 3101 2099 quippe
3127 2030 3220 2085 tibi
3249 2030 3315 2084 ad
3344 2030 3764 2085 consolationem

2191 2117 2319 2170 satis
2344 2124 2503 2171 sunt:
2534 2117 2793 2187 siquidem
2819 2127 2874 2173 et
2901 2126 3026 2173 tunc
3054 2133 3140 2174 res
3169 2119 3528 2174 Romanorum
3557 2120 3768 2188 sapiena

2192 2218 2273 2263 ter
2298 2210 2634 2279 regebantur.
2662 2211 2811 2278 Quod
2843 2211 2890 2266 si
2925 2212 3140 2267 modum
3179 2215 3417 2283 ignoras,
3449 2227 3515 2267 ne
3545 2212 3595 2267 id
3623 2226 3765 2282 a-gre

2192 2299 2330 2355 feras
2359 2319 2372 2355 :
2400 2301 2526 2356 illud
2549 2302 2687 2357 enim
2712 2302 2940 2357 maxime
2961 2302 3027 2357 ad
3057 2302 3212 2358 ﬁdem
3241 2303 3487 2372 pertinet,
3515 2303 3558 2356 si
3581 2306 3644 2367 is,
3669 2302 3761 2369 qui

2192 2394 2503 2447 teconomim
2528 2393 2746 2448 modum
2773 2393 2998 2464 ignorat,
3024 2392 3368 2464 providentia:
3396 2403 3567 2448 tamen
3600 2392 3761 2447 ratio-

2191 2499 2312 2538 nem
2343 2484 2605 2539 admittat.

2262 2578 2316 2632 5.
2342 2576 2473 2632 Cum
2502 2578 2660 2647 igitur
2682 2578 2877 2633 Paulus
2898 2592 2957 2633 ea
2975 2619 2991 2644 ,
3012 2595 3131 2649 qum
3154 2579 3406 2646 curabat,
3436 2589 3582 2633 recte
3610 2593 3758 2632 com-

2193 2668 2483 2736 posuisset;
2504 2668 2627 2735 quid
2653 2676 2826 2722 autem
2854 2667 2980 2722 illud
3001 2677 3115 2722 erat
3132 2669 3156 2720 ?
3176 2668 3468 2723 Ostendere
3487 2684 3566 2732 se,
3590 2667 3632 2720 si
3656 2682 3761 2719 non

2192 2761 2315 2816 illos
2339 2760 2511 2815 adiret
2529 2803 2544 2825 ,
2572 2776 2677 2814 non
2705 2776 2769 2815 ex
2797 2770 3102 2828 contemptu
3131 2759 3179 2812 id
3211 2760 3414 2820 facere,
3444 2759 3537 2812 sed
3566 2757 3614 2810 id
3646 2772 3761 2811 Ina-

2191 2853 2335 2908 xime
2356 2853 2655 2921 cupientem
2675 2894 2690 2918 ,
2722 2850 3002 2921 prtepediri
3040 2860 3251 2916 tamen;
3296 2860 3349 2906 et
3376 2865 3496 2904 cum
3523 2848 3762 2918 segnitiei

2192 2946 2392 3001 crimen
2420 2962 2447 2999 a
2475 2961 2534 3001 se
2565 2945 2917 3010 removisset,
2946 2943 3304 3012 suasissetque
3334 2957 3392 2997 se
3423 2958 3525 2995 non
3557 2942 3762 2995 minore

2195 3039 2461 3094 desiderio
2504 3038 2714 3092 illorum
2762 3037 3105 3092 videndorum
3151 3036 3317 3090 teneri
3343 3078 3357 3098 ,
3397 3051 3555 3105 quam
3597 3035 3760 3088 illos:

2191 3144 2399 3185 rursum
2439 3130 2555 3183 aliis
2595 3129 2768 3183 modis
2808 3143 3041 3182 antorem
3088 3126 3536 3205 suumhostendit.
3583 3125 3766 3194 Neque

2190 3222 2330 3277 enim
2351 3263 2366 3287 ,
2392 3222 2511 3291 quia
2543 3221 2822 3289 impeditus
2856 3234 2971 3274 sum
2995 3261 3009 3282 ,
3038 3201 3305 3289 inquitaa.
3328 3227 3519 3274 conatu
3550 3217 3762 3280 destiti,

2190 3315 2282 3371 sed
2310 3330 2523 3384 semper
2552 3314 2814 3368 tentabatn
2837 3355 2852 3378 ,
2879 3328 3089 3382 semper
3130 3311 3451 3382 prohibebar
3481 3329 3492 3364 :
3524 3326 3623 3365 nec
3651 3327 3767 3364 tun-

2188 3421 2345 3476 quam
2373 3405 2573 3469 deSIiti,
2605 3405 2860 3458 voluntati
2889 3404 3099 3472 quidem
3135 3404 3223 3458 Dei
3255 3419 3357 3457 non
3390 3403 3677 3463 resistens,
3711 3412 3766 3453 et

2189 3499 2461 3553 caritatem
2494 3511 2733 3551 servans.
2763 3495 2892 3550 Nam
2920 3511 3039 3551 cum
3066 3504 3388 3567 proponeret
3417 3509 3516 3550 nec
3542 3494 3766 3549 desisto-

2188 3599 2292 3655 ret,
2322 3605 2558 3644 amorem
2590 3587 2905 3652 exhibebat;
2931 3588 3071 3656 quod
3100 3595 3276 3641 autem
3302 3586 3647 3656 impediretur
3668 3599 3765 3639 nec

2189 3683 2479 3747 resisteret,
2503 3698 2762 3737 summam
2789 3697 2911 3751 erga
2938 3681 3105 3736 Deum
3132 3681 3404 3735 caritatem
3428 3678 3759 3734 ostendebat.

2195 3774 2269 3830 Ut
2291 3776 2507 3846 aliquem
2536 3778 2753 3845 fructum
2781 3774 2990 3828 habeam
3015 3774 3165 3827 etiam
3195 3773 3246 3826 in
3275 3771 3431 3825 vobis.
3465 3770 3571 3823 Etsi
3601 3786 3641 3823 SI
3665 3783 3760 3837 pc-

2189 3868 2300 3922 rius
2329 3866 2575 3921 desiderii
2602 3877 2813 3918 causam
2844 3864 3111 3927 attulerit,
3140 3872 3195 3918 et
3225 3864 3322 3917 sibi
3355 3876 3646 3938 congruere
3672 3875 3759 3913 os-

2193 3959 2455 4023 tenderit;
2490 3968 2719 4013 attamen
2763 3957 2847 4011 hic
2887 3971 3098 4027 anque
3141 3955 3284 4009 illam
3325 3953 3506 4017 adert,
3549 3953 3760 4005 illorum

2191 4053 2545 4122 suspicionem
2578 4051 2861 4105 admodum
2888 4050 3184 4118 corrigens.
3217 4048 3347 4112 Quia
3377 4046 3516 4099 enim
3543 4045 3759 4111 conSpi-

2191 4158 2286 4198 (-ua
2316 4144 2441 4198 urbs
2465 4152 2599 4207 erat,
2630 4152 2682 4196 et
2710 4143 2820 4196 sola
2850 4143 2901 4194 in
2934 4152 3071 4196 terra
3100 4149 3152 4193 et
3182 4139 3312 4192 mari
3343 4146 3502 4190 tantm
3534 4136 3763 4204 pulchri-

2192 4236 2408 4297 tudinis,
2434 4245 2593 4304 atque
2615 4234 2730 4303 ejus
2755 4243 2954 4286 tantum
2982 4230 3221 4286 videnda:
3246 4229 3510 4284 desiderio
3536 4227 3761 4298 permoti

2192 4325 2342 4380 mttlti
2391 4325 2478 4379 illo
2515 4325 2923 4393 commigrarunt
2956 4343 2968 4375 :
3002 4337 3070 4377 ne
3113 4321 3236 4390 quid
3278 4320 3451 4374 simile
3495 4320 3562 4374 de
3601 4319 3764 4373 Paulo

2192 4416 2349 4469 etiam
2382 4415 2745 4485 opinarentur,
2774 4428 2908 4467 neve
2939 4412 3369 4481 suspicarentur,
3404 4410 3522 4465 ideo
3551 4410 3762 4464 illorum

2192 4516 2534 4577 conspectum
2561 4505 2866 4561 desiderare
2891 4504 3133 4571 Paulum,
3155 4504 3292 4574 quod
3316 4518 3380 4558 ex
3408 4504 3615 4557 illorum
3639 4517 3767 4557 con-

2193 4599 2361 4651 sortio
2384 4611 2444 4651 se
2470 4596 2749 4652 clariorem
2780 4595 2897 4650 fore
2926 4605 3152 4666 putaret,
3184 4595 3488 4665 frequenter
3512 4593 3762 4648 desiderii

2193 4705 2407 4746 causam
2449 4689 2686 4759 apponit.
2730 4689 2796 4742 Et
2831 4703 2991 4757 supra
3032 4688 3243 4756 quidem
3273 4687 3449 4741 dixit:
3483 4684 3547 4740 Ut
3574 4685 3766 4754 aliquid

2192 4769 2475 4852 impertiam
2501 4780 2637 4834 vobis
2666 4779 2843 4849 gratia:
2869 4779 3167 4847 spiritualis,
3197 4777 3361 4831 videre
3384 4775 3766 4836 desiderabam;

2195 4873 2281 4929 hic
2308 4889 2436 4929 vero
2464 4872 2657 4927 clarius
2686 4890 2700 4927 :
2731 4870 2796 4926 Ut
2822 4873 3037 4940 aliquem
3064 4873 3283 4939 fractum
3304 4868 3512 4922 habeant
3539 4868 3689 4921 etiam
3712 4867 3767 4919 in

2194 4967 2350 5033 vobis,
2372 4966 2789 5036 t/uemadmodum
2810 4973 2856 5017 et
2880 4965 3010 5018 inter
3032 4964 3249 5031 reliquas
3277 4971 3464 5031 gentes.
3495 4959 3769 5028 Principes

2194 5073 2314 5113 cum
2339 5056 2564 5113 subditis
2581 5064 2927 5120 annumerat',
2951 5064 3067 5125 post
3091 5054 3236 5109 mille
3258 5063 3475 5122 tropaea,
3499 5052 3766 5110 victorias.

2196 5162 2318 5222 post
2345 5150 2622 5206 consulum
2650 5149 2946 5203 claritatem
2967 5190 2981 5212 ,
3010 5163 3129 5201 cum
3165 5145 3409 5201 barbaris
3436 5145 3584 5214 ponit
3613 5143 3766 5205 illos;

2196 5252 2250 5297 et
2275 5242 2393 5311 jure
2427 5239 2662 5311 quidem.
2701 5238 2832 5294 Nam
2878 5238 2963 5292 ubi
3007 5237 3124 5291 ﬁdei
3172 5236 3423 5291 nobilitas
3457 5243 3571 5301 est,
3610 5248 3767 5288 nemo

2198 5336 2473 5397 barbarus,
2505 5348 2664 5389 nemo
2690 5331 2928 5398 Grzccus,
2957 5345 3113 5386 nemo
3139 5316 3470 5398 peregrinus,
3503 5341 3660 5381 nemo
3685 5326 3767 5380 ci-

2198 5428 2311 5483 vis:
2344 5424 2438 5480 sed
2471 5424 2521 5477 in
2552 5438 2713 5477 unum
2747 5421 3019 5492 dignitatis
3055 5420 3319 5498 fastigium
3353 5431 3540 5473 omnes
3578 5431 3769 5472 ascen-

2196 5518 2347 5574 'lunt.

2275 5611 2425 5664 Pauli
2452 5607 2714 5663 modestia.
2733 5635 2808 5648 -—-
2831 5605 2964 5660 Vide
2994 5619 3151 5674 perm
3180 5601 3326 5656 illum
3364 5601 3451 5657 hic
3484 5599 3773 5656 modestius

2199 5713 2464 5771 agentem.
2497 5700 2613 5755 Non
2651 5696 2794 5753 enim
2834 5695 3094 5762 dixit,‘Ut
3127 5693 3347 5749 doceam
3372 5702 3428 5747 et
3466 5691 3770 5746 instituam:

2200 5793 2293 5849 sed
2319 5790 2486 5865 quid?
2518 5789 2586 5846 Ut
2614 5788 2828 5862 aliquem
2856 5786 3073 5860 fructum
3108 5784 3354 5849 habeam;
3384 5797 3488 5838 non
3518 5779 3770 5853 simplici-
