4122 6150
368 342 473 400 407
665 384 669 389 .
1103 332 1161 394 S.
1201 333 1472 392 JOAN-NIS
1506 324 1976 388 CllRYSOSTOMi
2013 323 2323 380 ABCIIIEP.
2363 317 2886 379 CONSTANTINOP.
3526 319 3630 377 ωε

372 463 456 510 ter
480 453 730 520 fructum,
762 450 877 518 sed,
908 450 1137 521 Aliquem
1161 453 1377 521 fructum
1408 465 1425 503 :
1453 460 1635 503 rursus
1663 463 1721 501 ea
1748 459 1865 515 quae
1889 458 1948 498 se

370 554 614 614 spectant
649 543 1044 614 comprimens,
1078 550 1136 597 ut
1172 542 1417 611 superius
1456 540 1623 604 dixit,
1659 538 1726 595 Ut
1754 535 1948 600 aliquid

369 635 673 707 impertiam.
706 634 907 690 Deinde
934 632 1054 689 illos
1080 647 1291 703 quoque
1321 641 1378 688 ut
1401 631 1509 702 jam
1537 630 1644 686 dixi
1664 669 1681 696 ,
1711 629 1946 697 compri-

372 740 544 791 mens,
573 726 666 791 ait,
699 724 1136 792 Quemadmodum
1157 732 1206 779 et
1228 725 1356 778 inter
1380 724 1596 793 reliquas
1618 731 1808 793 gentes.
1831 719 1946 775 Non

370 821 533 883 etiim,
563 820 687 890 quia
712 819 906 875 divites
928 818 1079 886 estis,
1106 827 1160 873 et
1183 817 1300 888 plus
1330 832 1486 888 quam
1512 815 1691 870 caueri
1716 812 1941 876 habetis,

371 910 547 965 minus
589 925 712 981 erga
764 909 1001 979 reliquos
1030 908 1267 970 studium
1310 907 1537 962 adhibeo
1569 922 1582 959 :
1612 920 1715 959 non
1752 903 1947 958 divites

367 1002 661 1069 quaerimus
683 1041 699 1066 ,
740 1001 834 1059 sed
877 1000 1082 1055 ﬁdeles.
1113 997 1211 1054 Ubi
1247 1013 1388 1054 nunc
1415 1006 1539 1052 sunt
1572 995 1837 1064 sapientes
1872 992 1945 1047 illi

369 1092 709 1155 Grmcorum.
737 1093 931 1149 densas
957 1092 1214 1149 habentes
1241 1091 1458 1152 barbas.
1486 1089 1661 1161 palliis
1686 1085 1862 1141 amicti
1894 1096 1948 1141 et

370 1198 695 1255 magquere
717 1183 1109 1239 tumescentes?
1129 1182 1382 1239 Grzcciam
1406 1192 1457 1235 et
1482 1181 1824 1235 barbarorum
1850 1188 1950 1233 ter-

369 1290 484 1330 ram
522 1290 736 1333 onmem
780 1277 1131 1331 tentoriorum
1167 1276 1355 1330 artifex
1390 1276 1671 1330 convenit.
1703 1273 1796 1329 ille
1820 1288 1948 1328 vero

367 1372 458 1439 qui
489 1371 630 1438 apud
669 1371 788 1425 illos
828 1370 1139 1441 proponitur
1165 1381 1219 1424 et
1254 1366 1622 1424 circumfertur
1650 1364 1833 1430 Plato,
1866 1376 1947 1422 ter

370 1463 422 1519 in
464 1463 705 1520 Siciliam.
745 1465 1012 1533 profectus
1045 1465 1149 1535 (α),
1189 1476 1310 1518 cum
1351 1472 1496 1517 tanto
1535 1463 1624 1516 illo
1662 1461 1946 1516 verborum

369 1556 528 1622 fastu,
551 1573 670 1613 cum
700 1555 788 1612 illa
819 1566 982 1622 tanta,
1014 1573 1171 1628 quam
1199 1557 1266 1612 de
1291 1558 1406 1627 ipso
1431 1557 1714 1618 habebant,
1742 1556 1949 1625 opinio-

370 1662 471 1714 ne,
504 1663 571 1704 ne
603 1664 762 1704 unum
793 1649 1004 1720 quidem
1051 1660 1328 1720 tyrannum
1371 1649 1673 1717 superavit;
1706 1648 1813 1701 imo
1839 1657 1945 1702 tam

369 1740 565 1796 misere
591 1740 679 1796 ille
703 1740 914 1810 elapsus
940 1751 1042 1809 est,
1068 1751 1124 1794 ut
1149 1740 1307 1796 etiam
1338 1752 1368 1794 ει
1397 1739 1642 1795 libertate
1669 1738 1944 1801 exciderit.

368 1834 438 1887 At
465 1835 811 1888 tentoriorum
839 1834 1028 1890 artifex
1058 1848 1161 1887 non
1197 1833 1431 1889 Siciliam
1464 1832 1655 1897 modo,
1695 1847 1799 1887 non
1840 1831 1944 1887 Ita-

368 1923 493 1978 liam
525 1934 746 1990 tantum,
774 1925 869 1981 sed
901 1934 1069 1980 totum
1101 1925 1396 1994 peragravit
1415 1925 1599 1978 orbem
1623 1940 1638 1989 ;
1662 1938 1724 1978 ac
1752 1935 1942 1994 neque,

367 2014 493 2069 dum
541 2015 889 2086 praedicaret,
928 2025 1097 2072 artem
1141 2014 1458 2077 intermisit,
1490 2013 1582 2069 sed
1622 2011 1780 2069 etiam
1821 2022 1947 2068 tunc

369 2103 535 2176 pelles
576 2109 904 2172 mnsuebat,
944 2115 998 2163 et
1040 2107 1266 2162 ofﬁciosa
1305 2116 1530 2174 prmerat
1565 2120 1780 2177 :neque
1817 2104 1944 2161 iilttd

365 2198 733 2254 consularibus
755 2195 1076 2255 oﬁbndiculo
1103 2199 1233 2265 fuit;
1265 2198 1422 2267 idque
1445 2198 1564 2267 jure
1592 2198 1802 2253 merito.
1828 2197 1945 2254 Non

366 2290 509 2347 enim
533 2300 677 2346 artes
702 2306 765 2347 ac
789 2290 996 2357 studia,
1027 2290 1120 2345 sed
1151 2289 1483 2345 tuendacium
1517 2300 1571 2346 et
1599 2291 1819 2345 conﬁcta
1843 2290 1945 2345 dos

366 2391 541 2452 gmata
583 2380 937 2452 despicabiles
983 2381 1213 2437 reddunt
1252 2381 1518 2437 doctores.
1566 2381 1790 2452 ideoque
1827 2382 1946 2439 illos

365 2474 579 2542 quidem
605 2474 716 2544 jam
744 2474 991 2530 derident
1026 2472 1415 2538 Athenienses;
1450 2474 1572 2529 huic
1609 2483 1736 2529 vero
1767 2482 1946 2529 atten-

365 2561 498 2621 dunt
537 2566 745 2622 barbari
770 2605 785 2631 ,
825 2566 1011 2621 inculti
1050 2565 1292 2620 homines
1318 2573 1375 2620 et
1411 2565 1607 2620 idiotar.
1636 2563 1946 2621 Communis

364 2657 561 2727 quippe
589 2656 836 2712 omnibus
863 2655 1103 2712 doctrina
1132 2663 1336 2726 prostat
1361 2673 1376 2710 :
1405 2672 1509 2711 non
1539 2653 1811 2727 dignitatis
1834 2656 1947 2711 dis-

364 2749 566 2803 crimen
615 2749 800 2816 uovit,
849 2764 954 2803 non
993 2748 1165 2820 gentis
1209 2745 1618 2812 excellentiam,
1650 2764 1757 2804 non
1797 2747 1943 2804 aliud

364 2840 636 2911 quidpiam
667 2842 840 2896 simile
869 2858 881 2894 :
917 2840 1020 2896 fide
1050 2855 1277 2911 namque
1303 2850 1504 2895 tantum
1531 2850 1671 2911 eget,
1702 2856 1807 2895 non
1835 2839 1945 2911 syl-

364 2935 622 3006 logismis.
654 2933 884 3004 Ideoque
911 2934 1141 2989 maxime
1169 2932 1478 2988 admiranda
1506 2942 1616 2996 est,
1649 2949 1753 2987 non
1785 2932 1945 2988 modo

362 3027 503 3096 quod
535 3027 680 3082 utilis
706 3037 763 3082 et
790 3026 1038 3081 salutaris
1066 3026 1168 3091 sit,
1199 3027 1294 3080 sed
1320 3027 1478 3080 etiam
1506 3025 1626 3096 quia
1656 3024 1823 3079 facilis
1841 3066 1857 3089 ,
1889 3034 1945 3080 et

362 3118 430 3172 ab
455 3117 703 3172 omnibus
730 3114 874 3170 nullo
901 3115 1113 3186 negotio
1137 3115 1398 3184 excipitur
1423 3134 1436 3170 :
1465 3115 1516 3169 id
1543 3114 1685 3185 quod
1713 3115 1943 3171 maxime

365 3211 457 3264 Dei
481 3208 824 3279 providentiae
847 3223 982 3279 opus
1009 3217 1112 3275 est,
1136 3207 1226 3277 qui
1248 3221 1343 3262 sua
1366 3206 1613 3262 omnibus
1638 3206 1940 3262 communia

362 3303 630 3373 proponit.
661 3302 793 3358 Nam
822 3302 962 3371 quod
993 3301 1044 3355 in
1075 3301 1216 3363 sole,
1250 3299 1403 3366 htna,
1435 3301 1485 3355 in
1518 3309 1656 3355 terra
1680 3341 1696 3362 ,
1727 3300 1778 3353 in
1806 3299 1941 3355 mari

362 3394 676 3464 czcterisque
701 3390 856 3457 fecit,
887 3407 991 3447 non
1020 3391 1166 3462 plura
1191 3407 1259 3447 es
1288 3390 1394 3446 illis
1425 3392 1660 3447 tribuens
1688 3389 1940 3445 divitibus

361 3495 415 3539 et
436 3485 785 3553 sapientibus,
810 3499 908 3539 nec
927 3484 1176 3554 pauciora
1205 3483 1544 3553 pauperibus,
1568 3482 1660 3538 sed
1682 3482 1938 3554 aequalem

364 3576 612 3631 omuihtts
631 3574 1016 3631 usumfructum
1035 3587 1341 3647 proponens
1363 3591 1379 3639 ;
1402 3573 1505 3630 hoc
1527 3582 1584 3629 et
1609 3577 1658 3628 in
1687 3573 1941 3643 praedica-

366 3671 509 3723 tione
535 3664 677 3730 fecit,
707 3668 815 3722 imo
842 3666 1010 3723 multo
1034 3667 1226 3736 majus,
1250 3667 1500 3738 quoniam
1525 3664 1629 3735 hoc
1655 3665 1821 3736 magis
1845 3680 1941 3720 ne-

365 3759 658 3815 cessarium
687 3771 846 3830 quam
878 3759 965 3813 ilia
995 3767 1096 3814 est.
1140 3757 1367 3827 Ideoque
1406 3756 1599 3813 Paulus
1638 3756 1941 3824 frequenter

366 3851 462 3914 ait,
494 3844 739 3904 Omnibus
770 3848 1017 3921 gentibus.
1050 3849 1252 3905 Deinde
1275 3847 1561 3903 ostendens
1587 3863 1645 3903 se
1675 3847 1802 3902 nihil
1835 3847 1940 3904 illis

366 3941 569 4014 largiri,
599 3941 692 3997 sed
723 3948 1041 4012 praeceptum
1073 3938 1277 3995 Domini
1316 3939 1553 4011 implere,
1585 3949 1639 3994 et
1667 3939 1941 3993 remittens

369 4038 487 4091 illos
516 4036 581 4090 ad
609 4034 910 4091 reddendas
941 4033 1052 4089 Deo
1081 4034 1446 4089 universorum
1465 4032 1682 4101 gratias.
1706 4030 1779 4085 ait
1806 4047 1820 4084 :
1854 4027 1938 4085 ii.

371 4127 562 4183 Graecis
600 4136 647 4181 et
681 4126 906 4181 barbaris
925 4167 940 4192 ,
976 4124 1284 4196 sapientibus
1306 4133 1351 4177 et
1377 4123 1723 4191 insipientibus
1752 4122 1945 4175 debitor

367 4237 497 4275 sum.
517 4219 666 4286 Quod
688 4229 741 4273 et
759 4218 824 4274 ad
847 4217 1150 4273 Corinthios
1169 4215 1406 4270 scribens
1425 4214 1495 4269 ita
1512 4213 1739 4278 diccbat,
1762 4216 1941 4268 omnia

370 4312 480 4367 Deo
515 4313 827 4367 attribuens.
858 4312 944 4366 15.
989 4307 1071 4364 Ita
1103 4320 1344 4377 quantum
1374 4309 1426 4363 iu
1457 4322 1535 4362 nte
1564 4316 1661 4374 est,
1691 4317 1738 4362 et
1771 4304 1906 4361 vobis
1925 4346 1943 4375 ,

369 4406 454 4474 qui
484 4404 659 4459 Romae
684 4404 822 4469 estis,
849 4403 1205 4474 evangelizm-e.

441 4496 494 4550 6.
532 4497 577 4549 υ
613 4508 925 4564 generosam
966 4492 1230 4547 animam!
1262 4488 1394 4546 Rem
1434 4498 1510 4545 tot
1548 4489 1793 4559 periculis
1832 4488 1950 4557 plc-

368 4601 489 4642 nam
512 4588 805 4654 suscipiens
823 4628 836 4648 ,
863 4582 1121 4638 marinam
1153 4582 1634 4652 peregrinationem
1653 4622 1666 4644 ,
1700 4581 1949 4635 tentatio-

372 4693 500 4740 nes,
532 4672 768 4739 insidias,
802 4674 1135 4737 seditiones;
1169 4689 1289 4727 nam
1322 4673 1374 4727 in
1404 4681 1547 4726 tanta
1580 4672 1709 4726 urbe
1737 4671 1952 4725 concio-

371 4768 515 4824 nauti
540 4808 555 4831 ,
587 4767 686 4820 sub
724 4766 1006 4832 impietatis
1037 4764 1319 4835 tyrannide
1356 4760 1559 4834 posita,
1604 4762 1952 4817 tcutatiouum

366 4859 654 4932 grandines
702 4857 1075 4929 exspectandas
1125 4866 1307 4919 erant;
1352 4856 1428 4910 sic
1474 4866 1529 4909 ct
1581 4856 1743 4908 vitam
1775 4855 1825 4909 iu
1855 4854 1953 4909 ista

370 4953 502 5007 urbe
552 4951 764 5017 clausit,
809 4947 963 5019 jussu
1023 4949 1231 5020 tyranni
1284 4957 1410 5002 tunc
1456 4946 1729 5016 regnantis
1779 4945 1953 5013 capite

370 5050 679 5108 truncatus;
733 5051 964 5096 attamen
1011 5055 1131 5094 cum
1182 5043 1263 5093 tot
1314 5048 1564 5105 tantaque
1593 5051 1653 5092 se
1681 5050 1955 5105 passurum

371 5142 727 5205 exspectaret.
757 5148 861 5188 non
895 5132 1015 5187 ideo
1047 5132 1261 5202 segnior
1286 5130 1628 5193 reddebatur,
1673 5127 1767 5184 sed
1799 5126 1948 5182 festi—

373 5225 567 5289 nabat,
594 5223 936 5295 parturiebat,
969 5230 1350 5293 promptusque
1387 5230 1521 5276 erat.
1568 5219 1793 5284 Ideoque
1832 5220 1908 5273 ait
1941 5233 1957 5271 :

373 5317 628 5381 Quantum
649 5317 703 5369 in
722 5330 799 5369 me
817 5325 911 5381 est,
929 5324 1137 5380 paratus
1153 5331 1263 5367 sunt
1284 5312 1421 5367 vobis
1436 5327 1651 5382 quoque,
1672 5312 1757 5376 qui
1775 5310 1953 5364 Romae

374 5407 520 5470 estis,
542 5408 903 5478 evangelium.
935 5405 1024 5461 16.
1059 5404 1181 5459 Non
1206 5407 1338 5459 enim
1367 5404 1600 5458 erubesco
1629 5403 1958 5473 evangelium.

372 5499 507 5568 Quid
538 5501 637 5567 ais,
657 5500 857 5555 Paule?
881 5497 1014 5555 Cum
1044 5507 1317 5569 oporteret
1343 5497 1545 5562 dicere,
1570 5495 1801 5561 Glorior,
1830 5495 1958 5549 mihi

372 5592 643 5659 gratulor;
672 5606 777 5645 non
804 5591 905 5646 hoc
927 5592 1079 5656 dicis,
1099 5590 1192 5646 sed
1217 5589 1357 5661 quod
1383 5590 1474 5645 illo
1496 5587 1670 5644 minus
1692 5598 1793 5655 est,
1816 5586 1958 5658 quod

442 5742 521 5812 _(a)
546 5742 623 5790 De
646 5741 860 5816 qlatone,
883 5744 966 5816 qui
990 5752 1070 5815 ter
1093 5742 1371 5816 inusiciliam
1394 5739 1597 5806 appulit,
1623 5738 1845 5804 pluribus
1867 5741 1973 5803 agit

397 5799 646 5863 Diogenes
666 5799 881 5852 Laertius
901 5799 951 5852 in
977 5806 1082 5866 cjus
1096 5800 1216 5853 Vita.

2052 457 2157 497 non
2181 441 2499 510 erubescas;
2546 442 2599 498 id
2640 442 2781 514 quod
2820 441 2873 497 in
2919 439 3079 497 rebus
3117 440 3414 512 insignibus
3450 442 3630 499 dicere

2051 548 2157 588 nou
2182 535 2436 589 solemus.
2485 535 2622 601 Quid
2644 534 2804 604 igitur
2828 533 2996 590 dicit?
3018 549 3114 589 cur
3142 534 3221 589 sic
3246 534 3500 606 loquitur,
3529 539 3629 593 etsi

2051 625 2218 695 magis
2242 624 2311 681 de
2339 626 2612 696 evangelio
2644 641 2802 698 quam
2833 625 2901 681 de
2925 626 3058 681 casio
3080 625 3375 696 glorietur?
3414 627 3496 685 Ad
3519 627 3628 682 Ga-

2051 714 2186 770 latas
2213 718 2354 772 euim
2396 718 2658 778 scribens.
2702 718 2778 774 ait
2806 735 2820 771 :
2847 717 2981 772 Mihi
3014 727 3183 773 autem
3225 719 3353 775 absit
3392 722 3626 791 gloriari,

2050 809 2150 863 nisi
2176 811 2229 865 in
2255 826 2400 866 cruce
2424 810 2631 868 Domini
2667 812 2825 867 nostri
2851 810 2979 867 Iesu
3003 813 3188 867 Christi
3221 812 3379 885 (Gal.
3412 814 3465 870 6.
3499 817 3566 871 14
3587 819 3624 885 ).

2050 898 2157 954 Cur
2183 916 2312 971 ergo
2338 901 2424 956 hic
2449 919 2554 958 non
2576 903 2736 967 dicit,
2768 898 3013 966 Glorior;
3053 904 3146 959 sed
3169 946 3184 968 ,
3211 903 3333 959 Non
3356 906 3627 963 erubesco!

2050 988 2277 1049 Romani
2300 992 2366 1047 ad
2395 1006 2482 1048 res
2510 993 2669 1062 hujus
2688 995 2869 1049 mundi
2894 995 3200 1062 inhiabant,
3221 996 3290 1052 oh
3310 996 3541 1064 divitias,
3559 1000 3627 1055 ob

2050 1080 2354 1149 imperium,
2386 1083 2456 1139 oh
2493 1085 2740 1141 victorias
2763 1126 2778 1149 ,
2819 1086 2889 1141 ob
2939 1086 3321 1157 imperatores,
3352 1104 3487 1160 quos
3529 1090 3630 1147 diis

2051 1182 2206 1243 pares
2233 1163 2608 1231 existimabant
2638 1176 2855 1249 (sicque
2883 1178 3005 1234 illos
3029 1178 3365 1251 vocabant);
3408 1181 3549 1239 unde
3575 1191 3631 1239 et

2050 1268 2260 1338 templis
2279 1278 2334 1324 et
2353 1270 2461 1325 aris
2478 1280 2531 1325 et
2555 1271 2829 1326 sacriﬁciis
2867 1272 2990 1328 illos
3012 1273 3285 1330 colebant.
3308 1274 3441 1330 Cum
3474 1276 3632 1346 igitur

2048 1357 2120 1413 ita
2150 1358 2287 1414 fastu
2320 1360 2458 1430 pleni
2485 1371 2686 1427 essent,
2716 1370 2772 1418 et
2804 1361 3009 1434 ‘Pauius
3056 1364 3441 1435 praedicaturus
3489 1368 3633 1422 esset

2047 1446 2246 1516 Jesum,
2270 1452 2357 1521 qui
2381 1449 2515 1508 fabri
2540 1452 2678 1508 ﬁlius
2696 1468 2816 1509 esse
2836 1454 3137 1523 putabatur,
3162 1454 3215 1509 in
3238 1455 3421 1511 Judana
3444 1469 3620 1523 natus,

2047 1548 2102 1594 et
2127 1541 2179 1595 in
2206 1541 2366 1596 domo
2394 1544 2566 1598 tenuis
2587 1544 2825 1600 mulieris
2846 1545 3102 1600 educatus
3126 1545 3331 1613 fuerat;
3361 1548 3449 1618 qui
3470 1550 3630 1604 satch

2047 1631 2168 1689 lites
2190 1649 2293 1690 non
2324 1633 2603 1700 habuerat,
2631 1651 2735 1690 non
2761 1637 2995 1700 divitias,
3017 1637 3111 1692 sed
3133 1638 3293 1696 etiam
3323 1649 3381 1693 ut
3405 1639 3626 1695 damna-

2048 1734 2133 1781 tus
2160 1738 2398 1784 mortuus
2427 1727 2599 1784 fuerat
2634 1746 2754 1785 cum
2786 1729 3101 1798 latronibus,
3153 1732 3451 1803 multasque
3491 1734 3625 1789 alias

2047 1819 2360 1890 ignominias
2388 1840 2576 1894 passus
2594 1826 2760 1882 fuerat
2783 1843 2798 1891 ;
2823 1842 2886 1881 ac
2908 1827 3195 1882 verisimile
3213 1836 3327 1882 erat
3355 1828 3618 1882 Romanus

2048 1921 2174 1968 tunc
2216 1914 2416 1983 pudore
2443 1917 2675 1973 suﬁ‘usos
2721 1916 2907 1980 fuisse,
2938 1932 3061 1973 cum
3106 1918 3360 1972 nihildum
3417 1919 3615 1973 scirent

2047 2020 2228 2062 rerum
2279 2020 2592 2065 arcanarum
2615 2021 2669 2065 et
2698 2025 3005 2081 magnarum
3040 2028 3056 2067 :
3089 2010 3204 2066 ideo
3231 2011 3325 2077 ait,
3366 2008 3614 2064 Nonaru-

2047 2099 2210 2164 besco,
2235 2100 2353 2157 illos
2380 2101 2590 2157 interim
2617 2102 2847 2170 docens,
2877 2118 2944 2158 ne
2970 2102 3388 2158 erubescerent:
3418 2098 3618 2157 sciebat

2047 2189 2188 2245 enim
2230 2205 2345 2257 eos,
2376 2193 2421 2247 si
2449 2193 2502 2247 id
2527 2185 2741 2249 tandem
2796 2202 3225 2264 assequerentur,
3257 2197 3363 2249 cito
3387 2206 3622 2264 eousque

2047 2292 2397 2353 perventuros
2424 2299 2545 2340 esse
2575 2295 2632 2339 ut
2654 2285 3032 2355 gloriarentur.
3089 2285 3156 2340 Et
3188 2293 3244 2340 tu
3272 2285 3433 2356 igitur
3456 2277 3515 2338 st‘
3526 2294 3625 2339 auo

2046 2374 2211 2431 dieris
2265 2376 2568 2446 qnchiiatu
2619 2377 2883 2432 dicentem
2919 2394 2932 2432 ε
2961 2377 3357 2433 Cruciﬁxumne
3385 2375 3574 2432 adoras
3600 2377 3625 2431 ἲ

2046 2483 2117 2523 ne
2163 2467 2449 2522 erubescas
2478 2483 2579 2524 nec
2607 2468 2794 2523 oculos
2840 2468 3129 2534 demittas;
3161 2467 3270 2522 imo
3295 2467 3527 2539 gloriare
3566 2472 3624 2523 ct

2047 2560 2141 2614 tibi
2170 2561 2438 2631 gratulare
2459 2602 2474 2627 ,
2503 2561 2786 2631 liberisque
2836 2562 3004 2616 oculis
3025 2565 3079 2615 el
3105 2569 3282 2616 erecta
3310 2561 3460 2627 facie,
3491 2576 3624 2615 con-

2046 2651 2330 2709 fessionem
2370 2653 2612 2709 admitte.
2637 2653 2692 2709 Si
2735 2667 2942 2708 rursum
2968 2653 3203 2708 dixerit:
3228 2651 3627 2708 Crucitisumue

2044 2745 2235 2800 adoras
2254 2745 2278 2799 ?
2299 2760 2498 2816 repone
2529 2746 2601 2801 iiii
2637 2763 2651 2800 :
2680 2745 2785 2800 Sed
2811 2761 2914 2800 non
2947 2744 3235 2810 machum,
3267 2756 3370 2799 non
3398 2743 3622 2814 parrici-

2044 2840 2204 2905 dam,
2238 2853 2346 2895 non
2389 2840 2617 2895 ﬁliorum
2669 2839 3064 2895 interfectorem
3095 2839 3266 2910 (tales
3314 2838 3457 2892 enim
3502 2840 3629 2892 sunt

2045 2947 2233 2987 omnes
2259 2932 2468 2987 illorum
2491 2932 2562 2987 dii
2586 2933 2642 3004 );
2672 2932 2765 2988 sed
2796 2948 2941 2999 eum,
2966 2932 3057 3002 qui
3083 2943 3179 3000 per
3193 2946 3407 2986 crucem
3436 2931 3628 2986 deuito-

2046 3025 2202 3080 nibus
2240 3039 2334 3079 ora
2368 3024 2629 3089 obstruit,
2655 3034 2814 3094 atque
2854 3024 3162 3079 innumeras
3185 3023 3396 3076 illorqu
3427 3017 3637 3090 praesti-

2046 3116 2160 3185 gias
2204 3115 2440 3169 abstulit.
2492 3115 2702 3169 Etenim
2757 3130 2887 3169 crux
2942 3123 3160 3183 propter
3207 3127 3305 3167 nos
3347 3110 3628 3166 ineﬁ'abiiis

2046 3207 2384 3277 bellignitatis
2429 3222 2564 3276 opus
2613 3222 2923 3276 magnaeque
2975 3223 3116 3260 curae
3162 3200 3462 3278 symbolum
3515 3214 3621 3259 cst.

2045 3299 2126 3354 Ad
2171 3299 2286 3354 haec
2323 3313 2473 3364 vero,
2501 3298 2623 3367 quia
2664 3297 3020 3368 eloquentiam
3070 3313 3219 3353 suam
3250 3296 3545 3356 venditant,
3573 3302 3631 3349 ct

2043 3401 2264 3447 externa
2295 3389 2632 3460 pitiiosOphia
2683 3388 2871 3442 muniti
2918 3389 3084 3442 altum
3114 3388 3344 3458 sapiunt,
3378 3386 3509 3457 Ego,
3535 3385 3623 3440 ine

2044 3485 2161 3554 quit
2204 3482 2440 3548 Paulus,
2471 3483 2553 3536 his
2580 3482 2905 3554 syllogismis
2960 3482 3176 3550 longum
3226 3481 3403 3534 valere
3441 3478 3627 3550 jussis,

2040 3590 2257 3633 crucem
2282 3573 2627 3646 praedicatum
2657 3575 2831 3638 venio,
2865 3589 3040 3641 neque
3070 3574 3189 3628 ideo
3210 3573 3490 3627 erubesco.
3526 3571 3630 3625 Ρο-

2041 3668 2198 3722 tentia
2218 3668 2352 3722 enim
2382 3665 2474 3721 Dei
2500 3676 2571 3721 est
2596 3666 2663 3721 ad
2687 3666 2919 3721 salutem.
2947 3666 3080 3732 Quia
3102 3664 3243 3719 enim
3269 3662 3501 3734 potentia
3532 3659 3624 3718 Dei

2040 3774 2122 3818 cst
2148 3763 2306 3817 etiam
2328 3761 2393 3816 ad
2420 3774 2631 3831 penam
2661 3758 2987 3815 inferendam
3019 3758 3171 3828 (nam
3198 3766 3317 3812 cuin
3342 3754 3626 3827 Egyptios

2042 3854 2292 3926 puniebat
2317 3896 2333 3919 ,
2381 3853 2552 3907 dixit:
2582 3849 2705 3907 “me
2724 3861 2807 3906 est
2835 3851 3069 3920 potentia
3127 3862 3242 3903 mea
3274 3861 3460 3917 magna
3485 3854 3502 3917 )
3527 3862 3543 3910 ;
3573 3855 3629 3900 et

2045 3953 2279 4015 potestas
2307 3944 2373 3998 ad
2398 3943 2617 3997 exitium
2650 3944 2805 4011 (nam
2834 3942 2906 3994 ait
2936 3958 2948 3995 :
2985 3939 3175 3993 Timete
3195 3953 3332 4001 eum,-
3360 3938 3446 4006 qni
3472 3945 3630 4000 potest

2044 4048 2092 4092 et
2122 4039 2345 4090 animum
2372 4047 2417 4088 et
2447 4048 2630 4099 corpus
2660 4033 2868 4101 perdere
2890 4032 2939 4083 in
2970 4032 3251 4101 gehennam
3282 4026 3503 4101 [.ilattlt.
3537 4028 3625 4083 10.

2047 4128 2238 4202 28]);
2272 4128 2393 4183 ideo
2440 4129 2555 4182 ait:
2588 4126 2710 4181 liasc
2764 4124 2984 4178 veniens
3027 4122 3210 4187 θῆρε-ο,
3245 4135 3349 4175 non
3398 4137 3516 4189 qua:
3561 4119 3629 4173 ad

2049 4237 2256 4292 poenam
2276 4228 2330 4274 ct
2350 4218 2688 4288 suppiiciutn,
2712 4215 2804 4270 sed
2827 4231 2943 4283 qum
2965 4214 3029 4269 ad
3053 4214 3296 4269 salutem.»
3314 4211 3451 4279 Quid
3470 4211 3630 4281 ergo?

2049 4328 2225 4367 nonne
2274 4311 2389 4365 haec
2432 4309 2781 4365 annuntiabat
2830 4307 2991 4361 etiam
3031 4304 3385 4376 evangelium,
3431 4304 3498 4359 de
3533 4319 3627 4373 ger

2048 4405 2245 4471 henna,
2268 4405 2335 4458 de
2366 4403 2600 4456 tenebris
2625 4400 3000 4462 exterioribus,
3029 4399 3094 4452 de
3122 4413 3302 4451 verme
3329 4393 3630 4450 venenato?

2050 4497 2209 4565 Atqui
2239 4512 2341 4548 non
2384 4493 2595 4547 aliunde
2625 4494 2736 4545 haec
2763 4492 3027 4554 novimus,
3076 4491 3176 4544 uisi
3207 4506 3272 4544 ex
3303 4488 3580 4558 evangelio
3613 4505 3626 4540 ε

2051 4588 2319 4656 quomodo
2369 4586 2549 4656 igitur,
2576 4586 2815 4655 inquies,
2846 4581 3080 4638 Potentia
3122 4582 3215 4635 Dei
3261 4582 3327 4634 ad
3374 4581 3631 4635 salutent!

2053 4683 2159 4737 Sed
2190 4683 2313 4735 andi
2367 4680 2687 4750 sequentia:
2728 4677 2878 4731 Oumi
2907 4677 3147 4738 credenti,
3175 4673 3361 4729 Judaro
3388 4674 3628 4743 primum,

2055 4785 2102 4828 et
2132 4772 2331 4828 Greco.
2381 4771 2496 4826 Non
2537 4771 2679 4825 enim
2733 4768 3001 4832 omnibus,
3050 4767 3142 4821 sed
3200 4763 3629 4834 suscipientibus.

2056 4867 2275 4921 Etiamsi
2297 4865 2438 4919 enim
2464 4864 2681 4918 Gra-cus
2706 4863 2818 4916 sive
2844 4861 3057 4930 gentilis
3086 4860 3266 4922 fueris,
3298 4859 3509 4913 etiamsi
3538 4875 3627 4912 nco

2055 4961 2274 5031 quitiam
2321 4972 2532 5011 omnem
2563 4956 2797 5019 adieris;
2844 4955 2942 5009 etsi
2969 4955 3186 5025 Scytha,
3216 4953 3495 5017 barbarus,
3527 4954 3631 5004 imo

2058 5056 2166 5109 fera
2190 5051 2372 5129 fuerjs,
2395 5049 2602 5104 ratione
2617 5047 2835 5101 omnino
2853 5045 3161 5107 destitutus,
3190 5053 3245 5099 et
3268 5044 3414 5100 mille
3444 5060 3628 5114 pecca-

2059 5155 2229 5198 torum
2261 5141 2484 5197 sarcinis
2524 5150 2747 5194 onustus
2785 5152 2799 5192 :
2831 5138 2989 5192 simul
3042 5142 3202 5207 atque
3232 5149 3534 5191 sermonem
3568 5136 3634 5188 de

2059 5251 2218 5290 cruce
2241 5234 2542 5304 suscepisti,
2563 5241 2618 5287 et
2636 5232 2932 5300 baptizatus
2950 5246 3031 5295 es,
3059 5232 3235 5284 omnia
3258 5231 3343 5283 illa
3368 5230 3630 5285 dcicvisti.

2059 5328 2169 5382 Cur
2193 5338 2367 5380 autem
2396 5328 2480 5380 hic
2505 5324 2653 5386 dicit,
2675 5323 2859 5377 Juda'o
2882 5324 3122 5393 primum,
3171 5333 3218 5377 et
3268 5322 3486 5378 Grt't’co?
3509 5321 3634 5393 quid

2063 5418 2162 5473 sibi
2189 5418 2302 5473 vult
2332 5418 2420 5471 illa
2461 5415 2797 5470 differentia?
2840 5415 2997 5483 Atqui
3043 5429 3187 5483 sa‘pe
3232 5414 3401 5475 dixit,
3459 5415 3637 5483 Neque

2061 5510 2397 5565 circumcisio
2450 5507 2734 5577 quidquam
2777 5515 2879 5568 est,
2910 5516 3081 5575 neque
3110 5505 3424 5574 prmpotium
3457 5524 3470 5560 :
3504 5523 3635 5569 quo-

2066 5603 2225 5657 modo
2261 5603 2417 5672 igitur
2447 5600 2533 5654 hic
2575 5599 2869 5667 distinguit,
2918 5596 3160 5652 Judaeum
3199 5597 3388 5653 Cra-co
3416 5610 3635 5666 antepo-

2067 5693 2233 5747 nens?
2263 5688 2464 5761 Ecquid
2495 5691 2633 5743 hoc?
2665 5703 2832 5758 nequc
2857 5688 2996 5742 enim
3020 5687 3139 5758 quia
3170 5689 3373 5758 primus
3396 5702 3499 5753 est,
3530 5703 3637 5740 ma-

2067 5788 2234 5858 jorem
2264 5783 2451 5854 accipit
2479 5783 2698 5853 gratiam
2736 5780 2908 5854 (idem
2947 5782 3087 5836 enim
3119 5783 3291 5851 ipsum
3342 5783 3375 5837 d
3415 5799 3539 5837 unm
3587 5787 3635 5835 et
