4122 6150
463 307 567 363 809

459 419 585 474 οὔτε
610 418 876 489 περιτομὴ
926 416 976 469 τί
1025 418 1189 477 ἐστιν,
1246 416 1369 469 οὔτε
1417 417 1749 488 ἀκροϐυστία
1779 435 1790 446 ·
1824 416 1941 480 πῶς
1960 411 2051 469 οὖν
2091 428 2115 455 ει

460 507 692 561 ἐνταῦθα
723 508 936 575 διαιρεῖ,
966 504 1239 575 προτιθεὶς
1277 504 1368 557 τὸν
1416 505 1664 559 Ἰουδαῖον
1703 504 1796 558 τοῦ
1824 504 2115 573 Ἐλληνοςς

462 584 572 647 Καὶ
598 594 649 646 τί
679 592 864 657 τοῦτο;
897 592 1017 645 οὐδὲ
1054 592 1180 662 γὰρ,
1205 591 1392 661 ἐπειδὴ
1424 591 1637 662 πρῶτός
1660 593 1773 643 ἐστι
1794 630 1808 654 ,
1842 605 1935 642 και
1962 589 2118 642 πλέον

460 680 721 751 λαμϐάνει
746 680 847 749 τῆς
878 681 1094 752 χάριτος
1118 694 1132 707 ⁸
1170 681 1203 750 ἡ
1251 679 1358 749 γὰρ
1415 677 1554 749 αὐτὴ
1611 678 1790 748 δωρεά
1826 678 1919 730 καὶ
1945 676 2120 746 τούτῳ

461 770 696 840 κάκείνῳ
717 770 911 823 δίδοται
941 787 953 799 ·
980 769 1114 822 ἀλλὰ
1144 768 1347 833 τάξεώς
1378 769 1492 820 ἐστι
1515 768 1647 837 τιμὴ
1680 767 1838 836 μόνον
1866 765 1928 818 16
1970 765 2119 835 πρῶ-

459 870 551 919 τος
586 860 634 911 ι).
664 860 771 911 Καὶ
812 858 927 927 ¹γάρ
969 858 1068 910 οὐκ
1096 859 1151 909 ἐν
1181 856 1259 925 τῷ
1302 856 1519 926 μείζονα
1550 854 1731 908 λαϐεῖν
1773 854 2118 922 δικαιοσύνην

461 947 792 1008 πλεονεκτεῖ,
825 945 938 998 ἀλλ’
972 948 1029 998 ἐν
1054 944 1132 1014 τῷ
1178 944 1392 1017 πρῶτος
1430 943 1597 1014 αὐτὴν
1617 943 1799 995 λαϐεῖν
1831 941 2117 1011 τετίμηται

462 1034 623 1105 μόνον
652 1050 665 1065 ο
691 1034 813 1087 ἐπεὶ
832 1034 928 1086 καὶ
968 1033 1060 1086 ἐπὶ
1088 1032 1197 1085 τῶν
1252 1031 1633 1101 φωτιζομένων
1661 1031 1795 1101 (ἴστε
1828 1031 1885 1084 δὲ
1935 1030 1984 1082 οἰ
2011 1028 2116 1099 μύ-

463 1138 584 1175 σται
607 1122 667 1175 16
691 1122 1000 1191 λεγόμενον)
1056 1120 1256 1181 πάντες
1299 1118 1398 1189 μὲν
1444 1121 1535 1172 ἐπὶ
1574 1120 1635 1172 τὸ
1672 1118 1951 1189 βάπτισμα
1987 1118 2114 1189 τρέ-

458 1225 661 1277 χουσιν,
689 1210 749 1261 οὐ
783 1209 980 1264 πάντες
1009 1206 1065 1261 δέ
1100 1208 1156 1260 ἐν
1185 1210 1248 1275 τῇ
1287 1208 1420 1276 αὐτῇ
1458 1207 1575 1285 ὥρα
1595 1247 1609 1270 ,
1646 1206 1757 1259 ἀλλ’
1785 1208 1813 1259 6
1838 1208 1934 1275 μὲν
1966 1206 2116 1276 πρῶ-

458 1314 567 1357 τος,
597 1298 625 1348 ὁ
646 1297 702 1350 δὲ
723 1297 972 1367 δεύτερος
998 1314 1012 1329 ο
1040 1297 1100 1348 οὐ
1137 1295 1242 1366 μὴν
1267 1296 1295 1347 6
1318 1296 1532 1364 πρῶτος
1556 1294 1649 1347 τοῦ
1678 1294 1925 1364 δευτέρου
1953 1294 2115 1346 πλέον

456 1383 743 1454 λαμϐάνει,
767 1386 887 1437 οὐδὲ
918 1388 1121 1447 ἐκεῖνος
1152 1383 1245 1436 τοῦ
1276 1386 1392 1453 μετ’
1424 1384 1604 1445 αὐτὸν,
1640 1383 1774 1435 ἀλλά
1800 1383 1909 1435 τῶν
1935 1382 2114 1435 αὐτῶν

459 1472 696 1535 ἅπαντες
727 1473 1078 1526 ἀπολαύουσι.
1103 1472 1175 1524 Τὸ
1196 1473 1390 1533 τοίνυν,
1414 1471 1646 1542 πρῶτος,
1675 1471 1908 1523 ἐνταῦθα
1939 1472 2116 1540 ῥήμα-

456 1558 548 1621 τός
577 1562 695 1611 ἐστι
744 1558 894 1629 τιμὴ,
946 1560 1007 1612 οὐ
1060 1559 1279 1629 χάριτος
1331 1558 1687 1629 πλεονασμός.
1753 1554 1886 1611 Εἶτα
1920 1556 2113 1621 εἰπὼν,

457 1648 562 1711 Εἰς
595 1648 913 1713 σωτηρίαν,
937 1647 1097 1700 πάλιν
1120 1645 1269 1713 αῦξει
1318 1646 1416 1717 τὴν
1472 1646 1702 1717 δωρεὰν,
1757 1646 1969 1706 δεικνὺς
2013 1646 2112 1697 οὐκ

456 1733 583 1802 ἄχρι
612 1733 704 1785 τοῦ
734 1734 998 1804 παρόντος
1038 1734 1349 1804 ἱσταμένην,
1388 1733 1523 1788 ἀλλά
1567 1734 1873 1803 περαιτέρω
1898 1733 2114 1803 προϊοῦ-

456 1833 555 1871 σαν
581 1837 595 1851 ·
637 1820 791 1873 τοῦτο
860 1822 966 1891 γάρ
1027 1821 1291 1890 ἐδήλωσεν
1358 1821 1525 1874 εἰπών
1563 1837 1577 1850 ·
1611 1820 1970 1886 Δικαιοσύνη
2004 1819 2114 1887 γὰρ

453 1908 601 1961 Θεοῦ
625 1908 693 1961 ἐν
721 1907 879 1973 αὐτῷ
899 1909 1381 1962 ἀποκαλύπτεται
1407 1909 1475 1962 ἐκ
1501 1910 1756 1973 πίστεως
1778 1910 1864 1972 εὶς
1883 1908 2109 1970 πίστιν,

453 1998 646 2063 καθὼς
675 1997 992 2067 τέγῃαπται
1032 2015 1046 2030 ο
1097 2000 1158 2052 '0
1211 2000 1280 2051 δὲ
1332 1999 1558 2064 δίκαιος
1610 1999 1677 2051 ἐκ
1733 2000 1991 2064 πίστεως
2020 1998 2113 2066 ζή-

451 2096 639 2139 σεται.
691 2085 749 2138 'U
775 2086 905 2154 γοῦν
932 2086 1219 2156 γενόμενος
1245 2087 1471 2151 δίκαιος,
1499 2087 1559 2138 οὐ
1585 2086 1724 2139 κατά
1754 2086 1843 2139 τὸν
1868 2086 2111 2157 παρόντα

453 2167 566 2240 βίον
601 2173 777 2242 μόνον.
803 2175 941 2227 ἀλλά
986 2176 1080 2227 καὶ
1130 2175 1270 2227 κατά
1325 2174 1415 2226 τὸν
1465 2173 1721 2244 μέλλοντα
1749 2174 1993 2244 ζήσεται.
2033 2176 2107 2228 Οὐ

450 2260 608 2311 τοῦτο
628 2260 684 2311 δὲ
718 2261 895 2329 μόνον,
920 2260 1056 2313 ἀλλά
1076 2262 1167 2313 καὶ
1193 2261 1375 2331 ἕτερον
1406 2261 1698 2314 αἰνίττεται
1733 2262 1872 2332 μετά
1891 2261 2105 2327 τούτου,

449 2348 510 2399 16
537 2349 787 2418 λαμπρὸν
822 2350 913 2401 καὶ
941 2350 1234 2418 περιφανὲς
1264 2350 1363 2419 τῆς
1397 2350 1652 2413 τοιαύτης
1683 2350 1847 2420 ζωῆς.
1890 2349 2107 2421 Ἐπειδὴ

449 2432 560 2503 γὰρ
592 2433 704 2485 ἔστι
732 2434 825 2486 καὶ
882 2434 1021 2503 μετά
1054 2436 1316 2506 αἰσχύνης
1346 2435 1583 2505 σωθῆναι
1622 2437 1830 2508 (ὥσπερ
1858 2433 1950 2490 οῦν
1980 2437 2108 2491 πολι-

449 2518 531 2571 λοὶ
560 2520 667 2572 τῶν
696 2521 803 2573 ἀπὸ
839 2520 1243 2591 φιλανθρωπίας
1288 2523 1570 2594 βασιλικῆς·
1616 2523 2107 2594 ἀπαλλαττομένων

449 2606 720 2669 κολάσεως
761 2606 1068 2676 σώζονται),
1102 2608 1187 2661 ἵνα
1220 2609 1295 2679 μὴ
1340 2610 1653 2681 ὑποπτεύσῃ
1692 2610 1849 2663 τοῦτό
1888 2628 1971 2673 τις
1998 2628 2105 2664 σω-

445 2694 641 2765 τηρίαν
700 2694 958 2760 ἀκούσας,
1013 2698 1335 2768 προσέθηκε,
1387 2698 1497 2752 Καὶ
1554 2699 1970 2766 δικαιοσύνην,
2011 2699 2106 2753 καὶ

444 2780 786 2851 δικαιοσύνην
806 2782 866 2833 οὐ
902 2783 1019 2852 σὴν,
1078 2784 1213 2837 ἀλλά
1264 2786 1535 2850 Θεοῦ,καὶ
1584 2786 1644 2839 τὸ
1675 2786 1893 2856 δαψιλὲς
1935 2788 2105 2857 αὐτῆς

444 2870 537 2921 καὶ
558 2870 614 2922 16
636 2869 856 2923 εὔκολον
904 2873 1289 2942 αἰνιττόμενος.
1341 2875 1415 2926 Οὐ
1468 2875 1574 2943 γάρ
1634 2875 1692 2937 ἐξ
1748 2875 1983 2946 ἱδρώτων
2009 2877 2103 2930 καὶ

445 2958 622 3009 πόνων
642 2958 810 3029 αὐτὴν
842 2960 1145 3029 κατορθοῖς,
1195 2961 1311 3014 ἀλλ’
1355 2961 1462 3013 ἀπὸ
1506 2963 1605 3031 τῆς
1648 2963 1852 3017 ἄνωθεν
1897 2964 2103 3035 δωρεᾶς

441 3045 757 3114 λαμϐάνεις,
821 3048 878 3099 ἓν
931 3048 1087 3116 μόνον
1125 3048 1391 3117 εἰσφέρων
1416 3048 1647 3109 οἴκοθεν,
1695 3052 1756 3103 16
1792 3052 2097 3107 πιστεῦσαι.

446 3132 596 3204 [446]
636 3130 785 3197 Εἶτα,
819 3133 1003 3204 ἐπειδὴ
1043 3134 1301 3197 ἀπίθανος
1352 3138 1380 3186 6
1430 3136 1585 3203 λόγος
1617 3133 1754 3190 εἶναι
1778 3138 1970 3201 ἐδόκει,
2002 3142 2049 3193 εί
2074 3141 2102 3191 6

447 3222 631 3291 μοιχὸς
654 3224 748 3275 καὶ
783 3222 1046 3293 μαλακὸς.
1073 3223 1167 3276 καὶ
1196 3223 1554 3295 τυμϐωρύχος
1597 3226 1692 3278 καὶ
1730 3227 1861 3296 γόης
1908 3228 2101 3299 ἀθρόον

442 3312 562 3380 οὐχὶ
599 3312 869 3374 κολάσεως
906 3312 1304 3366 ἀπαλλάττεται
1362 3314 1539 3382 μόνον,
1590 3315 1722 3368 ἀλλά
1761 3317 1854 3368 καὶ
1899 3317 2102 3381 δίκαιος

445 3398 670 3465 γίνεται,
705 3399 799 3451 καὶ
824 3399 1029 3462 δίκαιος
1050 3400 1145 3471 τὴν
1183 3401 1440 3453 ἀνωτάτω
1469 3401 1834 3474 δικαιοσύνην,
1864 3405 1970 3457 ἀπὸ
2001 3406 2101 3475 τῆς

443 3488 686 3549 Παλαιᾶς
715 3488 996 3541 πιστοῦται
1029 3488 1120 3540 τὸν
1164 3488 1339 3555 λόγον.
1387 3490 1494 3542 Καὶ
1533 3491 1747 3559 πρῶτον
1781 3493 1878 3561 μέν
1910 3493 2102 3564 βραχεῖ

444 3574 646 3642 ῥήματι
673 3574 903 3640 πέλαγος
939 3574 1185 3644 ἱστοριῶν
1229 3575 1426 3644 ἀχανὲς
1455 3576 1532 3646 τῷ
1566 3577 1847 3650 δυναμένῳ
1880 3580 2097 3649 βλέπειν

440 3661 884 3713 ἀναπετάννυσιν.
920 3659 1105 3714 Εἰπὼν
1131 3662 1272 3734 γὰρ,
1315 3664 1415 3716 Ἐκ
1449 3665 1710 3732 πίστεως
1746 3670 1832 3733 εἰς
1864 3669 2095 3735 πίστιν,

441 3748 764 3818 παρέπεμψε
794 3750 883 3800 τὸν
919 3752 1191 3820 ἀκροατὴν
1234 3752 1326 3804 ἐπὶ
1361 3752 1458 3815 τάς
1507 3753 1816 3824 οἰκονομίας
1841 3757 1935 3808 τοῦ
1962 3757 2095 3810 Θεοῦ

438 3835 534 3898 τάς
562 3838 617 3888 ὲν
647 3838 711 3906 τῇ
736 3836 944 3907 Παλαιᾷ
989 3839 1307 3908 γενομένας,
1362 3839 1428 3903 ἀς
1483 3841 1756 3912 Ἑϐραίοις
1787 3854 1808 3881 ε
1842 3846 2095 3897 ἐπιστέλ-

438 3920 544 3975 λων
569 3922 709 3992 μετά
741 3918 938 3995 πολλῆς
980 3926 1254 3996 ἐξηγεῖται
1309 3928 1405 3996 τῆς
1460 3929 1671 3994 σοφίας,
1730 3931 1823 3983 καὶ
1868 3933 1994 3995 τοὺς
2019 3933 2096 3985 διι-

437 4011 624 4074 καίους
646 4013 737 4064 καί
762 4014 887 4075 τοὺς
908 4013 1267 4084 ἁμαρτωλοὺς
1290 4013 1432 4067 οὐτω
1455 4015 1833 4080 δικαιωθέντας
1858 4019 2095 4074 δείκνυσι

437 4100 533 4152 καὶ
563 4099 683 4152 τότε
723 4116 738 4131 ο
785 4100 865 4153 διὸ
891 4102 982 4155 καί
1008 4101 1106 4171 τῆς
1145 4102 1312 4154 Ῥαὰϐ
1353 4103 1449 4155 καὶ
1497 4102 1590 4155 τοῦ
1635 4104 1885 4175 Ἀϐραὰμ
1924 4109 2093 4177 ἐμνηο

440 4187 714 4257 μόνευσεν.
744 4189 975 4243 Ἔπειτα
1006 4189 1062 4243 δὲ
1110 4191 1344 4244 ἐνταῦθα
1391 4191 1732 4262 αἰνιξάμενος
1774 4194 1902 4247 αὐτὸ
1938 4197 2095 4264 μόνον

437 4275 553 4341 (καί⁵
592 4277 698 4346 γάρ
724 4279 806 4345 ἐφ’
827 4277 1014 4350 ἓτερον
1045 4277 1230 4350 ἔτρεχε
1260 4278 1521 4350 θεώρημα
1542 4321 1556 4341 ,
1592 4280 1686 4333 καὶ
1724 4286 2093 4353 κατεπεῖγον),

435 4360 543 4415 ἀπὸ
566 4364 674 4416 τῶν
702 4366 993 4435 προφητῶν
1016 4367 1176 4420 πάλιν
1202 4369 1485 4422 πιστοῦται
1518 4371 1605 4423 τὸν
1626 4371 1798 4439 λόγον,
1827 4375 1917 4424 τὸν
1963 4374 2015 4423 Ἀ
2030 4391 2096 4443 με

436 4448 653 4519 ϐακούμ
682 4451 707 4489 ά
740 4454 820 4515 εἰς
868 4455 1029 4524 μέσον
1072 4457 1332 4524 παράγων
1366 4455 1571 4524 βοῶντα
1612 4459 1704 4509 καὶ
1734 4458 1980 4525 λέγοντα,
2013 4461 2093 4513 δτι

433 4538 555 4590 οὐδὲ
588 4541 665 4592 ἐνι
694 4539 866 4603 ἄλλως
895 4541 993 4611 ζῇν
1019 4542 1109 4594 τὸν
1164 4543 1421 4612 μέλλοντα
1479 4542 1762 4615 ζήσεσθαι,
1796 4545 1966 4616 ἀλλ’ἢ
2006 4549 2093 4601 διὰ

435 4626 689 4690 πίστεως.
733 4628 794 4680 '0
827 4630 935 4698 γάρ
967 4629 1215 4695 δίκαιος,
1247 4632 1429 4699 φησὶν,
1454 4632 1522 4684 ἐκ
1545 4634 1792 4699 πίστεως
1828 4632 2090 4701 ζήσεται,

435 4715 680 4783 περὶτῆς
713 4713 1008 4786 μελλούσης
1058 4716 1230 4784 λέγων
1292 4716 1456 4786 ζωῆς.
1494 4718 1708 4790 Ἐπειδὴ
1765 4722 1872 4791 γάρ
1893 4722 2034 4792 ἆπερ
2064 4726 2092 4776 6

435 4800 567 4863 956;
614 4801 917 4870 χαρίζεται,
967 4792 1140 4855 πάντα
1182 4804 1498 4874 ὑπερϐαίνει
1542 4804 1820 4876 λογισμὸν,
1867 4810 2091 4872 εἰκότως

436 4887 670 4950 πίστεως
697 4892 826 4959 ἡμῖν
848 4888 943 4942 δεῖ.
978 4884 1037 4942 Ὀ
1061 4886 1115 4942 δὲ
1140 4892 1487 4961 κατοιόμενος
1510 4904 1532 4930 θ
1552 4895 1645 4947 καὶ
1679 4898 2090 4967 καταφρονητὴς

432 4977 570 5048 ἀνὴρ
599 4978 693 5032 καὶ
712 4978 923 5043 ἀλαζὼν
957 4977 1109 5031 οὐθὲν
1151 4980 1209 5031 οὐ
1248 4980 1320 5050 μὴ
1346 4984 1582 5050 περανεῖ.
1626 4982 1994 5039 ’Λκουέτωσαν
2041 4988 2088 5039 οἱ

431 5064 693 5137 αἱρετικοί
721 5067 820 5135 τῆς
862 5064 1234 5136 πνευματικῆς
1281 5068 1481 5137 φωνῆς.
1528 5070 1759 5142 Τοιαύτη
1794 5072 1953 5143 γάρὴ
1982 5074 2087 5127 τῶν

429 5154 703 5224 λογισμῶν
728 5155 886 5224 φύσις
922 5170 936 5184 ’
983 5152 1286 5225 λαϐυρίνθῳ
1338 5156 1443 5208 τινὶ
1502 5159 1592 5208 καὶ
1640 5158 1854 5229 γρίφοις
1891 5160 2083 5222 ἔοικεν,

428 5242 578 5294 οὐδὲν
605 5242 839 5311 οὐδαμοῦ
862 5242 1014 5304 τέλος
1041 5241 1258 5311 ἔχουσα,
1288 5241 1407 5294 οὐδὲ
1438 5243 1659 5310 ἀφιεῖσα
1701 5246 1791 5297 τὸν
1827 5246 2082 5317 λογισμὸν

430 5330 650 5382 ἑστάναι
679 5330 772 5383 ἐπὶ
821 5328 919 5401 τῆς
956 5329 1182 5401 πέτρας,
1231 5330 1322 5383 καὶ
1343 5331 1441 5402 τὴν
1472 5331 1643 5402 ἀρχὴν
1672 5333 1731 5396 ἐξ
1771 5333 2085 5400 ἀλαζονείας

488 5510 504 5533 ⁸
527 5513 607 5560 Sic
624 5527 731 5581 ,ηεξ
755 5522 913 5581 recip;
932 5513 986 5562 In
1008 5515 1153 5563 editis
1175 5514 1255 5563 οὖν
1284 5515 1467 5581 dpesl._
1497 5513 1525 5551 ι)
1551 5515 1721 5581 ΝΙςπ-ιἸἶ
1742 5520 1945 5581 πρῶτον.
1981 5522 2076 5566 ΑΗὶ

425 5584 598 5641 ρωπος
617 5577 803 5641 πρῶτος
821 5617 831 5627 ,
844 5578 866 5607 ε
886 5576 989 5624 Duo
1009 5590 1146 5641 ωειλ,
1155 5578 1403 5641 γενομένας
1414 5578 1676 5641 οὕτως.’“Ας
1710 5576 1963 5641 Ἑϐραίοις,
1978 5588 2073 5641 etc.

428 5630 561 5703 fusiu
621 5630 718 5703 dim
742 5649 838 5703 mets
876 5630 1189 5703 1105ίζῇ.β‹ἰὶίὶ
1211 5630 1291 5703 τιν
1313 5630 1561 5703 Σοφονίαν,
1579 5630 1704 5703 unde
1721 5654 1731 5687 :
1749 5630 1855 5688 na'm
1879 5630 2078 5701 reévpicit

425 5693 962 5760 (illrys.1slr}||_._u|§lucum
993 5698 1220 5760 llululcuq
1245 5701 1292 5753 Ξ),
1322 5700 1357 5747 ι.
1386 5693 1432 5738 ’θ
1457 5693 1785 5760 Κατοιόμενος,
1812 5715 1927 5749 mre
1950 5693 2074 5759 fam,

430 5763 535 5819 φρει
559 5756 681 5811 apud
711 5755 931 5823 [Ιυϋςιιίιυ
956 5762 1134 5823 legimr
1160 5757 1241 5823 (_:I.
1265 5760 1342 5823 ᾗ),
1369 5759 1609 5819 signiﬁan
1631 5755 1953 5822 {orrugnnlmm
1974 5755 2074 5813 Vni

426 5817 881 5881 70296;,Lmnaafi11314
901 5821 1128 5881 occurrit.
1152 5819 1388 5877 signiﬁcat
1426 5817 1637 5875 'a‘nigmn
1685 5817 1761 5868 νιιῙ
1798 5837 2074 5873 svrumlwm

431 5872 957 5933 Implirilum.Griplms
979 5878 1066 5923 hnc
1107 5872 1251 5925 εριιξυ
1282 5884 1461 5938 Togllur
1482 5872 1606 5940 apud
1638 5884 1816 5930 Aulum
1843 5884 2070 5934 Gellium.

1246 303 1305 358 S.
1338 301 1621 358 JOANNIS
1658 299 2144 359 CHRYSOSTOMI
2188 299 2511 357 AR’CHIEP.
2555 295 3092 355 CONSTANTINOP.

3773 294 3881 349 HO

2222 414 3008 486 λαμϐάνουσα.ηΑἰσχυνόμενοι
3048 410 3156 481 γὰρ
3212 409 3303 462 ἐπί
3346 408 3424 480 τῷ
3478 411 3879 483 παραδέχεσθαι

2219 508 2401 561 πίστιν
2446 506 2543 560 καὶ
2584 506 2759 559 δοκεῖν
2802 505 3015 571 ἀγνοεῖν
3053 501 3119 555 τά
3180 500 3425 571 οὐράνια.
3476 503 3555 565 εἰς
3604 506 3881 574 κονιορτόν

2206 597 2444 659 «ἐαυτούς
2486 594 2693 667 μυρίων
2714 592 2992 662 λογισμῶν
3019 589 3399 660 ἐμϐάλλουσιν.
3426 585 3580 653 Εἶτα,
3607 590 3755 644 ἄθλιε
3787 593 3880 647 καὶ

2216 684 2523 753 ταλαίπωρε
2554 683 2647 736 καὶ
2691 680 2898 753 μυρίων
2946 677 3063 744 ἄξιε
3118 678 3388 749 δακρύων,
3454 678 3518 732 ἂν
3574 680 3671 749 μέν
3702 681 3784 743 τίς
3817 699 3878 734 σε

2216 770 2427 839 ἔρηται,
2465 771 2581 836 πῶς
2611 773 2639 823 6
2665 771 2892 839 οὐρανὸς
2915 768 3158 835 γέγονεν,
3180 766 3274 819 καὶ
3299 766 3416 830 πῶς
3443 769 3475 836 ἡ
3510 769 3580 836 γῆ
3615 784 3627 797 ·
3653 768 3707 820 τί
3733 769 3877 836 λέγω

2215 856 2304 908 τὸν
2332 858 2559 926 οὐρανὸν
2583 858 2676 911 καὶ
2695 858 2793 928 τὴν
2821 857 2923 926 γῆν
2943 872 2958 922 ;
2977 855 3092 918 πῶς
3122 853 3283 917 αὐτὸς
3317 853 3562 924 ἐτέχθης,
3590 854 3707 917 πῶς
3719 854 3879 927 ἐτρά-

2219 959 2326 1013 φης
2364 947 2456 998 καὶ
2484 944 2747 1015 ηὐξήθης,
2793 945 2893 996 οὐκ
2953 942 3181 1013 αἰσχύνῃ
3217 941 3315 1011 τὴν
3359 941 3616 1008 ἀγνοιανς
3673 943 3769 995 ἐὰν
3819 943 3879 996 δὲ

2217 1033 2465 1103 περὶτοῦ
2494 1031 2828 1101 Μονογενοῦς
2878 1030 3095 1101 γίνηταί
3138 1047 3224 1093 τις
3272 1028 3450 1096 λόγος,
3502 1029 3568 1082 δι’
3616 1019 3877 1101 αἰσχύνην

2216 1122 2294 1185 εἰς
2318 1120 2587 1192 βάραθρον
2615 1120 2807 1173 ἐαυτὸν
2838 1118 3128 1188 ἐμϐάλλεις
3159 1116 3454 1179 ἀπωλείας,
3483 1116 3701 1182 ἀνάξιον
3726 1134 3880 1171 σεαυ-

2214 1207 2293 1277 τῷ
2323 1207 2560 1277 νομίζων
2594 1206 2654 1259 16
2696 1207 2769 1278 μὴ
2811 1207 2988 1260 πάντα
3030 1204 3257 1266 εἰδέναι;
3302 1204 3410 1256 Καὶ
3446 1203 3551 1274 μὴν
3596 1205 3809 1270 ἀνάξιον
3837 1206 3872 1274 ή

2216 1296 2532 1364 φιλονεικία,
2594 1297 2688 1348 καὶ
2742 1295 2804 1347 τὸ
2845 1292 3321 1364 πολυπραγμονεῖν
3359 1291 3627 1362 ἀκαίρως.
3676 1293 3787 1345 Καὶ
3821 1299 3875 1345 τι

2214 1383 2356 1451 λέγω
2389 1384 2517 1455 περὶ
2538 1384 2857 1454 δογμάτων;
2888 1382 3066 1452 Αὐτῆς
3085 1382 3194 1450 γάρ
3222 1381 3320 1451 τῆς
3341 1380 3480 1433 κατὰ
3508 1381 3601 1433 τὸν
3635 1380 3875 1447 παρόντα

2216 1473 2329 1543 βίον
2357 1473 2620 1545 πονηρίας
2648 1471 2944 1543 οὐδαμόθεν
2983 1469 3379 1540 ἀπηλλάγημεν
3421 1467 3663 1532 ἄλλοθεν,
3704 1466 3873 1538 ἀλλ’ἢ

2212 1561 2299 1615 διά
2336 1565 2437 1633 τῆς
2489 1563 2742 1625 πίστεως.
2794 1561 2951 1615 Οὕτω
2995 1560 3091 1614 καὶ
3145 1561 3194 1612 οί
3237 1558 3346 1630 πρὸ
3387 1557 3574 1610 τούτου
3628 1556 3875 1626 ἔλαμψαν

2216 1651 2475 1717 ἅπαντες,
2509 1650 2733 1714 οῦτωςὸ
2769 1648 3041 1720 Ἀϐραὰμ,
3089 1647 3262 1711 οὕτως
3322 1648 3351 1699 6
3394 1647 3600 1708 Ὶσαάκ,
3653 1644 3874 1707 οῦτωςό

2229 1737 2421 1790 Ἰακώϐ
2445 1756 2461 1769 ο
2485 1738 2628 1791 οὕτω
2655 1742 2751 1791 καὶ
2776 1739 2809 1809 ή
2842 1737 3017 1808 πόρνη
3056 1735 3258 1806 ἐσώθη,
3293 1735 3385 1787 καὶ
3412 1737 3443 1804 ή
3465 1736 3524 1786 ἐν
3546 1736 3610 1801 τῇ
3639 1733 3871 1802 Παλαιᾷ,

2214 1826 2364 1894 καὶὴ
2397 1827 2453 1877 ἐν
2471 1829 2537 1897 τῇ
2578 1828 2772 1896 Καινῇ.
2809 1824 3017 1878 Πίστει
3058 1822 3187 1893 γὰρ,
3224 1821 3378 1892 φησὶ,
3416 1822 3649 1885 ⁸1)αάὅή
3677 1820 3871 1885 πόρνη

2209 1915 2283 1966 οὐ
2315 1914 2709 1967 συναπώλετο
2765 1912 2887 1978 τοῖς
2946 1910 3325 1974 ἀπειθήσασι,
3379 1906 3679 1974 δεξαμένη
3727 1906 3871 1970 τοὺς

2210 2004 2651 2070 κατασκόπους.
2678 2002 2813 2056 Οὐδὲ
2840 2002 2971 2073 πρὸς
3017 1998 3210 2071 ἑαυτὴν
3243 1993 3383 2051 εἶπε·
3416 1995 3520 2049 Καὶ
3550 1994 3667 2057 πῶς
3699 1994 3867 2062 δυνή-

2212 2109 2395 2145 σονται
2417 2086 2563 2144 οὗτοι
2589 2091 2923 2161 αἰχμάλωτοι
2959 2090 3051 2143 καί
3080 2086 3314 2157 φυγάδες
3338 2085 3485 2147 ὄντες
3508 2084 3601 2136 καὶ
3626 2082 3863 2151 μετανά-

2210 2188 2354 2244 σται,
2386 2181 2478 2232 καὶ
2499 2179 2741 2249 νομάδων
2764 2179 2876 2248 βίον
2899 2177 3118 2241 ζῶντες,
3150 2177 3181 2244 ὴ
3191 2174 3306 2244 μῶν
3328 2172 3434 2225 τῶν
3461 2172 3610 2224 πόλιν
3633 2171 3867 2238 ἐχόντων

2211 2268 2303 2321 καὶ
2331 2267 2487 2337 τείχη
2512 2268 2605 2320 καὶ
2628 2266 2869 2335 πύργους
2896 2262 3313 2334 περιγενέσθαις
3340 2261 3413 2322 ὡς
3432 2262 3481 2312 εἰ
3512 2264 3646 2328 πρὸς
3673 2257 3872 2327 ἐαυτὴν

2206 2354 2379 2408 ταῦτα
2401 2350 2543 2419 εἷπε,
2580 2357 2674 2406 καὶ
2702 2353 2896 2423 ἑαυτὴν
2932 2353 3026 2405 καὶ
3054 2352 3293 2413 ἐκείνους
3315 2348 3379 2401 ἂν
3404 2345 3829 2419 προσαπώλεσεν
3852 2352 3868 2376 "

2206 2447 2345 2513 ὅπερ
2370 2441 2461 2497 οὗν
2500 2442 2595 2496 καὶ
2637 2442 2686 2494 οἱ
2742 2443 2996 2512 πρόγονοι
3047 2438 3151 2491 τῶν
3214 2438 3335 2490 τότε
3383 2434 3535 2507 μετ’]
3587 2434 3871 2487 σωθέντων

2206 2532 2430 2588 ἔπαθον.
2481 2533 2706 2585 Ἐκεῖνοι
2751 2530 2859 2600 γάρ
2889 2527 3071 2599 ἐπειδὴ
3118 2527 3316 2597 ἀνδρας
3363 2525 3560 2588 ἰδόντες
3601 2523 3872 2594 μεγάλους

2206 2621 2299 2674 καὶ
2330 2620 2611 2690 εὐμήκεις,
2633 2619 2721 2671 τὸν
2742 2617 2938 2689 τρόπον
2971 2618 3068 2684 τῆς
3114 2614 3266 2683 νίκης
3299 2612 3557 2683 ἐζήτουν,
3595 2610 3874 2663 ἀπώλοντο

2205 2710 2373 2781 χωρὶς
2402 2708 2636 2778 πολέμου
2670 2706 2760 2759 καὶ
2814 2705 3169 2775 παρατάξεως
3220 2702 3478 2764 ἅπαντες.
3510 2696 3663 2763 Εἶδες
3706 2701 3871 2753 πόσον

2203 2798 2303 2868 τῆς
2323 2796 2578 2858 ἀπιστίας
2608 2796 2669 2847 16
2722 2792 3015 2864 βάραθρον,
3064 2792 3157 2844 καὶ
3198 2791 3364 2843 πόσον
3416 2789 3514 2859 τῆς
3545 2788 3782 2850 πίστεως
3810 2786 3871 2840 16

2203 2887 2413 2954 τεῖχος;
2460 2884 2524 2936 Ἤ
2551 2884 2648 2953 μὲν
2673 2883 2779 2951 γὰρ
2806 2880 3064 2950 ἀπείρους
3086 2879 3389 2948 κατήνεγκε
3413 2875 3659 2945 χιλιάδας
3683 2891 3695 2903 ·
3727 2872 3867 2943 αῦτη

2203 2972 2259 3026 δὲ
2282 2973 2487 3044 πόρνην
2515 2972 2748 3039 γυναῖκα
2777 2970 2837 3021 οὐ
2882 2969 3040 3038 μόνον
3086 2966 3362 3029 διέσωσεν,
3396 2963 3532 3017 ἀλλά
3574 2964 3670 3017 καὶ
3692 2962 3867 3033 δήμου

2201 3061 2459 3114 τοσούτου
2486 3059 2782 3131 πρόστασιν
2813 3056 3057 3127 ἐποίησε.

2274 3188 2437 3242 Ταῦτ’
2472 3183 2565 3240 οὖν
2610 3184 2829 3247 εἰδότες,
2870 3183 2963 3236 καὶ
2987 3184 3055 3235 τά
3086 3181 3290 3235 τούτων
3312 3180 3553 3246 πλείονα,
3593 3181 3866 3251 μηδέποτε

2200 3277 2292 3330 τὸν
2321 3274 2453 3328 Θεὸν
2482 3272 2710 3336 εὐθύνας
2740 3272 2847 3325 τῶν
2879 3270 3176 3341 γινομένων
3205 3268 3548 3339 ἀπαιτῶμεν,
3582 3260 3700 3321 ἀλλ’
3728 3269 3865 3339 ὅπερ

2201 3360 2265 3419 ἂν
2299 3363 2550 3435 ἐπιτάξῃ,
2582 3362 2899 3431 δεχώμεθα·
2943 3356 3037 3411 καὶ
3073 3356 3148 3427 μὴ
3192 3354 3687 3427 περιεργαξώμεθα
3730 3352 3865 3428 μηδὲ

2200 3449 2769 3521 πολυπραγμονῶμεν,
2813 3446 2915 3500 κᾶν
2949 3446 3307 3516 ἀνθρωπίνοις
3349 3444 3630 3514 λογισμοῖς
3664 3445 3865 3499 ἄτοπον

2200 3536 2341 3592 εἶναι
2375 3539 2502 3609 δοκῇ
2531 3536 2591 3589 16
2617 3534 2988 3603 κελευόμενον.
3018 3532 3082 3584 Τί
3105 3532 3233 3601 γὰρ,
3262 3524 3381 3585 εἰπέ
3406 3545 3515 3602 μοι,
3540 3531 3635 3583 τοῦ
3661 3531 3862 3600 σφάξαι

2202 3626 2465 3697 μονογενῆ
2512 3623 2676 3676 παῖδα
2714 3622 2806 3676 καὶ
2857 3621 3096 3691 γνήσιον,
3124 3618 3286 3673 αὐτὸν
3327 3614 3435 3697 τὸν
3469 3618 3859 3687 γεγεννηκότα,

2198 3695 2542 3782 ἀτοπώτερον
2590 3705 2728 3762 εἶναι
2771 3707 2943 3772 δοκεῖ;
3005 3706 3144 3758 Ἀλλ’
3173 3707 3322 3775 ὅμως
3364 3706 3391 3757 6
3420 3695 3628 3767 δίκαιος
3670 3705 3860 3758 κελευ-

2200 3802 2365 3867 σθεὶς,
2402 3800 2461 3854 οὐ
2496 3797 2917 3869 περιειργάσατο
2945 3796 3122 3859 τοῦτο,
3152 3792 3278 3853 ,ἀλλ’
3316 3792 3422 3845 ἀπὸ
3452 3796 3549 3863 τῆς
3578 3794 3737 3859 ἀξίας
3764 3792 3858 3847 τοῦ

2197 3889 2545 3949 κελεύσαντος
2578 3886 2794 3950 ἐδέξατο
2818 3884 2877 3936 16
2909 3883 3186 3951 ἐπίταγμα
3216 3876 3395 3950 μόνον,
3424 3883 3519 3934 καὶ
3556 3882 3854 3951 ὑπήκουσε.

2198 3972 2305 4024 Καὶ
2338 3971 2521 4040 ἕτερος
2569 3969 2624 4020 δὲ
2676 3967 2961 4037 προφήτην
3005 3964 3154 4035 παρά
3206 3963 3301 4016 τοῦ
3358 3963 3493 4016 Θεοῦ
3548 3964 3858 4028 κελευσθεὶς

2200 4055 2448 4126 ῥαπίσαι,
2475 4050 2665 4121 ἐπειδὴ
2718 4051 2778 4102 16
2812 4048 3001 4101 δοκοῦν
3050 4050 3249 4102 ἄτοπον
3279 4044 3416 4101 εἶναι
3464 4047 3556 4101 τοῦ
3597 4048 3855 4119 πράγμα-

2195 4152 2285 4198 τος
2343 4136 2783 4204 περιειργάσατο,
2824 4131 2916 4184 καὶ
2963 4131 3061 4201 οὐχ
3110 4131 3296 4195 ἁπλῶς
3352 4130 3652 4201 ὑπήκουσε,
3703 4131 3854 4201 δίκην

2200 4222 2365 4275 ἔδωκε
2397 4222 2494 4291 τὴν
2537 4219 2801 4290 ἐσχάτην·
2850 4218 2879 4269 6
2923 4212 2980 4270 δέ
3018 4217 3224 4289 πλήξας
3270 4217 3620 4288 εὐδοκίμησε.
3683 4218 3793 4271 Καὶ
3824 4219 3855 4272 6

2198 4309 2367 4361 Σαοὺλ
2397 4304 2452 4360 δέ
2499 4307 2676 4370 σώσας
2737 4305 3053 4377 ἀνθρώπους
3084 4304 3232 4376 παρὰ
3278 4305 3339 4357 16
3379 4304 3455 4376 τῷ
3494 4305 3614 4375 Θεῷ
3644 4304 3849 4369 δοκοῦν,

2195 4391 2294 4457 τῆς
2333 4391 2609 4461 βασιλείας
2660 4389 2904 4455 ἐξέπεσε,
2950 4389 3044 4441 καί
3091 4391 3158 4441 τὰ
3192 4390 3463 4459 ἀνήκεστα
3506 4388 3697 4444 ἔπαθε.
3742 4386 3851 4442 Καὶ

2196 4479 2358 4548 ἕτερα
2410 4472 2626 4531 πλείονα
2659 4478 2860 4531 τούτων
2888 4478 2951 4530 ἄν
2994 4494 3077 4538 τις
3109 4475 3260 4547 εὖροι
3302 4477 3741 4549 παραδείγματα,
3784 4473 3851 4529 δι’

2194 4562 2267 4622 ὧν
2301 4568 2555 4621 ἁπάντων
2590 4566 2953 4636 παιδευόμεθα
3005 4565 3270 4637 μηδέποτε
3313 4566 3421 4619 τῶν
3464 4568 3849 4636 ἐπιταγμάτων

2192 4651 2286 4704 τοῦ
2334 4651 2467 4703 Θεοῦ
2516 4651 2670 4717 λόγον
2714 4653 2981 4709 ἀπαιτεῖν,
3033 4649 3145 4701 ἀλλ’
3209 4648 3377 4702 εἴκειν
3433 4651 3528 4702 καὶ
3570 4649 3846 4703 πείθεσθαι

2196 4740 2373 4810 μόνον.
2427 4740 2487 4791 Εἰ
2531 4739 2607 4799 δὲ,
2650 4739 2792 4806 ἆπερ
2828 4736 2895 4788 ἂν
2940 4736 3186 4809 ἐπιτάξῃ,
3241 4737 3698 4808 περιεργάζεσθαι
3732 4741 3844 4791 ἐπι-

2194 4827 2414 4895 σφαλὲς,
2456 4826 2548 4878 καὶ
2591 4827 2793 4893 ἐσχάτη
2840 4825 3057 4887 κόλασις
3096 4828 3270 4877 κεῖται
3312 4829 3425 4889 τοῖς
3461 4826 3844 4895 πολυπραγμο-

2191 4915 2372 4968 νοῦσι·
2415 4916 2463 4965 οἰ
2510 4912 2579 4965 τά
2626 4913 2800 4983 πολλῷ
2829 4912 3031 4965 τούτων
3059 4913 3469 4984 ἀπορρητότερα
3512 4912 3607 4965 καὶ
3635 4930 3842 4983 φρικωο

2189 5002 2415 5070 δέστερα
2452 4997 2958 5069 περιεργαζόμενοι,
3000 5000 3245 5051 τουτέστι
3285 4998 3401 5061 πῶς
3451 4998 3709 5069 ἐγέννησε
3753 4997 3841 5053 τὸν

2190 5089 2336 5149 Υἰὸν,
2379 5090 2472 5141 καὶ
2519 5087 2622 5139 τίνι
2662 5088 2866 5157 τρόπῳ,
2912 5089 3004 5140 καὶ
3046 5089 3127 5150 τίς
3171 5089 3202 5157 ἡ
3250 5086 3424 5152 οὐσία,
3470 5086 3590 5140 τίνα
3633 5086 3841 5151 1έιξουςιίν

2188 5176 2479 5247 ἀπολογίαν
2528 5175 2690 5240 ποτέ;
2738 5175 2900 5229 Ταῦτ’
2948 5172 3040 5229 οὖν
3090 5176 3306 5238 εἰδότες,
3342 5176 3441 5244 τὴν
3484 5176 3701 5228 πάντων
3735 5173 3839 5227 τῶν

2186 5264 2405 5332 ἀγαθῶν
2454 5264 2664 5334 μητέρα
2705 5263 2886 5316 πίστιν
2923 5264 3059 5333 μετά
3101 5265 3280 5333 πάσης
3324 5261 3715 5333 ὑποδεχώμεθα
3742 5261 3837 5330 τῆς

2185 5353 2417 5416 εὐνοίας,
2460 5352 2545 5406 ἵνα
2583 5352 2771 5420 ῶσπερ
2813 5353 2871 5404 ἐν
2916 5352 3134 5422 γαληνῷ
3174 5351 3425 5413 πλέοντες
3464 5351 3642 5421 λιμένι
3674 5350 3745 5403 τά
3778 5364 3839 5402 τε

2183 5440 2319 5510 όρθά
2360 5440 2704 5509 διατηρῶμεν
2754 5439 3029 5510 δόγματα,
3075 5440 3169 5492 καί
3218 5440 3306 5491 τὸν
3353 5438 3465 5508 βίον
3505 5439 3663 5508 ἡμῶν
3702 5433 3839 5508 μετά

2183 5529 2482 5597 ἀσφαλείας
2542 5527 2993 5590 κατευθύνοντες,
3052 5526 3159 5579 τῶν
3210 5527 3439 5580 αἰωνίων
3495 5527 3838 5595 ἐπιτύχωμεν

2180 5615 2420 5683 ἀγαθῶν.
2452 5616 2634 5686 χάριτι
2663 5617 2754 5669 καὶ
2781 5615 3156 5686 φιλανθρωπία
3183 5616 3278 5667 τοῦ
3312 5615 3515 5684 Κυρίου
3542 5614 3695 5683 ἡμῶν
3736 5613 3837 5683 ’1η-

2181 5703 2273 5755 σοῦ
2309 5705 2563 5774 Χριστοῦ,
2601 5703 2717 5774 μεθ’
2747 5700 2806 5757 οὐ
2835 5704 2910 5775 τῷ
2944 5706 3115 5775 Πατρὶ
3152 5705 3297 5771 δόξα,
3328 5704 3543 5774 κράτος.
3582 5705 3713 5774 τιμὴ
3745 5701 3833 5755 καὶ

2179 5791 2549 5861 προσκύνησις
2590 5794 2685 5846 σὺν
2720 5793 2859 5861 ἁγίῳ
2902 5792 3196 5862 Πνεύματι,
3230 5797 3307 5855 εἰς
3339 5792 3463 5854 τοὺς
3496 5790 3699 5855 «iam;
3730 5791 3829 5844 τῶν

2178 5878 2405 5931 αἰώνων.
2458 5880 2646 5947 Ἀμήν.
