4144 6146
381 362 488 418 ιω

380 476 510 532 huic
536 483 592 529 et
633 473 704 529 illi
750 465 1074 541 tribuitur),
1116 465 1212 524 sed
1244 467 1446 524 ordinis
1474 467 1644 520 solum
1695 474 1776 519 est
1803 464 1964 530 illud,

379 570 595 639 primus.
623 565 808 639 Neque
829 564 883 621 id
905 565 1024 635 plus
1046 563 1226 629 habet,
1251 561 1392 632 quod
1421 559 1678 629 majorem
1699 557 1964 626 acceperit

375 663 666 733 justitiam;
695 659 790 715 sed
812 661 869 715 in
897 657 998 714 hoc
1035 657 1211 712 solum
1237 655 1556 718 honoratur,
1589 651 1729 722 quod
1761 651 1964 721 primus

377 751 664 820 acceperit.
696 750 830 805 Nam
863 749 921 813 ii,
951 747 1040 818 qtti
1095 745 1462 801 illuminantur
1493 742 1686 816 (scitis,
1735 739 1956 804 initiati,

375 843 515 914 quod
561 843 800 910 dicitur),
828 854 1016 894 omnes
1055 838 1120 893 ad
1159 837 1419 906 baptisma
1449 845 1692 896 currunt,
1729 833 1824 888 sed
1857 847 1961 886 non

375 951 564 991 omnes
590 933 777 990 eadem
799 933 956 999 hora,
978 931 1071 986 sed
1095 931 1233 985 alius
1253 930 1474 999 primus,
1497 929 1635 982 alius
1655 926 1917 982 secundus
1944 941 1958 980 :

373 1043 546 1097 neque
593 1036 771 1080 tamen
820 1024 1024 1093 primus
1075 1023 1192 1092 plus
1231 1021 1426 1090 accipit
1469 1035 1626 1089 quam
1657 1019 1954 1080 secundus.

375 1135 550 1189 neque
604 1117 872 1173 secundus
923 1131 1081 1185 quam
1137 1114 1348 1177 tertius,
1381 1111 1474 1166 sed
1531 1125 1720 1165 omnes
1771 1109 1956 1165 iisdem

371 1209 640 1266 fruuntur.
658 1207 865 1263 Primus
891 1207 1053 1276 igitur
1075 1206 1183 1270 hic,
1199 1204 1430 1258 nominis
1451 1204 1628 1259 solum
1653 1211 1735 1256 est
1761 1202 1953 1266 honor,

370 1319 478 1358 non
504 1303 670 1373 gratia
701 1299 891 1370 major.
925 1299 1145 1362 Deinde,
1174 1305 1456 1368 postquam
1491 1295 1646 1356 dixit,
1690 1293 1770 1346 Ad
1811 1293 1953 1347 salu—

371 1405 486 1458 tem,
521 1408 708 1448 rursus
734 1402 894 1463 auget
935 1390 1158 1454 donum,
1207 1386 1500 1442 ostendens
1542 1401 1649 1440 non
1676 1385 1956 1455 praesentis

367 1487 628 1556 tentprnris
678 1485 851 1540 solum
895 1497 1036 1548 esse,
1069 1481 1163 1537 sed
1185 1489 1238 1536 et
1281 1481 1502 1534 ulterius
1533 1476 1814 1548 progredi;
1854 1475 1954 1530 hoc

368 1578 512 1632 enim
534 1575 853 1646 signiﬁcavit
884 1573 964 1627 his
994 1572 1169 1627 verbis
1201 1588 1215 1626 :
1247 1571 1334 1626 17.
1355 1570 1568 1624 Iustitia
1585 1569 1721 1622 enim
1767 1567 1860 1620 Dei
1901 1567 1952 1620 in

367 1673 478 1736 ipso
501 1671 746 1723 reveletur
772 1684 834 1722 ea:
861 1668 963 1736 [ide
995 1667 1049 1720 in
1078 1665 1252 1735 ﬁdem,
1280 1664 1411 1718 sicut
1435 1663 1678 1732 scriptum
1699 1670 1770 1713 est
1803 1676 1820 1714 :
1848 1658 1950 1712 Ju-

363 1773 472 1818 stus
491 1772 655 1815 autem
681 1776 747 1815 ea:
768 1760 870 1830 ﬁde
893 1757 1054 1828 oivet(
1076 1756 1274 1812 llabac.
1300 1755 1355 1810 2.
1380 1756 1414 1811 4
1430 1755 1470 1825 ).
1499 1753 1599 1821 Qui
1625 1767 1754 1822 ergo
1774 1752 1951 1820 justus

363 1853 587 1909 effectus
606 1861 708 1916 est,
741 1865 848 1906 non
887 1851 938 1906 in
971 1848 1221 1920 prwsenti
1251 1847 1423 1903 solum
1453 1845 1668 1907 sarculo,
1697 1842 1790 1897 sed
1815 1852 1870 1897 et
1895 1841 1948 1895 in

363 1944 541 1999 futuro
562 1943 722 1998 vivet.
743 1941 927 2011 Neque
955 1940 1056 1994 hoc
1079 1940 1250 1994 solum
1273 1955 1287 2003 ;
1331 1938 1426 1993 sed
1457 1944 1509 1990 ct
1532 1935 1673 1989 aliud
1705 1932 1946 1988 subindi-

359 2042 465 2098 cat,
485 2031 788 2103 huiusmodi
819 2045 1010 2099 nempe
1034 2030 1155 2083 vita:
1180 2027 1519 2098 splendorem
1543 2035 1599 2080 et
1617 2024 1939 2079 claritatem.

359 2127 494 2193 Quia
521 2125 663 2179 enim
691 2131 866 2194 potest
886 2122 1004 2192 quis
1023 2137 1144 2175 cum
1165 2119 1433 2176 dedecore
1452 2118 1652 2173 servari
1678 2135 1690 2170 :
1721 2124 1776 2170 ut
1796 2115 1944 2169 multi

362 2234 428 2272 ex
455 2218 596 2286 regia
622 2214 899 2270 clementia
920 2228 952 2267 a
977 2211 1238 2282 supplicio
1265 2209 1601 2280 eripiuntur;
1632 2216 1687 2262 ut
1714 2221 1782 2261 ne
1825 2205 1949 2276 quis

361 2311 584 2364 salutem
603 2308 824 2364 audiens
854 2307 955 2362 hoc
975 2306 1294 2375 suSpieetur,
1315 2303 1519 2358 addidit
1543 2321 1555 2357 :
1581 2302 1645 2356 Et
1657 2300 1946 2372 justitiam;

358 2415 415 2458 et
442 2403 700 2471 justitiam
729 2417 836 2457 non
865 2411 1031 2463 tuam,
1057 2398 1150 2454 sed
1195 2397 1325 2462 Dei;
1377 2396 1492 2462 ejus
1547 2395 1851 2467 largitatem
1894 2405 1946 2450 et

360 2494 669 2550 facilitatem
717 2492 1082 2548 subindicans.
1133 2489 1317 2560 Neque
1356 2487 1500 2544 enim
1545 2505 1612 2544 ex
1658 2489 1853 2544 sudore
1892 2496 1948 2542 et

359 2587 539 2643 labore
586 2587 733 2642 illam
781 2584 1020 2655 perficis,
1053 2582 1148 2638 sed
1177 2597 1244 2638 ex
1277 2595 1514 2650 superno
1537 2580 1681 2634 dono
1722 2579 1942 2648 accipis,

355 2678 462 2734 hoc
495 2693 656 2732 unum
685 2692 754 2733 ex
786 2676 958 2745 teipso
983 2673 1238 2736 aderens,
1287 2673 1432 2744 quod
1463 2671 1677 2728 credas.
1714 2669 1940 2734 Deinde,

351 2771 477 2839 quia
506 2769 590 2822 vix
611 2767 886 2824 credibilis
915 2780 1094 2820 sermo
1119 2762 1330 2820 videtur
1345 2778 1488 2826 esse,
1509 2761 1650 2832 quod
1678 2761 1940 2824 mmehus,

351 2859 553 2922 mollis,
582 2857 946 2928 sepulcrorum
976 2855 1224 2922 etfussor,
1257 2854 1634 2924 prmstigiator,
1662 2850 1941 2904 confestim

342 2966 457 3007 non
492 2948 650 3002 modo
672 2964 700 3000 a
719 2947 982 3017 supplicio
1006 2947 1287 3016 eripiatur,
1321 2945 1416 3000 sed
1437 2945 1598 2998 etiam
1625 2943 1800 3012 justus
1830 2940 1939 3004 ﬁat,

345 3053 407 3099 et
429 3042 605 3106 justus
634 3053 882 3108 suprema
907 3037 1148 3106 justitia;
1181 3052 1211 3091 a
1245 3035 1423 3091 Veteri
1452 3035 1796 3089 Testamento
1822 3046 1940 3085 ser-

344 3147 397 3185 nt
424 3145 566 3185 mem
603 3127 908 3195 confirmat,
959 3145 1022 3184 ac
1052 3129 1223 3198 primo
1251 3126 1467 3198 quidem
1496 3124 1643 3179 brevi
1669 3123 1812 3178 dicto
1843 3123 1942 3176 im-

350 3239 597 3276 Incusum
637 3220 980 3278 historiarum
1027 3221 1244 3290 pelagus
1290 3217 1484 3272 intueri
1513 3215 1710 3270 valenti
1742 3213 1935 3284 aperit.

343 3319 482 3372 Cum
532 3313 758 3369 dixisset
794 3313 960 3379 enim,
1006 3311 1090 3364 Ex
1117 3311 1218 3380 fide
1242 3311 1295 3363 in
1324 3309 1499 3378 ﬁdem,
1526 3306 1822 3361 auditorem
1854 3319 1940 3358 re-

345 3405 494 3458 misit
522 3403 586 3456 ad
608 3405 938 3459 diconomias
961 3403 1099 3466 illas,
1121 3417 1150 3455 a
1177 3401 1284 3454 Deo
1310 3401 1360 3452 in
1392 3397 1568 3454 Veteri
1588 3397 1936 3452 Testamento

344 3497 536 3564 factas,
570 3511 700 3568 quas
725 3495 791 3551 ad
820 3494 1071 3550 llebrzeos
1091 3493 1354 3558 scribens,
1382 3504 1504 3545 cum
1527 3489 1690 3542 multa
1721 3487 1935 3557 sapien-

343 3590 420 3645 tia
447 3596 661 3645 enarrat
681 3627 698 3653 ,
725 3597 884 3657 atque
926 3586 1088 3639 etiam
1115 3592 1243 3638 tunc
1266 3590 1320 3637 et
1339 3581 1515 3651 justos
1544 3589 1598 3636 et
1625 3588 1934 3649 peccatores

341 3682 664 3752 justiticatos
688 3677 920 3734 ostendit
944 3693 958 3730 :
990 3683 1314 3747 quapropter
1339 3682 1394 3728 et
1419 3671 1565 3726 Raab
1591 3680 1644 3725 et
1664 3669 1932 3725 Abraham

343 3771 683 3829 memoravit.
714 3770 902 3825 Postea
923 3775 1124 3838 autem,
1156 3781 1278 3821 cum
1306 3765 1392 3819 hic
1418 3765 1589 3818 solum
1618 3761 1668 3817 id
1695 3760 1935 3817 subindi-

338 3873 518 3920 casset
553 3863 716 3934 (nam
743 3859 809 3915 ad
839 3860 999 3914 aliam
1039 3855 1545 3926 contemplationem
1576 3868 1736 3908 cursu
1763 3851 1932 3907 veloci

342 3954 686 4024 festinabat),
717 3967 746 4005 a
775 3950 1052 4022 prophetis
1073 3964 1259 4004 rursus
1285 3947 1524 4004 sermoni
1567 3945 1724 4000 fidem
1752 3945 1932 4000 conci-

342 4047 459 4113 lia',
491 4063 542 4101 in
588 4045 820 4101 medium
849 4043 1120 4098 adducens
1142 4041 1391 4097 Habacuc
1417 4039 1737 4094 clamantem
1764 4045 1819 4092 et
1845 4037 1929 4092 di-

339 4150 574 4205 centem,
608 4154 713 4194 non
746 4152 902 4209 posse
925 4137 1105 4192 vivere
1129 4150 1252 4190 eum
1291 4133 1382 4203 qui
1407 4133 1644 4186 victurus
1672 4139 1774 4194 est,
1827 4129 1928 4183 nisi

341 4247 440 4302 per
465 4232 642 4287 fidem.
675 4230 806 4285 Nam
831 4227 1033 4294 Justus,
1057 4227 1244 4298 inquit,
1275 4241 1338 4278 ex
1363 4226 1464 4294 ﬁde
1489 4225 1633 4288 vivet,
1667 4222 1735 4276 de
1757 4222 1926 4274 futura

342 4323 566 4392 loquens
597 4319 723 4374 vita.
753 4320 888 4388 Quia
916 4319 1058 4374 enim
1086 4333 1205 4388 qua:
1239 4317 1380 4370 Deus
1404 4315 1679 4383 elargitur,
1711 4327 1925 4368 onmem

340 4415 716 4484 cogitationem
756 4419 1036 4481 superant,
1057 4409 1180 4478 jure
1209 4407 1315 4461 iide
1357 4421 1490 4476 opus
1525 4405 1802 4460 habemus.
1838 4403 1930 4458 \‘ir

340 4516 518 4560 autem
541 4505 811 4574 pervicax,
837 4509 1180 4571 contemptor
1208 4507 1262 4553 et
1291 4511 1566 4567 arrogans,
1600 4494 1730 4550 nihil
1773 4493 1926 4564 perfi-

339 4598 464 4652 ciet.
497 4596 729 4652 Audiam
764 4593 1001 4649 ba-retici
1054 4590 1384 4662 Spiritualem
1426 4601 1633 4643 vocem.
1667 4585 1810 4642 Talis
1845 4595 1928 4642 est

340 4686 481 4742 enim
508 4686 885 4757 cogitationum
920 4692 1107 4739 natura
1139 4701 1153 4736 :
1186 4679 1489 4754 labyrintho
1512 4679 1723 4734 cuidam
1744 4686 1795 4733 et
1816 4677 1926 4748 gri-

341 4780 462 4850 phis
486 4779 675 4834 similis
709 4789 792 4835 est
819 4779 1022 4834 nullum
1069 4776 1229 4832 finem
1267 4775 1491 4839 habens,
1529 4787 1629 4828 nec
1663 4772 1845 4826 sinens
1870 4769 1924 4824 in

343 4879 489 4938 petra
517 4870 893 4940 cogitationem
920 4867 1239 4932 consistere,
1271 4865 1696 4936 principiumque
1722 4861 1925 4916 habens

340 4961 410 5018 ab
431 4961 758 5033 arrogantia.
787 4959 920 5014 Cum
942 4959 1083 5014 enim
1113 4959 1309 5028 pudeat
1334 4959 1453 5012 illos
1477 4958 1634 5013 fidem
1656 4954 1921 5024 accipere,

340 5069 408 5110 ne
434 5055 716 5110 videantur
742 5051 988 5122 ignorare
1016 5050 1270 5113 caelestia,
1304 5064 1425 5104 sese
1464 5049 1516 5104 in
1547 5049 1694 5103 mille
1716 5047 1920 5117 cogita-

343 5145 540 5200 tionum
569 5143 840 5215 pulverem
867 5133 1178 5210 conjiCiunt.
1223 5138 1392 5205 Itane,
1424 5139 1589 5192 miser
1617 5147 1670 5192 et
1707 5135 1919 5200 infelix,

340 5245 495 5310 atque
516 5237 737 5293 infinitis
774 5235 968 5306 dignus
1000 5231 1274 5303 lacrymis,
1306 5233 1352 5285 si
1378 5231 1496 5300 quis
1527 5240 1577 5284 te
1608 5229 1920 5296 interroget,

338 5329 606 5398 quomodo
629 5327 819 5384 cadum
837 5323 1146 5387 faetonrsit,
1169 5319 1438 5391 quomodo
1460 5327 1598 5373 terra
1618 5335 1632 5381 ;
1652 5315 1780 5388 quid
1802 5316 1923 5368 dico

342 5419 528 5476 ctetttm
554 5427 609 5476 et
635 5417 876 5475 terram?
902 5411 1172 5486 quomodo
1203 5412 1318 5481 ipse
1347 5417 1504 5464 natus
1528 5408 1624 5476 sis,
1649 5405 1917 5478 quomodo

663 5789 930 5852 Pnaor.
978 5795 1093 5854 Gn.
1139 5791 1265 5862 LX.

1502 352 1568 408 1N
1609 353 1822 410 El’lS‘l'.
1867 351 1956 408 AD
1997 341 2157 408 ROM.
2199 351 2431 410 HOMIL.
2478 353 2543 408 ii.

3556 371 3659 427 410

2079 466 2309 521 nutritus
2339 476 2392 522 et
2425 477 2629 535 auctus,
2661 487 2766 524 non
2799 482 2848 526 te
2878 474 3040 543 pudet
3065 475 3415 546 ignorantiae?
3459 482 3503 536 si
3533 499 3662 539 vero

2070 559 2138 613 de
2167 557 2449 631 Unigenito
2472 577 2652 617 sermo
2682 564 2771 625 sit,
2819 580 2931 634 prae
2965 567 3165 635 pudore
3193 578 3244 624 te
3275 571 3325 624 in
3349 572 3660 634 barathrum

2070 651 2323 719 perniciei
2346 653 2589 722 eonjicis,
2618 655 2759 724 quod
2789 665 2839 710 te
2865 656 3138 727 indignum
3166 671 3320 730 putes
3350 679 3456 719 non
3477 673 3660 726 omnia

2068 743 2244 797 seire?
2271 743 2428 815 Atqui
2453 746 2662 816 indigna
2684 749 2860 817 potius
2881 766 2968 804 res
2991 760 3078 806 est
3100 756 3370 811 contentio
3385 767 3442 815 et
3468 762 3662 818 intem-

2068 835 2271 905 pestiva
2299 838 2603 892 curiositas.
2640 839 2841 910 Ecquid
2871 842 2937 898 de
2965 842 3303 914 dogmatibus
3329 849 3552 924 loquor?
3575 855 3656 911 Ex

2068 931 2348 997 praesentis
2394 933 2515 986 vine
2560 935 2794 1004 nequitia
2826 952 2930 990 non
2977 939 3083 992 alio
3123 941 3283 996 modo
3331 945 3654 1016 liberamur,

2063 1033 2222 1088 quam
2253 1036 2346 1088 per
2387 1021 2566 1076 fidem.
2600 1023 2688 1079 Sic
2729 1041 2918 1081 onmes
2944 1029 3103 1097 prist'i
3159 1031 3236 1088 iili
3269 1035 3366 1089 viri
3390 1037 3678 1106 clamore,-

2063 1109 2143 1164 sic
2175 1110 2457 1178 Abraham,
2483 1115 2564 1168 sic
2588 1113 2754 1182 lsaac,
2779 1118 2857 1171 sic
2876 1117 3042 1174 Jacob
3067 1136 3083 1187 ;
3113 1122 3189 1179 sic
3216 1135 3271 1179 et
3296 1126 3545 1182 meretrix
3571 1144 3656 1184 sa-

2061 1199 2225 1255 lutem
2255 1216 2585 1275 consequuta
2607 1215 2709 1270 est,
2742 1217 2796 1262 et
2824 1209 2874 1264 in
2922 1210 3101 1270 Veteri
3129 1225 3183 1270 et
3208 1219 3261 1272 in
3290 1217 3440 1274 Novo
3469 1220 3657 1276 Testa-

2063 1302 2260 1347 mento.
2288 1294 2417 1350 Nam
2447 1297 2521 1352 ait
2561 1314 2574 1352 :
2605 1298 2739 1354 Fide
2781 1299 2923 1355 Raab
2960 1309 3199 1362 meretrix
3225 1326 3324 1364 non
3365 1311 3509 1378 periit
3537 1329 3655 1366 cum

2059 1385 2354 1454 incredulis,
2379 1391 2725 1457 exploratores
2745 1398 2999 1468 exripiens
3032 1398 3228 1471 (Hebr.
3266 1403 3352 1458 11.
3381 1404 3440 1458 51
3536 1405 3650 1460 Non

2059 1479 2192 1533 dixit
2226 1480 2277 1535 in
2308 1482 2593 1553 semetipsa
2612 1526 2628 1550 ,
2659 1483 2730 1542 Et
2755 1491 3026 1558 quomodo
3055 1503 3306 1562 poterunt
3333 1495 3384 1550 hi
3415 1497 3609 1565 captivi
3631 1539 3646 1561 ,

2057 1569 2262 1640 fugitivi
2291 1579 2346 1628 et
2373 1588 2598 1630 errones
2620 1619 2637 1646 ,
2680 1580 2768 1650 qui
2805 1582 3092 1638 nomadum
3123 1601 3274 1640 more
3303 1586 3516 1652 vivunt,
3549 1605 3649 1643 nos

2057 1676 2329 1730 superare,
2376 1665 2464 1734 qui
2499 1665 2709 1734 utbcm,
2743 1673 2935 1726 moenia
2972 1682 3026 1728 et
3054 1683 3227 1731 turres
3268 1676 3566 1734 habemus?
3587 1680 3644 1735 Si

2058 1767 2188 1807 Vero
2214 1753 2327 1810 haec
2355 1757 2498 1828 apud
2528 1777 2587 1816 se
2627 1762 2871 1830 dixisset,
2896 1773 2950 1819 et
2974 1766 3205 1835 seipsam
3233 1776 3289 1823 et
3315 1768 3433 1823 illos
3462 1772 3643 1840 pcrdi-

2053 1842 2220 1899 disset
2253 1863 2267 1899 :
2295 1855 2350 1903 ttt
2379 1861 2434 1905 et
2470 1850 2646 1908 fecere
2676 1854 2908 1924 majores
2936 1871 3144 1924 eorum,
3173 1860 3265 1929 qui
3295 1869 3422 1916 tunc
3444 1865 3642 1917 servati

2052 1947 2194 1992 sunt.
2229 1940 2308 1996 Illi
2334 1945 2480 1999 enim
2511 1949 2818 2017 conspectis
2861 1950 2990 2004 viris
3027 1953 3235 2022 magnis
3266 1963 3322 2007 et
3368 1956 3640 2023 proceris,

2051 2031 2294 2088 victoria:
2337 2036 2554 2091 modum
2609 2039 2904 2108 qurcsiere,
2951 2056 3014 2096 ac
3071 2043 3187 2098 sine
3233 2043 3373 2098 bello
3424 2055 3479 2098 et
3526 2047 3643 2100 acie

2052 2137 2240 2181 clunes
2265 2127 2557 2196 perierunt.
2608 2130 2850 2186 Vidistin’
2875 2142 3130 2204 quantum
3160 2136 3226 2190 sit
3257 2137 3642 2194 incredulitatis

2055 2216 2386 2286 barathrum,
2415 2228 2471 2275 et
2499 2231 2728 2290 quantus
2765 2222 2888 2278 fidei
2929 2225 3150 2297 murus}
3173 2227 3267 2281 Illa
3304 2229 3451 2283 enim
3481 2231 3640 2285 innu-

2051 2324 2198 2364 mera
2230 2311 2394 2366 millia
2419 2313 2817 2382 pessumdedit;
2851 2314 2966 2371 ha‘c
3000 2333 3130 2372 vero
3167 2321 3502 2374 meretricem
3531 2337 3637 2376 non

2050 2403 2212 2459 modo
2249 2407 2499 2471 servavit,
2530 2407 2623 2461 sed
2653 2408 2782 2462 tanti
2809 2408 2991 2478 populi
3023 2419 3300 2478 patronam
3327 2411 3524 2467 effecit.

2123 2496 2484 2552 Mandatorum
2534 2499 2631 2554 Dei
2683 2503 2812 2555 ratio
2860 2519 2960 2556 non
3006 2505 3296 2574 querenda.
3323 2536 3395 2545 —
3423 2507 3547 2561 Hinc
3577 2516 3636 2562 et

2053 2588 2224 2642 multo
2253 2589 2404 2658 plura
2436 2605 2558 2644 cum
2582 2591 2834 2655 si-iamns,
2867 2607 2896 2645 a
2926 2593 3036 2646 Deo
3081 2594 3342 2650 factorum
3369 2598 3633 2652 rationem

2050 2695 2338 2748 numquam
2370 2681 2674 2750 exigamus,
2717 2682 2811 2737 sed
2837 2683 3092 2752 quidquid
3126 2686 3218 2739 ille
3236 2686 3458 2755 jusserit
3483 2689 3633 2743 exei-

2048 2770 2257 2840 piamns
2288 2785 2303 2823 :
2332 2783 2437 2824 non
2483 2771 2701 2824 curiose
2742 2771 3077 2840 iuquiramns
3118 2775 3201 2828 vel
3266 2777 3629 2844 exploremus,

2045 2860 2257 2914 etiamsi
2283 2859 2333 2914 id
2363 2859 2744 2930 quodjubetur
2791 2861 3088 2918 secundum
3131 2865 3361 2920 humana
3413 2869 3630 2921 ratioci-

2046 2950 2132 3004 nia
2161 2951 2449 3006 absurdum
2479 2951 2739 3007 videatur.
2765 2953 2902 3019 Quid
2928 2955 3094 3022 enim,
3126 2972 3329 3026 quaeso,
3348 2958 3634 3018 absurdius

2044 3043 2308 3107 videatur,
2339 3059 2496 3114 quam
2547 3060 2666 3099 cum
2699 3056 2847 3115 pater
2896 3049 3226 3118 unigenitutn
3276 3051 3443 3106 filium
3488 3056 3633 3108 occi-

2041 3133 2170 3188 dere
2196 3134 2460 3203 jubetur.’
2480 3138 2728 3192 Attamen
2754 3137 2932 3208 justus
2963 3139 3052 3194 ille
3073 3141 3280 3210 jussus,
3313 3158 3417 3199 non
3452 3146 3631 3200 curio-

2046 3239 2107 3281 se
2155 3225 2364 3296 jussnm
2411 3227 2731 3296 exploravit,
2783 3230 2877 3284 sed
2911 3231 2981 3284 ob
3028 3231 3266 3299 jubentis
3319 3235 3627 3305 dignitatem

2040 3316 2348 3371 mandatum
2371 3318 2580 3388 accepit
2603 3328 2658 3374 et
2687 3319 2944 3374 obedivlt.
2973 3321 3121 3376 Alius
3146 3338 3359 3394 quoque
3381 3325 3564 3394 jussus
3586 3342 3626 3395 .a

2041 3407 2151 3462 Deo
2183 3408 2497 3478 prophetam
2531 3419 2829 3480 percutere,
2858 3411 2982 3481 quia
3009 3427 3122 3466 rem
3171 3413 3460 3470 absurdam
3493 3430 3615 3472 esse

2040 3508 2234 3569 putans
2259 3539 2274 3565 ,
2317 3501 2532 3556 curiose
2589 3501 2929 3580 perquisivit,
2968 3517 3067 3558 nec
3109 3503 3428 3574 simpliciter
3469 3505 3628 3562 obse-

2037 3602 2238 3663 qnutus
2266 3601 2370 3659 est,
2395 3601 2663 3648 extremas
2685 3593 2834 3648 dedit
2871 3609 3057 3665 pinnas
3083 3595 3179 3668 (5.
3208 3595 3337 3667 Reg.
3362 3597 3451 3652 20.
3484 3598 3576 3668 55)
3601 3615 3616 3664 ς

2039 3683 2129 3751 qui
2157 3698 2285 3738 vero
2313 3683 2600 3752 percussit,
2629 3694 2882 3755 acceptus
2913 3685 3033 3741 fuit.
3063 3686 3276 3742 EtSaul
3303 3688 3392 3758 qui
3425 3698 3624 3757 praeter

2038 3773 2134 3828 Dei
2166 3774 2424 3843 placitum
2460 3774 2705 3829 homines
2753 3777 3024 3842 servavit,
3056 3792 3083 3830 a
3127 3793 3293 3848 regno
3319 3779 3536 3846 excidit,
3568 3790 3625 3836 et

2036 3864 2398 3919 intolerabilia
2448 3879 2638 3936 passus
2679 3874 2783 3920 est.
2835 3867 3002 3922 Multo
3031 3869 3180 3937 plura
3230 3872 3470 3941 exctnpla
3504 3873 3622 3940 quis

2035 3954 2277 4010 invenire
2308 3957 2514 4024 possit:
2545 3955 2741 4028 quibus
2785 3957 3033 4012 omnibus
3082 3958 3359 4023 docemur,
3398 3960 3622 4014 manda-

2034 4055 2210 4102 torum
2237 4047 2329 4102 Dei
2361 4063 2650 4118 numquam
2680 4050 2944 4104 rationem
2973 4063 3092 4104 esse
3121 4051 3488 4120 qua-rendam,
3518 4050 3614 4105 sed

2032 4139 2336 4195 cedendum
2358 4147 2415 4194 et
2443 4139 2846 4210 obsequendum
2871 4154 3012 4195 esse.
3042 4139 3096 4193 Si
3140 4150 3316 4194 autem
3371 4141 3458 4194 illa
3499 4156 3617 4210 quae

2033 4231 2276 4301 pracipit
2321 4231 2578 4297 scrutari,
2631 4231 2987 4298 periculosum
3045 4238 3163 4296 est,
3209 4239 3263 4285 et
3315 4241 3613 4286 extremum

2031 4322 2348 4392 supplicium
2378 4320 2738 4374 scrutantibus
2761 4331 2843 4376 est
2869 4321 3178 4391 deputatum
3213 4339 3227 4377 :
3255 4323 3342 4392 qui
3366 4337 3426 4377 ea
3450 4364 3464 4388 ,
3495 4341 3615 4393 qua:

2029 4423 2155 4468 sunt
2201 4413 2303 4467 illis
2331 4413 2488 4481 longe
2517 4412 2806 4467 secretiora
2833 4421 2887 4466 et
2919 4411 3257 4470 horribiliora
3287 4423 3616 4482 scrutantur,

2031 4519 2226 4574 nempe
2269 4489 2539 4574 quomodo
2591 4504 2779 4574 genuit
2806 4503 3020 4570 Filium,
3068 4513 3123 4558 et
3150 4519 3250 4573 qua
3306 4506 3534 4572 ratione,
3567 4491 3620 4560 et

2028 4612 2277 4668 quamam
2301 4597 2370 4650 sit
2401 4594 2892 4664 substant.ia,quam
2923 4593 3291 4650 defensionem
3311 4595 3619 4651 habebunt?

2032 4688 2155 4744 "me
2183 4704 2303 4743 cum
2325 4688 2580 4754 sciamus,
2611 4686 2767 4740 fidem
2820 4686 3079 4741 bonorum
3117 4687 3355 4742 omnium
3389 4699 3613 4743 matrem

2028 4795 2148 4834 cum
2195 4780 2339 4834 omni
2417 4777 2790 4834 benevolentia
2839 4777 3215 4845 suscipiamus,
3260 4788 3317 4832 ut
3363 4778 3515 4848 quasi
3558 4778 3611 4834 in

2030 4870 2320 4940 tranquillo
2366 4878 2525 4939 portu
2575 4867 2910 4937 navigantes,
2961 4878 3105 4921 recta
3148 4868 3395 4937 dogmata
3427 4883 3611 4922 serve-

2029 4979 2169 5024 mus.
2199 4972 2253 5016 et
2298 4961 2460 5013 vitam
2508 4967 2745 5012 nostram
2797 4971 2917 5010 cmn
2968 4957 3257 5011 securitate
3286 4958 3602 5027 dirigentes,

2027 5063 2226 5108 aeterna
2281 5064 2672 5118 consequamur
2745 5047 2914 5112 bona,
2966 5048 3134 5116 gratia
3181 5055 3237 5100 et
3290 5046 3614 5116 benignitate

2031 5144 2242 5200 Domini
2266 5142 2434 5197 nostri
2464 5139 2592 5194 Jesu
2616 5137 2836 5201 Christi,
2888 5139 3103 5208 quicum
3126 5136 3264 5191 Patri
3288 5138 3473 5208 gloria,
3507 5136 3609 5188 into

2031 5236 2260 5307 perium,
2293 5231 2466 5286 honor
2489 5239 2543 5284 et
2568 5228 2811 5284 adoratio
2856 5243 2960 5282 una
2985 5243 3107 5284 cum
3152 5236 3340 5283 sancto
3368 5224 3595 5298 Spiritu,

1988 5353 1997 5360 ε
2029 5332 2082 5386 in
2111 5326 2305 5384 smcula
2331 5324 2670 5380 saeculorum.
2703 5321 2899 5378 Amen.

1954 5632 2166 5648 vr“

3198 5810 3280 5874 26
