4122 6150
1181 334 1239 387 S.
1272 328 1547 389 JOANNIS
1582 326 2056 387 CHRYSOSTOMI
2097 325 2419 382 ARCHIEP.
2448 325 2982 385 CONSTANTINOP.

3623 337 3732 396 ιη

3628 460 3724 470 -οεα

930 444 3121 468 W

1813 530 2158 594 HOMILIA
2204 530 2313 591 Ill.

445 673 569 729 ΙῖΑιι.
604 673 657 728 1.
682 686 736 725 V.
773 670 860 726 l8.
896 667 1165 723 Revelatur
1212 666 1343 719 enim
1390 664 1468 716 ira
1500 661 1589 714 Dei
1617 659 1679 712 de
1717 659 1840 711 ra-lo
1883 669 2035 723 super

514 746 711 819 omnem
739 764 1047 833 impietatem
1076 770 1124 813 et
1145 758 1446 827 injustitiam
1474 753 1756 817 hominum,
1780 750 1862 820 qui
1906 748 2034 801 veri-

512 868 669 912 tatem
693 857 745 910 in
768 855 1021 927 injustitia
1044 853 1289 907 detinent.

517 951 570 1004 1.
605 947 737 1001 Vide
768 944 916 1000 Pauli
948 943 1285 1015 prudentiam
1312 981 1326 1004 ,
1371 936 1644 1009 quomodo
1671 950 1700 990 a
1733 932 2035 989 mitiorilms

446 1040 736 1104 hortatus,
793 1037 860 1091 ad
908 1035 1227 1091 terribiliora
1274 1046 1579 1087 sermonem
1643 1036 1839 1082 vertat.
1900 1025 2034 1078 Cum

451 1131 675 1185 dixisset
728 1129 872 1182 enim
936 1126 1271 1195 evangelium
1322 1123 1510 1177 salutis
1556 1130 1609 1174 et
1649 1121 1771 1173 vit:c
1822 1130 2035 1171 caus-am

455 1237 612 1287 esse;
645 1222 879 1290 itemque
907 1218 1002 1273 Dei
1035 1217 1325 1287 potentiam
1345 1224 1397 1270 et
1420 1215 1644 1269 salutem
1669 1210 2038 1279 justitiamquc

453 1320 728 1381 aperatam
752 1326 892 1374 csse,
918 1310 1028 1377 jam
1052 1308 1185 1362 dit-it
1223 1322 1307 1371 ea,
1356 1321 1475 1375 quae
1502 1320 1606 1357 non
1638 1301 2040 1357 attendentibus

455 1414 718 1458 terrorem
753 1403 994 1455 incutere
1024 1399 1250 1467 possint.
1276 1396 1407 1462 Quia
1431 1397 1572 1449 enim
1595 1393 1771 1447 solent
1802 1392 2043 1462 plerique

455 1495 731 1549 hominum
803 1508 906 1546 non
957 1502 1061 1545 tam
1110 1488 1466 1560 promissione
1530 1486 1824 1551 honorum,
1885 1498 2044 1553 quam

456 1591 685 1642 tristium
718 1588 908 1641 timore
936 1586 1001 1639 ad
1028 1585 1281 1639 virtutem
1313 1581 1548 1652 pertrahi
1574 1598 1586 1643 ;
1624 1581 1872 1649 utrinque
1897 1579 2045 1648 ipsos

456 1682 639 1734 allicit.
676 1680 882 1733 ideirco
904 1678 1042 1732 Deus
1071 1693 1175 1731 non
1210 1676 1369 1729 modo
1399 1689 1617 1743 regnum
1650 1672 1915 1742 promisit,
1949 1670 2045 1725 sed

461 1774 621 1825 etiam
669 1771 967 1840 gehennam
1011 1768 1369 1823 comminatus
1412 1774 1608 1820 est:ct
1639 1764 1911 1834 propheta:
1952 1761 2047 1817 Ju-

459 1866 593 1919 dceis
626 1867 694 1918 ita
722 1865 1030 1934 loquuntur,
1054 1863 1189 1916 mala
1210 1861 1365 1915 bonis
1384 1868 1643 1929 perpetuo
1668 1856 2047 1911 admiscentes.

462 1956 692 2025 Ideoque
717 1955 912 2009 Paulus
939 1954 1017 2008 sic
1044 1967 1349 2007 sermonem
1384 1950 1573 2016 variat,
1604 1963 1709 2001 non
1739 1956 2047 2016 utcumque,

461 2047 555 2101 sed
587 2048 735 2101 milia
763 2046 1015 2115 primum,
1050 2043 1354 2112 dcindeque
1380 2041 1549 2095 tristia
1581 2039 1799 2093 adhibet
1826 2055 1839 2104 ;
1868 2049 2052 2093 05ten-

465 2139 622 2204 dens,
664 2139 751 2192 illa
776 2138 989 2207 quidem
1029 2153 1093 2190 ex
1142 2134 1333 2204 pratvia
1382 2132 1472 2187 Dei
1504 2132 1770 2187 sententia
1799 2145 2015 2185 manare
2037 2170 2051 2196 ,

467 2231 582 2285 hzrc
606 2246 732 2285 vero
762 2246 826 2284 ex
857 2228 1246 2299 negligentiam
1293 2226 1545 2295 nequitia.
1577 2225 1667 2281 Sic
1700 2233 1753 2278 et
1782 2224 2054 2293 pr0pheta

470 2323 645 2392 primo
678 2322 814 2375 bona
844 2320 1068 2390 profert,
1095 2318 1280 2371 dicens
1305 2336 1320 2371 :
1358 2318 1415 2371 Si
1442 2316 1699 2369 volueritis
1720 2326 1768 2369 et
1793 2315 2058 2368 audieritis

470 2430 570 2477 me,
602 2414 735 2467 bona
777 2422 924 2467 terra?
947 2411 1215 2465 comedetis
1239 2426 1259 2474 ;
1288 2410 1332 2463 si
1357 2408 1638 2473 nolueritis,
1664 2424 1755 2460 nec
1798 2407 2059 2459 audieritis

473 2520 571 2569 me,
599 2505 801 2575 gladius
824 2520 907 2557 vos
940 2503 1165 2556 absumet
1206 2500 1359 2568 (lsai.
1397 2502 1448 2559 1.
1480 2500 1566 2554 l9.
1599 2496 1712 2570 20).
1742 2498 1813 2552 lta
1847 2507 1899 2552 et
1925 2498 2059 2553 Pau-

475 2596 557 2650 lus
585 2595 672 2649 hic
716 2609 1022 2649 sermonem
1070 2591 1319 2662 profert:
1370 2591 1525 2645 Venit
1566 2589 1831 2654 Christus,
1868 2590 2056 2659 inquit,

483 2687 861 2741 remissionem
894 2686 1095 2747 ferens,
1119 2684 1403 2753 justitiam,
1434 2682 1595 2735 vitam
1626 2698 1641 2733 :
1673 2696 1773 2736 nec
1802 2681 2057 2751 simplici-

478 2790 577 2844 ter,
611 2779 706 2833 sed
755 2795 851 2849 per
880 2793 1096 2833 crucem
1140 2777 1331 2842 alTert;
1390 2777 1641 2846 quodque
1688 2776 1979 2829 maximum
2012 2782 2066 2828 ct

479 2871 856 2927 admirandum
891 2880 993 2938 est,
1041 2887 1146 2925 non
1175 2870 1317 2941 quod
1353 2869 1473 2923 talia
1516 2869 1738 2939 largitus
1769 2869 1839 2923 sit
1863 2868 2061 2933 solum,

480 2963 574 3017 sed
605 2963 746 3033 quod
773 2963 894 3017 talia
925 2977 1114 3032 passus
1140 2963 1229 3015 sit.
1262 2962 1315 3016 Si
1368 2961 1528 3031 igitur
1559 2961 1670 3030 ipsa
1703 2960 1839 3014 dona
1873 2968 2066 3014 contu-

483 3055 638 3107 tnelia
665 3054 973 3119 alleccritis,
1006 3063 1130 3107 tunc
1171 3050 1339 3106 tristia
1371 3068 1466 3106 vos
1511 3051 1825 3106 manebunt.
1860 3051 1925 3104 Et
1948 3051 2067 3105 vide

483 3146 752 3215 quomodo
782 3160 1087 3199 sermonem
1115 3144 1372 3200 extollat:
1406 3142 1676 3196 Revelatur
1695 3144 1849 3205 enim,
1878 3142 2067 3212 inquit,

485 3238 561 3289 ira
585 3236 683 3289 Dei
712 3238 775 3290 de
801 3237 947 3291 cado.
994 3236 1272 3290 Undenam
1300 3236 1401 3289 hoc
1444 3234 1654 3303 liquet?
1684 3235 1739 3287 Si
1773 3233 1945 3287 fidelis
1972 3234 2072 3286 hoc

491 3330 713 3392 dixerit,
747 3330 944 3384 Christi
973 3330 1266 3384 sententias
1310 3330 1683 3397 proferemus;
1733 3328 1777 3381 si
1802 3341 1928 3381 vero
1956 3325 2075 3379 inli-

489 3422 645 3484 delis,
680 3438 707 3475 a
742 3422 1091 3492 sequentibus
1133 3422 1209 3475 illi
1238 3422 1432 3475 Paulus
1481 3436 1541 3474 os
1571 3421 1839 3485 obstruit,
1892 3418 1977 3472 ubi
2008 3418 2075 3472 tle

497 3514 698 3583 judicio
732 3514 826 3567 Dei
859 3514 1036 3583 agitur
1058 3554 1073 3580 ,
1108 3528 1193 3567 ex.
1215 3513 1384 3582 gestis
1439 3513 1675 3581 ipsorum
1714 3512 2076 3581 insuperabile

489 3616 859 3674 argumentum
889 3606 940 3659 in
974 3604 1206 3659 medium
1240 3604 1552 3657 adducens:
1584 3602 1639 3656 id
1665 3603 1809 3673 quod
1842 3604 2075 3657 maxime

493 3696 812 3764 stupendum
843 3704 961 3759 est;
1001 3711 1121 3751 cum
1154 3710 1278 3761 eos,
1307 3695 1395 3765 qui
1438 3693 1647 3747 veritati
1688 3693 2074 3757 adversantur,

494 3804 556 3842 ex
590 3789 673 3853 iis,
702 3803 820 3858 qua:
861 3788 1101 3856 quotidie
1135 3787 1320 3842 dicunt
1349 3797 1401 3841 et
1423 3787 1640 3851 faetunt,
1674 3786 1916 3839 veritatis
1944 3785 2077 3855 dog-

500 3890 640 3933 mata
688 3878 918 3949 probare
967 3878 1436 3933 dcclarat.Verum
1472 3878 1587 3931 haec
1618 3879 1669 3930 in
1699 3877 2077 3947 sequentibus;

498 3972 716 4025 interim
750 3972 1081 4040 propositam
1124 3986 1238 4025 rem
1274 3979 1582 4024 tractemus.
1638 3968 1913 4023 Rerelatur
1950 3970 2083 4022 enim

495 4066 574 4117 ira
614 4062 705 4116 Dei
737 4062 797 4114 de
823 4062 965 4117 cwlo.
1010 4062 1170 4132 Atqui
1216 4062 1266 4116 in
1292 4061 1394 4116 hac
1424 4062 1529 4113 vita
1563 4060 1613 4114 id
1645 4074 1787 4129 serpe
1809 4059 2003 4113 accidit
2030 4060 2081 4112 in

496 4156 638 4211 fame
662 4165 713 4211 et
749 4166 898 4227 peste
944 4166 998 4211 et
1028 4156 1225 4212 bellis:
1260 4172 1382 4210 nam
1427 4156 1673 4225 privatim
1707 4155 1901 4225 singuli
1948 4165 2001 4210 et
2032 4156 2084 4210 in

496 4251 772 4306 communi
823 4265 1012 4305 omnes
1055 4251 1369 4321 puniuntur.
1420 4250 1555 4317 Quid
1595 4250 1757 4319 igitur
1788 4260 1913 4303 tunc
1963 4249 2083 4303 novi

499 4343 634 4398 erit?
684 4341 835 4410 Quod
896 4342 1069 4412 majus
1139 4342 1375 4397 futurtnn
1417 4341 1487 4395 sit
1542 4341 1892 4411 supplicium,
1946 4340 2086 4411 quod

498 4449 784 4490 commune
835 4443 889 4489 et.
941 4449 1046 4488 non
1100 4434 1409 4489 earumdem
1469 4450 1646 4487 rerum
1704 4450 1900 4488 causa:
1947 4448 2088 4487 nunc

500 4529 646 4581 enim
719 4526 785 4579 ad
853 4525 1287 4580 emendationem
1340 4525 1454 4578 hanc
1499 4528 1664 4585 litmt,
1723 4536 1847 4579 tunc
1910 4535 2086 4579 autem

500 4618 569 4672 ad
622 4617 880 4672 ultionem
924 4634 937 4669 :
980 4616 1122 4685 quod
1196 4616 1505 4685 signilicans
1581 4616 1778 4670 Paulus
1821 4617 2031 4671 diccbat
2072 4636 2086 4673 :

503 4706 823 4783 Corripimur
894 4722 1065 4769 nunc,
1110 4714 1164 4759 ut
1227 4722 1328 4758 non
1379 4720 1491 4757 cunt
1556 4705 1742 4758 mundo
1792 4705 2091 4759 damnentur

504 4796 752 4867 (LCor.
818 4797 906 4851 ll.
969 4795 1085 4865 δί).
1140 4797 1206 4851 Et
1265 4811 1408 4850 nunc
1449 4796 1664 4866 quidem
1719 4812 1822 4850 non
1879 4812 1943 4851 ex
1995 4813 2087 4853 su—

509 4902 677 4957 perna
734 4887 847 4953 ira,
881 4887 972 4942 sed
1014 4887 1082 4941 ab
1122 4887 1398 4942 hominum
1442 4888 1628 4957 injuria
1663 4887 1777 4942 lucc
1827 4904 1857 4943 a
1911 4890 2092 4945 multis

507 4979 755 5034 accidere
817 4987 1112 5049 putantur:
1153 4988 1278 5033 tunc
1337 4994 1465 5032 vero
1523 4979 1801 5033 manifesta
1850 4982 1953 5035 erit
2000 4982 2091 5035 Dei

509 5074 666 5135 ultio,
696 5073 911 5140 quando
939 5071 1111 5126 Judex
1142 5072 1335 5125 sedens
1370 5073 1419 5125 in
1450 5073 1729 5127 tremendo
1755 5074 1892 5127 solio
1914 5117 1928 5141 ,
1958 5075 2093 5131 alios

511 5167 576 5221 ad
632 5166 876 5219 caminos
926 5165 1063 5219 trahi
1108 5164 1349 5234 jubebit,
1395 5166 1529 5219 alios
1583 5165 1648 5219 ad
1703 5167 1953 5221 tenebras
2001 5183 2093 5221 ex-

512 5258 762 5321 teriores,
793 5256 926 5310 alios
953 5256 1016 5310 atl
1045 5256 1145 5309 alia
1180 5255 1500 5310 inevitabilia
1530 5266 1581 5310 et
1606 5257 1939 5312 intoleranda
1972 5274 2098 5328 Sup-

513 5350 687 5417 plicia.
722 5350 788 5404 Et
809 5365 905 5404 cur
930 5365 1032 5403 non
1053 5350 1131 5403 sic
1160 5359 1342 5417 aperte
1370 5348 1518 5415 dicit,
1545 5350 1736 5404 Filium
1774 5352 1863 5405 Dei
1904 5340 2119 5406 ventu?

514 5456 631 5493 rmn
658 5456 779 5497 esse
799 5457 918 5495 cum
955 5441 1253 5495 innumeris
1286 5441 1519 5510 angelis,
1551 5451 1603 5495 et
1637 5442 1898 5495 rationem
1932 5459 1961 5497 a
1988 5445 2098 5498 sin-

516 5532 655 5601 gulis
680 5536 1064 5602 repetiturum;
1105 5533 1197 5587 sed
1240 5534 1344 5598 ait,
1383 5531 1653 5585 Revelatur
1688 5534 1763 5585 ira
1794 5532 1933 5587 Dei?
1962 5534 2099 5589 Neo-

520 5625 867 5695 pliytiadhuc
921 5635 1074 5680 erant
1125 5626 1434 5690 auditores;
1486 5625 1713 5695 ideoque
1755 5625 1821 5678 ab
1861 5627 1944 5689 iis,
1978 5643 2097 5695 qua:

521 5713 738 5767 omnino
758 5716 810 5768 in
832 5716 1081 5770 confesso
1128 5726 1281 5771 erant
1321 5716 1461 5786 apud
1510 5731 1602 5770 eos
1629 5754 1642 5779 ,
1686 5716 1912 5783 primum
1953 5718 2096 5785 ipsos

2142 651 2323 707 allicit.
2358 653 2625 711 Praeterea
2668 672 2796 713 vero
2833 660 3063 729 gentiles
3100 661 3297 731 alloqui
3328 664 3455 721 mihi
3488 665 3729 731 videtur;

2145 742 2370 814 ideoque
2393 745 2516 800 hinc
2538 748 2764 814 orditur,
2801 759 2982 819 postea
3020 754 3295 808 autem‘de
3307 754 3508 822 judicio
3531 756 3731 812 Cltt'iSli

2136 852 2439 893 sermonem
2470 841 2690 897 inducit.
2729 842 2899 910 Super
2921 860 3115 898 omnem
3158 847 3466 915 impietatem
3506 859 3553 903 et
3593 851 3730 919 inju-

2137 931 2327 983 stitiam
2354 932 2636 998 hominum,
2659 936 2744 1003 qui
2768 936 3023 988 veritatem
3045 936 3096 988 in
3127 938 3381 1004 iniustitia
3411 939 3656 992 detinent.

2211 1022 2372 1076 Error
2417 1026 2619 1089 varius,
2669 1028 2851 1081 veritas
2888 1044 3011 1081 una.
3036 1058 3106 1067 —
3130 1028 3226 1083 llic
3262 1030 3498 1084 ostendit
3539 1031 3733 1086 multas

2140 1129 2261 1169 csse
2293 1116 2580 1185 impietatis
2606 1121 2718 1172 vias
2740 1161 2753 1184 ,
2778 1121 3026 1174 veritatis
3062 1131 3241 1176 autem
3303 1138 3483 1178 unam.
3522 1124 3731 1178 Etenim

2141 1208 2311 1274 varia,
2338 1209 2685 1264 multiformis
2711 1221 2765 1265 et
2810 1211 3030 1266 confusa
3074 1229 3159 1266 res
3186 1224 3269 1267 est
3298 1230 3453 1269 error
3480 1232 3493 1280 ;
3533 1221 3732 1270 veritas

2145 1309 2323 1355 autem
2356 1318 2477 1356 una.
2512 1304 2799 1374 Postquam
2847 1321 2972 1360 vero
3000 1306 3067 1361 de
3103 1306 3443 1377 dogmatibus
3472 1310 3634 1373 dixit,
3668 1312 3733 1365 de

2143 1394 2250 1448 vita
2281 1395 2542 1466 loquitur,
2574 1394 2890 1465 injustitiam
2934 1397 3211 1453 hominum
3250 1415 3578 1455 memorans.
3610 1402 3737 1456 Ete-

2147 1487 2255 1541 nim
2289 1488 2567 1557 injusdtia:
2593 1491 2751 1543 varite
2789 1501 2913 1545 sunt
2947 1509 2959 1545 :
2991 1501 3044 1545 et
3076 1492 3177 1546 alia
3217 1493 3434 1562 quidem
3463 1495 3604 1549 circa
3640 1511 3734 1564 pe-

2147 1581 2330 1634 cunias
2360 1589 2463 1644 est,
2492 1590 2548 1635 ut
2578 1596 2695 1636 cum
2728 1582 2846 1652 quis
2881 1583 2932 1636 in
2972 1584 3036 1637 iis
3065 1584 3369 1653 proximum
3416 1586 3600 1653 laedit;
3635 1588 3735 1641 alia

2148 1673 2400 1728 mulieres
2432 1682 2655 1742 spectat,
2690 1683 2748 1729 ut
2777 1674 2990 1744 quando
3015 1676 3136 1745 quis
3159 1677 3346 1731 relicta
3379 1693 3567 1743 uxore,
3601 1679 3736 1731 alte-

2148 1762 2261 1817 rius
2285 1765 2497 1833 nuptias
2522 1764 2745 1819 dirimit.
2805 1764 2917 1820 lloe
2962 1776 3108 1821 certe
3138 1766 3374 1822 fraudem
3413 1777 3566 1822 vocat
3598 1770 3736 1823 Pau-

2152 1856 2256 1917 lus,
2286 1856 2470 1911 dicens
2498 1875 2510 1910 :
2546 1856 2630 1911 Ne
2672 1858 2783 1928 quis
2828 1860 3083 1929 Opprimat
3130 1861 3207 1913 vel
3228 1861 3425 1930 fraudet
3454 1862 3505 1914 in
3533 1863 3735 1931 negotio

2154 1950 2363 2017 fratrem
2393 1950 2469 2021 (l.
2515 1949 2689 2004 Tltess.
2722 1950 2773 2004 4.
2805 1950 2881 2021 6).
2916 1951 3017 2005 Alii
3044 1967 3249 2006 rursum
3280 1969 3382 2006 non
3407 1969 3625 2008 uxorem
3651 1954 3735 2008 vel

2152 2040 2456 2111 pecuniam,
2490 2041 2583 2096 sed
2608 2041 2831 2111 gloriam
2883 2044 3112 2113 proximi
3152 2043 3479 2099 labefactant
3505 2060 3520 2097 :
3551 2055 3606 2099 et
3637 2045 3740 2099 hoe

2156 2131 2413 2200 injustitia
2441 2141 2542 2186 est.
2579 2132 2711 2187 Nam
2742 2132 2930 2187 Melius
2977 2144 3048 2188 est
3093 2151 3275 2189 nomen
3339 2135 3545 2198 bonum,
3591 2153 3743 2205 quant

2158 2222 2345 2277 divitia:
2369 2224 2540 2277 multa!
2572 2222 2754 2294 (Prov.
2781 2224 2872 2277 29..
2906 2224 2983 2294 l.)
3026 2225 3252 2292 Quidam
3284 2241 3412 2279 vero
3442 2226 3744 2280 dicuntiioc

2158 2330 2368 2384 quoque
2413 2315 2481 2369 de
2526 2316 2864 2384 dogmatibus
2909 2332 2937 2371 a
2990 2316 3156 2371 Paulo
3195 2316 3454 2386 intelligi:
3492 2326 3744 2371 cancrum

2160 2405 2289 2459 nihil
2321 2416 2465 2461 vetat
2496 2407 2561 2461 de
2589 2416 2815 2477 utroque
2840 2407 3040 2462 dictum
3067 2408 3255 2463 fuisse.
3286 2408 3425 2474 Quid
3453 2417 3631 2463 autem
3655 2409 3742 2474 sit,

2172 2497 2443 2552 Veritatem
2468 2501 2520 2552 in
2545 2500 2795 2570 injustitia
2818 2500 3064 2565 detinent,
3104 2515 3169 2555 ex
3197 2502 3548 2570 sequentibus
3571 2501 3743 2555 disce.

2164 2592 2250 2647 19.
2281 2593 2412 2659 Quia
2432 2595 2567 2660 quod
2593 2606 2770 2647 notum
2819 2604 2890 2647 est
2911 2594 3028 2660 Dei,
3071 2597 3399 2666 manifestum
3437 2603 3509 2647 est
3530 2596 3583 2646 in
3604 2592 3706 2646 illis
3732 2609 3748 2645 :

2164 2682 2303 2738 Dens
2332 2686 2462 2738 enim
2492 2685 2597 2739 illis
2624 2688 2985 2756 manifestavit.
3026 2685 3131 2742 Sed
3164 2688 3301 2742 hanc
3349 2686 3574 2756 gloriam
3597 2686 3750 2757 lignis

2165 2776 2525 2831 attribuerunt
2548 2788 2596 2831 et
2630 2778 2915 2847 lapidibus.

2234 2869 2289 2923 2.
2324 2869 2526 2923 Natura
2556 2870 2665 2941 ipsa
2687 2872 2926 2940 prwdical
2953 2870 3260 2925 Creatorem.
3293 2901 3362 2910 —
3388 2870 3753 2938 Quemadmo-

2168 2960 2291 3015 dum
2318 2962 2477 3032 igitur
2507 2964 2572 3028 is,
2603 2964 2687 3017 cui
2720 2964 2875 3033 regire
2908 2965 3147 3033 pecunia:
3178 2963 3395 3018 credita:
3445 2972 3590 3029 sunt,
3629 2966 3750 3033 jus.

2170 3069 2260 3107 sus
2286 3055 2402 3107 illas
2433 3054 2484 3108 in
2508 3055 2649 3124 regis
2700 3054 2922 3124 gloriam
2976 3054 3310 3124 impendere,
3337 3056 3381 3109 si
3411 3055 3460 3109 in
3493 3055 3635 3110 fures
3661 3096 3674 3119 ,
3703 3055 3753 3108 in

2172 3158 2346 3201 scorta
2372 3156 2425 3202 et
2452 3150 2500 3201 in
2533 3149 2948 3218 pra-stigiatores
2972 3148 3089 3202 illas
3118 3147 3457 3217 impenderit,
3477 3163 3648 3217 exque
3672 3164 3758 3201 re-

2172 3242 2272 3310 giis
2302 3242 2489 3309 opibus
2517 3241 2826 3310 Splendidos
2855 3241 2975 3295 illos
2996 3240 3307 3302 reddiderit,
3346 3250 3612 3309 tamquam
3670 3239 3758 3309 qui

2176 3331 2407 3384 maxime
2446 3346 2622 3399 regem
2653 3330 2955 3394 olfenderit,
3001 3345 3187 3400 poenas
3215 3330 3341 3383 dat:
3375 3330 3445 3383 ita
3474 3338 3525 3383 et
3558 3330 3606 3380 hi
3638 3344 3757 3382 cum

2176 3423 2417 3475 notitiam
2475 3422 2563 3475 Dei
2615 3422 2875 3491 etgloria:
2898 3422 3013 3492 ejus
3044 3422 3416 3491 accepissent,
3462 3419 3763 3488 dcindeque

2180 3511 2336 3565 idolis
2358 3512 2498 3564 illam
2527 3512 2918 3578 attribuissent,
2954 3514 3231 3567 veritatem
3261 3512 3311 3566 in
3337 3512 3595 3582 injustitia
3629 3511 3765 3565 deti—

2180 3614 2432 3665 nuerunt,
2463 3612 2535 3666 et,
2567 3614 2825 3673 qttantum
2859 3605 2911 3658 in
2944 3605 3073 3675 ipsis
3125 3614 3261 3671 erat,
3294 3603 3654 3673 cognitionem
3686 3603 3765 3655 in-

2176 3695 2312 3765 juria
2340 3696 2633 3752 alTeCerunt
2658 3739 2672 3760 ,
2707 3713 2811 3752 non
2842 3707 2896 3751 ut
2926 3713 3020 3766 par
3055 3706 3169 3751 erat
3199 3698 3286 3750 illa
3308 3706 3538 3751 utentes.
3573 3697 3651 3750 An
3682 3711 3769 3747 vo-

2182 3788 2263 3842 bis
2292 3788 2496 3842 clarum
2518 3797 2601 3844 est
2629 3789 2677 3843 id
2703 3831 2718 3856 ,
2748 3789 2889 3859 quod
2912 3789 3108 3843 dictum
3137 3787 3255 3854 fuit,
3278 3804 3345 3842 an
3373 3789 3567 3843 clarius
3593 3787 3768 3841 denuo

2184 3881 2559 3949 explicandum
2611 3881 2744 3935 est?
2798 3880 2958 3935 Forte
3002 3881 3364 3935 necessarium
3420 3879 3583 3934 fuerit
3628 3880 3767 3933 ultra

2186 3972 2459 4041 progredi.
2493 3972 2627 4038 Quid
2660 3986 2788 4041 ergo
2819 3981 2901 4025 est
2932 3971 3082 4035 illud,
3114 3971 3255 4041 quod
3278 3970 3474 4025 dicitur
3501 3970 3524 4023 ?
3572 3968 3771 4039 Cogni-

2188 4064 2385 4117 tionem
2429 4064 2509 4117 sui
2556 4064 2695 4117 Deus
2736 4061 3044 4117 hominibus
3067 4078 3094 4115 a
3118 4063 3382 4133 principio
3413 4061 3640 4123 indidit;
3676 4060 3769 4113 sed

2189 4154 2330 4208 illam
2352 4154 2709 4224 cognitionem
2754 4153 2982 4224 gentiles
3034 4154 3191 4223 lignis
3219 4162 3274 4207 et
3306 4153 3572 4222 lapidibus
3622 4151 3773 4205 attri-

2189 4246 2413 4300 buentcs
2441 4285 2456 4309 ,
2506 4245 2817 4308 veritatem,
2873 4254 3132 4314 quantum
3175 4244 3227 4296 in
3256 4243 3386 4313 ipsis
3436 4243 3550 4309 fuit,
3583 4241 3773 4311 injuria

2190 4337 2522 4392 affecerunt:
2576 4335 2664 4389 illa
2694 4336 2837 4390 enim
2881 4334 3227 4389 immutabilis
3276 4342 3494 4398 manet,
3551 4333 3772 4402 gloriam

2189 4444 2338 4482 suam
2372 4427 2575 4481 habens
2598 4427 2897 4480 immotam.
2922 4426 2987 4479 Et
3014 4425 3152 4479 unde
3175 4433 3359 4478 notum
3384 4433 3487 4487 est,
3517 4439 3549 4476 o
3573 4422 3731 4478 l‘aule
3756 4463 3774 4489 ,

2191 4519 2331 4589 quod
2366 4521 2503 4573 Deus
2526 4519 2656 4590 ipsis
2681 4519 3040 4589 cognitionem
3071 4516 3363 4571 indiderit?
3394 4516 3550 4583 Quia,
3578 4515 3773 4583 inquit,

2192 4612 2325 4683 quod
2374 4622 2547 4667 notum
2575 4621 2648 4666 est
2680 4612 2793 4681 ejus
2814 4652 2829 4677 ,
2877 4611 3201 4682 manifestum
3228 4617 3301 4661 est
3327 4608 3380 4661 in
3407 4608 3534 4661 illis.
3580 4608 3647 4660 At
3678 4606 3780 4660 hoc

2193 4706 2455 4760 sententia
2488 4713 2591 4770 est,
2640 4718 2745 4759 non
2783 4702 3191 4765 demonstratio;
3228 4711 3281 4753 tu
3308 4716 3439 4753 vero
3466 4699 3593 4753 mihi
3616 4698 3780 4766 proba

2196 4809 2250 4855 et
2277 4798 2521 4863 ostende,
2548 4797 2907 4866 cognitionem
2935 4795 3027 4848 Dei
3073 4792 3410 4847 manifestam
3438 4793 3598 4847 fuisse
3627 4792 3729 4845 illis
3764 4831 3779 4858 ,

2197 4891 2289 4945 sed
2320 4900 2510 4959 sponte
2541 4890 2662 4943 illos
2681 4888 3118 4959 praetermisisse.
3149 4885 3305 4942 Unde
3332 4900 3462 4955 ergo
3504 4885 3777 4938 manifesti

2198 4982 2352 5038 erat?
2378 4996 2637 5035 vocemne
2664 4980 2768 5033 illis
2797 4979 2975 5034 emisit
3000 4979 3023 5031 ?
3056 4978 3271 5032 Minime
3302 4994 3317 5032 :
3366 4990 3550 5030 verum
3584 4974 3633 5029 id
3656 4974 3783 5029 effe-

2199 5075 2294 5141 cit,
2327 5074 2468 5143 quod
2502 5074 2669 5142 magis
2702 5073 2819 5126 illos
2858 5088 3020 5144 quam
3064 5087 3164 5124 vox
3216 5069 3469 5141 quadibet
3516 5068 3788 5123 attrahere

2201 5174 2445 5235 poterat:
2475 5172 2709 5219 creatum
2740 5165 2925 5219 orbem
2954 5165 3005 5218 in
3033 5164 3206 5217 medio
3250 5163 3462 5231 posuit:
3496 5162 3565 5216 ita
3598 5171 3655 5214 ut
3697 5178 3785 5215 sa-

2203 5261 2372 5329 piens,
2404 5258 2587 5322 idiota,
2618 5257 2812 5328 Scytha
2840 5300 2854 5322 ,
2886 5257 3146 5311 barbarus
3171 5272 3233 5310 ex
3264 5256 3381 5309 solo
3428 5257 3546 5308 visu
3597 5254 3785 5307 visibi-

2204 5353 2330 5407 lium
2362 5351 2811 5421 pulchritudinem
2839 5351 3060 5405 edoctus
3081 5391 3094 5415 ,
3128 5350 3191 5401 ad
3225 5349 3388 5403 Deum
3418 5347 3788 5401 conscendere

2204 5452 2405 5512 posset.
2431 5442 2557 5497 Ideo
2578 5443 2653 5495 ait
2687 5461 2700 5497 :
2744 5441 2836 5495 ΞΟ.
2864 5439 3149 5495 Invisibilia
3187 5441 3316 5492 enim
3361 5440 3543 5508 ipsius,
3585 5455 3615 5490 a
3645 5452 3781 5491 crea-

2205 5546 2317 5589 tura
2362 5536 2557 5601 mundi,
2614 5551 2702 5603 per
2733 5549 2791 5587 ea
2821 5549 2932 5603 quw
2957 5533 3092 5601 [aeta
3121 5540 3235 5584 sunt
3262 5531 3513 5583 intellecta
3532 5571 3547 5595 ,
3580 5530 3785 5596 conspi-

2204 5630 2410 5682 ciuntur
2439 5645 2455 5691 ;
2510 5627 2650 5695 quod
2703 5627 2865 5681 etiam
2898 5624 3152 5693 propheta
3186 5624 3314 5676 dicit
3342 5642 3354 5677 :
3382 5622 3505 5676 (Σιειὶ
3550 5628 3787 5675 enarrant

2206 5719 2419 5788 gloriam
2452 5716 2545 5769 Dei
2574 5717 2592 5786 (
2629 5714 2773 5770 Psal.
2810 5715 2891 5770 18.
2920 5716 2943 5769 1
2979 5715 3020 5787 ).
3055 5712 3190 5780 Quid
3240 5714 3381 5766 enim
3412 5711 3590 5766 dicent
3626 5712 3676 5765 in
3697 5707 3781 5763 illa
