  <div class='ocr_page' id='page_1' title='image "/cluster/home/n/w/nwhite01/storage/ocr_20150623/60/mdp.39015028539453/414.png"; bbox 0 0 4122 6150; ppageno 0'>
   <div class='ocr_carea' id='block_1_1' title="bbox 1486 348 2547 411">
    <p class='ocr_par' dir='ltr' id='par_1_1' title="bbox 1486 348 2547 411">
     <span class='ocr_line' id='line_1_1' title="bbox 1486 348 2547 411; baseline -0.007 0"><span class='ocrx_word' id='word_1_1' title='bbox 1486 354 1558 411; x_wconf 77' lang='lat' dir='ltr'>IN</span> <span class='ocrx_word' id='word_1_2' title='bbox 1592 352 1811 411; x_wconf 83' lang='lat' dir='ltr'>EPIST.</span> <span class='ocrx_word' id='word_1_3' title='bbox 1852 353 1948 408; x_wconf 83' lang='lat' dir='ltr'>AD</span> <span class='ocrx_word' id='word_1_4' title='bbox 1975 350 2145 410; x_wconf 67' lang='grc' dir='ltr'>ΗΘΜ.</span> <span class='ocrx_word' id='word_1_5' title='bbox 2186 348 2417 408; x_wconf 68' lang='grc' dir='ltr'>ΠΟΜΙῙ..</span> <span class='ocrx_word' id='word_1_6' title='bbox 2459 348 2547 405; x_wconf 67' lang='lat' dir='ltr'>Ill.</span> 
     </span>
    </p>
   </div>
   <div class='ocr_carea' id='block_1_2' title="bbox 3626 338 3730 397">
    <p class='ocr_par' dir='ltr' id='par_1_2' title="bbox 3626 338 3730 397">
     <span class='ocr_line' id='line_1_2' title="bbox 3626 338 3730 397; baseline 0.019 -2"><span class='ocrx_word' id='word_1_7' title='bbox 3626 338 3730 397; x_wconf 62' lang='grc' dir='ltr'><strong>ΗΞ</strong></span> 
     </span>
    </p>
   </div>
   <div class='ocr_carea' id='block_1_3' title="bbox 2592 507 3586 518">
    <p class='ocr_par' dir='ltr' id='par_1_3' title="bbox 2592 507 3586 518">
     <span class='ocr_line' id='line_1_3' title="bbox 2592 507 3586 518; baseline -0.005 -2"><span class='ocrx_word' id='word_1_8' title='bbox 2592 507 3496 518; x_wconf 56' lang='grc' dir='ltr'>..πμ-Μ</span> <span class='ocrx_word' id='word_1_9' title='bbox 3502 507 3586 518; x_wconf 55' lang='grc' dir='ltr'>..ο</span> 
     </span>
    </p>
   </div>
   <div class='ocr_carea' id='block_1_4' title="bbox 1853 629 2218 684">
    <p class='ocr_par' dir='ltr' id='par_1_4' title="bbox 1853 629 2218 684">
     <span class='ocr_line' id='line_1_4' title="bbox 1853 629 2218 684; baseline -0.003 0"><span class='ocrx_word' id='word_1_10' title='bbox 1853 630 2102 684; x_wconf 78' lang='lat' dir='ltr'>OMIMA</span> <span class='ocrx_word' id='word_1_11' title='bbox 2141 629 2218 683; x_wconf 79' lang='lat' dir='ltr'>I&quot;.</span> 
     </span>
    </p>
   </div>
   <div class='ocr_carea' id='block_1_5' title="bbox 302 720 1966 805">
    <p class='ocr_par' dir='ltr' id='par_1_5' title="bbox 302 720 1966 805">
     <span class='ocr_line' id='line_1_5' title="bbox 302 720 1966 805; baseline -0.014 -10"><span class='ocrx_word' id='word_1_12' title='bbox 302 735 809 796; x_wconf 61' lang='grc' dir='ltr'>Ἀποκαλύπτεται</span> <span class='ocrx_word' id='word_1_13' title='bbox 831 731 1110 805; x_wconf 19' lang='grc' dir='ltr'>γὰρᾼόρπὴ</span> <span class='ocrx_word' id='word_1_14' title='bbox 1143 728 1291 805; x_wconf 69' lang='grc' dir='ltr'>Θεοῦ</span> <span class='ocrx_word' id='word_1_15' title='bbox 1316 727 1418 805; x_wconf 50' lang='grc' dir='ltr'>ἀπ)</span> <span class='ocrx_word' id='word_1_16' title='bbox 1444 722 1707 805; x_wconf 62' lang='lat' dir='ltr'>apparat”)</span> <span class='ocrx_word' id='word_1_17' title='bbox 1731 720 1829 801; x_wconf 59' lang='grc' dir='ltr'>ἐπὶ</span> <span class='ocrx_word' id='word_1_18' title='bbox 1852 720 1966 804; x_wconf 75' lang='grc' dir='ltr'>πᾷ-</span> 
     </span>
    </p>
   </div>
   <div class='ocr_carea' id='block_1_6' title="bbox 362 790 1971 865">
    <p class='ocr_par' dir='ltr' id='par_1_6' title="bbox 362 790 1971 865">
     <span class='ocr_line' id='line_1_6' title="bbox 362 790 1971 865; baseline -0.012 -3"><span class='ocrx_word' id='word_1_19' title='bbox 362 790 484 863; x_wconf 57' lang='lat'>3&amp;5-</span> <span class='ocrx_word' id='word_1_20' title='bbox 521 790 814 860; x_wconf 71' lang='grc' dir='ltr'>ἀσέϐειαν</span> <span class='ocrx_word' id='word_1_21' title='bbox 837 790 965 856; x_wconf 66' lang='grc' dir='ltr'>’καί</span> <span class='ocrx_word' id='word_1_22' title='bbox 990 790 1257 856; x_wconf 77' lang='grc' dir='ltr'>’ἇδὶκίαν</span> <span class='ocrx_word' id='word_1_23' title='bbox 1305 790 1633 865; x_wconf 64' lang='grc' dir='ltr'>ἀνθρώπων</span> <span class='ocrx_word' id='word_1_24' title='bbox 1685 790 1805 845; x_wconf 86' lang='grc' dir='ltr'>τῶν</span> <span class='ocrx_word' id='word_1_25' title='bbox 1855 791 1971 859; x_wconf 77' lang='grc' dir='ltr'>τὴν</span> 
     </span>
    </p>
   </div>
   <div class='ocr_carea' id='block_1_7' title="bbox 365 870 1404 943">
    <p class='ocr_par' dir='ltr' id='par_1_7' title="bbox 365 870 1404 943">
     <span class='ocr_line' id='line_1_7' title="bbox 365 870 1404 943; baseline -0.012 -10"><span class='ocrx_word' id='word_1_26' title='bbox 365 875 654 943; x_wconf 74' lang='grc' dir='ltr'>ἀλήθειαν</span> <span class='ocrx_word' id='word_1_27' title='bbox 681 873 752 927; x_wconf 78' lang='grc' dir='ltr'>ἐν</span> <span class='ocrx_word' id='word_1_28' title='bbox 784 872 983 938; x_wconf 78' lang='grc' dir='ltr'>ἀδικίᾳ</span> <span class='ocrx_word' id='word_1_29' title='bbox 1010 870 1404 938; x_wconf 80' lang='grc' dir='ltr'>κατεχόντων.</span> 
     </span>
    </p>
   </div>
   <div class='ocr_carea' id='block_1_8' title="bbox 366 960 1971 1048">
    <p class='ocr_par' dir='ltr' id='par_1_8' title="bbox 366 960 1971 1048">
     <span class='ocr_line' id='line_1_8' title="bbox 366 960 1971 1048; baseline -0.011 -17"><span class='ocrx_word' id='word_1_30' title='bbox 366 977 586 1048; x_wconf 84' lang='grc' dir='ltr'>α’.”ορα</span> <span class='ocrx_word' id='word_1_31' title='bbox 600 975 699 1045; x_wconf 85' lang='grc' dir='ltr'>τὴν</span> <span class='ocrx_word' id='word_1_32' title='bbox 715 971 928 1027; x_wconf 88' lang='grc' dir='ltr'>Παύλου</span> <span class='ocrx_word' id='word_1_33' title='bbox 953 969 1189 1033; x_wconf 89' lang='grc' dir='ltr'>σύνεσιν,</span> <span class='ocrx_word' id='word_1_34' title='bbox 1207 966 1325 1031; x_wconf 84' lang='grc' dir='ltr'>πῶς</span> <span class='ocrx_word' id='word_1_35' title='bbox 1339 964 1447 1020; x_wconf 77' lang='grc' dir='ltr'>ἀπὸ</span> <span class='ocrx_word' id='word_1_36' title='bbox 1464 963 1575 1017; x_wconf 88' lang='grc' dir='ltr'>τῶν</span> <span class='ocrx_word' id='word_1_37' title='bbox 1592 960 1971 1035; x_wconf 84' lang='grc' dir='ltr'>χρηστοτέρων</span> 
     </span>
    </p>
   </div>
   <div class='ocr_carea' id='block_1_9' title="bbox 298 1046 1972 1139">
    <p class='ocr_par' dir='ltr' id='par_1_9' title="bbox 298 1046 1972 1139">
     <span class='ocr_line' id='line_1_9' title="bbox 298 1046 1972 1139; baseline -0.013 -18"><span class='ocrx_word' id='word_1_38' title='bbox 298 1046 637 1139; x_wconf 61' lang='grc' dir='ltr'>προτρέψας,</span> <span class='ocrx_word' id='word_1_39' title='bbox 665 1060 759 1115; x_wconf 72' lang='grc' dir='ltr'>ἐπὶ</span> <span class='ocrx_word' id='word_1_40' title='bbox 785 1060 855 1115; x_wconf 87' lang='grc' dir='ltr'>τά</span> <span class='ocrx_word' id='word_1_41' title='bbox 881 1057 1232 1129; x_wconf 86' lang='grc' dir='ltr'>φοϐερώτερα</span> <span class='ocrx_word' id='word_1_42' title='bbox 1253 1053 1446 1125; x_wconf 78' lang='grc' dir='ltr'>τρέπει</span> <span class='ocrx_word' id='word_1_43' title='bbox 1472 1052 1562 1105; x_wconf 80' lang='grc' dir='ltr'>τὸν</span> <span class='ocrx_word' id='word_1_44' title='bbox 1584 1050 1763 1119; x_wconf 83' lang='grc' dir='ltr'>λόγον.</span> <span class='ocrx_word' id='word_1_45' title='bbox 1787 1046 1972 1102; x_wconf 81' lang='grc' dir='ltr'>Εἰπὼν</span> 
     </span>
    </p>
   </div>
   <div class='ocr_carea' id='block_1_10' title="bbox 298 1134 1973 1226">
    <p class='ocr_par' dir='ltr' id='par_1_10' title="bbox 298 1134 1973 1226">
     <span class='ocr_line' id='line_1_10' title="bbox 298 1134 1973 1226; baseline -0.013 -17"><span class='ocrx_word' id='word_1_46' title='bbox 298 1134 525 1226; x_wconf 76' lang='grc' dir='ltr'>γάρ,δτι</span> <span class='ocrx_word' id='word_1_47' title='bbox 547 1148 819 1221; x_wconf 73' lang='grc' dir='ltr'>σωτηρίας</span> <span class='ocrx_word' id='word_1_48' title='bbox 840 1148 1014 1201; x_wconf 87' lang='grc' dir='ltr'>αίτιον</span> <span class='ocrx_word' id='word_1_49' title='bbox 1028 1144 1090 1198; x_wconf 82' lang='lat'>:6</span> <span class='ocrx_word' id='word_1_50' title='bbox 1113 1141 1548 1212; x_wconf 82' lang='grc' dir='ltr'>Εὑαγγέλιον,ὅτι</span> <span class='ocrx_word' id='word_1_51' title='bbox 1565 1138 1819 1208; x_wconf 78' lang='grc' dir='ltr'>ζωῆς,δτι</span> <span class='ocrx_word' id='word_1_52' title='bbox 1837 1134 1973 1189; x_wconf 91' lang='grc' dir='ltr'>Θεοῦ</span> 
     </span>
    </p>
   </div>
   <div class='ocr_carea' id='block_1_11' title="bbox 299 1223 1976 1308">
    <p class='ocr_par' dir='ltr' id='par_1_11' title="bbox 299 1223 1976 1308">
     <span class='ocr_line' id='line_1_11' title="bbox 299 1223 1976 1308; baseline -0.011 -14"><span class='ocrx_word' id='word_1_53' title='bbox 299 1223 551 1308; x_wconf 79' lang='grc' dir='ltr'>δύναμις,</span> <span class='ocrx_word' id='word_1_54' title='bbox 576 1239 658 1291; x_wconf 84' lang='grc' dir='ltr'>ὅτι</span> <span class='ocrx_word' id='word_1_55' title='bbox 690 1234 964 1306; x_wconf 74' lang='grc' dir='ltr'>σωτηρίας</span> <span class='ocrx_word' id='word_1_56' title='bbox 996 1232 1090 1286; x_wconf 76' lang='grc' dir='ltr'>καὶ</span> <span class='ocrx_word' id='word_1_57' title='bbox 1111 1228 1456 1298; x_wconf 75' lang='grc' dir='ltr'>δικαιοσύνης</span> <span class='ocrx_word' id='word_1_58' title='bbox 1476 1225 1812 1308; x_wconf 53' lang='grc' dir='ltr'>ποιητικὸν,υ</span> <span class='ocrx_word' id='word_1_59' title='bbox 1824 1223 1976 1308; x_wconf 65' lang='grc' dir='ltr'>λέγει</span> 
     </span>
    </p>
   </div>
   <div class='ocr_carea' id='block_1_12' title="bbox 301 1302 1976 1390">
    <p class='ocr_par' dir='ltr' id='par_1_12' title="bbox 301 1302 1976 1390">
     <span class='ocr_line' id='line_1_12' title="bbox 301 1302 1976 1390; baseline -0.013 -14"><span class='ocrx_word' id='word_1_60' title='bbox 301 1323 400 1377; x_wconf 75' lang='grc' dir='ltr'>καὶ</span> <span class='ocrx_word' id='word_1_61' title='bbox 431 1302 502 1375; x_wconf 74' lang='grc' dir='ltr'>τά</span> <span class='ocrx_word' id='word_1_62' title='bbox 526 1319 761 1390; x_wconf 80' lang='grc' dir='ltr'>φοϐῆσαι</span> <span class='ocrx_word' id='word_1_63' title='bbox 783 1302 1059 1385; x_wconf 81' lang='grc' dir='ltr'>δυνάμενα</span> <span class='ocrx_word' id='word_1_64' title='bbox 1086 1312 1214 1374; x_wconf 77' lang='grc' dir='ltr'>τοὺς</span> <span class='ocrx_word' id='word_1_65' title='bbox 1242 1311 1302 1365; x_wconf 83' lang='grc' dir='ltr'>οὐ</span> <span class='ocrx_word' id='word_1_66' title='bbox 1333 1308 1719 1381; x_wconf 82' lang='grc' dir='ltr'>προσέχοντας.</span> <span class='ocrx_word' id='word_1_67' title='bbox 1760 1302 1976 1373; x_wconf 80' lang='grc' dir='ltr'>Ἐπειδὴ</span> 
     </span>
    </p>
   </div>
   <div class='ocr_carea' id='block_1_13' title="bbox 301 1392 1978 1481">
    <p class='ocr_par' dir='ltr' id='par_1_13' title="bbox 301 1392 1978 1481">
     <span class='ocr_line' id='line_1_13' title="bbox 301 1392 1978 1481; baseline -0.011 -17"><span class='ocrx_word' id='word_1_68' title='bbox 301 1410 415 1481; x_wconf 81' lang='grc' dir='ltr'>γάρ</span> <span class='ocrx_word' id='word_1_69' title='bbox 442 1409 518 1474; x_wconf 82' lang='grc' dir='ltr'>ὡς</span> <span class='ocrx_word' id='word_1_70' title='bbox 551 1408 621 1462; x_wconf 86' lang='grc' dir='ltr'>τὰ</span> <span class='ocrx_word' id='word_1_71' title='bbox 653 1405 828 1460; x_wconf 87' lang='grc' dir='ltr'>πολλά</span> <span class='ocrx_word' id='word_1_72' title='bbox 865 1403 974 1456; x_wconf 84' lang='grc' dir='ltr'>τῶν</span> <span class='ocrx_word' id='word_1_73' title='bbox 1015 1400 1318 1472; x_wconf 79' lang='grc' dir='ltr'>ἀνθρώπων</span> <span class='ocrx_word' id='word_1_74' title='bbox 1346 1400 1397 1451; x_wconf 67' lang='lat' dir='ltr'>of.</span> <span class='ocrx_word' id='word_1_75' title='bbox 1443 1396 1661 1460; x_wconf 84' lang='grc' dir='ltr'>πλείους</span> <span class='ocrx_word' id='word_1_76' title='bbox 1703 1396 1804 1465; x_wconf 76' lang='grc' dir='ltr'>οὐχ</span> <span class='ocrx_word' id='word_1_77' title='bbox 1833 1392 1978 1447; x_wconf 85' lang='grc' dir='ltr'>οῦτω</span> 
     </span>
    </p>
   </div>
   <div class='ocr_carea' id='block_1_14' title="bbox 305 1478 1978 1567">
    <p class='ocr_par' dir='ltr' id='par_1_14' title="bbox 305 1478 1978 1567">
     <span class='ocr_line' id='line_1_14' title="bbox 305 1478 1978 1567; baseline -0.011 -18"><span class='ocrx_word' id='word_1_78' title='bbox 305 1478 508 1567; x_wconf 36' lang='grc' dir='ltr'>’τῇ-τῶν</span> <span class='ocrx_word' id='word_1_79' title='bbox 535 1492 789 1565; x_wconf 83' lang='grc' dir='ltr'>χρηστῶν</span> <span class='ocrx_word' id='word_1_80' title='bbox 816 1488 1142 1558; x_wconf 79' lang='grc' dir='ltr'>ἐπαγγελίᾳ,</span> <span class='ocrx_word' id='word_1_81' title='bbox 1171 1486 1247 1551; x_wconf 88' lang='grc' dir='ltr'>ὼς</span> <span class='ocrx_word' id='word_1_82' title='bbox 1293 1484 1371 1555; x_wconf 81' lang='grc' dir='ltr'>τῷ</span> <span class='ocrx_word' id='word_1_83' title='bbox 1400 1483 1552 1554; x_wconf 81' lang='grc' dir='ltr'>φόϐῳ</span> <span class='ocrx_word' id='word_1_84' title='bbox 1576 1482 1685 1534; x_wconf 84' lang='grc' dir='ltr'>τῶν</span> <span class='ocrx_word' id='word_1_85' title='bbox 1717 1478 1978 1550; x_wconf 78' lang='grc' dir='ltr'>λυπηρῶν</span> 
     </span>
    </p>
   </div>
   <div class='ocr_carea' id='block_1_15' title="bbox 306 1566 1978 1654">
    <p class='ocr_par' dir='ltr' id='par_1_15' title="bbox 306 1566 1978 1654">
     <span class='ocr_line' id='line_1_15' title="bbox 306 1566 1978 1654; baseline -0.013 -17"><span class='ocrx_word' id='word_1_86' title='bbox 306 1566 447 1654; x_wconf 78' lang='grc' dir='ltr'>πρὸς</span> <span class='ocrx_word' id='word_1_87' title='bbox 481 1582 582 1653; x_wconf 84' lang='grc' dir='ltr'>τὴν</span> <span class='ocrx_word' id='word_1_88' title='bbox 609 1579 810 1652; x_wconf 82' lang='grc' dir='ltr'>ἀρετὴν</span> <span class='ocrx_word' id='word_1_89' title='bbox 833 1578 1108 1642; x_wconf 71' lang='grc' dir='ltr'>ἕλκονται,</span> <span class='ocrx_word' id='word_1_90' title='bbox 1133 1572 1475 1645; x_wconf 77' lang='grc' dir='ltr'>ἑκατέρωθεν</span> <span class='ocrx_word' id='word_1_91' title='bbox 1508 1570 1706 1631; x_wconf 76' lang='grc' dir='ltr'>αὐτοὺς</span> <span class='ocrx_word' id='word_1_92' title='bbox 1739 1566 1978 1619; x_wconf 76' lang='grc' dir='ltr'>ἐπισπᾶ-</span> 
     </span>
    </p>
   </div>
   <div class='ocr_carea' id='block_1_16' title="bbox 304 1650 1980 1738">
    <p class='ocr_par' dir='ltr' id='par_1_16' title="bbox 304 1650 1980 1738">
     <span class='ocr_line' id='line_1_16' title="bbox 304 1650 1980 1738; baseline -0.012 -14"><span class='ocrx_word' id='word_1_93' title='bbox 304 1650 425 1727; x_wconf 78' lang='grc' dir='ltr'>ται.</span> <span class='ocrx_word' id='word_1_94' title='bbox 461 1650 562 1723; x_wconf 84' lang='grc' dir='ltr'>Διά</span> <span class='ocrx_word' id='word_1_95' title='bbox 588 1650 746 1722; x_wconf 84' lang='grc' dir='ltr'>τοῦτο</span> <span class='ocrx_word' id='word_1_96' title='bbox 776 1664 930 1738; x_wconf 64' lang='grc' dir='ltr'>[με]</span> <span class='ocrx_word' id='word_1_97' title='bbox 971 1665 1067 1719; x_wconf 71' lang='grc' dir='ltr'>καὶ</span> <span class='ocrx_word' id='word_1_98' title='bbox 1104 1665 1133 1715; x_wconf 98' lang='lat'>6</span> <span class='ocrx_word' id='word_1_99' title='bbox 1160 1660 1292 1723; x_wconf 80' lang='grc' dir='ltr'>Θεὸς</span> <span class='ocrx_word' id='word_1_100' title='bbox 1319 1659 1381 1712; x_wconf 82' lang='grc' dir='ltr'>οὐ</span> <span class='ocrx_word' id='word_1_101' title='bbox 1410 1656 1687 1728; x_wconf 85' lang='grc' dir='ltr'>βασιλείαν</span> <span class='ocrx_word' id='word_1_102' title='bbox 1717 1650 1980 1724; x_wconf 64' lang='grc' dir='ltr'>ἐπηγγεί-</span> 
     </span>
    </p>
   </div>
   <div class='ocr_carea' id='block_1_17' title="bbox 308 1741 1981 1826">
    <p class='ocr_par' dir='ltr' id='par_1_17' title="bbox 308 1741 1981 1826">
     <span class='ocr_line' id='line_1_17' title="bbox 308 1741 1981 1826; baseline -0.013 -14"><span class='ocrx_word' id='word_1_103' title='bbox 308 1758 443 1812; x_wconf 86' lang='grc' dir='ltr'>λατο</span> <span class='ocrx_word' id='word_1_104' title='bbox 466 1757 645 1826; x_wconf 87' lang='grc' dir='ltr'>μόνον,</span> <span class='ocrx_word' id='word_1_105' title='bbox 667 1753 802 1809; x_wconf 83' lang='grc' dir='ltr'>ἀλλὰ</span> <span class='ocrx_word' id='word_1_106' title='bbox 825 1753 921 1806; x_wconf 76' lang='grc' dir='ltr'>καὶ</span> <span class='ocrx_word' id='word_1_107' title='bbox 945 1752 1168 1820; x_wconf 76' lang='grc' dir='ltr'>γέενναν</span> <span class='ocrx_word' id='word_1_108' title='bbox 1186 1746 1454 1819; x_wconf 77' lang='grc' dir='ltr'>ἠπείλησε</span> <span class='ocrx_word' id='word_1_109' title='bbox 1468 1762 1484 1777; x_wconf 81' lang='grc' dir='ltr'><strong><em>ο</em></strong></span> <span class='ocrx_word' id='word_1_110' title='bbox 1513 1743 1608 1797; x_wconf 71' lang='grc' dir='ltr'>καὶ</span> <span class='ocrx_word' id='word_1_111' title='bbox 1627 1744 1678 1795; x_wconf 88' lang='grc' dir='ltr'>οἰ</span> <span class='ocrx_word' id='word_1_112' title='bbox 1704 1741 1981 1812; x_wconf 81' lang='grc' dir='ltr'>προφῆται</span> 
     </span>
    </p>
   </div>
   <div class='ocr_carea' id='block_1_18' title="bbox 308 1826 1981 1909">
    <p class='ocr_par' dir='ltr' id='par_1_18' title="bbox 308 1826 1981 1909">
     <span class='ocr_line' id='line_1_18' title="bbox 308 1826 1981 1909; baseline -0.013 -10"><span class='ocrx_word' id='word_1_113' title='bbox 308 1846 368 1898; x_wconf 78' lang='grc' dir='ltr'>δέ</span> <span class='ocrx_word' id='word_1_114' title='bbox 397 1848 508 1909; x_wconf 87' lang='grc' dir='ltr'>τοῖς</span> <span class='ocrx_word' id='word_1_115' title='bbox 547 1842 822 1905; x_wconf 84' lang='grc' dir='ltr'>Ἰουδαίοις</span> <span class='ocrx_word' id='word_1_116' title='bbox 840 1840 983 1895; x_wconf 76' lang='grc' dir='ltr'>οὕτω</span> <span class='ocrx_word' id='word_1_117' title='bbox 1003 1837 1324 1906; x_wconf 80' lang='grc' dir='ltr'>διελέγοντο,</span> <span class='ocrx_word' id='word_1_118' title='bbox 1346 1833 1415 1887; x_wconf 83' lang='grc' dir='ltr'>τὰ</span> <span class='ocrx_word' id='word_1_119' title='bbox 1441 1831 1589 1886; x_wconf 88' lang='grc' dir='ltr'>κακά</span> <span class='ocrx_word' id='word_1_120' title='bbox 1613 1832 1726 1893; x_wconf 87' lang='grc' dir='ltr'>τοῖς</span> <span class='ocrx_word' id='word_1_121' title='bbox 1758 1826 1981 1896; x_wconf 82' lang='grc' dir='ltr'>ἀγαθοῖς</span> 
     </span>
    </p>
   </div>
   <div class='ocr_carea' id='block_1_19' title="bbox 312 1912 1983 2004">
    <p class='ocr_par' dir='ltr' id='par_1_19' title="bbox 312 1912 1983 2004">
     <span class='ocr_line' id='line_1_19' title="bbox 312 1912 1983 2004; baseline -0.014 -15"><span class='ocrx_word' id='word_1_122' title='bbox 312 1932 714 2004; x_wconf 79' lang='grc' dir='ltr'>ἀναμιγνύντες</span> <span class='ocrx_word' id='word_1_123' title='bbox 759 1928 1046 2000; x_wconf 81' lang='grc' dir='ltr'>διηνεκῶς.</span> <span class='ocrx_word' id='word_1_124' title='bbox 1093 1925 1194 1978; x_wconf 86' lang='grc' dir='ltr'>Διά</span> <span class='ocrx_word' id='word_1_125' title='bbox 1220 1923 1380 1976; x_wconf 91' lang='grc' dir='ltr'>τοῦτο</span> <span class='ocrx_word' id='word_1_126' title='bbox 1413 1920 1509 1975; x_wconf 75' lang='grc' dir='ltr'>καὶ</span> <span class='ocrx_word' id='word_1_127' title='bbox 1536 1921 1564 1973; x_wconf 97' lang='lat'>6</span> <span class='ocrx_word' id='word_1_128' title='bbox 1595 1915 1804 2004; x_wconf 89' lang='grc' dir='ltr'>Παῦλος</span> <span class='ocrx_word' id='word_1_129' title='bbox 1837 1912 1983 2004; x_wconf 77' lang='grc' dir='ltr'>οὕτω</span> 
     </span>
    </p>
   </div>
   <div class='ocr_carea' id='block_1_20' title="bbox 316 1998 1987 2086">
    <p class='ocr_par' dir='ltr' id='par_1_20' title="bbox 316 1998 1987 2086">
     <span class='ocr_line' id='line_1_20' title="bbox 316 1998 1987 2086; baseline -0.014 -11"><span class='ocrx_word' id='word_1_130' title='bbox 316 1998 582 2075; x_wconf 77' lang='grc' dir='ltr'>ποικίλλει</span> <span class='ocrx_word' id='word_1_131' title='bbox 609 2019 702 2073; x_wconf 78' lang='grc' dir='ltr'>τὸν</span> <span class='ocrx_word' id='word_1_132' title='bbox 735 1998 915 2086; x_wconf 80' lang='grc' dir='ltr'>λόγον,</span> <span class='ocrx_word' id='word_1_133' title='bbox 938 2014 1002 2068; x_wconf 81' lang='grc' dir='ltr'>ού</span> <span class='ocrx_word' id='word_1_134' title='bbox 1033 2014 1139 2083; x_wconf 83' lang='grc' dir='ltr'>μὴν</span> <span class='ocrx_word' id='word_1_135' title='bbox 1169 2009 1377 2072; x_wconf 77' lang='grc' dir='ltr'>ἁπλῶς,</span> <span class='ocrx_word' id='word_1_136' title='bbox 1405 2005 1541 2063; x_wconf 85' lang='grc' dir='ltr'>ἀλλά</span> <span class='ocrx_word' id='word_1_137' title='bbox 1565 2003 1634 2058; x_wconf 82' lang='grc' dir='ltr'>τά</span> <span class='ocrx_word' id='word_1_138' title='bbox 1670 2001 1881 2074; x_wconf 80' lang='grc' dir='ltr'>χρηστά</span> <span class='ocrx_word' id='word_1_139' title='bbox 1903 1998 1987 2053; x_wconf 90' lang='grc' dir='ltr'>τί-</span> 
     </span>
    </p>
   </div>
   <div class='ocr_carea' id='block_1_21' title="bbox 317 2088 1985 2180">
    <p class='ocr_par' dir='ltr' id='par_1_21' title="bbox 317 2088 1985 2180">
     <span class='ocr_line' id='line_1_21' title="bbox 317 2088 1985 2180; baseline -0.013 -20"><span class='ocrx_word' id='word_1_140' title='bbox 317 2107 445 2179; x_wconf 82' lang='grc' dir='ltr'>θησι</span> <span class='ocrx_word' id='word_1_141' title='bbox 483 2105 719 2180; x_wconf 86' lang='grc' dir='ltr'>πρῶτον,</span> <span class='ocrx_word' id='word_1_142' title='bbox 769 2105 864 2158; x_wconf 72' lang='grc' dir='ltr'>καὶ</span> <span class='ocrx_word' id='word_1_143' title='bbox 899 2100 1039 2173; x_wconf 84' lang='grc' dir='ltr'>μετά</span> <span class='ocrx_word' id='word_1_144' title='bbox 1084 2098 1254 2153; x_wconf 88' lang='grc' dir='ltr'>ταῦτα</span> <span class='ocrx_word' id='word_1_145' title='bbox 1292 2097 1360 2151; x_wconf 81' lang='grc' dir='ltr'>τά</span> <span class='ocrx_word' id='word_1_146' title='bbox 1387 2093 1627 2165; x_wconf 83' lang='grc' dir='ltr'>λυπηρὰ,</span> <span class='ocrx_word' id='word_1_147' title='bbox 1661 2089 1875 2151; x_wconf 77' lang='grc' dir='ltr'>δεικνὺς</span> <span class='ocrx_word' id='word_1_148' title='bbox 1903 2088 1985 2141; x_wconf 81' lang='grc' dir='ltr'>ὅτι</span> 
     </span>
    </p>
   </div>
   <div class='ocr_carea' id='block_1_22' title="bbox 317 2174 1986 2264">
    <p class='ocr_par' dir='ltr' id='par_1_22' title="bbox 317 2174 1986 2264">
     <span class='ocr_line' id='line_1_22' title="bbox 317 2174 1986 2264; baseline -0.014 -14"><span class='ocrx_word' id='word_1_149' title='bbox 317 2174 506 2251; x_wconf 72' lang='grc' dir='ltr'>ἐκεῖνα</span> <span class='ocrx_word' id='word_1_150' title='bbox 529 2174 648 2264; x_wconf 65' lang='grc' dir='ltr'>⁷μὲν</span> <span class='ocrx_word' id='word_1_151' title='bbox 685 2193 784 2263; x_wconf 74' lang='grc' dir='ltr'>τῆς</span> <span class='ocrx_word' id='word_1_152' title='bbox 834 2188 1251 2263; x_wconf 79' lang='grc' dir='ltr'>προηγουμένης</span> <span class='ocrx_word' id='word_1_153' title='bbox 1295 2183 1388 2238; x_wconf 87' lang='grc' dir='ltr'>τοῦ</span> <span class='ocrx_word' id='word_1_154' title='bbox 1418 2181 1552 2236; x_wconf 83' lang='grc' dir='ltr'>Θεοῦ</span> <span class='ocrx_word' id='word_1_155' title='bbox 1588 2179 1814 2250; x_wconf 77' lang='grc' dir='ltr'>γνώμης</span> <span class='ocrx_word' id='word_1_156' title='bbox 1847 2174 1986 2243; x_wconf 75' lang='grc' dir='ltr'>ἐστὶ,</span> 
     </span>
    </p>
   </div>
   <div class='ocr_carea' id='block_1_23' title="bbox 320 2264 1989 2350">
    <p class='ocr_par' dir='ltr' id='par_1_23' title="bbox 320 2264 1989 2350">
     <span class='ocr_line' id='line_1_23' title="bbox 320 2264 1989 2350; baseline -0.013 -13"><span class='ocrx_word' id='word_1_157' title='bbox 320 2283 496 2338; x_wconf 85' lang='grc' dir='ltr'>ταῦτα</span> <span class='ocrx_word' id='word_1_158' title='bbox 527 2280 585 2335; x_wconf 77' lang='grc' dir='ltr'>δὲ</span> <span class='ocrx_word' id='word_1_159' title='bbox 634 2281 737 2350; x_wconf 78' lang='grc' dir='ltr'>τῆς</span> <span class='ocrx_word' id='word_1_160' title='bbox 760 2278 878 2342; x_wconf 78' lang='grc' dir='ltr'>,τῶν</span> <span class='ocrx_word' id='word_1_161' title='bbox 915 2274 1302 2349; x_wconf 76' lang='grc' dir='ltr'>ῥᾳθυμούντων</span> <span class='ocrx_word' id='word_1_162' title='bbox 1331 2270 1616 2342; x_wconf 83' lang='grc' dir='ltr'>πονηρίας.</span> <span class='ocrx_word' id='word_1_163' title='bbox 1648 2266 1804 2320; x_wconf 83' lang='grc' dir='ltr'>Οῦτω</span> <span class='ocrx_word' id='word_1_164' title='bbox 1836 2264 1931 2318; x_wconf 74' lang='grc' dir='ltr'>καὶ</span> <span class='ocrx_word' id='word_1_165' title='bbox 1960 2264 1989 2317; x_wconf 92' lang='lat'>6</span> 
     </span>
    </p>
   </div>
   <div class='ocr_carea' id='block_1_24' title="bbox 323 2350 1990 2439">
    <p class='ocr_par' dir='ltr' id='par_1_24' title="bbox 323 2350 1990 2439">
     <span class='ocr_line' id='line_1_24' title="bbox 323 2350 1990 2439; baseline -0.012 -16"><span class='ocrx_word' id='word_1_166' title='bbox 323 2371 610 2439; x_wconf 79' lang='grc' dir='ltr'>προφήτης</span> <span class='ocrx_word' id='word_1_167' title='bbox 633 2366 847 2436; x_wconf 84' lang='grc' dir='ltr'>πρῶτον</span> <span class='ocrx_word' id='word_1_168' title='bbox 872 2364 940 2417; x_wconf 79' lang='grc' dir='ltr'>τά</span> <span class='ocrx_word' id='word_1_169' title='bbox 958 2360 1137 2431; x_wconf 86' lang='grc' dir='ltr'>ἀγαθά</span> <span class='ocrx_word' id='word_1_170' title='bbox 1158 2359 1362 2430; x_wconf 85' lang='grc' dir='ltr'>τίθησι,</span> <span class='ocrx_word' id='word_1_171' title='bbox 1385 2358 1558 2425; x_wconf 84' lang='grc' dir='ltr'>λέγων</span> <span class='ocrx_word' id='word_1_172' title='bbox 1577 2371 1591 2387; x_wconf 91' lang='grc'>·</span> <span class='ocrx_word' id='word_1_173' title='bbox 1627 2350 1990 2439; x_wconf 78' lang='grc' dir='ltr'>Ἐὰνθέλητε</span> 
     </span>
    </p>
   </div>
   <div class='ocr_carea' id='block_1_25' title="bbox 322 2438 1988 2520">
    <p class='ocr_par' dir='ltr' id='par_1_25' title="bbox 322 2438 1988 2520">
     <span class='ocr_line' id='line_1_25' title="bbox 322 2438 1988 2520; baseline -0.012 -10"><span class='ocrx_word' id='word_1_174' title='bbox 322 2438 425 2511; x_wconf 80' lang='grc' dir='ltr'>καί</span> <span class='ocrx_word' id='word_1_175' title='bbox 466 2450 867 2519; x_wconf 81' lang='grc' dir='ltr'>είσακούσητέ</span> <span class='ocrx_word' id='word_1_176' title='bbox 901 2467 1043 2520; x_wconf 88' lang='grc' dir='ltr'>μου,</span> <span class='ocrx_word' id='word_1_177' title='bbox 1076 2446 1151 2501; x_wconf 86' lang='grc' dir='ltr'>τὰ</span> <span class='ocrx_word' id='word_1_178' title='bbox 1182 2445 1371 2516; x_wconf 78' lang='grc' dir='ltr'>ἀγαθὰ</span> <span class='ocrx_word' id='word_1_179' title='bbox 1407 2441 1514 2512; x_wconf 83' lang='grc' dir='ltr'>τῆς</span> <span class='ocrx_word' id='word_1_180' title='bbox 1549 2441 1662 2512; x_wconf 75' lang='grc' dir='ltr'>γῆς</span> <span class='ocrx_word' id='word_1_181' title='bbox 1693 2438 1988 2510; x_wconf 74' lang='grc' dir='ltr'>φάγεσθε·</span> 
     </span>
    </p>
   </div>
   <div class='ocr_carea' id='block_1_26' title="bbox 323 2525 1995 2610">
    <p class='ocr_par' dir='ltr' id='par_1_26' title="bbox 323 2525 1995 2610">
     <span class='ocr_line' id='line_1_26' title="bbox 323 2525 1995 2610; baseline -0.011 -14"><span class='ocrx_word' id='word_1_182' title='bbox 323 2542 433 2596; x_wconf 81' lang='grc' dir='ltr'>ἐὰν</span> <span class='ocrx_word' id='word_1_183' title='bbox 447 2539 607 2610; x_wconf 82' lang='grc' dir='ltr'>δὲμὴ</span> <span class='ocrx_word' id='word_1_184' title='bbox 625 2536 1051 2608; x_wconf 75' lang='grc' dir='ltr'>θελήσητε,καὶ</span> <span class='ocrx_word' id='word_1_185' title='bbox 1059 2534 1146 2604; x_wconf 76' lang='grc' dir='ltr'>μὴ</span> <span class='ocrx_word' id='word_1_186' title='bbox 1162 2530 1570 2598; x_wconf 77' lang='grc' dir='ltr'>είσακούσητέ</span> <span class='ocrx_word' id='word_1_187' title='bbox 1578 2547 1719 2598; x_wconf 82' lang='grc' dir='ltr'>μου,</span> <span class='ocrx_word' id='word_1_188' title='bbox 1730 2525 1995 2596; x_wconf 77' lang='grc' dir='ltr'>μάχαιρα</span> 
     </span>
    </p>
   </div>
   <div class='ocr_carea' id='block_1_27' title="bbox 324 2613 1996 2698">
    <p class='ocr_par' dir='ltr' id='par_1_27' title="bbox 324 2613 1996 2698">
     <span class='ocr_line' id='line_1_27' title="bbox 324 2613 1996 2698; baseline -0.011 -15"><span class='ocrx_word' id='word_1_189' title='bbox 324 2628 481 2698; x_wconf 75' lang='grc' dir='ltr'>ὑμᾶς</span> <span class='ocrx_word' id='word_1_190' title='bbox 499 2626 832 2683; x_wconf 82' lang='grc' dir='ltr'>κατέδεται.</span> <span class='ocrx_word' id='word_1_191' title='bbox 860 2623 1017 2678; x_wconf 82' lang='grc' dir='ltr'>υῦτω</span> <span class='ocrx_word' id='word_1_192' title='bbox 1038 2623 1131 2677; x_wconf 67' lang='grc' dir='ltr'>καὶ</span> <span class='ocrx_word' id='word_1_193' title='bbox 1151 2620 1387 2675; x_wconf 81' lang='grc' dir='ltr'>ἐνταῦθα</span> <span class='ocrx_word' id='word_1_194' title='bbox 1414 2619 1646 2689; x_wconf 75' lang='grc' dir='ltr'>προάγει</span> <span class='ocrx_word' id='word_1_195' title='bbox 1672 2613 1936 2681; x_wconf 70' lang='grc' dir='ltr'>τὸνλόγον</span> <span class='ocrx_word' id='word_1_196' title='bbox 1967 2613 1996 2665; x_wconf 93' lang='lat'>6</span> 
     </span>
    </p>
   </div>
   <div class='ocr_carea' id='block_1_28' title="bbox 329 2701 1996 2781">
    <p class='ocr_par' dir='ltr' id='par_1_28' title="bbox 329 2701 1996 2781">
     <span class='ocr_line' id='line_1_28' title="bbox 329 2701 1996 2781; baseline -0.011 -11"><span class='ocrx_word' id='word_1_197' title='bbox 329 2715 558 2779; x_wconf 83' lang='grc' dir='ltr'>Παῦλος.</span> <span class='ocrx_word' id='word_1_198' title='bbox 599 2715 801 2768; x_wconf 81' lang='grc' dir='ltr'>Σκόπει</span> <span class='ocrx_word' id='word_1_199' title='bbox 849 2712 940 2767; x_wconf 86' lang='grc' dir='ltr'>δέ·</span> <span class='ocrx_word' id='word_1_200' title='bbox 984 2708 1157 2764; x_wconf 71' lang='grc' dir='ltr'>’Ἦλθε</span> <span class='ocrx_word' id='word_1_201' title='bbox 1208 2708 1388 2781; x_wconf 84' lang='grc' dir='ltr'>φέρων</span> <span class='ocrx_word' id='word_1_202' title='bbox 1433 2707 1460 2758; x_wconf 91' lang='lat'>6</span> <span class='ocrx_word' id='word_1_203' title='bbox 1499 2703 1732 2776; x_wconf 71' lang='grc' dir='ltr'>Χριστὸς</span> <span class='ocrx_word' id='word_1_204' title='bbox 1780 2701 1996 2770; x_wconf 85' lang='grc' dir='ltr'>ἄφεσιν,</span> 
     </span>
    </p>
   </div>
   <div class='ocr_carea' id='block_1_29' title="bbox 330 2784 1999 2875">
    <p class='ocr_par' dir='ltr' id='par_1_29' title="bbox 330 2784 1999 2875">
     <span class='ocr_line' id='line_1_29' title="bbox 330 2784 1999 2875; baseline -0.012 -17"><span class='ocrx_word' id='word_1_205' title='bbox 330 2806 485 2875; x_wconf 57' lang='grc' dir='ltr'>φησὶ,</span> <span class='ocrx_word' id='word_1_206' title='bbox 527 2801 891 2872; x_wconf 82' lang='grc' dir='ltr'>δικαιοσύνην,</span> <span class='ocrx_word' id='word_1_207' title='bbox 928 2797 1109 2868; x_wconf 79' lang='grc' dir='ltr'>ζωήν·</span> <span class='ocrx_word' id='word_1_208' title='bbox 1143 2799 1240 2851; x_wconf 73' lang='grc' dir='ltr'>καὶ</span> <span class='ocrx_word' id='word_1_209' title='bbox 1281 2796 1379 2865; x_wconf 80' lang='grc' dir='ltr'>οὐχ</span> <span class='ocrx_word' id='word_1_210' title='bbox 1419 2792 1605 2855; x_wconf 85' lang='grc' dir='ltr'>ἁπλῶς</span> <span class='ocrx_word' id='word_1_211' title='bbox 1631 2803 1681 2855; x_wconf 77' lang='grc' dir='ltr'>ιι,</span> <span class='ocrx_word' id='word_1_212' title='bbox 1734 2788 1870 2842; x_wconf 77' lang='grc' dir='ltr'>ἀλλὰ</span> <span class='ocrx_word' id='word_1_213' title='bbox 1909 2784 1999 2839; x_wconf 77' lang='grc' dir='ltr'>διὰ</span> 
     </span>
    </p>
   </div>
   <div class='ocr_carea' id='block_1_30' title="bbox 330 2874 1999 2961">
    <p class='ocr_par' dir='ltr' id='par_1_30' title="bbox 330 2874 1999 2961">
     <span class='ocr_line' id='line_1_30' title="bbox 330 2874 1999 2961; baseline -0.011 -16"><span class='ocrx_word' id='word_1_214' title='bbox 330 2874 570 2961; x_wconf 76' lang='grc' dir='ltr'>σταυροῦ</span> <span class='ocrx_word' id='word_1_215' title='bbox 618 2889 810 2961; x_wconf 78' lang='grc' dir='ltr'>φέρει·</span> <span class='ocrx_word' id='word_1_216' title='bbox 848 2886 878 2941; x_wconf 83' lang='lat'>6</span> <span class='ocrx_word' id='word_1_217' title='bbox 909 2886 972 2955; x_wconf 74' lang='grc' dir='ltr'>δή</span> <span class='ocrx_word' id='word_1_218' title='bbox 1008 2884 1266 2956; x_wconf 86' lang='grc' dir='ltr'>μέγιστον</span> <span class='ocrx_word' id='word_1_219' title='bbox 1290 2882 1382 2934; x_wconf 67' lang='grc' dir='ltr'>καὶ</span> <span class='ocrx_word' id='word_1_220' title='bbox 1413 2877 1749 2949; x_wconf 77' lang='grc' dir='ltr'>θαυμαστὸν,</span> <span class='ocrx_word' id='word_1_221' title='bbox 1783 2876 1881 2945; x_wconf 83' lang='grc' dir='ltr'>οὐχ</span> <span class='ocrx_word' id='word_1_222' title='bbox 1918 2874 1999 2927; x_wconf 81' lang='grc' dir='ltr'>δτι</span> 
     </span>
    </p>
   </div>
   <div class='ocr_carea' id='block_1_31' title="bbox 330 2962 1997 3047">
    <p class='ocr_par' dir='ltr' id='par_1_31' title="bbox 330 2962 1997 3047">
     <span class='ocr_line' id='line_1_31' title="bbox 330 2962 1997 3047; baseline -0.01 -16"><span class='ocrx_word' id='word_1_223' title='bbox 330 2978 557 3033; x_wconf 86' lang='grc' dir='ltr'>τοιαῦτα</span> <span class='ocrx_word' id='word_1_224' title='bbox 588 2976 881 3047; x_wconf 77' lang='grc' dir='ltr'>ἐχαρίσατο</span> <span class='ocrx_word' id='word_1_225' title='bbox 912 2973 1093 3045; x_wconf 89' lang='grc' dir='ltr'>μόνον,</span> <span class='ocrx_word' id='word_1_226' title='bbox 1139 2971 1251 3024; x_wconf 82' lang='grc' dir='ltr'>ἀλλ’</span> <span class='ocrx_word' id='word_1_227' title='bbox 1276 2970 1356 3022; x_wconf 86' lang='grc' dir='ltr'>ὅτι</span> <span class='ocrx_word' id='word_1_228' title='bbox 1385 2967 1479 3020; x_wconf 70' lang='grc' dir='ltr'>καὶ</span> <span class='ocrx_word' id='word_1_229' title='bbox 1521 2964 1746 3019; x_wconf 89' lang='grc' dir='ltr'>τοιαῦτα</span> <span class='ocrx_word' id='word_1_230' title='bbox 1777 2962 1997 3016; x_wconf 80' lang='grc' dir='ltr'>ἔπαθεν.</span> 
     </span>
    </p>
   </div>
   <div class='ocr_carea' id='block_1_32' title="bbox 335 3048 2002 3133">
    <p class='ocr_par' dir='ltr' id='par_1_32' title="bbox 335 3048 2002 3133">
     <span class='ocr_line' id='line_1_32' title="bbox 335 3048 2002 3133; baseline -0.011 -15"><span class='ocrx_word' id='word_1_231' title='bbox 335 3067 436 3118; x_wconf 72' lang='grc' dir='ltr'>Ἂν</span> <span class='ocrx_word' id='word_1_232' title='bbox 468 3064 645 3117; x_wconf 79' lang='grc' dir='ltr'>τοίνυν</span> <span class='ocrx_word' id='word_1_233' title='bbox 671 3061 933 3133; x_wconf 80' lang='grc' dir='ltr'>ὑϐρίσητε</span> <span class='ocrx_word' id='word_1_234' title='bbox 962 3059 1043 3122; x_wconf 85' lang='grc' dir='ltr'>είς</span> <span class='ocrx_word' id='word_1_235' title='bbox 1069 3057 1170 3121; x_wconf 88' lang='grc' dir='ltr'>τάς</span> <span class='ocrx_word' id='word_1_236' title='bbox 1190 3054 1418 3126; x_wconf 80' lang='grc' dir='ltr'>δωρεάς,</span> <span class='ocrx_word' id='word_1_237' title='bbox 1441 3052 1559 3106; x_wconf 88' lang='grc' dir='ltr'>τότε</span> <span class='ocrx_word' id='word_1_238' title='bbox 1589 3052 1906 3121; x_wconf 72' lang='grc' dir='ltr'>ἀναμενεῖτε</span> <span class='ocrx_word' id='word_1_239' title='bbox 1933 3048 2002 3101; x_wconf 88' lang='grc' dir='ltr'>τά</span> 
     </span>
    </p>
   </div>
   <div class='ocr_carea' id='block_1_33' title="bbox 329 3141 2005 3227">
    <p class='ocr_par' dir='ltr' id='par_1_33' title="bbox 329 3141 2005 3227">
     <span class='ocr_line' id='line_1_33' title="bbox 329 3141 2005 3227; baseline -0.01 -18"><span class='ocrx_word' id='word_1_240' title='bbox 329 3154 577 3227; x_wconf 70' lang='grc' dir='ltr'>λυπηρά.</span> <span class='ocrx_word' id='word_1_241' title='bbox 629 3154 740 3207; x_wconf 79' lang='lat' dir='ltr'><strong><em>Kal</em></strong></span> <span class='ocrx_word' id='word_1_242' title='bbox 769 3152 872 3223; x_wconf 82' lang='lat' dir='ltr'><strong>69a</strong></span> <span class='ocrx_word' id='word_1_243' title='bbox 911 3148 1030 3214; x_wconf 87' lang='grc' dir='ltr'>πῶς</span> <span class='ocrx_word' id='word_1_244' title='bbox 1075 3146 1291 3219; x_wconf 77' lang='grc' dir='ltr'>ἐπαίρει</span> <span class='ocrx_word' id='word_1_245' title='bbox 1319 3146 1410 3199; x_wconf 77' lang='grc' dir='ltr'>τὸν</span> <span class='ocrx_word' id='word_1_246' title='bbox 1448 3144 1636 3217; x_wconf 85' lang='grc' dir='ltr'>λόγον.</span> <span class='ocrx_word' id='word_1_247' title='bbox 1680 3141 2005 3196; x_wconf 77' lang='grc' dir='ltr'>Ἀποκαλύ-</span> 
     </span>
    </p>
   </div>
   <div class='ocr_carea' id='block_1_34' title="bbox 335 3228 2004 3311">
    <p class='ocr_par' dir='ltr' id='par_1_34' title="bbox 335 3228 2004 3311">
     <span class='ocr_line' id='line_1_34' title="bbox 335 3228 2004 3311; baseline -0.01 -14"><span class='ocrx_word' id='word_1_248' title='bbox 335 3260 545 3297; x_wconf 73' lang='grc' dir='ltr'>πτεται</span> <span class='ocrx_word' id='word_1_249' title='bbox 592 3240 722 3311; x_wconf 74' lang='grc' dir='ltr'>γὰρ,</span> <span class='ocrx_word' id='word_1_250' title='bbox 769 3239 954 3310; x_wconf 63' lang='grc' dir='ltr'>φησιν,</span> <span class='ocrx_word' id='word_1_251' title='bbox 997 3234 1143 3307; x_wconf 77' lang='grc' dir='ltr'>ὀργὴ</span> <span class='ocrx_word' id='word_1_252' title='bbox 1186 3232 1333 3289; x_wconf 83' lang='grc' dir='ltr'>Θεοῦ</span> <span class='ocrx_word' id='word_1_253' title='bbox 1376 3232 1477 3287; x_wconf 78' lang='grc' dir='ltr'>ἀπ’</span> <span class='ocrx_word' id='word_1_254' title='bbox 1509 3228 1791 3299; x_wconf 85' lang='grc' dir='ltr'>οὐρανοῦ.</span> <span class='ocrx_word' id='word_1_255' title='bbox 1833 3228 2004 3282; x_wconf 80' lang='grc' dir='ltr'>Πόθεν</span> 
     </span>
    </p>
   </div>
   <div class='ocr_carea' id='block_1_35' title="bbox 332 3312 2006 3396">
    <p class='ocr_par' dir='ltr' id='par_1_35' title="bbox 332 3312 2006 3396">
     <span class='ocr_line' id='line_1_35' title="bbox 332 3312 2006 3396; baseline -0.009 -13"><span class='ocrx_word' id='word_1_256' title='bbox 332 3329 497 3383; x_wconf 87' lang='grc' dir='ltr'>τοῦτο</span> <span class='ocrx_word' id='word_1_257' title='bbox 539 3326 731 3396; x_wconf 77' lang='grc' dir='ltr'>δῆλονς</span> <span class='ocrx_word' id='word_1_258' title='bbox 763 3327 861 3379; x_wconf 70' lang='lat' dir='ltr'>“Av</span> <span class='ocrx_word' id='word_1_259' title='bbox 901 3324 999 3395; x_wconf 86' lang='grc' dir='ltr'>μὲν</span> <span class='ocrx_word' id='word_1_260' title='bbox 1032 3326 1061 3377; x_wconf 87' lang='lat'>6</span> <span class='ocrx_word' id='word_1_261' title='bbox 1088 3321 1276 3384; x_wconf 82' lang='grc' dir='ltr'>πιστὸς</span> <span class='ocrx_word' id='word_1_262' title='bbox 1303 3319 1461 3391; x_wconf 83' lang='grc' dir='ltr'>λέγῃ,</span> <span class='ocrx_word' id='word_1_263' title='bbox 1504 3316 1600 3372; x_wconf 88' lang='grc' dir='ltr'>τοῦ</span> <span class='ocrx_word' id='word_1_264' title='bbox 1628 3312 1863 3386; x_wconf 78' lang='grc' dir='ltr'>Χριστοῦ</span> <span class='ocrx_word' id='word_1_265' title='bbox 1905 3313 2006 3377; x_wconf 73' lang='grc' dir='ltr'>τὰς</span> 
     </span>
    </p>
   </div>
   <div class='ocr_carea' id='block_1_36' title="bbox 335 3400 2008 3483">
    <p class='ocr_par' dir='ltr' id='par_1_36' title="bbox 335 3400 2008 3483">
     <span class='ocr_line' id='line_1_36' title="bbox 335 3400 2008 3483; baseline -0.01 -13"><span class='ocrx_word' id='word_1_266' title='bbox 335 3414 645 3482; x_wconf 80' lang='grc' dir='ltr'>ἀποφάσεις</span> <span class='ocrx_word' id='word_1_267' title='bbox 671 3411 904 3483; x_wconf 76' lang='grc' dir='ltr'>ἐροῦμεν</span> <span class='ocrx_word' id='word_1_268' title='bbox 921 3428 936 3443; x_wconf 90' lang='grc'>·</span> <span class='ocrx_word' id='word_1_269' title='bbox 975 3409 1043 3464; x_wconf 77' lang='grc' dir='ltr'>ἂν</span> <span class='ocrx_word' id='word_1_270' title='bbox 1066 3409 1124 3463; x_wconf 82' lang='grc' dir='ltr'>δὲ</span> <span class='ocrx_word' id='word_1_271' title='bbox 1147 3409 1177 3461; x_wconf 90' lang='lat'>6</span> <span class='ocrx_word' id='word_1_272' title='bbox 1208 3409 1436 3468; x_wconf 87' lang='grc' dir='ltr'>άπιστος</span> <span class='ocrx_word' id='word_1_273' title='bbox 1470 3405 1565 3458; x_wconf 72' lang='grc' dir='ltr'>καὶ</span> <span class='ocrx_word' id='word_1_274' title='bbox 1592 3406 1621 3457; x_wconf 90' lang='lat'>6</span> <span class='ocrx_word' id='word_1_275' title='bbox 1652 3402 1872 3472; x_wconf 86' lang='grc' dir='ltr'>Ἕλλην,</span> <span class='ocrx_word' id='word_1_276' title='bbox 1900 3400 2008 3455; x_wconf 83' lang='grc' dir='ltr'>ἀπὸ</span> 
     </span>
    </p>
   </div>
   <div class='ocr_carea' id='block_1_37' title="bbox 336 3485 2005 3570">
    <p class='ocr_par' dir='ltr' id='par_1_37' title="bbox 336 3485 2005 3570">
     <span class='ocr_line' id='line_1_37' title="bbox 336 3485 2005 3570; baseline -0.009 -17"><span class='ocrx_word' id='word_1_277' title='bbox 336 3501 446 3553; x_wconf 85' lang='grc' dir='ltr'>τῶν</span> <span class='ocrx_word' id='word_1_278' title='bbox 468 3499 595 3570; x_wconf 82' lang='grc' dir='ltr'>έξῆς</span> <span class='ocrx_word' id='word_1_279' title='bbox 623 3496 786 3552; x_wconf 81' lang='grc' dir='ltr'>αὑτὸν</span> <span class='ocrx_word' id='word_1_280' title='bbox 808 3498 841 3550; x_wconf 90' lang='lat'>6</span> <span class='ocrx_word' id='word_1_281' title='bbox 866 3496 1076 3559; x_wconf 83' lang='grc' dir='ltr'>Παῦλος</span> <span class='ocrx_word' id='word_1_282' title='bbox 1106 3493 1448 3563; x_wconf 76' lang='grc' dir='ltr'>ἐπιστομίζει</span> <span class='ocrx_word' id='word_1_283' title='bbox 1475 3490 1582 3544; x_wconf 84' lang='grc' dir='ltr'>τῶν</span> <span class='ocrx_word' id='word_1_284' title='bbox 1613 3490 1741 3560; x_wconf 83' lang='grc' dir='ltr'>περί</span> <span class='ocrx_word' id='word_1_285' title='bbox 1768 3490 1866 3558; x_wconf 79' lang='grc' dir='ltr'>τῆς</span> <span class='ocrx_word' id='word_1_286' title='bbox 1892 3485 2005 3558; x_wconf 79' lang='grc' dir='ltr'>κρί-</span> 
     </span>
    </p>
   </div>
   <div class='ocr_carea' id='block_1_38' title="bbox 340 3575 2010 3652">
    <p class='ocr_par' dir='ltr' id='par_1_38' title="bbox 340 3575 2010 3652">
     <span class='ocr_line' id='line_1_38' title="bbox 340 3575 2010 3652; baseline -0.008 -12"><span class='ocrx_word' id='word_1_287' title='bbox 340 3604 481 3650; x_wconf 84' lang='grc' dir='ltr'>σεως</span> <span class='ocrx_word' id='word_1_288' title='bbox 516 3584 607 3639; x_wconf 87' lang='grc' dir='ltr'>τοῦ</span> <span class='ocrx_word' id='word_1_289' title='bbox 649 3584 787 3638; x_wconf 85' lang='grc' dir='ltr'>Θεοῦ</span> <span class='ocrx_word' id='word_1_290' title='bbox 819 3584 1015 3652; x_wconf 83' lang='grc' dir='ltr'>λόγων,</span> <span class='ocrx_word' id='word_1_291' title='bbox 1055 3584 1121 3636; x_wconf 88' lang='grc' dir='ltr'>ἐκ</span> <span class='ocrx_word' id='word_1_292' title='bbox 1159 3580 1268 3635; x_wconf 84' lang='grc' dir='ltr'>τῶν</span> <span class='ocrx_word' id='word_1_293' title='bbox 1306 3581 1396 3634; x_wconf 81' lang='grc' dir='ltr'>ὑπ’</span> <span class='ocrx_word' id='word_1_294' title='bbox 1441 3577 1665 3632; x_wconf 85' lang='grc' dir='ltr'>ἐκείνων</span> <span class='ocrx_word' id='word_1_295' title='bbox 1708 3575 2010 3645; x_wconf 74' lang='grc' dir='ltr'>γινομένων</span> 
     </span>
    </p>
   </div>
   <div class='ocr_carea' id='block_1_39' title="bbox 324 3660 2013 3741">
    <p class='ocr_par' dir='ltr' id='par_1_39' title="bbox 324 3660 2013 3741">
     <span class='ocr_line' id='line_1_39' title="bbox 324 3660 2013 3741; baseline -0.01 -13"><span class='ocrx_word' id='word_1_296' title='bbox 324 3671 616 3738; x_wconf 78' lang='grc' dir='ltr'>,ἀπόδειξιν</span> <span class='ocrx_word' id='word_1_297' title='bbox 641 3670 1034 3741; x_wconf 74' lang='grc' dir='ltr'>ἀναντίρρητον</span> <span class='ocrx_word' id='word_1_298' title='bbox 1063 3668 1299 3735; x_wconf 78' lang='grc' dir='ltr'>εἰσάγων</span> <span class='ocrx_word' id='word_1_299' title='bbox 1317 3681 1330 3696; x_wconf 93' lang='grc'>·</span> <span class='ocrx_word' id='word_1_300' title='bbox 1359 3665 1388 3719; x_wconf 87' lang='lat'>6</span> <span class='ocrx_word' id='word_1_301' title='bbox 1418 3665 1484 3736; x_wconf 85' lang='grc' dir='ltr'>δὴ</span> <span class='ocrx_word' id='word_1_302' title='bbox 1509 3664 1603 3718; x_wconf 74' lang='grc' dir='ltr'>καὶ</span> <span class='ocrx_word' id='word_1_303' title='bbox 1635 3662 1750 3715; x_wconf 80' lang='grc' dir='ltr'>ἔστι</span> <span class='ocrx_word' id='word_1_304' title='bbox 1779 3660 2013 3731; x_wconf 88' lang='grc' dir='ltr'>μάλιστα</span> 
     </span>
    </p>
   </div>
   <div class='ocr_carea' id='block_1_40' title="bbox 345 3744 2013 3828">
    <p class='ocr_par' dir='ltr' id='par_1_40' title="bbox 345 3744 2013 3828">
     <span class='ocr_line' id='line_1_40' title="bbox 345 3744 2013 3828; baseline -0.007 -20"><span class='ocrx_word' id='word_1_305' title='bbox 345 3755 803 3828; x_wconf 81' lang='grc' dir='ltr'>παραδοξότατον,</span> <span class='ocrx_word' id='word_1_306' title='bbox 851 3755 978 3807; x_wconf 79' lang='grc' dir='ltr'>ὅταν</span> <span class='ocrx_word' id='word_1_307' title='bbox 1024 3752 1150 3815; x_wconf 76' lang='grc' dir='ltr'>τοὺς</span> <span class='ocrx_word' id='word_1_308' title='bbox 1179 3750 1558 3817; x_wconf 83' lang='grc' dir='ltr'>ἀντιλέγοντας</span> <span class='ocrx_word' id='word_1_309' title='bbox 1603 3749 1740 3817; x_wconf 82' lang='grc' dir='ltr'>αὐτῇ</span> <span class='ocrx_word' id='word_1_310' title='bbox 1779 3747 1846 3816; x_wconf 79' lang='grc' dir='ltr'>τῇ</span> <span class='ocrx_word' id='word_1_311' title='bbox 1877 3744 2013 3814; x_wconf 80' lang='grc' dir='ltr'>ἀλη-</span> 
     </span>
    </p>
   </div>
   <div class='ocr_carea' id='block_1_41' title="bbox 346 3835 2012 3916">
    <p class='ocr_par' dir='ltr' id='par_1_41' title="bbox 346 3835 2012 3916">
     <span class='ocr_line' id='line_1_41' title="bbox 346 3835 2012 3916; baseline -0.009 -18"><span class='ocrx_word' id='word_1_312' title='bbox 346 3845 488 3916; x_wconf 79' lang='grc' dir='ltr'>θείᾳ,</span> <span class='ocrx_word' id='word_1_313' title='bbox 512 3844 579 3897; x_wconf 88' lang='grc' dir='ltr'>δι’</span> <span class='ocrx_word' id='word_1_314' title='bbox 613 3836 687 3904; x_wconf 77' lang='grc' dir='ltr'>ὧν</span> <span class='ocrx_word' id='word_1_315' title='bbox 719 3842 934 3895; x_wconf 88' lang='grc' dir='ltr'>ποιοῦσι</span> <span class='ocrx_word' id='word_1_316' title='bbox 964 3839 1086 3894; x_wconf 88' lang='grc' dir='ltr'>καθ’</span> <span class='ocrx_word' id='word_1_317' title='bbox 1121 3838 1358 3907; x_wconf 88' lang='grc' dir='ltr'>ἐκάστην</span> <span class='ocrx_word' id='word_1_318' title='bbox 1397 3836 1428 3906; x_wconf 78' lang='grc' dir='ltr'>ἢ</span> <span class='ocrx_word' id='word_1_319' title='bbox 1457 3836 1551 3890; x_wconf 78' lang='grc' dir='ltr'>καὶ</span> <span class='ocrx_word' id='word_1_320' title='bbox 1591 3835 1827 3903; x_wconf 85' lang='grc' dir='ltr'>λέγουσι,</span> <span class='ocrx_word' id='word_1_321' title='bbox 1885 3849 2012 3886; x_wconf 86' lang='grc' dir='ltr'>συν-</span> 
     </span>
    </p>
   </div>
   <div class='ocr_carea' id='block_1_42' title="bbox 350 3921 2013 4004">
    <p class='ocr_par' dir='ltr' id='par_1_42' title="bbox 350 3921 2013 4004">
     <span class='ocr_line' id='line_1_42' title="bbox 350 3921 2013 4004; baseline -0.01 -16"><span class='ocrx_word' id='word_1_322' title='bbox 350 3933 670 4004; x_wconf 80' lang='grc' dir='ltr'>ισταμένους</span> <span class='ocrx_word' id='word_1_323' title='bbox 684 3932 883 3991; x_wconf 75' lang='grc' dir='ltr'>αὐτοὺς</span> <span class='ocrx_word' id='word_1_324' title='bbox 903 3929 1193 3996; x_wconf 81' lang='grc' dir='ltr'>ἀποφαίνει</span> <span class='ocrx_word' id='word_1_325' title='bbox 1211 3928 1324 3989; x_wconf 88' lang='grc' dir='ltr'>τοῖς</span> <span class='ocrx_word' id='word_1_326' title='bbox 1333 3927 1430 3995; x_wconf 81' lang='grc' dir='ltr'>τῆς</span> <span class='ocrx_word' id='word_1_327' title='bbox 1452 3923 1711 3994; x_wconf 82' lang='grc' dir='ltr'>ἀληθείας</span> <span class='ocrx_word' id='word_1_328' title='bbox 1730 3921 2013 3991; x_wconf 87' lang='grc' dir='ltr'>δόγμασιν.</span> 
     </span>
    </p>
   </div>
   <div class='ocr_carea' id='block_1_43' title="bbox 362 4006 2019 4089">
    <p class='ocr_par' dir='ltr' id='par_1_43' title="bbox 362 4006 2019 4089">
     <span class='ocr_line' id='line_1_43' title="bbox 362 4006 2019 4089; baseline -0.01 -15"><span class='ocrx_word' id='word_1_329' title='bbox 362 4020 523 4074; x_wconf 77' lang='grc' dir='ltr'>Ἀλλά</span> <span class='ocrx_word' id='word_1_330' title='bbox 546 4018 722 4074; x_wconf 86' lang='grc' dir='ltr'>ταῦτα</span> <span class='ocrx_word' id='word_1_331' title='bbox 763 4019 861 4089; x_wconf 80' lang='grc' dir='ltr'>μὲν</span> <span class='ocrx_word' id='word_1_332' title='bbox 894 4019 950 4071; x_wconf 88' lang='grc' dir='ltr'>ἐν</span> <span class='ocrx_word' id='word_1_333' title='bbox 975 4017 1087 4079; x_wconf 84' lang='grc' dir='ltr'>τοῖς</span> <span class='ocrx_word' id='word_1_334' title='bbox 1125 4014 1281 4085; x_wconf 80' lang='grc' dir='ltr'>ἐξῆς,</span> <span class='ocrx_word' id='word_1_335' title='bbox 1308 4011 1446 4075; x_wconf 87' lang='grc' dir='ltr'>τέως</span> <span class='ocrx_word' id='word_1_336' title='bbox 1478 4011 1535 4065; x_wconf 74' lang='grc' dir='ltr'>δὲ</span> <span class='ocrx_word' id='word_1_337' title='bbox 1577 4009 1685 4062; x_wconf 88' lang='grc' dir='ltr'>τῶν</span> <span class='ocrx_word' id='word_1_338' title='bbox 1724 4006 2019 4079; x_wconf 86' lang='grc' dir='ltr'>προκειμέ-</span> 
     </span>
    </p>
   </div>
   <div class='ocr_carea' id='block_1_44' title="bbox 350 4093 2019 4177">
    <p class='ocr_par' dir='ltr' id='par_1_44' title="bbox 350 4093 2019 4177">
     <span class='ocr_line' id='line_1_44' title="bbox 350 4093 2019 4177; baseline -0.009 -16"><span class='ocrx_word' id='word_1_339' title='bbox 350 4124 456 4161; x_wconf 92' lang='grc' dir='ltr'>νων</span> <span class='ocrx_word' id='word_1_340' title='bbox 494 4103 766 4177; x_wconf 87' lang='grc' dir='ltr'>ἐχώμεθα.</span> <span class='ocrx_word' id='word_1_341' title='bbox 829 4102 1340 4158; x_wconf 76' lang='grc' dir='ltr'>Ἀποκαλύπτεται</span> <span class='ocrx_word' id='word_1_342' title='bbox 1381 4097 1491 4169; x_wconf 70' lang='grc' dir='ltr'>γὰρ</span> <span class='ocrx_word' id='word_1_343' title='bbox 1531 4096 1674 4167; x_wconf 64' lang='grc' dir='ltr'>ὀργὴ</span> <span class='ocrx_word' id='word_1_344' title='bbox 1725 4093 1874 4148; x_wconf 85' lang='grc' dir='ltr'>Θεοῦ</span> <span class='ocrx_word' id='word_1_345' title='bbox 1919 4093 2019 4148; x_wconf 80' lang='grc' dir='ltr'>ἀπ’</span> 
     </span>
    </p>
   </div>
   <div class='ocr_carea' id='block_1_45' title="bbox 349 4181 2017 4262">
    <p class='ocr_par' dir='ltr' id='par_1_45' title="bbox 349 4181 2017 4262">
     <span class='ocr_line' id='line_1_45' title="bbox 349 4181 2017 4262; baseline -0.01 -12"><span class='ocrx_word' id='word_1_346' title='bbox 349 4193 633 4262; x_wconf 83' lang='grc' dir='ltr'>οὐρανοῦ.</span> <span class='ocrx_word' id='word_1_347' title='bbox 669 4192 860 4246; x_wconf 79' lang='grc' dir='ltr'>Καίτοι</span> <span class='ocrx_word' id='word_1_348' title='bbox 901 4191 995 4243; x_wconf 72' lang='grc' dir='ltr'>καὶ</span> <span class='ocrx_word' id='word_1_349' title='bbox 1036 4187 1268 4242; x_wconf 87' lang='grc' dir='ltr'>ἐνταῦθα</span> <span class='ocrx_word' id='word_1_350' title='bbox 1296 4186 1556 4248; x_wconf 82' lang='grc' dir='ltr'>πολλάκις</span> <span class='ocrx_word' id='word_1_351' title='bbox 1596 4183 1752 4236; x_wconf 87' lang='grc' dir='ltr'>τοῦτο</span> <span class='ocrx_word' id='word_1_352' title='bbox 1789 4181 2017 4251; x_wconf 86' lang='grc' dir='ltr'>γίνεται.</span> 
     </span>
    </p>
   </div>
   <div class='ocr_carea' id='block_1_46' title="bbox 351 4267 2024 4349">
    <p class='ocr_par' dir='ltr' id='par_1_46' title="bbox 351 4267 2024 4349">
     <span class='ocr_line' id='line_1_46' title="bbox 351 4267 2024 4349; baseline -0.01 -14"><span class='ocrx_word' id='word_1_353' title='bbox 351 4279 465 4335; x_wconf 78' lang='grc' dir='ltr'>οἷον</span> <span class='ocrx_word' id='word_1_354' title='bbox 510 4282 568 4333; x_wconf 89' lang='grc' dir='ltr'>ἐν</span> <span class='ocrx_word' id='word_1_355' title='bbox 598 4280 775 4349; x_wconf 85' lang='grc' dir='ltr'>λιμοῐς</span> <span class='ocrx_word' id='word_1_356' title='bbox 817 4276 912 4332; x_wconf 68' lang='grc' dir='ltr'>καὶ</span> <span class='ocrx_word' id='word_1_357' title='bbox 954 4276 1161 4346; x_wconf 77' lang='grc' dir='ltr'>λοιμοῖς</span> <span class='ocrx_word' id='word_1_358' title='bbox 1206 4275 1300 4328; x_wconf 71' lang='grc' dir='ltr'>καὶ</span> <span class='ocrx_word' id='word_1_359' title='bbox 1329 4272 1614 4342; x_wconf 83' lang='grc' dir='ltr'>πολέμοις·</span> <span class='ocrx_word' id='word_1_360' title='bbox 1649 4270 1742 4349; x_wconf 71' lang='grc' dir='ltr'>καὶ</span> <span class='ocrx_word' id='word_1_361' title='bbox 1774 4269 1880 4338; x_wconf 83' lang='grc' dir='ltr'>γάρ</span> <span class='ocrx_word' id='word_1_362' title='bbox 1920 4267 2024 4338; x_wconf 84' lang='grc' dir='ltr'>ίδίᾳ</span> 
     </span>
    </p>
   </div>
   <div class='ocr_carea' id='block_1_47' title="bbox 351 4348 2022 4431">
    <p class='ocr_par' dir='ltr' id='par_1_47' title="bbox 351 4348 2022 4431">
     <span class='ocr_line' id='line_1_47' title="bbox 351 4348 2022 4431; baseline -0.011 -12"><span class='ocrx_word' id='word_1_363' title='bbox 351 4366 607 4426; x_wconf 75' lang='grc' dir='ltr'>ἕκαστος,</span> <span class='ocrx_word' id='word_1_364' title='bbox 640 4348 733 4415; x_wconf 73' lang='grc' dir='ltr'>καὶ</span> <span class='ocrx_word' id='word_1_365' title='bbox 770 4362 922 4431; x_wconf 80' lang='grc' dir='ltr'>κοινῇ</span> <span class='ocrx_word' id='word_1_366' title='bbox 957 4358 1156 4422; x_wconf 82' lang='grc' dir='ltr'>πάντες</span> <span class='ocrx_word' id='word_1_367' title='bbox 1193 4356 1532 4421; x_wconf 76' lang='grc' dir='ltr'>κολάζονται.</span> <span class='ocrx_word' id='word_1_368' title='bbox 1566 4354 1631 4407; x_wconf 88' lang='grc' dir='ltr'>Τί</span> <span class='ocrx_word' id='word_1_369' title='bbox 1666 4348 1758 4407; x_wconf 82' lang='grc' dir='ltr'>οὖν</span> <span class='ocrx_word' id='word_1_370' title='bbox 1782 4352 1842 4404; x_wconf 83' lang='lat'>:6</span> <span class='ocrx_word' id='word_1_371' title='bbox 1874 4351 2022 4416; x_wconf 84' lang='grc' dir='ltr'>ξένον</span> 
     </span>
    </p>
   </div>
   <div class='ocr_carea' id='block_1_48' title="bbox 352 4430 2023 4513">
    <p class='ocr_par' dir='ltr' id='par_1_48' title="bbox 352 4430 2023 4513">
     <span class='ocr_line' id='line_1_48' title="bbox 352 4430 2023 4513; baseline -0.011 -13"><span class='ocrx_word' id='word_1_372' title='bbox 352 4447 513 4510; x_wconf 81' lang='grc' dir='ltr'>τότε;</span> <span class='ocrx_word' id='word_1_373' title='bbox 552 4445 675 4497; x_wconf 73' lang='grc' dir='ltr'>Ὀτι</span> <span class='ocrx_word' id='word_1_374' title='bbox 706 4442 801 4498; x_wconf 79' lang='grc' dir='ltr'>καὶ</span> <span class='ocrx_word' id='word_1_375' title='bbox 838 4430 1039 4513; x_wconf 84' lang='grc' dir='ltr'>μείζων</span> <span class='ocrx_word' id='word_1_376' title='bbox 1069 4441 1102 4509; x_wconf 82' lang='grc' dir='ltr'>ἡ</span> <span class='ocrx_word' id='word_1_377' title='bbox 1127 4439 1348 4502; x_wconf 86' lang='grc' dir='ltr'>κόλασις</span> <span class='ocrx_word' id='word_1_378' title='bbox 1380 4437 1474 4490; x_wconf 63' lang='grc' dir='ltr'>καὶ¹</span> <span class='ocrx_word' id='word_1_379' title='bbox 1507 4436 1658 4505; x_wconf 81' lang='grc' dir='ltr'>κοινὴ</span> <span class='ocrx_word' id='word_1_380' title='bbox 1687 4434 1781 4487; x_wconf 71' lang='grc' dir='ltr'>καὶ</span> <span class='ocrx_word' id='word_1_381' title='bbox 1806 4432 1908 4484; x_wconf 84' lang='grc' dir='ltr'>οὐκ</span> <span class='ocrx_word' id='word_1_382' title='bbox 1932 4430 2023 4484; x_wconf 67' lang='grc' dir='ltr'>ἐπὶ</span> 
     </span>
    </p>
   </div>
   <div class='ocr_carea' id='block_1_49' title="bbox 356 4523 2018 4605">
    <p class='ocr_par' dir='ltr' id='par_1_49' title="bbox 356 4523 2018 4605">
     <span class='ocr_line' id='line_1_49' title="bbox 356 4523 2018 4605; baseline -0.011 -13"><span class='ocrx_word' id='word_1_383' title='bbox 356 4541 468 4604; x_wconf 83' lang='grc' dir='ltr'>τοῖς</span> <span class='ocrx_word' id='word_1_384' title='bbox 506 4537 712 4596; x_wconf 80' lang='grc' dir='ltr'>αὐτοῖς·</span> <span class='ocrx_word' id='word_1_385' title='bbox 743 4535 837 4589; x_wconf 89' lang='grc' dir='ltr'>νῦν</span> <span class='ocrx_word' id='word_1_386' title='bbox 880 4534 978 4605; x_wconf 82' lang='grc' dir='ltr'>μὲν</span> <span class='ocrx_word' id='word_1_387' title='bbox 1019 4532 1126 4603; x_wconf 84' lang='grc' dir='ltr'>γάρ</span> <span class='ocrx_word' id='word_1_388' title='bbox 1153 4530 1290 4602; x_wconf 79' lang='grc' dir='ltr'>πρὸς</span> <span class='ocrx_word' id='word_1_389' title='bbox 1323 4527 1609 4597; x_wconf 86' lang='grc' dir='ltr'>διόρθωσιν</span> <span class='ocrx_word' id='word_1_390' title='bbox 1643 4525 1710 4577; x_wconf 78' lang='grc' dir='ltr'>τά</span> <span class='ocrx_word' id='word_1_391' title='bbox 1739 4523 2018 4593; x_wconf 75' lang='grc' dir='ltr'>γινόμενα,</span> 
     </span>
    </p>
   </div>
   <div class='ocr_carea' id='block_1_50' title="bbox 355 4608 2020 4694">
    <p class='ocr_par' dir='ltr' id='par_1_50' title="bbox 355 4608 2020 4694">
     <span class='ocr_line' id='line_1_50' title="bbox 355 4608 2020 4694; baseline -0.012 -16"><span class='ocrx_word' id='word_1_392' title='bbox 355 4624 478 4678; x_wconf 85' lang='grc' dir='ltr'>τότε</span> <span class='ocrx_word' id='word_1_393' title='bbox 505 4624 562 4676; x_wconf 78' lang='grc' dir='ltr'>δὲ</span> <span class='ocrx_word' id='word_1_394' title='bbox 584 4622 721 4694; x_wconf 77' lang='grc' dir='ltr'>πρὸς</span> <span class='ocrx_word' id='word_1_395' title='bbox 739 4621 1007 4692; x_wconf 82' lang='grc' dir='ltr'>τιμωρίαν</span> <span class='ocrx_word' id='word_1_396' title='bbox 1024 4635 1037 4649; x_wconf 89' lang='grc'>·</span> <span class='ocrx_word' id='word_1_397' title='bbox 1065 4620 1200 4689; x_wconf 83' lang='grc' dir='ltr'>ὅπερ</span> <span class='ocrx_word' id='word_1_398' title='bbox 1225 4615 1318 4670; x_wconf 73' lang='grc' dir='ltr'>καὶ</span> <span class='ocrx_word' id='word_1_399' title='bbox 1337 4617 1365 4669; x_wconf 92' lang='lat'>6</span> <span class='ocrx_word' id='word_1_400' title='bbox 1390 4611 1603 4675; x_wconf 84' lang='grc' dir='ltr'>Παῦλος</span> <span class='ocrx_word' id='word_1_401' title='bbox 1623 4610 1797 4680; x_wconf 87' lang='grc' dir='ltr'>δηλῶν</span> <span class='ocrx_word' id='word_1_402' title='bbox 1818 4608 2020 4674; x_wconf 70' lang='grc' dir='ltr'>ἔλεγεν,</span> 
     </span>
    </p>
   </div>
   <div class='ocr_carea' id='block_1_51' title="bbox 357 4699 2027 4777">
    <p class='ocr_par' dir='ltr' id='par_1_51' title="bbox 357 4699 2027 4777">
     <span class='ocr_line' id='line_1_51' title="bbox 357 4699 2027 4777; baseline -0.01 -13"><span class='ocrx_word' id='word_1_403' title='bbox 357 4712 445 4764; x_wconf 78' lang='grc' dir='ltr'>ὅτι</span> <span class='ocrx_word' id='word_1_404' title='bbox 470 4709 875 4777; x_wconf 84' lang='grc' dir='ltr'>Παιδευόμεθα</span> <span class='ocrx_word' id='word_1_405' title='bbox 893 4706 1031 4772; x_wconf 81' lang='grc' dir='ltr'>νῦν,</span> <span class='ocrx_word' id='word_1_406' title='bbox 1054 4707 1155 4758; x_wconf 78' lang='grc' dir='ltr'>ἵνα</span> <span class='ocrx_word' id='word_1_407' title='bbox 1172 4702 1256 4774; x_wconf 82' lang='grc' dir='ltr'>μὴ</span> <span class='ocrx_word' id='word_1_408' title='bbox 1273 4701 1395 4756; x_wconf 87' lang='grc' dir='ltr'>σὺν</span> <span class='ocrx_word' id='word_1_409' title='bbox 1423 4699 1501 4765; x_wconf 87' lang='grc' dir='ltr'>τῷ</span> <span class='ocrx_word' id='word_1_410' title='bbox 1527 4700 1734 4767; x_wconf 84' lang='grc' dir='ltr'>κόσμῳ</span> <span class='ocrx_word' id='word_1_411' title='bbox 1758 4712 2027 4763; x_wconf 79' lang='grc' dir='ltr'>κατακρι-</span> 
     </span>
    </p>
   </div>
   <div class='ocr_carea' id='block_1_52' title="bbox 360 4781 2026 4865">
    <p class='ocr_par' dir='ltr' id='par_1_52' title="bbox 360 4781 2026 4865">
     <span class='ocr_line' id='line_1_52' title="bbox 360 4781 2026 4865; baseline -0.011 -13"><span class='ocrx_word' id='word_1_412' title='bbox 360 4797 573 4865; x_wconf 83' lang='grc' dir='ltr'>θῶμεν.</span> <span class='ocrx_word' id='word_1_413' title='bbox 611 4796 722 4849; x_wconf 83' lang='lat' dir='ltr'><strong><em>Kal</em></strong></span> <span class='ocrx_word' id='word_1_414' title='bbox 764 4794 857 4848; x_wconf 89' lang='grc' dir='ltr'>νῦν</span> <span class='ocrx_word' id='word_1_415' title='bbox 891 4793 990 4864; x_wconf 81' lang='grc' dir='ltr'>μὲν</span> <span class='ocrx_word' id='word_1_416' title='bbox 1033 4792 1093 4845; x_wconf 79' lang='grc' dir='ltr'>ού</span> <span class='ocrx_word' id='word_1_417' title='bbox 1118 4791 1204 4845; x_wconf 89' lang='grc' dir='ltr'>διά</span> <span class='ocrx_word' id='word_1_418' title='bbox 1239 4790 1338 4860; x_wconf 81' lang='grc' dir='ltr'>τήν</span> <span class='ocrx_word' id='word_1_419' title='bbox 1368 4787 1574 4841; x_wconf 79' lang='grc' dir='ltr'>ἄνωθεν</span> <span class='ocrx_word' id='word_1_420' title='bbox 1602 4785 1772 4856; x_wconf 83' lang='grc' dir='ltr'>ὀργὴν</span> <span class='ocrx_word' id='word_1_421' title='bbox 1812 4781 2026 4844; x_wconf 86' lang='grc' dir='ltr'>πολλοῖς</span> 
     </span>
    </p>
   </div>
   <div class='ocr_carea' id='block_1_53' title="bbox 360 4871 2023 4948">
    <p class='ocr_par' dir='ltr' id='par_1_53' title="bbox 360 4871 2023 4948">
     <span class='ocr_line' id='line_1_53' title="bbox 360 4871 2023 4948; baseline -0.01 -11"><span class='ocrx_word' id='word_1_422' title='bbox 360 4883 508 4937; x_wconf 87' lang='grc' dir='ltr'>δοκεῖ</span> <span class='ocrx_word' id='word_1_423' title='bbox 531 4882 600 4936; x_wconf 78' lang='grc' dir='ltr'>τά</span> <span class='ocrx_word' id='word_1_424' title='bbox 624 4879 796 4934; x_wconf 86' lang='grc' dir='ltr'>πολλά</span> <span class='ocrx_word' id='word_1_425' title='bbox 833 4878 1103 4948; x_wconf 86' lang='grc' dir='ltr'>γίνεσθαι,</span> <span class='ocrx_word' id='word_1_426' title='bbox 1128 4876 1262 4931; x_wconf 88' lang='grc' dir='ltr'>ἀλλά</span> <span class='ocrx_word' id='word_1_427' title='bbox 1285 4875 1352 4929; x_wconf 88' lang='grc' dir='ltr'>δι’</span> <span class='ocrx_word' id='word_1_428' title='bbox 1378 4871 1681 4944; x_wconf 84' lang='grc' dir='ltr'>ἀνθρώπων</span> <span class='ocrx_word' id='word_1_429' title='bbox 1730 4871 1994 4942; x_wconf 84' lang='grc' dir='ltr'>ἐπήρειαν</span> <span class='ocrx_word' id='word_1_430' title='bbox 2010 4883 2023 4898; x_wconf 90' lang='grc'>·</span> 
     </span>
    </p>
   </div>
   <div class='ocr_carea' id='block_1_54' title="bbox 361 4958 2029 5038">
    <p class='ocr_par' dir='ltr' id='par_1_54' title="bbox 361 4958 2029 5038">
     <span class='ocr_line' id='line_1_54' title="bbox 361 4958 2029 5038; baseline -0.009 -15"><span class='ocrx_word' id='word_1_431' title='bbox 361 4969 484 5023; x_wconf 72' lang='grc' dir='ltr'>τότε</span> <span class='ocrx_word' id='word_1_432' title='bbox 521 4969 580 5022; x_wconf 73' lang='grc' dir='ltr'>δὲ</span> <span class='ocrx_word' id='word_1_433' title='bbox 624 4968 835 5038; x_wconf 84' lang='grc' dir='ltr'>φανερά</span> <span class='ocrx_word' id='word_1_434' title='bbox 868 4967 1021 5021; x_wconf 76' lang='grc' dir='ltr'>ἔσται</span> <span class='ocrx_word' id='word_1_435' title='bbox 1061 4968 1094 5036; x_wconf 83' lang='grc' dir='ltr'>ἡ</span> <span class='ocrx_word' id='word_1_436' title='bbox 1129 4965 1282 5037; x_wconf 83' lang='grc' dir='ltr'>παρὰ</span> <span class='ocrx_word' id='word_1_437' title='bbox 1318 4962 1410 5017; x_wconf 91' lang='grc' dir='ltr'>τοῦ</span> <span class='ocrx_word' id='word_1_438' title='bbox 1442 4961 1578 5015; x_wconf 84' lang='grc' dir='ltr'>Θεοῦ</span> <span class='ocrx_word' id='word_1_439' title='bbox 1612 4959 1854 5021; x_wconf 88' lang='grc' dir='ltr'>κόλασις,</span> <span class='ocrx_word' id='word_1_440' title='bbox 1898 4958 2029 5010; x_wconf 86' lang='grc' dir='ltr'>ὅταν</span> 
     </span>
    </p>
   </div>
   <div class='ocr_carea' id='block_1_55' title="bbox 364 5045 2030 5128">
    <p class='ocr_par' dir='ltr' id='par_1_55' title="bbox 364 5045 2030 5128">
     <span class='ocr_line' id='line_1_55' title="bbox 364 5045 2030 5128; baseline -0.008 -17"><span class='ocrx_word' id='word_1_441' title='bbox 364 5059 669 5128; x_wconf 79' lang='grc' dir='ltr'>καθήμενος</span> <span class='ocrx_word' id='word_1_442' title='bbox 693 5057 787 5110; x_wconf 83' lang='grc' dir='ltr'>ἐπὶ</span> <span class='ocrx_word' id='word_1_443' title='bbox 815 5054 909 5109; x_wconf 91' lang='grc' dir='ltr'>τοῦ</span> <span class='ocrx_word' id='word_1_444' title='bbox 945 5053 1176 5125; x_wconf 88' lang='grc' dir='ltr'>φοϐεροῦ</span> <span class='ocrx_word' id='word_1_445' title='bbox 1208 5052 1448 5124; x_wconf 79' lang='grc' dir='ltr'>βήματος</span> <span class='ocrx_word' id='word_1_446' title='bbox 1476 5052 1504 5103; x_wconf 90' lang='grc' dir='ltr'>ὀ</span> <span class='ocrx_word' id='word_1_447' title='bbox 1529 5049 1741 5120; x_wconf 82' lang='grc' dir='ltr'>κριτὴς,</span> <span class='ocrx_word' id='word_1_448' title='bbox 1773 5048 1900 5110; x_wconf 81' lang='grc' dir='ltr'>τοὺς</span> <span class='ocrx_word' id='word_1_449' title='bbox 1932 5045 2030 5115; x_wconf 77' lang='grc' dir='ltr'>μὲν</span> 
     </span>
    </p>
   </div>
   <div class='ocr_carea' id='block_1_56' title="bbox 367 5133 2032 5213">
    <p class='ocr_par' dir='ltr' id='par_1_56' title="bbox 367 5133 2032 5213">
     <span class='ocr_line' id='line_1_56' title="bbox 367 5133 2032 5213; baseline -0.007 -17"><span class='ocrx_word' id='word_1_450' title='bbox 367 5144 459 5197; x_wconf 79' lang='grc' dir='ltr'>ἐπὶ</span> <span class='ocrx_word' id='word_1_451' title='bbox 481 5144 579 5207; x_wconf 87' lang='grc' dir='ltr'>τάς</span> <span class='ocrx_word' id='word_1_452' title='bbox 603 5143 866 5213; x_wconf 86' lang='grc' dir='ltr'>καμίνους</span> <span class='ocrx_word' id='word_1_453' title='bbox 888 5142 1141 5195; x_wconf 69' lang='grc' dir='ltr'>ἕλκεσθαι</span> <span class='ocrx_word' id='word_1_454' title='bbox 1167 5139 1384 5209; x_wconf 79' lang='grc' dir='ltr'>κελεύῃ,</span> <span class='ocrx_word' id='word_1_455' title='bbox 1411 5139 1537 5201; x_wconf 76' lang='grc' dir='ltr'>τοὺς</span> <span class='ocrx_word' id='word_1_456' title='bbox 1564 5139 1617 5190; x_wconf 80' lang='grc' dir='ltr'>δὲ</span> <span class='ocrx_word' id='word_1_457' title='bbox 1648 5137 1740 5190; x_wconf 78' lang='grc' dir='ltr'>ἐπὶ</span> <span class='ocrx_word' id='word_1_458' title='bbox 1762 5133 1821 5188; x_wconf 86' lang='lat'>:6</span> <span class='ocrx_word' id='word_1_459' title='bbox 1843 5134 2032 5196; x_wconf 87' lang='grc' dir='ltr'>σκότος</span> 
     </span>
    </p>
   </div>
   <div class='ocr_carea' id='block_1_57' title="bbox 365 5223 2033 5302">
    <p class='ocr_par' dir='ltr' id='par_1_57' title="bbox 365 5223 2033 5302">
     <span class='ocr_line' id='line_1_57' title="bbox 365 5223 2033 5302; baseline -0.005 -17"><span class='ocrx_word' id='word_1_460' title='bbox 365 5231 427 5285; x_wconf 84' lang='lat'>:6</span> <span class='ocrx_word' id='word_1_461' title='bbox 446 5230 870 5302; x_wconf 80' lang='grc' dir='ltr'>ἐξώτερον,τοὺς</span> <span class='ocrx_word' id='word_1_462' title='bbox 897 5231 953 5283; x_wconf 83' lang='grc' dir='ltr'>δὲ</span> <span class='ocrx_word' id='word_1_463' title='bbox 978 5229 1065 5282; x_wconf 85' lang='grc' dir='ltr'>ἐπ’</span> <span class='ocrx_word' id='word_1_464' title='bbox 1091 5227 1258 5290; x_wconf 76' lang='grc' dir='ltr'>ἄλλας</span> <span class='ocrx_word' id='word_1_465' title='bbox 1282 5226 1689 5297; x_wconf 81' lang='grc' dir='ltr'>ἀπαραιτήτους</span> <span class='ocrx_word' id='word_1_466' title='bbox 1707 5225 1802 5278; x_wconf 69' lang='grc' dir='ltr'>καὶ</span> <span class='ocrx_word' id='word_1_467' title='bbox 1820 5223 2033 5293; x_wconf 81' lang='grc' dir='ltr'>ἀφορή-</span> 
     </span>
    </p>
   </div>
   <div class='ocr_carea' id='block_1_58' title="bbox 368 5307 2030 5384">
    <p class='ocr_par' dir='ltr' id='par_1_58' title="bbox 368 5307 2030 5384">
     <span class='ocr_line' id='line_1_58' title="bbox 368 5307 2030 5384; baseline -0.007 -11"><span class='ocrx_word' id='word_1_468' title='bbox 368 5336 496 5384; x_wconf 88' lang='grc' dir='ltr'>τους</span> <span class='ocrx_word' id='word_1_469' title='bbox 555 5318 826 5381; x_wconf 82' lang='grc' dir='ltr'>κολάσεις.</span> <span class='ocrx_word' id='word_1_470' title='bbox 849 5317 959 5371; x_wconf 80' lang='lat' dir='ltr'><strong><em>Kal</em></strong></span> <span class='ocrx_word' id='word_1_471' title='bbox 986 5316 1132 5377; x_wconf 90' lang='grc' dir='ltr'>τίνος</span> <span class='ocrx_word' id='word_1_472' title='bbox 1150 5313 1336 5366; x_wconf 74' lang='grc' dir='ltr'>ἕνεκεν</span> <span class='ocrx_word' id='word_1_473' title='bbox 1354 5314 1452 5381; x_wconf 80' lang='grc' dir='ltr'>οὐχ</span> <span class='ocrx_word' id='word_1_474' title='bbox 1473 5311 1648 5374; x_wconf 74' lang='grc' dir='ltr'>οὕτως</span> <span class='ocrx_word' id='word_1_475' title='bbox 1675 5307 1796 5363; x_wconf 78' lang='grc' dir='ltr'>εἷπε</span> <span class='ocrx_word' id='word_1_476' title='bbox 1822 5310 2030 5375; x_wconf 66' lang='grc' dir='ltr'>σαφῶς,</span> 
     </span>
    </p>
   </div>
   <div class='ocr_carea' id='block_1_59' title="bbox 370 5396 2031 5472">
    <p class='ocr_par' dir='ltr' id='par_1_59' title="bbox 370 5396 2031 5472">
     <span class='ocr_line' id='line_1_59' title="bbox 370 5396 2031 5472; baseline -0.008 -12"><span class='ocrx_word' id='word_1_477' title='bbox 370 5401 482 5462; x_wconf 74' lang='grc' dir='ltr'>οἷον</span> <span class='ocrx_word' id='word_1_478' title='bbox 507 5408 590 5461; x_wconf 85' lang='grc' dir='ltr'>ὃτι</span> <span class='ocrx_word' id='word_1_479' title='bbox 617 5409 646 5461; x_wconf 90' lang='lat'>6</span> <span class='ocrx_word' id='word_1_480' title='bbox 676 5405 805 5469; x_wconf 82' lang='grc' dir='ltr'>Υἱὸς</span> <span class='ocrx_word' id='word_1_481' title='bbox 835 5403 930 5458; x_wconf 87' lang='grc' dir='ltr'>τοῦ</span> <span class='ocrx_word' id='word_1_482' title='bbox 959 5404 1095 5458; x_wconf 84' lang='grc' dir='ltr'>Θεοῦ</span> <span class='ocrx_word' id='word_1_483' title='bbox 1128 5401 1311 5472; x_wconf 82' lang='grc' dir='ltr'>μέλλει</span> <span class='ocrx_word' id='word_1_484' title='bbox 1340 5397 1732 5471; x_wconf 86' lang='grc' dir='ltr'>παραγίνεσθαι</span> <span class='ocrx_word' id='word_1_485' title='bbox 1761 5396 1898 5465; x_wconf 85' lang='grc' dir='ltr'>μετὰ</span> <span class='ocrx_word' id='word_1_486' title='bbox 1930 5413 2031 5466; x_wconf 80' lang='grc' dir='ltr'>μυ-</span> 
     </span>
    </p>
   </div>
   <div class='ocr_carea' id='block_1_60' title="bbox 376 5482 2035 5566">
    <p class='ocr_par' dir='ltr' id='par_1_60' title="bbox 376 5482 2035 5566">
     <span class='ocr_line' id='line_1_60' title="bbox 376 5482 2035 5566; baseline -0.009 -17"><span class='ocrx_word' id='word_1_487' title='bbox 376 5495 507 5566; x_wconf 86' lang='grc' dir='ltr'>ρίων</span> <span class='ocrx_word' id='word_1_488' title='bbox 530 5493 801 5562; x_wconf 79' lang='grc' dir='ltr'>ἀγγέλων,</span> <span class='ocrx_word' id='word_1_489' title='bbox 832 5496 926 5546; x_wconf 83' lang='grc' dir='ltr'>καὶ</span> <span class='ocrx_word' id='word_1_490' title='bbox 952 5491 1053 5553; x_wconf 84' lang='grc' dir='ltr'>τάς</span> <span class='ocrx_word' id='word_1_491' title='bbox 1097 5487 1327 5548; x_wconf 78' lang='grc' dir='ltr'>εὐθύνας</span> <span class='ocrx_word' id='word_1_492' title='bbox 1361 5486 1608 5539; x_wconf 79' lang='grc' dir='ltr'>ἀπαιτεῖν</span> <span class='ocrx_word' id='word_1_493' title='bbox 1636 5483 1885 5543; x_wconf 76' lang='grc' dir='ltr'>ἕκαστον,</span> <span class='ocrx_word' id='word_1_494' title='bbox 1920 5482 2035 5535; x_wconf 77' lang='grc' dir='ltr'>ἀλλ’</span> 
     </span>
    </p>
   </div>
   <div class='ocr_carea' id='block_1_61' title="bbox 372 5562 2038 5646">
    <p class='ocr_par' dir='ltr' id='par_1_61' title="bbox 372 5562 2038 5646">
     <span class='ocr_line' id='line_1_61' title="bbox 372 5562 2038 5646; baseline -0.01 -10"><span class='ocrx_word' id='word_1_495' title='bbox 372 5581 455 5636; x_wconf 77' lang='grc' dir='ltr'>ὅτι</span> <span class='ocrx_word' id='word_1_496' title='bbox 499 5579 1002 5634; x_wconf 78' lang='grc' dir='ltr'>Ἆποκαλύπτεται</span> <span class='ocrx_word' id='word_1_497' title='bbox 1040 5574 1184 5646; x_wconf 76' lang='grc' dir='ltr'>ὀργὴ</span> <span class='ocrx_word' id='word_1_498' title='bbox 1227 5571 1374 5627; x_wconf 82' lang='grc' dir='ltr'>Θεοῦ</span> <span class='ocrx_word' id='word_1_499' title='bbox 1386 5587 1406 5635; x_wconf 89' lang='grc'><strong><em>;</em></strong></span> <span class='ocrx_word' id='word_1_500' title='bbox 1437 5570 1558 5622; x_wconf 86' lang='grc' dir='ltr'>Τῶν</span> <span class='ocrx_word' id='word_1_501' title='bbox 1589 5568 1860 5636; x_wconf 81' lang='grc' dir='ltr'>νεοφύτων</span> <span class='ocrx_word' id='word_1_502' title='bbox 1898 5562 2038 5638; x_wconf 77' lang='grc' dir='ltr'>ἦσαν</span> 
     </span>
    </p>
   </div>
   <div class='ocr_carea' id='block_1_62' title="bbox 374 5653 2040 5728">
    <p class='ocr_par' dir='ltr' id='par_1_62' title="bbox 374 5653 2040 5728">
     <span class='ocr_line' id='line_1_62' title="bbox 374 5653 2040 5728; baseline -0.009 -7"><span class='ocrx_word' id='word_1_503' title='bbox 374 5667 427 5721; x_wconf 84' lang='grc' dir='ltr'>οἰ</span> <span class='ocrx_word' id='word_1_504' title='bbox 452 5666 743 5728; x_wconf 87' lang='grc' dir='ltr'>ἀκούοντες</span> <span class='ocrx_word' id='word_1_505' title='bbox 784 5665 891 5717; x_wconf 63' lang='grc' dir='ltr'>ἔτι·</span> <span class='ocrx_word' id='word_1_506' title='bbox 932 5663 1019 5718; x_wconf 88' lang='grc' dir='ltr'>διά</span> <span class='ocrx_word' id='word_1_507' title='bbox 1052 5663 1209 5716; x_wconf 89' lang='grc' dir='ltr'>τοῦτο</span> <span class='ocrx_word' id='word_1_508' title='bbox 1236 5659 1344 5715; x_wconf 83' lang='grc' dir='ltr'>ἀπὸ</span> <span class='ocrx_word' id='word_1_509' title='bbox 1369 5658 1477 5711; x_wconf 88' lang='grc' dir='ltr'>τῶν</span> <span class='ocrx_word' id='word_1_510' title='bbox 1528 5655 1732 5726; x_wconf 81' lang='grc' dir='ltr'>σφόδρα</span> <span class='ocrx_word' id='word_1_511' title='bbox 1760 5653 2040 5726; x_wconf 80' lang='grc' dir='ltr'>ὡμολογη-</span> 
     </span>
    </p>
   </div>
   <div class='ocr_carea' id='block_1_63' title="bbox 381 5740 2038 5824">
    <p class='ocr_par' dir='ltr' id='par_1_63' title="bbox 381 5740 2038 5824">
     <span class='ocr_line' id='line_1_63' title="bbox 381 5740 2038 5824; baseline -0.008 -17"><span class='ocrx_word' id='word_1_512' title='bbox 381 5752 558 5824; x_wconf 81' lang='grc' dir='ltr'>μένων</span> <span class='ocrx_word' id='word_1_513' title='bbox 582 5753 710 5822; x_wconf 79' lang='grc' dir='ltr'>παρ’</span> <span class='ocrx_word' id='word_1_514' title='bbox 741 5751 924 5814; x_wconf 85' lang='grc' dir='ltr'>αὐτοῖς</span> <span class='ocrx_word' id='word_1_515' title='bbox 955 5750 1169 5821; x_wconf 86' lang='grc' dir='ltr'>πρῶτον</span> <span class='ocrx_word' id='word_1_516' title='bbox 1194 5746 1391 5807; x_wconf 71' lang='grc' dir='ltr'>αὐτοὺς</span> <span class='ocrx_word' id='word_1_517' title='bbox 1418 5743 1733 5798; x_wconf 81' lang='grc' dir='ltr'>ἐπισπᾶται.</span> <span class='ocrx_word' id='word_1_518' title='bbox 1773 5740 1956 5811; x_wconf 76' lang='grc' dir='ltr'>Χωρίς</span> <span class='ocrx_word' id='word_1_519' title='bbox 1982 5741 2038 5794; x_wconf 85' lang='grc' dir='ltr'>δὲ</span> 
     </span>
    </p>
   </div>
   <div class='ocr_carea' id='block_1_64' title="bbox 377 5823 2039 5907">
    <p class='ocr_par' dir='ltr' id='par_1_64' title="bbox 377 5823 2039 5907">
     <span class='ocr_line' id='line_1_64' title="bbox 377 5823 2039 5907; baseline -0.007 -19"><span class='ocrx_word' id='word_1_520' title='bbox 377 5823 488 5888; x_wconf 75' lang='grc' dir='ltr'>τῶν</span> <span class='ocrx_word' id='word_1_521' title='bbox 530 5832 864 5907; x_wconf 83' lang='grc' dir='ltr'>εἰρημένων,</span> <span class='ocrx_word' id='word_1_522' title='bbox 910 5832 1000 5884; x_wconf 67' lang='grc' dir='ltr'>καὶ</span> <span class='ocrx_word' id='word_1_523' title='bbox 1040 5830 1174 5902; x_wconf 78' lang='grc' dir='ltr'>πρὸς</span> <span class='ocrx_word' id='word_1_524' title='bbox 1223 5828 1488 5899; x_wconf 85' lang='grc' dir='ltr'>’Έλληνας</span> <span class='ocrx_word' id='word_1_525' title='bbox 1536 5823 1913 5880; x_wconf 81' lang='grc' dir='ltr'>ἀποτείνεσθαί</span> <span class='ocrx_word' id='word_1_526' title='bbox 1950 5840 2039 5896; x_wconf 89' lang='grc' dir='ltr'>μοι</span> 
     </span>
    </p>
   </div>
   <div class='ocr_carea' id='block_1_65' title="bbox 441 5932 1243 5997">
    <p class='ocr_par' dir='ltr' id='par_1_65' title="bbox 441 5932 1243 5997">
     <span class='ocr_line' id='line_1_65' title="bbox 441 5932 1243 5997; baseline -0.006 -10"><span class='ocrx_word' id='word_1_527' title='bbox 441 5936 461 5962; x_wconf 89' lang='grc'><strong>⁸</strong></span> <span class='ocrx_word' id='word_1_528' title='bbox 495 5937 656 5997; x_wconf 72' lang='lat' dir='ltr'>Alius,</span> <span class='ocrx_word' id='word_1_529' title='bbox 677 5935 757 5984; x_wconf 72' lang='grc' dir='ltr'>καὶ</span> <span class='ocrx_word' id='word_1_530' title='bbox 778 5934 865 5997; x_wconf 78' lang='grc' dir='ltr'>οὐχ</span> <span class='ocrx_word' id='word_1_531' title='bbox 890 5936 1051 5990; x_wconf 80' lang='grc' dir='ltr'>ἁπλῶς</span> <span class='ocrx_word' id='word_1_532' title='bbox 1078 5932 1243 5983; x_wconf 75' lang='grc' dir='ltr'>ταῦτα,</span> 
     </span>
    </p>
   </div>
   <div class='ocr_carea' id='block_1_66' title="bbox 2069 713 3738 788">
    <p class='ocr_par' dir='ltr' id='par_1_66' title="bbox 2069 713 3738 788">
     <span class='ocr_line' id='line_1_66' title="bbox 2069 713 3738 788; baseline -0.002 -15"><span class='ocrx_word' id='word_1_533' title='bbox 2069 721 2245 773; x_wconf 86' lang='grc' dir='ltr'>δοκεῖ·</span> <span class='ocrx_word' id='word_1_534' title='bbox 2277 719 2356 773; x_wconf 80' lang='lat'><strong>6.6</strong></span> <span class='ocrx_word' id='word_1_535' title='bbox 2398 718 2489 774; x_wconf 81' lang='grc' dir='ltr'>καί</span> <span class='ocrx_word' id='word_1_536' title='bbox 2520 716 2769 772; x_wconf 77' lang='grc' dir='ltr'>ἐντεῦθεν</span> <span class='ocrx_word' id='word_1_537' title='bbox 2802 714 3249 788; x_wconf 79' lang='grc' dir='ltr'>προοιμιάζεται·</span> <span class='ocrx_word' id='word_1_538' title='bbox 3280 713 3504 784; x_wconf 78' lang='grc' dir='ltr'>ὕστερον</span> <span class='ocrx_word' id='word_1_539' title='bbox 3541 714 3597 768; x_wconf 81' lang='grc' dir='ltr'>δὲ</span> <span class='ocrx_word' id='word_1_540' title='bbox 3641 715 3738 769; x_wconf 78' lang='grc' dir='ltr'>καὶ</span> 
     </span>
    </p>
   </div>
   <div class='ocr_carea' id='block_1_67' title="bbox 2069 799 3741 875">
    <p class='ocr_par' dir='ltr' id='par_1_67' title="bbox 2069 799 3741 875">
     <span class='ocr_line' id='line_1_67' title="bbox 2069 799 3741 875; baseline -0.002 -16"><span class='ocrx_word' id='word_1_541' title='bbox 2069 806 2160 859; x_wconf 72' lang='grc' dir='ltr'>τὸν</span> <span class='ocrx_word' id='word_1_542' title='bbox 2191 806 2319 875; x_wconf 84' lang='grc' dir='ltr'>περί</span> <span class='ocrx_word' id='word_1_543' title='bbox 2349 805 2449 874; x_wconf 76' lang='grc' dir='ltr'>τῆς</span> <span class='ocrx_word' id='word_1_544' title='bbox 2493 803 2725 874; x_wconf 87' lang='grc' dir='ltr'>κρίσεως</span> <span class='ocrx_word' id='word_1_545' title='bbox 2754 800 2847 856; x_wconf 88' lang='grc' dir='ltr'>τοῦ</span> <span class='ocrx_word' id='word_1_546' title='bbox 2879 799 3115 871; x_wconf 84' lang='grc' dir='ltr'>Χριστοῦ</span> <span class='ocrx_word' id='word_1_547' title='bbox 3147 800 3303 869; x_wconf 88' lang='grc' dir='ltr'>λόγον</span> <span class='ocrx_word' id='word_1_548' title='bbox 3335 800 3564 869; x_wconf 79' lang='grc' dir='ltr'>εἰσάγει.</span> <span class='ocrx_word' id='word_1_549' title='bbox 3612 801 3741 855; x_wconf 77' lang='grc' dir='ltr'>Ἐπί</span> 
     </span>
    </p>
   </div>
   <div class='ocr_carea' id='block_1_68' title="bbox 2072 887 3744 956">
    <p class='ocr_par' dir='ltr' id='par_1_68' title="bbox 2072 887 3744 956">
     <span class='ocr_line' id='line_1_68' title="bbox 2072 887 3744 956; baseline -0.002 -10"><span class='ocrx_word' id='word_1_550' title='bbox 2072 892 2280 947; x_wconf 85' lang='grc' dir='ltr'>πᾶσαν</span> <span class='ocrx_word' id='word_1_551' title='bbox 2322 893 2606 948; x_wconf 82' lang='grc' dir='ltr'>ἀσέϐειαν</span> <span class='ocrx_word' id='word_1_552' title='bbox 2657 891 2756 945; x_wconf 86' lang='grc' dir='ltr'>καὶ</span> <span class='ocrx_word' id='word_1_553' title='bbox 2807 889 3050 945; x_wconf 82' lang='grc' dir='ltr'>ἀδικίαν</span> <span class='ocrx_word' id='word_1_554' title='bbox 3097 887 3423 955; x_wconf 83' lang='grc' dir='ltr'>ἀνθρώπων</span> <span class='ocrx_word' id='word_1_555' title='bbox 3472 889 3590 942; x_wconf 84' lang='grc' dir='ltr'>τῶν</span> <span class='ocrx_word' id='word_1_556' title='bbox 3626 888 3744 956; x_wconf 77' lang='grc' dir='ltr'>τὴν</span> 
     </span>
    </p>
   </div>
   <div class='ocr_carea' id='block_1_69' title="bbox 2074 975 3740 1050">
    <p class='ocr_par' dir='ltr' id='par_1_69' title="bbox 2074 975 3740 1050">
     <span class='ocr_line' id='line_1_69' title="bbox 2074 975 3740 1050; baseline -0.004 -14"><span class='ocrx_word' id='word_1_557' title='bbox 2074 982 2365 1050; x_wconf 72' lang='grc' dir='ltr'>ἀλήθειαν</span> <span class='ocrx_word' id='word_1_558' title='bbox 2394 980 2465 1033; x_wconf 85' lang='grc' dir='ltr'>ἐν</span> <span class='ocrx_word' id='word_1_559' title='bbox 2494 978 2696 1045; x_wconf 78' lang='grc' dir='ltr'>ἀδικίῃ</span> <span class='ocrx_word' id='word_1_560' title='bbox 2725 979 3120 1045; x_wconf 73' lang='grc' dir='ltr'>κατεχόντων.</span> <span class='ocrx_word' id='word_1_561' title='bbox 3163 975 3425 1029; x_wconf 82' lang='grc' dir='ltr'>Ἐνταῦθα</span> <span class='ocrx_word' id='word_1_562' title='bbox 3449 976 3740 1043; x_wconf 85' lang='grc' dir='ltr'>δείκνυσιν,</span> 
     </span>
    </p>
   </div>
   <div class='ocr_carea' id='block_1_70' title="bbox 2074 1063 3742 1136">
    <p class='ocr_par' dir='ltr' id='par_1_70' title="bbox 2074 1063 3742 1136">
     <span class='ocr_line' id='line_1_70' title="bbox 2074 1063 3742 1136; baseline -0.003 -13"><span class='ocrx_word' id='word_1_563' title='bbox 2074 1069 2156 1123; x_wconf 81' lang='grc' dir='ltr'>ὅτι</span> <span class='ocrx_word' id='word_1_564' title='bbox 2180 1068 2373 1122; x_wconf 75' lang='grc' dir='ltr'>πολλαὶ</span> <span class='ocrx_word' id='word_1_565' title='bbox 2402 1065 2503 1136; x_wconf 71' lang='grc' dir='ltr'>τῆς</span> <span class='ocrx_word' id='word_1_566' title='bbox 2533 1066 2786 1129; x_wconf 83' lang='grc' dir='ltr'>ἀσεϐείας</span> <span class='ocrx_word' id='word_1_567' title='bbox 2811 1068 2866 1118; x_wconf 73' lang='lat' dir='ltr'>al</span> <span class='ocrx_word' id='word_1_568' title='bbox 2892 1064 3022 1126; x_wconf 84' lang='lat' dir='ltr'><strong>660l,</strong></span> <span class='ocrx_word' id='word_1_569' title='bbox 3053 1066 3087 1135; x_wconf 79' lang='grc' dir='ltr'><strong>ἡ</strong></span> <span class='ocrx_word' id='word_1_570' title='bbox 3116 1064 3171 1117; x_wconf 82' lang='grc' dir='ltr'>δὲ</span> <span class='ocrx_word' id='word_1_571' title='bbox 3201 1066 3299 1135; x_wconf 83' lang='grc' dir='ltr'>τῆς</span> <span class='ocrx_word' id='word_1_572' title='bbox 3334 1063 3590 1133; x_wconf 81' lang='grc' dir='ltr'>ἀληθείας</span> <span class='ocrx_word' id='word_1_573' title='bbox 3614 1064 3742 1135; x_wconf 84' lang='grc' dir='ltr'>μία·</span> 
     </span>
    </p>
   </div>
   <div class='ocr_carea' id='block_1_71' title="bbox 2076 1151 3742 1228">
    <p class='ocr_par' dir='ltr' id='par_1_71' title="bbox 2076 1151 3742 1228">
     <span class='ocr_line' id='line_1_71' title="bbox 2076 1151 3742 1228; baseline -0.004 -18"><span class='ocrx_word' id='word_1_574' title='bbox 2076 1158 2172 1210; x_wconf 74' lang='grc' dir='ltr'>καὶ</span> <span class='ocrx_word' id='word_1_575' title='bbox 2214 1156 2322 1228; x_wconf 85' lang='grc' dir='ltr'>γὰρ</span> <span class='ocrx_word' id='word_1_576' title='bbox 2373 1154 2619 1208; x_wconf 87' lang='grc' dir='ltr'>ποικίλον</span> <span class='ocrx_word' id='word_1_577' title='bbox 2671 1154 2765 1207; x_wconf 72' lang='grc' dir='ltr'>καὶ</span> <span class='ocrx_word' id='word_1_578' title='bbox 2812 1152 3087 1215; x_wconf 84' lang='grc' dir='ltr'>πολυειδὲς</span> <span class='ocrx_word' id='word_1_579' title='bbox 3117 1153 3212 1206; x_wconf 75' lang='grc' dir='ltr'>καὶ</span> <span class='ocrx_word' id='word_1_580' title='bbox 3262 1151 3667 1221; x_wconf 77' lang='grc' dir='ltr'>συγκεχυμένον</span> <span class='ocrx_word' id='word_1_581' title='bbox 3708 1154 3742 1222; x_wconf 84' lang='grc' dir='ltr'>ή</span> 
     </span>
    </p>
   </div>
   <div class='ocr_carea' id='block_1_72' title="bbox 2078 1237 3748 1314">
    <p class='ocr_par' dir='ltr' id='par_1_72' title="bbox 2078 1237 3748 1314">
     <span class='ocr_line' id='line_1_72' title="bbox 2078 1237 3748 1314; baseline -0.004 -17"><span class='ocrx_word' id='word_1_582' title='bbox 2078 1244 2275 1314; x_wconf 88' lang='grc' dir='ltr'>πλάνη,</span> <span class='ocrx_word' id='word_1_583' title='bbox 2332 1240 2483 1314; x_wconf 73' lang='grc'>[449]</span> <span class='ocrx_word' id='word_1_584' title='bbox 2515 1244 2550 1313; x_wconf 85' lang='grc' dir='ltr'>ἡ</span> <span class='ocrx_word' id='word_1_585' title='bbox 2601 1240 2661 1294; x_wconf 86' lang='grc' dir='ltr'>δὲ</span> <span class='ocrx_word' id='word_1_586' title='bbox 2719 1240 2949 1311; x_wconf 86' lang='grc' dir='ltr'>ἀλήθεια</span> <span class='ocrx_word' id='word_1_587' title='bbox 3009 1238 3126 1310; x_wconf 87' lang='grc' dir='ltr'>μία.</span> <span class='ocrx_word' id='word_1_588' title='bbox 3181 1238 3365 1291; x_wconf 82' lang='grc' dir='ltr'>Εἰπὼν</span> <span class='ocrx_word' id='word_1_589' title='bbox 3402 1238 3462 1291; x_wconf 82' lang='grc' dir='ltr'>δὲ</span> <span class='ocrx_word' id='word_1_590' title='bbox 3508 1237 3748 1309; x_wconf 63' lang='grc' dir='ltr'>περίδο-</span> 
     </span>
    </p>
   </div>
   <div class='ocr_carea' id='block_1_73' title="bbox 2076 1324 3745 1399">
    <p class='ocr_par' dir='ltr' id='par_1_73' title="bbox 2076 1324 3745 1399">
     <span class='ocr_line' id='line_1_73' title="bbox 2076 1324 3745 1399; baseline -0.002 -16"><span class='ocrx_word' id='word_1_591' title='bbox 2076 1330 2322 1399; x_wconf 87' lang='grc' dir='ltr'>γμάτων,</span> <span class='ocrx_word' id='word_1_592' title='bbox 2362 1328 2511 1397; x_wconf 82' lang='grc' dir='ltr'>λέγει</span> <span class='ocrx_word' id='word_1_593' title='bbox 2538 1329 2631 1382; x_wconf 76' lang='grc' dir='ltr'>καὶ</span> <span class='ocrx_word' id='word_1_594' title='bbox 2657 1328 2783 1399; x_wconf 72' lang='grc' dir='ltr'>περὶ</span> <span class='ocrx_word' id='word_1_595' title='bbox 2813 1327 2949 1397; x_wconf 81' lang='grc' dir='ltr'>βίου,</span> <span class='ocrx_word' id='word_1_596' title='bbox 2982 1325 3195 1380; x_wconf 79' lang='grc' dir='ltr'>ἀδικίαν</span> <span class='ocrx_word' id='word_1_597' title='bbox 3222 1324 3528 1395; x_wconf 85' lang='grc' dir='ltr'>ἀνθρώπων</span> <span class='ocrx_word' id='word_1_598' title='bbox 3555 1326 3745 1385; x_wconf 86' lang='grc' dir='ltr'>εἰπών.</span> 
     </span>
    </p>
   </div>
   <div class='ocr_carea' id='block_1_74' title="bbox 2078 1411 3750 1488">
    <p class='ocr_par' dir='ltr' id='par_1_74' title="bbox 2078 1411 3750 1488">
     <span class='ocr_line' id='line_1_74' title="bbox 2078 1411 3750 1488; baseline -0.005 -17"><span class='ocrx_word' id='word_1_599' title='bbox 2078 1419 2188 1471; x_wconf 84' lang='lat' dir='ltr'><strong><em>Kal</em></strong></span> <span class='ocrx_word' id='word_1_600' title='bbox 2242 1417 2354 1488; x_wconf 79' lang='grc' dir='ltr'>γάρ</span> <span class='ocrx_word' id='word_1_601' title='bbox 2403 1418 2457 1470; x_wconf 90' lang='grc' dir='ltr'>αἰ</span> <span class='ocrx_word' id='word_1_602' title='bbox 2496 1415 2702 1468; x_wconf 86' lang='grc' dir='ltr'>ἀδικίαι</span> <span class='ocrx_word' id='word_1_603' title='bbox 2737 1412 3025 1467; x_wconf 68' lang='grc' dir='ltr'>ποικίλαιδ</span> <span class='ocrx_word' id='word_1_604' title='bbox 3047 1428 3060 1441; x_wconf 81' lang='grc'><strong><em>⁸</em></strong></span> <span class='ocrx_word' id='word_1_605' title='bbox 3109 1412 3205 1467; x_wconf 79' lang='grc' dir='ltr'>καὶ</span> <span class='ocrx_word' id='word_1_606' title='bbox 3236 1414 3268 1484; x_wconf 80' lang='grc' dir='ltr'><strong>ἡ</strong></span> <span class='ocrx_word' id='word_1_607' title='bbox 3317 1411 3417 1482; x_wconf 78' lang='grc' dir='ltr'>μὲν</span> <span class='ocrx_word' id='word_1_608' title='bbox 3452 1411 3579 1483; x_wconf 72' lang='grc' dir='ltr'>περὶ</span> <span class='ocrx_word' id='word_1_609' title='bbox 3610 1411 3750 1482; x_wconf 85' lang='grc' dir='ltr'>χρή-</span> 
     </span>
    </p>
   </div>
   <div class='ocr_carea' id='block_1_75' title="bbox 2081 1496 3752 1574">
    <p class='ocr_par' dir='ltr' id='par_1_75' title="bbox 2081 1496 3752 1574">
     <span class='ocr_line' id='line_1_75' title="bbox 2081 1496 3752 1574; baseline -0.004 -17"><span class='ocrx_word' id='word_1_610' title='bbox 2081 1520 2230 1574; x_wconf 82' lang='grc' dir='ltr'>ματα</span> <span class='ocrx_word' id='word_1_611' title='bbox 2267 1505 2511 1572; x_wconf 84' lang='grc' dir='ltr'>γίνεται,</span> <span class='ocrx_word' id='word_1_612' title='bbox 2548 1496 2658 1556; x_wconf 72' lang='grc' dir='ltr'>οἷον</span> <span class='ocrx_word' id='word_1_613' title='bbox 2704 1502 2830 1555; x_wconf 84' lang='grc' dir='ltr'>ὅταν</span> <span class='ocrx_word' id='word_1_614' title='bbox 2867 1518 2952 1564; x_wconf 89' lang='grc' dir='ltr'>τις</span> <span class='ocrx_word' id='word_1_615' title='bbox 2982 1502 3040 1554; x_wconf 83' lang='grc' dir='ltr'>έν</span> <span class='ocrx_word' id='word_1_616' title='bbox 3066 1499 3277 1563; x_wconf 76' lang='grc' dir='ltr'>τούτοις</span> <span class='ocrx_word' id='word_1_617' title='bbox 3311 1500 3469 1571; x_wconf 79' lang='grc' dir='ltr'>ἀδικῇ</span> <span class='ocrx_word' id='word_1_618' title='bbox 3499 1499 3587 1553; x_wconf 79' lang='grc' dir='ltr'>τὸν</span> <span class='ocrx_word' id='word_1_619' title='bbox 3615 1499 3752 1566; x_wconf 71' lang='grc' dir='ltr'>πλης⁹</span> 
     </span>
    </p>
   </div>
   <div class='ocr_carea' id='block_1_76' title="bbox 2080 1586 3749 1661">
    <p class='ocr_par' dir='ltr' id='par_1_76' title="bbox 2080 1586 3749 1661">
     <span class='ocr_line' id='line_1_76' title="bbox 2080 1586 3749 1661; baseline -0.004 -17"><span class='ocrx_word' id='word_1_620' title='bbox 2080 1592 2224 1644; x_wconf 90' lang='grc' dir='ltr'>σίον·</span> <span class='ocrx_word' id='word_1_621' title='bbox 2262 1592 2295 1661; x_wconf 81' lang='grc' dir='ltr'>ἡ</span> <span class='ocrx_word' id='word_1_622' title='bbox 2343 1590 2401 1643; x_wconf 84' lang='grc' dir='ltr'>δὲ</span> <span class='ocrx_word' id='word_1_623' title='bbox 2438 1589 2567 1659; x_wconf 72' lang='grc' dir='ltr'>περὶ</span> <span class='ocrx_word' id='word_1_624' title='bbox 2603 1591 2890 1657; x_wconf 84' lang='grc' dir='ltr'>γυναῖκας,</span> <span class='ocrx_word' id='word_1_625' title='bbox 2927 1587 3054 1640; x_wconf 85' lang='grc' dir='ltr'>ὅταν</span> <span class='ocrx_word' id='word_1_626' title='bbox 3084 1604 3169 1649; x_wconf 88' lang='grc' dir='ltr'>τις</span> <span class='ocrx_word' id='word_1_627' title='bbox 3199 1587 3359 1655; x_wconf 80' lang='grc' dir='ltr'>ἀφεὶς</span> <span class='ocrx_word' id='word_1_628' title='bbox 3397 1586 3496 1656; x_wconf 72' lang='grc' dir='ltr'>τὴν</span> <span class='ocrx_word' id='word_1_629' title='bbox 3530 1586 3749 1653; x_wconf 83' lang='grc' dir='ltr'>ἐαυτοῦ,</span> 
     </span>
    </p>
   </div>
   <div class='ocr_carea' id='block_1_77' title="bbox 2079 1669 3753 1748">
    <p class='ocr_par' dir='ltr' id='par_1_77' title="bbox 2079 1669 3753 1748">
     <span class='ocr_line' id='line_1_77' title="bbox 2079 1669 3753 1748; baseline -0.005 -17"><span class='ocrx_word' id='word_1_630' title='bbox 2079 1676 2172 1733; x_wconf 73' lang='grc' dir='ltr'>τὸν</span> <span class='ocrx_word' id='word_1_631' title='bbox 2202 1676 2390 1748; x_wconf 87' lang='grc' dir='ltr'>ἐτέρου</span> <span class='ocrx_word' id='word_1_632' title='bbox 2432 1675 2685 1748; x_wconf 78' lang='grc' dir='ltr'>διορύττῃ</span> <span class='ocrx_word' id='word_1_633' title='bbox 2720 1675 2932 1746; x_wconf 83' lang='grc' dir='ltr'>γάμον·</span> <span class='ocrx_word' id='word_1_634' title='bbox 2968 1674 3064 1728; x_wconf 77' lang='grc' dir='ltr'>καὶ</span> <span class='ocrx_word' id='word_1_635' title='bbox 3100 1673 3209 1744; x_wconf 81' lang='grc' dir='ltr'>γὰρ</span> <span class='ocrx_word' id='word_1_636' title='bbox 3252 1671 3345 1726; x_wconf 77' lang='grc' dir='ltr'>καὶ</span> <span class='ocrx_word' id='word_1_637' title='bbox 3376 1669 3533 1725; x_wconf 88' lang='grc' dir='ltr'>τοῦτο</span> <span class='ocrx_word' id='word_1_638' title='bbox 3564 1672 3753 1724; x_wconf 88' lang='grc' dir='ltr'>πλεον-</span> 
     </span>
    </p>
   </div>
   <div class='ocr_carea' id='block_1_78' title="bbox 2081 1757 3754 1830">
    <p class='ocr_par' dir='ltr' id='par_1_78' title="bbox 2081 1757 3754 1830">
     <span class='ocr_line' id='line_1_78' title="bbox 2081 1757 3754 1830; baseline -0.004 -15"><span class='ocrx_word' id='word_1_639' title='bbox 2081 1763 2232 1830; x_wconf 78' lang='grc' dir='ltr'>εξίαν</span> <span class='ocrx_word' id='word_1_640' title='bbox 2260 1764 2290 1815; x_wconf 90' lang='lat'>6</span> <span class='ocrx_word' id='word_1_641' title='bbox 2316 1761 2525 1825; x_wconf 84' lang='grc' dir='ltr'>Παῦλος</span> <span class='ocrx_word' id='word_1_642' title='bbox 2555 1762 2729 1825; x_wconf 88' lang='grc' dir='ltr'>καλεῖ,</span> <span class='ocrx_word' id='word_1_643' title='bbox 2753 1762 2894 1815; x_wconf 84' lang='grc' dir='ltr'>οῦτω</span> <span class='ocrx_word' id='word_1_644' title='bbox 2923 1760 3096 1828; x_wconf 85' lang='grc' dir='ltr'>λέγων</span> <span class='ocrx_word' id='word_1_645' title='bbox 3121 1778 3133 1792; x_wconf 88' lang='grc'>·</span> <span class='ocrx_word' id='word_1_646' title='bbox 3166 1757 3236 1813; x_wconf 87' lang='grc' dir='ltr'>Τὸ</span> <span class='ocrx_word' id='word_1_647' title='bbox 3259 1758 3345 1829; x_wconf 82' lang='grc' dir='ltr'>μὴ</span> <span class='ocrx_word' id='word_1_648' title='bbox 3372 1758 3754 1825; x_wconf 74' lang='grc' dir='ltr'>ὑπερϐαίνειν</span> 
     </span>
    </p>
   </div>
   <div class='ocr_carea' id='block_1_79' title="bbox 2083 1844 3753 1918">
    <p class='ocr_par' dir='ltr' id='par_1_79' title="bbox 2083 1844 3753 1918">
     <span class='ocr_line' id='line_1_79' title="bbox 2083 1844 3753 1918; baseline -0.005 -14"><span class='ocrx_word' id='word_1_649' title='bbox 2083 1851 2183 1906; x_wconf 81' lang='grc' dir='ltr'>καί</span> <span class='ocrx_word' id='word_1_650' title='bbox 2212 1848 2600 1905; x_wconf 76' lang='grc' dir='ltr'>πλεονεκτεῖν</span> <span class='ocrx_word' id='word_1_651' title='bbox 2626 1849 2694 1902; x_wconf 83' lang='grc' dir='ltr'>ἐν</span> <span class='ocrx_word' id='word_1_652' title='bbox 2722 1846 2802 1913; x_wconf 86' lang='grc' dir='ltr'><strong>τῷ</strong></span> <span class='ocrx_word' id='word_1_653' title='bbox 2829 1847 3120 1918; x_wconf 75' lang='grc' dir='ltr'>πράγματι</span> <span class='ocrx_word' id='word_1_654' title='bbox 3139 1845 3248 1901; x_wconf 84' lang='grc' dir='ltr'>τόν</span> <span class='ocrx_word' id='word_1_655' title='bbox 3278 1845 3565 1913; x_wconf 51' lang='grc' dir='ltr'>ἀδελφόν.</span> <span class='ocrx_word' id='word_1_656' title='bbox 3593 1844 3753 1897; x_wconf 87' lang='grc' dir='ltr'>Ἔτε-</span> 
     </span>
    </p>
   </div>
   <div class='ocr_carea' id='block_1_80' title="bbox 2088 1932 3755 2010">
    <p class='ocr_par' dir='ltr' id='par_1_80' title="bbox 2088 1932 3755 2010">
     <span class='ocr_line' id='line_1_80' title="bbox 2088 1932 3755 2010; baseline -0.005 -18"><span class='ocrx_word' id='word_1_657' title='bbox 2088 1955 2170 2010; x_wconf 80' lang='grc' dir='ltr'>ροι</span> <span class='ocrx_word' id='word_1_658' title='bbox 2228 1937 2415 2003; x_wconf 88' lang='grc' dir='ltr'>πάλιν,</span> <span class='ocrx_word' id='word_1_659' title='bbox 2446 1936 2567 1990; x_wconf 70' lang='grc' dir='ltr'>ἀντὶ</span> <span class='ocrx_word' id='word_1_660' title='bbox 2594 1935 2851 2005; x_wconf 73' lang='grc' dir='ltr'>γυναικὸς</span> <span class='ocrx_word' id='word_1_661' title='bbox 2880 1935 2974 1989; x_wconf 74' lang='grc' dir='ltr'>καὶ</span> <span class='ocrx_word' id='word_1_662' title='bbox 3001 1935 3321 2006; x_wconf 83' lang='grc' dir='ltr'>χρημάτων,</span> <span class='ocrx_word' id='word_1_663' title='bbox 3364 1932 3523 2000; x_wconf 81' lang='grc' dir='ltr'>δόξαν</span> <span class='ocrx_word' id='word_1_664' title='bbox 3555 1933 3755 2002; x_wconf 84' lang='grc' dir='ltr'>λυμαί-</span> 
     </span>
    </p>
   </div>
   <div class='ocr_carea' id='block_1_81' title="bbox 2083 2019 3756 2095">
    <p class='ocr_par' dir='ltr' id='par_1_81' title="bbox 2083 2019 3756 2095">
     <span class='ocr_line' id='line_1_81' title="bbox 2083 2019 3756 2095; baseline -0.005 -16"><span class='ocrx_word' id='word_1_665' title='bbox 2083 2042 2264 2080; x_wconf 90' lang='grc' dir='ltr'>νονται</span> <span class='ocrx_word' id='word_1_666' title='bbox 2292 2022 2390 2095; x_wconf 79' lang='grc' dir='ltr'>τὴν</span> <span class='ocrx_word' id='word_1_667' title='bbox 2425 2022 2520 2077; x_wconf 88' lang='grc' dir='ltr'>τοῦ</span> <span class='ocrx_word' id='word_1_668' title='bbox 2559 2022 2816 2093; x_wconf 85' lang='grc' dir='ltr'>πλησίον·</span> <span class='ocrx_word' id='word_1_669' title='bbox 2853 2022 2950 2075; x_wconf 72' lang='grc' dir='ltr'>καὶ</span> <span class='ocrx_word' id='word_1_670' title='bbox 2978 2022 3135 2075; x_wconf 89' lang='grc' dir='ltr'>τοῦτο</span> <span class='ocrx_word' id='word_1_671' title='bbox 3164 2020 3221 2075; x_wconf 83' lang='grc' dir='ltr'>δὲ</span> <span class='ocrx_word' id='word_1_672' title='bbox 3255 2020 3475 2075; x_wconf 73' lang='grc' dir='ltr'>ἀδικία·</span> <span class='ocrx_word' id='word_1_673' title='bbox 3516 2019 3610 2073; x_wconf 72' lang='grc' dir='ltr'>καὶ</span> <span class='ocrx_word' id='word_1_674' title='bbox 3646 2021 3756 2089; x_wconf 78' lang='grc' dir='ltr'>γάρ</span> 
     </span>
    </p>
   </div>
   <div class='ocr_carea' id='block_1_82' title="bbox 2084 2105 3758 2180">
    <p class='ocr_par' dir='ltr' id='par_1_82' title="bbox 2084 2105 3758 2180">
     <span class='ocr_line' id='line_1_82' title="bbox 2084 2105 3758 2180; baseline -0.005 -14"><span class='ocrx_word' id='word_1_675' title='bbox 2084 2111 2388 2180; x_wconf 81' lang='grc' dir='ltr'>Κρεῖσσον</span> <span class='ocrx_word' id='word_1_676' title='bbox 2423 2110 2612 2178; x_wconf 82' lang='grc' dir='ltr'>ὄνομα</span> <span class='ocrx_word' id='word_1_677' title='bbox 2643 2109 2858 2172; x_wconf 73' lang='grc' dir='ltr'>καλὸν,</span> <span class='ocrx_word' id='word_1_678' title='bbox 2886 2106 2926 2176; x_wconf 77' lang='grc' dir='ltr'><strong>ἢ</strong></span> <span class='ocrx_word' id='word_1_679' title='bbox 2962 2107 3224 2173; x_wconf 74' lang='grc' dir='ltr'>πλοῦτος</span> <span class='ocrx_word' id='word_1_680' title='bbox 3267 2107 3482 2173; x_wconf 71' lang='grc' dir='ltr'>πολύς.</span> <span class='ocrx_word' id='word_1_681' title='bbox 3517 2105 3674 2169; x_wconf 82' lang='grc' dir='ltr'>Τινὲς</span> <span class='ocrx_word' id='word_1_682' title='bbox 3699 2105 3758 2158; x_wconf 87' lang='grc' dir='ltr'>δέ</span> 
     </span>
    </p>
   </div>
   <div class='ocr_carea' id='block_1_83' title="bbox 2087 2191 3756 2268">
    <p class='ocr_par' dir='ltr' id='par_1_83' title="bbox 2087 2191 3756 2268">
     <span class='ocr_line' id='line_1_83' title="bbox 2087 2191 3756 2268; baseline -0.007 -16"><span class='ocrx_word' id='word_1_683' title='bbox 2087 2215 2272 2268; x_wconf 87' lang='grc' dir='ltr'>φασιν,</span> <span class='ocrx_word' id='word_1_684' title='bbox 2302 2197 2384 2250; x_wconf 82' lang='grc' dir='ltr'>ὅτι</span> <span class='ocrx_word' id='word_1_685' title='bbox 2413 2197 2508 2250; x_wconf 75' lang='grc' dir='ltr'>καὶ</span> <span class='ocrx_word' id='word_1_686' title='bbox 2530 2193 2688 2249; x_wconf 82' lang='grc' dir='ltr'>τοῦτο</span> <span class='ocrx_word' id='word_1_687' title='bbox 2715 2194 2844 2265; x_wconf 73' lang='grc' dir='ltr'>περὶ</span> <span class='ocrx_word' id='word_1_688' title='bbox 2875 2194 3164 2264; x_wconf 81' lang='grc' dir='ltr'>δογμάτων</span> <span class='ocrx_word' id='word_1_689' title='bbox 3196 2192 3413 2265; x_wconf 79' lang='grc' dir='ltr'>εἴρηται</span> <span class='ocrx_word' id='word_1_690' title='bbox 3433 2193 3512 2263; x_wconf 82' lang='grc' dir='ltr'>τῷ</span> <span class='ocrx_word' id='word_1_691' title='bbox 3539 2191 3756 2260; x_wconf 75' lang='grc' dir='ltr'>Παύλῳ·</span> 
     </span>
    </p>
   </div>
   <div class='ocr_carea' id='block_1_84' title="bbox 2089 2280 3757 2357">
    <p class='ocr_par' dir='ltr' id='par_1_84' title="bbox 2089 2280 3757 2357">
     <span class='ocr_line' id='line_1_84' title="bbox 2089 2280 3757 2357; baseline -0.006 -16"><span class='ocrx_word' id='word_1_692' title='bbox 2089 2286 2229 2357; x_wconf 78' lang='grc' dir='ltr'>πλὴν</span> <span class='ocrx_word' id='word_1_693' title='bbox 2255 2284 2408 2339; x_wconf 82' lang='grc' dir='ltr'>οὐδὲν</span> <span class='ocrx_word' id='word_1_694' title='bbox 2432 2283 2630 2338; x_wconf 85' lang='grc' dir='ltr'>κωλύει</span> <span class='ocrx_word' id='word_1_695' title='bbox 2654 2283 2785 2354; x_wconf 76' lang='grc' dir='ltr'>περὶ</span> <span class='ocrx_word' id='word_1_696' title='bbox 2810 2281 3138 2354; x_wconf 80' lang='grc' dir='ltr'>ἀμφοτέρων</span> <span class='ocrx_word' id='word_1_697' title='bbox 3156 2280 3429 2352; x_wconf 81' lang='grc' dir='ltr'>εἰρῆσθαι.</span> <span class='ocrx_word' id='word_1_698' title='bbox 3458 2280 3522 2332; x_wconf 85' lang='grc' dir='ltr'>Τί</span> <span class='ocrx_word' id='word_1_699' title='bbox 3540 2280 3596 2333; x_wconf 83' lang='grc' dir='ltr'>δέ</span> <span class='ocrx_word' id='word_1_700' title='bbox 3621 2282 3757 2337; x_wconf 83' lang='grc' dir='ltr'>ἐστι..</span> 
     </span>
    </p>
   </div>
   <div class='ocr_carea' id='block_1_85' title="bbox 2095 2365 3762 2439">
    <p class='ocr_par' dir='ltr' id='par_1_85' title="bbox 2095 2365 3762 2439">
     <span class='ocr_line' id='line_1_85' title="bbox 2095 2365 3762 2439; baseline -0.005 -11"><span class='ocrx_word' id='word_1_701' title='bbox 2095 2373 2216 2439; x_wconf 80' lang='grc' dir='ltr'>Τὴν</span> <span class='ocrx_word' id='word_1_702' title='bbox 2263 2372 2552 2437; x_wconf 76' lang='grc' dir='ltr'>ἀλήθειαν</span> <span class='ocrx_word' id='word_1_703' title='bbox 2578 2369 2649 2424; x_wconf 83' lang='grc' dir='ltr'>ἐν</span> <span class='ocrx_word' id='word_1_704' title='bbox 2690 2369 2894 2435; x_wconf 81' lang='grc' dir='ltr'>ἀδικίᾳ</span> <span class='ocrx_word' id='word_1_705' title='bbox 2924 2368 3319 2436; x_wconf 81' lang='grc' dir='ltr'>κατεχόντων,</span> <span class='ocrx_word' id='word_1_706' title='bbox 3368 2365 3457 2420; x_wconf 85' lang='grc' dir='ltr'>διὰ</span> <span class='ocrx_word' id='word_1_707' title='bbox 3497 2367 3606 2420; x_wconf 82' lang='grc' dir='ltr'>τῶν</span> <span class='ocrx_word' id='word_1_708' title='bbox 3634 2365 3762 2435; x_wconf 75' lang='grc' dir='ltr'>ἑξῆς</span> 
     </span>
    </p>
   </div>
   <div class='ocr_carea' id='block_1_86' title="bbox 2095 2453 3765 2530">
    <p class='ocr_par' dir='ltr' id='par_1_86' title="bbox 2095 2453 3765 2530">
     <span class='ocr_line' id='line_1_86' title="bbox 2095 2453 3765 2530; baseline -0.006 -16"><span class='ocrx_word' id='word_1_709' title='bbox 2095 2460 2359 2530; x_wconf 88' lang='grc' dir='ltr'>μάνθανε.</span> <span class='ocrx_word' id='word_1_710' title='bbox 2401 2460 2530 2513; x_wconf 88' lang='grc' dir='ltr'>Ὅτι</span> <span class='ocrx_word' id='word_1_711' title='bbox 2570 2458 2637 2512; x_wconf 87' lang='grc' dir='ltr'>τὸ</span> <span class='ocrx_word' id='word_1_712' title='bbox 2669 2456 2944 2527; x_wconf 74' lang='grc' dir='ltr'>γνωστόν</span> <span class='ocrx_word' id='word_1_713' title='bbox 2975 2455 3083 2510; x_wconf 87' lang='grc' dir='ltr'>τοῦ</span> <span class='ocrx_word' id='word_1_714' title='bbox 3122 2454 3269 2509; x_wconf 82' lang='grc' dir='ltr'>Θεοῦ</span> <span class='ocrx_word' id='word_1_715' title='bbox 3295 2455 3561 2522; x_wconf 69' lang='grc' dir='ltr'>φανερόν</span> <span class='ocrx_word' id='word_1_716' title='bbox 3596 2453 3765 2507; x_wconf 82' lang='grc' dir='ltr'>ἐστιν</span> 
     </span>
    </p>
   </div>
   <div class='ocr_carea' id='block_1_87' title="bbox 2092 2539 3765 2614">
    <p class='ocr_par' dir='ltr' id='par_1_87' title="bbox 2092 2539 3765 2614">
     <span class='ocr_line' id='line_1_87' title="bbox 2092 2539 3765 2614; baseline -0.007 -12"><span class='ocrx_word' id='word_1_717' title='bbox 2092 2549 2163 2602; x_wconf 84' lang='grc' dir='ltr'>ἐν</span> <span class='ocrx_word' id='word_1_718' title='bbox 2203 2546 2440 2613; x_wconf 83' lang='grc' dir='ltr'>αὐτοῖς·</span> <span class='ocrx_word' id='word_1_719' title='bbox 2494 2549 2527 2600; x_wconf 78' lang='grc' dir='ltr'><em>ὁ</em></span> <span class='ocrx_word' id='word_1_720' title='bbox 2567 2545 2712 2612; x_wconf 85' lang='grc' dir='ltr'>Θεὸς</span> <span class='ocrx_word' id='word_1_721' title='bbox 2758 2544 2867 2614; x_wconf 77' lang='grc' dir='ltr'>γὰρ</span> <span class='ocrx_word' id='word_1_722' title='bbox 2895 2542 3101 2609; x_wconf 83' lang='grc' dir='ltr'>αὐτοῖς</span> <span class='ocrx_word' id='word_1_723' title='bbox 3148 2540 3552 2611; x_wconf 68' lang='grc' dir='ltr'>ἐφανέρωσεν.</span> <span class='ocrx_word' id='word_1_724' title='bbox 3603 2539 3765 2594; x_wconf 74' lang='grc' dir='ltr'>Ἀλλὰ</span> 
     </span>
    </p>
   </div>
   <div class='ocr_carea' id='block_1_88' title="bbox 2094 2629 3528 2705">
    <p class='ocr_par' dir='ltr' id='par_1_88' title="bbox 2094 2629 3528 2705">
     <span class='ocr_line' id='line_1_88' title="bbox 2094 2629 3528 2705; baseline -0.005 -16"><span class='ocrx_word' id='word_1_725' title='bbox 2094 2634 2298 2705; x_wconf 82' lang='grc' dir='ltr'>ταύτην</span> <span class='ocrx_word' id='word_1_726' title='bbox 2334 2634 2434 2705; x_wconf 81' lang='grc' dir='ltr'>τὴν</span> <span class='ocrx_word' id='word_1_727' title='bbox 2463 2632 2622 2697; x_wconf 81' lang='grc' dir='ltr'>δόξαν</span> <span class='ocrx_word' id='word_1_728' title='bbox 2651 2632 2829 2699; x_wconf 85' lang='grc' dir='ltr'>ξύλοις</span> <span class='ocrx_word' id='word_1_729' title='bbox 2858 2630 3196 2701; x_wconf 84' lang='grc' dir='ltr'>περιέθηκαν</span> <span class='ocrx_word' id='word_1_730' title='bbox 3222 2630 3315 2683; x_wconf 76' lang='grc' dir='ltr'>καὶ</span> <span class='ocrx_word' id='word_1_731' title='bbox 3337 2629 3528 2692; x_wconf 88' lang='grc' dir='ltr'>λίθοις.</span> 
     </span>
    </p>
   </div>
   <div class='ocr_carea' id='block_1_89' title="bbox 2167 2715 3766 2795">
    <p class='ocr_par' dir='ltr' id='par_1_89' title="bbox 2167 2715 3766 2795">
     <span class='ocr_line' id='line_1_89' title="bbox 2167 2715 3766 2795; baseline -0.007 -18"><span class='ocrx_word' id='word_1_732' title='bbox 2167 2722 2234 2795; x_wconf 83' lang='grc' dir='ltr'>β’.</span> <span class='ocrx_word' id='word_1_733' title='bbox 2257 2724 2466 2793; x_wconf 77' lang='grc' dir='ltr'>Ὥσπερ</span> <span class='ocrx_word' id='word_1_734' title='bbox 2481 2717 2574 2776; x_wconf 84' lang='grc' dir='ltr'>οῦν</span> <span class='ocrx_word' id='word_1_735' title='bbox 2593 2723 2621 2774; x_wconf 91' lang='lat'>6</span> <span class='ocrx_word' id='word_1_736' title='bbox 2652 2721 2907 2792; x_wconf 85' lang='grc' dir='ltr'>χρήματα</span> <span class='ocrx_word' id='word_1_737' title='bbox 2929 2716 3237 2781; x_wconf 72' lang='grc' dir='ltr'>πιστευθεὶς</span> <span class='ocrx_word' id='word_1_738' title='bbox 3261 2716 3531 2786; x_wconf 74' lang='grc' dir='ltr'>βασιλικὰ,</span> <span class='ocrx_word' id='word_1_739' title='bbox 3566 2716 3660 2769; x_wconf 78' lang='grc' dir='ltr'>καὶ</span> <span class='ocrx_word' id='word_1_740' title='bbox 3688 2715 3766 2778; x_wconf 84' lang='grc' dir='ltr'>εἰς</span> 
     </span>
    </p>
   </div>
   <div class='ocr_carea' id='block_1_90' title="bbox 2098 2805 3769 2886">
    <p class='ocr_par' dir='ltr' id='par_1_90' title="bbox 2098 2805 3769 2886">
     <span class='ocr_line' id='line_1_90' title="bbox 2098 2805 3769 2886; baseline -0.007 -19"><span class='ocrx_word' id='word_1_741' title='bbox 2098 2814 2197 2886; x_wconf 80' lang='grc' dir='ltr'>τὴν</span> <span class='ocrx_word' id='word_1_742' title='bbox 2240 2812 2333 2867; x_wconf 84' lang='grc' dir='ltr'>τοῦ</span> <span class='ocrx_word' id='word_1_743' title='bbox 2381 2811 2644 2884; x_wconf 84' lang='grc' dir='ltr'>βασιλέως</span> <span class='ocrx_word' id='word_1_744' title='bbox 2687 2809 2846 2875; x_wconf 83' lang='grc' dir='ltr'>δόξαν</span> <span class='ocrx_word' id='word_1_745' title='bbox 2889 2807 3162 2863; x_wconf 83' lang='grc' dir='ltr'>ἀναλῶσαι</span> <span class='ocrx_word' id='word_1_746' title='bbox 3206 2805 3540 2869; x_wconf 72' lang='grc' dir='ltr'>κελευσθεὶς,</span> <span class='ocrx_word' id='word_1_747' title='bbox 3580 2805 3646 2858; x_wconf 84' lang='grc' dir='ltr'>ἀν</span> <span class='ocrx_word' id='word_1_748' title='bbox 3688 2807 3769 2866; x_wconf 84' lang='grc' dir='ltr'>εἰς</span> 
     </span>
    </p>
   </div>
   <div class='ocr_carea' id='block_1_91' title="bbox 2100 2890 3771 2974">
    <p class='ocr_par' dir='ltr' id='par_1_91' title="bbox 2100 2890 3771 2974">
     <span class='ocr_line' id='line_1_91' title="bbox 2100 2890 3771 2974; baseline -0.008 -19"><span class='ocrx_word' id='word_1_749' title='bbox 2100 2901 2305 2974; x_wconf 79' lang='grc' dir='ltr'>λῃστὰς</span> <span class='ocrx_word' id='word_1_750' title='bbox 2347 2901 2442 2954; x_wconf 71' lang='grc' dir='ltr'>καὶ</span> <span class='ocrx_word' id='word_1_751' title='bbox 2493 2898 2699 2969; x_wconf 85' lang='grc' dir='ltr'>πόρνας</span> <span class='ocrx_word' id='word_1_752' title='bbox 2732 2897 2826 2950; x_wconf 74' lang='grc' dir='ltr'>καὶ</span> <span class='ocrx_word' id='word_1_753' title='bbox 2865 2895 3070 2966; x_wconf 82' lang='grc' dir='ltr'>γόητας</span> <span class='ocrx_word' id='word_1_754' title='bbox 3112 2893 3401 2965; x_wconf 83' lang='grc' dir='ltr'>δαπανήσῃ</span> <span class='ocrx_word' id='word_1_755' title='bbox 3443 2891 3636 2953; x_wconf 87' lang='grc' dir='ltr'>ταῦτα,</span> <span class='ocrx_word' id='word_1_756' title='bbox 3673 2890 3771 2943; x_wconf 67' lang='grc' dir='ltr'>καὶ</span> 
     </span>
    </p>
   </div>
   <div class='ocr_carea' id='block_1_92' title="bbox 2100 2979 3768 3060">
    <p class='ocr_par' dir='ltr' id='par_1_92' title="bbox 2100 2979 3768 3060">
     <span class='ocr_line' id='line_1_92' title="bbox 2100 2979 3768 3060; baseline -0.01 -17"><span class='ocrx_word' id='word_1_757' title='bbox 2100 2989 2389 3060; x_wconf 75' lang='grc' dir='ltr'>λαμπροὺς</span> <span class='ocrx_word' id='word_1_758' title='bbox 2418 2986 2640 3048; x_wconf 79' lang='grc' dir='ltr'>τούτους</span> <span class='ocrx_word' id='word_1_759' title='bbox 2675 2983 2784 3037; x_wconf 80' lang='grc' dir='ltr'>ἀπὸ</span> <span class='ocrx_word' id='word_1_760' title='bbox 2814 2981 2920 3037; x_wconf 84' lang='grc' dir='ltr'>τῶν</span> <span class='ocrx_word' id='word_1_761' title='bbox 2954 2981 3049 3034; x_wconf 87' lang='grc' dir='ltr'>τοῦ</span> <span class='ocrx_word' id='word_1_762' title='bbox 3099 2979 3362 3050; x_wconf 85' lang='grc' dir='ltr'>βασιλέως</span> <span class='ocrx_word' id='word_1_763' title='bbox 3389 2980 3589 3049; x_wconf 79' lang='grc' dir='ltr'>ποιήσῃ</span> <span class='ocrx_word' id='word_1_764' title='bbox 3630 2994 3768 3046; x_wconf 71' lang='grc' dir='ltr'>χρηο</span> 
     </span>
    </p>
   </div>
   <div class='ocr_carea' id='block_1_93' title="bbox 2107 3065 3771 3150">
    <p class='ocr_par' dir='ltr' id='par_1_93' title="bbox 2107 3065 3771 3150">
     <span class='ocr_line' id='line_1_93' title="bbox 2107 3065 3771 3150; baseline -0.008 -19"><span class='ocrx_word' id='word_1_765' title='bbox 2107 3078 2314 3150; x_wconf 83' lang='grc' dir='ltr'>μάτων,</span> <span class='ocrx_word' id='word_1_766' title='bbox 2356 3075 2433 3139; x_wconf 82' lang='grc' dir='ltr'>ὡς</span> <span class='ocrx_word' id='word_1_767' title='bbox 2478 3074 2545 3127; x_wconf 79' lang='grc' dir='ltr'>τά</span> <span class='ocrx_word' id='word_1_768' title='bbox 2583 3073 2814 3143; x_wconf 87' lang='grc' dir='ltr'>μέγιστα</span> <span class='ocrx_word' id='word_1_769' title='bbox 2854 3068 3131 3139; x_wconf 76' lang='grc' dir='ltr'>ἠδικηκὼς</span> <span class='ocrx_word' id='word_1_770' title='bbox 3165 3067 3256 3120; x_wconf 80' lang='grc' dir='ltr'>τὸν</span> <span class='ocrx_word' id='word_1_771' title='bbox 3306 3066 3564 3137; x_wconf 62' lang='grc' dir='ltr'>βασιλέας</span> <span class='ocrx_word' id='word_1_772' title='bbox 3608 3065 3771 3119; x_wconf 83' lang='grc' dir='ltr'>κολά-</span> 
     </span>
    </p>
   </div>
   <div class='ocr_carea' id='block_1_94' title="bbox 2106 3146 3774 3236">
    <p class='ocr_par' dir='ltr' id='par_1_94' title="bbox 2106 3146 3774 3236">
     <span class='ocr_line' id='line_1_94' title="bbox 2106 3146 3774 3236; baseline -0.008 -23"><span class='ocrx_word' id='word_1_773' title='bbox 2106 3162 2288 3236; x_wconf 72' lang='grc' dir='ltr'>ζεται·</span> <span class='ocrx_word' id='word_1_774' title='bbox 2317 3156 2460 3211; x_wconf 76' lang='grc' dir='ltr'>οὕτω</span> <span class='ocrx_word' id='word_1_775' title='bbox 2488 3157 2583 3210; x_wconf 67' lang='grc' dir='ltr'>καὶ</span> <span class='ocrx_word' id='word_1_776' title='bbox 2615 3149 2758 3208; x_wconf 72' lang='grc' dir='ltr'>οὗτοι</span> <span class='ocrx_word' id='word_1_777' title='bbox 2784 3151 3040 3215; x_wconf 87' lang='grc' dir='ltr'>λαϐόντες</span> <span class='ocrx_word' id='word_1_778' title='bbox 3066 3153 3163 3220; x_wconf 73' lang='grc' dir='ltr'>τὴν</span> <span class='ocrx_word' id='word_1_779' title='bbox 3193 3150 3320 3220; x_wconf 88' lang='grc' dir='ltr'>περί</span> <span class='ocrx_word' id='word_1_780' title='bbox 3347 3147 3441 3202; x_wconf 90' lang='grc' dir='ltr'>τοῦ</span> <span class='ocrx_word' id='word_1_781' title='bbox 3467 3146 3604 3201; x_wconf 86' lang='grc' dir='ltr'>Θεοῦ</span> <span class='ocrx_word' id='word_1_782' title='bbox 3636 3146 3774 3215; x_wconf 82' lang='grc' dir='ltr'>γνῶ-</span> 
     </span>
    </p>
   </div>
   <div class='ocr_carea' id='block_1_95' title="bbox 2109 3234 3771 3315">
    <p class='ocr_par' dir='ltr' id='par_1_95' title="bbox 2109 3234 3771 3315">
     <span class='ocr_line' id='line_1_95' title="bbox 2109 3234 3771 3315; baseline -0.01 -14"><span class='ocrx_word' id='word_1_783' title='bbox 2109 3264 2193 3301; x_wconf 90' lang='grc' dir='ltr'>σιν</span> <span class='ocrx_word' id='word_1_784' title='bbox 2213 3234 2308 3300; x_wconf 69' lang='grc' dir='ltr'>καὶ</span> <span class='ocrx_word' id='word_1_785' title='bbox 2331 3245 2431 3315; x_wconf 80' lang='grc' dir='ltr'>τῆς</span> <span class='ocrx_word' id='word_1_786' title='bbox 2449 3243 2607 3312; x_wconf 81' lang='grc' dir='ltr'>δόξης</span> <span class='ocrx_word' id='word_1_787' title='bbox 2633 3238 2820 3304; x_wconf 77' lang='grc' dir='ltr'>αὐτοῦ,</span> <span class='ocrx_word' id='word_1_788' title='bbox 2846 3234 2966 3292; x_wconf 78' lang='grc' dir='ltr'>εἶτα</span> <span class='ocrx_word' id='word_1_789' title='bbox 2986 3237 3226 3300; x_wconf 79' lang='grc' dir='ltr'>εἰδώλοις</span> <span class='ocrx_word' id='word_1_790' title='bbox 3245 3236 3415 3307; x_wconf 80' lang='grc' dir='ltr'>αὐτὴν</span> <span class='ocrx_word' id='word_1_791' title='bbox 3437 3234 3771 3307; x_wconf 69' lang='grc' dir='ltr'>περιθέντες,</span> 
     </span>
    </p>
   </div>
   <div class='ocr_carea' id='block_1_96' title="bbox 2105 3319 3748 3402">
    <p class='ocr_par' dir='ltr' id='par_1_96' title="bbox 2105 3319 3748 3402">
     <span class='ocr_line' id='line_1_96' title="bbox 2105 3319 3748 3402; baseline -0.01 -14"><span class='ocrx_word' id='word_1_792' title='bbox 2105 3335 2164 3388; x_wconf 89' lang='grc' dir='ltr'>ἐν</span> <span class='ocrx_word' id='word_1_793' title='bbox 2204 3334 2387 3402; x_wconf 72' lang='grc' dir='ltr'>ἀδικίᾳ</span> <span class='ocrx_word' id='word_1_794' title='bbox 2431 3332 2529 3401; x_wconf 85' lang='grc' dir='ltr'>τὴν</span> <span class='ocrx_word' id='word_1_795' title='bbox 2563 3328 2824 3401; x_wconf 87' lang='grc' dir='ltr'>ἀλήθειαν</span> <span class='ocrx_word' id='word_1_796' title='bbox 2866 3327 3132 3395; x_wconf 81' lang='grc' dir='ltr'>κατέσχον</span> <span class='ocrx_word' id='word_1_797' title='bbox 3152 3323 3202 3389; x_wconf 72' lang='grc' dir='ltr'>δ,</span> <span class='ocrx_word' id='word_1_798' title='bbox 3248 3324 3365 3385; x_wconf 73' lang='grc' dir='ltr'>καὶ,</span> <span class='ocrx_word' id='word_1_799' title='bbox 3392 3322 3454 3375; x_wconf 89' lang='grc' dir='ltr'>τό</span> <span class='ocrx_word' id='word_1_800' title='bbox 3480 3338 3542 3390; x_wconf 87' lang='grc' dir='ltr'>γε</span> <span class='ocrx_word' id='word_1_801' title='bbox 3572 3323 3652 3382; x_wconf 85' lang='grc' dir='ltr'>εἰς</span> <span class='ocrx_word' id='word_1_802' title='bbox 3679 3319 3748 3372; x_wconf 77' lang='grc' dir='ltr'>αὖ</span> 
     </span>
    </p>
   </div>
   <div class='ocr_carea' id='block_1_97' title="bbox 2105 3408 3769 3492">
    <p class='ocr_par' dir='ltr' id='par_1_97' title="bbox 2105 3408 3769 3492">
     <span class='ocr_line' id='line_1_97' title="bbox 2105 3408 3769 3492; baseline -0.01 -18"><span class='ocrx_word' id='word_1_803' title='bbox 2105 3421 2232 3484; x_wconf 79' lang='grc' dir='ltr'>τοὺς</span> <span class='ocrx_word' id='word_1_804' title='bbox 2261 3416 2417 3492; x_wconf 81' lang='grc' dir='ltr'>ἧκον,</span> <span class='ocrx_word' id='word_1_805' title='bbox 2439 3417 2702 3488; x_wconf 70' lang='grc' dir='ltr'>ἠδίκησαν</span> <span class='ocrx_word' id='word_1_806' title='bbox 2725 3415 2824 3483; x_wconf 80' lang='grc' dir='ltr'>τὴν</span> <span class='ocrx_word' id='word_1_807' title='bbox 2851 3413 3074 3481; x_wconf 87' lang='grc' dir='ltr'>γνῶσιν,</span> <span class='ocrx_word' id='word_1_808' title='bbox 3104 3410 3206 3465; x_wconf 79' lang='grc' dir='ltr'>οὐκ</span> <span class='ocrx_word' id='word_1_809' title='bbox 3232 3411 3312 3473; x_wconf 84' lang='grc' dir='ltr'>εἰς</span> <span class='ocrx_word' id='word_1_810' title='bbox 3335 3409 3403 3462; x_wconf 78' lang='grc' dir='ltr'>τὰ</span> <span class='ocrx_word' id='word_1_811' title='bbox 3432 3408 3769 3479; x_wconf 82' lang='grc' dir='ltr'>προσήκοντα</span> 
     </span>
    </p>
   </div>
   <div class='ocr_carea' id='block_1_98' title="bbox 2105 3491 3772 3577">
    <p class='ocr_par' dir='ltr' id='par_1_98' title="bbox 2105 3491 3772 3577">
     <span class='ocr_line' id='line_1_98' title="bbox 2105 3491 3772 3577; baseline -0.01 -17"><span class='ocrx_word' id='word_1_812' title='bbox 2105 3508 2245 3577; x_wconf 78' lang='grc' dir='ltr'>αὐτῇ</span> <span class='ocrx_word' id='word_1_813' title='bbox 2283 3491 2639 3577; x_wconf 68' lang='grc' dir='ltr'>χρησάμενοι.</span> <span class='ocrx_word' id='word_1_814' title='bbox 2671 3499 2816 3572; x_wconf 73' lang='grc' dir='ltr'>Ἀρα</span> <span class='ocrx_word' id='word_1_815' title='bbox 2852 3498 2915 3568; x_wconf 89' lang='grc' dir='ltr'>γέ</span> <span class='ocrx_word' id='word_1_816' title='bbox 2931 3514 3074 3566; x_wconf 69' lang='grc' dir='ltr'>ίονεν</span> <span class='ocrx_word' id='word_1_817' title='bbox 3103 3497 3235 3568; x_wconf 83' lang='grc' dir='ltr'>ὑμῖν</span> <span class='ocrx_word' id='word_1_818' title='bbox 3264 3494 3434 3563; x_wconf 76' lang='grc' dir='ltr'>σαφὲς</span> <span class='ocrx_word' id='word_1_819' title='bbox 3466 3492 3527 3546; x_wconf 87' lang='lat'>:6</span> <span class='ocrx_word' id='word_1_820' title='bbox 3561 3491 3772 3561; x_wconf 78' lang='grc' dir='ltr'>λεχθὲν,</span> 
     </span>
    </p>
   </div>
   <div class='ocr_carea' id='block_1_99' title="bbox 2115 3580 3777 3663">
    <p class='ocr_par' dir='ltr' id='par_1_99' title="bbox 2115 3580 3777 3663">
     <span class='ocr_line' id='line_1_99' title="bbox 2115 3580 3777 3663; baseline -0.01 -17"><span class='ocrx_word' id='word_1_821' title='bbox 2115 3593 2150 3663; x_wconf 77' lang='grc' dir='ltr'>ἢ</span> <span class='ocrx_word' id='word_1_822' title='bbox 2198 3593 2281 3646; x_wconf 83' lang='grc' dir='ltr'>δεῖ</span> <span class='ocrx_word' id='word_1_823' title='bbox 2321 3593 2655 3659; x_wconf 86' lang='grc' dir='ltr'>σαφέστερον</span> <span class='ocrx_word' id='word_1_824' title='bbox 2687 3587 2820 3642; x_wconf 82' lang='grc' dir='ltr'>αὐτὸ</span> <span class='ocrx_word' id='word_1_825' title='bbox 2850 3586 3011 3640; x_wconf 87' lang='grc' dir='ltr'>πάλιν</span> <span class='ocrx_word' id='word_1_826' title='bbox 3040 3585 3249 3649; x_wconf 81' lang='grc' dir='ltr'>εἰπεῖν;</span> <span class='ocrx_word' id='word_1_827' title='bbox 3297 3581 3450 3651; x_wconf 86' lang='grc' dir='ltr'>Τάχα</span> <span class='ocrx_word' id='word_1_828' title='bbox 3480 3580 3777 3646; x_wconf 84' lang='grc' dir='ltr'>ἀναγκαῖον</span> 
     </span>
    </p>
   </div>
   <div class='ocr_carea' id='block_1_100' title="bbox 2112 3665 3777 3749">
    <p class='ocr_par' dir='ltr' id='par_1_100' title="bbox 2112 3665 3777 3749">
     <span class='ocr_line' id='line_1_100' title="bbox 2112 3665 3777 3749; baseline -0.011 -15"><span class='ocrx_word' id='word_1_829' title='bbox 2112 3680 2275 3734; x_wconf 92' lang='grc' dir='ltr'>πάλιν</span> <span class='ocrx_word' id='word_1_830' title='bbox 2306 3681 2500 3749; x_wconf 84' lang='grc' dir='ltr'>εἰπεῖν.</span> <span class='ocrx_word' id='word_1_831' title='bbox 2530 3677 2595 3730; x_wconf 88' lang='grc' dir='ltr'>Τί</span> <span class='ocrx_word' id='word_1_832' title='bbox 2624 3671 2716 3731; x_wconf 80' lang='grc' dir='ltr'>οὖν</span> <span class='ocrx_word' id='word_1_833' title='bbox 2744 3677 2860 3728; x_wconf 75' lang='grc' dir='ltr'>ἐστι</span> <span class='ocrx_word' id='word_1_834' title='bbox 2893 3674 2954 3726; x_wconf 84' lang='lat'>:6</span> <span class='ocrx_word' id='word_1_835' title='bbox 2978 3672 3301 3741; x_wconf 85' lang='grc' dir='ltr'>λεγόμενον;</span> <span class='ocrx_word' id='word_1_836' title='bbox 3327 3669 3438 3740; x_wconf 80' lang='grc' dir='ltr'>Τὴν</span> <span class='ocrx_word' id='word_1_837' title='bbox 3461 3667 3590 3737; x_wconf 72' lang='grc' dir='ltr'>περὶ</span> <span class='ocrx_word' id='word_1_838' title='bbox 3614 3665 3777 3718; x_wconf 73' lang='grc' dir='ltr'>αὐτοῦ</span> 
     </span>
    </p>
   </div>
   <div class='ocr_carea' id='block_1_101' title="bbox 2112 3750 3781 3835">
    <p class='ocr_par' dir='ltr' id='par_1_101' title="bbox 2112 3750 3781 3835">
     <span class='ocr_line' id='line_1_101' title="bbox 2112 3750 3781 3835; baseline -0.011 -15"><span class='ocrx_word' id='word_1_839' title='bbox 2112 3765 2312 3835; x_wconf 84' lang='grc' dir='ltr'>γνῶσιν</span> <span class='ocrx_word' id='word_1_840' title='bbox 2344 3764 2403 3831; x_wconf 80' lang='grc' dir='ltr'>ἐξ</span> <span class='ocrx_word' id='word_1_841' title='bbox 2431 3764 2605 3835; x_wconf 82' lang='grc' dir='ltr'>ἀρχῆς</span> <span class='ocrx_word' id='word_1_842' title='bbox 2641 3763 2754 3825; x_wconf 89' lang='grc' dir='ltr'>τοῖς</span> <span class='ocrx_word' id='word_1_843' title='bbox 2785 3758 3091 3831; x_wconf 81' lang='grc' dir='ltr'>ἀνθρώποις</span> <span class='ocrx_word' id='word_1_844' title='bbox 3122 3756 3381 3825; x_wconf 76' lang='grc' dir='ltr'>ἐνέθηκεν</span> <span class='ocrx_word' id='word_1_845' title='bbox 3403 3755 3432 3807; x_wconf 92' lang='lat'>6</span> <span class='ocrx_word' id='word_1_846' title='bbox 3456 3753 3607 3816; x_wconf 76' lang='grc' dir='ltr'>Θεὸς,</span> <span class='ocrx_word' id='word_1_847' title='bbox 3644 3750 3781 3804; x_wconf 87' lang='grc' dir='ltr'>ἀλλά</span> 
     </span>
    </p>
   </div>
   <div class='ocr_carea' id='block_1_102' title="bbox 2111 3840 3781 3924">
    <p class='ocr_par' dir='ltr' id='par_1_102' title="bbox 2111 3840 3781 3924">
     <span class='ocr_line' id='line_1_102' title="bbox 2111 3840 3781 3924; baseline -0.009 -18"><span class='ocrx_word' id='word_1_848' title='bbox 2111 3852 2316 3924; x_wconf 87' lang='grc' dir='ltr'>ταύτην</span> <span class='ocrx_word' id='word_1_849' title='bbox 2357 3851 2455 3922; x_wconf 81' lang='grc' dir='ltr'>τὴν</span> <span class='ocrx_word' id='word_1_850' title='bbox 2498 3849 2700 3919; x_wconf 89' lang='grc' dir='ltr'>γνῶσιν</span> <span class='ocrx_word' id='word_1_851' title='bbox 2733 3848 2782 3901; x_wconf 90' lang='grc' dir='ltr'>οἰ</span> <span class='ocrx_word' id='word_1_852' title='bbox 2819 3846 3082 3917; x_wconf 82' lang='grc' dir='ltr'>’Έλληνες</span> <span class='ocrx_word' id='word_1_853' title='bbox 3129 3843 3306 3908; x_wconf 84' lang='grc' dir='ltr'>ξύλοις</span> <span class='ocrx_word' id='word_1_854' title='bbox 3339 3840 3653 3912; x_wconf 85' lang='grc' dir='ltr'>περιθέντες</span> <span class='ocrx_word' id='word_1_855' title='bbox 3685 3840 3781 3892; x_wconf 76' lang='grc' dir='ltr'>καὶ</span> 
     </span>
    </p>
   </div>
   <div class='ocr_carea' id='block_1_103' title="bbox 2113 3925 3777 4010">
    <p class='ocr_par' dir='ltr' id='par_1_103' title="bbox 2113 3925 3777 4010">
     <span class='ocr_line' id='line_1_103' title="bbox 2113 3925 3777 4010; baseline -0.01 -16"><span class='ocrx_word' id='word_1_856' title='bbox 2113 3940 2305 4003; x_wconf 82' lang='grc' dir='ltr'>λίθοις,</span> <span class='ocrx_word' id='word_1_857' title='bbox 2340 3939 2606 4010; x_wconf 74' lang='grc' dir='ltr'>ἠδίκησαν</span> <span class='ocrx_word' id='word_1_858' title='bbox 2649 3935 2747 4005; x_wconf 80' lang='grc' dir='ltr'>τὴν</span> <span class='ocrx_word' id='word_1_859' title='bbox 2793 3933 3074 4005; x_wconf 89' lang='grc' dir='ltr'>ἀλήθειαν,</span> <span class='ocrx_word' id='word_1_860' title='bbox 3126 3931 3189 3985; x_wconf 87' lang='grc' dir='ltr'>τό</span> <span class='ocrx_word' id='word_1_861' title='bbox 3231 3948 3294 3999; x_wconf 87' lang='grc' dir='ltr'>γε</span> <span class='ocrx_word' id='word_1_862' title='bbox 3344 3927 3523 3982; x_wconf 84' lang='grc' dir='ltr'>αὐτῶν</span> <span class='ocrx_word' id='word_1_863' title='bbox 3582 3925 3777 3996; x_wconf 85' lang='grc' dir='ltr'>μέρος·</span> 
     </span>
    </p>
   </div>
   <div class='ocr_carea' id='block_1_104' title="bbox 2115 4011 3783 4097">
    <p class='ocr_par' dir='ltr' id='par_1_104' title="bbox 2115 4011 3783 4097">
     <span class='ocr_line' id='line_1_104' title="bbox 2115 4011 3783 4097; baseline -0.011 -16"><span class='ocrx_word' id='word_1_864' title='bbox 2115 4026 2296 4097; x_wconf 90' lang='grc' dir='ltr'>ἐκείνη</span> <span class='ocrx_word' id='word_1_865' title='bbox 2343 4025 2452 4097; x_wconf 77' lang='grc' dir='ltr'>γὰρ</span> <span class='ocrx_word' id='word_1_866' title='bbox 2496 4023 2765 4094; x_wconf 74' lang='grc' dir='ltr'>ἄτρεπτος</span> <span class='ocrx_word' id='word_1_867' title='bbox 2805 4020 2979 4091; x_wconf 87' lang='grc' dir='ltr'>μένει,</span> <span class='ocrx_word' id='word_1_868' title='bbox 3014 4019 3115 4089; x_wconf 79' lang='grc' dir='ltr'>τὴν</span> <span class='ocrx_word' id='word_1_869' title='bbox 3149 4017 3357 4070; x_wconf 76' lang='grc' dir='ltr'>οἰκείαν</span> <span class='ocrx_word' id='word_1_870' title='bbox 3392 4014 3550 4078; x_wconf 82' lang='grc' dir='ltr'>δόξαν</span> <span class='ocrx_word' id='word_1_871' title='bbox 3583 4011 3783 4080; x_wconf 79' lang='grc' dir='ltr'>ἔχουσα</span> 
     </span>
    </p>
   </div>
   <div class='ocr_carea' id='block_1_105' title="bbox 2116 4096 3783 4180">
    <p class='ocr_par' dir='ltr' id='par_1_105' title="bbox 2116 4096 3783 4180">
     <span class='ocr_line' id='line_1_105' title="bbox 2116 4096 3783 4180; baseline -0.013 -12"><span class='ocrx_word' id='word_1_872' title='bbox 2116 4096 2392 4180; x_wconf 80' lang='grc' dir='ltr'>ἀκίνητον.</span> <span class='ocrx_word' id='word_1_873' title='bbox 2422 4096 2552 4164; x_wconf 71' lang='grc' dir='ltr'>Καὶ</span> <span class='ocrx_word' id='word_1_874' title='bbox 2600 4108 2765 4161; x_wconf 88' lang='grc' dir='ltr'>πόθεν</span> <span class='ocrx_word' id='word_1_875' title='bbox 2805 4107 2980 4177; x_wconf 83' lang='grc' dir='ltr'>δῆλον,</span> <span class='ocrx_word' id='word_1_876' title='bbox 3024 4106 3104 4157; x_wconf 83' lang='grc' dir='ltr'>ὅτι</span> <span class='ocrx_word' id='word_1_877' title='bbox 3143 4101 3400 4171; x_wconf 76' lang='grc' dir='ltr'>ἐνέθηκεν</span> <span class='ocrx_word' id='word_1_878' title='bbox 3444 4100 3627 4160; x_wconf 79' lang='grc' dir='ltr'>αὐτοῖς</span> <span class='ocrx_word' id='word_1_879' title='bbox 3682 4096 3783 4164; x_wconf 71' lang='grc' dir='ltr'>τὴν</span> 
     </span>
    </p>
   </div>
   <div class='ocr_carea' id='block_1_106' title="bbox 2117 4181 3783 4269">
    <p class='ocr_par' dir='ltr' id='par_1_106' title="bbox 2117 4181 3783 4269">
     <span class='ocr_line' id='line_1_106' title="bbox 2117 4181 3783 4269; baseline -0.011 -17"><span class='ocrx_word' id='word_1_880' title='bbox 2117 4199 2340 4269; x_wconf 80' lang='grc' dir='ltr'>γνῶσιν,</span> <span class='ocrx_word' id='word_1_881' title='bbox 2391 4191 2437 4250; x_wconf 80' lang='grc' dir='ltr'><strong>ὦ</strong></span> <span class='ocrx_word' id='word_1_882' title='bbox 2481 4192 2663 4248; x_wconf 88' lang='grc' dir='ltr'>Παῦλε</span> <span class='ocrx_word' id='word_1_883' title='bbox 2681 4192 2705 4258; x_wconf 69' lang='grc'>;’</span> <span class='ocrx_word' id='word_1_884' title='bbox 2746 4195 2896 4255; x_wconf 87' lang='grc' dir='ltr'>Ὅτι,</span> <span class='ocrx_word' id='word_1_885' title='bbox 2949 4190 3105 4260; x_wconf 74' lang='grc' dir='ltr'>φησὶ,</span> <span class='ocrx_word' id='word_1_886' title='bbox 3159 4187 3228 4240; x_wconf 85' lang='grc' dir='ltr'>τό</span> <span class='ocrx_word' id='word_1_887' title='bbox 3286 4186 3554 4255; x_wconf 73' lang='grc' dir='ltr'>γνωστὸν</span> <span class='ocrx_word' id='word_1_888' title='bbox 3595 4181 3783 4237; x_wconf 84' lang='grc' dir='ltr'>αὑτοῦ</span> 
     </span>
    </p>
   </div>
   <div class='ocr_carea' id='block_1_107' title="bbox 2119 4268 3782 4356">
    <p class='ocr_par' dir='ltr' id='par_1_107' title="bbox 2119 4268 3782 4356">
     <span class='ocr_line' id='line_1_107' title="bbox 2119 4268 3782 4356; baseline -0.013 -17"><span class='ocrx_word' id='word_1_889' title='bbox 2119 4268 2382 4356; x_wconf 68' lang='grc' dir='ltr'>φανερόν</span> <span class='ocrx_word' id='word_1_890' title='bbox 2405 4283 2578 4335; x_wconf 85' lang='grc' dir='ltr'>ἐστιν</span> <span class='ocrx_word' id='word_1_891' title='bbox 2597 4279 2666 4332; x_wconf 81' lang='grc' dir='ltr'>ἐν</span> <span class='ocrx_word' id='word_1_892' title='bbox 2692 4277 2914 4342; x_wconf 83' lang='grc' dir='ltr'>αὐτοῖς.</span> <span class='ocrx_word' id='word_1_893' title='bbox 2951 4275 3114 4327; x_wconf 83' lang='grc' dir='ltr'>Ἀλλά</span> <span class='ocrx_word' id='word_1_894' title='bbox 3137 4271 3294 4356; x_wconf 84' lang='grc' dir='ltr'>τοῦτο</span> <span class='ocrx_word' id='word_1_895' title='bbox 3317 4268 3588 4338; x_wconf 80' lang='grc' dir='ltr'>ἀπόφασίς</span> <span class='ocrx_word' id='word_1_896' title='bbox 3612 4269 3782 4331; x_wconf 77' lang='grc' dir='ltr'>ἐστιν,</span> 
     </span>
    </p>
   </div>
   <div class='ocr_carea' id='block_1_108' title="bbox 2119 4350 3784 4428">
    <p class='ocr_par' dir='ltr' id='par_1_108' title="bbox 2119 4350 3784 4428">
     <span class='ocr_line' id='line_1_108' title="bbox 2119 4350 3784 4428; baseline -0.012 -7"><span class='ocrx_word' id='word_1_897' title='bbox 2119 4369 2220 4421; x_wconf 86' lang='grc' dir='ltr'>ούκ</span> <span class='ocrx_word' id='word_1_898' title='bbox 2260 4364 2533 4428; x_wconf 81' lang='grc' dir='ltr'>ἀπόδειξις</span> <span class='ocrx_word' id='word_1_899' title='bbox 2554 4381 2567 4394; x_wconf 92' lang='grc'>·</span> <span class='ocrx_word' id='word_1_900' title='bbox 2600 4362 2663 4414; x_wconf 84' lang='grc' dir='ltr'>σὺ</span> <span class='ocrx_word' id='word_1_901' title='bbox 2697 4360 2753 4415; x_wconf 83' lang='grc' dir='ltr'>δέ</span> <span class='ocrx_word' id='word_1_902' title='bbox 2789 4376 2878 4428; x_wconf 92' lang='grc' dir='ltr'>μοι</span> <span class='ocrx_word' id='word_1_903' title='bbox 2925 4354 3353 4417; x_wconf 86' lang='grc' dir='ltr'>κατασκεύασον,</span> <span class='ocrx_word' id='word_1_904' title='bbox 3387 4353 3482 4405; x_wconf 73' lang='grc' dir='ltr'>καὶ</span> <span class='ocrx_word' id='word_1_905' title='bbox 3510 4351 3679 4416; x_wconf 76' lang='grc' dir='ltr'>δεῖξον</span> <span class='ocrx_word' id='word_1_906' title='bbox 3704 4350 3784 4403; x_wconf 83' lang='grc' dir='ltr'>ὅτι</span> 
     </span>
    </p>
   </div>
   <div class='ocr_carea' id='block_1_109' title="bbox 2121 4436 3785 4525">
    <p class='ocr_par' dir='ltr' id='par_1_109' title="bbox 2121 4436 3785 4525">
     <span class='ocr_line' id='line_1_109' title="bbox 2121 4436 3785 4525; baseline -0.012 -18"><span class='ocrx_word' id='word_1_907' title='bbox 2121 4458 2155 4525; x_wconf 81' lang='grc' dir='ltr'>ή</span> <span class='ocrx_word' id='word_1_908' title='bbox 2187 4453 2386 4523; x_wconf 84' lang='grc' dir='ltr'>γνῶσις</span> <span class='ocrx_word' id='word_1_909' title='bbox 2416 4453 2450 4522; x_wconf 88' lang='grc' dir='ltr'>ή</span> <span class='ocrx_word' id='word_1_910' title='bbox 2495 4448 2623 4518; x_wconf 74' lang='grc' dir='ltr'>περὶ</span> <span class='ocrx_word' id='word_1_911' title='bbox 2650 4444 2743 4500; x_wconf 86' lang='grc' dir='ltr'>τοῦ</span> <span class='ocrx_word' id='word_1_912' title='bbox 2777 4444 2909 4499; x_wconf 88' lang='grc' dir='ltr'>Θεοῦ</span> <span class='ocrx_word' id='word_1_913' title='bbox 2943 4443 3074 4515; x_wconf 81' lang='grc' dir='ltr'>δήλη</span> <span class='ocrx_word' id='word_1_914' title='bbox 3106 4438 3173 4514; x_wconf 82' lang='grc' dir='ltr'>ἦν</span> <span class='ocrx_word' id='word_1_915' title='bbox 3205 4440 3407 4503; x_wconf 81' lang='grc' dir='ltr'>αὐτοῖς,</span> <span class='ocrx_word' id='word_1_916' title='bbox 3439 4439 3531 4492; x_wconf 77' lang='grc' dir='ltr'>καὶ</span> <span class='ocrx_word' id='word_1_917' title='bbox 3570 4436 3785 4499; x_wconf 83' lang='grc' dir='ltr'>ἑκόντες</span> 
     </span>
    </p>
   </div>
   <div class='ocr_carea' id='block_1_110' title="bbox 2125 4522 3788 4610">
    <p class='ocr_par' dir='ltr' id='par_1_110' title="bbox 2125 4522 3788 4610">
     <span class='ocr_line' id='line_1_110' title="bbox 2125 4522 3788 4610; baseline -0.012 -16"><span class='ocrx_word' id='word_1_918' title='bbox 2125 4522 2495 4610; x_wconf 81' lang='grc' dir='ltr'>παρέδραμον.</span> <span class='ocrx_word' id='word_1_919' title='bbox 2544 4534 2715 4589; x_wconf 86' lang='grc' dir='ltr'>Πόθεν</span> <span class='ocrx_word' id='word_1_920' title='bbox 2742 4529 2834 4587; x_wconf 82' lang='grc' dir='ltr'>οὖν</span> <span class='ocrx_word' id='word_1_921' title='bbox 2863 4531 2995 4601; x_wconf 86' lang='grc' dir='ltr'>δήλη</span> <span class='ocrx_word' id='word_1_922' title='bbox 3033 4526 3129 4602; x_wconf 74' lang='grc' dir='ltr'>ἦνς</span> <span class='ocrx_word' id='word_1_923' title='bbox 3158 4527 3338 4598; x_wconf 80' lang='grc' dir='ltr'>φωνὴν</span> <span class='ocrx_word' id='word_1_924' title='bbox 3366 4526 3549 4588; x_wconf 80' lang='grc' dir='ltr'>αὐτοῖς</span> <span class='ocrx_word' id='word_1_925' title='bbox 3581 4522 3788 4576; x_wconf 82' lang='grc' dir='ltr'>ἄνωθεν</span> 
     </span>
    </p>
   </div>
   <div class='ocr_carea' id='block_1_111' title="bbox 2125 4608 3787 4697">
    <p class='ocr_par' dir='ltr' id='par_1_111' title="bbox 2125 4608 3787 4697">
     <span class='ocr_line' id='line_1_111' title="bbox 2125 4608 3787 4697; baseline -0.011 -17"><span class='ocrx_word' id='word_1_926' title='bbox 2125 4608 2371 4697; x_wconf 71' lang='grc' dir='ltr'>ἀφῆκενς</span> <span class='ocrx_word' id='word_1_927' title='bbox 2418 4621 2710 4692; x_wconf 64' lang='grc' dir='ltr'>Οὐδαμῶς·</span> <span class='ocrx_word' id='word_1_928' title='bbox 2764 4619 2878 4673; x_wconf 83' lang='grc' dir='ltr'>ἀλλ’</span> <span class='ocrx_word' id='word_1_929' title='bbox 2922 4619 2950 4672; x_wconf 86' lang='grc' dir='ltr'><strong>ὃ</strong></span> <span class='ocrx_word' id='word_1_930' title='bbox 2990 4616 3172 4687; x_wconf 78' lang='grc' dir='ltr'>φωνῆς</span> <span class='ocrx_word' id='word_1_931' title='bbox 3221 4614 3416 4676; x_wconf 78' lang='grc' dir='ltr'>αὐτοὺς</span> <span class='ocrx_word' id='word_1_932' title='bbox 3464 4608 3787 4681; x_wconf 82' lang='grc' dir='ltr'>ἐφέλκεσθαι</span> 
     </span>
    </p>
   </div>
   <div class='ocr_carea' id='block_1_112' title="bbox 2129 4695 3789 4783">
    <p class='ocr_par' dir='ltr' id='par_1_112' title="bbox 2129 4695 3789 4783">
     <span class='ocr_line' id='line_1_112' title="bbox 2129 4695 3789 4783; baseline -0.012 -17"><span class='ocrx_word' id='word_1_933' title='bbox 2129 4695 2330 4783; x_wconf 76' lang='grc' dir='ltr'>μάλλον</span> <span class='ocrx_word' id='word_1_934' title='bbox 2369 4708 2621 4780; x_wconf 72' lang='grc' dir='ltr'>ἠδύνατο,</span> <span class='ocrx_word' id='word_1_935' title='bbox 2668 4707 2828 4760; x_wconf 88' lang='grc' dir='ltr'>τοῦτο</span> <span class='ocrx_word' id='word_1_936' title='bbox 2860 4704 3101 4773; x_wconf 80' lang='grc' dir='ltr'>ἐποίησε,</span> <span class='ocrx_word' id='word_1_937' title='bbox 3139 4701 3237 4771; x_wconf 78' lang='grc' dir='ltr'>τὴν</span> <span class='ocrx_word' id='word_1_938' title='bbox 3278 4699 3456 4754; x_wconf 87' lang='grc' dir='ltr'>κτίσιν</span> <span class='ocrx_word' id='word_1_939' title='bbox 3497 4699 3576 4761; x_wconf 87' lang='grc' dir='ltr'>είς</span> <span class='ocrx_word' id='word_1_940' title='bbox 3626 4695 3789 4765; x_wconf 89' lang='grc' dir='ltr'>μέσον</span> 
     </span>
    </p>
   </div>
   <div class='ocr_carea' id='block_1_113' title="bbox 2129 4783 3792 4870">
    <p class='ocr_par' dir='ltr' id='par_1_113' title="bbox 2129 4783 3792 4870">
     <span class='ocr_line' id='line_1_113' title="bbox 2129 4783 3792 4870; baseline -0.011 -17"><span class='ocrx_word' id='word_1_941' title='bbox 2129 4798 2374 4870; x_wconf 70' lang='grc' dir='ltr'>προθεὶς,</span> <span class='ocrx_word' id='word_1_942' title='bbox 2401 4796 2542 4849; x_wconf 80' lang='grc' dir='ltr'>ὥστε</span> <span class='ocrx_word' id='word_1_943' title='bbox 2576 4796 2671 4848; x_wconf 79' lang='grc' dir='ltr'>καὶ</span> <span class='ocrx_word' id='word_1_944' title='bbox 2713 4794 2874 4861; x_wconf 77' lang='grc' dir='ltr'>σοφὸν</span> <span class='ocrx_word' id='word_1_945' title='bbox 2920 4792 3012 4844; x_wconf 70' lang='grc' dir='ltr'>καὶ</span> <span class='ocrx_word' id='word_1_946' title='bbox 3048 4790 3281 4860; x_wconf 85' lang='grc' dir='ltr'>ἰδιώτην,</span> <span class='ocrx_word' id='word_1_947' title='bbox 3317 4786 3412 4841; x_wconf 75' lang='grc' dir='ltr'>καὶ</span> <span class='ocrx_word' id='word_1_948' title='bbox 3454 4784 3668 4854; x_wconf 86' lang='grc' dir='ltr'>Σκύθην</span> <span class='ocrx_word' id='word_1_949' title='bbox 3698 4783 3792 4835; x_wconf 86' lang='grc' dir='ltr'>καί</span> 
     </span>
    </p>
   </div>
   <div class='ocr_carea' id='block_1_114' title="bbox 2132 4868 3791 4957">
    <p class='ocr_par' dir='ltr' id='par_1_114' title="bbox 2132 4868 3791 4957">
     <span class='ocr_line' id='line_1_114' title="bbox 2132 4868 3791 4957; baseline -0.011 -19"><span class='ocrx_word' id='word_1_950' title='bbox 2132 4868 2400 4957; x_wconf 59' lang='grc' dir='ltr'>βάρϐαφν</span> <span class='ocrx_word' id='word_1_951' title='bbox 2437 4882 2524 4935; x_wconf 72' lang='grc' dir='ltr'>διὰ</span> <span class='ocrx_word' id='word_1_952' title='bbox 2550 4882 2647 4952; x_wconf 82' lang='grc' dir='ltr'>τῆς</span> <span class='ocrx_word' id='word_1_953' title='bbox 2676 4881 2852 4948; x_wconf 61' lang='grc' dir='ltr'>ὂψεως</span> <span class='ocrx_word' id='word_1_954' title='bbox 2870 4875 3254 4946; x_wconf 89' lang='grc' dir='ltr'>καταμαθόντα</span> <span class='ocrx_word' id='word_1_955' title='bbox 3281 4873 3389 4926; x_wconf 86' lang='grc' dir='ltr'>τῶν</span> <span class='ocrx_word' id='word_1_956' title='bbox 3420 4871 3712 4942; x_wconf 85' lang='grc' dir='ltr'>ὁρωμένων</span> <span class='ocrx_word' id='word_1_957' title='bbox 3729 4868 3791 4921; x_wconf 84' lang='lat'>:6</span> 
     </span>
    </p>
   </div>
   <div class='ocr_carea' id='block_1_115' title="bbox 2129 4954 3793 5034">
    <p class='ocr_par' dir='ltr' id='par_1_115' title="bbox 2129 4954 3793 5034">
     <span class='ocr_line' id='line_1_115' title="bbox 2129 4954 3793 5034; baseline -0.01 -10"><span class='ocrx_word' id='word_1_958' title='bbox 2129 4954 2347 5034; x_wconf 81' lang='grc' dir='ltr'>κάλλος,</span> <span class='ocrx_word' id='word_1_959' title='bbox 2387 4968 2480 5021; x_wconf 75' lang='grc' dir='ltr'>ἐπὶ</span> <span class='ocrx_word' id='word_1_960' title='bbox 2528 4968 2618 5021; x_wconf 78' lang='grc' dir='ltr'>τὸν</span> <span class='ocrx_word' id='word_1_961' title='bbox 2670 4966 2801 5020; x_wconf 79' lang='grc' dir='ltr'>Θεὸν</span> <span class='ocrx_word' id='word_1_962' title='bbox 2855 4962 3181 5018; x_wconf 80' lang='grc' dir='ltr'>ἀναϐαίνειν.</span> <span class='ocrx_word' id='word_1_963' title='bbox 3215 4962 3306 5014; x_wconf 88' lang='grc' dir='ltr'>Διό</span> <span class='ocrx_word' id='word_1_964' title='bbox 3350 4974 3513 5029; x_wconf 85' lang='grc' dir='ltr'>φησι·</span> <span class='ocrx_word' id='word_1_965' title='bbox 3563 4956 3640 5010; x_wconf 83' lang='grc' dir='ltr'>Τὰ</span> <span class='ocrx_word' id='word_1_966' title='bbox 3681 4954 3793 5025; x_wconf 76' lang='grc' dir='ltr'>γὰρ</span> 
     </span>
    </p>
   </div>
   <div class='ocr_carea' id='block_1_116' title="bbox 2131 5042 3794 5125">
    <p class='ocr_par' dir='ltr' id='par_1_116' title="bbox 2131 5042 3794 5125">
     <span class='ocr_line' id='line_1_116' title="bbox 2131 5042 3794 5125; baseline -0.01 -13"><span class='ocrx_word' id='word_1_967' title='bbox 2131 5059 2352 5125; x_wconf 81' lang='grc' dir='ltr'>ἀόρατα</span> <span class='ocrx_word' id='word_1_968' title='bbox 2394 5054 2579 5109; x_wconf 84' lang='grc' dir='ltr'>αὐτοῦ</span> <span class='ocrx_word' id='word_1_969' title='bbox 2614 5052 2734 5108; x_wconf 80' lang='grc' dir='ltr'>ἀπὸ</span> <span class='ocrx_word' id='word_1_970' title='bbox 2782 5052 3032 5115; x_wconf 81' lang='grc' dir='ltr'>κτίσεως</span> <span class='ocrx_word' id='word_1_971' title='bbox 3064 5049 3295 5117; x_wconf 78' lang='grc' dir='ltr'>κόσμου</span> <span class='ocrx_word' id='word_1_972' title='bbox 3339 5047 3466 5112; x_wconf 84' lang='grc' dir='ltr'>τοῖς</span> <span class='ocrx_word' id='word_1_973' title='bbox 3502 5042 3794 5110; x_wconf 80' lang='grc' dir='ltr'>ποιήμασι</span> 
     </span>
    </p>
   </div>
   <div class='ocr_carea' id='block_1_117' title="bbox 2131 5134 3790 5215">
    <p class='ocr_par' dir='ltr' id='par_1_117' title="bbox 2131 5134 3790 5215">
     <span class='ocr_line' id='line_1_117' title="bbox 2131 5134 3790 5215; baseline -0.01 -14"><span class='ocrx_word' id='word_1_974' title='bbox 2131 5149 2427 5215; x_wconf 82' lang='grc' dir='ltr'>νοούμενα</span> <span class='ocrx_word' id='word_1_975' title='bbox 2446 5141 2764 5211; x_wconf 81' lang='grc' dir='ltr'>καθορᾶται</span> <span class='ocrx_word' id='word_1_976' title='bbox 2784 5160 2795 5170; x_wconf 94' lang='grc'>·</span> <span class='ocrx_word' id='word_1_977' title='bbox 2823 5143 2959 5211; x_wconf 85' lang='grc' dir='ltr'>ὅπερ</span> <span class='ocrx_word' id='word_1_978' title='bbox 2978 5136 3069 5194; x_wconf 79' lang='grc' dir='ltr'>οὖν</span> <span class='ocrx_word' id='word_1_979' title='bbox 3093 5140 3189 5193; x_wconf 73' lang='grc' dir='ltr'>καὶ</span> <span class='ocrx_word' id='word_1_980' title='bbox 3209 5139 3238 5191; x_wconf 91' lang='lat'>6</span> <span class='ocrx_word' id='word_1_981' title='bbox 3271 5137 3556 5206; x_wconf 84' lang='grc' dir='ltr'>προφήτης</span> <span class='ocrx_word' id='word_1_982' title='bbox 3586 5134 3790 5199; x_wconf 77' lang='grc' dir='ltr'>ἔλεγεν·</span> 
     </span>
    </p>
   </div>
   <div class='ocr_carea' id='block_1_118' title="bbox 2137 5219 3795 5300">
    <p class='ocr_par' dir='ltr' id='par_1_118' title="bbox 2137 5219 3795 5300">
     <span class='ocr_line' id='line_1_118' title="bbox 2137 5219 3795 5300; baseline -0.008 -14"><span class='ocrx_word' id='word_1_983' title='bbox 2137 5238 2200 5287; x_wconf 78' lang='lat' dir='ltr'>Ol</span> <span class='ocrx_word' id='word_1_984' title='bbox 2238 5231 2480 5300; x_wconf 74' lang='grc' dir='ltr'>οὐρανοί</span> <span class='ocrx_word' id='word_1_985' title='bbox 2528 5228 2871 5297; x_wconf 78' lang='grc' dir='ltr'>διηγοῦνται</span> <span class='ocrx_word' id='word_1_986' title='bbox 2908 5226 3096 5291; x_wconf 80' lang='grc' dir='ltr'>δόξαν</span> <span class='ocrx_word' id='word_1_987' title='bbox 3143 5226 3311 5279; x_wconf 88' lang='grc' dir='ltr'>Θεοῦ.</span> <span class='ocrx_word' id='word_1_988' title='bbox 3351 5225 3417 5278; x_wconf 88' lang='grc' dir='ltr'>Τί</span> <span class='ocrx_word' id='word_1_989' title='bbox 3456 5222 3564 5292; x_wconf 83' lang='grc' dir='ltr'>γὰρ</span> <span class='ocrx_word' id='word_1_990' title='bbox 3612 5219 3795 5291; x_wconf 83' lang='grc' dir='ltr'>ἐροῦσι</span> 
     </span>
    </p>
   </div>
   <div class='ocr_carea' id='block_1_119' title="bbox 2135 5307 3795 5387">
    <p class='ocr_par' dir='ltr' id='par_1_119' title="bbox 2135 5307 3795 5387">
     <span class='ocr_line' id='line_1_119' title="bbox 2135 5307 3795 5387; baseline -0.01 -13"><span class='ocrx_word' id='word_1_991' title='bbox 2135 5320 2255 5374; x_wconf 81' lang='grc' dir='ltr'>κατ’</span> <span class='ocrx_word' id='word_1_992' title='bbox 2294 5316 2508 5387; x_wconf 79' lang='grc' dir='ltr'>ἐκείνην</span> <span class='ocrx_word' id='word_1_993' title='bbox 2541 5315 2637 5387; x_wconf 76' lang='grc' dir='ltr'>τήν</span> <span class='ocrx_word' id='word_1_994' title='bbox 2666 5315 2880 5385; x_wconf 83' lang='grc' dir='ltr'>ἡμέραν</span> <span class='ocrx_word' id='word_1_995' title='bbox 2909 5314 2959 5367; x_wconf 86' lang='grc' dir='ltr'>οί</span> <span class='ocrx_word' id='word_1_996' title='bbox 2993 5312 3378 5384; x_wconf 75' lang='grc' dir='ltr'>Ἔλληνεςςὸτι</span> <span class='ocrx_word' id='word_1_997' title='bbox 3417 5307 3795 5379; x_wconf 82' lang='grc' dir='ltr'>Ἠγνοήσαμέν</span> 
     </span>
    </p>
   </div>
   <div class='ocr_carea' id='block_1_120' title="bbox 2138 5393 3797 5474">
    <p class='ocr_par' dir='ltr' id='par_1_120' title="bbox 2138 5393 3797 5474">
     <span class='ocr_line' id='line_1_120' title="bbox 2138 5393 3797 5474; baseline -0.01 -14"><span class='ocrx_word' id='word_1_998' title='bbox 2138 5424 2227 5473; x_wconf 87' lang='grc' dir='ltr'>σε;</span> <span class='ocrx_word' id='word_1_999' title='bbox 2254 5400 2388 5459; x_wconf 78' lang='grc' dir='ltr'>Εἶτα</span> <span class='ocrx_word' id='word_1_1000' title='bbox 2415 5404 2514 5457; x_wconf 81' lang='grc' dir='ltr'>οὐκ</span> <span class='ocrx_word' id='word_1_1001' title='bbox 2535 5402 2805 5474; x_wconf 75' lang='grc' dir='ltr'>ἠκούσατε</span> <span class='ocrx_word' id='word_1_1002' title='bbox 2829 5400 2920 5454; x_wconf 87' lang='grc' dir='ltr'>τοῦ</span> <span class='ocrx_word' id='word_1_1003' title='bbox 2936 5399 3165 5471; x_wconf 84' lang='grc' dir='ltr'>ούρανοῦ</span> <span class='ocrx_word' id='word_1_1004' title='bbox 3189 5397 3367 5467; x_wconf 79' lang='grc' dir='ltr'>φωνὴν</span> <span class='ocrx_word' id='word_1_1005' title='bbox 3383 5395 3468 5450; x_wconf 73' lang='grc' dir='ltr'>διά</span> <span class='ocrx_word' id='word_1_1006' title='bbox 3494 5397 3591 5466; x_wconf 82' lang='grc' dir='ltr'>τῆς</span> <span class='ocrx_word' id='word_1_1007' title='bbox 3616 5393 3797 5463; x_wconf 74' lang='grc' dir='ltr'>ὅψεως</span> 
     </span>
    </p>
   </div>
   <div class='ocr_carea' id='block_1_121' title="bbox 2137 5482 3796 5567">
    <p class='ocr_par' dir='ltr' id='par_1_121' title="bbox 2137 5482 3796 5567">
     <span class='ocr_line' id='line_1_121' title="bbox 2137 5482 3796 5567; baseline -0.01 -16"><span class='ocrx_word' id='word_1_1008' title='bbox 2137 5494 2425 5567; x_wconf 84' lang='grc' dir='ltr'>ἀφιέντος,</span> <span class='ocrx_word' id='word_1_1009' title='bbox 2470 5493 2566 5561; x_wconf 83' lang='grc' dir='ltr'>τῆς</span> <span class='ocrx_word' id='word_1_1010' title='bbox 2601 5490 2867 5545; x_wconf 83' lang='grc' dir='ltr'>εὐτάκτου</span> <span class='ocrx_word' id='word_1_1011' title='bbox 2921 5489 3136 5542; x_wconf 89' lang='grc' dir='ltr'>πάντων</span> <span class='ocrx_word' id='word_1_1012' title='bbox 3184 5486 3446 5558; x_wconf 87' lang='grc' dir='ltr'>ἁρμονίας</span> <span class='ocrx_word' id='word_1_1013' title='bbox 3498 5482 3796 5550; x_wconf 87' lang='grc' dir='ltr'>σάλπιγγος</span> 
     </span>
    </p>
   </div>
   <div class='ocr_carea' id='block_1_122' title="bbox 2138 5566 3798 5652">
    <p class='ocr_par' dir='ltr' id='par_1_122' title="bbox 2138 5566 3798 5652">
     <span class='ocr_line' id='line_1_122' title="bbox 2138 5566 3798 5652; baseline -0.01 -16"><span class='ocrx_word' id='word_1_1014' title='bbox 2138 5566 2517 5652; x_wconf 86' lang='grc' dir='ltr'>λαμπρότερον</span> <span class='ocrx_word' id='word_1_1015' title='bbox 2562 5576 2805 5648; x_wconf 85' lang='grc' dir='ltr'>βοώσης;</span> <span class='ocrx_word' id='word_1_1016' title='bbox 2846 5575 3038 5637; x_wconf 82' lang='grc' dir='ltr'>νυκτὸς</span> <span class='ocrx_word' id='word_1_1017' title='bbox 3080 5573 3174 5627; x_wconf 76' lang='grc' dir='ltr'>καὶ</span> <span class='ocrx_word' id='word_1_1018' title='bbox 3214 5573 3425 5644; x_wconf 79' lang='grc' dir='ltr'>ἡμέρας</span> <span class='ocrx_word' id='word_1_1019' title='bbox 3470 5571 3666 5640; x_wconf 85' lang='grc' dir='ltr'>νόμους</span> <span class='ocrx_word' id='word_1_1020' title='bbox 3698 5566 3798 5620; x_wconf 86' lang='grc' dir='ltr'>οὑκ</span> 
     </span>
    </p>
   </div>
   <div class='ocr_carea' id='block_1_123' title="bbox 2142 5654 3796 5739">
    <p class='ocr_par' dir='ltr' id='par_1_123' title="bbox 2142 5654 3796 5739">
     <span class='ocr_line' id='line_1_123' title="bbox 2142 5654 3796 5739; baseline -0.01 -16"><span class='ocrx_word' id='word_1_1021' title='bbox 2142 5671 2307 5724; x_wconf 74' lang='grc' dir='ltr'>εἴδετε</span> <span class='ocrx_word' id='word_1_1022' title='bbox 2352 5667 2611 5739; x_wconf 87' lang='grc' dir='ltr'>μένοντας</span> <span class='ocrx_word' id='word_1_1023' title='bbox 2649 5661 2798 5737; x_wconf 70' lang='grc'>[450]</span> <span class='ocrx_word' id='word_1_1024' title='bbox 2847 5663 3134 5731; x_wconf 87' lang='grc' dir='ltr'>ἀκινήτους</span> <span class='ocrx_word' id='word_1_1025' title='bbox 3176 5659 3463 5730; x_wconf 85' lang='grc' dir='ltr'>διηνεκῶς;</span> <span class='ocrx_word' id='word_1_1026' title='bbox 3510 5654 3796 5728; x_wconf 84' lang='grc' dir='ltr'>χειμῶνος,</span> 
     </span>
    </p>
   </div>
   <div class='ocr_carea' id='block_1_124' title="bbox 2143 5740 3802 5828">
    <p class='ocr_par' dir='ltr' id='par_1_124' title="bbox 2143 5740 3802 5828">
     <span class='ocr_line' id='line_1_124' title="bbox 2143 5740 3802 5828; baseline -0.011 -18"><span class='ocrx_word' id='word_1_1027' title='bbox 2143 5756 2323 5828; x_wconf 76' lang='grc' dir='ltr'>ἔαρος,</span> <span class='ocrx_word' id='word_1_1028' title='bbox 2345 5754 2437 5809; x_wconf 76' lang='grc' dir='ltr'>καὶ</span> <span class='ocrx_word' id='word_1_1029' title='bbox 2459 5752 2571 5807; x_wconf 88' lang='grc' dir='ltr'>τῶν</span> <span class='ocrx_word' id='word_1_1030' title='bbox 2596 5751 2772 5806; x_wconf 75' lang='grc' dir='ltr'>ἄλλων</span> <span class='ocrx_word' id='word_1_1031' title='bbox 2802 5750 2962 5824; x_wconf 84' lang='grc' dir='ltr'>ὡρῶν</span> <span class='ocrx_word' id='word_1_1032' title='bbox 2980 5750 3078 5822; x_wconf 79' lang='grc' dir='ltr'>τὴν</span> <span class='ocrx_word' id='word_1_1033' title='bbox 3099 5747 3350 5814; x_wconf 80' lang='grc' dir='ltr'>εὐταξίαν</span> <span class='ocrx_word' id='word_1_1034' title='bbox 3375 5745 3597 5818; x_wconf 82' lang='grc' dir='ltr'>βεϐαίαν</span> <span class='ocrx_word' id='word_1_1035' title='bbox 3616 5759 3677 5795; x_wconf 82' lang='grc' dir='ltr'>τε</span> <span class='ocrx_word' id='word_1_1036' title='bbox 3709 5740 3802 5794; x_wconf 77' lang='grc' dir='ltr'>καὶ</span> 
     </span>
    </p>
   </div>
   <div class='ocr_carea' id='block_1_125' title="bbox 2212 5852 3735 5928">
    <p class='ocr_par' dir='ltr' id='par_1_125' title="bbox 2212 5852 3735 5928">
     <span class='ocr_line' id='line_1_125' title="bbox 2212 5852 3735 5928; baseline -0.013 -9"><span class='ocrx_word' id='word_1_1037' title='bbox 2212 5888 2241 5928; x_wconf 74' lang='grc' dir='ltr'>ι,</span> <span class='ocrx_word' id='word_1_1038' title='bbox 2267 5869 2407 5918; x_wconf 81' lang='lat' dir='ltr'>Unus</span> <span class='ocrx_word' id='word_1_1039' title='bbox 2437 5867 2566 5925; x_wconf 83' lang='lat' dir='ltr'>cod.,</span> <span class='ocrx_word' id='word_1_1040' title='bbox 2592 5866 2770 5916; x_wconf 79' lang='grc' dir='ltr'>ἀδικίαι</span> <span class='ocrx_word' id='word_1_1041' title='bbox 2788 5863 2976 5915; x_wconf 89' lang='grc' dir='ltr'>πολλαί.</span> <span class='ocrx_word' id='word_1_1042' title='bbox 3046 5867 3068 5897; x_wconf 68' lang='grc' dir='ltr'>θ</span> <span class='ocrx_word' id='word_1_1043' title='bbox 3088 5862 3198 5914; x_wconf 86' lang='lat' dir='ltr'>Duo</span> <span class='ocrx_word' id='word_1_1044' title='bbox 3220 5877 3265 5912; x_wconf 83' lang='grc' dir='ltr'>ω</span> <span class='ocrx_word' id='word_1_1045' title='bbox 3292 5875 3355 5923; x_wconf 81' lang='lat'>8.,</span> <span class='ocrx_word' id='word_1_1046' title='bbox 3374 5861 3457 5916; x_wconf 76' lang='grc' dir='ltr'>τὴν</span> <span class='ocrx_word' id='word_1_1047' title='bbox 3477 5852 3735 5923; x_wconf 78' lang='grc' dir='ltr'>βασιλείαν.</span> 
     </span>
    </p>
   </div>
   <div class='ocr_carea' id='block_1_126' title="bbox 2152 5928 2618 5993">
    <p class='ocr_par' dir='ltr' id='par_1_126' title="bbox 2152 5928 2618 5993">
     <span class='ocr_line' id='line_1_126' title="bbox 2152 5928 2618 5993; baseline -0.006 -11"><span class='ocrx_word' id='word_1_1048' title='bbox 2152 5928 2178 5970; x_wconf 75' lang='grc' dir='ltr'><em>δ</em></span> <span class='ocrx_word' id='word_1_1049' title='bbox 2214 5931 2330 5992; x_wconf 79' lang='lat' dir='ltr'>Alii,</span> <span class='ocrx_word' id='word_1_1050' title='bbox 2353 5930 2618 5993; x_wconf 84' lang='grc' dir='ltr'>περιέσχον.</span> 
     </span>
    </p>
   </div>
  </div>
