4122 6150
385 345 491 406 H3

391 457 482 513 die
504 451 735 526 gentiles
760 446 800 508 i,
821 441 1188 516 iguoravimus
1210 437 1301 495 te?
1333 435 1481 492 Itane
1514 438 1704 491 etclam
1733 447 1839 488 non
1869 445 1968 484 au-

389 547 542 602 distis
567 558 631 597 ex
658 540 775 596 solo
800 543 1024 606 aspectu
1070 547 1262 587 vocem
1292 531 1546 586 emittens
1570 529 1594 582 ?
1641 541 1822 582 rerum
1857 537 1972 576 om-

397 637 548 693 nium
577 627 910 686 harmoniam
942 634 996 679 et
1039 631 1360 678 concentum
1385 662 1401 688 ,
1426 617 1624 674 clarius
1647 631 1806 688 quam
1851 613 1975 668 tuba

393 731 715 786 clamantem
746 721 770 775 ’Ξ
801 717 973 773 noctis
999 724 1054 771 et
1082 715 1189 770 diei
1219 715 1385 784 leges,
1417 712 1666 765 immotas
1718 713 1976 778 perpetuo

395 823 676 876 manentes
705 811 730 863 τ
759 807 951 864 hiemis
990 814 1044 860 et
1071 805 1214 858 veris
1239 812 1294 857 et
1321 801 1546 856 aliarum
1597 802 1976 868 tempestatum

400 906 643 964 ordinem
695 901 906 954 ﬁrmum
929 905 984 951 et
1012 892 1333 948 immotum?
1364 890 1527 946 maris
1554 885 1892 944 commodum
1923 883 1976 938 in

404 1007 479 1054 tot
525 993 774 1066 procellis
795 999 849 1045 et
881 987 1167 1043 ﬂuctibus?
1189 984 1366 1040 omnia
1384 984 1437 1038 in
1463 983 1649 1038 ordine
1677 978 1942 1036 manentia
1959 1018 1975 1044 ,

398 1106 460 1144 ac
501 1103 595 1158 per
633 1080 1076 1156 pulchritudinem
1127 1085 1180 1132 et
1224 1074 1637 1145 magnitudinem
1669 1071 1978 1126 Creatorem

401 1177 743 1254 praedicanda
771 1173 794 1225 Ἰ
827 1171 951 1226 [hec
974 1170 1170 1238 quippe
1187 1167 1364 1221 omnia
1387 1207 1401 1228 ,
1437 1174 1491 1219 et
1517 1164 1676 1218 etiam
1720 1161 1804 1216 his
1825 1160 1976 1228 plura

402 1251 720 1336 compendio
746 1262 939 1316 Paulus
987 1257 1157 1312 dixit:
1213 1255 1496 1309 lnvisibilia
1540 1253 1673 1307 enim
1715 1251 1875 1321 ipsius
1901 1290 1916 1314 ,
1950 1264 1983 1301 a

403 1369 633 1415 creatura
654 1352 845 1416 mundi,
879 1367 967 1420 per
985 1366 1043 1403 ea
1071 1364 1182 1417 quia
1206 1351 1344 1417 facta
1391 1353 1507 1400 sunt
1551 1343 1828 1404 intellecta,
1857 1356 1983 1393 con—

405 1449 683 1518 spiciuntur
701 1461 718 1500 :
734 1444 1036 1513 sempiterna
1057 1455 1250 1508 quoque
1275 1439 1384 1509 ejus
1407 1437 1626 1507 potentia
1654 1445 1701 1488 et
1727 1435 1984 1500 divinitas,

409 1543 482 1596 ita
499 1550 552 1594 ut
577 1539 676 1592 sint
703 1532 1087 1590 inexcusabiles.
1119 1530 1230 1584 Etsi
1253 1545 1358 1583 non
1389 1529 1443 1582 in
1467 1542 1586 1582 eum
1615 1525 1774 1580 ﬁnem
1802 1523 1988 1579 fecerit

409 1634 495 1688 illa
527 1634 686 1694 Deus,
713 1627 952 1698 quamvis
981 1625 1050 1676 ita
1080 1621 1360 1677 acciderit.
1390 1619 1574 1690 Neque
1603 1619 1747 1674 enim
1778 1625 1836 1671 ut
1865 1615 1986 1669 illos

409 1700 752 1776 excusatione
777 1716 1031 1787 privaret,
1056 1711 1360 1767 doctrinam
1391 1718 1597 1764 tantum
1651 1709 1702 1762 in
1746 1705 1984 1761 medium

410 1811 648 1883 protulit,
672 1807 766 1863 sed
794 1817 849 1861 ut
874 1807 1045 1876 ipsum
1077 1810 1464 1874 cognoscerent
1497 1817 1511 1855 :
1561 1799 1754 1870 ingrati
1805 1806 1987 1852 autem

413 1919 529 1960 cum
556 1910 756 1968 essent,
788 1916 846 1954 se
873 1900 971 1969 ipsi
993 1896 1304 1952 defensione
1346 1894 1640 1963 privarunt.
1669 1891 1869 1946 Deinde
1899 1905 1989 1944 os-

414 1995 634 2052 tendens
664 1990 933 2062 quomodo
951 1986 1262 2043 defensione
1289 1991 1525 2050 careant,
1568 1983 1676 2038 ait:
1723 1981 1812 2036 2i.
1859 1980 1993 2048 Quia

415 2101 526 2139 cum
558 2081 902 2152 cognovissent
931 2077 1117 2144 Deum,
1145 2091 1249 2130 non
1276 2083 1330 2128 ut
1361 2073 1521 2127 Deum
1547 2072 1988 2144 gloriﬁcaverunt,

415 2174 709 2244 autgratias
731 2179 954 2240 egerunt.
988 2167 1159 2222 Unum
1199 2165 1300 2219 hoc
1325 2164 1529 2218 crimen
1557 2162 1844 2216 maximum
1873 2167 1990 2224 est;

420 2265 650 2318 alterum
669 2259 811 2330 quod
840 2258 974 2312 idola
1005 2255 1346 2311 adoraverint
1371 2271 1384 2306 :
1416 2269 1519 2323 qua
1543 2252 1612 2307 de
1648 2267 1708 2306 re
1731 2263 1998 2305 accusans

425 2354 549 2410 illos
575 2351 856 2414 Jercmias,
883 2347 1092 2402 dicebat
1121 2362 1135 2398 :
1175 2344 1292 2397 Duo
1322 2343 1459 2397 mala
1483 2342 1600 2411 fecit
1627 2340 1846 2411 papulus
1874 2339 1955 2392 hic
1977 2355 1997 2393 :

425 2460 507 2500 me
555 2441 926 2509 dereliquerunt
974 2438 1163 2506 [autent
1201 2449 1347 2506 aqua!
1391 2434 1533 2498 view,
1560 2441 1606 2486 et
1627 2431 1860 2502 {oderunt
1904 2428 1998 2483 sibi

422 2539 664 2592 cisternas
679 2533 955 2601 dissipatas
981 2528 1114 2598 (Jer.
1136 2529 1192 2582 2.
1224 2526 1333 2596 I5).
1363 2524 1567 2579 Deinde
1587 2523 1797 2593 signum
1820 2521 1994 2586 affert,

423 2627 562 2700 quod
581 2628 745 2682 Deum
767 2629 1114 2693 cognoscant,
1128 2633 1232 2682 nec
1245 2617 1546 2689 cognitione
1561 2632 1660 2674 sua
1669 2627 1729 2674 ut
1743 2629 1841 2686 par
1859 2619 2003 2668 esset

427 2729 639 2775 utantur
661 2757 677 2781 ,
709 2715 852 2786 quod
882 2713 1089 2767 scilicet
1136 2710 1266 2764 deos
1290 2705 1638 2777 cognoverint
1664 2722 1678 2758 :
1727 2717 1894 2772 quare
1922 2702 2005 2756 in-

427 2809 543 2863 tulit
573 2825 587 2861 :
619 2807 752 2874 Quia
768 2820 882 2858 cum
906 2800 1247 2872 cognouissent
1274 2796 1459 2860 Deum,
1491 2811 1592 2849 non
1615 2804 1669 2847 ut
1698 2792 1862 2846 Deum
1887 2792 1998 2862 glo-

428 2901 762 2968 rificauerunt.
842 2893 1176 2960 Causamque
1261 2887 1481 2959 apponit
1531 2901 1627 2941 cur
1688 2886 1741 2938 in
1805 2892 2003 2938 tantam

429 2989 718 3044 amentiam
747 2982 952 3053 delapsi
979 2981 1106 3036 sint.
1134 2979 1389 3047 Qnmnatn
1413 2977 1501 3031 illa
1529 2976 1650 3030 est?
1693 2973 2008 3029 Ratiociniis

433 3082 542 3135 suis
558 3077 736 3132 omnia
763 3073 1167 3130 commiserunt.
1199 3070 1269 3123 At
1290 3083 1394 3122 non
1419 3068 1488 3121 ita
1511 3066 1664 3131 dicit,
1712 3063 1808 3120 sed
1847 3063 2006 3130 longe

433 3165 820 3224 vehementiori
849 3163 1038 3218 modo:
1068 3161 1397 3214 Evanuerunt
1420 3158 1574 3222 enim,
1604 3156 1796 3226 inquit,
1844 3155 1897 3208 in
1917 3171 2008 3208 co-

437 3255 760 3332 gitationibus
784 3254 908 3318 suis,
937 3260 983 3305 et
1012 3253 1333 3305 obscuratum
1344 3256 1418 3302 est
1438 3246 1679 3316 insipiens
1703 3261 1791 3298 cor
1815 3258 2007 3298 eorum.

437 3350 749 3407 Sicutcnim
777 3347 830 3401 in
859 3353 1014 3400 nocte
1061 3342 1232 3409 illuni,
1272 3341 1316 3397 si
1363 3339 1482 3410 quis
1521 3336 1862 3408 peregrinum
1910 3335 2012 3390 iter

439 3456 666 3512 carpere
690 3447 949 3501 conetur,
997 3434 1084 3490 vel
1125 3435 1177 3488 in
1218 3432 1354 3487 mari
1405 3431 1677 3501 navigare,
1708 3444 1816 3484 non
1855 3426 2014 3483 modo

441 3550 545 3590 non
567 3527 891 3606 pervenitad
918 3527 1098 3593 ﬁnem,
1130 3525 1223 3581 sed
1248 3526 1354 3579 cito
1379 3524 1517 3594 perit
1541 3539 1554 3576 :
1587 3523 1666 3576 sic
1692 3531 1747 3576 et
1769 3520 1852 3574 isti
1877 3519 2013 3573 viam

443 3625 508 3680 ad
537 3623 724 3678 caelum
754 3621 1016 3675 terentem
1043 3615 1303 3686 aggressi,
1331 3613 1542 3684 sibique
1561 3613 1737 3667 lucem
1768 3610 2015 3666 adimen-

452 3727 553 3781 tes,
584 3723 639 3769 et
690 3712 836 3767 illius
885 3710 1005 3765 loco
1061 3707 1460 3763 ratiociniorum
1509 3719 1726 3760 suorum
1785 3702 2019 3757 tenebris

447 3820 568 3860 sese
604 3802 1021 3863 committentes,
1043 3799 1094 3853 in
1118 3797 1393 3868 corporeis
1439 3797 1814 3864 incorporeum
1833 3835 1850 3861 ,
1879 3794 1930 3848 in
1960 3792 2022 3847 ﬁ-

447 3896 594 3965 guris
623 3896 785 3963 Iigura
813 3900 1088 3961 expertem
1110 3899 1431 3960 quaerentes,
1456 3886 1790 3956 naufragium
1819 3886 2023 3955 gravis-

447 3988 640 4042 simum
685 3984 947 4038 fecerunt.
1003 3981 1133 4036 Cum
1162 3981 1227 4033 iis
1253 3989 1452 4044 autem,
1510 3992 1629 4047 quae
1663 3976 1804 4030 dicta
1844 3983 2010 4040 sunt,

449 4077 607 4130 aliam
637 4073 836 4129 erroris
861 4072 1074 4127 illorum
1097 4084 1311 4125 causam
1341 4068 1490 4138 ponit
1515 4083 1635 4123 cum
1661 4067 1770 4121 ait:
1802 4066 1894 4120 2'2.
1921 4065 2018 4118 Di-

453 4177 616 4218 centes
631 4180 684 4218 se
708 4180 814 4217 esse
835 4161 1103 4232 sapientes,
1133 4159 1271 4214 stulti
1297 4158 1420 4231 {acti
1439 4167 1576 4213 sunt.
1617 4157 1860 4227 Magnum
1883 4156 2024 4211 enim

454 4256 722 4326 quidpiam
752 4253 819 4308 de
841 4267 900 4307 se
927 4252 1298 4322 imaginantes,
1351 4265 1450 4304 nec
1475 4249 1802 4304 sustinentes
1846 4247 1985 4303 hanc
2009 4286 2025 4311 ,

456 4363 612 4417 quam
633 4346 865 4415 jusserat
895 4344 1054 4408 Deus,
1079 4344 1220 4398 viam
1251 4343 1474 4412 ingredi,
1507 4343 1557 4396 in
1606 4341 1851 4396 amentiae
1879 4341 2028 4408 cogi-

457 4438 743 4492 tationibus
791 4435 1018 4492 demersi
1054 4444 1195 4489 sunt.
1226 4434 1429 4488 Deinde
1461 4441 1828 4502 tempestatem
1884 4431 2029 4486 illam

460 4526 791 4589 describens,
817 4541 975 4594 quam
1017 4525 1195 4594 gravis
1221 4523 1399 4588 fuerit,
1431 4531 1486 4578 et
1512 4522 1660 4576 omni
1699 4521 1851 4577 venia
1897 4521 2034 4576 indi-

457 4633 581 4687 gna,
609 4617 882 4686 subjunxit
909 4632 924 4670 :
952 4615 1043 4670 25.
1075 4613 1142 4668 Et
1162 4623 1475 4668 mutaverunt
1500 4613 1713 4684 gloriam
1732 4613 2034 4682 incorrupti-

458 4707 571 4762 bilis
597 4707 711 4773 Dei,
729 4707 783 4760 in
809 4707 1188 4760 similitudinem
1219 4704 1456 4774 imaginis
1496 4703 1840 4774 corruptibilis
1866 4704 2032 4758 homi-

459 4799 561 4862 nis,
584 4809 630 4851 et
660 4797 923 4851 uolucrum
974 4805 1021 4850 et
1073 4795 1460 4866 quadrupedum
1504 4803 1550 4848 et
1590 4795 1924 4864 serpentium.

527 4887 580 4941 5.
615 4886 804 4942 Contra
859 4885 1186 4955 philosophos
1205 4885 1432 4956 gentiles.
1453 4915 1526 4925 —
1545 4885 1722 4940 Prima
1742 4884 2032 4952 accusatio,

460 4977 599 5046 quod
628 4977 796 5031 Deum
827 4991 931 5030 non
961 4976 1298 5041 invenerint;
1346 4978 1602 5042 secunda,
1630 4976 1773 5047 quod
1796 4976 2036 5032 occasio-

461 5083 557 5122 nes
603 5082 824 5137 magnas
870 5075 926 5121 et
961 5066 1281 5135 conspicuas
1328 5066 1633 5134 habentes;
1681 5069 1858 5133 tertia,
1891 5067 2034 5139 quod

461 5173 580 5213 cum
607 5173 667 5212 se
695 5157 966 5228 sapientes
985 5156 1260 5222 dicerent;
1289 5168 1477 5227 quarta
1499 5199 1515 5226 ,
1547 5158 1688 5228 quod
1725 5174 1830 5213 non
1874 5157 2036 5213 modo

463 5264 567 5303 non
596 5248 915 5313 invenerint,
948 5248 1041 5302 sed
1069 5249 1228 5302 etiam
1252 5249 1453 5303 cultum
1478 5250 1623 5303 illum
1647 5249 1715 5304 ad
1739 5251 2033 5318 dazmonas,

461 5337 527 5391 ad
574 5338 778 5406 lapides
805 5347 860 5391 et
885 5337 1027 5406 ligna
1071 5337 1383 5391 derivarint.
1415 5337 1630 5392 Illorum
1671 5355 1802 5394 vero
1844 5340 2035 5393 fastum

463 5430 714 5497 deprimit
743 5429 795 5482 in
829 5429 1064 5499 Epistola
1095 5427 1161 5481 ad
1193 5426 1534 5494 Corinthios;
1568 5430 1660 5485 sed
1683 5447 1787 5485 non
1817 5432 2039 5500 perinde

468 5518 576 5572 illic
599 5529 654 5572 ut
686 5519 791 5572 hic.
823 5518 936 5574 Illic
957 5519 1101 5573 enim
1135 5533 1163 5572 a
1191 5533 1351 5573 cruce
1380 5520 1586 5588 plagam
1618 5520 1746 5589 ipsis
1801 5521 1993 5592 inﬂigit
2018 5564 2033 5589 ,

465 5606 650 5662 dicens
682 5625 696 5660 :
750 5607 882 5673 Quia
899 5607 1037 5677 quod
1056 5607 1266 5662 stultum
1293 5617 1366 5662 est
1391 5605 1512 5675 Dei,
1533 5610 1812 5678 sapientius
1843 5621 1914 5664 est
1945 5616 2040 5667 Ito-

464 5696 684 5750 minibus
711 5695 797 5766 (I.
824 5695 940 5752 Cor.
981 5697 1028 5752 I.
1051 5695 1125 5752 25
1143 5701 1198 5768 );
1231 5697 1318 5757 hic
1344 5711 1477 5757 vero
1503 5699 1620 5756 sine
1639 5702 2039 5771 comparatione

1499 324 1566 382 IN
1604 321 1820 380 EPIST.
1863 318 1955 376 AD
1993 317 2157 374 ROM.
2199 318 2427 374 IIOMIL.
2470 319 2554 374 III.

3555 317 3668 374 ιω

2083 429 2396 499 sapientiam
2426 444 2610 485 eorum
2634 429 2686 484 in
2716 431 2892 502 seipsa
2921 429 3184 499 traducit,
3215 427 3506 485 ostendens
3523 428 3660 483 stul-

2085 519 2256 574 titiam
2308 535 2430 576 esse
2480 529 2535 575 et
2581 521 2922 590 arrogantiae”
2965 529 3171 577 tantum
3219 522 3657 575 omentationem.

2086 609 2286 665 Deinde
2306 619 2365 665 ut
2383 611 2556 666 discas
2579 611 2697 667 illos
2723 611 2816 667 Dei
2844 611 3083 666 notitiam
3111 611 3386 678 habentes,
3415 610 3677 666 siciliam.

2083 699 2403 769 prodidisse,
2445 701 2594 768 dicit,
2649 701 3015 757 Mutaverunt:
3053 701 3144 772 qui
3175 717 3303 757 vero
3349 710 3556 770 mutat,
3605 709 3664 756 ιιι

2085 789 2230 844 aliud
2259 790 2462 846 habens
2515 799 2706 846 mutat.
2757 790 3057 847 Voluerunt
3101 791 3241 846 enim
3279 791 3404 862 quid
3434 791 3664 861 amplius

2085 880 2344 949 invenire,
2377 884 2517 939 datis
2541 884 2783 940 terminis
2806 898 2909 940 non
2937 883 3174 940 contenti
3202 901 3216 950 ;
3247 883 3473 955 ideoque
3500 885 3661 946 etiam

2087 972 2168 1029 his
2193 975 2530 1031 exciderunt:
2564 976 2850 1032 novitatem
2873 975 3014 1031 enim
3035 974 3427 1030 desiderabant.
3448 975 3660 1030 Etenim

2087 1065 2388 1135 hujusmodi
2434 1067 2613 1122 omnia
2643 1067 2959 1122 Grzccorum
2992 1066 3158 1120 fuere.
3191 1064 3315 1120 Ideo
3359 1065 3520 1120 etiam
3564 1065 3664 1122 sibi

2087 1167 2272 1211 mutuo
2309 1156 2576 1212 adversati
2608 1168 2729 1212 sunt
2758 1176 2770 1212 :
2801 1157 3118 1212 Aristoteles
3159 1156 3446 1212 insurrcxit
3484 1163 3670 1212 contra

2088 1249 2397 1314 Platonem,
2423 1250 2586 1305 Stoici
2631 1251 2683 1304 in
2718 1250 2856 1304 hunc
2884 1249 3234 1314 intremuere,
3266 1256 3320 1302 et
3349 1247 3487 1302 alter
3512 1246 3686 1302 alteri-

2090 1339 2260 1395 hostis
2291 1340 2407 1395 luit.
2438 1341 2622 1412 Itaque
2652 1356 2756 1395 n0n
2791 1341 2860 1394 ita
2893 1339 3191 1394 admirandi
3215 1347 3341 1393 sunt
3361 1337 3430 1392 ob
3456 1336 3682 1406 sapienti-

2090 1433 2216 1489 tiam
2245 1433 2598 1489 utaversandi
2625 1443 2680 1489 et
2704 1433 2829 1489 odio
2857 1433 3107 1497 habendi,
3126 1432 3250 1503 quia
3269 1433 3337 1487 ob
3365 1431 3470 1486 hoc
3498 1431 3686 1502 ipsum,

2089 1525 2236 1580 stulti
2269 1524 2396 1580 lacti
2427 1534 2572 1580 sunt.
2603 1525 2712 1580 Nisi
2734 1526 2876 1580 enim
2915 1525 3206 1580 ratiociniis
3250 1532 3305 1579 et
3351 1523 3684 1596 syllogismis

2101 1627 2260 1688 atque
2289 1618 2710 1689 50phismatibus
2736 1633 2831 1674 sua
2880 1618 3275 1674 commisissent
3299 1657 3314 1683 ,
3343 1633 3448 1671 non
3473 1617 3523 1671 in
3547 1613 3678 1670 talia

2093 1708 2427 1764 incidissent.
2474 1710 2676 1765 Deinde
2717 1709 3146 1765 criminationem
3172 1722 3373 1778 augens
3405 1707 3616 1760 illorum
3649 1744 3664 1769 ,

2093 1799 2448 1854 idololatriam
2476 1808 2640 1854 totam
2672 1799 2918 1855 traducit.
2943 1799 3100 1854 Certe
3142 1798 3226 1852 vel
3259 1795 3400 1867 quod
3431 1805 3693 1850 mutavc-..

2091 1889 2220 1956 rint,
2239 1889 2521 1946 ridiculum
2541 1899 2659 1946 est:
2688 1889 2832 1960 quod
2857 1899 3036 1946 autem
3063 1889 3117 1944 in
3149 1889 3276 1944 talia
3299 1887 3627 1946 mutaverint
3654 1924 3691 1952 ,,

2095 1983 2241 2038 omni
2270 1983 2615 2038 excusatione
2635 1993 2803 2038 caret.
2824 1981 2880 2038 In
2902 1997 3147 2053 quaenam
3178 1996 3312 2052 ergo
3330 1979 3693 2043 mutaverint,

2094 2083 2151 2130 et
2168 2089 2271 2144 qua
2299 2074 2350 2129 in
2374 2088 2433 2130 re
2448 2073 2671 2145 gloriam
2694 2075 2988 2144 posuerint,
3008 2073 3302 2145 perpende.
3324 2070 3676 2144 Cogitandum

2098 2163 2167 2220 de
2193 2163 2286 2219 illo
2316 2173 2452 2231 erat,
2478 2163 2619 2235 quod
2650 2173 2794 2220 esset
2838 2164 3010 2231 Deus,
3051 2153 3198 2234 quod
3232 2164 3472 2218 omnium
3500 2160 3678 2220 dumi,-

2099 2271 2236 2323 nus,
2267 2255 2409 2326 quod
2455 2271 2581 2321 eos,
2614 2256 2704 2326 qui
2734 2270 2840 2311 non
2873 2264 3050 2322 erant,
3081 2254 3288 2320 fecerit,
3324 2253 3467 2324 quod
3498 2251 3684 2322 proris

2098 2347 2222 2403 deat
2248 2355 2302 2402 et
2327 2361 2509 2402 curam
2531 2355 2722 2417 gerat:
2778 2345 2895 2401 lucc
2927 2344 3094 2415 gloria
3145 2344 3236 2399 Dei
3275 2351 3423 2397 sunt.
3451 2341 3682 2408 Quibus-

2101 2452 2223 2491 nam
2250 2435 2348 2506 ipsi
2393 2436 2536 2490 illam
2579 2435 2995 2490 attribuerunt?
3033 2433 3149 2489 Non
3201 2431 3540 2495 hominibus,
3591 2428 3685 2482 sed

2103 2526 2435 2582 similitudini
2461 2525 2706 2596 imaginis
2726 2524 3090 2595 corruptibilis
3118 2523 3370 2578 hominis.
3394 2521 3576 2590 Neque
3600 2517 3688 2574 hic

2104 2625 2388 2684 steterunt,
2413 2616 2507 2672 sed
2527 2625 2580 2671 et
2609 2615 2677 2670 ad
2707 2616 2859 2671 bruta
2886 2615 3133 2669 animalia
3174 2611 3379 2681 delapsi
3401 2619 3546 2674 sunt,
3577 2609 3698 2663 imo.

2104 2717 2158 2764 et
2181 2707 2249 2763 ad
2277 2708 2490 2762 illorum
2523 2706 2805 2776 imagines.
2864 2705 2946 2760 Tu
2973 2721 3103 2759 vero
3126 2703 3258 2758 mihi
3292 2703 3439 2757 Pauli
3465 2701 3686 2770 sapien-

2108 2800 2232 2854 tiam
2264 2797 2562 2868 perpendas
2586 2798 2767 2864 velim,
2794 2796 3064 2868 quomodo
3097 2795 3204 2849 duo
3224 2802 3462 2850 extrema
3490 2806 3698 2862 ιιοδυεο.

2107 2893 2212 2957 rit;
2252 2892 2415 2946 Deum
2467 2906 2774 2960 supremum
2817 2889 3085 2955 omnium,
3116 2895 3172 2943 et
3205 2886 3412 2956 reptilia
3453 2885 3632 2940 intima
3667 2900 3682 2946 ;

2109 2983 2216 3038 imo
2254 2998 2357 3035 non
2405 2981 2648 3051 reptilia,
2705 2979 2799 3035 sed
2848 2980 3116 3048 reptilium
3169 2976 3576 3038 similitudines,
3630 2983 3700 3028 ut-

2109 3084 2343 3142 apertam
2369 3072 2579 3126 illorum
2610 3070 2869 3124 insaniam
2885 3069 3028 3124 clare
3054 3067 3382 3122 ostenderet.
3413 3065 3693 3137 cognition

2112 3179 2236 3220 nem
2265 3163 2406 3218 enim
2436 3163 2602 3226 illam,
2626 3177 2782 3231 quam
2813 3161 3011 3216 habere
3031 3158 3314 3232 oportebat
3340 3158 3483 3213 circa
3514 3172 3636 3212 eum
3669 3194 3686 3219 ,

2113 3257 2202 3327 qui
2231 3256 2346 3311 sine
2371 3255 2766 3324 comparatione
2784 3255 3020 3308 omnium
3049 3251 3530 3308 excellentissimus
3558 3258 3641 3304 est
3673 3288 3690 3310 .

2116 3343 2255 3400 hanc
2276 3345 2515 3400 omnium
2535 3343 2676 3400 haud
2707 3345 2868 3399 dubie
2889 3343 3153 3399 vilissimo
3195 3343 3586 3412 applicuerunt.
3626 3339 3699 3396 Et

2115 3435 2240 3504 quid
2270 3435 2404 3500 lucc,
2435 3435 2665 3505 inquies,
2693 3433 2760 3489 ad
2788 3433 3181 3504 philosophos?
3229 3431 3307 3487 Ad
3341 3432 3439 3486 hos
3465 3429 3698 3485 maxime

2116 3529 2292 3583 omnia
2322 3542 2483 3598 supra
2501 3528 2642 3583 dicta
2664 3535 2926 3597 spectant.
2955 3525 3086 3580 Nam
3112 3525 3164 3580 hi
3196 3525 3476 3597 Egyptios
3504 3523 3707 3584 horum

2119 3619 2428 3674 inventores
2477 3618 2762 3688 magistros
2808 3616 3051 3671 habent:
3083 3627 3138 3672 et
3164 3615 3341 3684 Plato,
3370 3613 3461 3686 qui
3489 3613 3709 3670 ueteris

2120 3713 2456 3782 praestantior
2482 3727 2603 3767 esse
2631 3711 2865 3778 videtur,
2897 3710 2966 3767 de
2992 3713 3139 3768 hisce
3159 3711 3452 3782 gloriatur;
3482 3711 3703 3780 ejusque

2122 3803 2311 3857 doctor
2353 3802 2508 3857 idolis
2549 3803 2666 3858 istis
2720 3801 2970 3857 addictus
3019 3801 3140 3868 fuit,
3173 3801 3262 3872 qui
3310 3802 3510 3872 gallum
3554 3799 3706 3868 jubet

2125 3895 2437 3966 IEscuIapio
2475 3895 2764 3951 sacriﬁcari
2814 3897 2910 3966 (a).
2944 3895 3043 3950 llic
3092 3894 3277 3950 videas
3323 3894 3600 3950 hrutorum
3650 3901 3706 3948 ct

2125 3987 2392 4056 reptilium
2451 3986 2732 4056 imagines,
2764 3994 2964 4040 etcum
3021 3984 3104 4040 his
3155 3983 3460 4053 Apollinem
3488 3981 3702 4036 etBac-

2127 4079 2283 4134 chum
2315 4078 2426 4150 pari
2453 4078 2596 4133 cultu
2623 4079 2885 4148 dignatos.
2903 4076 3129 4143 Quidam
3159 4090 3287 4130 vero
3324 4071 3627 4146 philosophi
3655 4072 3723 4131 in;

2129 4169 2318 4224 carlum
2350 4168 2600 4222 invexere
2623 4176 2824 4233 tauros,
2855 4167 3119 4235 scorpios,
3140 4165 3406 4218 dracones
3431 4173 3479 4218 et
3510 4163 3700 4230 hujus:

2131 4257 2273 4312 niodi
2299 4257 2642 4326 quisquilias:
2663 4256 2860 4324 ubique
2879 4256 3020 4309 enim
3043 4254 3284 4320 diabolus
3305 4254 3520 4311 curavit
3531 4252 3596 4307 ad
3625 4269 3720 4306 re-.

2134 4348 2334 4417 ptilium
2378 4345 2784 4402 similitudinem
2811 4345 3055 4400 homines
3079 4345 3383 4410 demittere,
3409 4354 3462 4402 et
3491 4346 3708 4399 irratio-

2137 4439 2487 4495 nabilioribus
2510 4453 2604 4492 cos
2633 4437 2918 4508 subjicere,
2956 4452 3093 4507 quos
3138 4437 3276 4492 Deus
3319 4453 3479 4508 supra
3534 4437 3708 4506 ipsum

2133 4527 2318 4583 crelum
2347 4527 2603 4582 extollere
2623 4527 2810 4583 voluit.
2866 4525 3052 4596 Neque
3107 4527 3231 4581 hinc
3271 4534 3498 4591 tantum,
3524 4525 3617 4582 sed
3659 4536 3715 4581 et

2134 4617 2348 4672 aliunde.
2378 4616 2588 4672 illorum
2617 4617 2959 4690 coryphmum
2981 4616 3185 4672 ridebis
3211 4631 3372 4686 supra
3417 4615 3574 4672 dictis
3603 4617 3704 4672 ob.-

2136 4709 2374 4763 nnxium.
2405 4707 2538 4763 Cum
2567 4709 2710 4763 enim
2734 4717 2918 4778 poetas
2945 4707 2998 4762 in
3031 4723 3193 4762 unum
3221 4707 3425 4777 colligit
3445 4749 3459 4773 ,
3489 4715 3544 4763 et
3579 4707 3724 4768 dicit:

2137 4807 2389 4868 oportere
2411 4797 2518 4852 illis
2539 4797 2737 4853 habere
2761 4797 2918 4853 ﬁdem
2951 4797 3002 4850 in
3023 4797 3105 4864 iis,
3139 4811 3258 4868 quae
3279 4796 3346 4851 de
3373 4796 3484 4852 Deo
3504 4797 3718 4862 dicunt,

2137 4897 2320 4958 utpote
2347 4889 2434 4958 qui
2467 4887 2629 4956 probe
2657 4888 2858 4954 norint,
2882 4887 3012 4942 nihil
3041 4887 3186 4942 aliud
3240 4902 3400 4957 quam
3459 4901 3734 4956 nugarum;

2138 4979 2442 5048 congeriem
2475 4977 2701 5044 inducit,
2733 4987 2790 5032 et
2813 4992 2900 5033 res
2922 4986 3028 5032 tam
3061 4976 3314 5032 ridiculas
3341 4992 3502 5031 veras
3528 4976 3720 5032 existi..-
3787 4996 3806 5009 κ

2139 5068 2362 5123 mandas
2379 5082 2499 5123 esse
2521 5067 2668 5122 dicit.
2700 5068 2791 5123 24.
2821 5066 2948 5122 Ideo
2970 5068 3181 5122 tradidit
3207 5068 3324 5122 illos
3345 5065 3481 5121 Deus
3506 5068 3558 5121 in
3580 5067 3715 5121 desié

2140 5159 2281 5213 deria
2314 5157 2480 5212 cordis
2511 5159 2610 5224 sui,
2656 5158 2709 5211 in
2756 5158 3149 5222 immunditiam,
3177 5167 3234 5211 ut
3259 5157 3576 5212 contumeliis
3618 5157 3734 5226 ani—

2140 5253 2274 5306 ciant
2332 5266 2545 5320 corpora
2571 5265 2664 5304 sua
2693 5250 2745 5303 in
2769 5251 3065 5321 semetipsis.
3101 5249 3235 5304 Hinc
3264 5249 3500 5305 ostendit
3529 5249 3732 5318 impie-.

2145 5353 2304 5398 tatem
2331 5342 2647 5397 violatarum
2696 5341 2871 5412 legum
2914 5340 3078 5396 luisse
3117 5355 3353 5396 causam.
3407 5339 3553 5395 Illud.
3595 5355 3735 5402 rem.

2143 5433 2403 5499 Tradidit,
2454 5432 2542 5488 hic
2596 5431 2882 5501 signiﬁcat,
2941 5430 3200 5500 permisit.
3253 5429 3719 5496 Quemadmodum

2144 5525 2286 5578 cnim
2304 5524 2408 5578 dux
2433 5522 2700 5576 exercitus
2721 5523 2763 5574 si
2785 5522 3184 5589 ingravescente
3203 5534 3374 5588 pugna
3397 5514 3723 5574 discesserit,

2208 5596 2304 5676 (a).
2317 5613 2530 5676 Platonis
2545 5611 2712 5676 doctor
2729 5615 2951 5676 Socrates
2968 5609 3245 5676 moriturus
3255 5607 3434 5676 gallum
3457 5607 3598 5676 jubet
3625 5602 3732 5654 disc

2145 5668 2336 5736 culapio
2378 5673 2653 5723 sacriﬁcari.
2682 5671 2804 5719 Vide
2830 5668 3097 5736 Platonem
3115 5672 3164 5736 in
3202 5668 3544 5736 Phbdoqq‘de
3567 5678 3725 5736 morte

2145 5727 2368 5788 socratis.
2389 5743 2498 5785 ηερε
2521 5741 2761 5796 postrema
2789 5742 2880 5782 vox
2906 5732 2997 5782 fuit
3021 5730 3338 5792 celeberrimi
3360 5727 3652 5795 philosophi,
