4122 6150
451 357 555 414 M3

458 476 654 533 milites
676 471 915 527 hostibus
944 466 1127 530 tradit,
1152 480 1258 539 npn
1290 464 1404 534 ipse
1428 460 1736 531 impellens,
1769 456 1864 513 sed
1892 457 2039 509 auxi-

458 566 530 623 iio
559 580 657 623 suo
681 564 930 635 privans:
960 559 1038 614 sic
1068 558 1210 613 Deus
1237 570 1351 622 eos,
1385 553 1474 625 qui
1506 553 1792 607 noluerunt
1830 563 1922 602 sua
1950 563 2039 601 ac.

459 661 657 730 cipere,
686 656 780 712 sed
810 654 963 725 primi
988 651 1315 711 resilierunt,
1373 645 1606 709 dimisit,
1639 652 1918 714 postquam
1948 654 2041 692 sua

460 751 637 807 omnia
661 748 994 818 impleverat.
1049 739 1324 810 Perpende
1375 748 1551 791 autem
1597 753 1611 788 :
1660 749 1756 803 pro
1804 732 2043 786 doctrina

461 839 717 895 mundum
751 838 802 891 in
844 835 1021 891 medio
1068 833 1281 901 posuit;
1325 838 1556 882 mentem
1586 835 1637 881 et
1665 824 2042 894 cogitationem

459 934 627 999 dedit,
653 947 771 1002 qua:
796 936 977 1000 posset
1001 927 1049 979 id
1074 968 1088 990 ,
1123 923 1263 994 quod
1290 920 1619 977 conveniens
1651 926 1795 982 erat,
1841 916 2043 970 intelli-

459 1042 612 1098 gere.
633 1024 787 1078 Nullo
816 1021 1003 1074 horum
1034 1016 1301 1081 homines,
1332 1014 1420 1084 qui
1453 1022 1578 1065 tunc
1619 1018 1794 1074 erant,
1820 1010 1897 1063 usi
1922 1015 2046 1062 sunt

460 1119 524 1171 ad
563 1115 813 1177 salutem,
845 1111 937 1165 sed
969 1112 1018 1163 in
1038 1107 1363 1161 coiitrarium
1423 1103 1569 1173 quod
1601 1108 1918 1171 acceperant
1966 1100 2045 1152 in-

464 1213 758 1259 vertcrunt.
788 1200 923 1268 Quid
958 1200 1115 1269 igitur
1142 1196 1319 1250 facere
1348 1192 1671 1265 oportebat?
1702 1192 1750 1244 vi
1782 1200 1832 1244 et
1857 1203 2047 1243 neces-

464 1302 621 1353 sitate
648 1294 905 1350 trahere?
930 1294 997 1347 At
1030 1306 1132 1345 n0n
1180 1296 1261 1342 est
1292 1288 1392 1340 hoc
1423 1286 1596 1340 facere
1622 1284 1818 1337 virtute
1848 1282 2045 1353 prmdi-

464 1401 563 1445 tos.
588 1388 867 1457 Reliquum
897 1392 1011 1437 erat
1042 1391 1099 1435 ut
1125 1380 1420 1443 desereret,
1442 1376 1582 1447 quod
1606 1384 1660 1429 et
1686 1374 1811 1429 fecit
1839 1391 1853 1439 ;
1891 1373 2047 1427 utvcl

462 1484 541 1536 sic
575 1481 688 1543 illa,
714 1492 831 1546 qua:
854 1473 1252 1541 concupierant,
1278 1467 1509 1537 experti,
1547 1464 1933 1535 turpitudinem
1962 1464 2046 1519 fu-

461 1581 667 1646 gerent.
720 1568 854 1625 Nam
897 1568 939 1621 si
976 1570 1094 1636 quis
1126 1562 1265 1633 regis
1294 1561 1469 1626 ﬁlius,
1521 1567 1829 1628 contempto
1858 1567 2043 1627 patre,

462 1685 582 1724 cum
608 1663 967 1738 praedonibus,
990 1660 1197 1717 sicariis
1224 1667 1279 1714 et
1306 1656 1673 1727 sepulcrorum
1702 1652 2048 1708 effossoribus

462 1780 520 1818 se
549 1762 804 1823 conferat,
831 1768 885 1812 et
911 1756 1125 1810 illorum
1182 1750 1519 1807 consortium
1569 1757 1809 1817 paternre
1863 1744 2047 1800 domui

464 1853 727 1923 prmferat,
764 1844 1153 1917 relinquiteum
1184 1850 1336 1913 pater
1356 1882 1370 1906 ,
1419 1849 1476 1895 ut
1516 1838 1759 1894 stultitia:
1790 1852 1900 1891 suae
1930 1850 2046 1890 ma-

461 1943 788 2013 gnitudinem
811 1936 1144 2008 experientia
1175 1933 1395 1988 ediscat.

534 2037 585 2091 4.
617 2036 726 2089 Cur
750 2041 928 2086 autem
967 2027 1171 2082 nullum
1196 2021 1341 2077 aliud
1375 2018 1693 2075 memoravit
1724 2026 1999 2089 peceatum
2030 2056 2046 2082 ,

465 2141 523 2185 ut
550 2127 785 2189 credcm,
814 2121 1093 2178 avaritiam
1135 2124 1189 2171 et
1230 2114 1333 2167 alia
1365 2112 1580 2185 similia,
1632 2110 1724 2164 sed
1786 2111 2049 2177 intempe-

467 2220 694 2275 rantiam
715 2219 739 2268 't
769 2214 1059 2269 Auditores
1085 2216 1310 2269 tantum,
1341 2212 1396 2259 et
1424 2218 1517 2258 eos
1539 2201 1628 2272 qui
1658 2200 1938 2269 epistolam
1964 2213 2052 2252 ae-

467 2309 669 2379 cepturi
692 2315 866 2370 erant,
898 2302 1134 2357 indicare
1162 2295 1293 2352 mihi
1321 2293 1546 2348 videtur.
1564 2290 1629 2345 In
1655 2289 2047 2356 immunditiam,

467 2411 523 2454 ut
549 2413 762 2467 corpora
786 2410 878 2447 sua
908 2388 1211 2444 contumelia
1249 2385 1467 2455 aﬁiciant
1504 2384 1557 2437 in
1594 2382 1892 2451 semetipsis.
1915 2378 2053 2435 Vide

468 2490 753 2560 emphasin
774 2486 1007 2540 maxime
1031 2480 1504 2553 perstringentem.
1527 2475 1642 2529 Non
1660 2474 1778 2528 aliis
1801 2472 2047 2542 egebant,

473 2583 661 2651 inquit,
693 2578 887 2648 quibus
909 2572 1232 2630 contumelia
1253 2569 1631 2624 afﬁcerentur:
1678 2566 1773 2621 sed
1803 2581 1922 2635 quae
1947 2564 2052 2619 ini-

472 2672 593 2725 niici
642 2670 945 2724 intulissent
973 2706 989 2732 ,
1018 2663 1203 2718 eadem
1234 2670 1417 2716 contra
1445 2675 1503 2714 se
1526 2658 1826 2728 patrabant.
1852 2656 2054 2711 Deinde

468 2776 685 2817 Causam
714 2770 991 2812 resumens
1010 2755 1120 2808 ait:
1159 2752 1251 2807 25.
1280 2750 1381 2818 Qui
1405 2757 1832 2803 commutaverunt
1873 2748 2056 2800 verita-

472 2864 569 2908 tem
596 2851 687 2905 Dei
707 2851 759 2903 in
788 2846 1105 2901 mendacium
1130 2861 1149 2909 ;
1185 2859 1245 2894 ac
1284 2842 1475 2895 cultum
1512 2839 1853 2909 prwstiterunt
1878 2846 1925 2891 et
1951 2853 2056 2890 ser-

470 2946 660 3000 vieruut
683 2952 925 2995 creatura:
947 2936 1113 3007 potius
1129 2949 1285 3003 quam
1309 2930 1554 2984 Creatori.
1587 2928 1717 2996 Qua:
1760 2925 2053 2981 admodum

474 3036 692 3091 ridicula
719 3043 894 3096 erant,
926 3032 975 3082 in
1006 3028 1185 3097 specie
1238 3024 1421 3094 punit;
1474 3038 1592 3092 qua:
1636 3035 1763 3075 vero
1812 3020 2055 3089 graviora

473 3137 644 3193 erant,
674 3123 995 3196 generaliter
1028 3138 1040 3172 :
1073 3133 1135 3172 ac
1158 3131 1249 3185 per
1278 3115 1392 3168 haec
1407 3112 1584 3166 omnia
1615 3110 1884 3177 ostendit,
1910 3124 2059 3164 crea-

475 3232 609 3276 turae
634 3218 833 3272 cultum
860 3213 926 3268 ad
952 3210 1181 3282 gentiles
1205 3206 1494 3277 pertinere.
1551 3203 1618 3257 Et
1643 3201 1764 3256 vide
1790 3199 2059 3270 quomodo

475 3324 782 3369 sermonem
809 3303 1157 3376 explicaverit
1192 3317 1203 3351 :
1238 3314 1343 3353 non
1375 3296 1518 3352 enim
1546 3293 1866 3363 simpliciter
1887 3290 2056 3357 dixit,

473 3402 771 3457 Coluerunt
798 3405 1119 3455 creaturam,
1151 3388 1247 3444 sed
1270 3387 1495 3452 addidit,
1532 3383 1717 3437 Potius
1733 3398 1883 3453 quam
1913 3379 2060 3436 Crea-

476 3504 633 3547 torem
658 3508 675 3546 :
699 3491 895 3558 ubique
921 3487 1020 3539 hac
1060 3484 1265 3538 ratione
1314 3479 1516 3532 crimen
1565 3476 1839 3540 attollens,
1864 3484 1919 3528 et
1960 3473 2062 3526 hoc

480 3584 848 3638 additamento
871 3579 991 3631 illos
1021 3574 1171 3628 venia
1197 3571 1430 3640 privatis.
1466 3567 1566 3636 Qui
1603 3576 1673 3620 est
1700 3565 1985 3619 benedictus
2010 3566 2063 3618 in

477 3676 684 3730 sarcula.
710 3676 886 3724 Amen.
911 3667 1109 3722 Verum
1164 3663 1264 3717 hoc
1294 3661 1423 3715 nihil
1469 3660 1545 3713 illi
1577 3658 1790 3723 nocuit,
1843 3656 2013 3726 inquit
2042 3672 2055 3707 :

479 3775 563 3823 est
582 3768 724 3820 enim
752 3764 841 3817 ille
862 3757 1172 3815 benedictus
1198 3759 1250 3809 in
1281 3752 1496 3808 srecula.
1528 3751 1625 3805 Hic
1653 3749 1887 3805 ostendit
1918 3750 2064 3803 illum

482 3873 586 3911 non
613 3866 669 3909 ut
692 3870 751 3909 se
772 3852 1121 3907 ulcisceretur
1161 3846 1467 3902 deseruisse
1519 3843 1680 3911 ipsos,
1732 3839 2066 3910 quandoqui-

483 3952 605 4004 dem
630 3945 758 4000 nihil
784 3957 972 4014 passus
998 3948 1100 3995 est.
1135 3936 1357 3992 Etiamsi
1384 3935 1524 3989 enim
1555 3933 1631 3986 illi
1670 3932 1839 4001 ipsum
1876 3938 2065 3984 contu-

484 4038 640 4095 melia
670 4034 945 4090 affecerint
968 4049 982 4095 ;
1008 4039 1063 4084 at
1086 4030 1173 4083 ille
1203 4024 1582 4082 contumeliam
1613 4037 1718 4075 non
1746 4034 1935 4090 passus
1959 4029 2062 4086 est,

484 4145 657 4201 neque
697 4127 867 4198 gloria
890 4124 1005 4194 ejus
1037 4122 1312 4176 imminuta
1341 4116 1458 4180 fuit,
1488 4113 1583 4168 sed
1623 4120 1803 4167 manet
1854 4126 2068 4179 semper

484 4223 815 4279 benedictus.
834 4218 965 4273 Nam
988 4216 1031 4270 si
1064 4215 1376 4284 plerumque
1405 4210 1483 4262 \ir
1508 4208 1596 4277 qui
1640 4202 2066 4275 philosophatur,

489 4317 620 4372 nihil
654 4316 853 4385 patitur
877 4310 945 4364 ab
976 4309 1059 4373 iis,
1091 4306 1181 4376 qui
1211 4301 1589 4358 contumeliam
1624 4298 1876 4359 inferunt,
1901 4292 2069 4345 multo

487 4409 666 4463 minus
692 4406 855 4469 Deus,
883 4398 1202 4455 immortalis
1229 4406 1281 4450 et
1307 4390 1656 4448 immutabilis
1704 4388 1794 4441 illa
1837 4395 2027 4439 natura
2050 4421 2065 4447 ,

493 4496 825 4556 invariabilis
851 4503 904 4548 et
932 4493 1149 4545 immota
1200 4487 1401 4558 gloria.-
1423 4482 1635 4538 Etenim
1662 4479 1907 4533 homines
1970 4473 2071 4527 hac

489 4593 541 4646 in
571 4607 627 4645 re
658 4591 765 4643 Deo
789 4584 991 4640 similes
1016 4583 1167 4644 fiunt,
1200 4593 1318 4630 cum
1343 4575 1469 4628 nihil
1510 4572 1779 4641 patiuntur
1810 4565 1962 4620 abiis
1983 4563 2072 4634 qui

490 4680 792 4736 molestiam
814 4672 1014 4728 inferre
1039 4671 1238 4731 volunt,
1264 4681 1361 4719 nec
1381 4660 1755 4718 contumeliam
1778 4656 2069 4724 accipiunt,

494 4771 735 4846 percussi
805 4782 911 4821 non
977 4761 1385 4833 percutiuntur,
1432 4755 1551 4809 aliis
1616 4750 1911 4806 ridentibus
1968 4761 2072 4800 non

493 4835 620 4920 vere
663 4858 973 4915 irridentur.
1029 4852 1098 4907 Et
1138 4847 1441 4920 quomodo,
1488 4842 1695 4913 inquies
1728 4881 1743 4909 ,
1798 4838 1899 4893 hoc
1961 4835 2076 4891 licri

496 4953 715 5027 possit?
761 4952 980 5011 Potest,
1044 4944 1225 5011 utique
1282 4947 1490 5009 potest,
1541 4938 1584 4989 si
1628 4950 1732 4987 non
1788 4931 1971 4985 doleas
2011 4928 2078 4983 de

498 5025 563 5101 iis
601 5057 719 5113 qua:
764 5039 1033 5095 accidunt.
1083 5036 1149 5086 ht
1185 5028 1494 5101 quomodo,
1546 5025 1790 5094 inquies,
1858 5035 2077 5091 possum

498 5155 605 5194 non
641 5135 871 5191 dolere?
916 5132 984 5184 At
1015 5124 1288 5199 quomodo
1340 5131 1493 5193 potes
1540 5118 1771 5175 dolere?
1819 5117 1908 5170 Dic
1937 5118 2079 5170 enim

501 5231 629 5288 Inibi
673 5248 687 5283 :
749 5226 805 5278 Si
850 5221 1101 5293 puerulus
1159 5226 1280 5271 tuus
1330 5223 1382 5269 te
1418 5210 1740 5268 contumelia
1790 5207 2030 5262 afﬁceret
2060 5245 2075 5270 ,

1179 346 1236 401 S.
1276 341 1552 400 JO.\~.\'t\'lS
1590 337 2066 396 CilllYSOSTOMI
2107 336 2419 393 ARCIIIEP.
2460 338 2987 395 CONSTANTINOP.

3640 344 3743 399 ΗΒ

2146 471 2213 510 an
2247 454 2372 510 illud
2403 472 2497 525 pro
2513 458 2831 512 contumelia
2858 457 3109 513 haberes?
3127 474 3192 513 an
3210 459 3457 517 doleres?
3484 461 3737 519 Minime:

2146 546 2190 600 si
2218 546 2446 614 doleres,
2482 564 2658 602 annon
2678 549 2932 603 ridiculus
2964 550 3148 605 esses?
3174 551 3264 606 Sic
3290 567 3415 622 erga
3437 553 3739 621 proximum

2147 636 2320 691 allecti
2342 638 2530 703 simus,
2562 648 2615 693 et
2642 638 2771 692 nihil
2806 640 2996 709 ingrati
3027 642 3292 710 patiemur
3325 641 3530 715 (pueris
3561 647 3731 708 enim,

2148 733 2235 802 qui
2264 732 2643 787 contumeliam
2669 732 2927 798 inferunt,
2956 722 3359 802 insipientiorcs
3384 747 3509 790 sunt
3537 736 3593 809 );
3640 753 3741 793 nec

2149 841 2453 895 quaeramus
2482 826 2822 880 contumeliis
2865 841 2971 880 non
3001 826 3162 891 aftici,
3190 837 3244 881 et
3272 828 3336 883 iis
3359 828 3535 884 allecti
3560 871 3576 895 ,
3627 831 3743 885 for-

2151 916 2275 971 titer
2327 917 2558 971 feramus
2589 940 2601 973 :
2635 916 2722 971 hic
2751 926 2834 971 est
2859 918 3001 971 enim
3057 933 3219 973 verus
3261 920 3452 973 honor.
3512 921 3743 988 Quare?

2150 1009 2282 1076 Quia
2315 1020 2366 1062 tu
2391 1008 2550 1077 hujus
2577 1008 2795 1062 honoris
2821 1007 3071 1062 dominus
3111 1023 3206 1074 es,
3238 1009 3381 1064 illius
3403 1027 3531 1065 vero
3572 1012 3737 1066 alius.

2150 1099 2341 1155 Annon
2401 1099 2549 1153 vides
2601 1100 2937 1154 adamantem
3008 1115 3130 1153 cum
3189 1101 3485 1169 percutitur
3538 1118 3740 1172 reper-

2150 1191 2493 1246 cutientem?
2535 1189 2638 1245 Sed
2702 1192 2817 1244 haec
2872 1198 2988 1255 est,
3040 1190 3249 1260 inquies
3284 1232 3299 1255 ,
3354 1192 3471 1261 ejus
3521 1204 3737 1247 natura.

2151 1283 2221 1337 At
2276 1291 2424 1351 potes
2482 1290 2533 1333 tu
2583 1295 2647 1334 ex
2705 1279 2978 1350 proposito
3039 1280 3329 1337 voluntatis
3384 1283 3503 1336 talis
3554 1283 3738 1349 effici,

2151 1378 2325 1447 qualis
2354 1378 2442 1431 ille
2472 1394 2536 1431 ex
2568 1385 2753 1430 natura
2782 1384 2883 1430 est.
2917 1374 3051 1443 Quid
3080 1376 3301 1430 autem?
3339 1390 3515 1432 annon
3560 1378 3740 1432 vidisti

2154 1487 2348 1542 pueros
2386 1472 2439 1525 in
2484 1471 2701 1525 fornace
2746 1484 2849 1523 non
2900 1470 3157 1524 adustos?
3202 1469 3477 1524 Danielem
3523 1471 3574 1524 in
3621 1471 3741 1524 lacu

2153 1564 2283 1618 nihil
2313 1562 2438 1616 mali
2467 1562 2796 1631 patientem?
2824 1563 3057 1630 ldipsum
3094 1562 3200 1630 jam
3241 1561 3356 1616 fieri
3400 1570 3571 1630 potest
3598 1580 3612 1616 :
3644 1562 3742 1615 ad-

2153 1666 2276 1710 sunt
2307 1654 2467 1709 etiam
2495 1652 2650 1707 nobis
2681 1652 2864 1706 leones
2887 1694 2901 1719 ,
2936 1652 3012 1706 ira
3033 1691 3048 1717 ,
3077 1652 3508 1720 concupiscentia
3534 1694 3550 1718 ,
3582 1668 3739 1707 acer-

2155 1748 2306 1803 rimis
2336 1745 2583 1800 dentibns
2613 1745 2855 1799 instructi
2883 1784 2898 1810 ,
2932 1745 3020 1813 qui
3051 1744 3205 1798 obvia
3233 1744 3559 1814 discerpunt.
3606 1744 3743 1799 Esto

2155 1840 2312 1910 igitur
2338 1839 2525 1893 similis
2555 1837 2756 1891 Danieli
2783 1878 2798 1903 ,
2829 1845 2884 1890 et
2931 1852 2997 1890 ne
3046 1837 3190 1891 sinas
3230 1836 3502 1906 passiones
3546 1836 3740 1890 dentes

2157 1930 2381 2000 infigere
2407 1930 2457 1981 in
2489 1928 2721 1981 animam
2753 1936 2917 1981 tuam.
2947 1930 3016 1981 At
3057 1927 3145 1981 ille
3167 1968 3183 1995 ,
3221 1927 3423 1996 inquies
3447 1968 3461 1993 ,
3504 1928 3732 1997 gratiam

2158 2032 2321 2077 totam
2370 2019 2556 2075 habuit
2599 2035 2783 2074 secum
2823 2027 3152 2089 operantem.
3203 2018 3382 2084 Bene,
3425 2019 3545 2087 quia
3592 2017 3733 2071 hanc

2157 2112 2384 2168 ducebat
2415 2112 2745 2182 pr0positum
2775 2110 3081 2165 voluntatis.
3116 2109 3295 2178 Itaque
3321 2110 3365 2163 si
3389 2109 3615 2163 velimus
3634 2124 3735 2163 nos

2160 2206 2291 2260 tales
2320 2219 2634 2273 comparare
2660 2244 2675 2266 ,
2701 2203 2852 2258 adest
2883 2211 2937 2258 et
2965 2218 3106 2257 nunc
3132 2202 3298 2272 gratia
3328 2219 3340 2252 :
3373 2201 3581 2255 etiamsi
3611 2199 3741 2254 fera:

2158 2297 2432 2361 esuriant,
2461 2310 2567 2349 non
2609 2295 2747 2349 latus
2789 2303 2937 2348 tuum
2981 2300 3217 2363 tangent.
3270 2292 3401 2346 Nam
3451 2291 3497 2345 si
3550 2292 3742 2346 servile

2158 2404 2355 2460 corpus
2381 2389 2623 2443 videntes
2655 2388 2899 2443 reverita:
2928 2397 3051 2441 sunt
3076 2403 3092 2449 ;
3122 2401 3243 2440 cuin
3275 2384 3518 2440 membra
3546 2384 3743 2439 Christi

2165 2482 2417 2536 videbunt
2449 2481 2591 2552 (hoc
2620 2483 2765 2535 enim
2808 2493 2905 2533 nos
2955 2478 3140 2533 fideles
3181 2477 3429 2547 sumus),
3473 2476 3744 2547 quomodo

2160 2588 2265 2629 non
2295 2572 2614 2643 quiescent?
2641 2570 2699 2626 Si
2728 2585 2857 2625 vero
2888 2570 3299 2641 nonquiescant
3322 2609 3337 2634 ,
3381 2568 3434 2623 id
3480 2584 3546 2622 ex
3588 2569 3744 2637 culpa

2160 2679 2346 2719 eorum
2372 2663 2462 2733 qui
2495 2663 2673 2731 injecti
2696 2661 2893 2716 fuerint
2917 2661 3153 2716 eveniet.
3180 2660 3390 2714 Etenim
3412 2660 3566 2713 multi
3583 2669 3706 2713 sunt
3724 2699 3744 2727 ,

2161 2758 2249 2825 qui
2284 2756 2524 2811 leoiiibus
2552 2755 2702 2809 hisce
2731 2762 2999 2823 sumptum
3020 2750 3402 2822 suppeditant,
3432 2750 3746 2806 meretrices

2161 2847 2457 2902 nutrientcs
2480 2888 2494 2913 ,
2530 2846 2741 2916 nuptias
2770 2845 3032 2899 violantes
3056 2886 3071 2910 ,
3094 2844 3387 2898 vindictam
3414 2844 3468 2897 in
3500 2843 3746 2897 inimicos

2162 2948 2476 2993 exercentes
2499 2954 2513 2992 :
2538 2938 2762 3006 ideoque
2781 2937 2929 3006 prius
2956 2951 3112 3004 quam
3131 2936 3197 2990 ad
3220 2937 3391 2989 solum
3414 2936 3745 3005 perveniant,

2168 3029 2552 3085 dilacerantur.
2579 3032 2645 3083 At
2671 3042 2778 3083 non
2806 3027 2858 3081 id
2885 3027 3085 3081 Danieli
3110 3027 3366 3097 contigit;
3389 3035 3444 3081 at
3470 3041 3570 3081 nec
3594 3027 3749 3080 nobis

2164 3120 2435 3191 continget
2464 3121 2509 3175 si
2536 3120 2761 3174 velimus
2786 3159 2801 3184 ,
2832 3116 2941 3172 imo
2967 3125 3020 3172 et
3057 3116 3183 3187 quid
3216 3117 3409 3171 melius
3433 3131 3591 3186 quam
3623 3127 3750 3171 tunc

2164 3212 2388 3266 accidet.

2239 3303 2458 3374 lnjuria:
2482 3303 2629 3357 utiles
2658 3303 2903 3374 patienter
2930 3302 3130 3374 ferenti.
3156 3332 3229 3344 -—
3256 3301 3369 3357 lllic
3393 3302 3535 3356 enim
3564 3300 3751 3355 leones

2167 3412 2272 3451 non
2304 3405 2643 3461 nocuerunt;
2680 3395 2835 3449 nobis
2862 3404 3039 3448 autem
3066 3434 3083 3459 ,
3130 3393 3175 3447 si
3215 3393 3498 3463 vigilemus
3527 3432 3543 3459 ,
3593 3391 3751 3446 utiles

2167 3498 2327 3543 erunt
2353 3490 2384 3542 ii
2412 3489 2498 3558 qui
2528 3489 2774 3557 injuriam
2803 3486 3056 3541 inferunt.
3101 3486 3175 3540 Ita
3205 3495 3258 3539 et
3288 3486 3480 3540 Paulus
3508 3484 3752 3555 splendi-

2168 3581 2266 3636 dus
2297 3582 2463 3635 evasit
2489 3580 2557 3633 ab
2584 3580 2645 3634 iis
2667 3621 2682 3647 ,
2707 3580 2796 3649 qui
2823 3579 2919 3647 ipsi
2953 3578 3223 3631 molestias
3240 3586 3296 3631 et
3318 3576 3534 3630 insidias
3556 3575 3753 3629 infere-

2169 3675 2333 3739 bant;
2363 3674 2440 3728 sic
2465 3672 2565 3727 Job
2590 3688 2619 3726 a
2659 3671 2841 3725 multis
2888 3670 3052 3739 plagis
3077 3710 3091 3733 ,
3136 3670 3215 3723 sic
3255 3668 3514 3722 lcremias
3564 3683 3595 3721 a
3632 3668 3751 3723 lacu

2170 3767 2311 3832 luti,
2344 3766 2421 3820 sic
2454 3763 2569 3819 Noe
2622 3778 2652 3816 a
2695 3762 2933 3828 diluvio,
2986 3761 3064 3815 sic
3102 3759 3234 3814 Abel
3273 3760 3341 3814 ab
3380 3759 3625 3824 insidiis,
3673 3762 3754 3813 sic

2172 3858 2381 3929 Moyses
2410 3874 2438 3910 a
2470 3854 2818 3927 sanguinariis
2849 3852 3045 3907 Judzeis
3070 3891 3085 3917 ,
3116 3852 3194 3905 sic
3234 3852 3460 3905 Elisazus
3482 3890 3496 3916 ,
3530 3850 3610 3905 sic
3640 3865 3755 3904 ma-

2171 3966 2394 4020 gnorum
2426 3950 2635 4002 illorum
2664 3945 2858 4014 singuli
2889 3985 2903 4009 ,
2938 3960 3042 3997 non
3073 3960 3100 3995 a
3132 3943 3310 4013 quiete
3348 3952 3403 3996 et
3446 3942 3753 4011 voluptate,

2173 4042 2266 4096 sed
2297 4042 2363 4095 ab
2392 4038 2646 4092 arrnmnis
2681 4046 2734 4090 et
2774 4035 3157 4090 tentationihus
3195 4033 3474 4103 splendide
3512 4032 3755 4087 coronati

2173 4143 2315 4187 sunt.
2348 4130 2474 4185 Ideo
2503 4129 2748 4183 Christus
2777 4126 2913 4180 hanc
2939 4140 3059 4180 cum
3091 4135 3272 4180 nosset
3313 4124 3389 4179 rei
3424 4123 3620 4179 eximie
3657 4137 3757 4191 ge-

2175 4223 2355 4280 renda:
2385 4224 2681 4285 rationem,
2709 4218 2982 4288 discipulis
3008 4217 3219 4272 dicebat
3251 4235 3263 4270 :
3297 4214 3363 4269 In
3384 4219 3571 4269 mundo
3592 4215 3758 4267 tribu-

2176 4318 2411 4371 lationem
2476 4313 2703 4378 Itubelis;
2761 4310 2849 4364 sed
2899 4309 3180 4376 conﬁdite,
3228 4323 3319 4377 ego
3369 4308 3463 4359 vici
3512 4305 3760 4359 mundum

2177 4407 2197 4479 (
2220 4406 2376 4460 Joan.
2405 4405 2492 4459 16.
2519 4404 2589 4458 55
2614 4403 2653 4474 ).
2683 4401 2818 4470 Quid
2845 4401 3017 4470 ergo?
3044 4400 3253 4467 inquies
3276 4415 3290 4462 ;
3316 4412 3493 4451 annon
3522 4396 3670 4450 multi
3692 4395 3763 4448 ab

2178 4498 2431 4553 aerumnis
2458 4496 2698 4550 subversi
2731 4495 2898 4549 sunt?
2944 4492 3058 4546 Non
3101 4492 3169 4545 ob
3213 4490 3564 4544 tentationum
3610 4495 3763 4540 natu-

2179 4607 2333 4655 ram,
2368 4589 2460 4644 sed
2489 4588 2560 4641 ob
2585 4602 2735 4641 suam
2769 4584 3055 4654 ignaviam.
3101 4581 3203 4648 Qui
3250 4590 3425 4633 autem
3471 4578 3595 4631 facit
3639 4592 3761 4630 cum

2180 4682 2473 4735 tentatione
2519 4685 2877 4748 proventum,
2924 4675 2993 4727 ita
3043 4682 3098 4726 ut
3144 4671 3408 4739 possimus
3453 4670 3763 4731 sustinere,

2183 4777 2296 4845 ipse
2336 4774 2475 4828 adsit
2515 4771 2764 4827 omnibus
2805 4766 2960 4822 nobis
3006 4773 3060 4819 et
3111 4777 3327 4817 manum
3383 4763 3657 4830 porrigat,
3712 4771 3767 4812 ut

2183 4865 2461 4936 splendide
2490 4862 2782 4923 celebrati,
2816 4869 3045 4912 aeternas
3075 4870 3469 4924 consequamur
3498 4868 3729 4906 coronas
3751 4893 3767 4916 ,

2183 4959 2353 5029 gratia
2406 4963 2462 5010 et
2512 4954 2837 5021 benignitate
2880 4948 3087 5002 Domini
3135 4948 3303 4999 nostri
3347 4944 3471 4999 Jesu
3524 4941 3768 5006 Christi,

2185 5049 2402 5118 quicum
2429 5042 2569 5097 Patri
2598 5052 2651 5094 et
2675 5040 2893 5108 Spiritui
2917 5046 3104 5091 sancto
3126 5037 3291 5105 gloria
3322 5075 3335 5099 ,
3364 5034 3537 5087 honor
3563 5072 3578 5097 ,
3602 5034 3774 5101 impe-

2187 5139 2555 5201 riutn,nuncet
2572 5147 2784 5201 semper
2812 5173 2827 5198 ,
2852 5141 2903 5185 et
2926 5131 2979 5184 in
3002 5130 3196 5183 smcula
3214 5129 3552 5181 seculorum.
3572 5126 3768 5180 Arnen.

503 5312 3311 5360 ___________________________________—————

1908 5407 2250 5471 HOMlLlA
2297 5404 2381 5466 ιν

504 5597 633 5671 Cu}.
662 5598 703 5654 l.
747 5610 799 5649 ν.
834 5593 924 5647 26.
970 5590 1095 5645 Ideo
1139 5586 1349 5642 tradidit
1389 5584 1505 5638 illos
1550 5580 1684 5635 Deus
1728 5581 1780 5634 in
1824 5579 2081 5649 passiones

578 5686 883 5753 ignominiw.
916 5682 1052 5735 Nam
1082 5680 1284 5751 femina:
1321 5693 1495 5731 eorum
1525 5681 1842 5737 mutaverunt
1872 5680 2083 5723 natura-

580 5775 675 5826 lem
702 5774 917 5827 usumin
944 5787 1054 5824 eum
1084 5812 1096 5839 ,
1130 5771 1213 5839 qui
1234 5778 1305 5823 est
1328 5776 1502 5822 contra
1529 5774 1782 5819 naturam.
1803 5762 1892 5814 9.7.
1920 5761 2078 5816 Sinti-

2264 5575 2377 5628 liter
2405 5580 2452 5628 et
2478 5570 2691 5625 masculi
2716 5611 2731 5633 ,
2753 5570 2927 5625 relicto
2948 5569 3170 5622 naturali
3194 5584 3287 5622 usu
3310 5568 3513 5638 femina:
3536 5607 3553 5629 ,
3577 5583 3785 5622 exarse-

2266 5674 2383 5719 runt
2409 5665 2461 5716 in
2491 5662 2753 5717 desideriis
2778 5662 2883 5716 suis
2906 5661 2958 5713 in
2983 5660 3215 5713 invicem.
3744 5662 3779 5703 Χ

2272 5757 2322 5811 l.
2366 5754 2647 5811 Passiones
2694 5767 2884 5809 omnes
2927 5751 3292 5821 ignominiosa:
3338 5759 3460 5806 sunt
3489 5786 3506 5817 ,
3554 5745 3791 5800 maxime
