4122 6150
379 320 449 383 ιι
452 316 497 381 1’

377 434 491 493 τῶν
510 435 759 508 ἀρρένων
792 435 962 508 μανία
984 451 998 467 ·
1028 434 1255 510 καὶγὰρ
1272 437 1479 508 πάσχει
1506 438 1569 493 ἐν
1591 439 1703 502 τοῖς
1731 436 2065 509 ἁμαρτήμα-

380 538 468 584 σιν
510 530 544 600 ἡ
575 526 722 601 ψυχὴ
760 527 965 600 μᾶλλον
1006 528 1101 581 zeal
1128 528 1640 599 καταισχύνεται,ἢ
1695 526 1757 581 τὺ
1798 525 1960 595 σῶμα
2004 526 2065 577 ἐν

377 617 493 681 τοῖς
517 616 643 687 νοσή
652 632 804 686 μασι.
844 614 960 670 Θέα
985 615 1043 670 δέ
1068 615 1186 680 πῶς
1209 616 1407 682 αὐτοὺς
1428 616 1522 671 zeal
1541 613 1778 669 ἐνταῦθα
1812 611 2060 681 συγγνῶ-

384 720 493 777 μης
542 703 859 774 ἀποστερεῖ,
903 703 1158 776 καθάπερ
1195 703 1289 758 ἐπὶ
1325 704 1437 758 τῶν
1492 703 1799 775 δογμάτων,
1830 700 1925 756 ἐπὶ
1962 700 2062 772 μὲν

379 791 488 844 τῶν
510 791 738 862 θηλειῶν
786 789 977 858 εἰπὼν,
1004 791 1411 858 Μστήλλαξαν
1443 788 1563 859 τὴνρ
1609 788 1889 860 φυσικὴν·
1912 787 2063 859 χρῆο

379 891 506 933 σιν.
538 879 614 932 Οὐ
646 878 754 950 7&9
785 878 899 950 ἔχει
928 896 1015 943 τις
1047 881 1244 945 εἰπεῖν,
1275 879 1565 951 φησὶν,ὃτι
1595 878 1927 932 κωλυθεῖσαι
1957 877 2064 948 τῆς

378 966 524 1021 κατά
554 966 720 1037 νόμον
754 966 974 1037 μίξεως,
1007 967 1100 1021 ἐπὶ
1131 966 1292 1022 τοῦτο
1309 963 1497 1039 ἦλθον,
1517 965 1633 1020 οὗθ’
1662 969 1745 1021 ὅτι
1780 967 1883 1021 οὐκ
1903 965 2062 1037 έχου-

383 1072 472 1109 σαι
506 1055 606 1125 τὴν
635 1054 930 1126 ἐπιθυμίαν
961 1054 1270 1127 πληρῶσαι,
1316 1055 1456 1128 πρὸς
1491 1055 1593 1127 τὴν
1616 1055 1898 1109 ἀλλόκοτον
1927 1052 2062 1106 ταύο

378 1159 481 1214 την
507 1140 715 1196 λύσσαν
735 1141 1048 1210 ἐξώκειλανο
1080 1143 1143 1196 τὸ
1168 1142 1278 1216 7&9
1314 1142 1667 1214 μεταλλάξαι,
1686 1142 1800 1196 τῶν
1828 1140 2061 1212 ἐχόντων

379 1228 529 1283 ἐστίν
549 1246 563 1260 ·
605 1229 740 1302 ὅπερ
780 1229 874 1283 zeal
897 1230 990 1283 ἐπὶ
1010 1228 1120 1282 τῶν
1145 1229 1434 1300 δογμάτων
1458 1229 1840 1299 διαλεγόμενος
1862 1228 2015 1296 ἔλεγε
2039 1243 2058 1261 ο

378 1316 788 1387 Μετήλλαξαν
818 1317 934 1386 τὴν
955 1316 1246 1386 ἀλήθειαν
1271 1318 1379 1373 τοῦ
1423 1316 1571 1372 Θεοῦ
1608 1317 1679 1370 ἐν
1714 1314 1795 1382 τῷ
1827 1316 2057 1385 ψεύδεϊ.

393 1405 520 1460 Ἐπὶ
562 1405 621 1460 δὲ
648 1405 755 1460 τῶν
783 1406 1029 1479 ἀρρένων
1061 1405 1224 1459 πάλιν
1257 1404 1456 1477 ἑτέρως
1505 1405 1566 1458 τδ
1600 1404 1732 1458 αὐτὸ
1768 1403 2058 1475 ἐδήλωσεν,

381 1493 554 1548 εἰπών
578 1510 593 1526 ·
630 1494 900 1564 Ἁφέντες
929 1492 1045 1562 τὴν
1092 1493 1368 1563 φυσικὴν
1399 1492 1622 1563 Macr
1649 1490 1761 1561 τῆς
1792 1491 2057 1561 θηλείας.

381 1582 493 1635 Kal
512 1582 715 1652 ὁμοίως
742 1582 981 1645 ἐκείναις
998 1590 1019 1612 ⁸
1054 1581 1151 1635 zeal
1181 1580 1403 1645 τούτους
1436 1580 1689 1635 ἐκϐάλλει
1723 1579 1905 1650 πάσης
1932 1580 2060 1634 ἀπο-

380 1669 592 1738 λογίας,
616 1668 942 1742 κατηγορῶν
960 1668 1161 1736 αὐτῶν,
1186 1671 1246 1723 οὐ
1277 1669 1439 1741 μόνον
1464 1669 1545 1722 ὄτι
1567 1664 1713 1740 εἷχον
1736 1667 2055 1738 ἀπόλαυσιν,

381 1756 478 1812 zeal
516 1757 746 1828 ἀφέντες
778 1757 844 1830 ην
900 1752 1067 1828 εἶχον,
1126 1757 1213 1811 ἐπ’
1239 1757 1407 1829 άλλην
1460 1752 1645 1828 ἦλθον,
1688 1755 1806 1811 ἀλλ’
1832 1756 1914 1809 ὅτι
1957 1755 2060 1828 τὴν

382 1843 525 1898 κατὰ
582 1843 747 1914 φύσιν
795 1845 1189 1916 ἀτιμάσαντες,
1231 1845 1323 1898 ἐπὶ
1360 1844 1462 1916 τὴν
1501 1842 1655 1915 παρὰ
1702 1842 1864 1912 φύσιν
1895 1842 2059 1914 ἕδρα-

386 1949 506 2003 μον.
564 1932 951 2006 Δυσκολὼτερα
989 1933 1046 1986 δὲ
1077 1934 1146 1988 τά
1194 1933 1345 2006 παρά
1398 1932 1563 2002 φύσιν
1601 1931 1698 1985 zeal
1727 1931 2053 2002 ἀηδέστερα,

382 2020 524 2074 ὥστε
571 2021 692 2075 οὐδὲ
750 2021 942 2093 ήδονὴν
992 2020 1065 2075 ἂν
1108 2020 1282 2092 ἔχοιεν
1335 2021 1510 2073 εἰπεῖν
1532 2036 1546 2051 ο
1610 2020 1644 2089 ή
1697 2019 1807 2090 7&9
1859 2018 2059 2090 γνησία

383 2108 543 2182 ἡδονὴ
573 2111 606 2182 ἡ
628 2109 768 2164 κατά
798 2110 958 2179 φύσιν
979 2110 1128 2163 ἐστίν
1146 2125 1163 2139 ο
1192 2108 1307 2163 ἀλλ’
1323 2109 1452 2162 ὅταν
1478 2109 1507 2161 6
1538 2108 1670 2171 Θεὸς
1696 2107 2055 2178 ἐγκαταλίπῃ,

383 2197 563 2251 πάντα
611 2198 725 2252 ἀνω
774 2198 870 2252 zeal
898 2197 1053 2252 κάτω
1083 2193 1314 2266 γίνεται.
1346 2196 1444 2250 Διά
1476 2194 1637 2249 τοῦτο
1685 2196 1748 2248 οὐ
1795 2193 1858 2247 τδ
1882 2194 2059 2265 δόγμα

385 2285 570 2348 αὐτοῖς
603 2283 890 2338 σατανικδν
925 2283 1084 2354 μόνον
1117 2279 1206 2355 ἦν,
1232 2283 1369 2337 ἀλλά
1415 2284 1507 2337 zeal
1529 2284 1560 2337 6
1594 2282 1708 2353 βίος
1727 2281 2055 2345 διαϐολικός.

387 2372 519 2425 Ὅτε
573 2372 676 2443 μὲν
716 2368 812 2427 οὗν
840 2373 968 2444 περὶ
996 2372 1281 2443 δογμάτων
1322 2372 1609 2442 διελέγετο,
1637 2372 1729 2425 τὸν
1757 2370 1961 2441 κόσμον
1979 2371 2059 2435 είς

390 2460 554 2531 μέσον
599 2459 765 2532 ἔθηκε
798 2461 893 2515 zeal
919 2461 1017 2532 τὴν
1040 2461 1283 2515 διάνοιαν
1303 2460 1332 2502 ιι
1355 2460 1454 2533 τὴν
1475 2460 1841 2533 ἀνθρωπίνην,
1866 2460 2059 2526 εἰπὼν,

385 2549 468 2602 ὅτι
497 2551 563 2620 τῇ
596 2549 810 2603 συνέσει
834 2551 899 2620 τῇ
932 2548 1083 2620 παρά
1099 2549 1198 2602 τοῦ
1223 2547 1360 2603 Θεοῦ
1387 2549 1644 2622 δεδομένῃ
1665 2548 1755 2603 διὰ
1781 2547 1891 2603 τῶν
1919 2551 2060 2620 69m-

390 2636 571 2706 μένων
597 2636 862 2707 ἠδύναντο
895 2636 1377 2708 χειραγωγηθῆναι
1413 2637 1550 2708 πρὸς
1578 2637 1669 2690 τὸν
1690 2638 2057 2709 Δημιουργὸν,

388 2720 509 2776 εἶτα
557 2725 631 2796 μὴ
665 2723 1036 2795 βουληθέντες,
1087 2722 1309 2796 ἔμειναν
1340 2724 1736 2794 άσύγγνωστοι.
1795 2724 2060 2779 Ἐνταῦθα

387 2811 446 2865 δὲ
473 2813 592 2866 ἀντὶ
617 2810 714 2866 τοῦ
747 2812 955 2883 κόσμου
983 2813 1084 2883 τὴν
1120 2812 1265 2867 κατά
1295 2812 1457 2884 φύσιν
1483 2813 1733 2868 τέθεικεν
1754 2813 1967 2886 ἡδονὴν,
1991 2809 2060 2887 ἧς

387 2898 651 2969 ἠδύναντο
681 2900 818 2972 μετά
844 2900 1030 2964 ἀδείας
1061 2900 1309 2966 πλείονος
1340 2900 1704 2964 ἀπολαύοντες
1756 2900 1849 2954 zeal
1879 2901 2062 2972 μείζο-

388 3005 481 3053 νος
519 2988 621 3061 τῆς
646 2990 1030 3063 ἐὑφροσύνης,
1072 2989 1417 3062 ἀπηλλάχθαι
1447 2988 1739 3062 αἰσχύνης
1798 2989 1915 3044 ἀλλ’
1958 2989 2062 3044 οὐκ

387 3076 682 3149 ἠθέλησανο
713 3078 836 3132 ὅθεν
852 3079 947 3132 zeal
967 3077 1299 3149 συγγνώμης
1318 3076 1547 3147 ἀπάσης
1574 3077 1714 3130 εἰσὶν
1728 3075 1884 3150 [453]
1903 3076 2061 3142 ἐκτός

389 3164 485 3221 καὶ
532 3166 612 3230 είς
641 3165 813 3238 αὐτὴν
840 3166 940 3237 τὴν
967 3164 1130 3234 φύσιν
1156 3165 1476 3237 ὑϐρίσαντες
1495 3181 1512 3197 ο
1546 3165 1642 3218 zeal
1669 3163 1732 3217 τὸ
1755 3164 1820 3235 δή
1854 3164 2064 3219 τούτων

391 3252 739 3328 ἀτιμότερον,
754 3256 886 3309 ὅταν
900 3255 996 3310 καὶ
1013 3256 1273 3323 γυναῖκες
1297 3252 1503 3318 ταύτας
1524 3252 1830 3324 ἐπιζητῶσι
1855 3253 1956 3316 τάς
1978 3252 2064 3325 μί-

392 3342 523 3410 ξεις,
558 3343 625 3408 ἀς
654 3343 865 3417 ἀνδρῶν
893 3343 1092 3411 μᾶλλον
1120 3341 1387 3398 αἰδεῖσθαι
1410 3341 1597 3414 ἐχρῆν.
1626 3341 1811 3407 Ἀξιον
1837 3341 1895 3395 δὲ
1932 3340 2063 3395 θαυ-

390 3429 565 3499 μάσαι
606 3430 699 3484 zeal
738 3428 973 3484 ἐνταῦθα
1007 3424 1104 3483 τοῦ
1152 3428 1369 3482 Παύλου
1415 3429 1517 3498 τὴν
1547 3427 1783 3496 σύνεσιν,
1818 3426 1935 3491 πῶς
1985 3429 2066 3493 είς

391 3516 485 3570 δύο
518 3516 821 3590 πράγματα
848 3515 1106 3588 ἐμπεσὼν
1134 3515 1371 3582 ἐναντία,
1402 3513 1687 3586 ἀμφότερα
1717 3514 1880 3587 ήνυσε
1926 3514 2069 3586 μετά

393 3602 574 3675 πάσης
603 3602 1209 3675 ἀκριϐείας.Ἐϐούλετο
1234 3603 1342 3674 7&9
1373 3603 1468 3657 zeal
1499 3602 1711 3674 σεμνῶς
1744 3604 1939 3669 εἰπεῖν,
1971 3602 2066 3656 zeal

393 3691 578 3746 δακεῖν
599 3691 690 3746 τὸν
714 3692 1019 3764 ἀκροατήν·
1051 3690 1224 3746 ταῦτα
1250 3691 1307 3746 δὲ
1329 3691 1614 3764 ἀμφότερα
1637 3691 1738 3746 οὐκ
1759 3691 1906 3764 ἐνῆν,
1930 3690 2067 3746 ἀλλά

394 3778 622 3851 θάτερον
666 3777 940 3850 ἐμποδίζει
975 3777 1209 3852 θατέρῳ.
1234 3777 1334 3833 Ἂν
1361 3778 1462 3851 μὲν
1488 3779 1598 3851 γὰρ
1629 3778 1842 3849 σεμνῶς
1884 3780 2065 3854 εἴπῃς,

393 3865 454 3919 οὐ
494 3865 695 3937 δυνήσῃ
719 3863 1038 3919 καθικέσθαι
1082 3865 1176 3919 τοῦ
1217 3865 1546 3931 ἀκούοντοςο
1583 3865 1679 3919 ἐὰν
1703 3865 1759 3920 δὲ
1801 3864 2065 3937 βουληθῇς

392 3951 741 4022 καθάψασθαι
777 3953 1041 4025 σφοδρῶς,
1074 3953 1319 4025 ἀνάγκην
1356 3952 1501 4024 ἔχεις
1539 3951 1937 4024 ἀπογυμνῶσαι
1972 3970 2069 4006 ca-

397 4039 659 4113 φέστερον
690 4039 752 4094 τὸ
784 4040 1096 4111 λεγόμενον.
1139 4041 1279 4095 Ἀλλ’
1325 4041 1364 4113 ἡ
1395 4039 1590 4113 συνετὴ
1620 4041 1714 4095 καὶ
1745 4040 1877 4111 άγία
1919 4041 2068 4111 ψυχὴ

398 4130 539 4201 μετά
568 4130 853 4203 ἀκριϐείας
896 4129 1183 4199 ἀμφότερα
1227 4128 1465 4200 ἴσχυσεν,
1496 4129 1553 4183 ἐν
1600 4127 1676 4199 τῷ
1706 4129 1805 4199 τῆς
1853 4127 2066 4199 φύσεως

395 4217 622 4289 ὀνόματι
653 4217 747 4272 zeal
777 4217 875 4290 τὴν
907 4216 1243 4289 κατηγορίαν
1271 4217 1533 4290 αὐξήσας,
1559 4216 1654 4270 zeal
1679 4216 1868 4288 ῶσπερ
1892 4233 2066 4288 παρα-

396 4306 707 4377 πετάσμστί
759 4323 864 4360 τινι
924 4304 1101 4380 ταύτῃ
1134 4306 1479 4378 χρησάμενος
1507 4305 1587 4368 εἰς
1629 4304 1691 4359 τὸ
1726 4304 1922 4377 σεμνὸν
1967 4307 2068 4375 τῆς

395 4394 720 4470 διηγήσεως.

470 4546 602 4604 Εἶτα
632 4551 740 4606 τῶν
764 4552 1042 4621 γυναικῶν
1075 4550 1458 4621 καθαψάμενος
1492 4551 1795 4623 πρότερον,
1842 4550 1935 4605 zeal
1974 4549 2067 4604 ἐπὶ

398 4638 524 4702 τοὺς
560 4638 759 4709 ἄνδρας
794 4639 1031 4710 πρόεισι,
1064 4637 1236 4706 λέγων
1256 4656 1269 4669 ·
1307 4639 1554 4707 Ὁμοίως
1583 4638 1653 4691 δὲ
1684 4636 1781 4692 καὶ
1811 4640 1866 4691 οἱ
1893 4637 2067 4706 ἄρτρε-

397 4744 521 4793 νες,
550 4725 797 4796 ἀφέντες
825 4725 943 4795 τὴν
962 4725 1237 4797 φυσικὴν
1263 4725 1487 4797 χρῆσιν
1511 4726 1620 4795 τῆς
1642 4729 1906 4795 θηλείας
1930 4731 2071 4799 ὅπερ

397 4814 634 4887 ἐσχάτης
670 4814 820 4869 ἐστὶν
865 4814 1142 4877 ἀπωλείας
1193 4814 1419 4885 δεῖγμα,
1451 4815 1581 4868 ὃταν
1614 4816 1871 4887 ἑκάτερον
2005 4818 2068 4872 τδ

397 4902 555 4968 γένος
587 4899 980 4973 διεφθαρμένον
999 4943 1014 4968 ,
1048 4901 1143 4955 zeal
1170 4901 1198 4954 ὅ
1228 4918 1287 4955 τε
1323 4900 1640 4966 διδάσκει).ος
1678 4902 1777 4972 τῆς
1809 4904 2068 4972 γυναικὸς

397 4984 541 5043 εἶναι
566 4988 807 5060 ταχθεὶς,
839 4989 874 5060 ἦ
909 5005 970 5041 τε
1002 4987 1195 5059 βοηθὸς
1222 4986 1314 5042 τοῦ
1346 4988 1536 5059 ἀνδρὸς
1597 4987 1949 5043 κελευσθεῖσα
1977 5008 2069 5059 γε·

396 5076 606 5139 νέσθαι,
634 5075 705 5129 τὰ
733 5075 842 5129 τῶν
872 5075 1086 5147 ἐχθρῶν
1115 5077 1196 5140 είς
1213 5074 1477 5149 ἀλλήλους
1496 5077 1836 5149 ἐργάζονται.
1868 5078 2067 5133 Σκόπει

394 5164 451 5217 δὲ
495 5164 613 5227 πῶς
644 5163 740 5218 zeal
781 5165 1130 5234 ἐμφαντικῶς
1170 5164 1373 5236 χρῆται
1413 5167 1533 5228 ταῖς
1576 5165 1805 5233 λέξεσιν.
1843 5167 1918 5222 οὐ
1957 5166 2067 5239 7&9

397 5247 580 5318 εἶπεν,
614 5251 694 5305 ὅτι
739 5250 1061 5321 ἠράσθησαν
1116 5252 1212 5305 καὶ
1245 5250 1601 5323 ἐπεθύμησαν
1638 5253 1915 5324 ἀλλήλων,
1951 5255 2068 5309 ἀλλ’

408 5342 861 5409 Ἐξεκαύθησαν
897 5342 968 5395 ἐν
1013 5339 1089 5409 τῇ
1134 5341 1324 5410 ὀρέξει
1366 5340 1566 5396 αὐτῶν
1597 5344 1683 5408 είς
1730 5343 2064 5411 ἀλλήλους.

408 5429 595 5499 Ὀρᾷς,
644 5430 725 5483 ὅτι
753 5429 860 5484 ἀπὸ
903 5428 1213 5494 πλεονεξίας
1244 5429 1307 5484 16
1331 5431 1440 5485 πᾶν
1469 5429 1569 5501 τῆς
1608 5430 1901 5502 ἐπιθυμίας
1923 5471 1937 5494 ,
1966 5433 2068 5486 οὐκ

399 5517 778 5587 ἁνασχομένης
810 5516 944 5573 εἴσω
979 5516 1091 5571 τῶν
1119 5518 1336 5573 οἰκείων
1372 5519 1515 5591 ὃ-ρων
1553 5518 1769 5588 μένειν;
1808 5520 1924 5573 Πᾶν
1958 5519 2068 5590 γὰρ

399 5603 461 5655 τὸ
498 5603 824 5674 ὑπερϐαἰνον
869 5607 995 5670 τοὺς
1040 5605 1188 5678 παρά
1229 5606 1367 5660 Θεοῦ
1409 5607 1662 5671 τεθέντας
1699 5608 1916 5678 νόμους,
1959 5608 2069 5661 τῶν

402 5688 705 5743 ἀλλοκότων
726 5691 1001 5762 ἐπιθυμεῖ,
1024 5695 1117 5747 zeal
1137 5694 1257 5765 οὐχὶ
1274 5693 1384 5748 τῶν
1409 5695 1832 5765 νενομισμένων.
1860 5695 2068 5766 Ὥσπερ

406 5772 514 5843 γὰρ
542 5773 727 5826 πολλοὶ
753 5776 1011 5840 πολλάκις
1035 5779 1133 5849 τὴν
1151 5780 1263 5833 τῶν
1293 5780 1482 5833 σιτίων
1501 5780 1797 5851 ἐπιθυμίαν
1819 5780 2068 5851 ἀφέντες,

473 5953 493 5977 ⁸
517 5953 673 6016 Unus,
695 5956 869 6015 ὁμοίοις
895 5957 1087 6014 ἐκείνας.
1174 5961 1200 6002 Ι)
1221 5962 1299 6013 ΔΙ.
1348 5965 1428 6021 τήν
1472 5964 1680 6025 δύναμιν.

1142 322 1201 380 S.
1253 319 1542 381 JOANNIS
1582 316 2081 381 CHRYSOSTOM
2112 317 2437 378 ARCIIIEP.
2479 321 3035 386 CONSTANTINOP.

3627 350 3647 365 '
3754 333 3864 391 "8

2169 436 2276 508 γῆν
2311 439 2587 509 σιτοῦνται
2623 443 2714 497 zeal
2765 443 2948 508 λίθους
2976 443 3241 516 μικροὺς,
3289 447 3385 502 zeal
3430 448 3609 524 ἕτεροι
3647 453 3707 509 δὲ
3752 454 3864 510 ὕπο

2168 524 2357 595 δίψους
2409 531 2762 601 κατεχόμενοι
2813 533 3084 605 σφοδροῦ,
3130 533 3229 588 zeal
3280 534 3546 608 βορϐόρου
3593 542 3862 611 πολλάκις

2171 613 2552 685 ἐπιθυμοῦσιν
2580 617 2724 672 οὕτω
2747 620 2842 672 zeal
2872 622 3070 674 ἐκεῖνοι
3095 622 3233 694 πρὸς
3257 625 3351 679 τὸν
3379 631 3697 701 παράνομον
3728 633 3860 687 τοῦ-

2294 704 2701 796 ἐξεϐράσθησαν
2734 719 2756 748 ο
2795 707 2993 779 ἔρωτα.
3028 710 3094 764 El
3131 710 3187 765 δὲ
3226 712 3437 783 λέγεις,
3468 719 3580 772 Kal
3610 722 3775 777 πόθεν
3816 726 3861 796 ἢ

2169 790 2424 879 ἐπίτασις
2450 794 2550 865 τῆς
2573 795 2870 867 ἐπιθυμίας
2898 796 3070 869 αὓτης
3112 799 3244 853 Ἀπὸ
3271 803 3372 872 τῆς
3398 805 3493 858 τοῦ
3519 807 3656 863 Θεοῦ
3686 790 3857 879 ἐγκαλ

2169 878 2487 965 ταλείιίιεως.
2534 882 2599 935 Ἥ
2640 883 2697 936 δὲ
2730 884 3120 956 ἐγκατάλειψις
3162 887 3256 942 τοῦ
3302 891 3437 946 Θεοῦ
3480 895 3677 965 πόθεν;
3719 878 3863 953 Ἇπδ

2168 964 2268 1055 τῇς
2294 967 2405 1055 τῶν
2437 969 2685 1038 ἀφέντων
2713 970 2878 1025 αὑτὸν
2922 973 3174 1045 ἀνομίαςο
3212 977 3489 1049 Ἀρῤενσς
3523 983 3596 1038 ἐν
3634 985 3861 1055 ἄρσεσι

2167 1050 2284 1120 τὴν
2311 1052 2761 1124 ἀσχημοσύνην
2788 1059 3299 1131 κατερτνιζόμενοι.

2241 1207 2310 1278 β’.
2327 1208 2418 1281 Μή
2440 1209 2548 1284 7&9
2566 1211 2755 1282 ἐπειδὴ
2779 1212 3041 1284 ἤκουσας,
3064 1216 3251 1286 φησὶν,
3271 1218 3354 1272 ὅτι
3369 1220 3852 1295 Ἕξεκαύθησαν,

2165 1296 2265 1386 τῇς
2291 1297 2590 1369 ἐπιθυμίας
2615 1300 2785 1372 μόνης
2809 1296 2950 1355 εἶναι
2984 1303 3219 1376 νομίσῃς
3240 1306 3303 1361 τὸ
3329 1308 3545 1381 νόσημα
3569 1328 3585 1345 ο
3612 1312 3707 1366 zeal
3737 1313 3851 1386 7&9

2165 1383 2226 1438 τὸ
2248 1386 2413 1440 πλέον
2437 1388 2538 1458 τῆς
2565 1389 2747 1443 αὐτῶν
2769 1389 3046 1462 ῥᾳθυμίας
3065 1393 3233 1461 ἐστὶν,
3252 1394 3290 1467 ἢ
3311 1397 3408 1451 zeal
3427 1397 3530 1470 τὴν
3552 1383 3853 1471 ἐπιθυμίαν

2165 1475 2363 1547 ἀνῆψε.
2386 1477 2486 1531 Διά
2512 1476 2671 1532 τοῦτο
2687 1479 2789 1534 οὐκ
2818 1475 2962 1545 εἷπε,
2982 1482 3476 1558 Παρασιδρέντες,ῆ
3502 1488 3851 1559 Προληφθέν-

2165 1580 2258 1627 τες
2281 1563 2332 1629 δ,
2366 1565 2505 1636 ὅπερ
2531 1565 2764 1638 ἀλλαχοῦ
2801 1584 2988 1639 φησιν,
3022 1569 3161 1624 ἀλλά
3190 1572 3281 1632 τίς
3323 1572 3845 1647 Κατεμγαζόμενοι.

2170 1651 2373 1722 Ἔργον
2399 1651 2584 1706 ἔθεντο
2604 1654 2705 1725 τὴν
2731 1655 3024 1727 ἁμαρτίαν,
3048 1658 3144 1711 zeal
3162 1658 3263 1729 οὐχ
3287 1660 3476 1726 ἁπλῶς
3501 1661 3685 1736 ἔργον,
3710 1663 3848 1720 ἀλλά

2166 1738 2262 1792 zeal
2308 1740 2764 1813 ἐσπουδασμένον.
2820 1744 2933 1798 Kal
2961 1745 3075 1821 06x
3102 1741 3289 1813 εἶπεν,
3351 1749 3698 1821 Ἐπιθυμίαν,
3727 1753 3846 1806 ἀλλ’

2179 1825 2661 1897 Ἀσχημοσύνην,
2702 1830 2931 1902 κυρίως·
2965 1834 3060 1887 zeal
3092 1834 3206 1906 7&9
3232 1837 3326 1889 zeal
3351 1836 3453 1908 τὴν
3482 1837 3646 1905 φύσιν
3675 1839 3846 1911 ᾔσχυο

2165 1929 2300 1979 ναν,
2331 1913 2427 1968 zeal
2459 1915 2588 1979 τοὺς
2626 1915 2828 1988 νόμους
2867 1920 3169 1991 ἐπάτησαν.
3211 1922 3320 1975 Kal
3363 1923 3463 1992 δρα
3495 1924 3702 1994 πολλὴν
3741 1926 3848 1997 τὴν

2168 2001 2432 2073 σύγχυσιν
2458 2003 2516 2071 ἐξ
2541 2004 2853 2078 ἀμφοτέρου
2880 2006 2975 2060 τοῦ
3007 2008 3204 2080 μέρους
3227 2009 3536 2081 γινομένην.
3560 2012 3638 2065 Οὐ
3661 2011 3776 2083 7&9
3803 2015 3841 2085 ἠ

2167 2091 2378 2161 κεφαλή
2406 2092 2544 2163 μόνη
2571 2093 2725 2147 κάτω
2748 2097 2992 2163 γέγονεν,
3020 2096 3157 2151 ἀλλὰ
3181 2097 3277 2151 zeal
3304 2099 3354 2152 οί
3389 2098 3547 2162 πόδες
3577 2098 3712 2167 ἀνω,
3742 2100 3846 2155 zeal

2167 2179 2419 2250 πολέμιοι
2441 2180 2651 2237 ἑαυτῶν
2673 2182 2766 2236 zeal
2784 2183 3028 2256 ἀλλήλων
3049 2185 3316 2254 ἐγένοντο.
3339 2186 3578 2261 χαλεπήν
3598 2206 3721 2243 τινα
3746 2192 3851 2244 καὶ

2166 2268 2367 2332 παντὸς
2412 2270 2679 2339 ἐμφυλίου
2727 2270 2966 2340 πολέμου
3021 2274 3490 2347 παρανομωτέραν
3531 2276 3846 2346 είσάγοντες

2170 2353 2351 2425 μάχην
2368 2357 2463 2409 zeal
2487 2357 2782 2428 πολυσχιδῆ
2811 2359 2907 2414 zeal
2930 2360 3201 2430 ποικίλην.
3227 2362 3337 2414 Kal
3355 2362 3465 2435 7&9
3493 2362 3574 2427 είς
3597 2366 3845 2436 τέσσαρα

2165 2441 2371 2512 ταύτην
2399 2441 2592 2496 διεῖλον
2623 2444 2738 2514 εἴδη
2769 2446 2902 2499 κενὰ
2927 2447 3023 2500 zeal
3043 2447 3340 2519 παράνομα
3357 2463 3371 2479 ⁸
3398 2449 3460 2503 οὐ
3484 2449 3594 2521 7&9
3622 2450 3846 2516 διπλοῦς

2168 2528 2261 2581 zeal
2288 2528 2566 2599 τριπλοῦς,
2599 2530 2738 2586 ἀλλά
2767 2534 2863 2586 zeal
2887 2534 3228 2606 τετραπλοῦς
3252 2520 3409 2600 οὗτος
3438 2537 3466 2590 6
3488 2520 3725 2608 πόλεμος
3750 2533 3840 2609 ἦν.

2169 2614 2318 2689 [456]
2351 2617 2550 2672 Σκόπει
2574 2619 2651 2673 δέ·
2688 2622 2988 2682 "E65e10iz:
3020 2623 3114 2677 δύο
3147 2624 3244 2678 ἕνα
3282 2622 3442 2689 εἶναι,
3488 2629 3721 2694 γυναῖκα
3751 2628 3844 2681 zeal

2169 2701 2340 2774 ἄνδρα
2366 2704 2529 2773 λέγω·
2567 2705 2855 2762 Ἔσονται
2895 2708 3002 2779 γὰρ
3026 2753 3041 2773 ,
3074 2711 3260 2780 φησὶν,
3296 2714 3351 2765 οἱ
3380 2711 3490 2766 δύο
3527 2714 3614 2780 είς
3646 2714 3844 2781 σάρκα

2163 2792 2332 2861 μίαν.
2387 2793 2590 2847 Ἐποίει
2639 2793 2695 2847 δὲ
2739 2795 2899 2848 τοῦτο
2943 2797 2978 2867 ή
3020 2797 3121 2867 τῆς
3167 2798 3385 2870 ὁμιλίας
3426 2800 3711 2871 ἐπιθυμία,
3747 2803 3843 2855 καὶ

2171 2880 2412 2950 συνῆπτε
2435 2881 2504 2935 τά
2522 2880 2653 2952 γένη
2679 2882 2815 2953 πρὸς
2835 2883 3058 2956 ἄλληλα.
3084 2885 3302 2959 Ταύτην
3329 2885 3535 2941 ἀνελὼν
3553 2890 3582 2942 6
3599 2888 3848 2955 διάϐολος

2168 2967 2268 3039 τήν
2315 2968 2642 3038 ἐπιθυμίαν,
2677 2972 2772 3025 zeal
2809 2973 2892 3040 ἐφ’
2943 2971 3132 3044 ἕτερον
3180 2973 3580 3045 μετοχετεύσας
3618 2975 3843 3045 τρόπον,

2171 3056 2468 3127 ἀπέσχισεν
2494 3055 2667 3122 οὕτως
2695 3059 2793 3112 ἀπ’
2818 3058 3065 3131 ἀλλήλων
3103 3059 3170 3116 τά
3210 3061 3366 3134 γένη,
3397 3062 3494 3115 zeal
3524 3064 3751 3134 ἐποίησε
3782 3063 3849 3117 16

2172 3143 2232 3198 ἒν
2260 3145 2356 3199 δύο
2392 3145 2647 3215 γενέσθαι
2680 3148 2852 3220 μέρη,
2889 3150 3218 3215 ἀπεναντίας
3249 3151 3327 3224 τῷ
3358 3153 3455 3206 τοῦ
3489 3154 3623 3208 Θεοῦ
3658 3157 3843 3227 νόμῳο

2171 3229 2202 3281 6
2231 3229 2332 3301 μὲν
2361 3231 2469 3303 γάρ
2498 3247 2685 3302 φησιν,
2724 3234 3011 3287 Ἔσονται
3038 3238 3092 3288 οἱ
3118 3235 3228 3290 δύο
3271 3240 3359 3305 είς
3394 3237 3592 3307 σάρκα
3610 3240 3777 3309 μίαν
3814 3242 3849 3294 ὁ

2171 3317 2228 3370 δὲ
2246 3317 2345 3386 τὴν
2364 3317 2493 3388 μίαν
2513 3320 2591 3382 εἰς
2612 3319 2705 3372 δύο
2726 3318 2941 3377 διεῖλεν.
2979 3321 3110 3376 Ἰδοὺ
3138 3322 3379 3394 πόλεμος
3396 3319 3497 3389 εἷς.
3517 3325 3684 3380 Πάλιν
3704 3326 3849 3381 αὐτά

2172 3406 2242 3461 τὰ
2268 3406 2367 3460 δύο
2393 3407 2531 3480 μέρη
2564 3408 2737 3462 ταῦτα
2767 3409 2865 3462 zeal
2895 3410 3031 3483 πρὸς
3063 3411 3261 3477 αὐτοὺς
3289 3413 3385 3468 zeal
3413 3414 3549 3486 πρὸς
3579 3415 3847 3487 ἀλλήλους

2173 3492 2588 3565 ἐξεπολέμωσεν
2602 3510 2616 3526 ’
2638 3495 2774 3550 αἵτε
2794 3497 2900 3569 7&9
2920 3501 3177 3566 γυναῖκες
3198 3502 3468 3568 γυναῖκας
3488 3500 3709 3572 ὕϐριζον
3738 3503 3851 3557 πά-

2172 3580 2275 3647 λιν,
2308 3582 2409 3636 οὺκ
2455 3581 2657 3656 ἀνδρας
2692 3583 2875 3654 μόνον,
2919 3586 2974 3639 οἴ
3012 3603 3075 3640 τε
3114 3587 3307 3660 ἄνδρες
3334 3589 3481 3644 κατά
3506 3605 3565 3643 τε
3596 3590 3849 3661 ἀλλήλων

2174 3668 2413 3731 ῑσταντο,
2445 3670 2538 3723 zeal
2571 3670 2714 3724 κατά
2742 3671 2840 3725 τοῦ
2867 3674 3184 3741 γυναικείου
3230 3674 3442 3744 γένους,
3486 3675 3742 3749 καθάπερ
3784 3678 3851 3730 ἐν

2173 3757 2516 3828 νυκτομαχίᾳ
2542 3758 2675 3812 τινί·
2703 3758 2842 3821 εἶδες
2863 3759 3115 3833 δεύτερον
3141 3762 3235 3816 zeal
3258 3763 3441 3833 τρίτον
3469 3763 3726 3834 πόλεμον,
3750 3765 3852 3819 zeal

2171 3844 2428 3915 τέταρτον
2450 3843 2547 3897 zeal
2573 3843 2854 3916 πέμπτον;
2887 3846 3050 3900 Ἔστι
3080 3848 3175 3902 zeal
3199 3848 3406 3921 ἕτερος⁹
3436 3850 3576 3921 μετά
3599 3849 3710 3922 γὰρ
3734 3851 3849 3904 τῶν

2174 3932 2479 4004 ειρημένων
2539 3932 2635 3985 zeal
2692 3933 2772 3996 είς
2825 3933 2925 4005 τὴν
2987 3934 3149 4004 φύσιν
3199 3934 3374 4008 αὐτὴν
3423 3937 3849 4008 παρηνόμησαν.

2186 4019 2404 4089 Ἐπειδὴ
2435 4019 2545 4092 γὰρ
2574 4014 2714 4074 εἶδεν
2741 4021 2771 4074 6
2799 4019 3065 4088 διάϐολος,
3094 4021 3179 4076 ὅτι
3196 4020 3337 4094 αῦτη
3365 4022 3600 4092 μάλιστα
3622 4023 3855 4091 συνάγει

2173 4105 2243 4159 τὰ
2274 4104 2409 4177 γένη
2459 4108 2494 4178 ή
2526 4106 2828 4179 ἐπιθυμία,
2873 4106 2968 4175 16v
3003 4107 3203 4180 δεσμὸν
3229 4107 3530 4163 ἐσπούδασε
3567 4110 3849 4181 διακόψαι,

2174 4191 2315 4246 ῶστε
2341 4193 2404 4246 οὐ
2435 4193 2515 4265 τῷ
2559 4194 2635 4267 μὴ
2665 4193 2987 4266 σπείρεσθαι
3024 4195 3185 4267 μόνον
3215 4196 3359 4251 κατά
3393 4195 3559 4267 νόμον
3592 4197 3654 4250 τὸ
3690 4197 3853 4264 γένος

2173 4279 2446 4346 διαλῦσαι,
2476 4281 2614 4337 ἀλλά
2644 4282 2740 4336 καὶ
2769 4280 2849 4354 τῷ
2889 4283 3027 4355 πρὸς
3059 4283 3323 4354 ἀλλήλους
3352 4282 3851 4354 ἐκπεπολεμῶσθαι

2173 4365 2235 4419 τδ
2256 4365 2411 4434 γένος
2433 4365 2528 4419 καὶ
2551 4364 2885 4430 στασιάζειν.
2915 4366 3026 4420 Καὶ
3048 4365 3166 4436 τὴν
3179 4367 3584 4436 ἀντιμισθίαν,
3601 4365 3680 4433 ἣν
3696 4366 3847 4431 ἔδει,

2175 4451 2285 4521 τῆς
2303 4451 2546 4521 πλάνης
2562 4452 2761 4507 αὐτῶν
2783 4452 2852 4508 ἐν
2875 4452 3109 4521 ἑαυτοῖς
3128 4453 3682 4524 ἀπολαμϐάνοντες.
3702 4453 3850 4525 Ὅρα

2175 4539 2295 4603 πῶς
2325 4540 2487 4596 πάλιν
2513 4542 2607 4595 ἐπὶ
2635 4541 2737 4613 τὴν
2766 4540 2949 4613 πηγὴν
2983 4540 3202 4614 ἔρχεται
3234 4541 3330 4596 τοῦ
3361 4541 3554 4607 κακοῦ,
3588 4540 3686 4613 τὴν
3719 4541 3850 4594 ἀσέ-

2176 4625 2329 4680 ϐειαν
2357 4627 2456 4699 τὴν
2499 4627 2609 4682 ἀπὸ
2634 4626 2744 4681 τῶν
2781 4627 3093 4699 δογμάτων,
3125 4627 3221 4680 zeal
3256 4626 3447 4699 μισθὸν
3475 4626 3664 4681 τοῦτον
3706 4622 3851 4680 εἶναί

2177 4731 2309 4785 φησι
2334 4715 2433 4785 τῆς
2455 4716 2801 4787 παρανομίας
2825 4715 3060 4784 ἐκείνης.
3095 4713 3313 4786 Ἐπειδὴ
3338 4715 3448 4786 7&9
3470 4715 3599 4787 περὶ
3620 4713 3850 4784 γεέννης

2176 4802 2271 4855 zeal
2310 4803 2583 4864 κολάσεως
2614 4803 2823 4871 λέγων,
2859 4801 2954 4856 νῦν
2982 4802 3081 4855 οὐκ
3114 4802 3290 4856 ἐδόκει
3329 4802 3520 4868 πιστὸς
3558 4797 3698 4857 εἶναι
3732 4804 3851 4867 τοίς

2176 4890 2394 4944 ἀσεϐέσι
2424 4891 2516 4944 zeal
2547 4890 2688 4944 οῦτω
2717 4890 2819 4961 ζῇν
2847 4889 3320 4961 προαιρουμένοις,
3364 4889 3499 4943 ἀλλὰ
3542 4889 3637 4942 καὶ
3678 4905 3853 4942 κατα-

2175 4977 2743 5045 γέλαστος,δείκνυσιν
2770 4978 2829 5031 ἐν
2850 4976 2989 5049 αὐτῇ
3011 4979 3078 5047 τῇ
3098 4975 3258 5047 ήδονῇ
3275 4974 3481 5048 ταύτην
3504 4976 3605 5046 τὴν
3626 4974 3857 5029 κόλασιν

2174 5060 2360 5118 οὖσαν.
2397 5064 2463 5118 El
2498 5064 2556 5117 δὲ
2585 5064 2686 5117 οὐκ
2718 5062 3095 5129 αἰσθάνονται,
3148 5062 3265 5116 ἀλλ’
3310 5062 3564 5134 ἥδονται,
3600 5060 3676 5133 μὴ
3713 5060 3858 5114 θαυ-

2178 5152 2379 5223 μάσῃς*
2436 5150 2532 5205 zeal
2574 5150 2683 5221 7&9
2731 5150 2826 5205 zeal
2873 5153 2922 5205 οί
2976 5150 3289 5222 μαινόμενοι
3341 5150 3441 5204 zeal
3483 5150 3534 5203 οἱ
3584 5147 3857 5219 φρενίτιδι

2175 5239 2526 5309 κατεχόμενοι
2548 5238 2691 5306 νόσῳ
2715 5236 2884 5291 πολλά
2903 5238 3130 5302 ἑαυτοὺς
3156 5236 3490 5302 ἀδικοῦντες,
3519 5235 3615 5290 zeal
3638 5235 3860 5289 ἐλεεινά

2176 5325 2542 5398 πράσσοντες,
2573 5324 2659 5392 ἐφ’
2708 5318 2791 5387 οἷς
2838 5324 3034 5388 αὐτοὺς
3059 5324 3239 5394 ἕτεροι
3282 5322 3613 5395 δακρύουσι,
3645 5320 3857 5391 γελῶσι

2176 5413 2270 5466 zeal
2293 5411 2598 5482 ἐντρυφῶσι
2623 5412 2736 5474 τοῖς
2763 5410 3069 5481 γινομένοις
3096 5409 3269 5465 αὐτοί.
3311 5409 3453 5464 Ἀλλ’
3483 5410 3544 5464 οὐ
3575 5409 3664 5463 διὰ
3692 5408 3863 5463 τοῦτὸ

2177 5516 2357 5570 φαμεν
2387 5500 2587 5564 αὐτοὺς
2617 5498 2963 5570 ἀπηλλάχθαι
2991 5498 3267 5561 κολάσεως
3289 5537 3306 5562 ,
3335 5496 3473 5552 ἀλλά
3503 5499 3597 5552 zeal
3619 5497 3690 5550 δι’
3716 5497 3861 5551 αὐτὸ

2181 5589 2279 5659 μὲν
2320 5583 2413 5640 οὖν
2443 5587 2598 5641 τοῦτο
2629 5588 2686 5639 ἐν
2716 5586 3073 5658 χαλεπωτέρᾳ
3106 5580 3246 5638 εἶναι
3285 5585 3561 5658 τιμωρίᾳ.
3607 5585 3694 5638 δτι
3723 5584 3861 5638 οὐδὲ

2180 5677 2358 5731 ἴσασιν
2390 5678 2447 5728 ἐν
2477 5669 2560 5738 οἷς
2577 5676 2734 5730 εἰσιν.
2762 5674 2838 5728 Οὐ
2860 5673 2970 5744 7&9
2989 5673 3098 5728 ἀπὸ
3120 5671 3226 5727 τῶν
3251 5672 3574 5737 νοσούντων,
3603 5671 3722 5725 ἀλλ’
3744 5672 3862 5727 ἀπὸ

2178 5763 2287 5817 τῶν
2325 5761 2675 5830 ὑγιαινόντων
2718 5760 2800 5814 δεῖ
2836 5760 3023 5832 φέρειν
3070 5757 3170 5824 τὰς
3205 5758 3456 5830 ψήφους·
3505 5758 3631 5812 ἐπεὶ
3677 5758 3740 5812 τό
3788 5774 3863 5828 γε

2312 5971 2332 5997 ⁸
2360 5966 2436 6017 Ᾱῖ.
2462 5964 2791 6022 ἐξεκαύθησαν.
2863 5960 2885 6000 ά
2915 5963 3069 6021 Unus,
3095 5964 3125 6023 ἡ
3150 5960 3545 6026 παραληφθέντες.
