4144 6146
501 270 598 327 H7

500 400 627 444 vero
655 383 859 440 insania
884 396 1010 453 erga
1036 379 1302 436 masculos
1327 396 1342 434 :
1369 378 1566 435 etenim
1592 377 1764 432 anima
1794 377 1910 447 plus
1940 376 2066 448 pati-

499 485 586 529 tur
610 483 667 531 et
693 475 889 529 rubore
912 471 1235 527 suﬁunditur
1268 471 1321 524 in
1370 469 1603 539 peccatis
1627 509 1642 533 .
1691 483 1849 538 quam
1885 482 2080 536 corpus

470 617 473 619 _
499 572 552 622 in
582 566 998 621 inﬁrmitatibus.
1029 563 1307 633 Perpende
1338 574 1515 617 autem
1556 569 1822 631 quomodo
1863 560 1947 614 hic
1975 559 2081 614 illis

498 662 703 716 veniam
733 659 960 728 deneget
986 698 1001 721 ,
1052 656 1274 727 perinde
1312 663 1472 725 atque
1519 654 1570 707 in
1611 652 1984 723 dogmatibus:
2014 650 2082 706 de

497 753 810 808 mulieribus
860 750 1077 821 quidem
1126 751 1316 804 dicens
1359 764 1374 802 :
1433 747 1757 801 Mutaveruut
1798 747 2083 798 naturalem

499 859 664 897 usum.
697 842 814 898 Non
844 843 989 898 enim
1020 841 1202 896 dicere
1229 848 1454 910 possunt
1474 882 1488 903 ,
1519 839 1688 909 inquit
1711 879 1725 903 ,
1753 854 1812 892 se
1843 837 2078 907 proltibio

501 945 580 988 tas
607 934 677 988 ab
704 949 772 988 eo
795 975 810 997 ,
840 933 930 1004 qui
960 931 1253 987 secundum
1287 931 1456 1000 legem
1484 939 1570 985 est
1592 970 1607 993 ,
1641 929 1784 983 coitu
1809 969 1824 992 ,
1870 927 1935 980 ad
1984 926 2084 981 hoc

501 1026 866 1094 processisse;
899 1039 1074 1093 neque
1118 1039 1211 1090 se,
1244 1037 1366 1076 eum
1415 1038 1519 1076 non
1565 1028 1783 1090 possent
1827 1019 2082 1088 concupi-

501 1119 760 1175 scentiam
812 1133 962 1173 suam
1010 1117 1274 1186 implere,
1320 1114 1386 1170 ad
1435 1115 1572 1168 hanc
1611 1114 1836 1167 alienam
1881 1111 2083 1165 rabiem

501 1211 787 1279 impegisse
813 1227 828 1264 :
858 1225 978 1263 nam
1006 1209 1230 1262 mutatio
1255 1223 1438 1262 eorum
1465 1215 1548 1262 est
1567 1249 1580 1266 .
1609 1205 1701 1276 qui
1724 1205 1834 1274 jam
1862 1212 2043 1259 tenent
2067 1220 2081 1256 :

499 1302 641 1372 quod
669 1303 826 1357 etiam
853 1302 921 1356 de
948 1301 1286 1372 dogmatibus
1320 1301 1544 1369 loquens
1569 1297 1779 1352 dicebat
1807 1311 1826 1352 :
1858 1295 2083 1350 Mutave-

499 1403 618 1446 runt
646 1394 901 1446 ceritatem
931 1391 1026 1446 Dei
1061 1393 1112 1445 in
1158 1390 1496 1444 mendacium.
1542 1389 1617 1442 De
1666 1388 1914 1442 masculis
1956 1402 2084 1441 vero

501 1497 690 1538 rursus
715 1483 822 1535 alio
851 1482 1010 1536 modo
1039 1481 1266 1551 idipsum
1292 1480 1613 1550 signiﬁcavit
1637 1521 1652 1544 ,
1685 1479 1868 1533 dicens
1898 1494 1911 1532 :
1945 1478 2086 1532 Reli-

499 1584 581 1628 cto
611 1574 830 1627 naturali
859 1589 952 1627 usu
971 1573 1192 1644 femina.
1228 1573 1344 1626 l’ari
1371 1572 1531 1626 modo
1555 1571 1641 1625 his
1665 1580 1718 1625 et
1747 1571 1848 1624 illis
1879 1571 2082 1624 nullum

501 1665 754 1734 relinquit
783 1679 903 1718 sese
935 1663 1192 1733 purgandi
1225 1662 1444 1717 modum
1474 1679 1488 1716 :
1512 1676 1773 1716 accusans
1795 1661 1915 1716 illos
1938 1702 1954 1726 ,
1977 1676 2082 1715 non

503 1755 665 1809 modo
691 1756 828 1825 quod
856 1770 1009 1809 suum
1041 1755 1300 1809 habentes
1332 1753 1540 1808 fruendi
1570 1751 1785 1806 modum
1812 1793 1827 1819 ,
1857 1750 1945 1806 illo
1990 1767 2083 1806 re-

501 1848 625 1902 licto
655 1848 720 1901 ad
746 1847 909 1902 alium
937 1848 1251 1912 venissent;
1281 1847 1375 1902 sed
1405 1846 1565 1902 etiam
1588 1843 1728 1915 quod
1751 1854 1934 1914 Spreto
1956 1845 2045 1898 illo
2064 1886 2080 1913 ,

501 1941 591 2009 qui
620 1939 914 1994 secundum
944 1951 1188 1994 naturam
1216 1948 1364 2004 erat,
1416 1939 1484 1993 ad
1528 1938 1692 1992 alium
1721 1947 1906 1992 contra
1935 1947 2088 1992 natu-

503 2044 616 2083 ram
647 2029 1014 2099 confugerent.
1041 2030 1348 2084 Difliciliora
1375 2039 1553 2083 autem
1577 2037 1632 2083 et
1653 2029 1939 2098 ingratiora
1963 2037 2087 2082 sunt

504 2120 594 2172 illa
627 2129 808 2172 contra
836 2129 1119 2184 naturam;
1151 2121 1220 2173 ita
1262 2130 1320 2174 ttt
1361 2136 1465 2174 non
1511 2120 1713 2189 possint
1761 2121 2084 2189 voluptatem

507 2208 840 2278 praetendere
892 2226 907 2262 :
957 2211 1183 2278 genuina
1233 2211 1430 2279 quippe
1469 2211 1752 2280 voluptas,
1794 2210 2085 2264 secundum

507 2311 752 2355 naturam
776 2309 897 2365 est;
927 2301 1021 2355 sed
1052 2317 1172 2355 cum
1202 2301 1342 2354 Deus
1378 2300 1698 2370 tlerelinquit
1721 2342 1736 2364 ,
1778 2303 1955 2355 omnia
1997 2316 2088 2354 sus

505 2394 680 2463 deque
707 2402 1008 2447 vertuntur.
1043 2393 1168 2448 Ideo
1215 2409 1320 2446 non
1365 2393 1557 2462 dogma
1600 2401 1800 2446 tantum
1855 2394 2088 2463 ipsorum

504 2485 799 2541 satanieum
828 2495 946 2541 erat
965 2529 980 2553 ,
1011 2485 1104 2541 sed
1132 2488 1293 2540 etiam
1321 2485 1427 2538 vita
1458 2483 1741 2539 diabolica.
1771 2483 1901 2538 Cum
1935 2485 2092 2554 igitur

505 2579 572 2633 dc
623 2578 961 2648 dogmatibus
1013 2579 1344 2642 dissereret,
1399 2577 1656 2631 mundum
1704 2585 1760 2630 et
1807 2576 2090 2630 humanam

504 2679 737 2725 mentem
771 2672 820 2725 in
850 2671 1082 2725 medium
1128 2672 1348 2737 attulit,
1394 2670 1582 2734 dicens
1623 2685 1689 2724 ex
1739 2669 2014 2740 prudentia
2063 2685 2092 2723 a

510 2763 618 2816 Deo
636 2762 736 2815 sibi
761 2762 882 2816 data
912 2802 927 2828 ,
952 2763 1188 2831 potuisse
1215 2761 1462 2816 homines
1485 2778 1578 2830 per
1598 2761 1825 2814 visibilia
1848 2761 1912 2814 ad
1933 2759 2097 2814 Crea-

508 2862 676 2908 torem
735 2852 904 2908 duci:
949 2853 1250 2921 deindeque
1303 2853 1588 2918 nolentes,
1642 2852 1796 2907 venia
1849 2851 2096 2920 indignos

509 2943 786 2999 mansisse.
823 2945 919 2999 llic
965 2955 1142 2999 autem
1186 2943 1369 2998 mundi
1411 2944 1530 3000 loco
1585 2944 1945 3013 voluptatem,
1975 2957 2096 3010 qua:

508 3039 801 3090 secundum
835 3048 1079 3091 naturam
1111 3047 1233 3101 est,
1276 3038 1491 3107 posuit,
1533 3051 1636 3106 qua
1680 3043 1928 3107 poterant
1972 3050 2095 3089 cum

513 3126 764 3182 libertate
805 3143 868 3182 ac
893 3129 1079 3196 majori
1112 3128 1290 3182 laetitia
1323 3128 1465 3192 frui,
1503 3139 1664 3198 atque
1702 3144 1729 3181 a
1771 3126 2097 3196 turpitudine

513 3216 727 3271 liberari
754 3234 768 3283 ;
799 3218 894 3273 sed
921 3219 1202 3274 noluerunt
1230 3236 1246 3284 ;
1275 3219 1419 3273 unde
1443 3218 1512 3273 ab
1538 3219 1682 3272 omni
1711 3219 1863 3273 venia
1893 3218 2096 3274 exclusi

510 3317 672 3371 sunt,
703 3309 871 3377 ipsam
901 3319 1145 3364 naturam
1179 3308 1636 3365 debonestantcs:
1685 3309 1936 3380 quodque
1980 3318 2095 3362 tur-

511 3397 628 3466 pius
667 3407 786 3462 cst,
819 3414 938 3452 cum
984 3408 1038 3455 et
1081 3401 1332 3454 mulieres
1381 3416 1477 3456 eos
1520 3409 1839 3470 appeterent
1880 3401 2053 3454 coitus
2078 3441 2094 3464 .

513 3503 648 3558 quos
674 3504 794 3544 cum
835 3490 1024 3558 majori
1076 3491 1278 3560 pudore
1314 3491 1464 3547 adire
1508 3506 1603 3561 par
1650 3503 1801 3559 erat,
1849 3506 2006 3562 quant
2052 3492 2096 3546 si

513 3595 634 3633 eum
667 3581 796 3635 viris
821 3582 1097 3636 coiisseut.
1131 3583 1228 3637 llic
1253 3598 1381 3638 vero
1418 3583 1775 3639 admiratione
1822 3583 1976 3654 digna
2017 3593 2100 3638 est

513 3669 661 3725 Pauli
695 3672 973 3741 prudentia
1003 3712 1017 3734 ,
1049 3686 1159 3742 quo
1185 3682 1344 3742 pacto
1369 3687 1491 3726 cum
1525 3673 1576 3726 itt
1607 3689 1694 3727 res
1722 3673 1854 3728 duas
1881 3684 2097 3730 contra-

514 3759 622 3813 rias
651 3760 912 3816 incideret
935 3802 952 3825 ,
982 3771 1261 3831 utramque
1289 3777 1409 3817 cum
1435 3763 1581 3817 omni
1612 3763 1954 3820 accuratione
1981 3779 2105 3833 per-

516 3852 720 3909 fecerit.
763 3854 988 3910 Volebat
1031 3855 1174 3910 cniut
1218 3864 1275 3911 et
1331 3864 1476 3910 caste
1519 3855 1705 3926 loqui,
1757 3863 1812 3909 et
1855 3857 2102 3912 mordere

514 3946 810 4000 auditorem
844 3963 858 4001 :
887 3946 1002 4000 haec
1025 3956 1203 4001 autem
1232 3945 1392 4001 ambo
1415 3946 1589 4002 facere
1613 3963 1718 4000 non
1751 3947 1975 4013 licebat,
2005 3947 2100 4002 sed

514 4038 740 4090 alterum
770 4037 921 4091 alteri
949 4036 1236 4091 ofﬁciebat.
1265 4037 1320 4092 Si
1347 4038 1488 4090 enim
1515 4046 1664 4092 caste
1689 4037 1923 4105 lenuaris
1948 4076 1964 4101 ,
1994 4051 2100 4091 non

519 4128 717 4196 poteris
743 4128 1105 4198 perstringere
1129 4129 1427 4183 auditorem
1451 4145 1466 4194 ;
1496 4129 1579 4183 sin
1606 4128 1737 4183 velis
1759 4129 2105 4183 vehementer

520 4217 789 4273 incessere
813 4258 829 4282 ,
860 4234 974 4274 rem
1001 4260 1017 4284 ,
1044 4234 1205 4290 quam
1247 4218 1383 4274 dicis
1406 4259 1422 4284 ,
1446 4217 1586 4273 ttude
1612 4226 1669 4272 ct
1694 4220 1839 4273 clare
1865 4219 2105 4287 proferre

516 4311 743 4377 cogeris.
775 4307 971 4364 Verum
1000 4309 1236 4378 prudens
1263 4309 1348 4362 illa
1375 4316 1432 4362 et
1457 4317 1639 4362 sancta
1672 4309 1849 4362 auima
1891 4319 2102 4362 utrum-

517 4412 619 4467 que
643 4398 810 4466 potuit
831 4413 952 4453 cum
976 4399 1320 4453 accuratione
1341 4396 1518 4452 facere
1541 4437 1556 4462 ,
1587 4398 1640 4451 in
1659 4405 1862 4452 natura:
1887 4399 2106 4454 nomine

519 4497 574 4543 ct
601 4491 992 4546 accusationem
1025 4506 1226 4562 augens
1247 4531 1264 4557 ,
1313 4499 1367 4545 et
1402 4491 1552 4560 quasi
1576 4490 1854 4546 involucto
1873 4491 2105 4561 quodam

518 4579 608 4633 illo
635 4591 788 4637 utens
813 4623 828 4647 ,
859 4591 916 4637 ut
944 4592 1124 4637 castus
1149 4590 1295 4637 esset
1320 4581 1570 4651 loquendi
1602 4584 1816 4636 modus.

589 4669 770 4725 Libido
816 4683 993 4726 contra
1027 4683 1264 4727 naturam
1305 4673 1577 4728 horrenda.
1601 4701 1671 4713 --
1699 4673 1904 4729 Deinde
1955 4685 2104 4744 post-

515 4776 674 4830 quam
705 4762 961 4819 mulieres
988 4765 1217 4833 primutn
1247 4764 1639 4834 perstrinxerat
1663 4805 1680 4830 ,
1711 4763 1778 4819 ad
1809 4765 1955 4820 viros
1975 4781 2105 4836 pro-

516 4852 657 4906 cedit
686 4893 702 4918 ,
733 4853 920 4908 dicens
949 4870 963 4906 :
996 4855 1244 4910 Similiter
1286 4866 1334 4910 et
1382 4855 1599 4910 masculi
1619 4899 1634 4922 ,
1676 4857 1851 4910 relicto
1883 4859 2107 4912 naturali

515 4958 613 4996 usu
638 4944 883 5014 (sortium:
913 4945 1054 5012 quod
1083 4954 1340 5001 extrema:
1367 4947 1622 5016 perniciei
1653 4949 1963 5017 exemplum
1992 4957 2100 5015 est,

514 5050 637 5089 cum
670 5045 894 5106 uterque
921 5051 1084 5090 sexus
1108 5046 1392 5106 corruptus
1416 5047 1500 5093 est
1522 5079 1536 5102 ,
1566 5049 1621 5094 ct
1649 5039 1728 5094 vir
1749 5080 1764 5104 ,
1794 5054 1886 5108 qut
1909 5039 2105 5093 mulie-

515 5125 592 5179 ris
619 5127 873 5195 magister
897 5133 980 5179 est
1003 5128 1322 5182 constitutus
1347 5167 1366 5195 ,
1414 5137 1471 5183 et
1514 5128 1713 5184 femina
1737 5172 1750 5194 ,
1785 5145 1906 5198 qua:
1942 5129 2100 5199 adju-

519 5218 622 5273 trix
650 5217 750 5272 viri
781 5232 900 5277 esse
919 5217 1071 5288 jussa
1092 5226 1178 5282 est
1199 5259 1214 5283 ,
1243 5235 1362 5290 qua:
1389 5220 1726 5280 inimicorum
1749 5231 1912 5288 sunt,
1938 5222 2106 5276 utrin-

516 5325 622 5380 que
678 5321 863 5367 mutuo
912 5320 1096 5382 agunt.
1157 5311 1435 5382 Perpende
1491 5322 1670 5368 autem
1721 5330 1842 5368 cum
1902 5324 2101 5383 quanta

521 5400 764 5470 emphasi
808 5401 971 5458 verba
1011 5401 1284 5458 adhibeat.
1327 5402 1444 5457 Non
1489 5403 1631 5457 enim
1674 5403 1816 5458 dixit
1859 5403 2006 5473 ipsos
2047 5421 2108 5462 se

518 5502 704 5548 mutuo
733 5508 944 5549 amasse
972 5501 1028 5549 et
1053 5494 1465 5563 concupivisse;
1513 5493 1610 5548 sed
1631 5534 1650 5559 ,
1695 5494 2008 5549 Exarserunt
2054 5497 2106 5550 in

518 5581 782 5638 desideriis
805 5585 910 5639 suis
932 5585 984 5639 in
1011 5583 1242 5639 invicem.
1274 5582 1458 5639 Viden‘
1479 5593 1648 5640 totum
1674 5584 1836 5640 fuisse
1855 5599 1922 5640 ex
1945 5586 2106 5640 nimia

519 5675 951 5748 concupiscentia
979 5716 997 5745 ,
1021 5690 1140 5746 qua:
1167 5691 1272 5731 non
1300 5682 1505 5750 poterat
1534 5673 1671 5732 intra
1696 5673 1954 5741 terminos
1981 5690 2106 5731 suos

1592 258 1658 316 IN
1695 259 1910 318 EPIST.
1952 259 2044 316 AD
2079 257 2242 316 ROM.
2286 256 2516 316 HOMIL.
2558 259 2642 320 ιν.

3660 289 3768 344 418

2128 456 2133 460 .
2196 376 2496 431 contineri?
2518 376 2786 448 Quidquid
2800 379 2942 434 enim
2959 380 3171 437 excedit
3189 383 3338 454 leges
3357 399 3389 440 a
3419 387 3522 442 Deo
3543 371 3765 458 positas,

2185 467 2362 523 aliena
2413 469 2781 539 concupiscit,
2812 486 2913 527 nec
2941 481 3047 527 stat
3078 475 3130 528 in
3160 477 3466 533 constitutis
3497 482 3766 539 terminis.

2185 556 2334 611 Sicut
2353 557 2495 613 enim
2517 560 2668 614 multi
2689 574 2832 630 smpe
2857 602 2873 628 ,
2891 562 3081 618 relicto
3107 564 3480 623 alimentorum
3504 573 3767 640 appetitu,

2188 656 2384 703 terram
2413 659 2466 704 et
2493 650 2698 719 lapides
2729 667 2920 722 parvos
2957 655 3282 722 comedunt;
3324 669 3380 714 et
3423 661 3512 716 alii
3555 663 3765 719 ardenti

2186 742 2418 809 correpti
2445 743 2531 796 siti
2557 743 2770 806 ,.lutum
2795 744 3118 822 plerumque
3142 759 3397 818 appetunt
3428 770 3441 806 :
3483 755 3561 807 sic
3594 764 3647 809 et
3692 757 3768 812 illi

2189 830 2242 883 in
2269 846 2506 888 antorem
2537 834 2685 888 illum
2719 823 2957 905 iniquum
2984 852 3319 894 exarserunt.
3353 843 3505 910 Quod
3533 847 3580 899 si
3613 847 3768 902 dixe-

2188 921 2305 976 ris:
2337 924 2402 977 Et
2427 925 2566 980 unde
2606 926 2736 981 illud
2775 937 2981 983 tantum
3027 933 3474 1000 concupiscentia:
3511 950 3772 1008 augmen-

2189 1015 2341 1067 tum?
2398 1015 2475 1071 Ex
2517 1033 2620 1084 eo,
2671 1019 2812 1088 quod
2856 1021 2998 1076 Deus
3037 1022 3403 1094 dereliquerit.
3453 1027 3546 1082 Det
3591 1039 3769 1086 autem

2187 1105 2461 1162 derelictio
2490 1111 2670 1165 unde?
2702 1113 2775 1166 Ex
2808 1113 3085 1183 iniquitate
3115 1131 3299 1172 eorum
3323 1161 3338 1185 ,
3361 1119 3452 1189 qui
3473 1121 3773 1193 derelique-

2188 1207 2311 1250 rtmt
2329 1213 2452 1252 eum
2473 1217 2486 1253 :
2509 1200 2728 1256 Μασουιὶ
2752 1204 2804 1256 in
2827 1206 3078 1260 masculos
3100 1209 3464 1277 turpitudinem
3481 1225 3770 1282 operantes.

2258 1289 2311 1342 2.
2353 1290 2430 1346 Ne
2461 1293 2581 1362 quia
2614 1295 2850 1360 audisti,
2891 1297 3205 1354 Exarscrunt
3229 1343 3242 1366 ,
3289 1312 3440 1372 putes
3480 1306 3530 1360 in
3569 1322 3770 1362 concu-

2189 1381 2446 1450 piscentia
2476 1395 2676 1439 tantum
2709 1387 2825 1442 sisti
2853 1391 3096 1444 morbum
3124 1409 3138 1446 :
3165 1408 3286 1448 nam
3319 1404 3374 1448 ut
3400 1381 3681 1464 plut-imum
3705 1401 3773 1455 ab

2189 1487 2374 1526 eorum
2431 1473 2636 1544 ignavia
2690 1480 3000 1534 accenditur
3036 1486 3487 1554 concupiscentia.
3541 1489 3773 1561 ideoque

2191 1576 2295 1615 non
2323 1563 2493 1627 dixit,
2527 1565 2785 1621 Pertracti
2809 1609 2821 1630 ,
2852 1570 2934 1624 vel
2963 1571 3326 1643 Prmoccupati
3357 1617 3372 1640 ,
3411 1586 3468 1630 ιιι
3505 1579 3628 1634 alibi
3657 1583 3770 1646 ait,

2189 1652 2282 1705 sed
2314 1653 2482 1723 quid?
2511 1655 2811 1726 Operantes.
2845 1660 2901 1713 In
2926 1677 3060 1730 opus
3087 1662 3358 1720 deduxere
3382 1679 3654 1737 peccatum
3679 1689 3694 1738 ;
3720 1683 3774 1729 et

2191 1758 2295 1797 non
2324 1744 2495 1799 solum
2523 1746 2575 1800 in
2604 1762 2737 1816 opus
2761 1790 2777 1814 ,
2813 1749 2908 1805 sed
2935 1752 3094 1806 etiam
3116 1768 3238 1808 cum
3267 1759 3442 1812 studio
3463 1770 3517 1813 ct
3539 1760 3768 1816 fervore.

2189 1834 2298 1889 Nec
2339 1836 2509 1904 dixit,
2546 1839 3089 1910 Concupiscentiam;
3123 1845 3216 1901 sed
3249 1851 3495 1918 proprie,
3530 1851 3774 1923 Turpitu-

2190 1927 2358 1980 dinem
2386 1942 2406 1981 :
2431 1943 2551 1982 nam
2584 1941 2636 1983 et
2672 1941 2915 1987 naturam
2951 1933 3338 2006 deturparunt,
3369 1951 3424 1995 ct
3460 1941 3604 2012 leges
3641 1959 3775 1998 con-

2189 2019 2488 2074 culcavere.
2520 2021 2584 2075 Et
2620 2023 2741 2078 vide
2779 2025 3150 2082 confusionem
3192 2031 3412 2086 multam
3445 2049 3512 2090 ex
3553 2045 3778 2106 utraque

2195 2121 2342 2178 parte
2365 2120 2559 2167 ortam.
2581 2113 2766 2184 Neque
2786 2117 2946 2171 modo
2966 2119 3108 2173 cnim
3130 2131 3288 2190 caput
3315 2123 3522 2180 inferne
3545 2128 3775 2195 positum

2191 2211 2274 2255 est
2297 2243 2312 2265 ,
2348 2203 2440 2256 sed
2473 2205 2632 2258 etiam
2677 2207 2843 2275 pedes
2877 2223 3111 2276 superne
3133 2253 3150 2277 ,
3184 2223 3347 2283 atque
3385 2216 3584 2273 inimici
3614 2230 3668 2274 et
3694 2221 3778 2276 sui

2193 2301 2247 2347 et
2269 2303 2452 2349 mutuo
2478 2295 2600 2350 facti
2622 2306 2778 2363 sunt,
2799 2316 3013 2369 gravem
3038 2304 3321 2371 quamdam
3347 2347 3361 2371 ,
3387 2308 3776 2379 multiplicem,

2193 2385 2434 2452 variam,
2476 2403 2540 2443 ac
2576 2392 2767 2459 quovis
2817 2392 2959 2447 bello
2997 2395 3140 2450 civili
3188 2397 3505 2469 iniquiorem
3545 2419 3778 2475 pugnant

2196 2475 2529 2532 inducentes.
2561 2479 2771 2534 Etenim
2803 2484 2854 2534 in
2881 2494 3108 2553 quatuor
3129 2487 3272 2541 illam
3297 2491 3508 2559 species
3537 2511 3702 2550 vanas
3727 2505 3784 2550 rt

2157 2634 2159 2637 τ
2199 2565 2404 2634 iniquas
2429 2565 2726 2623 diviserunt
2750 2587 2763 2623 :
2793 2585 2897 2624 non
2925 2573 3066 2626 enim
3093 2573 3287 2645 duplex
3310 2589 3401 2633 aut
3425 2582 3616 2651 triplex
3640 2624 3656 2648 ,
3683 2585 3778 2638 sed

2198 2660 2359 2712 etiam
2387 2661 2714 2729 quadruplex
2739 2663 2840 2718 hoc
2862 2664 3056 2719 bellum
3086 2679 3222 2722 erat.
3255 2671 3531 2741 Perpende
3552 2687 3736 2732 autent
3765 2697 3777 2732 :

2198 2749 2478 2817 oportebat
2511 2750 2685 2817 duos,
2735 2753 2907 2808 virum
2958 2767 3013 2810 et
3060 2759 3372 2828 mulierem,
3413 2780 3574 2819 ttnttnt
3615 2783 3779 2823 esse:

2199 2854 2322 2892 nant
2351 2840 2426 2895 ait
2450 2881 2466 2907 ,
2498 2840 2669 2897 Erunt
2697 2843 2798 2896 duo
2827 2846 2879 2897 tu
2905 2862 3058 2900 carne
3083 2865 3185 2902 una
3216 2849 3235 2919 (
3261 2849 3387 2906 Gen.
3413 2853 3470 2910 2.
3491 2855 3561 2910 24
3580 2857 3620 2925 ).
3650 2857 3783 2914 lllttd

2201 2945 2361 2999 porro
2406 2931 2673 2988 efﬁciebat
2709 2935 2965 2989 consortii
3005 2940 3482 3012 concupiscentia,
3527 2958 3582 3002 et
3624 2964 3786 3004 sexus

2200 3032 2386 3076 mutuo
2407 3023 2683 3095 jungebat.
2730 3027 2839 3082 llac
2872 3036 3048 3083 autem
3080 3031 3288 3088 sublata
3316 3035 3560 3093 diabolus
3590 3055 3785 3098 concu-

2201 3113 2457 3183 piscentia
2483 3157 2497 3180 ,
2531 3126 2586 3171 et
2611 3118 2661 3172 in
2691 3119 2854 3172 alium
2884 3120 3099 3175 modum
3127 3123 3365 3180 derivata
3390 3169 3406 3194 ,
3447 3131 3525 3186 sic
3555 3145 3718 3188 sexus
3754 3153 3784 3188 a

2201 3214 2386 3258 mtttuo
2399 3210 2670 3260 consortio
2681 3206 2888 3276 divisit,
2904 3219 2958 3264 ct
2977 3210 3026 3264 id
3040 3211 3214 3266 eﬁ'ccit
3229 3253 3244 3278 ,
3261 3223 3319 3268 ut
3335 3219 3473 3286 quod
3493 3235 3657 3276 unum
3673 3234 3789 3276 crat

2201 3297 2318 3349 dum
2334 3306 2513 3351 essent
2537 3307 2712 3366 partes
2733 3340 2749 3365 ,
2770 3300 2927 3368 idque
2946 3310 3130 3356 contra
3156 3303 3249 3359 Dei
3274 3305 3477 3376 legent;
3504 3311 3616 3380 ipse
3639 3329 3790 3369 nam-

2201 3401 2306 3455 que
2331 3387 2466 3442 dixit
2491 3403 2506 3440 :
2543 3387 2705 3442 Erunt
2731 3390 2831 3443 duo
2852 3392 2902 3444 in
2925 3408 3077 3446 carne
3099 3411 3200 3448 una
3229 3410 3248 3450 :
3273 3397 3362 3452 ille
3391 3415 3520 3456 vero
3547 3419 3703 3457 uuam
3735 3407 3786 3458 in

2203 3477 2339 3532 duas
2365 3477 2563 3534 divisit.
2598 3480 2733 3535 Ecce
2761 3481 2952 3536 bellntn
2977 3499 3158 3538 untttn.
3188 3486 3499 3559 Rursusque
3526 3493 3622 3548 bas
3650 3493 3789 3549 duas

2205 3580 2406 3637 partes,
2431 3580 2488 3623 ut
2519 3569 2715 3626 bellum
2740 3582 2794 3627 et
2822 3573 2922 3627 sibi
2954 3574 3082 3642 ipsis
3107 3585 3158 3630 ct
3184 3589 3368 3633 mutuo
3398 3581 3671 3647 inferrent,
3705 3587 3789 3639 cf-

2205 3659 2334 3714 fecit
2363 3677 2378 3714 :
2412 3661 2662 3715 mulieres
2687 3663 2828 3716 enim
2855 3668 3230 3722 contumeliam
3261 3669 3563 3728 inferebant
3603 3677 3791 3732 mulie-

2205 3752 2371 3818 ribus,
2398 3767 2494 3807 nec
2519 3754 2678 3806 modo
2699 3754 2857 3817 viris;
2888 3757 2985 3810 viri
3009 3772 3219 3828 quoque
3241 3772 3426 3816 coatra
3450 3765 3592 3820 viros
3619 3768 3794 3822 insur-

2205 3852 2498 3909 rexerunt,
2549 3853 2604 3898 et
2651 3855 2838 3899 contra
2891 3846 3204 3903 muliebrem
3259 3840 3482 3917 sexum,
3535 3860 3684 3925 quasi
3734 3860 3791 3916 in

2205 3935 2432 4004 quadam
2474 3945 2732 3996 nocturna
2773 3952 2968 4008 pugna.
3000 3939 3243 3996 Vidistiu'
3272 3948 3567 4001 secundum
3595 3959 3648 4002 et
3679 3961 3793 4004 Ier-

2207 4028 2336 4080 tiuut
2375 4027 2607 4092 bellum;
2653 4029 2760 4083 imo
2788 4039 2843 4083 et
2867 4039 3114 4100 quartum
3141 4040 3194 4087 et
3219 4035 3500 4101 quintum?
3531 4038 3621 4090 Est
3645 4041 3790 4094 enim

2206 4126 2261 4172 et
2285 4116 2427 4169 aliud
2458 4133 2471 4168 :
2502 4133 2624 4171 nam
2653 4133 2773 4172 cum
2800 4119 3142 4186 supradictis,
3176 4121 3227 4172 in
3258 4121 3424 4186 ipsam
3452 4140 3663 4195 quoque
3691 4145 3790 4182 na-

2209 4216 2380 4261 turam
2413 4207 2591 4275 inique
2619 4217 2863 4276 egerunt.
2906 4207 3006 4263 Ubi
3045 4210 3175 4263 vidit
3205 4211 3345 4265 enim
3383 4212 3628 4271 diabolus
3654 4217 3794 4276 hanc

2208 4297 2691 4366 concupiscentiam
2718 4311 2879 4352 sexus
2905 4299 3135 4354 maxime
3158 4301 3409 4370 copulare
3427 4343 3445 4370 ,
3479 4305 3580 4362 hoc
3600 4311 3790 4364 vincu-

2211 4391 2318 4445 lum
2341 4388 2642 4445 discindere
2671 4389 2820 4445 nisus
2844 4397 2928 4444 est
2959 4407 2973 4444 :
3000 4390 3066 4443 ita
3091 4400 3144 4446 ut
3177 4408 3283 4446 non
3315 4404 3515 4450 tantum
3545 4413 3610 4453 ex
3641 4400 3791 4456 defe-

2209 4490 2297 4535 ctu
2344 4481 2566 4536 seminis
2610 4495 2779 4551 genus
2822 4479 3228 4548 dissolveretur,
3257 4484 3350 4539 sed
3392 4487 3551 4542 etiam
3591 4503 3656 4544 ex
3701 4506 3794 4560 eo,

2209 4573 2350 4644 quod
2379 4573 2573 4629 bellum
2596 4573 2696 4628 sibi
2723 4583 2908 4628 mutuo
2935 4574 3190 4630 inferrent
3213 4586 3265 4631 et
3285 4577 3692 4636 altercarentur.
3727 4584 3793 4638 Et

2210 4664 2503 4724 mercedem.
2526 4681 2676 4735 quam
2700 4665 2942 4736 aportuit,
2964 4666 3149 4721 erroris
3175 4668 3258 4721 sui
3285 4668 3339 4722 in
3363 4671 3646 4739 semetipsis
3674 4674 3794 4727 reci-

2210 4757 2419 4826 pientes.
2452 4755 2584 4811 Vide
2609 4754 2878 4826 quomodo
2903 4772 3113 4811 rursum
3134 4758 3201 4812 ad
3226 4758 3424 4815 fontem
3448 4763 3572 4816 mali
3593 4764 3796 4830 veniat,

2211 4850 2536 4918 impietatem
2564 4863 2755 4917 nempe
2771 4863 2832 4904 ex
2858 4848 3222 4919 dogmatibus;
3251 4859 3307 4905 et
3328 4851 3464 4906 banc
3486 4854 3794 4911 mercedem

2209 4956 2329 4995 esse
2356 4940 2484 4994 dicit
2523 4940 2814 5009 iniquitatis
2851 4940 3010 4994 illius.
3042 4941 3177 5006 Quia
3202 4931 3343 4996 enim
3371 4943 3437 4998 de
3465 4944 3708 5012 geltcnna
3735 4959 3796 5000 et

2211 5031 2475 5100 SllppIiCiO
2516 5030 2761 5099 loquens,
2813 5031 2988 5100 impiis
3029 5040 3084 5085 ct
3121 5031 3227 5086 vita
3269 5032 3449 5087 vivere
3491 5034 3799 5092 volentibus

2213 5138 2316 5174 non
2346 5119 2623 5174 videbatur
2649 5135 2788 5174 nunc
2815 5118 2919 5174 ﬁde
2946 5119 3138 5192 dignus
3158 5136 3297 5186 esse,
3325 5116 3433 5176 imo
3462 5124 3641 5192 potius
3666 5125 3798 5181 ridi-

2211 5210 2382 5277 culus,
2406 5208 2638 5264 ostendit
2663 5209 2715 5264 in
2738 5209 2852 5281 ipsa
2881 5210 3152 5281 voluptate
3181 5211 3283 5266 hoc
3299 5213 3620 5282 supplicium
3650 5231 3790 5272 esse.

2211 5299 2362 5368 Quod
2393 5299 2438 5354 si
2458 5298 2510 5354 id
2540 5315 2646 5354 non
2675 5300 2934 5369 sentiant,
2965 5300 3072 5356 imo
3100 5302 3200 5356 sibi
3232 5301 3500 5370 placeant,
3529 5320 3598 5361 ne
3628 5306 3794 5363 mire-

2214 5391 2286 5446 ris
2320 5409 2333 5446 :
2369 5406 2489 5446 nam
2526 5388 2764 5446 furentes
2805 5400 2857 5446 et
2901 5391 2994 5460 qui
3033 5391 3334 5462 pbrenitide
3369 5394 3510 5463 capti
3555 5406 3700 5462 sunt,
3732 5412 3797 5454 se

2213 5482 2439 5536 multum
2467 5480 2724 5536 laedentes
2758 5488 2808 5534 ct
2851 5481 3175 5535 miserabilia
3205 5482 3482 5550 facientes,
3510 5485 3636 5542 dum
3657 5488 3795 5542 alio-

2216 5589 2330 5628 rum
2373 5572 2636 5641 lacrymas
2668 5571 2938 5635 excitant,
2972 5569 3147 5627 rident
3173 5587 3237 5627 ac
3262 5572 3332 5629 de
3359 5576 3522 5642 gestis
3551 5591 3580 5630 a
3606 5592 3666 5632 se
3695 5577 3791 5632 lae-

2225 5679 2424 5724 tantur.
2457 5664 2562 5723 Sed
2594 5681 2699 5722 non
2727 5662 2849 5722 ideo
2873 5663 3101 5722 dicimus
3127 5665 3246 5724 illos
3272 5683 3300 5723 a
3326 5671 3590 5751 supplicio
3616 5682 3797 5752 exem-
