4122 6150
501 288 605 344 M9

496 417 636 478 ptes,
664 407 758 463 sed
804 407 923 464 ideo
964 409 1016 463 in
1059 408 1302 478 graviore
1343 410 1539 466 damno
1573 422 1628 468 et
1665 429 1818 483 poena
1847 417 2070 483 versari,

491 497 615 568 quia
651 514 756 568 quo
783 499 835 553 in
869 508 1013 554 statu
1041 500 1149 554 sint
1177 501 1439 556 nesciunt.
1474 502 1588 557 Non
1614 505 1756 559 enim
1782 505 1851 560 ab
1877 507 2034 577 aegris
2054 548 2070 575 ,

491 588 584 643 sed
606 604 637 643 a
658 589 1091 645 benevalentibus
1115 590 1377 646 calculum
1406 593 1529 649 ferri
1556 605 1767 664 Oportet
1792 613 1805 650 :
1831 599 2073 667 quando-

488 680 702 749 quidem
733 680 1025 751 antiquitus
1052 698 1140 738 res
1167 686 1292 738 etin
1316 686 1484 755 legem
1514 704 1668 743 versa
1694 689 1993 757 videbatur,
2019 700 2073 746 et

486 770 703 838 quidam
732 772 1006 842 legislator
1033 775 1171 843 apud
1200 775 1318 829 illos
1343 776 1611 844 jusserat,
1642 793 1709 834 ne
1736 781 1855 850 quis
1882 796 2072 838 servus

484 861 625 929 apud
655 862 774 917 illos
804 862 888 916 vel
920 865 1169 918 unctione
1197 866 1337 920 sicca
1369 876 1607 922 uteretur
1629 869 1731 939 (a),
1763 871 1845 924 vel
1880 888 2071 941 pueros

483 960 727 1017 amaret;
757 952 941 1009 liberis
976 963 1178 1008 tantum
1209 955 1347 1010 hanc
1379 961 1788 1028 prmrogativam
1811 1000 1826 1025 ,
1860 962 1940 1015 vel
1968 978 2067 1033 po-

483 1043 587 1098 tius
625 1044 761 1098 hanc
802 1046 1184 1115 turpitudinem
1212 1048 1534 1104 concedens.
1574 1052 1824 1105 Attamen
1853 1053 1926 1105 illi
1958 1069 2063 1107 non

482 1135 862 1203 turpitudinem
908 1153 1028 1193 esse
1067 1139 1350 1206 putabant;
1395 1140 1488 1193 snd
1529 1156 1642 1195 rem
1690 1142 1968 1198 honestam
2010 1154 2065 1200 et

479 1227 771 1294 majorem,
814 1244 969 1295 quam
1024 1228 1187 1283 ferret
1232 1244 1512 1285 servorum
1553 1233 1831 1297 conditio,
1879 1234 2061 1291 liberis

476 1317 621 1371 illam
645 1327 1028 1373 concesserunt
1055 1335 1069 1374 :
1100 1329 1151 1373 et
1180 1320 1281 1375 hoc
1307 1322 1740 1389 sapientissimus
1769 1322 2063 1379 Athenien-

475 1407 613 1462 sium
645 1409 888 1478 pepulns,
920 1418 974 1464 et
1000 1425 1221 1479 magnus
1256 1411 1395 1479 apud
1439 1411 1557 1467 illos
1597 1412 1781 1468 Solon.
1826 1414 1890 1469 Et
1926 1416 2059 1472 alios

473 1516 684 1570 quoque
714 1502 908 1555 multos
936 1501 1371 1570 phiIOSOphorum
1398 1504 1564 1559 libros
1592 1504 1695 1560 hoc
1725 1506 1912 1561 morbo
1940 1507 2055 1576 ple-

474 1609 570 1646 nos
613 1595 847 1663 reperias
876 1612 890 1648 :
924 1610 1097 1664 neque
1133 1604 1306 1649 tamen
1347 1596 1467 1651 ideo
1497 1612 1609 1651 rem
1641 1612 1762 1653 esse
1799 1608 2053 1653 statutam

469 1685 715 1747 dicimus,
744 1685 838 1739 sed
874 1700 986 1750 eos,
1017 1686 1106 1755 qui
1143 1686 1282 1741 hanc
1314 1701 1568 1756 accepere
1605 1689 1798 1759 legem,
1829 1690 2053 1746 miseros

467 1784 522 1829 et
553 1776 805 1846 Eacrymis
834 1776 1024 1845 dignos
1058 1792 1177 1832 esse
1204 1779 1405 1835 multis.
1438 1780 1638 1835 Eadem
1678 1782 1820 1836 enim
1862 1782 1913 1836 hi
1956 1799 2052 1852 pa-

467 1870 688 1932 tiuntur,
719 1885 838 1938 qua:
863 1869 1118 1925 mulieres
1147 1871 1499 1939 fornicantes;
1532 1874 1640 1927 imo
1676 1882 1732 1929 et
1769 1874 2051 1929 miserabi-

463 1962 614 2016 liora.
646 1962 857 2017 Illarum
882 1964 1025 2019 enim
1055 1965 1246 2029 coitus,
1278 1966 1379 2022 etsi
1406 1966 1730 2036 illegitimus,
1755 1968 2048 2023 secundum

432 2082 435 2083 ν
460 2067 703 2112 naturam
737 2068 911 2113 tamen
939 2068 1049 2122 est;
1085 2060 1171 2114 hic
1197 2075 1326 2115 vero
1351 2069 1405 2115 et
1440 2060 1746 2131 illegitimus
1777 2070 1832 2117 et
1861 2073 2044 2118 contra

459 2158 726 2206 naturam.
758 2149 979 2204 Etiamsi
1001 2150 1143 2205 enim
1164 2165 1263 2205 nec
1282 2150 1525 2221 gehenna
1547 2162 1713 2219 esset,
1737 2168 1835 2209 nec
1855 2155 2048 2223 snppli—

456 2242 523 2295 cii
549 2242 915 2309 comminatio,
940 2242 1042 2297 hoc
1068 2243 1211 2296 omni
1241 2244 1502 2312 supplicio
1526 2244 1677 2314 pejus
1698 2255 1861 2301 esset.
1892 2246 2043 2313 Quod

455 2331 498 2385 si
532 2333 582 2386 id
611 2333 741 2401 ipsis
767 2334 992 2401 placeat,
1020 2344 1364 2403 augmentum
1393 2337 1643 2406 supplicii
1670 2354 1856 2395 narras
1887 2341 2037 2394 mihi.

454 2420 636 2491 Neque
662 2423 827 2489 enim,
850 2424 894 2477 si
923 2440 1079 2493 quem
1104 2425 1337 2480 viderem
1371 2426 1572 2482 nudum
1598 2440 1899 2486 currentem
1931 2440 2042 2486 toto

454 2529 681 2582 corpore
710 2515 967 2570 foedatum
1008 2532 1072 2570 ex
1115 2513 1244 2581 iuto,
1274 2534 1371 2574 nec
1411 2520 1615 2589 pudore
1643 2522 1912 2590 all‘ectum,
1943 2526 2037 2581 sed

451 2605 553 2659 sibi
593 2607 981 2673 gralulantem,
1011 2610 1312 2678 gratularer
1335 2621 1389 2665 et
1414 2627 1515 2683 ego
1544 2614 1643 2683 ipsi
1675 2633 1687 2669 :
1723 2616 1830 2671 imo
1859 2620 2036 2686 potius

446 2694 594 2749 illum
625 2697 958 2766 deplorarem
978 2742 991 2763 ,
1022 2700 1164 2769 quod
1193 2717 1298 2757 non
1332 2703 1445 2774 ipse
1472 2707 1696 2761 sentiret
1721 2723 1781 2763 se
1807 2712 2035 2780 turpiter

446 2802 622 2855 agere.
659 2789 723 2843 Ut
746 2797 924 2845 autem
949 2793 1326 2849 contumeliam
1353 2795 1737 2854 evidentiorem
1769 2800 1990 2857 reddam
2012 2845 2028 2872 ,

447 2879 601 2933 liceat
626 2880 753 2934 mihi
780 2881 921 2936 aliud
950 2883 1099 2938 vobis
1124 2887 1431 2954 exemplum
1462 2887 1675 2944 afferre.
1703 2889 1757 2946 Si
1786 2893 1905 2962 quis
1927 2894 2033 2948 vir-

441 2971 618 3040 ginem
644 2972 695 3025 in
726 2973 958 3027 thalamo
986 2987 1284 3031 versantem
1306 2977 1602 3045 damnaret,
1631 2992 1688 3037 ut
1714 2998 1835 3038 cum
1860 2986 2030 3042 brutis

440 3063 765 3117 animalibus
788 3067 1251 3131 commisceretur,
1281 3070 1368 3123 illa
1396 3087 1525 3126 vero
1555 3073 1606 3127 in
1637 3075 1726 3127 tali
1758 3078 1900 3131 coitu
1929 3078 2026 3133 de-

444 3151 735 3207 lectaretur
762 3171 775 3206 :
808 3170 984 3210 annon
1022 3156 1143 3212 ideo
1180 3159 1430 3230 laerymis
1457 3162 1669 3233 dignior
1692 3176 1854 3231 esset,
1882 3170 2025 3238 quod

439 3259 545 3297 non
576 3253 756 3313 posset
775 3245 842 3300 ab
870 3246 971 3301 hoc
1002 3249 1189 3303 morbo
1216 3249 1450 3317 liberari,
1470 3254 1578 3308 imo
1599 3271 1700 3311 nec
1727 3257 1875 3313 illum
1901 3274 2026 3316 sen-

439 3335 575 3389 tire?
616 3335 669 3389 Id
710 3346 856 3391 certe
889 3340 1086 3394 nemini
1111 3356 1215 3394 non
1244 3342 1417 3411 palam
1444 3353 1546 3400 est.
1579 3338 1635 3402 Si
1660 3358 1834 3403 autem
1862 3365 2023 3419 grave

439 3426 567 3478 illud
594 3427 683 3491 sit,
710 3428 812 3482 hoc
835 3443 940 3483 non
970 3431 1147 3485 minus
1172 3448 1333 3501 grave
1359 3450 1377 3492 :
1406 3450 1527 3490 nam
1551 3452 1580 3491 a
1611 3440 1722 3493 suis
1743 3450 2021 3498 contume-

434 3517 502 3571 lia
529 3518 687 3583 afﬁci,
717 3522 1073 3577 miserabilius
1114 3536 1224 3591 est,
1263 3542 1419 3595 quam
1449 3530 1517 3585 ab
1547 3532 1751 3588 alienis.
1782 3535 1892 3592 Hos
1918 3553 2019 3607 ego

433 3608 732 3665 homicidiis
776 3614 988 3681 pejores
1028 3615 1149 3671 dico
1188 3634 1201 3672 :
1236 3619 1430 3675 melius
1478 3626 1675 3694 quippe
1720 3637 1802 3682 est
1846 3632 2014 3698 mori,

428 3715 588 3769 quam
618 3702 697 3756 sic
722 3706 1041 3760 contumelia
1068 3708 1314 3765 affectum
1337 3712 1537 3770 vivere.
1565 3716 1843 3775 llomicida
1871 3722 2013 3777 enim

426 3793 661 3846 animam
702 3808 731 3846 a
762 3802 987 3867 corpore
1033 3809 1278 3869 separat;
1327 3802 1411 3860 hic
1446 3821 1574 3862 vero
1615 3811 1845 3865 animam
1889 3828 2011 3869 cum

422 3898 652 3952 corpore
702 3887 892 3954 perdit.
938 3889 1007 3943 Et
1053 3890 1428 3964 quodcumque
1466 3898 1667 3954 dixeris
1710 3914 2007 3973 peccaturo,

423 3990 529 4029 non
570 3977 775 4046 mqttale
803 3978 1003 4035 dixeris
1034 3982 1155 4038 huic
1188 3985 1451 4055 iniquitati
1486 4010 1500 4044 :
1533 3999 1587 4045 et
1617 3994 1659 4045 si
1692 3993 1744 4059 ii,
1775 3996 1865 4065 qui
1896 3998 2008 4054 haec

422 4065 711 4133 patiuntur,
755 4069 831 4123 rei
883 4084 1100 4124 sensum
1146 4073 1423 4143 haberent,
1461 4080 1653 4137 millies
1690 4085 1823 4139 mori
1864 4102 2005 4155 pra:-

419 4165 684 4224 Optarcnt,
718 4175 787 4215 ne
816 4159 917 4216 hoc
947 4172 1280 4232 paterentur.

488 4251 539 4305 5.
572 4250 710 4305 Nihil
734 4262 833 4315 est,
859 4255 991 4309 nihil
1014 4257 1194 4327 utique
1215 4268 1297 4314 est
1323 4260 1421 4318 hac
1440 4268 1760 4323 contumelia
1791 4271 2003 4325 irratio-

417 4341 644 4395 nabilius
673 4353 726 4398 et
767 4348 1001 4414 gravius.
1043 4349 1096 4403 Si
1130 4354 1271 4406 enim
1300 4352 1368 4409 de
1394 4354 1743 4415 fornicatione
1778 4362 2000 4432 loquens

416 4430 635 4498 I‘aulus,
663 4433 879 4489 diccbat
909 4454 923 4491 :
958 4436 1119 4491 Omne
1146 4453 1428 4510 peccatum,
1461 4450 1808 4521 quodcumque
1828 4430 1999 4523 fecerit

412 4522 581 4588 homo,
605 4534 748 4578 extra
768 4543 950 4595 corpus
972 4538 1076 4591 est;
1100 4531 1186 4599 qui
1205 4548 1319 4586 vero
1340 4536 1641 4605 fornicatur,
1662 4542 1713 4593 in
1735 4547 1999 4613 proprium

406 4632 591 4687 corpus
621 4629 792 4687 peccat
819 4621 896 4688 (l.
923 4620 1041 4674 (.‘or.
1072 4622 1124 4676 6.
1157 4625 1295 4693 l8);
1329 4627 1454 4696 quid
1485 4629 1777 4688 dixerimus
1802 4636 1870 4690 de
1896 4637 1996 4693 hac

407 4709 633 4775 illSaDitt,
665 4726 784 4778 qua:
825 4720 970 4765 tanto
1005 4712 1240 4769 deterior
1266 4726 1349 4772 est
1377 4718 1728 4779 fornicatione
1748 4767 1762 4792 ,
1793 4742 1994 4798 quanto

403 4800 507 4853 dici
547 4801 766 4869 nequit?
796 4801 977 4871 Neque
1003 4805 1143 4859 enim
1176 4807 1276 4861 hoc
1309 4819 1513 4867 tantum
1546 4813 1699 4883 dico,
1736 4821 1876 4888 quod
1908 4822 1992 4876 fa-

400 4899 519 4944 ctus
545 4892 619 4945 sis
644 4892 856 4960 mulier,
881 4895 975 4949 sed
998 4898 1155 4953 etiam
1181 4900 1323 4971 quod
1349 4917 1530 4961 cesses
1551 4922 1670 4964 esse
1692 4912 1791 4978 vir,
1819 4929 1991 4987 neque

392 4991 633 5037 'mutatns
676 4986 751 5037 sis
796 4985 846 5039 in
896 4987 1048 5043 istam
1090 5002 1359 5060 naturam,
1396 5011 1569 5067 neque
1612 5000 1757 5058 illam
1799 5021 1987 5065 serves

397 5088 555 5139 quam
602 5073 869 5140 habuisti;
921 5078 1016 5133 sed
1067 5083 1342 5155 utriusque
1395 5093 1695 5148 communis
1746 5097 1987 5164 proditor

394 5162 616 5216 effectus
644 5164 753 5225 sis,
795 5174 850 5219 et
888 5166 1080 5237 dignus
1114 5174 1204 5240 qui
1239 5190 1268 5229 a
1306 5177 1438 5233 viris
1465 5188 1521 5235 et
1548 5162 1861 5242 mulieribus
1886 5204 1984 5245 ex-

395 5254 610 5321 pellaris
657 5265 710 5309 et
757 5256 1049 5325 lapideris,
1096 5272 1280 5333 utpote
1329 5271 1419 5338 qui
1464 5280 1749 5346 utrumque
1795 5295 1981 5337 sexum

392 5346 582 5415 injuria
612 5348 877 5407 all'cceris.
919 5353 985 5407 Et
1030 5363 1087 5409 ut
1122 5356 1328 5414 ediscas
1354 5372 1612 5430 quantum
1654 5367 1755 5424 hoc
1794 5372 1901 5427 sit:
1934 5376 1979 5430 si

389 5440 508 5507 quis
551 5442 813 5499 accedens
858 5445 1078 5501 olferret
1123 5449 1234 5517 tibi,
1264 5466 1324 5507 se
1350 5468 1415 5509 ex
1455 5455 1674 5515 homine
1708 5468 1761 5516 te
1790 5477 1977 5520 canem

388 5547 507 5588 esse
530 5532 811 5603 facturum,
839 5554 1016 5594 annon
1041 5541 1186 5596 illum
1211 5552 1271 5598 ut
1296 5547 1651 5614 perniciosum
1675 5552 1980 5624 effugeres?

428 5665 503 5746 (ξι)
529 5667 695 5746 uncti'q
716 5670 1005 5746 siccaextra
1031 5675 1506 5746 batnea_s_t_tm_ebatur
1528 5686 1591 5738 ab
1622 5688 1825 5743 athletis
1850 5700 1899 5746 et
1927 5694 1972 5746 in

388 5724 627 5783 palaestra.
656 5726 771 5779 Πίος
796 5744 915 5781 vero
938 5748 1096 5787 servis
1116 5724 1482 5801 prohibe—bantur:

1240 290 1297 346 S.
1335 292 1616 352 JOANNlS
1651 298 2120 361 CllRYSOSTOMl
2159 307 2475 373 ARClllEP.
2515 320 3047 388 CONSTANTINOP.

2004 5515 2047 5541 κ

3671 354 3777 412 ιξο

2178 422 2339 495 Atqui
2386 438 2439 486 te
2483 449 2588 489 non
2635 453 2823 498 canem
2861 460 2929 500 ex
2969 446 3185 507 homine
3214 451 3419 526 fecisti,
3451 463 3545 517 sed
3572 474 3770 528 animal

2177 526 2311 569 eane
2358 518 2515 591 longe
2551 526 2708 582 vilius
2737 548 2750 583 :
2775 532 2924 589 canis
2970 540 3168 609 quippe
3214 546 3361 602 utilis
3401 518 3504 615 est,
3533 559 3771 617 amasios

2181 616 2309 659 vero
2349 609 2417 663 ad
2461 612 2595 669 nihil
2643 620 2806 676 utilis.
2840 623 2978 691 Quid
3008 639 3209 697 autem,
3242 650 3426 704 quaeso
3467 609 3536 707 te,
3576 609 3767 718 si

2180 698 2598 759 comminaretur
2625 709 2939 770 eﬂ‘ecturum
2970 732 3030 773 se
3059 730 3118 774 ut
3146 723 3244 778 viri
3275 740 3556 799 parerent,
3587 698 3764 794 animo

2179 783 2258 841 ira
2287 792 2655 860 repleremur?
2682 803 2751 857 At
2773 821 2915 864 nunc
2937 825 3063 867 ecce
3086 813 3242 886 longe
3268 824 3513 889 graviora
3540 826 3760 899 faciunt,

2175 970 2454 1029 mulierem
2479 985 2695 1051 mutari,
2715 996 2769 1041 et
2791 989 2958 1046 virum
2980 1008 3285 1056 manentem
3306 1006 3584 1063 mulierem
3610 1012 3758 1080 fieri;

2172 1055 2298 1159 imo
2324 1078 2498 1135 neque
2541 1070 2644 1128 hoc
2685 1092 2859 1148 neque
2903 1082 3055 1140 illud.
3099 1055 3756 1159 Quodsi

2171 1154 2299 1207 tanti
2329 1160 2747 1229 magnitudinem
2771 1171 2910 1228 scire
2937 1178 3090 1245 velis,
3122 1181 3390 1256 interroga
3422 1204 3519 1245 cur
3538 1192 3753 1264 legisla-

2168 1249 2313 1300 tores
2348 1252 2571 1316 puniant
2608 1257 2763 1327 illos,
2800 1265 2890 1334 qui
2929 1271 3205 1329 eunuchos
3234 1249 3468 1346 faciunt;
3498 1292 3552 1337 et
3581 1249 3755 1344 disces

2165 1349 2270 1390 non
2294 1338 2395 1394 alia
2418 1342 2484 1397 de
2513 1361 2694 1415 causa,
2724 1369 2881 1422 quam
2910 1362 3051 1428 quod
3081 1374 3328 1423 naturam
3359 1375 3673 1432 exscindaut
3700 1391 3753 1435 ct

2162 1426 2423 1485 minuant.
2454 1434 2611 1506 Atqui
2636 1440 2711 1494 illi
2736 1460 2841 1499 non
2866 1456 3069 1506 tantum
3096 1454 3301 1524 injuria}
3326 1461 3590 1531 inferunt;
3626 1486 3746 1525 nam

2161 1522 2368 1575 exsecti
2415 1523 2491 1578 illi
2540 1529 2853 1605 plerumque
2899 1552 3020 1609 post
3060 1522 3387 1606 excisionem
3433 1558 3587 1615 utiles
3630 1561 3745 1617 fue-

2159 1617 2283 1661 runt
2316 1626 2329 1662 :
2360 1613 2473 1668 viro
2499 1628 2673 1674 autem
2702 1625 2755 1678 in
2789 1633 3127 1689 meretricem
3169 1653 3432 1698 converso
3462 1648 3595 1702 nihil
3624 1652 3742 1705 iuu-

2160 1698 2303 1754 tilius
2334 1702 2535 1762 fuerit:
2569 1726 2744 1782 neque
2784 1722 2927 1776 enim
2969 1724 3144 1781 anima
3190 1732 3397 1799 solum,
3439 1738 3536 1792 sed
3581 1742 3740 1797 etiam

2156 1805 2352 1863 corpus
2379 1798 2475 1853 viri
2519 1802 2637 1856 talia
2684 1811 2847 1876 passi,
2883 1813 3173 1883 ignominia
3203 1798 3416 1889 plenum
3446 1839 3545 1892 est,
3576 1842 3630 1885 et
3658 1834 3739 1886 di-

2155 1896 2314 1982 gnum
2342 1890 2484 1957 quod
2513 1894 2745 1966 undique
2769 1903 3017 1970 pellatur.
3049 1910 3186 1975 Quot
3208 1917 3463 1982 gehenna:
3489 1890 3592 1975 illis
3618 1926 3732 1978 suf-

2153 1973 2371 2031 ficient?
2400 1979 2454 2035 Si
2473 1998 2603 2038 vero
2622 1988 2921 2057 gehennam
2944 2000 3163 2057 audiens
3189 2006 3327 2063 rides
3351 2020 3404 2064 et
3423 2011 3729 2072 incredulos

2152 2080 2231 2131 es,
2253 2073 2535 2129 recordare
2559 2078 2695 2147 ignis
2716 2081 2861 2139 illius
2891 2088 3246 2151 Sodomorum
3280 2114 3294 2152 :
3319 2101 3542 2159 vidimus
3563 2109 3727 2174 enim,

2149 2158 2377 2216 vidimus
2402 2175 2458 2219 et
2484 2167 2537 2221 in
2565 2178 2814 2239 prtesenti
2846 2180 2951 2234 vita
2977 2185 3236 2253 gehenna:
3267 2190 3570 2263 imaginem.
3599 2201 3732 2266 Quia

2147 2252 2288 2306 enim
2322 2258 2469 2310 multi
2496 2260 2581 2323 iis,
2613 2280 2731 2332 qua:
2759 2277 3207 2334 resurrectionem
3230 2296 3541 2354 sequentur,
3572 2292 3729 2347 fidem

2146 2340 2378 2399 habituri
2410 2364 2519 2404 non
2550 2365 2720 2420 erant,
2762 2375 2902 2417 nunc
2937 2366 3215 2425 audientes
3255 2373 3433 2443 ignem
3468 2379 3728 2437 inexstiu-

2143 2435 2397 2503 guibilem
2443 2456 2599 2509 esse,
2645 2446 2782 2504 Deus
2820 2453 2939 2510 illos
2972 2472 3001 2510 a
3041 2465 3395 2528 praisentibus
3435 2469 3502 2524 ad
3544 2486 3727 2529 sanam

2143 2537 2379 2583 mentem
2424 2532 2655 2591 reduxit.
2700 2540 2844 2597 Talis
2887 2546 3047 2617 igitur
3074 2563 3155 2606 est
3184 2554 3539 2615 Sodomorum
3586 2564 3721 2634 ignis

2141 2625 2196 2672 et
2248 2619 2551 2680 incendium
2598 2646 2612 2683 :
2657 2641 2707 2685 et
2764 2635 2939 2692 sciunt
2991 2641 3089 2707 illi,
3121 2647 3208 2713 qui
3262 2664 3329 2703 eo
3380 2667 3441 2708 se
3485 2658 3727 2713 contule-

2139 2722 2283 2778 runt,
2310 2724 2364 2769 et
2386 2718 2593 2789 plagam
2618 2723 2761 2795 illam
2786 2727 3042 2788 divinitus
3069 2735 3360 2796 innuissam
3382 2755 3434 2799 et
3457 2761 3724 2817 superno-

2136 2818 2256 2858 rum
2303 2806 2581 2868 fulminum
2630 2831 2767 2886 opus
2814 2822 3079 2881 viderunt.
3125 2829 3310 2900 Cogita
3344 2806 3607 2905 quantum
3652 2844 3725 2898 sit

2135 2910 2433 2969 peccatum,
2464 2908 2601 2975 quod
2630 2911 2714 2966 vel
2744 2923 2868 2971 ante
2898 2926 3106 2990 tempus
3129 2925 3427 2994 gehennam
3459 2948 3721 3004 apparere

2133 2997 2391 3065 coegerit.
2433 2999 2564 3068 Quia
2604 3006 2748 3060 enim
2792 3010 2939 3066 multi
2984 3016 3142 3071 verba
3189 3019 3277 3074 illa
3316 2997 3716 3098 despiciebant,

2128 3087 2387 3153 gehennae
2427 3091 2708 3163 imaginem
2751 3114 2890 3156 novo
2926 3105 3086 3161 modo
3126 3113 3360 3168 ostendit
3400 3117 3508 3173 illis
3554 3120 3712 3177 Deus.

2132 3175 2339 3233 Etenim
2384 3185 2643 3252 stupenda
2686 3200 2801 3245 erat
2844 3194 3016 3262 pluvia
3064 3199 3182 3265 illa,
3232 3205 3354 3272 quia
3403 3208 3577 3265 coitus
3624 3213 3715 3269 ille

2128 3278 2324 3335 printer
2348 3282 2592 3330 naturam
2621 3290 2764 3346 erat;
2810 3294 2862 3337 et
2904 3284 3179 3344 inundavit
3209 3301 3404 3350 terram
3433 3299 3555 3369 quia
3589 3302 3710 3355 illo-

2126 3372 2244 3412 rum
2276 3363 2437 3417 etiam
2467 3368 2675 3425 animas
2700 3377 3132 3446 concupiscentia
3164 3383 3533 3447 inundaverat.
3582 3393 3707 3453 Ideo

2123 3457 2495 3513 consuetudini
2523 3466 2790 3521 contraria
2821 3481 2936 3524 erat
2967 3472 3140 3541 pluvia
3169 3494 3182 3529 :
3211 3494 3315 3534 non
3356 3483 3519 3538 modo
3560 3489 3703 3543 enim

2124 3550 2280 3599 terrze
2303 3549 2507 3606 viscera
2546 3570 2651 3610 non
2683 3561 2943 3617 'exeitavit
2983 3566 3052 3620 ad
3096 3568 3301 3627 fructus
3327 3577 3699 3649 proferendos,

2118 3635 2211 3689 sed
2242 3637 2383 3692 illam
2412 3642 2478 3696 ad
2518 3648 2779 3704 seminum
2824 3657 3217 3723 susceptionem
3251 3664 3484 3734 ineptam
3514 3671 3698 3727 reddi-

2115 3726 2211 3781 dit.
2245 3729 2386 3787 Talis
2410 3736 2552 3790 enim
2580 3748 2697 3793 erat
2720 3742 2892 3798 coitus
2921 3748 3157 3805 virorum
3187 3752 3237 3807 in
3267 3762 3405 3811 terra
3432 3759 3699 3817 Sodomo-

2114 3836 2268 3892 rum,
2306 3828 2411 3883 tale
2445 3844 2640 3899 eorpus
2683 3834 2923 3892 inutilius
2962 3842 3208 3899 reddens.
3254 3847 3392 3913 Quid
3417 3856 3558 3907 enim
3581 3856 3697 3910 viro

2111 3920 2446 3974 meretricem
2473 3925 2649 3991 agenti
2681 3930 3062 3987 exsecrabilius
3086 3944 3139 3989 et
3164 3937 3446 3996 infamius?
3474 3944 3523 4000 Ο
3546 3946 3694 4001 furo-

2111 4006 2261 4060 rem!
2317 4023 2350 4062 ο
2407 4017 2716 4080 stuporem!
2773 4019 3053 4085 Quomodo
3102 4026 3215 4083 haec
3263 4035 3691 4105 concupiscentia

2106 4110 2343 4165 grassata
2390 4112 2509 4168 est,
2549 4121 2668 4174 qua:
2709 4108 2993 4168 humanam
3035 4127 3275 4175 naturam
3313 4127 3463 4192 quasi
3509 4128 3690 4185 hostes

2104 4186 2245 4241 bello
2291 4190 2521 4259 invasit;
2574 4197 2682 4251 imo
2733 4200 2976 4259 hostibus
3017 4208 3144 4275 ipsis
3187 4220 3337 4268 tanto
3378 4218 3684 4288 molestior,

2103 4290 2304 4349 quanto
2332 4286 2507 4339 anima
2540 4290 2729 4345 melior
2759 4303 2840 4348 est
2868 4303 3132 4366 corpore?
3160 4302 3318 4360 Oves
3341 4307 3681 4367 irrationabi-

2101 4369 2243 4425 libus
2288 4373 2802 4449 irrationabiliores,
2862 4396 2916 4440 et
2958 4391 3179 4449 canibus
3223 4393 3681 4464 impudentiores!

2100 4461 2369 4533 Nusquam
2415 4470 2554 4524 enim
2599 4474 2737 4541 apud
2781 4477 2900 4533 illos
2946 4482 3066 4536 talis
3105 4486 3313 4553 coitus,
3357 4492 3451 4546 sed
3496 4505 3681 4549 natura

2097 4568 2225 4609 suos
2256 4560 2511 4614 terminos
2540 4569 2791 4632 agnovit;
2823 4585 2918 4625 vos
2935 4588 3061 4627 vero
3083 4592 3251 4645 genus
3273 4591 3506 4638 vestrum
3534 4589 3682 4656 igno-

2096 4642 2254 4700 bilius
2280 4648 2532 4706 effecistis
2572 4669 2666 4723 per
2705 4657 2951 4727 injuriam
2994 4642 3213 4721 tamam.
3258 4670 3534 4729 Undenam
3553 4642 3680 4732 lucc

2095 4745 2211 4790 orta
2238 4748 2362 4793 sunt
2391 4744 2570 4798 mala?
2596 4747 2637 4800 A
2667 4749 2940 4819 voluptate
2959 4795 2973 4820 ,
3006 4756 3072 4810 ab
3100 4773 3165 4813 eo
3192 4761 3332 4829 quod
3370 4764 3536 4819 Deum
3570 4784 3677 4823 non

2093 4836 2491 4900 cognosceretis
2516 4853 2528 4891 :
2556 4853 2675 4892 eum
2706 4843 2846 4896 enim
2875 4845 3089 4913 quidam
3129 4850 3246 4919 ejus
3286 4853 3533 4911 timorem
3561 4858 3673 4928 eje-

2090 4922 2285 4989 cerint,
2317 4928 2496 4982 omnia
2518 4928 2731 4986 demum
2764 4935 2897 4989 bona
2926 4940 3158 4995 avolant.

2160 5013 2216 5066 4.
2259 5014 2337 5071 Ne
2363 5017 2520 5086 igitur
2554 5021 2605 5075 id
2647 5024 2853 5079 accidat
2874 5066 2890 5093 ,
2923 5028 3167 5085 timorem
3200 5033 3292 5089 Dei
3322 5037 3534 5093 assidue
3565 5056 3671 5110 prre

2086 5104 2258 5158 oculis
2287 5104 2596 5164 habeamus.
2623 5111 2759 5168 Nihil
2787 5118 2950 5186 enim,
2987 5121 3118 5176 nihil
3146 5124 3215 5177 ita
3250 5124 3523 5183 hominem
3553 5147 3672 5201 pcr-

2086 5194 2191 5260 dit,
2225 5207 2281 5252 ut
2311 5213 2431 5253 cum
2471 5216 2501 5255 a
2548 5202 2637 5257 tali
2676 5206 2874 5262 excidit
2918 5224 3134 5280 ancora,
3181 5230 3356 5286 neque
3402 5219 3473 5274 ita
3521 5221 3669 5277 illum

2084 5296 2297 5354 servat,
2331 5299 2391 5344 ut
2415 5292 2459 5345 si
2490 5304 2748 5364 perpetuo
2776 5298 2901 5354 illuc
2932 5304 3267 5371 respiciatur.
3311 5308 3443 5363 Nam
3486 5312 3530 5365 si
3576 5314 3671 5367 ho-

2082 5379 2280 5434 minem
2306 5397 2415 5451 praa
2438 5386 2608 5440 oculis
2638 5387 2914 5459 habentes,
2940 5399 3213 5465 segniores
3239 5414 3425 5456 sumus
3445 5403 3510 5457 ad
3543 5420 3670 5474 pee-

2078 5482 2198 5525 cata
2239 5472 2601 5544 admittenda;
2648 5479 2755 5535 imo
2798 5485 2996 5552 saepius
3040 5485 3269 5545 famulos
3308 5472 3669 5551 modestiores

2079 5572 2406 5632 reverentes,
2431 5567 2563 5623 nihil
2583 5570 2802 5627 absurdi
2826 5574 3070 5645 facimus,
3092 5581 3262 5650 cogita
3292 5593 3488 5652 quanta
3520 5586 3665 5641 frue-

2078 5669 2198 5709 mur
2227 5658 2516 5716 securitate
2536 5700 2552 5727 ,
2582 5663 2628 5715 si
2656 5663 2822 5720 Deum
2853 5682 2962 5736 pra:
2987 5670 3155 5727 oculis
3184 5672 3492 5731 habeamus.
3523 5676 3663 5731 Nus-

2073 5764 2232 5821 quam
2256 5752 2397 5808 enim
2426 5767 2524 5810 nos
2550 5755 2798 5815 diabolus
2836 5761 2905 5816 ita
2945 5762 3165 5822 allectos
3195 5768 3429 5837 invadet,
3480 5780 3661 5843 inpete
