4144 6146
332 286 450 349 ιιι

339 409 575 467 παλαιὸν
604 409 700 466 καὶ
725 407 883 474 νόμοι,
916 402 1054 461 εἶναι
1081 404 1142 459 τὸ
1177 405 1408 476 πρᾶγμα
1437 403 1630 466 ἐδόκει,
1661 401 1754 455 καὶ
1781 396 2003 469 νομοθέ-

338 517 446 570 της
472 517 556 563 τις
587 498 716 569 παρ’
743 496 925 559 αὑτοῖς
947 494 1164 556 οἰκέτας
1189 491 1444 545 ἐκέλευσε
1476 491 1613 561 μήτε
1658 484 2003 558 ξηραλοιφεῖν

344 589 483 658 μήτε
548 584 956 655 παιδεραστεῖν,
1009 579 1123 643 τοῖς
1172 577 1477 646 ἐλευθέροις
1528 577 1627 646 τῆς
1681 571 2002 658 προεδρείας

342 655 753 740 παραχωρήσας
803 664 1031 735 ταύτης,
1089 662 1289 735 μᾶλλον
1336 662 1393 714 δὲ
1445 661 1542 729 τῆς
1594 655 2001 729 ἀσχημοσύνης.

355 757 495 810 Ἀλλ’
518 758 664 826 ὅμως
688 755 788 808 οὑκ
812 753 1069 822 ἐνόμισαν
1089 747 1474 819 ἀσχημοσύνην
1496 744 1636 801 εἶναι
1657 748 1717 799 τὸ
1747 744 2003 815 πρᾶγμα,

339 845 460 897 ἀλλ’
490 843 565 907 ὡς
596 841 791 912 σεμνὸν
818 841 911 892 καὶ
944 836 1128 907 μεῖζον
1155 836 1188 905 ἦ
1215 837 1337 889 κατ’
1367 835 1594 888 οἰκετῶν
1624 832 1863 900 ἀξίωμα,
1893 831 2006 892 τοῖς

340 931 644 1002 ἐλευθέροις
693 927 1032 998 ἐπέτρεψανο
1090 924 1183 977 καὶ
1229 923 1387 976 τοῦτο
1430 923 1458 974 0
1509 919 1862 988 σοφώτατοςι
1898 914 2006 969 τῶν

352 1001 652 1088 Ἀθηναίων
684 1016 873 1085 δῆμος,
900 1012 996 1066 καὶ⁵
1020 1013 1048 1066 0
1085 1010 1259 1081 μέγας
1287 1006 1417 1080 παρ’
1450 1008 1631 1070 αὑτοῖς
1659 1005 1856 1058 Σόλων.
1897 1001 2007 1056 Καὶ

336 1108 506 1177 ἕτερα
540 1106 596 1159 δὲ
637 1103 807 1157 πολλὰ
843 1101 952 1154 τῶν
997 1098 1304 1170 φιλοσόφων
1356 1096 1535 1168 βιϐλία
1581 1095 1784 1164 ταύτης
1830 1093 1893 1146 ἀν
1924 1106 2007 1153 τις

336 1195 496 1265 εὖροι
514 1194 751 1264 γέμοντα
777 1193 874 1261 τῆς
903 1190 1079 1244 νόσου·
1104 1188 1216 1242 ἀλλ’
1234 1189 1294 1241 οὑ
1320 1185 1408 1239 διὰ
1436 1186 1592 1238 τοῦτο
1620 1179 2007 1252 νενομισμένον

336 1279 483 1335 εἶναι
515 1281 577 1333 τὸ
607 1276 839 1349 πρᾶγμά
866 1293 1065 1347 φαμεν,
1094 1274 1229 1328 ἀλλά
1256 1274 1347 1327 καί
1375 1273 1501 1335 τοὺς
1526 1271 1618 1323 τὸν
1652 1269 1814 1338 νόμον
1854 1267 2007 1334 δεξαο

345 1370 543 1439 μένους
575 1366 762 1419 τοῦτον
794 1364 1057 1426 ἐλεεινοὺς
1090 1362 1184 1416 καί
1220 1359 1470 1432 δακρύων
1499 1355 1681 1423 ἀξίους
1715 1351 1851 1408 εἶναι
1879 1353 2008 1406 πολ-

337 1454 472 1508 λῶν.
509 1456 575 1508 ’Δ
602 1453 712 1523 γάρ
738 1453 791 1505 αἰ
819 1450 1209 1522 πορνευόμεναι
1251 1448 1517 1517 πάσχουσι
1549 1442 1701 1516 [457]
1731 1443 2005 1510 γυναῖκες,

336 1542 516 1595 ταῦτα
543 1541 639 1595 καὶ
660 1535 827 1594 οὗτοι·
850 1538 1048 1610 μᾶλλον
1079 1537 1135 1589 δέ
1161 1536 1385 1589 ἐκείνων
1406 1531 1731 1603 ἀθλιώτερα.
1753 1531 1884 1592 Ταῖς
1910 1527 2006 1598 μέν

338 1630 456 1700 γὰρ
493 1632 541 1682 εἰ
575 1629 666 1683 καὶ
690 1627 1024 1698 παράνομος,
1069 1623 1206 1678 ἀλλά
1233 1621 1372 1676 κατὰ
1404 1620 1567 1691 φύσιν
1595 1621 1629 1681 ἡ
1671 1616 1841 1688 μίξις·
1866 1614 2006 1684 αὕτη

336 1717 401 1770 δὲ
433 1717 526 1770 καὶ
560 1716 896 1784 παράνομος,
928 1713 1023 1765 καί
1051 1711 1199 1782 παρά
1231 1709 1411 1778 φύσιν.
1453 1707 1517 1760 Εἰ
1556 1704 1664 1774 γὰρ
1700 1703 1774 1774 μὴ
1813 1701 2007 1770 γέεννα

335 1800 432 1875 ἦν,
458 1804 589 1874 μηδέ
610 1802 828 1866 κόλασις
847 1799 1129 1870 ὴπείλητο,
1153 1795 1310 1850 τοῦτο
1330 1795 1512 1865 πάσης
1535 1791 1809 1854 κολάσεως
1824 1791 2007 1861 χεῖρον

337 1890 432 1965 ἧν.
462 1895 525 1948 Εἰ
554 1893 609 1946 δὲ
641 1893 876 1963 ἥδονται,
906 1889 1003 1959 τὴν
1035 1886 1353 1957 προσθήκην
1383 1900 1474 1954 μοι
1499 1882 1675 1950 λέγεις
1710 1878 1811 1949 τῆς
1836 1894 2006 1965 τιμωε

343 1982 489 2053 ρίας,
522 1979 657 2033 Οὑδέ
679 1979 787 2047 7&9
820 1975 875 2029 ετ
907 1992 1030 2029 τινα
1050 1970 1188 2027 εἶδον
1216 1971 1422 2053 γυμνὸν
1450 1968 1733 2041 τρέχοντα,
1762 1964 2005 2036 βορϐόρῳ

340 2052 406 2121 τὸ
442 2067 601 2135 σῶμα
645 2060 1133 2133 ἀνακεχρωσμένον
1161 2057 1336 2123 ἅπαν,
1371 2052 1492 2109 εἷτα
1527 2057 1628 2109 οὑκ
1669 2052 2006 2121 ἐγκαλυπτό-

347 2169 530 2222 μενον,
571 2150 703 2202 ἀλλά
731 2149 823 2201 καί
851 2144 1409 2213 ἐγκαλλωπιζόμενον,
1444 2141 1713 2213 συνήσθην
1738 2140 1803 2194 ἂν
1835 2137 2004 2207 αὐτῷ,

340 2239 483 2292 ἀλλὰ
503 2239 596 2292 καὶ
622 2236 818 2307 μᾶλλον
849 2235 914 2288 ἂν
936 2234 1097 2287 αὑτὸν
1124 2232 1422 2302 ὲθρήνησα,
1445 2232 1525 2284 ὃτι
1551 2230 1671 2284 οὑδὲ
1692 2229 2007 2284 αἰσθάνεται

340 2323 691 2395 ἀσχημονῶν.
739 2322 856 2375 Ἵνα
888 2320 946 2373 δὲ
993 2321 1087 2373 καὶ
1125 2318 1464 2390 σαφεστέραν
1495 2316 1653 2382 δείξω
1687 2316 1784 2387 τὴν
1815 2316 2005 2386 ὕϐριν,

339 2412 645 2482 ἀνάσχεσθέ
669 2427 768 2480 μου
796 2410 890 2462 καὶ
919 2407 1105 2479 ἐτέρου
1134 2405 1598 2477 παραδείγματος.
1632 2405 1695 2456 Εἰ
1725 2403 1833 2474 γὰρ
1868 2419 2009 2473 παρ-

342 2502 498 2554 θένον
541 2515 626 2562 τις
658 2494 979 2550 κατεδίκασε
1025 2492 1476 2563 θαλαμευομένην
1524 2490 1738 2558 ἀλόγοις
1782 2491 2009 2562 μιγῆναι

342 2585 525 2649 ζώοις,
557 2582 673 2638 εἶτα
701 2585 857 2654 ἥδετο
882 2583 1065 2652 ἐκείνη
1092 2584 1158 2652 τῇ
1189 2579 1359 2651 μίξει,
1387 2580 1446 2633 ού
1477 2579 1565 2632 διά
1589 2577 1747 2631 τοῦτο
1779 2577 2010 2649 μάλιστα

342 2673 597 2743 δακρύων
626 2668 692 2743 ἦν
722 2671 868 2736 ἀξία,
901 2671 980 2723 ὅτι
1015 2668 1135 2722 ούδέ
1167 2667 1547 2738 ἀπαλλαγῆναι
1575 2666 1674 2736 τῆς
1699 2664 1853 2719 νόσου
1881 2664 2011 2718 ταύ-

341 2777 447 2830 της
477 2758 706 2827 ἡδύνατο
734 2756 811 2826 τῷ
843 2757 977 2827 μηδὲ
1004 2754 1354 2810 αἰσθάνεσθαι
1380 2757 1478 2824 τῆς
1499 2753 1679 2818 νόσους
1707 2752 1875 2805 Παντί
1908 2768 2009 2803 που

340 2848 502 2917 δῆλόν
549 2850 715 2900 ἐστιν.
747 2847 808 2898 Εἰ
838 2846 894 2898 δὲ
936 2847 1110 2898 ἐκεῖνο
1147 2843 1401 2913 χαλεπὸν,
1431 2841 1552 2895 οὐδὲ
1596 2840 1755 2892 τοῦτο
1791 2837 2011 2892 ἔλαττον

340 2935 575 2989 ἐκείνου’
602 2934 661 2987 τὸ
685 2933 792 3004 γάρ
818 2932 922 2985 ὑπὸ
946 2932 1054 2984 τῶν
1075 2931 1287 2984 οἰκείων
1315 2927 1631 2998 ὑϐρίζεσθαι
1655 2925 2010 2999 ἐλεεινότερον

338 3024 441 3077 τοῦ
472 3023 621 3093 παρά
650 3021 758 3074 τῶν
795 3020 1115 3091 ἀλλοτρίων.
1144 3016 1380 3081 Τούτους
1408 3015 1517 3085 ἐγὼ
1544 3015 1637 3069 καὶ
1670 3013 2011 3085 ἀνδροφόνων

339 3112 567 3182 χείρους
604 3104 743 3162 εἷναί
777 3124 937 3178 φημι·
976 3112 1072 3160 καὶ
1108 3106 1216 3177 γὰρ
1246 3105 1451 3176 βέλτιον
1484 3103 1807 3164 ἀποθανεῖν,
1851 3102 1884 3173 ἢ
1912 3102 2012 3173 ζῇν

344 3195 708 3267 ὑϐριζόμενον
736 3193 929 3258 οὕτως.
986 3186 1044 3248 Ὀ
1080 3194 1178 3263 μὲν
1209 3195 1318 3263 γὰρ
1351 3191 1674 3262 ἀνδροφόνος
1702 3189 1800 3262 τὴν
1833 3188 2010 3260 ψυχὴν

341 3286 459 3339 ἀπὸ
491 3284 584 3337 τοῦ
617 3282 869 3353 σώματος
907 3280 1210 3353 διέρρηξεν,
1239 3276 1393 3343 οὗτος
1424 3278 1481 3332 δέ
1518 3278 1617 3348 τὴν
1650 3276 1826 3347 ψυχὴν
1871 3276 2012 3347 μετά

336 3371 443 3424 τοῦ
476 3370 724 3440 σώματος
762 3367 1027 3422 ἀπώλεσε.
1059 3367 1169 3421 Καὶ
1202 3367 1339 3437 ὅπερ
1370 3365 1436 3419 ἂν
1472 3364 1649 3426 εἴποις
1679 3364 2006 3433 ἁμάρτημα,

340 3458 500 3511 οὑδέν
526 3456 639 3509 ἴσον
663 3456 807 3527 ἐρεῖς
832 3455 929 3524 τῆς
958 3453 1305 3524 παρανομίας
1324 3452 1548 3523 ταύτης⁶
1570 3452 1665 3504 καὶ
1695 3453 1743 3503 εἰ
1771 3450 2013 3521 ἐπῃσθά-

342 3561 503 3600 νοντο
527 3543 633 3596 τῶν
660 3541 958 3611 γινομένων
984 3542 1034 3593 οἱ
1063 3540 1366 3610 πάσχοντες
1385 3578 1401 3603 ,
1443 3539 1671 3610 μυρίους
1699 3537 1765 3592 ἂν
1788 3536 2009 3591 κατεδέ-

345 3633 510 3699 ξαντο
536 3631 815 3695 θανάτους,
845 3630 986 3684 ῶστε
1017 3630 1093 3701 μὴ
1120 3629 1276 3683 τοῦτο
1305 3629 1517 3683 παθεῖν.

425 3797 494 3858 γ’.
511 3788 587 3843 Οὐ
611 3789 716 3859 γάρ
738 3787 909 3850 ἐστιν,
941 3785 1040 3841 οὑκ
1077 3785 1192 3839 ἔστι
1211 3785 1415 3856 ταύτης
1448 3784 1546 3855 τῆς
1572 3783 1781 3854 ὕϐρεως
1807 3781 2013 3847 ἀλογώ-

342 3881 509 3950 τερόν
539 3895 600 3931 τε
632 3878 726 3931 καὶ
766 3874 1166 3947 χαλεπώτερον.
1208 3874 1269 3927 Εἰ
1308 3874 1416 3944 γὰρ
1453 3873 1584 3945 περί
1612 3871 1865 3942 πορνείας
1894 3870 2010 3924 δια-

343 3966 643 4035 λεγόμενος
671 3966 698 4016 0
735 3961 945 4025 Παῦλος
967 3960 1173 4030 ἔλεγεν,
1197 3961 1278 4015 ὅτι
1308 3959 1438 4015 Πᾶν
1472 3957 1867 4028 ἁμάρτημα,·ὃ
1903 3955 2014 4013 ἐὰν

345 4050 580 4116 ποιήσῃ
618 4048 947 4115 ἄνθρωπος.
980 4046 1153 4112 ἐκτὸς
1192 4045 1299 4100 τοῦ
1336 4043 1609 4114 σώματός
1649 4045 1840 4097 ἐστιν’
1875 4047 1909 4098 ό
1944 4044 2012 4099 δὲ

346 4132 659 4200 πορνεύων
675 4133 760 4194 εἰς
777 4130 842 4182 τὸ
865 4128 1018 4181 ἴδιον
1037 4127 1208 4197 σῶμα
1238 4127 1576 4197 ἁμαρτάνει·
1595 4126 1648 4179 τί
1669 4128 1736 4180 ἀν
1763 4126 2013 4197 εἴποιμεν

346 4221 483 4289 περὶ
515 4218 612 4285 τῆς
645 4217 841 4287 μανίας
869 4215 1096 4287 ταύτης,
1127 4216 1160 4286 ἢ
1194 4213 1449 4268 τοσοῦτον
1477 4213 1734 4285 πορνείας
1756 4213 1784 4253 ι)
1814 4214 2014 4285 χείρων

348 4306 524 4363 ἐστὶν,
554 4306 675 4358 ὅσον
706 4305 824 4357 οὐδὲ
854 4303 998 4355 ἐστιν
1026 4304 1232 4367 είπεῖν;
1262 4299 1396 4354 Οὐδὲ
1427 4300 1534 4369 7&9
1557 4298 1714 4352 τοῦτο
1741 4299 1883 4367 λέγω
1916 4299 2013 4369 μό-

346 4410 464 4455 νον,
496 4391 578 4443 ὅτι
607 4390 836 4460 γέγονας
865 4389 1023 4459 γυνὴ,
1060 4387 1173 4441 ἀλλ’
1205 4388 1287 4440 ὅτι
1326 4385 1617 4451 ἀπώλεσας
1656 4386 1748 4438 καὶ
1779 4385 1841 4437 τὸ
1874 4380 2012 4438 εῖναι

348 4478 515 4548 ἀνὴρ,
548 4480 641 4529 καί
667 4476 790 4531 οὗτε
822 4478 902 4539 εἰς
931 4474 1136 4543 ταύτην
1169 4471 1435 4543 μετέστης
1464 4472 1561 4543 τὴν
1593 4471 1772 4541 φύσιν,
1801 4468 1922 4524 οῦτε
1949 4471 2014 4539 ἣν

350 4561 500 4634 εἶχες
531 4563 853 4634 διετήρησας
873 4603 887 4622 ,
923 4561 1058 4614 ἀλλά
1091 4559 1271 4621 κοινὸς
1307 4557 1572 4628 ἑκατέρας
1601 4556 1787 4624 ἐγένου
1820 4557 2014 4629 προδό-

351 4666 455 4719 της
474 4691 488 4715 ,
516 4651 605 4703 καὶ
637 4650 784 4719 παρά
823 4647 1031 4716 ἀνδρῶν
1061 4647 1154 4700 καὶ
1181 4643 1456 4714 γυναικῶν
1492 4643 1640 4709 ἄξιος
1671 4642 2011 4710 ἐλαύνεσθαι,

354 4736 453 4791 καὶ
474 4735 890 4801 καταλεύεσθαι,
923 4735 1019 4788 ἆτε
1052 4735 1312 4806 ἑκάτερον
1334 4731 1598 4802 ἀδικήσας
1620 4730 1682 4784 τὸ
1701 4731 1875 4799 γένος.
1905 4731 2016 4785 Καὶ

353 4825 444 4878 ἵνα
488 4824 665 4894 μάθῃς
709 4821 895 4894 ἡλίκον
924 4820 1081 4874 τοῦτό
1112 4823 1279 4884 ἐστιν,
1331 4819 1385 4872 εἴ
1419 4836 1502 4882 τις
1536 4818 1707 4872 ἐλθὼν
1743 4818 2014 4888 ἐπηγγέλ-

355 4909 479 4963 λετο
519 4910 577 4977 ἐξ
609 4908 910 4982 ἀνθρώπων
936 4906 1076 4962 κύνα
1114 4910 1285 4960 ποιεῖν
1324 4923 1405 4974 σε,
1441 4902 1550 4979 ἄρα
1579 4907 1678 4959 οὐκ
1723 4904 1790 4959 ἀν
1820 4904 1895 4968 ὡς
1925 4905 2016 4957 λυ-

360 4998 540 5067 μεῶνα
569 4997 802 5065 ἐφυγεςς
851 4993 990 5046 Ἀλλ’
1019 4993 1127 5046 ἰδοὺ
1153 4994 1212 5047 οὑ
1241 4992 1379 5047 κύνα
1401 4992 1460 5056 ἐξ
1489 4991 1788 5065 ἀνθρώπων
1819 4993 2015 5046 σαυτὸν

358 5083 650 5153 ἐποίησας,
680 5080 817 5137 ἀλλά
844 5080 904 5132 τὸ
927 5080 1117 5132 τούτου
1150 5080 1286 5143 ζῶον
1316 5080 1637 5151 ἀτιμότερον
1659 5097 1670 5110 ·
1706 5081 1882 5134 ἐκεῖνο
1916 5079 2015 5150 μὲν

358 5171 464 5240 7&9
514 5172 592 5234 εἰς
636 5168 830 5240 χρῆσιν
865 5165 1193 5236 ἐπιτήδειον,
1239 5168 1267 5219 0
1312 5166 1368 5219 δὲ
1414 5165 1729 5237 ἡταιρηκὼς
1776 5167 2014 5238 οὐδαμοῦ

359 5258 641 5328 χρήσιμος.
676 5255 740 5308 Τί
770 5253 846 5318 δέ,
878 5253 999 5306 εἰπέ
1040 5269 1149 5322 μοι,
1185 5254 1239 5306 εῖ
1259 5271 1344 5316 τις
1372 5255 1587 5324 ἠπείλει
1616 5258 1788 5307 ποιεῖν
1812 5254 2015 5307 τίκτειν

361 5343 552 5413 ἄνδρας
581 5344 675 5397 καὶ
698 5340 1035 5413 λοχεύεσθαι,
1054 5340 1154 5392 οὑκ
1173 5341 1239 5392 ἂν
1262 5340 1611 5410 ἐπλήσθημεν
1636 5340 1841 5411 θυμοῦ;
1874 5340 2014 5394 Ἀλλ’

363 5428 468 5483 ἰδοὺ
516 5429 612 5483 νῦν
659 5426 1015 5500 χαλεπώτερα
1074 5427 1300 5489 ἑαυτοὺς
1354 5429 1784 5498 κατειργάσαντο
1839 5429 1889 5480 οἱ
1946 5429 2017 5484 τά

369 5515 579 5569 τοιαῦτα
620 5515 955 5578 λυττῶντες*
991 5512 1050 5567 οὑ
1101 5513 1210 5583 γάρ
1249 5514 1395 5565 ἐστιν
1429 5514 1541 5566 ἴσον
1581 5516 1661 5577 εἰς
1700 5515 2016 5582 γυναικείαν
2058 5505 2090 5545 ’

366 5602 685 5668 μεταϐαλεῖν
706 5602 886 5672 φύσιν,
918 5601 1011 5655 καὶ
1043 5602 1273 5672 μένοντα
1301 5600 1467 5672 ἄνδρα
1488 5601 1739 5668 γενέσθαι
1763 5605 2015 5672 γυναῖκα,

372 5844 392 5879 ι
425 5791 628 5879 ῗιῇιὶυε,
754 5792 894 5879 τοῦξΙο
916 5796 1414 5879 ξτεέτρεψενιὸροξῴτ.
1482 5799 1506 5839 ι)
1526 5798 1680 5862 Alius,
1711 5802 2011 5863 παρανομίας.

418 5851 532 5911 Alii.
555 5855 814 5916 νομοθέται.
840 5858 931 5905 Καὶ
953 5851 1120 5918 διὸίτίς
1153 5859 1222 5906 Δι’
1249 5851 1398 5909 οὐδέν.

1523 285 1587 341 IN
1619 284 1837 342 EPIST.
1874 280 1966 336 AD
1997 276 2164 336 R031.
2201 278 2438 339 HOMIL.
2477 282 2566 340 17.

3658 284 3764 339 320

2108 393 2307 465 μᾶλλον
2338 396 2395 451 δὲ
2435 399 2571 468 μήτε
2616 396 2774 453 τοῦτο
2813 398 2951 469 μήτε
2996 398 3191 456 ἐκεῖνο.
3236 398 3301 455 Εἰ
3339 400 3400 458 δέ
3447 401 3626 475 βούλει
3669 408 3766 462 καὶ

2106 482 2370 554 ἑτέρωθεν
2405 487 2599 556 μαθεῖν
2640 487 2733 541 τοῦ
2777 488 2950 542 κακοῦ
2991 487 3090 560 τὴν
3125 489 3449 562 ὑπερϐολὴν,
3486 493 3765 566 ἐρώτησον

2105 573 2250 637 τίνος
2296 573 2480 628 ἕνεκεν
2527 576 2652 640 τοὺς
2690 576 2978 647 εὐνούχους
3023 576 3311 642 ποιοῦντας
3355 579 3675 644 κολάζουσιν
3712 586 3763 639 οἰ

2103 661 2412 733 νομοθέται,
2447 664 2542 717 καὶ
2577 664 2728 736 εἴση.
2764 667 2844 720 ὅτι
2878 665 2946 718 δι’
2986 666 3139 720 οὐδὲν
3172 677 3196 705 α
3233 667 3418 738 ἕτερον
3453 670 3689 736 πάντως,
3726 673 3762 745 ἢ

2103 749 2185 803 ὅτι
2219 750 2318 822 τὴν
2346 750 2508 819 φύσιν
2545 752 3040 823 ἀκρωτηριάζουσι.
3072 755 3264 808 Καίτοι
3289 771 3351 824 γε
3377 755 3526 809 οὐδὲν
3549 758 3765 812 ἀδικοῦο

2107 853 2192 889 σιν
2213 839 2407 892 ἐκεῖνοι
2441 836 2589 910 [458]
2621 838 2894 893 τοσοῦτον⁸
2930 840 3172 908 ἐγένοντο
3196 841 3304 914 γὰρ
3334 844 3382 896 οἱ
3413 843 3763 916 ἀκρωτηρια-

2109 923 2327 988 σθέντες
2354 923 2381 964 ἀ
2414 926 2506 979 καὶ
2536 924 2676 995 μετά
2706 927 2796 980 τὸν
2822 927 3283 999 ἀκρωτηριασμὸν
3339 929 3611 1002 πολλαχοῦ
3634 933 3767 1003 χρη-

2108 1029 2254 1083 σιμοι
2273 1029 2287 1045 ⁸
2314 1011 2602 1085 ἀνθρώπου
2632 1013 2687 1065 δέ
2710 1016 3153 1086 πεπορνευμένου
3181 1017 3334 1070 οὑδέν
3366 1018 3765 1090 ἀχρηστότερον

2104 1098 2298 1167 γένοιτ’
2342 1099 2408 1153 ἀν
2429 1115 2442 1129 ·
2476 1100 2538 1152 οὑ
2574 1098 2680 1171 7&9
2723 1102 2756 1171 ὴ
2799 1099 2946 1172 ψυχὴ
2994 1101 3176 1171 μόνον,
3216 1102 3354 1157 ἀλλά
3389 1105 3483 1159 καὶ
3518 1105 3579 1159 τὸ
3607 1106 3765 1177 σῶμα

2103 1183 2198 1236 τοῦ
2229 1184 2298 1237 τά
2340 1184 2564 1239 τοιαῦτα
2597 1185 2858 1250 παθόντος
2896 1187 3089 1258 άτιμον
3130 1189 3227 1242 καί
3266 1189 3413 1257 ἀξιον
3447 1191 3764 1247 ἐλαύνεσθαι

2107 1272 2465 1341 πανταχόθεν.
2494 1274 2664 1326 Πόσαι
2700 1274 2918 1343 γέενναι
2963 1274 3171 1339 τούτοις
3202 1277 3562 1348 ἀρκέσουσιν;
3602 1280 3664 1333 Εἰ
3706 1279 3766 1333 δέ

2104 1359 2328 1430 γεέννης
2365 1361 2672 1431 καταγελᾷς
2701 1361 2913 1415 ἀκούων
2942 1364 3036 1416 καὶ⁵
3067 1365 3335 1428 ἀπιστεῖς,
3365 1366 3539 1419 ἐκεῖνο
3570 1366 3630 1419 τὸ
3652 1366 3765 1439 πῦρ

2104 1447 2477 1520 ἀναμνήσθητι
2502 1449 2607 1503 τῶν
2637 1450 2913 1520 Σοδόμωνο
2945 1450 3157 1523 εἴδομεν
3187 1453 3316 1524 γάρ,
3346 1454 3558 1525 εἴδομεν
3589 1456 3680 1509 καὶ
3706 1459 3766 1509 ἐν

2107 1534 2181 1605 τῷ
2206 1535 2431 1606 παρόντι
2454 1533 2552 1604 βίῳ
2577 1536 2798 1606 γεέννης
2821 1537 3022 1591 εἰκόνα.
3060 1540 3276 1611 Ἐπειδὴ
3304 1541 3411 1612 7&9
3442 1542 3624 1595 πολλοί
3652 1544 3765 1607 τοῖς

2108 1623 2246 1692 μετά
2277 1622 2376 1694 τὴν
2407 1625 2704 1678 ἀνάστασιν
2733 1623 2956 1694 ἔμελλον
2983 1625 3318 1691 διαπιστεῖν,
3352 1628 3447 1682 νῦν
3477 1629 3767 1695 ἀκούοντες

2104 1707 2214 1780 πῦρ
2247 1710 2377 1763 ἄσϐε
2388 1728 2508 1763 στον
2532 1706 2693 1774 εἶναι,
2719 1710 2827 1763 ἀπὸ
2851 1711 2958 1764 τῶν
2983 1712 3266 1783 παρόντων
3298 1713 3494 1778 αὐτοὺς
3520 1716 3766 1786 ἐσωφρό·

2103 1813 2250 1849 νισεν
2280 1798 2308 1850 0
2336 1797 2485 1860 Θεός.
2519 1798 2771 1860 Τοιοῦτος
2792 1797 2920 1866 γοῦν
2949 1799 3097 1852 ἐστιν
3124 1801 3153 1852 0
3177 1799 3422 1870 Σοδόμων
3440 1801 3767 1872 ἐμπρησμὸς

2104 1885 2197 1937 καὶ
2224 1886 2256 1953 ἡ
2288 1882 2627 1956 πυρπόλησις
2660 1883 2864 1954 ἐκείνηο
2897 1885 2991 1938 καὶ
3029 1886 3205 1939 ἴσασιν
3233 1888 3280 1938 οἰ
3309 1887 3765 1958 παραγενόμενοι,

2103 1974 2198 2025 καί
2231 1975 2295 2044 τῇ
2333 1972 2433 2044 θέᾳ
2458 1971 2554 2043 τὴν
2590 1970 2803 2043 πληγὴν
2848 1971 3063 2041 ἐκείνην
3091 1973 3189 2043 τὴν
3228 1972 3487 2044 θεήλατον
3532 1975 3624 2028 καὶ
3656 1974 3767 2028 τῶν

2103 2060 2307 2113 ἀνωθεν
2355 2059 2637 2132 κεραυνῶν
2681 2060 2742 2114 τὸ
2783 2059 2943 2129 ἔργον
2985 2061 3204 2125 ἰδόντες.
3265 2062 3548 2131 Ἐννόησον
3581 2062 3769 2133 ἡλίκον

2103 2149 2221 2201 ἐστί
2252 2147 2314 2201 τὸ
2353 2148 2677 2218 ἁμάρτημα,
2725 2148 2801 2211 ὡς
2840 2147 3131 2217 βιάσασθαι
3159 2149 3254 2203 καί¹
3290 2149 3396 2220 πρὸ
3438 2149 3630 2219 καιροῦ
3667 2149 3768 2220 τὴν

2102 2236 2326 2304 γέενναν
2356 2237 2609 2306 φανῆναι.
2664 2237 2882 2307 Ἐπειδὴ
2920 2235 3030 2306 γὰρ
3063 2235 3246 2290 πολλοί
3280 2236 3388 2289 τῶν
3426 2236 3598 2304 λόγων
3636 2252 3771 2291 κατ-

2104 2322 2397 2393 εφρόνουν,
2455 2323 2543 2376 διὰ
2576 2323 2685 2376 τῶν
2723 2322 2898 2393 ἔργων
2946 2323 3128 2387 αὑτοῖς
3178 2323 3277 2393 τὴν
3332 2322 3548 2392 ἐκείνης
3583 2323 3769 2376 εἰκόνα

2106 2410 2377 2474 ἐπέδειξεν
2404 2412 2431 2463 0
2457 2410 2590 2473 Θεὸς
2618 2410 2791 2480 καινῷ
2823 2427 2926 2463 τινι
2953 2411 3157 2481 τρόπῳ.
3188 2411 3297 2463 Καὶ
3324 2410 3432 2480 7&9
3468 2409 3769 2480 παράδοξος

2103 2493 2170 2568 ἦν
2196 2500 2225 2549 0
2250 2497 2401 2560 ὑετὸς
2424 2498 2629 2561 ἐκεῖνος
2649 2536 2664 2559 ,
2703 2497 2889 2566 ἐπειδὴ
2912 2497 3007 2549 καὶ
3035 2497 3186 2568 παρά
3218 2499 3379 2567 φύσιν
3411 2500 3445 2569 ἡ
3478 2497 3641 2568 μίξις·
3674 2500 3770 2552 καὶ

2105 2584 2405 2638 κατέκλυσε
2442 2583 2539 2654 τὴν
2579 2584 2715 2653 γῆν,
2751 2583 2940 2653 ἐπειδὴ
2971 2584 3066 2636 καὶ
3109 2584 3207 2647 τάς
3246 2584 3467 2638 ἐκείνων
3514 2585 3693 2655 ψυχὰς
3731 2588 3769 2656 ἠ

2106 2670 2391 2742 ἐπιθυμία.
2420 2671 2511 2724 Διὸ
2536 2672 2629 2723 καί
2659 2670 2982 2733 ἀπεναντίας
3007 2665 3076 2740 ἦν
3103 2672 3131 2722 0
3158 2671 3308 2735 ὑετὸς
3334 2671 3411 2740 τῷ
3442 2671 3681 2741 συνήθει’
3706 2672 3768 2725 οὑ

2105 2758 2216 2829 γὰρ
2245 2769 2268 2797 ο
2298 2757 2457 2829 μόνον
2486 2758 2547 2810 ού
2580 2757 2817 2827 διήγειρε
2839 2756 2938 2827 τὴν
2973 2755 3216 2826 γαστέρα
3249 2756 3350 2826 τῆς
3372 2757 3475 2824 γῆς
3506 2758 3639 2828 πρὸς
3670 2758 3770 2827 τὴν

2104 2846 2214 2898 τῶν
2241 2844 2469 2915 καρπῶν
2496 2844 2728 2913 γένεσιν,
2751 2842 2887 2896 ἀλλά
2915 2842 3008 2895 καί
3035 2843 3168 2912 πρὸς
3190 2842 3289 2913 τὴν
3310 2842 3576 2914 ὑποδοχὴν
3599 2844 3771 2916 αὐτὴν

2105 2933 2215 2987 τῶν
2237 2931 2568 3001 σπερμάτων
2584 2931 2857 3002 ἄχρηστον
2879 2930 3073 2984 ἐποίει.
3097 2930 3332 3000 Τοιαύτη
3356 2926 3599 3001 γάρῆνή
3624 2931 3770 3001 μίξις

2106 3021 2213 3073 τῶν
2233 3020 2442 3090 ἀνδρῶν
2458 3020 2556 3088 τῆς
2578 3019 2681 3088 γῆς
2700 3017 2969 3087 Σοδόμων,
2995 3017 3054 3070 τὸ
3074 3017 3312 3071 τοιοῦτον
3337 3017 3494 3088 σῶμα
3510 3017 3772 3088 ἀχρηστό-

2104 3123 2262 3179 τερον
2298 3107 2692 3174 ἀποφαίνουσα.
2719 3105 2784 3158 Τί
2813 3104 2919 3174 γάρ
2958 3104 3151 3176 ἀνδρὸς
3190 3103 3632 3175 πεπορνευμένον
3667 3120 3772 3174 μυ-

2107 3194 2450 3265 σαρὼτερον;
2490 3194 2543 3247 τί
2575 3194 2632 3248 δὲ
2668 3193 3061 3265 ἐναγέστερον;
3102 3195 3167 3247 Ὢ
3199 3194 3299 3263 τῆς
3333 3193 3553 3264 μανίαςί
3586 3191 3632 3245 ὣ
3672 3192 3775 3262 τῆς

2098 3272 2490 3353 ’παραπληξίας
2512 3281 2526 3335 ί
2566 3279 2729 3333 πόθεν
2755 3279 3129 3351 εἰσεκώμασεν
3151 3281 3184 3350 ὴ
3225 3278 3490 3348 ἐπιθυμία
3515 3277 3677 3347 αῦτη,
3702 3278 3772 3332 τά

2103 3370 2214 3424 τῶν
2239 3358 2513 3440 πολεμίων
2537 3368 2837 3422 διατιθεῖσα
2863 3368 2961 3435 τὴν
2984 3367 3328 3437 ἀνθρωπίνην
3353 3366 3531 3436 φύσιν,
3569 3363 3771 3436 μᾶλλον

2104 3455 2162 3509 δέ
2207 3456 2303 3509 καὶ
2355 3454 2580 3509 ἐκείνων
2625 3453 3001 3525 χαλεπωτέρα,
3043 3454 3152 3524 ὅσῳ
3202 3453 3297 3507 καί
3336 3452 3481 3522 ψυχὴ
3521 3450 3772 3522 σώματος

2106 3541 2379 3611 ἀμείνων;
2411 3535 2482 3592 Ὠ
2510 3541 2604 3593 καὶ
2631 3540 2841 3608 ἀλόγων
2873 3540 3033 3610 ὑμεῖς
3057 3539 3427 3609 ἀνοητότεροι,
3463 3538 3556 3590 καί
3589 3539 3773 3591 κυνῶν

2107 3629 2506 3699 ἀναιδέστεροιί
2534 3627 2785 3698 Οὑδαμοῦ
2799 3627 2908 3699 γὰρ
2935 3625 3159 3696 τοιαύτη
3189 3625 3336 3696 μίξις
3364 3626 3493 3696 παρ’
3518 3625 3769 3692 ἐκείνοις,

2106 3716 2220 3769 ἀλλ’
2264 3714 2616 3783 ἐπιγινώσκει
2652 3716 2781 3778 τοὺς
2815 3713 2977 3775 ἰδίους
3014 3713 3171 3784 ὅρους
3211 3713 3243 3783 η
3285 3711 3477 3782 φύσις·
3518 3712 3677 3782 ὑμεῖς
3712 3711 3771 3765 δὲ

2107 3806 2202 3856 καὶ
2252 3801 2360 3855 τῶν
2410 3801 2620 3869 ἀλόγων
2674 3799 2996 3871 ἀτιμότερον
3036 3801 3098 3852 τὸ
3143 3799 3298 3867 γένος
3332 3798 3662 3870 εἰργάσασθε
3708 3798 3771 3851 τὸ

2108 3890 2373 3961 ὑμέτερον
2424 3886 2866 3958 καθυϐρίζοντες.
2918 3885 3089 3941 Πόθεν
3120 3882 3211 3940 οῦν
3253 3885 3427 3940 ταῦτα
3477 3885 3670 3955 ἐτέχθη
3700 3884 3771 3939 τὰ

2110 3971 2289 4037 κακά;
2323 3972 2457 4026 Ἀπὸ
2484 3971 2716 4042 τρυφῆς,
2741 3970 2848 4023 ἀπὸ
2873 3968 2967 4023 τοῦ
2997 3969 3072 4040 μὴ
3094 3969 3290 4023 εἰδέναι
3311 3969 3443 4023 Θεόν
3467 3983 3481 3996 ·
3509 3969 3637 4020 ὃταν
3659 3968 3773 4036 γὰρ

2111 4060 2380 4115 ἐκϐάλωσι
2410 4076 2554 4123 τινες
2588 4057 2752 4112 αὐτοῦ
2785 4058 2876 4111 τὸν
2920 4056 3105 4127 φόϐον,
3141 4057 3318 4110 πάντα
3347 4054 3553 4125 οἴχεται
3584 4052 3771 4107 λοιπὸν

2105 4146 2177 4200 τὰ
2200 4147 2360 4201 καλά.

2176 4301 2239 4355 δ’.
2265 4301 2365 4353 ’Ίν’
2394 4294 2486 4354 οὖν
2534 4299 2608 4370 μὴ
2636 4297 2794 4353 τοῦτο
2830 4297 3074 4368 γένηται,
3104 4296 3315 4368 ἔχωμεν
3346 4296 3452 4368 πρὸ
3479 4296 3773 4368 ὀφθαλμῶν

2108 4389 2310 4461 ἀκριϐῆ
2344 4389 2434 4441 τὸν
2479 4388 2571 4442 τοῦ
2602 4386 2739 4441 Θεοῦ
2783 4387 2966 4456 φόϐον.
3010 4387 3177 4440 Οὐδὲν
3222 4387 3351 4458 γὰρ,
3399 4386 3554 4439 οὐδὲν
3596 4386 3771 4449 οὕτως

2108 4475 2401 4530 ἀπόλλυσιν
2437 4475 2759 4546 ἄνθρωπον,
2790 4474 2867 4538 ὡς
2899 4474 2959 4528 τὸ
2999 4475 3200 4543 ταύτης
3241 4475 3493 4528 ἐκπεσεῖν
3535 4473 3635 4544 τῆς
3671 4475 3772 4543 ἀγ-

2109 4564 2283 4636 κύρας
2301 4579 2315 4592 ·
2341 4562 2529 4636 ὥσπερ
2553 4562 2705 4616 οὐδὲν
2734 4561 2916 4627 σώζει,
2942 4562 3017 4626 ὠς
3036 4561 3095 4615 τὸ
3113 4561 3375 4633 διηνεκῶς
3394 4562 3509 4614 ἐκεῖ
3530 4561 3769 4631 βλέπειν.

2110 4652 2173 4705 Εἰ
2205 4650 2313 4722 γάρ
2339 4650 2624 4721 ἄνθρωπον
2654 4649 2869 4720 ἔχοντες
2915 4650 3019 4720 πρὸ
3060 4648 3353 4720 ὀφθαλμῶν
3373 4688 3389 4712 ,
3419 4648 3770 4720 όκνηρότεροι

2109 4738 2372 4809 γινόμεθα
2398 4739 2527 4808 περὶ
2554 4736 2622 4790 τά
2651 4737 3041 4807 ἁμαρτήματα,
3066 4736 3324 4799 πολλάκις
3351 4736 3409 4790 δὲ
3432 4734 3527 4789 καί
3553 4732 3771 4796 οἰκέτας

2111 4826 2531 4897 ἐρυθριάσαντες
2553 4824 3010 4894 ἐπιεικεστέρους,
3034 4823 3188 4877 οὐδὲν
3209 4824 3521 4894 πράττομεν
3549 4823 3766 4882 ἄτοπον,

2111 4912 2362 4981 ἐννόησον
2394 4911 2566 4980 πόσης
2596 4909 2976 4980 ἀπολαύσομεν
3007 4910 3306 4978 ἀσφαλείας
3326 4949 3341 4973 ,
3373 4909 3466 4963 τὸν
3503 4908 3635 4962 Θεὸν
3663 4907 3772 4978 πρὸ

2111 4997 2401 5067 ὀφθαλμῶν
2434 4996 2667 5066 ἔχοντες.
2705 4996 2956 5067 Οὑδαμοῦ
2985 4996 3093 5065 7&9
3120 4997 3148 5048 0
3174 4995 3419 5059 διάϐολος
3457 4997 3590 5066 ἡμῖν
3626 4993 3771 5048 οὕτω

2111 5083 2473 5153 διακειμένοις
2517 5082 2868 5152 ἐπιθήσεται,
2916 5084 3010 5136 ἀτε
3058 5084 3292 5152 ἀνόνητα
3342 5082 3552 5136 πονῶν⁶
3594 5081 3661 5134 ἂν
3710 5080 3770 5135 δέ

2114 5170 2497 5240 πλανωμένους
2533 5168 2668 5233 ἔξω,
2710 5171 2804 5222 καὶ
2840 5169 3011 5239 χωρὶς
3049 5169 3266 5240 χαλινοῦ
3310 5170 3619 5238 περιιόντας
3660 5168 3767 5239 ἴδῃ,

2113 5260 2241 5329 παρ’
2278 5257 2438 5328 ἡμῶν
2472 5256 2652 5310 λαϐὼν
2686 5256 2787 5327 τὴν
2828 5256 3025 5327 ἀρχὴν,
3072 5256 3224 5328 [459]
3262 5254 3538 5326 πανταχοῦ
3583 5255 3772 5310 λοιπὸν

2113 5348 2260 5418 ἡμᾶς
2292 5344 2724 5415 ἀπώουκολῆσαι
2764 5344 3074 5414 δυνήσεται.
3121 5344 3232 5397 Καὶ
3270 5343 3409 5413 ὅπερ
3444 5343 3496 5395 οἰ
3536 5342 3771 5414 ρᾁυμοι

2111 5434 2221 5488 τῶν
2242 5431 2470 5487 οἰκετῶν
2496 5431 2795 5501 πάσχουσιν
2825 5430 2913 5485 ἐπ’
2939 5430 3166 5500 ἀγορᾶς,
3205 5428 3304 5493 τὰς
3341 5429 3439 5499 μὲν
3467 5429 3771 5498 ἀναγκαίας

2113 5521 2342 5590 ἀφέντες
2361 5516 2657 5581 διακονίας,
2682 5517 2766 5585 ἐφ’
2795 5517 2860 5579 ἃς
2892 5517 3028 5569 εἰσιν
3059 5515 3456 5585 ἀπεσταλμένοι
3484 5517 3634 5588 παρά
3660 5516 3770 5573 τῶν

2112 5606 2410 5671 δεσποτῶν,
2432 5603 2616 5666 ἁπλῶς
2637 5603 2697 5656 δὲ
2726 5603 2821 5656 καί
2844 5602 2964 5672 εἰκῆ
2995 5603 3106 5665 τοῖς
3128 5602 3570 5672 παρεμπίπτουσι
3603 5620 3770 5677 προσ-

2179 5799 2204 5838 τι
2229 5800 2327 5859 AL,
2347 5797 2705 5859 ἀποτμηθέντες.
2789 5794 2809 5817 ⁸
2838 5791 3007 5849 Alius,
3040 5794 3179 5859 ’ὑετὸς
3205 5801 3287 5854 τῆς
3339 5795 3564 5853 συνήθους
3601 5797 3762 5858 φορᾶς.

2127 5862 2197 5911 Οῦ
2218 5855 2325 5923 γάρξ
2364 5855 2483 5918 ρυαὲ
2511 5860 2658 5910 lectio
2682 5869 2781 5907 non
2804 5855 3101 5918 spernenda.
