4122 6150
341 217 444 275 821

337 330 648 404 ηλούμενοι,
676 326 770 389 καὶ
810 326 911 397 τὴν
946 323 1142 396 σχολὴν
1170 327 1286 381 ἐκεῖ
1312 322 1819 389 καταναλίσκοντες,
1844 322 1999 377 τοῦτο

338 418 435 473 καὶ
464 420 626 487 ἡμεῖς
655 415 1019 484 ὑπομένομεν,
1047 413 1177 468 ὅταν
1201 410 1529 482 ἀποστῶμεν
1554 410 1661 464 τῶν
1693 410 2002 480 ἐπιταγμά-

336 520 450 559 των
492 503 586 557 τοῦ
629 500 784 554 Θεοῦ.
843 499 1183 569 Ἐστήκαμεν
1221 497 1331 569 7&9
1371 496 1557 551 λοιπὸν
1604 495 1832 550 πλοῦτον
1870 497 2001 550 θαυ-

342 590 624 663 μάζοντες,
659 587 754 642 καὶ
796 585 991 648 κάλλος
1032 585 1308 656 σώματος,
1343 584 1439 638 καὶ
1463 583 1530 637 τά
1569 583 1705 638 ἀλλα
1730 582 1819 661 τά.
1837 583 2002 654 μηδὲν

339 677 478 749 πρὸς
505 677 672 746 ἡμᾶς,
704 674 894 744 ῶσπερ
921 674 1120 726 ἐκεῖνοι
1151 674 1200 725 οί
1236 670 1446 725 οἰκέται
1482 670 1590 723 τῶν
1624 670 1863 724 ἐπαιτῶν
1890 670 2004 729 τοῖς

339 759 801 834 θαυματοποιοῦσι
851 757 1206 830 προσέχουσιν
1229 796 1244 820 ,
1295 752 1414 810 εἶτα
1464 755 1710 818 ἐλθόντες
1743 754 2002 827 βραδέως,

337 849 475 902 οἶκοι
496 848 593 911 τάς
618 846 850 917 ἐσχάτας
876 844 1208 915 ὑπομένουσι
1232 842 1467 912 πληγάς.
1492 841 1684 895 Πολλοὶ
1703 840 1758 897 δέ
1788 842 1882 895 καὶ
1906 841 2006 910 τὴν

338 935 454 989 ὁδὸν
483 934 581 1005 τὴν
610 932 975 1004 προκειμένην
1005 930 1304 1001 παρῆλθον,
1338 930 1548 1000 ἑτέροις
1576 929 1801 983 τοιαῦτα
1831 929 2004 998 ἀσχη-

342 1019 592 1090 μονοῦσιν
612 1016 1047 1079 ἀκολουθοῦντες.
1083 1015 1243 1069 Ἀλλά
1266 1015 1342 1086 μὴ
1368 1016 1530 1086 ἡμεῖς
1552 1014 1711 1068 τοῦτο
1736 1013 2002 1083 ποιῶμεν·

339 1108 434 1161 καί⁸
460 1108 569 1178 γάρ
594 1103 984 1176 ἀπεστάλμεθα
1007 1103 1201 1159 ἀνύσαι
1221 1102 1391 1156 πολλά
1410 1101 1518 1155 τῶν
1542 1101 2003 1169 κατεπειγόντων,

340 1195 445 1248 κᾶν
473 1194 701 1264 ἀφέντες
729 1194 911 1246 ἐκεῖνα
942 1190 1156 1261 στῶμεν
1190 1189 1481 1260 κεχηνότες
1506 1188 1641 1260 πρὸς
1670 1188 1739 1243 τά
1771 1187 2007 1257 ἀνόνητα

339 1280 530 1346 ταῦτα,
568 1279 934 1342 ἀναλωθέντος
961 1279 1090 1349 ἡμῖν
1123 1274 1217 1330 τοῦ
1270 1274 1464 1347 καιροῦ
1514 1275 1715 1338 παντὸς
1753 1273 1874 1345 εἰκῆ
1912 1274 2008 1328 καὶ

344 1367 541 1438 μάτην,
574 1367 674 1437 τὴν
703 1366 938 1437 ἐσχάτην
959 1363 1201 1434 δώσομεν
1221 1362 1400 1434 δίκην.
1429 1363 1492 1415 Εἰ
1513 1360 1621 1432 γάρ
1646 1362 1739 1415 καὶ
1759 1360 2006 1431 ἀσχολεῖν

341 1455 519 1526 βούλει
550 1453 779 1517 σαυτὸν,
809 1452 951 1522 ἔχεις
984 1450 1020 1505 ἀ
1051 1449 1352 1520 θαυμάζειν
1384 1448 1650 1518 ὀφείλεις,
1686 1449 1781 1501 καὶ
1810 1447 1937 1518 περὶ

342 1539 630 1611 κεχηνέναι
651 1539 827 1592 πάντα
845 1538 936 1591 τὸν
957 1537 1166 1609 χρόνονο
1186 1538 1329 1608 ἀπερ
1344 1537 1404 1590 οὐ
1429 1536 1662 1606 γέλωτός
1686 1537 1833 1589 ἐστιν
1855 1535 2002 1600 ἀξια,

342 1627 477 1680 ἀλλά
502 1625 773 1698 θαύματος
808 1625 904 1680 καὶ
928 1625 1165 1679 ἐπαίνων
1200 1623 1429 1689 πολλῶν,
1452 1624 1526 1687 ὡς
1551 1625 1580 1677 ὃ
1609 1639 1671 1691 γε
1720 1622 1789 1675 τὰ
1832 1639 2000 1676 κατα-

339 1713 579 1782 γέλαστα
610 1712 923 1783 θαυμάζων,
951 1711 1047 1765 καὶ
1073 1711 1233 1773 αὐτὸς
1260 1710 1410 1764 ἐσται
1440 1709 1681 1773 τοιοῦτος
1702 1719 1744 1773 ⁸,
1792 1708 1885 1763 καὶ
1916 1706 2008 1762 τοῦ

339 1800 429 1870 γε)
438 1799 827 1864 ωτοποιοῦντος
849 1799 1070 1871 χείρων’
1089 1798 1226 1870 ὅπερ
1244 1798 1330 1852 ίνα
1356 1797 1431 1870 μὴ
1445 1797 1642 1868 πάθῃς,
1658 1796 2010 1867 ἀποπήδησον

345 1885 579 1956 ταχέως.

410 1973 477 2026 Τί
521 1972 631 2044 7&9
677 1973 774 2028 καὶ
818 1972 1076 2044 ἕστηκας,
1119 1972 1237 2027 εἰπέ
1291 1988 1418 2042 μοι,
1455 1971 1591 2043 πρὸς
1640 1971 1731 2025 τὸν
1782 1969 2011 2024 πλοῦτον

339 2058 587 2130 κεχηνὼς
631 2060 723 2114 καὶ
770 2060 1249 2134 ἀνεπτερωμένοςς
1287 2058 1341 2111 τί
1378 2057 1693 2128 θαυμαστὸν
1741 2058 1873 2129 δρᾷς
1914 2058 2027 2111 καὶ·

340 2142 525 2196 ἱκανόν
560 2160 655 2197 σου
680 2142 808 2206 τοὺς
837 2143 1149 2213 ὀφθαλμοὺς
1180 2142 1511 2211 κατασχεῖν;
1559 2141 1688 2203 τοὺς
1732 2156 2008 2210 χρυσοφο-

342 2229 571 2299 ροῦντας
593 2230 813 2295 ἵππους,
854 2230 949 2284 καὶ
991 2230 1119 2293 τοὺς
1149 2229 1368 2293 οἰκέτας
1396 2231 1523 2295 τοὺς
1555 2228 1652 2300 μὲν
1678 2227 2005 2299 βαρϐάρους,

339 2313 468 2380 τοὺς
515 2316 573 2369 δέ
623 2316 945 2387 εὐνούχους,
979 2315 1072 2370 καὶ
1107 2316 1175 2370 τά
1220 2315 1412 2386 ίμάτια
1459 2316 1528 2369 τὰ
1571 2314 1839 2383 πολυτελῆ
1863 2352 1879 2378 ,
1912 2313 2008 2367 καὶ

339 2401 441 2470 τὴν
492 2402 1080 2473 καταμαλακιζομένην
1134 2402 1194 2457 ἐν
1240 2403 1450 2467 τούτοις
1494 2403 1672 2473 ψυχὴν
1695 2442 1712 2467 ,
1771 2401 1864 2455 καὶ
1904 2400 2007 2471 τὴν

339 2488 760 2561 ἀνεσπασμένην
810 2491 981 2561 ὀφρὺν
1004 2530 1020 2555 ,
1065 2488 1291 2554 καὶτὰς
1334 2489 1704 2560 περιδρομὰς,
1740 2487 1835 2542 καὶ
1880 2487 2006 2550 τοὺς

340 2579 637 2651 θορύϐους;
702 2581 812 2636 Kal
873 2582 977 2637 ποῦ
1047 2582 1220 2638 ταῦτα
1275 2581 1403 2648 ἀξια
1465 2582 1772 2654 θαύματος;
1836 2581 1890 2635 τί
1946 2581 2006 2635 δέ

400 2784 418 2807 ⁸
446 2786 669 2852 Quidam,
691 2792 825 2841 ἔσται
856 2791 1083 2849 πολλάκις
1104 2789 1333 2850 τοιοῦτος.

1081 207 1140 266 S.
1179 208 1465 266 JOANNIS
1509 206 2003 269 CHRYSOSTOM]
2052 207 2375 266 ARCHIEP.
2419 205 2962 276 CONSTANTINOP.

3659 206 3780 293 με

2101 316 2245 378 οὗτοι
2287 324 2397 379 τῶν
2436 323 2673 378 ἐπαιτῶν
2715 323 3030 392 διεστήκασι
3084 320 3193 375 τῶν
3236 321 3621 396 ὀρχουμένων,
3676 326 3779 381 καὶ

2104 411 2432 483 συριζόντων
2467 412 2558 465 ἐπὶ
2588 411 2685 480 τῆς
2715 411 2952 480 ἀγοράςς
2996 407 3109 461 Kal
3152 408 3264 481 7&9
3301 409 3398 463 καὶ
3445 404 3593 465 οὗτοι
3643 414 3778 477 πολ-

2101 496 2178 566 λῷ
2233 496 2310 567 τῷ
2367 496 2510 567 λιμῷ
2576 497 2673 568 τῆς
2733 494 2937 565 ἀρετῆς
3005 495 3401 565 κατεχόμενοι,
3452 497 3779 569 χορεύουσιν

2103 581 2326 635 ἐκείνων
2401 581 2620 653 χορείαν
2689 578 3265 651 καταγελαστοτέραν,
3342 581 3604 653 ἀγόμενοι
3674 586 3779 641 καὶ

2105 669 2512 740 περιαγόμενοι,
2547 666 2641 721 νῦν
2672 666 2770 739 μὲν
2802 667 2884 729 εἰς
2913 664 3197 737 τραπέζας
3227 666 3558 733 πολυτελεῖς.
3592 669 3687 725 νῦν
3714 670 3774 725 δὲ

2103 758 2185 819 εἰς
2238 755 2666 826 έταιριζομένων
2714 753 2990 821 γυναικῶν
3037 751 3402 821 καταγώγιον,
3447 754 3542 807 νῦν
3584 756 3643 809 δέ
3690 756 3776 822 εἰς

2106 840 2349 893 κολάκων
2372 839 2571 909 ἐσμοὺς
2608 839 2637 879 ι»
2671 837 2769 892 καί⁵
2790 836 3110 910 παρασίτων
3140 838 3361 908 πλῆθος.
3402 840 3463 893 Εἰ
3491 839 3549 894 δέ
3574 858 3775 913 χρυσο-

2106 924 2351 998 φοροῦσι,
2377 926 2465 979 διά
2502 923 2660 979 τοῦτο
2688 925 2928 994 μάλιστα
2955 924 3201 988 ἐλεεινοί,
3225 925 3307 979 ὅτι
3331 927 3401 979 τά
3427 926 3597 999 μηδὲν
3635 928 3773 1000 πρὸς

2106 1018 2301 1080 αὐτοὺς
2326 1014 2784 1094 περισπούδαστα
2811 1015 2995 1078 αὐτοῖς
3028 1014 3229 1084 μᾶλλόν
3257 1017 3384 1069 εἰσι.
3423 1016 3517 1088 Μὴ
3543 1016 3653 1089 γάρ
3680 1034 3769 1089 μοι

2106 1103 2176 1157 τά
2207 1103 2398 1175 ἱμάτια
2426 1103 2564 1175 ἴδῃς,
2597 1102 2732 1157 ἀλλά
2759 1101 3104 1170 ἀνακάλυψον
3127 1100 3310 1155 αὐτῶν
3330 1101 3427 1173 τὴν
3447 1102 3648 1174 ψυχὴν,
3679 1104 3773 1157 καὶ

2108 1190 2383 1261 σκόπησον
2421 1193 2469 1245 εἰ
2509 1190 2586 1261 μὴ
2618 1189 2828 1262 μυρίων
2871 1188 3032 1258 γέμει
3080 1189 3410 1259 τραυμάτων
3428 1189 3574 1252 τκαί
3606 1190 3773 1258 ῥάκια

2109 1277 2519 1350 περιϐέϐληται,
2548 1276 2643 1331 καὶ
2672 1276 2819 1330 ἐστιν
2851 1274 3057 1346 ἔρημος
3088 1275 3183 1329 καὶ
3214 1275 3671 1345 ἀπροστάτευτος.
3705 1277 3775 1332 Τί

2106 1361 2199 1419 οὗν
2241 1365 2432 1435 ὄφελος
2470 1366 2571 1435 τῆς
2604 1363 2711 1430 ἔξω
2750 1362 2985 1435 μανίας;
3028 1363 3138 1416 Kal
3181 1363 3291 1434 7&9
3339 1362 3522 1435 πολλῷ
3566 1363 3778 1435 βέλτιον

2110 1452 2317 1510 πένητα
2365 1448 2506 1507 εἶναι
2546 1453 2604 1505 ἐν
2651 1450 2821 1523 ἀρετῇ
2871 1448 3069 1514 ζῶντα,
3105 1449 3139 1522 ἢ
3189 1449 3416 1520 βασιλέα
3465 1452 3592 1506 δντα
3635 1451 3777 1524 μετά

2111 1536 2393 1609 πονηρίας.
2428 1538 2486 1590 ὐ
2513 1536 2613 1608 μέν
2636 1537 2746 1608 7&9
2769 1535 2937 1606 πένης
2962 1535 3091 1607 παρ’
3116 1536 3295 1606 ἐαυτῷ
3315 1536 3575 1591 ἀπολαύει
3596 1538 3775 1608 πάσης

2108 1625 2207 1695 τῆς
2234 1624 2375 1677 κατά
2396 1623 2572 1694 ψυχὴν
2600 1621 2834 1695 τρυφῆς,
2860 1621 2954 1675 καὶ
2975 1622 3095 1675 οὐδὲ
3116 1622 3216 1693 τῆς
3241 1621 3441 1689 ἔξωθεν
3462 1623 3779 1680 αἰσθάνεται

2110 1711 2300 1774 πενίας
2334 1709 2424 1764 διὰ
2448 1711 2538 1763 τὸν
2568 1708 2714 1763 ἐνδον
2746 1708 2976 1763 πλοῦτον
2998 1724 3010 1737 ·
3043 1709 3072 1762 ὁ
3098 1708 3155 1763 δὲ
3182 1709 3433 1781 βασιλεὺς
3462 1709 3687 1782 τρυφῶν
3717 1711 3777 1763 ἐν

2108 1800 2221 1862 τοῖς
2276 1797 2427 1851 οὐδὲν
2473 1795 2622 1867 αὐτῷ
2654 1797 3056 1868 προσήκουσιν,
3103 1796 3161 1848 ἐν
3201 1798 3333 1865 τοῖς,
3358 1796 3596 1868 μάλιστα
3623 1795 3779 1867 αύτῷ

2108 1884 2423 1956 διαφέρουσι
2458 1874 2765 1949 κολάζεται,
2808 1884 2868 1936 ἐν
2902 1882 3048 1953 ψυχῇ
3086 1882 3177 1936 καὶ
3218 1881 3497 1953 λογισμοῖς
3547 1884 3644 1938 καὶ
3692 1882 3781 1952 τῷ

2111 1975 2370 2028 συνειδότι
2403 1984 2452 2036 α,
2481 1976 2595 2037 τοῖς
2624 1974 2742 2026 ἐκεῖ
2771 1971 3236 2042 συναποδημοῦσιν
3272 1970 3436 2042 αὐτῷ.
3474 1969 3639 2025 Ταῦτ’
3677 1966 3775 2025 οῦν

2108 2062 2331 2128 εἰδότες,
2353 2060 2423 2114 τά
2450 2060 2550 2132 μὲν
2577 2060 2768 2131 ἱμάτια
2790 2058 3122 2130 ἀποθώμεθα
3142 2058 3211 2112 τά
3231 2058 3430 2129 χρυσᾶ,
3455 2056 3779 2128 ἀνελώμεθα

2107 2150 2165 2202 δὲ
2194 2148 2396 2220 ἀρετὴν
2429 2147 2524 2201 καὶ
2550 2147 2650 2219 τὴν
2683 2148 2747 2200 ἐκ
2786 2145 2988 2219 ταύτης
3008 2145 3220 2217 ἡδονήν.
3253 2144 3412 2197 υῦτω
3436 2143 3545 2214 7&9
3571 2143 3665 2196 καὶ
3693 2144 3778 2196 ἐν·

2107 2236 2281 2290 ταῦθα
2316 2235 2410 2287 καὶ
2454 2236 2572 2288 ἐκεῖ
2615 2233 2821 2301 πολλῆς
2850 2232 3232 2302 ἀπολαύσομεν
3272 2230 3373 2301 τῆς
3401 2229 3646 2301 τρυφῆς,
3687 2229 3782 2285 καὶ

2105 2324 2215 2376 τῶν
2261 2321 2685 2394 ἐπηγγελμένων
2723 2319 3070 2391 ἐπιτύχωμεν
3111 2316 3262 2391 [460]
3296 2317 3555 2385 ἀγαθῶν,
3596 2315 3781 2386 χάριτι

2106 2411 2203 2464 καὶ
2233 2408 2617 2481 φιλανθρωπίᾳ
2637 2407 2733 2461 τοῦ
2754 2407 2961 2478 Κυρίου
2985 2404 3143 2477 ἡμῶν
3174 2404 3348 2474 Ἰησοῦ
3373 2401 3633 2475 Χριστοῦ,
3661 2400 3779 2473 μεθ’

2105 2489 2166 2549 οὗ
2196 2496 2273 2567 τῷ
2301 2496 2479 2566 Πατρί
2508 2495 2604 2548 καὶ
2628 2494 2707 2566 τῷ
2735 2494 2876 2565 ἀγίῳ
2905 2493 3182 2565 Πνεύματι
3205 2492 3354 2559 δόξα,
3384 2491 3519 2562 τιμὴ
3539 2530 3555 2553 ,
3579 2488 3781 2560 κράτος

2105 2583 2201 2638 νῦν
2231 2583 2327 2638 καὶ
2351 2584 2438 2637 ἀεὶ
2467 2583 2563 2637 καὶ
2592 2584 2668 2647 εἰς
2700 2584 2826 2646 τοὺς
2856 2581 3061 2645 αἰῶνας
3088 2579 3199 2634 τῶν
3226 2579 3463 2635 αἰώνων.
3510 2578 3707 2649 Ἀμήν.

2149 2729 2318 2842 ζώει,
2336 2731 2559 2781 κολάκων
2582 2732 2748 2793 δῆμον.
2814 2734 2838 2763 °
2860 2728 2981 2792 Alii,
3001 2730 3049 2779 ἐν
3071 2734 3130 2792 τῆ
3154 2731 3281 2793 ψυχῇ
3310 2725 3459 2777 αὗτοῦ
3479 2727 3559 2776 καὶ
3584 2726 3655 2791 τῷ
3671 2740 3783 2774 συν-

2106 2808 2250 2843 ιισοτι
2256 2824 2269 2838 .

1947 3058 2188 3112 ΟΜΙΛῙΑ
2225 3059 2301 3116 E’.

342 3174 549 3240 Καθὼς
573 3175 684 3229 οὐκ
709 3173 1081 3242 ἐδοκίμασαν
1121 3173 1232 3227 τόν
1283 3173 1435 3244 Θεὸν
1466 3172 1632 3243 ἔχειν
1670 3174 1739 3227 ὲν
1765 3174 2015 3244 ἐπιγνώο

411 3261 528 3308 σει,
555 3243 897 3312 παρέδωκεν
923 3246 955 3298 ὁ
981 3245 1129 3314 Θεὸς
1158 3243 1385 3309 αὐτοὺς
1418 3245 1507 3311 είς
1531 3243 1822 3314 ἀδόκιμον
1839 3243 2014 3311 νοῦν,

408 3315 609 3371 ποιεῖν
636 3314 708 3368 τὰ
723 3315 810 3382 μὴ
840 3312 1206 3380 καθήκοντα.

415 3425 485 3472 α’.
515 3419 633 3472 Ἵνα
672 3417 749 3488 μὴ
778 3416 907 3489 δόξῃ
939 3417 1136 3480 αὐτοὺς
1164 3405 1637 3482 αἰνίττεσθαι,’ἐπί
1656 3416 1791 3471 πολῦ
1811 3416 1888 3487 τῷ
1916 3418 2017 3489 τῆς

348 3504 742 3574 παιδεραστίας
783 3502 1132 3572 ἐνδιατρίϐων
1196 3502 1380 3573 λόγῳ,
1429 3503 1631 3573 μετέϐη
1685 3503 1868 3557 λοιπὸν
1918 3505 2016 3574 ἐφ’

346 3597 512 3667 ἐτερα
539 3595 656 3665 εἴδη
693 3594 1104 3665 ἁμαρτημάτων
1134 3608 1146 3621 ·
1172 3592 1254 3646 διὸ
1305 3593 1400 3648 καὶ
1451 3594 1537 3662 ἐφ’
1588 3593 1793 3664 ἐτέρων
1848 3610 2018 3665 προσ-

348 3683 515 3735 ώπων
550 3681 782 3752 προάγει
806 3681 900 3734 τὸν
927 3680 1085 3748 λόγον
1137 3679 1372 3736 ἅπαντα.
1409 3681 1520 3734 Kal
1568 3679 1758 3754 ὥσπερ
1786 3682 1873 3736 ἀεὶ
1903 3684 2017 3745 τοῖς

353 3771 565 3832 πιστοῖς
584 3767 968 3840 διαλεγόμενος
1009 3768 1135 3839 περὶ
1173 3768 1603 3840 ἁμαρτημάτων,
1631 3769 1728 3824 καὶ
1762 3769 2019 3840 βουλόμε-

353 3871 439 3917 νος
458 3854 630 3910 ταῦτα
659 3854 829 3920 δεῖξαι
870 3855 1100 3925 φευκτά,
1147 3854 1390 3926 παράγει
1431 3856 1513 3918 εἰς
1559 3855 1723 3926 μέσον
1757 3855 1827 3910 τά
1858 3855 2011 3927 ἔθνη,

350 3942 527 4010 λέγων
570 3958 586 3974 ο
633 3941 729 4012 Μὴ
772 3943 843 3997 ἐν
898 3942 1072 3996 πάθει
1118 3942 1454 4012 ἐπιθυμίας,
1506 3943 1772 4012 καθάπερ
1820 3945 1920 3998 καὶ
1945 3943 2017 3998 τὰ

351 4029 534 4084 λοιπὰ
558 4029 705 4099 ἔθνη
738 4029 811 4084 τὰ
827 4028 914 4100 μὴ
945 4029 1145 4093 εἰδότα
1185 4030 1291 4085 τόν
1324 4032 1474 4086 Θεόν
1505 4047 1520 4063 ·
1551 4031 1645 4085 καὶ
1686 4031 1869 4098 πάλιν,
1917 4031 2014 4101 Μὴ

350 4115 662 4182 λυπεῖσθε,
688 4116 892 4186 ὥσπερ
916 4119 971 4173 οι
1007 4118 1208 4174 λοιποί
1244 4119 1300 4172 οἰ
1334 4117 1421 4188 μὴ
1459 4117 1708 4188 ἔχοντες
1751 4118 1974 4174 ἐλπίδα
1999 4132 2014 4149 ⁸

351 4202 497 4257 οὕτω
542 4204 638 4257 καὶ
684 4203 920 4258 ἐνταῦθα
987 4204 1256 4259 δείκνυσιν
1299 4204 1523 4259 ἐκείνων
1551 4205 1620 4260 τά
1644 4206 2017 4279 ἁμαρτήματα

349 4288 503 4352 ὄντα,
536 4290 631 4344 καὶ
661 4289 843 4360 πάσης
873 4289 1069 4355 αὐτοὺς
1100 4291 1396 4363 ἀποστερεῖ
1420 4291 1749 4364 συγγνώμης
1777 4310 1792 4325 ·
1819 4295 1879 4347 οὐ
1908 4294 2034 4365 γάρ,

352 4376 612 4443 ἀγνοίας,
671 4377 809 4431 ἀλλά
878 4377 1113 4449 μελέτης
1165 4374 1304 4433 εῖναι
1358 4398 1490 4451 φησι
1546 4379 1614 4433 τά
1669 4380 2013 4451 τολμήματα.

353 4463 554 4535 Διόπερ
573 4461 676 4517 οὐκ
695 4459 837 4529 εἷπε,
867 4465 979 4518 Kal
1009 4464 1188 4528 καθὼς
1210 4466 1311 4518 οὐκ
1333 4465 1595 4534 ἔγνωσαν,
1625 4464 1779 4530 ἀλλὰ,
1814 4468 2017 4533 Καθὼς

353 4551 469 4605 οὐκ
500 4551 870 4621 ἐδοκίμασαν
898 4552 1006 4604 τὸν
1030 4551 1179 4605 Θεὸν
1205 4551 1370 4620 ἔχειν
1406 4552 1477 4606 ὲν
1503 4551 1818 4620 ἐπιγνώσει
1849 4568 1865 4584 ·
1898 4554 2017 4624 κρί-

358 4652 497 4701 σεως
516 4637 913 4709 διεφθαρμένης
936 4638 1029 4690 καί
1066 4637 1396 4705 φιλονεικίας
1431 4638 1654 4708 μᾶλλον,
1711 4639 1772 4690 οὐ
1821 4655 2019 4709 συναρι

357 4724 541 4793 παγῆς
559 4724 734 4792 λέγων
762 4721 899 4778 εἶναι
934 4724 994 4779 τὸ
1031 4726 1354 4797 ἁμάρτημα,
1386 4724 1481 4777 καὶ
1510 4724 1724 4788 δεικνὺς
1771 4725 1892 4795 οὐχὶ
1919 4726 2019 4797 τῆς

358 4810 580 4882 σαρκὸς,
605 4809 788 4875 καθώς
827 4828 973 4873 τινες
1010 4811 1117 4864 τῶν
1160 4809 1451 4882 αἱρετικῶν
1507 4827 1690 4880 φασιν,
1744 4811 1878 4866 ἀλλά
1921 4814 2020 4884 τῆς

358 4896 597 4960 διανοίας
618 4897 746 4950 ὄντα
765 4897 866 4974 τῆς
892 4899 1134 4970 πονηρᾶς
1168 4896 1462 4963 ἐπιθυμίας
1495 4898 1563 4951 τά
1585 4898 1840 4970 ἀρμαρτή
1851 4917 2017 4970 ματα,

358 4985 455 5037 καὶ
482 4984 584 5054 τὴν
612 4984 796 5055 πηγὴν
816 4985 1022 5038 ἐκεῖθεν
1063 4980 1228 5039 οὖσαν
1260 4984 1368 5038 τῶν
1407 4986 1614 5040 κακῶν.
1652 4984 1871 5058 Ἐπειδὴ
1909 4987 2018 5059 γὰρ

358 5072 390 5123 ὁ
420 5071 544 5135 νοῦς
566 5070 824 5142 ἀδόκιμος
867 5071 1080 5140 γέγονε,
1127 5072 1306 5127 πάντα
1354 5073 1639 5145 παρεσύρη
1683 5073 1870 5127 λοιπὸν
1926 5075 2021 5130 καὶ

360 5159 641 5231 ἀνετράπη
670 5171 721 5224 ι,
774 5158 868 5212 τοῦ
909 5158 1125 5230 ἡνιόχου
1169 5158 1575 5230 διαφθαρέντος.
1623 5161 2021 5230 Πεπληρωμέ-

358 5262 508 5312 νους
525 5245 694 5315 πάσῃ
727 5246 946 5316 ἀδικίᾳ,
980 5247 1256 5315 πονηρίᾳ,
1285 5248 1628 5315 πλεονεξίᾳ,
1657 5250 1855 5316 κακίᾳ.
1879 5250 2020 5319 Ὅρα

359 5331 539 5385 πάντα
570 5334 687 5403 μετ’
704 5332 1006 5395 ἐπιτάσεως
1031 5348 1045 5363 ’
1076 5332 1174 5385 καὶ
1200 5333 1310 5404 7&9
1342 5333 1854 5403 Πεπλτιρωμένους
1881 5329 2021 5395 εἷναί

361 5434 515 5488 φησι,
548 5420 644 5473 καὶ
698 5419 894 5489 Πάσῃ.
938 5420 1240 5491 Ὀνομάσας
1298 5419 1357 5474 δὲ
1413 5418 1645 5489 γενικῶς
1680 5418 1779 5490 τὴν
1801 5421 2019 5484 κακίαν,

361 5504 454 5557 καὶ
479 5506 594 5567 τοῖς
620 5504 841 5575 μέρεσιν
873 5505 1246 5577 ἐπεξέρχεται,
1283 5505 1378 5560 καὶ
1397 5504 1607 5570 τούτοις
1649 5505 1766 5576 μεθ’
1791 5506 2022 5579 ὑπερϐο-

362 5585 676 5657 λῆς,λέγων
719 5594 996 5658 Μεστοὺς
1042 5594 1292 5661 φθόνου,
1344 5593 1556 5662 φόνου,
1615 5590 1789 5646 Τοῦτο
1822 5594 1931 5664 7&9
1961 5593 2022 5659 ἐξ

365 5670 597 5738 ἐκείνου,
631 5673 823 5745 ῶσπερ
848 5677 942 5731 ἐπὶ
964 5678 1058 5732 τοῦ
1085 5678 1247 5733 ’Λϐελ
1281 5680 1375 5733 καὶ
1400 5678 1494 5734 τοῦ
1547 5679 1745 5749 Ἰωσὴφ
1778 5679 2010 5753 ἐδείχθη.

427 5773 579 5835 ‘Alii,
599 5777 891 5838 παρετράπη.

2117 3172 2251 3232 Εἶτα
2273 3177 2466 3242 εἰπὼν,
2487 3178 2746 3247 Ἔριδος,
2775 3177 2983 3241 δόλου,
3005 3173 3380 3243 κακοηθείας,
3403 3174 3782 3244 ψιθυριστὰς,

2115 3265 2519 3332 καταλάλους,
2551 3266 2895 3335 θεοστυγεῖς
2914 3306 2928 3332 ,
2960 3263 3267 3333 ὑϐριστὰς,
3310 3263 3403 3315 καὶ
3429 3262 3497 3315 τά
3528 3261 3783 3316 δοκοῦντα

2115 3353 2381 3424 ἀδιάφορα
2414 3350 2556 3408 εἶναι
2612 3355 2826 3419 πολλοῖς
2869 3356 2927 3408 ἐν
2953 3353 3101 3419 τάξει
3137 3352 3249 3416 θεὶς
3277 3351 3661 3423 ἐγκλημάτων,
3689 3349 3783 3406 αὖ·

2117 3439 2195 3505 ξει
2224 3441 2385 3496 πάλιν
2409 3443 2509 3514 τὴν
2531 3442 2889 3512 κατηγορίαν,
2938 3441 3031 3494 ἐπὶ
3065 3439 3167 3511 τὴν
3217 3438 3513 3511 ἀκρόπολιν
3574 3437 3784 3500 ἀναϐάς

2114 3527 2224 3581 τῶν
2254 3528 2462 3592 κακῶν,
2511 3528 2606 3583 καὶ
2654 3528 2827 3582 εἰπὼν
2866 3524 3205 3593 Ἀλαζόνας.
3240 3525 3348 3580 τοῦ
3393 3525 3501 3596 7&9
3533 3524 3785 3596 ἁμαρτά-

2112 3632 2224 3668 νειν
2276 3616 2338 3669 τὸ
2386 3616 2484 3671 καὶ
2532 3617 2914 3688 ἁμαρτάνοντα
2937 3617 3151 3686 φρονεῖν
3190 3613 3351 3685 μέγα,
3380 3612 3783 3685 χαλεπώτερονσ

2113 3701 2195 3755 διδ
2223 3703 2315 3757 xal
2349 3703 2656 3776 Κορινθίοις
2685 3702 2817 3758 αὐτό
2842 3701 3066 3770 ἐγκαλεῖ
3101 3700 3299 3770 λέγων’
3336 3700 3450 3754 Καὶ
3479 3699 3651 3770 ὑμεῖς
3678 3714 3782 3754 πε-

2114 3789 2478 3860 φυσιωμένοι
2506 3789 2666 3845 ἐστέ.
2712 3790 2777 3843 Εἰ
2824 3784 2933 3861 7&9
2998 3788 3092 3841 ἐπὶ
3139 3786 3527 3858 κατορθώματί
3556 3804 3644 3849 τις
3681 3803 3782 3854 φυ-

2119 3879 2360 3950 σώμενος
2388 3880 2450 3933 τὸ
2480 3882 2589 3935 πᾶν
2614 3877 2916 3944 ἀπώλεσεν,
2949 3879 2979 3931 ό
3018 3877 3154 3949 μετά
3182 3877 3597 3949 ἁμαρτημάτων
3625 3874 3784 3930 τοῦτο

2117 3967 2306 4029 ποιῶν,
2329 3966 2501 4036 πόσης
2516 3968 2629 4019 ὀὐκ
2663 3965 2728 4020 ἀν
2749 3966 2833 4036 εἴη
2866 3965 3137 4036 τιμωρίας
3162 3962 3337 4032 ἀξιος;
3361 3963 3482 4017 ούδέ
3531 3964 3643 4035 γάρ
3689 3979 3775 4034 μευ

2114 4051 2390 4122 ταγνῶναι
2444 4052 2734 4124 δυνήσεται
2783 4052 2968 4105 λοιπὸν
3021 4054 3049 4107 ὁ
3105 4051 3364 4115 τοιοῦτος.
3412 4047 3546 4103 Εἶτά
3591 4062 3779 4121 φησιν,

2130 4139 2485 4207 Ἔφευρετὰς
2529 4137 2735 4193 κακῶν
2766 4154 2782 4170 ·
2814 4136 3012 4210 δηλῶν,
3057 4138 3138 4192 ὅτι
3190 4137 3316 4191 οὐδὲ
3342 4138 3456 4201 τοῖς
3484 4136 3588 4207 ήδη
3632 4132 3781 4190 οὖσιν

2117 4225 2490 4297 ἠρκέσθησαν,
2518 4225 2654 4280 ἀλλά
2685 4225 2774 4280 καὶ
2803 4225 3032 4297 ἐφεῦρον
3069 4224 3233 4295 ἐτερα
3268 4240 3284 4255 ·
3316 4224 3456 4295 ὅπερ
3481 4221 3643 4276 πάλιν
3689 4237 3786 4293 με-

2118 4310 2397 4365 λετώντων
2425 4307 2492 4383 ἦν
2525 4312 2619 4366 καὶ
2645 4310 3077 4376 σπουδαζόντων,
3125 4311 3246 4382 οὐχὶ
3290 4308 3782 4381 συναρπαζομένων

2122 4399 2215 4453 καὶ
2242 4400 2733 4471 παρασυρομένων.
2770 4397 2953 4453 Εἰπὼν
2974 4399 3031 4452 δέ
3059 4399 3200 4452 κατὰ
3227 4397 3394 4470 μέρος
3430 4396 3528 4468 τὴν
3555 4396 3779 4459 κακίαν,

2120 4487 2213 4541 καὶ
2231 4487 2432 4554 δείξας,
2454 4488 2537 4541 ὅτι
2579 4487 2675 4540 καὶ
2706 4487 2843 4558 πρὸς
2893 4486 3062 4558 αὐτὴν
3102 4485 3266 4540 πάλιν
3303 4484 3400 4556 τὴν
3429 4481 3582 4556 [461]
3618 4481 3781 4550 φύσιν

2118 4572 2356 4643 έστησαν
2376 4573 2659 4640 (Γονεῦσι
2681 4573 2810 4646 γὰρ,
2838 4574 3024 4644 φησὶν,
3054 4571 3365 4639 ἀπειθεῖς),
3397 4571 3490 4623 ἐπὶ
3508 4569 3605 4640 τὴν
3625 4567 3781 4640 ῥίζαν

2117 4660 2304 4714 λοιπὸν
2357 4662 2570 4731 πρόεισι
2616 4661 2714 4730 τῆς
2754 4660 3023 4731 τοσαύτης
3053 4659 3252 4729 λύμης,
3297 4656 3659 4725 Ἀστόργους
3684 4651 3780 4706 καί

2119 4747 2469 4815 ἀσπόνδους
2516 4745 2719 4802 καλῶν.
2777 4745 2994 4818 Ταύτην
3037 4745 3147 4816 γὰρ
3194 4744 3289 4798 καὶ
3335 4744 3365 4797 ὁ
3405 4741 3640 4813 Χριστὸς
3683 4739 3783 4811 τὴν

2120 4835 2300 4889 αἰτίαν
2331 4832 2470 4889 εἷναί
2514 4851 2648 4905 φησι
2701 4833 2801 4902 τῆς
2850 4833 3134 4903 πονηρίας,
3166 4830 3341 4900 λέγων
3364 4846 3380 4860 ο
3414 4829 3601 4883 Ὅταν
3625 4830 3781 4894 πλη-

2121 4920 2314 4991 θυνθῇ
2351 4923 2390 4989 ἡ
2434 4922 2670 4991 ἀνομία,
2722 4918 3063 4991 ψυγήσεται
3105 4920 3144 4986 ἡ
3191 4916 3413 4988 ἀγάπη.
3443 4914 3614 4970 Τοῦτο
3650 4912 3785 4984 γοῦν

2120 5009 2216 5062 καὶ
2255 5007 2490 5062 ἐνταῦθα
2529 5008 2676 5076 λέγει
2729 5009 2758 5061 ό
2811 5005 3042 5071 Παῦλος,
3097 5004 3518 5067 Ἀσυνθέτους,
3575 5001 3784 5068 ἀστόρ-

2121 5114 2286 5165 γους,
2320 5094 2668 5160 ἀσπόνδους
2689 5134 2703 5161 ,
2752 5090 3163 5162 ἀνελεήμονας
3208 5090 3412 5154 καλῶν,
3459 5088 3553 5142 καὶ
3580 5085 3780 5157 δηλῶν,

2121 5182 2202 5235 ὅτι
2223 5182 2317 5235 καὶ
2341 5182 2470 5234 αὐτὸ
2507 5180 2568 5234 τὸ
2595 5181 2693 5250 τῆς
2724 5180 2939 5250 φύσεως
2964 5177 3283 5251 προῦδωκαν
3316 5176 3509 5243 δῶρον.
3538 5174 3670 5244 Ἔχο
3681 5188 3781 5241 μεν

2120 5269 2231 5341 7&9
2261 5270 2355 5324 καὶ
2373 5270 2609 5340 φυσικήν
2637 5285 2758 5322 τινα
2801 5268 2934 5339 πρὸς
2961 5267 3225 5337 ἀλλήλους
3274 5264 3567 5324 οἰκείωσιν,
3596 5261 3660 5332 ἢν
3688 5260 3786 5315 καὶ

2122 5357 2286 5429 θηρία
2316 5358 2453 5429 πρὸς
2474 5356 2675 5430 ἄλληλα
2707 5355 3021 5427 κέκτηνται.
3061 5353 3193 5409 Πᾶν
3240 5351 3350 5422 γὰρ
3396 5349 3562 5415 ζ’ὦον,
3593 5345 3782 5418 φησὶν,

2121 5442 2321 5514 ἀγαπᾷ
2344 5445 2411 5499 τὸ
2432 5446 2638 5514 ὅμοιον
2654 5442 2863 5509 αὑτοῦ,
2893 5443 2992 5496 καί
3021 5442 3335 5510 ἄνθρωπος
3370 5436 3480 5492 τὸν
3514 5434 3786 5501 πλησίω⁹

2119 5531 2325 5586 αὐτοῦ.
2368 5530 2517 5583 Ἀλλ’
2547 5524 2693 5583 οῦτοι
2737 5528 3008 5583 κάκείνων
3058 5525 3401 5597 κατέστησαν
3431 5518 3779 5594 ἀγριώτεροι.

2121 5618 2234 5688 Τὴν
2268 5618 2371 5688 μὲν
2410 5612 2503 5672 οὖν
2526 5617 2681 5671 νόσον
2716 5616 2813 5688 τὴν
2841 5614 2949 5669 ἀπὸ
2982 5614 3092 5668 τῶν
3122 5610 3376 5684 πονηρῶν
3394 5608 3679 5678 δογμάτων

2124 5686 2415 5774 οἰκουμένῃ
2446 5703 2745 5777 γενομένην
2770 5686 2879 5755 ’διὰ
2926 5700 3133 5753 τούτων
3163 5700 3295 5769 ἡμῖν
3323 5694 3657 5777 παρέστησε,
3690 5686 3785 5777 καὶ

2132 5789 2310 5863 σαφῶς
2349 5789 2515 5854 ἔδειξε
2556 5774 2808 5853 τῆς-τῶν
2846 5776 3143 5842 νοσούντων
3185 5782 3457 5856 ῥᾳθυμίας
3482 5779 3580 5851 τὴν
3606 5774 3788 5847 ἀρῤωι
