4122 6150
373 357 473 416 491

373 480 468 552 qui
516 473 770 534 inutiliter
818 466 1085 526 laboraret
1117 465 1204 521 :si
1247 476 1372 520 vero
1411 471 1560 517 extra
1596 470 1881 529 vagantes,
1913 468 1966 512 et

375 548 497 627 sine
529 569 683 624 freno
712 566 1107 620 circumeuntes
1131 555 1342 622 viderit,
1374 571 1404 610 a
1439 553 1594 609 nobis
1619 559 1836 620 arrepto
1867 548 1971 602 ini-

342 711 349 719 .
380 665 458 720 tio
489 663 689 731 ubique
729 673 826 713 nos
853 655 1110 723 deinceps
1139 666 1169 706 a
1195 665 1357 722 grege
1385 647 1617 718 dejicere
1641 644 1854 714 poterit.
1904 642 1969 696 Et

379 753 525 824 quod
553 753 693 805 inter
718 759 909 803 servos
940 742 1114 814 ignavi
1145 742 1198 794 in
1226 741 1341 794 foro
1368 738 1660 808 patiuntur,
1688 733 1780 802 qui
1809 732 1967 786 mini-

381 821 547 899 steria
593 835 896 895 necessaria
946 833 1291 901 relinquunt,
1337 843 1434 898 pro
1477 825 1670 896 quibus
1713 824 1782 878 ab
1825 821 1970 894 beris

382 933 531 990 missi
560 931 803 994 fuerant,
833 938 1039 982 temere
1075 933 1128 978 et
1168 922 1285 977 sine
1315 934 1476 975 causa
1502 919 1566 974 iis
1591 917 1683 988 qui
1709 931 1968 986 superve—

383 1028 536 1082 niunt
576 1024 863 1084 merentes,
906 1027 960 1073 et
1002 1017 1169 1071 otium
1218 1013 1290 1067 ibi
1333 1019 1710 1066 consumentes
1745 1027 1758 1062 :
1791 1009 1970 1062 hocet

383 1117 538 1172 nobis
567 1111 785 1176 accidit,
811 1125 932 1164 eum
959 1123 991 1162 a
1019 1105 1300 1177 praeceptis
1337 1103 1430 1158 Dei
1471 1101 1817 1158 discedimus.
1852 1099 1971 1154 Sta-

385 1222 502 1262 mus
522 1203 664 1260 enim
690 1203 944 1268 deinceps
975 1197 1186 1252 divitias
1213 1193 1553 1248 admirationi
1587 1191 1844 1246 habentes
1869 1229 1882 1250 .
1915 1196 1970 1242 et

385 1293 830 1367 pulchritudinem
861 1287 1130 1357 corporis,
1157 1293 1212 1340 et
1237 1294 1432 1339 eastera
1463 1297 1582 1352 qua:
1611 1281 1742 1336 nihil
1768 1279 1834 1333 ad
1871 1293 1970 1333 nos

385 1388 613 1443 attinent
662 1399 678 1439 :
723 1380 1174 1454 quemadmodum
1229 1377 1306 1431 illi
1356 1377 1496 1431 servi
1544 1373 1970 1429 mendicantibus

389 1458 884 1547 praistigiatorihus,
929 1471 1020 1541 qui
1073 1468 1335 1524 mirabilia
1378 1476 1612 1539 patraut,
1645 1465 1966 1530 attendunt;

389 1570 582 1626 deinde
621 1582 741 1622 cum
790 1565 994 1620 tardius
1037 1561 1296 1627 redeunt,
1334 1559 1533 1614 domini
1568 1557 1736 1629 plagis
1762 1556 1970 1627 excepti

388 1669 656 1714 extremas
698 1655 828 1710 dant
864 1666 1072 1724 partas.
1119 1650 1269 1706 Multi
1301 1663 1430 1704 vero
1468 1649 1798 1719 propositam
1827 1647 1969 1700 viam

392 1747 799 1818 prietermittunt
818 1784 832 1809 ,
862 1743 995 1798 alios
1024 1741 1113 1811 qtti
1144 1741 1358 1810 indigne
1387 1754 1447 1794 se
1482 1740 1707 1809 agebant
1735 1754 1970 1808 sequen-

391 1849 490 1893 tes.
537 1836 642 1892 Sed
672 1850 772 1909 nos
797 1850 865 1889 ne
895 1832 999 1888 hoc
1025 1832 1280 1886 faciamus
1310 1848 1326 1884 :
1357 1831 1555 1885 etenim
1599 1829 1748 1883 missi
1788 1842 1971 1883 sumus

390 1929 454 1984 ad
489 1928 651 1983 multa
681 1942 800 1996 qtae
833 1933 1022 1995 urgent
1059 1922 1412 1994 perficienda;
1458 1929 1512 1975 et
1560 1922 1604 1975 si
1645 1922 1820 1975 missis
1862 1921 1970 1975 illis

390 2031 614 2084 stemus,
660 2018 867 2073 inutilia
910 2015 1001 2070 illa
1049 2015 1215 2068 hianti
1265 2029 1360 2068 ore
1405 2012 1774 2082 respicientes,
1824 2013 1969 2066 omni

394 2122 632 2180 tempore
671 2110 825 2164 nobis
868 2107 1065 2163 frustra
1113 2107 1402 2176 insumpto,
1431 2115 1700 2158 extremas
1728 2103 1971 2158 dabimus

396 2217 603 2273 poenas.
631 2202 687 2256 Si
714 2201 855 2256 enim
885 2209 938 2256 te
963 2213 1215 2255 exercere
1242 2197 1377 2252 velis
1400 2237 1416 2262 ,
1450 2195 1614 2250 habes
1644 2211 1761 2264 qua:
1789 2195 1969 2248 mirari

393 2294 611 2362 debeas,
639 2303 690 2348 et
715 2293 780 2346 ad
803 2307 921 2362 qua:
951 2291 1152 2344 inhiare
1178 2289 1323 2343 omni
1357 2299 1596 2356 tempore
1628 2286 1819 2353 possis,
1850 2299 1969 2353 quas

392 2403 498 2442 non
531 2387 660 2450 risu,
689 2385 784 2440 sed
811 2383 1162 2438 admiratione
1201 2391 1256 2436 et
1297 2380 1544 2435 laudibus
1593 2379 1772 2433 multis
1811 2378 1970 2447 digna

388 2487 513 2534 sunt
538 2496 552 2532 :
583 2476 1031 2549 quemadmodum
1060 2483 1248 2530 contra
1277 2475 1340 2542 is,
1373 2475 1460 2544 qui
1493 2472 1713 2526 ridicula
1739 2470 1966 2525 admira-

390 2580 494 2635 tur,
523 2571 635 2640 ipse
662 2570 780 2624 talis
805 2569 928 2636 erit,
959 2578 1014 2623 et
1039 2568 1205 2622 risum
1243 2577 1491 2620 movente
1525 2565 1798 2619 deterior:
1825 2563 1970 2634 quod

388 2677 454 2716 ne
485 2661 575 2715 tibi
607 2661 828 2726 accidat,
860 2660 968 2714 cito
995 2660 1224 2714 resllias.

460 2751 762 2806 Diuitiarum
799 2769 920 2808 usus
961 2753 1128 2806 malus
1173 2768 1325 2823 quam
1372 2750 1626 2804 miseriam
1665 2749 1869 2818 inferat.
1901 2779 1975 2790 -—-

388 2845 524 2914 Quid
544 2887 559 2912 ,
592 2861 795 2916 quzcsn,
826 2858 936 2900 stas
963 2845 1160 2900 divitiis
1191 2843 1438 2898 inhians?
1484 2842 1610 2912 quid
1658 2842 1972 2896 admirabile

390 2935 536 2988 vides
555 2975 570 3000 ,
611 2937 749 3004 quod
792 2937 957 3004 possit
982 2935 1168 2989 oculos
1197 2946 1316 2988 tuos
1343 2933 1616 2988 detinere?
1647 2948 1814 3005 equos
1842 2949 1972 2988 auro

389 3037 627 3092 ornatos,
670 3028 930 3090 famulos,
974 3028 1109 3082 alios
1157 3025 1442 3092 barbaros,
1489 3025 1626 3080 alios
1668 3023 1968 3094 eunuchos,

1492 339 1556 397 ΙΝ
1597 339 1811 396 EPIST.
1843 338 1936 394 AD
1975 335 2137 394 ΒΘΗ.
2173 335 2402 392 ΗΟΜΙῙ..
2446 336 2512 394 ν.

3551 347 3656 404 4'22

2075 459 2380 527 splendidas
2404 468 2600 528 vestes,
2629 460 2861 517 animam
2906 463 2959 519 in
3005 463 3087 521 his
3131 467 3442 532 emollitam,
3472 469 3655 525 subla-

2073 558 2185 604 tum
2227 552 2591 620 supercilium.
2620 554 3158 613 cireumcursationes
3181 600 3196 624 ,
3234 559 3533 616 tumultus?
3571 563 3653 614 An

2075 640 2191 695 ham
2219 641 2572 699 admiratione
2599 645 2794 715 digna?
2825 645 2877 700 in
2905 661 3012 716 quo
3038 658 3212 704 autem
3238 649 3490 707 differunt
3528 653 3583 707 hi
3623 669 3656 708 ει

2075 733 2335 788 mendicis
2365 733 2680 790 salmntibus
2707 743 2763 790 et
2785 736 3124 792 sibilantibus
3157 740 3208 794 in
3238 741 3393 797 foro?
3435 743 3566 798 Nam
3600 755 3655 799 et

2073 821 2126 876 hi
2157 823 2324 878 multa
2351 824 2563 879 virtutis
2605 825 2746 880 fame
2785 826 3023 892 detenti,
3052 828 3304 885 choreum
3334 832 3534 888 ducunt
3565 836 3652 889 illa

2072 912 2457 980 ritlienliorem,
2483 917 2586 970 acti
2616 925 2670 970 et
2695 918 3022 983 circumacti,
3051 935 3191 974 nune
3219 923 3284 975 ad
3314 922 3481 978 lautas
3505 941 3654 978 men-

2073 1019 2181 1070 sas,
2213 1021 2352 1060 nunc
2372 1007 2438 1060 ad
2460 1008 2816 1063 diversorium
2843 1012 3166 1066 amasiarum
3190 1013 3492 1081 mulierum,
3515 1033 3654 1072 nunc

2072 1096 2138 1151 ad
2169 1098 2498 1153 adulatorum
2522 1109 2577 1154 et
2598 1104 2950 1170 parasitorum
2973 1106 3204 1171 agmina.
3236 1105 3293 1161 Si
3317 1121 3442 1162 vero
3465 1124 3650 1162 aurum

2073 1195 2301 1258 gestant,
2327 1188 2446 1243 ideo
2471 1192 2703 1246 maxime
2732 1192 3066 1249 miserabiles
3089 1204 3234 1262 sunt,
3255 1196 3377 1266 quia
3408 1198 3518 1264 illa,
3538 1214 3656 1268 quae

2074 1277 2207 1331 nihil
2249 1277 2313 1332 ad
2357 1292 2416 1333 se
2457 1280 2718 1348 attinent,
2754 1283 2924 1353 magis
2949 1283 3049 1338 sibi
3080 1301 3221 1340 cura:
3247 1295 3391 1341 sunt.
3424 1286 3501 1341 Ne
3526 1288 3656 1342 mihi

2073 1371 2394 1426 vestimenta
2421 1372 2635 1429 illorum
2663 1375 2935 1445 respicias,
2967 1378 3060 1432 sed
3091 1393 3277 1434 eorum
3305 1380 3540 1434 animam
3570 1396 3660 1435 re-

2075 1469 2213 1531 tege,
2232 1474 2288 1517 et
2309 1465 2576 1534 perpende
2596 1481 2774 1521 annon
2797 1469 2943 1523 mille
2963 1470 3032 1524 sit
3053 1471 3362 1526 vulneribus
3382 1471 3652 1538 confossa,

2073 1562 2126 1607 et
2147 1554 2338 1609 laceris
2363 1557 2548 1623 pannis
2574 1558 2775 1624 induta,
2799 1573 2978 1616 annon
3003 1562 3072 1615 sit
3098 1562 3311 1618 deserta
3337 1575 3392 1619 et
3415 1565 3531 1619 sine
3562 1581 3658 1636 pa-

2076 1647 2322 1701 trocinio.
2369 1648 2499 1716 Quae
2530 1651 2730 1706 utilitas
2765 1651 2909 1708 illius
2937 1663 3173 1709 externa:
3207 1655 3463 1710 insanire?
3488 1657 3658 1712 Multo

2074 1741 2264 1794 melius
2289 1750 2368 1794 est
2393 1757 2678 1811 pauperem
2707 1758 2827 1800 esse
2853 1756 2904 1800 et
2936 1746 2989 1800 in
3014 1747 3210 1801 virtute
3239 1749 3402 1803 vitam
3433 1749 3652 1815 dueere,

2074 1846 2232 1901 quam
2253 1847 2374 1887 eum
2398 1835 2632 1903 nequitia
2660 1851 2838 1905 regem
2860 1849 3000 1892 esse.
3029 1837 3240 1907 Pauper
3262 1839 3404 1893 enim
3434 1841 3574 1909 apud
3595 1856 3656 1896 se

2073 1922 2219 1976 omni
2250 1924 2540 1978 secundum
2572 1927 2804 1980 animam
2833 1929 3105 1998 voluptate
3145 1930 3370 1996 fruitur,
3401 1947 3574 2001 neque
3602 1934 3653 1986 in

2073 2028 2293 2068 sensum
2317 2014 2462 2068 venit
2493 2015 2635 2069 illius
2660 2026 2896 2071 externa:
2921 2021 3250 2088 paupertatis
3273 2061 3288 2087 ,
3317 2021 3387 2076 ob
3419 2023 3655 2078 internas

2073 2102 2328 2159 divitias:
2361 2119 2454 2158 rex
2481 2120 2613 2160 vero
2638 2106 2690 2160 in
2715 2107 2918 2161 deliciis
2942 2109 3148 2176 vivens,
3176 2111 3226 2164 in
3259 2112 3353 2174 iis,
3389 2127 3508 2182 qua:
3548 2129 3655 2167 non

2074 2195 2172 2266 ipsi
2203 2197 2550 2265 etingruentia
2587 2207 2729 2261 sunt,
2765 2197 2816 2251 in
2859 2199 2923 2253 iis
2966 2215 3083 2268 qua:
3125 2201 3354 2256 maxime
3379 2203 3446 2256 ad
3477 2202 3678 2272 ipsum-

2072 2287 2300 2341 attinent
2337 2287 2627 2353 cruciatur,
2677 2288 2729 2342 in
2777 2289 2974 2353 anima,
3024 2290 3076 2344 in
3124 2291 3554 2360 cogitationibus,
3601 2295 3655 2348 in

2071 2379 2418 2447 conscientia,
2441 2396 2560 2449 qua:
2588 2395 2690 2433 una
2721 2394 2903 2434 secum
2936 2381 3026 2435 illo
3055 2383 3501 2453 commigrabunt.
3533 2386 3656 2441 llaec

2074 2470 2232 2540 igitur
2251 2486 2370 2525 eum
2393 2471 2644 2535 sciamus,
2668 2471 2984 2526 vestimenta
3008 2473 3220 2542 quidem
3241 2489 3400 2530 aurea
3421 2475 3658 2546 deporta-

2073 2563 2465 2626 mus,virtutem
2483 2577 2820 2618 assumamus
2836 2574 2887 2618 et
2901 2563 3224 2634 voluptatem
3239 2581 3304 2622 ex
3324 2567 3407 2620 illa
3425 2577 3651 2637 partam.
3678 2596 3682 2600 -

2073 2651 2161 2708 Sic
2189 2653 2332 2706 enim
2360 2663 2415 2706 et
2443 2651 2529 2706 hie
2555 2663 2611 2708 et
2641 2655 2751 2708 illic
2777 2656 2944 2709 multa
2987 2655 3230 2711 fruemur
3267 2660 3534 2728 voluptate
3553 2700 3569 2725 ,
3602 2672 3657 2716 et

2076 2747 2337 2816 promissa
2389 2762 2783 2816 consequemur
2825 2751 2984 2816 bona,
3027 2753 3192 2819 gratia
3236 2763 3292 2807 et
3333 2753 3656 2824 benignitate

2076 2839 2285 2893 Domini
2325 2841 2491 2895 nostri
2533 2839 2661 2896 Jesu
2688 2841 2910 2904 Christi,
2937 2845 3150 2912 quicum
3181 2845 3323 2899 Patri
3355 2857 3409 2900 et
3435 2847 3653 2916 Spiritui

2073 2939 2260 2984 sancto
2289 2931 2479 3000 gloria,
2513 2931 2708 3000 honor,
2737 2934 3041 3004 imperium,
3070 2951 3212 2991 nunc
3238 2947 3292 2991 et
3321 2952 3528 3008 semper
3551 2980 3568 3007 ,
3600 2951 3656 2996 et

2072 3022 2127 3078 in
2153 3022 2347 3079 siccula
2375 3023 2716 3077 stueulornm.
2749 3025 2942 3079 Amen.

1849 3231 2190 3292 HOMILIA
2235 3231 2285 3292 V
2297 3275 2312 3290 .

391 3385 515 3440 CAP.
553 3383 602 3436 1.
637 3396 688 3435 v.
719 3379 809 3435 28.
839 3379 983 3434 Sicut
1018 3393 1118 3430 non
1150 3376 1482 3445 probaverunt
1517 3373 1678 3427 Deum
1707 3373 1888 3426 habere
1918 3376 1969 3425 in

465 3476 659 3540 notitia,
690 3473 898 3527 tradidit
925 3487 1009 3526 eos
1031 3468 1282 3524 Dominus
1304 3470 1357 3522 in
1381 3466 1647 3538 reprobum
1677 3481 1900 3529 sensum,
1919 3471 1974 3515 ut

466 3572 682 3638 facerent
711 3582 770 3618 ea
803 3580 918 3634 qua
945 3579 1044 3617 non
1069 3562 1389 3615 conveniunt.

464 3661 516 3714 1.
553 3657 620 3714 Ut
644 3672 712 3712 ne
742 3654 1014 3710 videretur
1049 3653 1166 3707 illos
1191 3651 1549 3714 subindicare,
1581 3656 1860 3718 postquam
1885 3645 1973 3700 diu

391 3753 534 3809 circa
591 3762 875 3821 puerorum
934 3758 1172 3800 amorem
1225 3750 1467 3797 versatus
1516 3740 1707 3803 fuerat,
1757 3737 1821 3790 ad
1872 3737 1975 3788 alia

395 3842 587 3899 deinde
610 3849 945 3911 peccatorum
971 3850 1168 3907 genera
1196 3833 1444 3888 transivit
1471 3850 1486 3885 :
1512 3830 1740 3898 ideoque
1760 3827 1825 3881 ad
1845 3826 1978 3880 alias

396 3949 654 4005 personas
696 3942 860 3985 totum
905 3943 1206 3984 sermonem
1239 3923 1513 3980 transfert.
1542 3922 1610 3977 Et
1636 3937 1698 3976 ac
1742 3921 1785 3974 si
1831 3934 1975 3974 sem-

397 4043 491 4098 per
520 4025 704 4080 fideles
725 4023 794 4078 de
823 4022 1054 4092 peccatis
1097 4020 1482 4090 alloqneretur,
1531 4025 1588 4070 ut
1618 4015 1702 4069 illa
1729 4012 1976 4084 fugienda

397 4134 515 4174 esse
563 4123 982 4178 commonstret,
1040 4122 1228 4182 gentes
1293 4112 1344 4165 in
1407 4108 1639 4164 medium
1710 4105 1975 4175 producit,

398 4211 582 4266 dicens
627 4228 642 4265 :
691 4207 816 4262 Non
872 4207 926 4260 in
985 4205 1219 4275 passione
1269 4201 1526 4267 desiderii,
1580 4200 1706 4253 sicut
1757 4207 1802 4250 et
1854 4197 1977 4250 reli-

398 4317 510 4370 quas
556 4310 744 4370 gentes,
796 4314 910 4368 qua:
954 4295 1114 4349 Deum
1161 4311 1265 4348 non
1311 4299 1554 4347 noverunt
1593 4291 1671 4358 (1.
1718 4287 1888 4340 Thess.
1924 4287 1974 4339 4.

401 4395 456 4461 5)
488 4413 501 4448 :
529 4403 584 4448 et
613 4407 842 4455 rursum,
893 4388 973 4453 Ne
1001 4386 1365 4442 contristentini
1387 4424 1403 4446 ,
1436 4385 1563 4436 sicut
1600 4391 1645 4434 et
1688 4380 1871 4434 caeteri.
1895 4378 1982 4447 qui

400 4503 538 4558 spem
565 4503 664 4539 non
692 4486 872 4538 habent
901 4481 1060 4553 (Ibid.
1095 4497 1143 4534 υ.
1179 4480 1266 4549 13)
1292 4494 1305 4530 :
1334 4480 1411 4532 sic
1432 4486 1485 4531 cl
1511 4476 1612 4530 hoc
1633 4475 1749 4528 loco
1772 4474 1980 4527 illorum

406 4587 621 4648 peccata
651 4576 900 4641 exhibet,
932 4573 1158 4642 illosque
1201 4569 1268 4623 ab
1308 4569 1454 4622 omni
1500 4567 1654 4620 venia
1697 4564 1980 4619 deturbat:

407 4687 511 4726 non
534 4670 676 4724 enim
703 4683 798 4738 per
824 4665 1173 4736 ignorantiam
1210 4660 1470 4726 admissa,
1505 4660 1596 4713 sed
1625 4657 1876 4712 meditata
1900 4656 1984 4709 di-

403 4764 476 4820 cit
500 4779 618 4820 esse
648 4762 904 4818 facinora.
935 4761 1271 4828 Quapropter
1298 4770 1403 4810 non
1425 4753 1555 4808 dicit
1584 4769 1598 4804 :
1629 4751 1696 4806 Et
1716 4751 1854 4805 sient
1880 4765 1984 4802 non

403 4865 795 4927 cognoverunt;
820 4851 935 4915 sed,
965 4851 1112 4906 Sicut
1136 4865 1236 4903 non
1263 4845 1598 4919 probaverunt
1619 4841 1783 4896 Deum
1809 4840 1990 4894 habere

405 4947 456 5000 in
491 4945 700 5009 notitia;
728 4959 793 4997 ex
833 4948 1083 5010 corrupto
1119 4938 1322 5009 judicio
1353 4947 1407 4993 et
1429 4951 1494 4992 ex
1516 4935 1859 4990 contentione
1889 4947 1987 5002 po-

407 5038 508 5092 tius
529 5051 686 5106 quam
718 5050 782 5090 ex
807 5033 990 5102 rapina
1021 5031 1204 5086 dicens
1231 5044 1354 5085 esse
1387 5036 1658 5098 peceatum
1682 5065 1698 5091 ,
1727 5033 1778 5080 et
1804 5033 1988 5078 osten-

406 5127 540 5182 dens
571 5140 676 5180 non
707 5139 775 5180 ex
802 5137 998 5188 carne,
1037 5129 1094 5176 ut
1121 5119 1336 5190 quidam
1369 5119 1737 5173 haereticorum
1768 5114 1950 5170 dicunt
1971 5155 1987 5182 ,

406 5217 500 5272 sed
527 5231 593 5272 ex
617 5215 797 5269 animo
824 5221 878 5268 et
907 5224 1087 5266 mente
1113 5211 1268 5265 make
1297 5209 1740 5278 concupiscentiae
1777 5215 1990 5275 peccata

411 5307 674 5380 proﬁcisci
700 5347 714 5372 ,
748 5314 801 5361 et
841 5306 982 5360 hunc
1026 5316 1147 5358 esse
1190 5301 1449 5355 malorum
1484 5301 1720 5354 omnium
1770 5299 1990 5352 fontem.

414 5401 698 5470 Postquam
728 5398 870 5453 enim
900 5410 1053 5450 mens
1081 5392 1310 5462 reproha
1339 5391 1474 5445 facta
1504 5400 1588 5445 est
1609 5431 1624 5456 ,
1657 5389 1835 5458 auriga
1866 5404 1993 5444 cor-

415 5499 600 5560 rupto,
622 5488 800 5544 omnia
845 5486 1060 5540 domum
1091 5481 1470 5538 labefactentur
1494 5490 1547 5534 et
1597 5480 1992 5534 subvertantur.

414 5580 500 5636 29.
528 5578 765 5649 Repfetos
791 5578 926 5632 omni
952 5575 1234 5646 iniquitate,
1261 5571 1497 5640 nequitia,
1523 5570 1756 5633 avaritia,
1778 5569 1992 5623 malitia.

422 5670 550 5725 \‘ide
573 5711 589 5735 ,
617 5669 796 5723 omnia
825 5666 1105 5724 confertim
1135 5682 1150 5718 :
1181 5677 1303 5718 nam
1335 5660 1572 5730 Repletos
1602 5660 1721 5714 illos
1745 5659 1911 5728 dicit,
1941 5668 1997 5714 et

426 5761 605 5825 Omni;
632 5769 686 5815 et
715 5774 834 5816 eum
865 5757 1120 5813 malitiam
1151 5756 1203 5811 in
1245 5766 1443 5825 genere
1481 5750 1840 5814 nominasset.
1881 5750 1992 5822 jam

2077 3381 2255 3434 partes
2295 3370 2414 3439 ejus
2461 3368 2832 3439 prosequitur,
2871 3379 2926 3425 et
2949 3368 3044 3424 has
3071 3385 3193 3427 cum
3221 3373 3544 3444 hyperbole,
3573 3379 3660 3436 di-
3692 3373 3698 3377 ⁷

2078 3475 2235 3526 cens,
2263 3459 2454 3514 Plenas
2481 3461 2669 3513 invidia
2688 3500 2704 3525 ,
2732 3460 2885 3514 aede.
2917 3461 3032 3516 Hoc
3063 3465 3204 3518 enim
3235 3479 3300 3520 ex
3332 3467 3421 3521 illo
3448 3469 3618 3526 oritur
3639 3513 3656 3537 ,

2081 3562 2138 3606 ut
2187 3552 2238 3606 in
2285 3552 2453 3606 Abele
2499 3561 2554 3606 et
2592 3553 2642 3606 in
2689 3552 2886 3622 Joseph
2930 3567 3278 3611 monetratum
3321 3568 3423 3614 est.
3459 3561 3662 3620 Deinde
3705 3602 3716 3610 .

2078 3658 2198 3697 cum
2222 3643 2464 3708 dixisset,
2487 3642 2828 3707 Contentione,
2860 3645 2996 3708 dolo,
3019 3647 3352 3717 malignitate,
3373 3651 3463 3706 50.
3489 3670 3665 3710 susur-

2079 3749 2250 3798 rones,
2281 3734 2607 3797 detractorcs,
2655 3732 2762 3787 Deo
2802 3752 3024 3804 perosos,
3069 3741 3472 3809 contumeliosos,
3501 3747 3663 3802 etiam

2083 3841 2145 3880 ea
2165 3866 2181 3889 ,
2215 3841 2333 3896 qua:
2364 3826 2546 3880 multis
2578 3825 2931 3882 indifferentia
2957 3843 3077 3884 esse
3102 3830 3375 3900 videntur,
3407 3834 3458 3889 in
3485 3837 3666 3891 crimi-

2083 3937 2210 3976 num
2262 3920 2449 3975 ordine
2507 3935 2743 3990 ponens;
2793 3929 2950 3990 auget
2995 3938 3179 3977 rursus
3230 3929 3672 3994 accusationem,

2083 4020 2363 4080 postquam
2385 4011 2437 4064 in
2468 4024 2647 4064 arcem
2675 4010 2936 4065 malorum
2967 4013 3229 4082 ascendit,
3260 4023 3313 4068 et
3341 4016 3664 4075 dixit,Arro-

2083 4113 2277 4173 gentes.
2307 4102 2532 4157 Gravius
2557 4112 2641 4157 est
2665 4102 2808 4156 enim
2829 4103 2992 4157 altum
3016 4118 3202 4172 sapere
3221 4114 3339 4173 post
3362 4117 3662 4175 peccaturo,

2086 4211 2243 4263 quam
2285 4209 2509 4263 peccare
2539 4211 2552 4247 :
2587 4193 2706 4248 ideo
2747 4194 3050 4248 Corinthios
3086 4196 3294 4248 incusat
3329 4196 3411 4250 his
3440 4200 3616 4254 verbis
3647 4216 3662 4255 :

2088 4284 2153 4338 Et
2179 4300 2262 4337 vos
2291 4284 2453 4352 inﬂati
2476 4283 2591 4336 estis
2618 4283 2695 4351 (1.
2730 4282 2848 4336 Cor.
2881 4284 2934 4337 5.
2956 4283 3036 4352 2).
3066 4283 3196 4337 Nam
3221 4285 3265 4338 si
3288 4287 3404 4354 quis
3426 4287 3492 4340 de
3523 4299 3668 4346 recte

2089 4375 2227 4428 facto
2254 4374 2465 4428 inﬂatus
2491 4381 2592 4437 est,
2625 4381 2789 4426 totum
2818 4372 2990 4441 perdit
3017 4391 3030 4428 ε
3060 4373 3148 4443 qui
3179 4389 3299 4428 enni
3331 4377 3562 4444 peccatis
3587 4379 3670 4433 iu-

2089 4468 2266 4531 flatur,
2290 4481 2394 4535 quo
2423 4479 2526 4519 non
2558 4464 2748 4534 dignus
2772 4463 2930 4518 fuerit
2955 4464 3250 4533 supplicio?
3270 4468 3358 4536 qui
3383 4468 3525 4524 enim
3550 4471 3670 4528 talis

2089 4570 2166 4613 est
2189 4600 2205 4625 ,
2251 4559 2565 4628 resipiscere
2597 4572 2701 4611 non
2731 4557 2950 4627 poterit.
3001 4557 3201 4612 Deinde
3240 4558 3346 4624 ait,
3380 4559 3671 4619 lnventores

2090 4653 2358 4716 malorum,
2391 4649 2695 4719 significans
2724 4664 2829 4702 non
2854 4657 2936 4703 sat
2960 4648 3088 4719 ipsis
3110 4649 3272 4706 fuisse
3295 4651 3404 4718 illa,
3427 4670 3544 4723 (pne
3559 4655 3668 4723 jam

2091 4744 2412 4808 exstabant,
2441 4741 2535 4798 sed
2564 4751 2616 4797 et
2644 4741 2747 4796 alia
2779 4742 3047 4797 invenisse
3079 4761 3092 4797 :
3124 4743 3264 4813 quod
3302 4745 3670 4802 rneditantium

2091 4845 2146 4889 et
2189 4834 2513 4890 studentium
2564 4843 2699 4901 erat,
2745 4835 2833 4904 qui
2881 4850 2912 4888 a
2961 4835 3122 4890 nullis
3166 4837 3573 4907 subriperentnr
3619 4848 3675 4894 et

2093 4926 2511 4982 attraherentur.
2559 4923 2689 4979 Cum
2730 4934 2908 4980 autem
2957 4927 3215 4981 malitiam
3260 4929 3557 4984 minutatim
3586 4929 3674 4984 di-

2094 5019 2283 5083 sisset,
2334 5026 2388 5072 et
2433 5017 2754 5071 ostendisset
2796 5017 2940 5086 ipsos
2985 5017 3037 5071 in
3079 5017 3266 5072 eadem
3309 5020 3420 5089 ipsa
3462 5021 3676 5078 stetisse

2097 5118 2282 5164 natura
2309 5108 2454 5176 (nam
2486 5108 2580 5172 ait,
2607 5106 2908 5162 Parentibus
2937 5124 3036 5161 non
3061 5109 3388 5180 obedientes),
3417 5110 3483 5165 ad
3511 5115 3675 5180 pestis

2097 5210 2259 5257 tantae
2282 5200 2514 5255 radicem
2539 5201 2617 5254 sie
2640 5201 2854 5255 demum
2885 5201 3077 5270 pergit,
3105 5201 3194 5255 5i.
3223 5200 3348 5255 Sine
3371 5201 3636 5268 a/I‘eetione
3652 5242 3674 5273 ,

2097 5292 2282 5359 absque
2324 5290 2510 5362 [tedere
2545 5289 2730 5345 dicens
2775 5291 2915 5346 illos.
2963 5291 3110 5345 Hanc
3152 5291 3296 5344 enim
3340 5300 3396 5346 et
3434 5292 3677 5349 Christus

2097 5397 2314 5437 causam
2353 5395 2472 5436 esse
2498 5382 2746 5451 nequitiae
2774 5381 2902 5435 dicit
2938 5398 2952 5436 ;
2978 5379 3103 5435 Cum
3131 5380 3456 5435 abundaverit
3486 5383 3678 5452 iniqui-

2099 5483 2196 5536 tas,
2224 5473 2510 5542 refrigescet
2538 5471 2724 5525 caritas
2755 5471 3027 5523 multorum
3051 5469 3260 5540 (Matth.
3292 5469 3384 5525 24.
3415 5471 3531 5534 12).
3568 5473 3677 5528 lloc

2100 5566 2261 5636 igitur
2292 5563 2376 5617 hic
2402 5561 2531 5616 dicit
2558 5561 2772 5628 Paulus,
2807 5559 3174 5630 Incompositos
3197 5601 3212 5624 ,
3253 5561 3363 5616 sine
3387 5561 3673 5629 alfactione,

2101 5657 2286 5726 absque
2325 5654 2510 5726 foedere
2532 5693 2549 5721 ,
2593 5653 2701 5706 sine
2727 5650 3070 5704 misericordia
3095 5666 3292 5714 vocans
3312 5692 3328 5719 ,
3359 5653 3676 5708 ostendens-

2102 5763 2206 5821 que
2249 5748 2392 5819 ipsos
2432 5743 2536 5801 hoc
2565 5753 2766 5801 natura:
2808 5743 3007 5798 donum
3053 5744 3368 5815 prodidisse.
3412 5744 3679 5802 Habemus
