4144 6146
484 334 589 390 4⁸25

488 448 634 503 enim
663 445 955 501 naturalem
983 443 1267 513 quemdam
1299 443 1364 497 ad
1388 445 1611 498 invicem
1638 444 1906 509 allectum,
1938 452 1995 496 ut
2018 453 2073 496 et

1228 332 1284 387 S.
1323 329 1597 387 JOANNIS
1619 320 2087 383 CllRYSOSTOlli
2128 327 2439 388 AllClllEP.
2481 335 3008 399 CONSTANTINOP.

3665 362 3770 419 ιξι

2177 444 2456 513 quissent,
2501 451 2594 506 sed
2642 454 2801 509 etiam
2834 457 3125 529 elegissent
3154 463 3409 535 imagines
3455 470 3723 539 rcptiliutu
3750 515 3770 537 ,

489 542 618 608 ,βω
648 539 774 593 rem,
802 538 1017 592 habent.
1052 536 1190 590 Nunt
1221 553 1367 590 omne
1395 536 1603 598 animal,
1641 536 1847 604 inquit,
1878 536 1972 589 sibi
2002 537 2070 589 εἰς
2105 559 2129 583 δ
2174 536 2314 602 quod
2343 538 2500 593 etiam
2534 542 2785 599 virtutem
2826 560 3178 617 spernerent,
3218 564 3273 607 et
3312 558 3455 626 quod
3495 558 3771 620 allicieute

487 630 606 683 mile
640 628 826 693 diligit,
856 638 901 681 et
935 630 1085 682 homo
1123 628 1406 698 proximum
1444 644 1590 681 suum
1621 626 1803 695 (Eccli.
1835 628 1920 682 15.
1958 627 2068 694 19).

488 723 558 774 At
585 720 658 774 illi
690 720 818 774 fet-is
848 720 1137 774 ferociores
1182 718 1349 774 fuere.
1380 719 1617 773 Morbum
1659 719 1817 789 igitur
1859 718 1948 789 qui
1997 734 2066 772 ex

484 813 662 882 pravis
682 812 1016 883 dogmatibus
1032 812 1214 866 urbem
1240 812 1447 878 invasit,
1473 812 1554 866 bis
1567 812 1720 867 nobis
1740 813 1989 875 ostendit,
2015 822 2068 866 ct

484 904 773 957 declaravit
800 914 1083 971 utrumque
1118 902 1360 957 morbum
1403 919 1468 957 ex
1500 919 1762 973 a-grornm
1797 904 2069 973 negligen-

483 995 558 1049 tia
590 995 823 1063 prodire.
855 994 1131 1063 Significat
1159 994 1394 1055 demum.
1424 1003 1482 1048 ut
1503 994 1568 1049 de
1597 996 1933 1065 dogmatibus
1954 997 2062 1063 jam

485 1087 703 1149 fecerat,
736 1086 896 1140 etiam
935 1087 1050 1139 illos
1086 1087 1237 1140 venia
1279 1102 1495 1152 carere;
1532 1085 1650 1141 ideo
1685 1088 1761 1140 ait
1791 1105 1803 1138 :
1832 1087 1921 1141 52.
1965 1086 2065 1151 Qui

482 1195 598 1231 cum
616 1179 1034 1247 justiﬁcalionem
1060 1177 1153 1231 Dei
1180 1187 1552 1247 cognoscerent,
1578 1184 1813 1249 quoniam
1835 1181 1920 1249 qui
1940 1181 2063 1232 talia

481 1279 660 1340 agunt,
702 1271 845 1341 digni
870 1280 985 1322 sunt
1025 1279 1220 1334 morte;
1261 1287 1361 1325 non
1395 1272 1556 1324 solum
1594 1272 1693 1342 ipsi
1720 1273 1943 1342 faciunt,
1973 1282 2061 1326 sed

479 1362 631 1415 etiam
657 1361 954 1430 facientibus
978 1362 1311 1414 consentiunt.
1349 1360 1479 1416 Cum
1510 1361 1643 1416 duas
1671 1362 1929 1431 posuisset
1962 1378 2058 1416 an-

480 1451 741 1517 titheses,
784 1450 867 1504 hic
904 1452 1088 1506 ambas
1116 1452 1379 1521 prmcipue
1414 1451 1481 1506 de
1516 1452 1692 1506 medio
1734 1454 1886 1506 tollit.
1920 1453 2056 1519 Quid

477 1541 620 1594 enim
668 1540 888 1605 dixeris,
946 1541 1132 1610 inquit,
1182 1550 1234 1595 te
1274 1542 1480 1595 nescire
1519 1556 1581 1595 ea
1608 1582 1621 1605 ,
1667 1558 1785 1611 qua:
1816 1542 2055 1598 facienda

476 1631 634 1685 sunt?
664 1631 819 1686 Certe
848 1632 891 1685 si
920 1648 1024 1686 non
1054 1647 1261 1696 nosses,
1299 1642 1350 1685 Ill
1384 1636 1435 1686 in
1467 1647 1626 1688 eausa
1652 1649 1800 1688 esses
1821 1675 1833 1697 ,
1870 1635 2057 1687 relicto

478 1722 608 1785 Deo,
646 1724 735 1792 qui
780 1722 871 1776 tibi
918 1722 1033 1777 lucc
1074 1732 1196 1777 nota
1244 1722 1439 1777 fecerat
1483 1740 1497 1775 :
1530 1738 1670 1777 nunc
1710 1738 1836 1778 vero
1876 1723 2055 1776 multis

474 1814 762 1884 probamus
811 1824 862 1869 te
907 1815 992 1868 illa
1039 1815 1200 1877 scire.
1239 1825 1295 1869 et
1329 1825 1519 1884 sponte
1557 1830 1799 1884 peccare.
1839 1814 1942 1869 Sed
1986 1814 2054 1868 ab

468 1904 660 1959 aﬂ'cctu
691 1905 952 1959 traheris?
977 1904 1082 1958 Cur
1106 1920 1234 1973 ergo
1263 1905 1568 1973 cooperaris
1594 1916 1646 1959 et
1675 1904 1902 1959 laudas?
1930 1904 2054 1959 Non

467 1997 635 2050 solum
661 1998 792 2049 cnim
822 1996 912 2049 illa
943 1999 1158 2064 faciunt,
1188 1997 1391 2063 inquit,
1421 1994 1510 2049 sed
1537 2004 1583 2047 ct
1607 1996 1903 2063 facientibus
1927 2012 2050 2049 catt-

466 2089 708 2142 sentiunt.
737 2088 922 2142 Priore
954 2089 1112 2156 igitur
1140 2087 1332 2157 posita,
1367 2102 1484 2155 qua:
1514 2089 1665 2139 venia
1699 2086 1909 2156 indigna
1936 2098 2047 2154 est,

468 2187 526 2230 ut
553 2178 693 2231 illam
716 2178 783 2232 de
806 2177 980 2231 medio
1014 2178 1162 2230 tollat
1191 2177 1210 2246 (
1242 2184 1496 2245 peccante
1526 2180 1668 2229 enim
1703 2179 1766 2241 is,
1799 2180 1887 2246 qtti
1921 2192 2045 2246 pec-

466 2276 644 2321 catum
686 2267 901 2330 laudat,
936 2267 1094 2335 longe
1131 2267 1411 2321 nocentior
1438 2268 1591 2335 est);
1626 2266 1758 2332 hoc,
1790 2269 2002 2337 inquam
2029 2310 2045 2336 ,

468 2358 699 2427 primum
748 2357 941 2426 posito,
996 2358 1120 2411 hinc
1170 2358 1540 2413 vehementius
1595 2359 1647 2413 in
1703 2362 2071 2431 sequentibus.

468 2450 616 2505 illum
639 2448 811 2518 arguit
835 2457 889 2503 et
902 2449 1070 2518 carpit
1093 2448 1178 2504 his
1200 2448 1376 2504 verbis
1402 2468 1415 2504 :
1436 2450 1585 2520 (Cap.
1607 2447 1710 2519 ll.)
1730 2453 1777 2507 ι.
1804 2450 2049 2522 Pr0pter-

464 2556 524 2593 ea
547 2539 901 2594 inexcusabilis
925 2557 977 2594 es
1000 2580 1015 2605 ,
1047 2556 1077 2595 0
1103 2542 1252 2595 homo
1275 2583 1290 2608 ,
1330 2543 1551 2612 quisquis
1569 2544 1775 2613 judicus
1804 2562 1823 2598 :
1850 2545 1915 2599 1η
1946 2564 2045 2617 quo

463 2633 598 2686 cnim
619 2633 833 2686 alterum
848 2632 1077 2703 judicas,
1105 2637 1317 2703 teipsum
1334 2636 1637 2690 condemnas
1655 2635 1867 2706 (Matth.
1889 2639 1939 2691 7.
1963 2639 2039 2707 2).

464 2724 588 2778 llaec
634 2724 899 2794 principes
940 2726 1231 2795 respiciens
1272 2725 1440 2793 dicit,
1482 2729 1601 2797 quia
1649 2728 1765 2783 urbi
1804 2730 1876 2783 illi
1918 2738 2044 2788 tunc

462 2819 719 2886 temporis
758 2819 1039 2888 imperium
1067 2820 1119 2874 in
1152 2828 1317 2874 totum
1354 2821 1539 2875 orbem
1570 2822 1817 2876 traditum
1850 2824 2036 2878 fuerat.

460 2913 548 2967 Sic
577 2912 736 2981 igitur
759 2912 976 2967 ordiens
1000 2913 1075 2967 ait
1104 2930 1117 2966 :
1150 2913 1523 2968 Defensionem
1548 2914 1641 2968 tibi
1664 2915 1864 2981 aufers,
1896 2917 2043 2986 quis-

458 3006 578 3075 quis
604 3006 678 3059 sis
712 3021 724 3057 :
757 3005 883 3059 dum
915 3005 1055 3059 enim
1103 3006 1369 3060 mtechum
1419 3006 1674 3073 damnas,
1722 3018 1775 3062 et
1824 3016 1879 3062 tu
1930 3010 2041 3079 ipse

458 3096 769 3160 nunt-haris,
797 3097 1002 3150 etiamsi
1031 3097 1207 3150 nullus
1236 3101 1396 3151 homo
1424 3106 1475 3150 te
1494 3097 1700 3165 jutlicct
1722 3110 1775 3153 et
1801 3100 2036 3164 daumet,

456 3186 774 3240 senuteutiam
804 3186 969 3252 illam,
1001 3202 1159 3256 quam
1193 3187 1243 3241 in
1268 3196 1476 3241 sontem
1508 3188 1702 3255 tulisti,
1730 3189 1782 3243 in
1813 3190 2037 3260 teipsum

455 3275 643 3331 tulisti.
671 3276 726 3328 2.
751 3276 954 3331 Scimus
983 3278 1113 3331 enim
1134 3268 1413 3345 {quoniam
1438 3278 1697 3349 judicium
1726 3279 1821 3335 Dei
1847 3291 1919 3335 est
1955 3299 2036 3336 se-

453 3370 675 3423 cundum
704 3371 957 3423 veritatem
985 3371 1036 3423 in
1066 3386 1164 3433 cos,
1194 3370 1281 3439 qui
1308 3371 1431 3424 talia
1452 3382 1627 3441 agunt.
1659 3373 1735 3428 Ne
1755 3374 1873 3443 quis
1892 3375 2033 3428 enim

451 3461 684 3524 diceret,
712 3460 928 3515 Interim
956 3461 1110 3528 elfugi
1144 3478 1156 3513 :
1192 3470 1249 3514 ut
1278 3469 1505 3529 terreat,
1537 3466 1611 3518 ait
1647 3466 1696 3530 ί,
1740 3482 1843 3519 non
1876 3468 1944 3521 ita
1977 3483 2035 3523 se

454 3565 568 3605 rem
600 3548 798 3604 habere
824 3550 962 3619 apud
995 3551 1160 3604 Deum
1196 3561 1254 3604 ut
1278 3552 1417 3620 apud
1446 3568 1581 3608 nos:
1613 3555 1697 3610 hic
1731 3558 1872 3611 enim
1900 3560 2034 3616 alius

456 3639 693 3708 punitur,
722 3640 854 3693 alios
878 3640 1081 3709 elTugit,
1111 3644 1196 3710 qui
1229 3641 1412 3697 eadem
1438 3644 1743 3712 admiserat;
1774 3649 1877 3703 illic
1904 3665 2033 3707 vero

452 3742 559 3782 non
592 3728 738 3782 item.
770 3728 919 3795 Quod
944 3745 1071 3799 ergo
1088 3731 1229 3800 justa
1259 3734 1484 3800 noverit,
1516 3736 1560 3792 is
1586 3738 1676 3807 qui
1697 3739 1921 3808 judicat,
1953 3742 2033 3796 di-

455 3820 564 3881 xit;
607 3818 746 3874 unde
773 3835 901 3875 vero
928 3824 1162 3889 noverit,
1202 3840 1308 3879 non
1336 3826 1460 3881 item
1488 3846 1499 3882 :
1524 3834 1848 3900 superlluum
1886 3837 2027 3893 enim

450 3911 657 3965 fuisset.
701 3913 855 3967 Circa
896 3914 1218 3981 impietatem
1245 3918 1457 3988 quidem
1491 3931 1774 3994 utrumque
1800 3927 2027 3984 demon-

447 4014 601 4066 strat,
648 4013 700 4058 et
741 4004 880 4074 quod
919 4006 1008 4060 ille
1039 4007 1204 4061 Deum
1247 4024 1595 4080 cognoscens,
1630 4015 1789 4085 impie
1818 4022 2023 4088 egerit;

446 4104 497 4148 et
538 4094 680 4149 unde
710 4096 951 4160 noverit,
981 4113 1172 4166 nempe
1198 4115 1261 4152 ex
1292 4102 1449 4156 rebus
1475 4108 1688 4160 creatis.
1721 4108 1852 4174 Quia
1883 4113 2024 4166 enim

448 4201 554 4239 non
603 4189 851 4243 omnibus
899 4198 1080 4243 notum
1121 4202 1256 4259 erat,
1298 4209 1509 4249 causam
1541 4198 1701 4253 etiam
1735 4202 1908 4268 dixit;
1941 4204 2027 4260 hic

443 4292 593 4340 vero,
626 4280 744 4346 quia
777 4294 859 4334 res
887 4280 937 4333 in
964 4282 1210 4338 confesso
1234 4294 1368 4351 erat,
1400 4290 1651 4355 praeterit.
1686 4290 1817 4345 Cum
1846 4306 2023 4349 autem

442 4369 607 4433 dicit,
641 4368 820 4424 Omnis
860 4372 944 4442 qui
979 4374 1212 4444 judicat,
1264 4392 1369 4431 non
1418 4381 1744 4450 principibus
1788 4384 2025 4454 loquitur

444 4471 668 4526 tantum,
697 4463 788 4517 sed
816 4465 975 4519 etiam
1004 4467 1220 4534 privatis
1240 4478 1292 4521 et
1313 4470 1559 4525 subditis.

510 4550 567 4606 2.
612 4551 822 4606 Etenim
867 4569 1055 4608 omnes
1087 4555 1363 4622 homines,
1393 4561 1600 4615 etiamsi
1633 4563 1883 4620 thronum
1916 4583 2021 4623 non

440 4644 691 4710 habeant,
721 4659 827 4699 non
857 4646 1135 4701 carniﬁces
1161 4663 1258 4701 nec
1304 4649 1521 4718 lignum,
1552 4662 1786 4711 attamen
1824 4669 1877 4713 et
1924 4662 2020 4727 ipsi

439 4734 508 4789 de
535 4735 619 4799 iis,
651 4734 739 4803 qui
772 4744 1011 4803 peccant,
1031 4736 1271 4802 judicaut
1301 4739 1351 4792 in
1380 4742 1661 4812 colloquiis
1688 4756 1739 4800 ct
1765 4749 2014 4815 coetibus,

438 4840 505 4880 ex
526 4825 867 4879 conscientia:
897 4842 1089 4896 nempe
1125 4829 1333 4883 calculo
1363 4845 1375 4885 :
1409 4840 1463 4886 et
1489 4849 1647 4891 nemo
1675 4836 1855 4895 dicere
1880 4846 2021 4901 ausit

446 4915 713 4974 towchum
743 4930 847 4971 non
880 4932 1000 4971 esse
1026 4918 1244 4988 dignum
1274 4923 1565 4991 punitione.
1596 4924 1701 4983 Sed
1729 4930 1863 4985 alios
1887 4974 1902 5000 ,
1935 4934 2019 4989 in-

441 5010 577 5079 quit,
609 5009 882 5074 damnant,
911 5025 1015 5063 non
1043 5012 1265 5081 seipsos.
1299 5014 1423 5070 Ideo
1450 5018 1502 5072 in
1526 5019 1643 5075 illos
1675 5022 2020 5085 vehementer

443 5102 687 5172 insurgit,
712 5103 894 5158 dicens
926 5121 943 5160 :
970 5105 1023 5160 5.
1056 5104 1328 5162 Eaistitttas
1348 5121 1512 5165 autem
1538 5113 1651 5183 Itoc,
1685 5133 1715 5171 ο
1746 5121 1913 5186 Itomo,
1933 5124 2022 5191 qui

439 5194 639 5263 judicas
666 5194 783 5247 illos
811 5194 898 5264 qui
924 5193 1048 5249 talia
1075 5206 1234 5266 agunt
1254 5237 1268 5263 ,
1313 5209 1360 5253 et
1385 5204 1513 5271 facis
1542 5221 1619 5272 ea,
1650 5213 1786 5277 quod
1810 5220 1863 5264 tu
1888 5212 2019 5279 θῆα-

440 5284 546 5351 gics
565 5285 821 5355 judicium
849 5286 962 5341 Dei.
1002 5289 1133 5355 Quia
1177 5292 1317 5346 enim
1345 5296 1577 5351 ostendit
1608 5299 1793 5370 ingens
1823 5321 2015 5372 pecca-
2060 5292 2061 5295 η

440 5388 553 5427 ιιιιη
581 5376 728 5430 orbis
755 5383 813 5431 et
849 5391 879 5430 a
906 5376 1242 5448 dogmatibus
1271 5393 1324 5438 et
1355 5400 1383 5437 a
1414 5385 1759 5457 facinoribus,
1792 5410 1846 5448 et
1872 5398 2012 5465 quod

435 5466 703 5534 sapientes
731 5482 850 5521 cum
881 5480 1081 5533 essent,
1110 5476 1326 5545 etquod
1362 5492 1481 5533 cum
1518 5479 1775 5540 haberent
1801 5503 2011 5545 creatu-
2041 5547 2046 5553 ,

435 5568 546 5609 ram
572 5568 631 5610 se
655 5572 812 5612 manu
840 5558 1124 5618 ducentem
1144 5604 1159 5631 ,
1188 5568 1329 5637 quod
1360 5584 1465 5625 non
1497 5575 1658 5629 modo
1686 5576 1851 5633 Deum
1883 5584 2009 5637 reli-

492 5726 511 5756 ⁸
534 5729 730 5783 Quidam
754 5728 940 5793 legunt,
964 5743 1156 5789 mterun
1178 5741 1325 5806 emtgi
1358 5740 1474 5795 timo
1483 5759 1600 5807 rem,
1624 5748 1713 5799 ait.

2178 634 2364 680 natura
2411 630 2475 682 ad
2506 635 2796 702 nequitiam
2826 653 2886 694 se
2925 654 3117 709 sponte
3146 646 3476 713 conferrent,
3511 656 3767 721 quodque

2175 724 2360 769 contra
2393 728 2632 776 naturam
2663 738 2886 795 agerent
2920 747 2936 784 :
2973 733 3038 785 ad
3082 734 3209 789 illud
3235 735 3429 794 deinde
3465 757 3523 795 sc
3553 746 3768 801 confert

2175 812 2232 857 ut
2254 808 2499 863 ostendat
2525 827 2639 880 eos,
2673 817 2760 885 qui
2795 818 2916 873 talia
2950 832 3277 893 perpetrant,
3309 832 3570 899 supplicio
3600 838 3759 891 tradi.

2170 895 2288 951 Jam
2329 906 2644 960 memoravit
2673 911 2992 979 supplicium
3021 931 3141 970 cum
3167 917 3234 973 de
3263 919 3501 977 facinore
3528 939 3713 995 ageret
3742 948 3757 987 :

2170 989 2300 1044 Nam
2332 992 2636 1065 Mercedem,
2688 1001 2879 1073 inquit,
2951 1011 3135 1062 erroris
3171 1013 3249 1063 sui
3296 1013 3346 1067 in
3400 1018 3580 1086 seipsis
3631 1024 3761 1074 reci-

2169 1082 2315 1151 piunt
2360 1101 2379 1137 :
2430 1104 2611 1143 verum
2664 1094 2785 1161 quia
2833 1111 2939 1151 non
2991 1099 3229 1155 sentiunt
3283 1104 3446 1168 illant,
3498 1110 3648 1164 addit
3702 1124 3757 1168 et

2167 1173 2346 1241 aliam,
2380 1191 2535 1246 quam
2564 1183 2794 1238 maxime
2827 1186 3103 1242 timebant.
3136 1189 3363 1261 Jamque
3396 1197 3536 1251 illam
3567 1215 3752 1255 OSlett-

2165 1264 2366 1321 derat:
2407 1284 2526 1324 cum
2580 1274 2722 1327 enim
2771 1276 2934 1343 dicit,
3000 1280 3254 1349 judicium
3319 1287 3408 1341 Dei
3457 1293 3751 1348 secundum

2165 1359 2443 1415 veritatem
2495 1378 2645 1432 esse,
2701 1368 2831 1423 nihil
2888 1372 3031 1427 aliud
3086 1390 3244 1445 quam
3301 1378 3404 1434 hoc
3463 1382 3747 1440 declarat:

2164 1457 2401 1505 attamen
2478 1454 2605 1509 illud
2678 1457 2765 1513 hic
2821 1461 3059 1529 pluribus
3112 1467 3332 1535 probat,
3400 1472 3479 1526 sic
3516 1473 3746 1539 dicens:

2161 1538 2439 1596 Existimas
2460 1556 2625 1600 autent
2649 1549 2762 1614 hoc,
2787 1567 2816 1604 ο
2837 1552 3007 1620 homo,
3035 1557 3119 1625 qui
3138 1558 3347 1626 judicas
3371 1562 3485 1617 illos
3510 1568 3599 1633 qui
3625 1568 3751 1622 talia

2160 1644 2335 1699 agunt,
2359 1644 2406 1687 et
2429 1637 2557 1706 facis
2580 1655 2661 1703 ea,
2688 1643 2823 1708 quod
2842 1652 2894 1696 tu
2914 1643 3126 1715 e/I'ugies
3141 1648 3395 1718 judicium
3422 1652 3554 1709 Dei?
3573 1655 3745 1711 Tuum

2159 1736 2263 1775 non
2306 1723 2559 1794 effugisti,
2591 1738 2645 1783 et
2684 1731 2942 1798 judicium
2972 1736 3062 1790 Dei
3092 1738 3350 1809 ell'ugies‘t
3387 1755 3441 1797 et
3486 1747 3605 1814 quis
3644 1748 3746 1804 lzoc

2158 1810 2382 1867 dixerit?
2410 1818 2568 1885 Atqui
2600 1826 2652 1873 tu
2693 1823 2919 1892 teipsum
2942 1825 3211 1895 iudicasti.
3245 1831 3437 1889 Verum
3458 1810 3739 1907 postquam

2158 1909 2301 1957 tanta
2331 1904 2425 1960 fuit
2454 1906 2607 1978 hujus
2636 1913 2911 1970 tribunalis
2934 1922 3222 1977 auctoritas
3246 1964 3262 1991 ,
3287 1940 3383 1980 nec
3410 1904 3472 1979 tui
3492 1904 3735 1998 tibi—par-

2155 2006 2277 2046 cere
2305 1997 2518 2063 potuisti
2544 2040 2559 2067 ,
2592 2004 2862 2070 quomodo
2904 2006 3073 2075 Deus,
3103 2012 3193 2081 qui
3233 2015 3586 2083 impeccabilis
3610 1997 3689 2073 est
3713 2062 3728 2083 ,

2154 2098 2363 2141 summe
2387 2087 2582 2157 justus,
2626 2108 2731 2147 non
2771 2097 2937 2152 multo
2977 2102 3145 2171 magis
3184 2102 3286 2159 hoc
3312 2105 3500 2162 faciet?
3539 2108 3643 2163 Sed
3677 2121 3730 2163 to

2155 2176 2379 2246 teipsum
2414 2181 2696 2249 damnasti,
2728 2196 2784 2241 et
2811 2189 2948 2243 Deus
2976 2200 3026 2246 te
3052 2196 3367 2263 approbabit
3388 2208 3440 2252 et
3462 2199 3737 2255 laudabit?

2152 2267 2329 2337 Ecqua
2355 2271 2561 2329 ratione
2591 2274 2705 2331 ha'c
2723 2279 3005 2337 dicantur?
3034 2286 3192 2356 Atqui
3224 2298 3277 2343 tu
3299 2290 3456 2361 longe
3474 2296 3737 2363 supplicio

2151 2368 2204 2414 et
2236 2363 2450 2431 quidem
2479 2367 2681 2437 majore
2708 2371 2918 2442 dignior
2947 2376 3037 2431 illo
3061 2420 3076 2445 ,
3106 2395 3266 2449 quem
3301 2383 3587 2441 damnasti.
3618 2388 3732 2443 Non

2150 2451 2293 2505 enim
2338 2453 2569 2524 idipsum
2613 2469 2697 2513 est
2733 2463 3048 2533 simpliciter
3092 2485 3347 2541 peccare,
3375 2485 3429 2530 et
3456 2488 3730 2548 postquam

2148 2542 2310 2598 alium
2343 2560 2654 2615 peccantem
2684 2556 2966 2624 punivisti,
3013 2561 3064 2613 in
3096 2563 3284 2619 eadem
3333 2578 3547 2635 peccata
3595 2573 3730 2627 inci-

2148 2634 2295 2691 dere.
2326 2638 2512 2694 Viden‘
2540 2646 2811 2713 quomodo
2848 2651 3052 2707 crimen
3097 2658 3346 2712 auxerit?
3383 2659 3438 2715 Si
3470 2663 3611 2716 enim
3652 2676 3727 2728 tu,

2147 2726 2332 2798 inqmt,
2363 2746 2485 2787 eum
2525 2736 2615 2804 qui
2655 2739 2831 2795 minus
2864 2746 3102 2812 peccavit
3126 2749 3332 2816 plectis,
3361 2755 3568 2810 etiamsi
3597 2760 3725 2828 teip-

2144 2833 2262 2873 sum
2290 2820 2664 2893 deturpaturus
2691 2831 2765 2885 sis
2783 2872 2798 2896 ,
2828 2838 3094 2903 quomodo
3123 2840 3261 2897 Deus
3288 2852 3339 2898 te
3363 2847 3564 2916 majora
3606 2866 3715 2919 pec-

2142 2923 2376 2980 cantem,
2408 2931 2580 2986 neque
2608 2920 2706 2976 sibi
2736 2923 2994 2993 pudorem
3026 2929 3301 3001 illaturus,
3334 2951 3438 2991 non
3474 2942 3640 3009 magis
3673 2952 3729 2995 et

2141 3003 2355 3070 gravius
2394 3004 2668 3064 damnabit
2715 3022 2794 3077 te,
2827 3018 2915 3085 qui
2957 3018 3066 3086 jam
3110 3036 3140 3075 a
3186 3025 3288 3077 tuis
3317 3028 3727 3097 cogitationibus

2143 3090 2423 3151 damnatus
2453 3099 2550 3153 es?
2578 3102 2727 3169 Quod
2755 3106 2797 3159 si
2819 3107 3020 3163 dixeris
3044 3128 3059 3166 :
3085 3112 3216 3169 Novi
3244 3090 3460 3187 quidam
3484 3137 3569 3175 me
3594 3136 3724 3192 ξιιμ-

2143 3183 2301 3252 plit-io
2330 3186 2727 3260 dignumesse;
2756 3197 2848 3251 sed
2882 3211 3099 3270 propter
3135 3204 3229 3259 Dei
3261 3183 3575 3277 patientiam
3624 3214 3723 3267 dc-

2141 3276 2301 3343 Spicis
2320 3317 2336 3342 ,
2366 3288 2419 3333 et
2445 3283 2563 3351 quia
2605 3299 2708 3339 non
2736 3290 2911 3342 statim
2941 3307 3124 3360 paruas
3151 3276 3281 3364 das,
3308 3301 3531 3356 confidis
3557 3321 3571 3356 :
3600 3303 3725 3360 hinc

2141 3375 2286 3421 certe
2308 3367 2430 3438 jure
2462 3372 2650 3428 timere
2681 3391 2746 3431 ac
2778 3388 3006 3437 tremere
3030 3385 3300 3442 debueris.
3328 3390 3442 3445 Non
3481 3395 3622 3448 enim
3666 3407 3724 3450 ut

2141 3470 2244 3509 non
2265 3471 2451 3526 pinnas
2473 3462 2589 3528 des,
2617 3466 2711 3520 sed
2743 3477 2799 3521 ut
2826 3469 2921 3526 des
2950 3475 3241 3543 graviores,
3268 3480 3527 3547 dill'ertnr,
3560 3487 3604 3540 si
3644 3488 3725 3541 in-

2138 3549 2489 3607 emendabilis
2510 3570 2729 3613 maneas
2751 3574 2764 3624 ;
2790 3562 2932 3629 quod
2966 3565 3164 3621 utinam
3190 3586 3259 3625 ne
3284 3573 3376 3628 tibi
3407 3578 3715 3647 contingat!

2137 3637 2262 3694 Ideo
2289 3643 2562 3716 subjuugit
2600 3668 2615 3704 ;
2645 3650 2700 3704 4.
2732 3652 2809 3706 An
2839 3654 3038 3712 divitias
3062 3660 3297 3717 bonitatis
3321 3668 3429 3735 ejus
3451 3680 3498 3722 et
3524 3637 3723 3739 patien-

2137 3730 2220 3784 tite
2245 3740 2295 3786 et
2318 3733 2724 3807 longanimitatis
2752 3752 3043 3813 contemnis,
3076 3753 3319 3821 ignorans
3336 3730 3473 3827 quod
3490 3762 3719 3834 benigni-

2134 3835 2211 3880 tas
2240 3827 2340 3883 Dei
2362 3833 2431 3884 ad
2455 3836 2797 3903 pwnitentiam
2824 3852 2873 3895 te
2898 3844 3161 3902 adducat?
3184 3849 3470 3921 Postquam
3501 3827 3719 3927 Dei'pa-

2135 3921 2370 3977 tientiam
2396 3925 2647 3994 laudavit,
2681 3942 2733 3985 et
2762 3937 2998 3992 ostendit
3016 3954 3082 3994 ex
3109 3956 3171 3995 ea
3194 3945 3481 4001 maximum
3506 3948 3713 4006 lucrum

2132 4015 2528 4073 attendentibus
2551 4023 2809 4079 accedere
2842 4026 2967 4095 (hoc
2990 4044 3167 4087 autem
3196 4047 3312 4090 erat
3343 4053 3623 4107 peccantes
3645 4045 3715 4098 ad

2131 4106 2496 4172 paenitentiam
2521 4114 2791 4185 trahere),
2820 4120 3064 4177 timorem
3083 4138 3258 4196 anget.
3287 4106 3435 4186 Sicut
3456 4134 3595 4188 enim
3625 4136 3712 4203 iis,

2130 4196 2221 4265 qui
2248 4198 2363 4267 ejus
2394 4203 2642 4270 patientia
2672 4218 2727 4262 ιιι
2754 4226 2848 4279 par
2870 4223 2952 4268 est
2978 4217 3055 4270 usi
3085 4219 3298 4287 fuerint,
3331 4238 3488 4279 causa
3519 4238 3601 4282 est
3629 4245 3716 4283 sa-

2131 4287 2253 4342 lutis
2291 4306 2304 4342 :
2336 4290 2413 4345 sic
2442 4301 2495 4347 et
2520 4304 2980 4359 contemnentibus
3003 4308 3170 4377 tnajus
3192 4314 3510 4382 supplicium
3533 4320 3711 4377 aﬂ'crt.

2129 4377 2241 4433 Hoc
2269 4383 2410 4436 enim
2440 4395 2522 4439 est
2550 4388 2692 4457 quod
2718 4392 3120 4467 circumfertur,
3152 4377 3314 4458 Deum
3344 4406 3629 4479 benignum
3656 4423 3714 4468 et

2129 4475 2415 4541 patientem
2440 4495 2623 4548 poenas
2645 4499 2749 4539 non
2771 4499 3011 4557 repetere
3033 4508 3186 4549 :cum
3215 4509 3392 4553 autem
3426 4503 3529 4558 hoc
3553 4506 3707 4574 dicis,

2127 4564 2258 4620 nihil
2298 4567 2432 4623 dicis
2469 4571 2636 4639 aliud,
2680 4591 2838 4645 quam
2880 4582 3022 4650 quod
3068 4588 3384 4656 supplicium
3431 4564 3706 4663 augeatur:

2126 4654 2258 4710 Nam
2307 4658 2687 4730 benignitatem
2744 4668 2885 4725 Deus
2932 4654 3185 4743 exhibet,
3212 4687 3335 4735 uta
3375 4654 3611 4752 peccatis
3658 4699 3709 4745 te

2127 4748 2354 4818 eximas,
2379 4767 2485 4807 non
2510 4762 2566 4808 ut
2588 4768 2801 4825 peccata
2832 4766 3135 4822 accumules
3158 4786 3172 4833 ;
3197 4770 3242 4824 si
3270 4788 3373 4828 non
3400 4775 3449 4829 id
3481 4779 3703 4847 feceris,

2128 4841 2414 4897 terribilior
2463 4847 2564 4901 erit
2604 4850 2754 4906 ultio.
2796 4854 3156 4920 Quamobrem
3206 4865 3328 4933 quia
3375 4870 3579 4937 patiens
3625 4841 3710 4929 est

2131 4930 2288 4999 Deus,
2314 4934 2434 4990 ideo
2474 4953 2695 5007 peccare
2724 4959 2829 4999 non
2878 4958 3110 5019 oportet,
3164 4930 3337 5026 neque
3376 4930 3706 5023 beneﬁcium

2126 5022 2314 5090 ingrati
2336 5027 2496 5081 animi
2525 5045 2737 5087 causam
2765 5035 2980 5093 efﬁcere
3008 5056 3023 5095 :
3054 5043 3156 5097 etsi
3182 5022 3324 5102 enim
3354 5052 3562 5119 patiens
3592 5057 3665 5111 sit
3686 5098 3703 5125 ,

2123 5122 2178 5167 at
2203 5119 2421 5173 omnino
2450 5122 2618 5188 punit.
2653 5123 2928 5182 Uodenam
2972 5130 3075 5187 hoc
3113 5134 3318 5206 liquet?
3361 5141 3438 5195 Ex
3482 5145 3545 5199 iis
3586 5119 3707 5216 qua:

2123 5216 2437 5276 sequuntur.
2481 5208 2539 5266 Si
2581 5214 2722 5269 enim
2758 5217 2944 5287 ingens
2973 5225 3205 5294 nequitia
3241 5240 3359 5297 est,
3393 5249 3491 5289 nec
3520 5208 3707 5307 poenas

2125 5299 2351 5368 improbi
2393 5302 2679 5374 dederunt,
2723 5312 2907 5378 procul
2947 5313 3111 5371 dubio
3150 5317 3370 5378 dabunt.
3407 5299 3619 5383 Etenim
3659 5332 3705 5385 si

2122 5389 2236 5446 haec
2259 5408 2362 5447 non
2387 5394 2657 5466 negligant
2688 5398 2953 5469 homines,
2984 5408 3256 5475 quomodo
3275 5415 3510 5485 negliget
3531 5418 3709 5476 Deus?

2120 5484 2302 5553 Itaque
2331 5486 2457 5542 inde
2482 5503 2785 5546 sermonem
2826 5493 2896 5549 de
2915 5494 3120 5565 judicio
3146 5500 3372 5558 induxit.
3423 5484 3554 5564 Nam
3581 5525 3704 5567 cum

2118 5574 2369 5629 ostendat
2410 5577 2606 5633 multos
2634 5596 2756 5637 esse
2800 5598 2972 5653 pmnte
2996 5588 3259 5648 obnoxios
3285 5597 3386 5651 nisi
3436 5602 3704 5668 poeniten-

2118 5666 2243 5720 tiam
2289 5668 2516 5738 cgerint,
2563 5681 2617 5726 et
2669 5688 2775 5729 non
2833 5675 2919 5731 hic
2972 5682 3146 5749 puniri
3176 5724 3193 5752 ,
3237 5666 3500 5755 judicium
3552 5703 3707 5753 certe

2119 5756 2394 5837 futurum,
2447 5771 2502 5818 et
2544 5765 2915 5834 gravissimum
2967 5784 3089 5830 esse
3137 5779 3359 5848 statuit;
3408 5780 3531 5840 ideo
3588 5788 3699 5849 ait:
