4144 6146
318 400 477 456 στίαν
507 393 671 455 οὖσαν
702 397 968 470 ἑκατέραν
989 409 1040 452 ι.
1068 395 1320 451 Δείκνυσι
1355 394 1413 450 δὲ
1457 394 1666 458 λοιπὸν,
1709 395 1847 466 ὅπερ
1892 393 1986 447 ἐπὶ

317 486 443 551 τῶν,
465 486 750 558 δογμάτων
766 486 1009 556 ἐποίησε,
1040 484 1134 538 καὶ
1167 483 1401 539 ἐνταῦθα
1435 482 1767 554 συγγνώμης
1787 480 1984 545 αὐτοὺς

317 575 792 647 ἀπεστερημένους
836 594 848 607 ·
879 574 960 629 διό
980 592 1147 645 φησιν
1172 592 1186 606 ·
1226 575 1455 640 ΟΤτινες
1484 573 1549 627 τὸ
1575 572 1860 643 δικαίωμα
1877 569 1983 625 τοῦ

319 663 469 718 Θεοῦ
497 663 739 729 ειδότες,
778 663 867 717 ὅτι
919 666 973 718 οἰ
1018 662 1092 716 τὰ
1143 660 1389 715 τοιαῦτα
1412 660 1797 730 πράσσοντες
1828 659 1987 724 ἄξιοι

317 749 576 811 θανάτου
605 751 785 816 εἰσιν,
831 752 904 804 οὺ
936 750 1129 819 μόνον
1176 748 1345 802 αὐτοὶ
1378 746 1680 814 ποιοῦσιν,
1704 746 1863 803 ἀλλὰ
1884 746 1983 801 καὶ

317 837 764 895 συνευδοκοῦσι
794 837 920 903 τοῖς
946 835 1298 904 πράττουσι.
1344 835 1447 888 Δύο
1500 834 1613 899 θεὶς
1662 834 1982 898 ἀντιθέσεις,

317 924 550 986 ἐνταῦθα
599 925 808 979 ἀνεῖλεν
860 910 1175 995 ἀμφοτέρας
1217 921 1387 985 αὐτάς
1435 922 1879 993 προηγουμένως.
1917 920 1984 975 Τί

316 1012 428 1084 γάρ
460 1013 524 1067 ἂν
551 1015 750 1076 εῖποις,
786 1012 974 1082 φησὶν,
1005 1011 1087 1063 ὅτι
1112 1010 1211 1063 οὐκ
1234 1005 1381 1074 οἶδας
1418 1008 1488 1061 τά
1530 1009 1818 1078 πρακτέα;
1863 1007 1985 1062 Μά-

315 1100 471 1155 λιστα
501 1103 597 1171 μὲν
626 1102 674 1153 εἰ
708 1100 803 1153 καὶ
832 1098 907 1169 μὴ
939 1097 1105 1169 ᾔδεις,
1137 1097 1201 1150 σὺ
1232 1096 1424 1159 αἴτιος,
1471 1097 1499 1149 6
1538 1097 1693 1165 ἀφεὶς
1718 1096 1808 1150 τὸν
1844 1113 1983 1166 γνω·

320 1189 546 1260 ρισαντά
572 1205 654 1241 σοι
676 1187 809 1239 Θεόν
839 1200 851 1211 ·
882 1185 977 1239 νῦν
1008 1185 1065 1239 δὲ
1096 1185 1191 1238 καὶ
1224 1184 1314 1238 διά
1339 1184 1551 1238 πολλῶν
1591 1200 1651 1236 σε
1692 1183 1984 1252 δείκνυμεν

316 1276 517 1337 εἰδότα,
536 1274 632 1326 κσίι
659 1273 836 1327 ἑκοντὶ
860 1271 1303 1343 πλημμελοῦντα.
1349 1272 1471 1325 Ἀλλ
1487 1273 1499 1292 ‘
1526 1270 1631 1325 ὑπὸ
1659 1268 1754 1324 τοῦ
1778 1270 1985 1334 πάθους

318 1363 483 1434 Ξλκῃς
523 1361 587 1415 Τί
615 1358 708 1415 οὖν
737 1362 832 1414 καὶ
868 1359 1258 1431 συμπράττεις,
1300 1360 1394 1413 καὶ
1431 1361 1711 1424 ἔπαινεῖςς
1760 1359 1844 1411 οὐ
1873 1357 1983 1427 γὰρ

311 1451 505 1521 μόνον
535 1449 688 1502 αὐτὰ
711 1447 972 1512 ποιοῦσι,
1008 1447 1190 1515 φησιν,
1225 1446 1384 1501 ἀλλὰ
1410 1446 1508 1500 καί
1541 1443 1985 1500 συνευδοκοῦσι

316 1537 444 1605 τοῖς
465 1537 834 1606 πράσσουσι.
864 1535 974 1606 Τὴν
1005 1531 1098 1589 οῦν
1136 1534 1521 1605 χαλεπωτέραν
1571 1533 1837 1605 πρότερον
1871 1531 1985 1597 θεὶς

316 1626 413 1682 καὶ
437 1625 838 1694 ἀσύγγνωστον,
879 1624 964 1677 ἵνα
994 1623 1090 1696 ἕλῃ
1128 1623 1248 1693 (καὶ
1281 1622 1389 1695 γὰρ
1415 1622 1509 1676 τοῦ
1537 1621 1986 1694 πλημμελοῦντος

315 1711 468 1784 ὀτὴν
516 1710 790 1783 ἁμαρτίαν
832 1710 1071 1766 ἐπαινῶν
1131 1710 1514 1783 χαλεπώτερος
1579 1708 1737 1779 πολύ)
1773 1725 1786 1739 ·
1819 1709 1980 1764 τοῦτο

313 1797 410 1856 οὖν
437 1802 654 1873 πρῶτον
707 1798 898 1863 εἰπὼν,
948 1800 1035 1854 διά
1082 1798 1273 1853 τούτου
1329 1799 1684 1869 σφοδρότερον
1723 1798 1885 1853 πάλιν
1923 1800 1983 1853 έν

317 1890 429 1953 τοῖς
451 1890 583 1960 ἑξῆς
625 1888 787 1942 αὑτὸν
841 1886 1139 1959 χειροῦται,
1188 1886 1363 1955 λέγων
1401 1885 1544 1939 οὕτω
1572 1902 1586 1917 υ
1627 1885 1725 1939 Διὸ
1756 1886 1982 1939 ἀναπο-

315 1979 572 2049 λόγητος
597 1974 672 2043 εἴ,
704 1973 752 2033 ὦ
782 1977 1074 2045 ἄνθρωπε,
1131 1975 1251 2040 πᾶς
1293 1978 1326 2031 ὀ
1371 1976 1592 2043 κρίνων
1623 1991 1637 2005 ·
1678 1976 1780 2029 Ἔν
1803 1967 1853 2040 ᾧ
1875 1976 1982 2046 γὰρ

319 2067 548 2135 κρίνεις
584 2065 692 2118 τὸν
753 2064 980 2131 ἕτερον,
1040 2065 1302 2117 σεαυτὸν
1356 2063 1754 2130 κατακρίνεις.
1797 2062 1983 2117 Ταῦτα

318 2153 459 2224 πρὸς
482 2154 609 2215 τοὺς
646 2153 912 2222 ἄρχοντας
971 2150 1387 2219 ἀποτεινόμενος
1435 2148 1640 2217 ἔλεγεν,
1671 2149 1858 2220 ἐπειδὴ
1890 2150 1985 2204 καὶ

319 2243 355 2312 ἠ
384 2241 540 2305 πόλις
561 2241 684 2294 τότε
712 2240 897 2310 ἐκείνη
942 2238 1039 2310 τὴν
1095 2238 1269 2309 ἀρχὴν
1302 2233 1369 2308 ἦν
1404 2238 1851 2310 ὲγκεχειρισμένη
1883 2238 1983 2308 τῆς

319 2329 667 2398 οἰκουμένης.
717 2324 1009 2396 Προλαϐὼν
1057 2321 1150 2378 οὖν
1195 2341 1331 2395 φησι
1364 2342 1378 2356 ο
1411 2325 1614 2378 Σαυτοῦ
1649 2327 1855 2397 ἀφαιρῇ
1885 2325 1983 2397 τὴν

318 2412 616 2482 ἀπολογίαν
646 2414 753 2475 πᾶς
787 2412 935 2475 ὅστις
970 2409 1037 2464 ἄν
1070 2405 1136 2484 ᾖς
1166 2426 1179 2439 ·
1207 2411 1337 2463 ὃταν
1376 2409 1486 2481 γάρ
1531 2411 1867 2483 κατακρίνῃς
1893 2412 1983 2464 τὸν

324 2501 529 2573 μοιχὸν,
569 2498 826 2571 μοιχεύῃς
862 2499 919 2552 δὲ
961 2498 1054 2552 καὶ⁵
1108 2497 1293 2562 αὐτὸς,
1334 2497 1436 2551 κᾶν
1467 2497 1656 2568 μηδεὶς
1681 2497 1983 2563 ἀνθρώπων

324 2600 381 2638 σε
413 2582 629 2654 δικάζῃ,
665 2584 722 2634 ὲν
759 2585 827 2652 τῇ
858 2582 987 2653 περὶ
1030 2579 1121 2634 τοῦ
1173 2579 1470 2634 ὑπευθύνου
1514 2579 1679 2650 ψήφῳ
1723 2581 1815 2634 καὶ
1845 2579 1986 2633 κατά

324 2666 522 2720 σαυτοῦ
569 2667 668 2736 τὴν
723 2665 998 2733 ἀπόφασιν
1036 2663 1292 2734 ἤνεγκας.
1356 2661 1612 2728 Οἴδαμεν
1634 2659 1743 2731 γὰρ
1763 2701 1777 2725 ,
1805 2659 1893 2713 ὅτι
1919 2661 1983 2714 τὸ

298 2752 501 2822 -κρῒμα
533 2752 639 2806 τοῦ
694 2751 842 2805 Θεοῦ
900 2750 1033 2803 ἐστι
1077 2748 1227 2803 κατὰ
1283 2748 1574 2815 ἀλήθειαν
1620 2747 1718 2800 ἐπὶ
1753 2746 1890 2812 τοὺς
1915 2746 1987 2801 τὰ

320 2835 565 2891 τοιαῦτα
587 2834 999 2903 πράσσοντας.
1034 2833 1148 2887 Ἵνα
1174 2832 1280 2903 γάρ
1307 2832 1382 2903 μὴ
1415 2832 1546 2902 λέγῃ
1579 2848 1681 2894 τις,
1723 2830 1804 2883 δτι
1836 2830 1986 2893 Τέως

321 2922 592 2999 διέφυγον,
634 2920 813 2990 φοϐῶν
848 2936 1010 2990 φησιν
1048 2920 1098 2983 ι’,
1145 2920 1227 2972 ὃτι
1257 2919 1353 2988 οὐχ
1381 2917 1556 2981 οὕτως
1594 2918 1709 2970 ἐστὶ
1734 2917 1881 2986 παρὰ
1908 2916 1987 2986 τῷ

321 3010 440 3081 Θεῷ
470 3009 656 3079 ὥσπερ
711 3007 963 3060 ἐνταῦθα.
1013 3005 1280 3059 Ἐνταῦθα
1324 3006 1433 3076 γὰρ
1480 3006 1509 3057 6
1541 3005 1639 3075 μὲν
1677 3003 1984 3069 κολάζεται,

320 3099 350 3151 6
377 3098 434 3151 δὲ
454 3095 739 3165 διαφεύγει
777 3094 848 3147 τά
879 3093 1021 3147 αὐτὰ
1046 3092 1215 3146 ποιῶν
1241 3108 1256 3124 θ
1284 3094 1402 3145 ἐκεῖ
1429 3091 1483 3144 δὲ
1518 3092 1615 3162 οὐχ
1645 3091 1835 3155 οὕτως.
1862 3092 1983 3145 Ὅτι

325 3186 426 3257 μὲν
457 3181 550 3238 οῦν
571 3178 677 3237 οἶδε
707 3182 768 3235 τὸ
788 3182 996 3235 δίκαιον
1029 3183 1058 3234 6
1087 3180 1308 3252 κρίνων,
1355 3173 1476 3231 εἷπε
1507 3195 1521 3210 ⁸
1556 3178 1718 3232 πόθεν
1740 3180 1797 3231 δὲ
1819 3176 1982 3242 οἶδεν,

321 3276 422 3328 οὐκ
459 3272 540 3327 ἔτι
588 3271 892 3343 προσέθηκε
931 3286 947 3301 ’
990 3268 1246 3340 περιττὸν
1294 3267 1405 3340 γάρ
1458 3263 1548 3337 ἦν.
1594 3269 1715 3320 Ἐπὶ
1754 3268 1851 3338 μὲν
1877 3268 1985 3338 γὰρ

320 3361 423 3431 τῆς
455 3359 707 3422 ἀσεϐείας
728 3357 1010 3428 ἀμφότερα
1033 3356 1289 3416 δείκνυσι,
1316 3356 1410 3408 καὶ
1428 3356 1511 3409 ὃτι
1529 3356 1622 3408 τὸν
1650 3354 1784 3409 Θεὸν
1808 3354 1984 3420 εἰδὼς,

323 3446 533 3519 ἠσέϐει,
549 3447 642 3500 καὶ
659 3444 823 3498 πόθεν
842 3442 1015 3506 εἰδὼς,
1032 3441 1140 3495 ἀπὸ
1153 3442 1253 3512 τῆς
1271 3440 1743 3512 κτίσεως.Ἐπειδὴ
1769 3441 1876 3513 γάρ
1887 3442 1988 3495 οὐκ

323 3529 392 3606 ἦν
424 3533 578 3603 δῆλον
608 3532 834 3594 ἅπασιν,
871 3526 995 3583 εἷπε
1039 3529 1133 3582 καὶ
1182 3528 1280 3597 τὴν
1328 3528 1507 3581 αἰτίαν
1532 3545 1545 3560 ’
1570 3526 1804 3581 ἐνταῦθα
1828 3528 1885 3580 δὲ
1912 3528 1987 3592 ὼς

326 3619 772 3690 ὡμολογημένου,
800 3617 1080 3687 παρίησιν.
1099 3616 1271 3669 Ὅταν
1290 3614 1346 3668 δὲ
1372 3614 1521 3687 εἴπῃ,
1542 3613 1668 3680 Πᾶς
1700 3618 1731 3669 ό
1747 3616 1986 3683 κρίνων,

328 3710 387 3761 ού
422 3711 531 3772 τοῖς
579 3707 807 3779 ἄρχουσι
832 3704 1140 3773 διαλέγεται
1166 3703 1346 3776 μόνον,
1373 3702 1509 3756 ἀλλά
1529 3703 1621 3756 καὶ
1649 3701 1882 3766 ἰδιώταις
1898 3703 1991 3756 καὶ⁵

329 3797 671 3868 ἀρχομένοις.

404 3884 467 3953 β’.
489 3880 639 3954 [462]
677 3881 786 3935 Καὶ
815 3876 921 3950 γ’ἀρ
957 3879 1197 3942 ἅπαντες
1227 3877 1526 3949 ἄνθρωποι,
1562 3877 1664 3932 κᾶν
1693 3877 1768 3950 μὴ
1801 3876 1989 3950 θρόνον

331 3969 513 4042 ἔχωσι,
546 3969 678 4040 μηδὲ
731 3967 957 4038 δημίους
1011 3967 1105 4020 καὶ
1149 3966 1324 4033 ξύλον,
1381 3966 1495 4019 ἀλλ’
1533 3968 1681 4044 ὅμως
1711 3966 1807 4019 καὶ
1838 3965 1990 4020 αὐτοὶ

330 4059 575 4130 κρίνουσι
613 4057 739 4121 τοὺς
783 4054 1229 4127 ἁμαρτάνοντας,
1267 4055 1323 4107 έν
1351 4052 1618 4121 διαλέξεσι
1655 4055 1750 4107 καὶ
1791 4056 1991 4119 κοινοῖς

334 4145 656 4212 συ).λόγοις,υ
690 4144 782 4199 καὶ
803 4146 869 4214 τῇ
900 4142 991 4196 τοῦ
1033 4142 1329 4205 συνειδότος
1365 4141 1529 4212 ψήφῳ
1556 4156 1570 4171 ·
1602 4143 1697 4195 καὶ
1723 4140 1896 4205 οὐδεὶς
1923 4140 1990 4195 ἂν

329 4232 652 4303 τολμήσειεν
702 4232 895 4291 εἰπεῖν,
947 4230 1030 4283 ὅτι
1087 4230 1188 4281 οὐκ
1249 4228 1397 4295 ἄξιος
1435 4227 1988 4299 κολάσεωςόμοιχός.

344 4318 497 4373 Ἀλλ’
515 4318 758 4389 ἑτέρους,
788 4318 941 4389 φησὶ,
974 4314 1448 4380 καταδικάζουσιν,
1494 4315 1592 4385 οὐχ
1620 4313 1868 4378 ἑαυτούς.
1894 4315 1993 4369 Διά

331 4405 438 4476 γάρ
461 4404 618 4459 τοῦτο
639 4404 817 4458 αὐτῶν
839 4404 933 4456 καλ⁸
972 4401 1216 4473 σφοδρῶς
1264 4399 1736 4466 κατεξανίσταται,
1771 4399 1945 4468 λέγων
1974 4415 1988 4430 ⁸

332 4492 545 4563 Λογίζῃ
600 4491 669 4545 δὲ
720 4491 916 4555 τοῦτο,
965 4485 1012 4544 ὦ
1061 4489 1351 4557 ἄνθρωπε,
1402 4490 1435 4541 ό
1481 4487 1700 4554 κρίνων
1739 4486 1881 4553 τοὺς
1923 4487 1994 4541 τὰ

332 4581 577 4635 τοιαῦτα
628 4579 1019 4648 πράττοντας,
1078 4575 1176 4630 καί
1234 4574 1425 4629 ποιῶν
1473 4574 1644 4637 αὐτὰ,
1675 4574 1764 4628 ὅτι
1793 4573 1874 4627 σὺ
1898 4574 1995 4628 ἐκ·

330 4662 530 4732 φεύξῃ
560 4662 628 4716 τὸ
660 4662 837 4731 κρῖμα
863 4660 971 4715 τοῦ
992 4658 1177 4722 Θεοῦ;
1221 4657 1440 4730 Ἐπειδὴ
1468 4656 1578 4728 γάρ
1603 4657 1805 4727 πολλὴν
1826 4655 1992 4724 ἔδειξε

333 4750 432 4819 τῆς
458 4749 783 4821 οἰκουμένης
803 4748 899 4819 τὴν
921 4746 1213 4818 ἁμαρτίαν,
1250 4745 1359 4799 ἀπὸ
1395 4744 1507 4798 τῶν
1541 4744 1846 4815 δογμάτων,
1886 4744 1994 4797 ἀπὸ

333 4837 444 4890 τῶν
473 4836 842 4908 πραγμάτων,
872 4836 968 4890 καὶ
995 4837 1078 4890 ὅτι
1099 4832 1254 4904 σοφοὶ
1282 4833 1454 4899 ὅντες,
1482 4834 1575 4885 καὶ
1594 4833 1680 4885 ὅτι
1694 4831 1794 4902 τὴν
1813 4831 1992 4884 κτίσιν

333 4923 548 4996 ἔχοντες
568 4923 1010 4997 χειραγωγοῦσαν
1032 4962 1047 4987 ,
1091 4924 1185 4976 καὶ
1206 4924 1287 4976 δτι
1308 4922 1369 4975 οὐ
1399 4921 1479 4992 τῷ
1497 4922 1591 4975 τὸν
1607 4921 1742 4975 Θεὸν
1776 4920 1992 4988 ἀφεῖναι

337 5012 518 5083 μόνον,
550 5010 686 5065 ἀλλά
713 5012 808 5065 καὶ
844 5008 922 5077 τῷ
961 5008 1176 5062 ἑλέσθαι
1225 5009 1295 5063 τὰ
1344 5008 1667 5080 ὁμοιώματα
1684 5007 1792 5061 τῶν
1826 5008 1994 5079 ἑρπε-

333 5101 463 5170 τῶν,
494 5101 587 5155 καὶ
612 5100 689 5172 τῷ
722 5101 821 5168 τὴν
846 5099 1044 5170 ἀρετὴν
1088 5100 1372 5170 ἀτιμάσαι,
1418 5102 1510 5153 καὶ
1533 5100 1612 5171 τῷ
1648 5101 1748 5170 τῆς
1780 5100 1996 5168 φύσεως

334 5189 700 5260 άνθελκούσης
723 5187 816 5240 ἐπὶ
835 5187 933 5257 τὴν
958 5186 1157 5240 κακίαν
1180 5186 1568 5257 αὐτομολῆσαι,
1614 5188 1707 5240 καὶ
1741 5186 1820 5256 τῷ
1845 5184 1997 5256 παρά

338 5274 498 5345 φύσιν
532 5271 691 5340 εἶναι,
727 5272 939 5346 πρόεισι
961 5271 1147 5325 λοιπὸν
1182 5274 1262 5336 είς
1288 5272 1351 5326 τὸ
1374 5272 1566 5338 δεῖξαι,
1592 5273 1673 5327 ὃτι
1715 5273 1809 5325 καὶ
1833 5272 1997 5325 κολά-

336 5360 518 5426 ζονται
550 5363 601 5416 οί
636 5362 703 5415 τὰ
741 5354 969 5414 τοιαῦτα
1011 5358 1366 5432 πράσσοντες.
1398 5359 1605 5423 Ἐδειξε
1647 5360 1745 5429 μὲν
1775 5356 1869 5413 οῦν
1894 5360 1997 5430 ἤδη

336 5449 625 5521 τιμωρίαν,
647 5447 818 5503 εἰπὼν
855 5448 955 5519 τὴν
987 5446 1185 5517 πρᾶξιν
1209 5446 1379 5515 αὑτήν
1420 5463 1436 5479 θ
1483 5445 1603 5513 Τὴν
1630 5447 1741 5516 γάρ
1767 5447 1995 5515 ἀντιμι-

336 5538 539 5604 σθίαν,
566 5535 647 5606 ῆν
675 5536 820 5606 ἔδει,
865 5534 976 5606 τῆς
1023 5531 1262 5602 πλάνης
1295 5531 1496 5589 αὐτῶν
1518 5533 1589 5587 ἐν
1617 5532 1821 5598 αὐτοῖς
1851 5534 1998 5587 ἀπο-

402 5826 421 5892 f
446 5826 561 5885 Alii,
580 5826 726 5877 οὖσαν
745 5823 1004 5892 ἑκατέρων,
1026 5839 1137 5892 ψιφ
1169 5825 1323 5892 lecth
1360 5835 1456 5892 noq
1475 5821 1643 5892 mala.
1672 5883 1693 5892 _
1711 5818 1743 5859 ι
1768 5819 1996 5881 Quidam,

345 5883 558 5948 διέφυγον
578 5892 737 5951 φοϐον,
760 5883 898 5948 φησί
985 5891 1006 5920 ⁸
1032 5883 1147 5947 Alii,
1172 5887 1350 5942 κοινοῖς
1384 5883 1734 5947 συλ)ογισαοῖς.

1513 280 1581 337 ὣ
1619 279 1839 337 Εριετ.
1883 281 1973 334 ΔΙ)
2010 278 2178 341 ΒΟΜ.
2222 280 2459 341 HOMIL.
2495 284 2561 339 ν.

3648 301 3757 363 ιει

2084 396 2499 463 λαμϐάνουσι,
2554 398 2721 470 φησίν
2766 414 2781 431 ·
2838 398 2965 453 ἀλλ’
3013 401 3198 476 ἐπειδὴ
3248 405 3348 460 οῦκ
3411 407 3756 467 αἰσθάνονται

2084 480 2321 552 ἐκείνης,
2352 479 2472 537 εἷπε
2501 485 2596 539 καὶ
2626 485 2842 557 ἑτέραν,
2882 488 2948 557 ἢν
2982 489 3221 557 μάλιστα
3264 492 3552 551 δεδοίκασι.
3582 498 3755 553 Μάλι-

2089 582 2190 655 στα
2229 569 2328 655 μὲν
2364 569 2466 643 ἢδη
2513 571 2612 626 καὶ
2662 571 2867 644 ταύτην
2918 572 3118 639 ἔδειξεν
3153 593 3167 610 ·
3199 578 3325 632 ὅταν
3351 580 3456 652 γάρ
3486 582 3639 655 λέγῃ,
3672 585 3755 638 ὅτι

2089 653 2352 742 Τὸλκρῗμα
2370 656 2474 711 τοῦ
2493 658 2642 713 Θεοῦ
2659 661 2810 715 κατὰ
2831 659 3125 728 ἀλήθειάν
3139 664 3332 729 ἑστιν,
3350 668 3500 721 οὐδὲν
3513 653 3697 739 ἕτερον
3717 669 3751 742 ἢ

2084 739 2242 794 τοῦτο
2264 741 2411 811 λέγει
2440 759 2456 775 ο
2492 744 2635 816 πλὴν
2684 745 2821 800 ἀλλά
2865 748 2958 801 καὶ
2988 750 3076 819 ἐφ’
3101 751 3307 821 ἑτέρων
3336 754 3468 808 αὐτὸ
3489 739 3751 810 πλειόνων

2084 829 2684 898 κατασκευάζειπάλιν,
2721 833 2863 887 οὕτω
2888 834 3081 904 λέγων·
3116 839 3330 908 Λογίζῃ
3375 841 3443 893 δὲ
3485 843 3679 899 τοῦτο.
3706 839 3755 899 ὦ

2083 913 2374 983 ἄνθρωπε,
2405 921 2438 973 ὀ
2460 920 2684 988 κρίνων
2731 922 2872 987 τοὺς
2922 923 2993 977 τὰ
3040 926 3282 979 τοιαῦτα
3333 928 3747 998 πράσσοντας,

2083 1002 2180 1055 καί
2204 1002 2391 1058 ποιῶν
2409 1006 2579 1067 αὐτὰ,
2604 1007 2693 1061 ὅτι
2713 1008 2794 1062 σὺ
2827 1010 3091 1079 ἐκφεύξῃ
3122 1012 3188 1065 τὸ
3223 1013 3398 1082 κρῖμα
3431 1016 3535 1070 τοῦ
3566 1019 3741 1074 Θεοῦ.

2083 1088 2158 1143 Τὸ
2178 1089 2269 1143 σὸν
2293 1093 2394 1145 οὐκ
2414 1093 2677 1163 ὲξέφυγες
2711 1098 2909 1166 κρῖμα,
2953 1097 3046 1151 καὶ
3084 1099 3144 1151 τὸ
3165 1099 3258 1153 τοῦ
3285 1100 3419 1153 Θεοῦ
3454 1102 3749 1178 διαφεύξῃς

2082 1179 2175 1232 καὶ
2208 1180 2291 1244 τίς
2317 1180 2385 1235 ἂν
2406 1182 2562 1235 τοῦτο
2584 1184 2765 1248 είποι;
2820 1185 3015 1239 Καίτοι
3055 1202 3117 1254 γε
3171 1189 3234 1241 σὺ
3282 1191 3477 1243 σαυτὸν
3507 1189 3747 1263 ἔκρινας.

2094 1266 2247 1320 Ἀλλ’
2277 1269 2466 1339 ἐπειδὴ
2494 1270 2731 1341 τοσαύτη
2766 1266 2834 1342 ἦν
2866 1274 2899 1342 ἡ
2943 1276 3227 1344 περιουσία
3247 1276 3339 1329 τοῦ
3379 1278 3748 1351 δικαστηρίου,

2083 1354 2178 1408 καὶ¹
2219 1355 2343 1409 οὐδὲ
2391 1356 2589 1410 σαυτοῦ
2640 1358 2928 1428 φείσασθαι
2960 1362 3249 1432 ὴδυνήθης,
3285 1364 3401 1427 πῶς
3425 1367 3452 1418 6
3489 1365 3618 1430 Θεὸς
3645 1366 3691 1429 ἀ,
3723 1370 3752 1422 6

2081 1440 2490 1514 ἀναμάρτητος,
2515 1445 2544 1497 6
2584 1445 2702 1515 μεθ’
2734 1446 3038 1518 ὑπερϐολῆς
3057 1449 3280 1514 δίκαιος,
3312 1454 3373 1504 ού
3405 1452 3586 1524 πολλῷ
3614 1455 3749 1525 μᾶλ-

2081 1526 2173 1582 λον
2199 1529 2356 1583 τοῦτο
2385 1532 2635 1601 ποιήσει;
2676 1532 2835 1587 Ἀλλά
2878 1534 2942 1587 σὺ
3006 1535 3105 1605 μὲν
3164 1537 3360 1590 σαυτοῦ
3387 1540 3684 1609 κατέγνως,
3720 1543 3751 1595 6

2080 1614 2138 1668 δὲ
2179 1615 2311 1678 Θεὸς
2348 1618 2666 1684 ἀποδέξεται
2715 1620 2809 1674 καὶ
2861 1622 3176 1688 ἐπαινέσεις
3219 1624 3328 1677 Καὶ
3371 1624 3487 1689 πῶς
3532 1626 3596 1679 ἂν
3636 1627 3750 1697 ἔχοι

2079 1701 2238 1756 τοῦτο
2264 1703 2459 1773 λόγον;
2491 1706 2684 1760 Καίτοι
2724 1724 2785 1776 γε
2825 1709 3034 1761 ἐκείνου
3073 1709 3166 1763 τοῦ
3206 1710 3355 1782 παρὰ
3387 1713 3480 1765 σοῦ
3530 1715 3752 1767 καταδιο

2081 1790 2385 1860 καζομένου
2433 1790 2708 1856 κολάσεως
2762 1794 3006 1864 μείζονος
3060 1798 3125 1851 σὺ
3182 1797 3500 1863 ἀξιώτατος.
3535 1802 3611 1854 υύ
3641 1803 3750 1871 γάρ

2082 1879 2197 1932 ἐστι
2236 1880 2432 1932 ταυτὸν
2485 1881 2819 1951 ἁμαρτάνειν
2874 1884 3082 1950 άπλῶς,
3135 1887 3228 1939 καὶ
3271 1886 3456 1958 ἕτερον
3503 1889 3750 1958 ἁμαρτά-

2080 1983 2238 2018 νοντα
2279 1966 2588 2020 κολάσαντα
2622 1970 2736 2032 τοῖς
2776 1970 2958 2035 αὐτοῖς
3003 1975 3318 2040 περιπεσεῖν
3361 1974 3540 2028 πάλιν.
3588 1976 3751 2047 Ὁρᾷς

2082 2053 2196 2116 πῶς
2239 2053 2300 2105 τὸ
2333 2053 2583 2124 ἔγκλημα
2614 2054 2881 2127 ηῦξησεν;
2937 2058 2998 2110 Εἰ
3036 2063 3145 2131 γάρ
3177 2060 3262 2124 σὺ,
3308 2061 3461 2130 φησὶ,
3484 2063 3574 2114 τὸν
3595 2061 3750 2117 ἐλάτ-

2080 2155 2213 2193 τονα
2236 2140 2553 2211 ἁμαρτόντα
2592 2142 2859 2208 κολάζεις,
2908 2145 3085 2198 καίτοι
3126 2163 3190 2215 γε
3225 2148 3433 2217 μέλλων
3472 2150 3751 2221 αἰσχύνειν

2082 2226 2300 2289 σαυτὸν,
2360 2229 2477 2292 πῶς
2520 2231 2547 2282 6
2579 2230 2710 2294 Θεὸς
2758 2230 2849 2285 τὸν
2896 2231 3117 2303 μείζονα
3155 2234 3628 2306 πλημμελήσαντά
3665 2254 3747 2295 σε.

2081 2312 2175 2366 καὶ
2204 2312 2376 2368 ταῦτα
2402 2316 2461 2368 ού
2500 2316 2708 2386 μέλλων
2745 2320 2936 2373 ἑαυτὸν
2977 2320 3274 2392 αἰσχύνειν,
3299 2324 3362 2376 ού
3394 2324 3749 2379 καταδικάσει

2080 2400 2175 2454 καὶ
2199 2406 2521 2472 κατακρινεῖ
2569 2403 2850 2474 μειζόνως,
2887 2408 2986 2478 ἥδη
3017 2408 3483 2480 κατακεκριμένον
3510 2412 3615 2464 ἀπὸ
3643 2412 3751 2465 τῶν

2080 2485 2296 2541 οἰκείων
2330 2488 2637 2559 λογισμῶν;
2666 2492 2728 2543 Εἰ
2759 2492 2815 2545 δὲ
2835 2492 3034 2561 λέγεις,
3072 2495 3154 2547 ὅτι
3189 2491 3320 2548 Οἶδα
3351 2496 3469 2565 μὲν,
3492 2497 3573 2550 ὄτι
3600 2496 3752 2562 ἄξιός

2082 2575 2199 2645 εἰμι
2227 2574 2525 2638 κολάσεως,
2564 2577 2651 2630 διά
2667 2578 2834 2648 δὲτὴν
2857 2579 3237 2651 μακροθυμίαν
3251 2587 3626 2652 καταφρονεῖς,
3656 2584 3752 2637 καὶ

2081 2659 2171 2713 διὰ
2201 2658 2263 2712 τὸ
2294 2660 2369 2730 μὴ
2395 2660 2576 2713 δοῦναι
2603 2663 2923 2733 παραπόδας
2951 2664 3127 2734 δίκην,
3162 2665 3384 2737 θαρρεῖς
3411 2684 3424 2698 ο
3454 2667 3751 2721 δεδοικέναι

2085 2748 2184 2818 μὲν
2208 2746 2303 2800 καὶ
2336 2748 2561 2819 τρέμειν
2593 2748 2681 2802 διά
2709 2748 2868 2803 τοῦτο
2900 2751 2967 2803 ἂν
2997 2753 3114 2819 εἴης
3156 2751 3382 2814 δίκαιος.
3412 2753 3487 2805 Οὐ
3521 2753 3626 2826 γάρ
3672 2756 3753 2817 είς

2081 2834 2141 2890 τὸ
2165 2834 2239 2905 μὴ
2260 2834 2444 2889 δοῦναι
2476 2834 2656 2906 δίκην,
2686 2835 2804 2890 ἀλλ’
2844 2839 2923 2900 είς
2958 2837 3018 2889 τὸ
3054 2836 3237 2891 δοῦναι
3265 2838 3672 2909 χαλεπωτέραν,
3703 2843 3751 2894 εἰ

2087 2922 2271 2992 μένοις
2296 2921 2617 2994 ἀδιόρθωτος
2645 2920 2740 2985 ὢν,
2777 2923 3137 2977 ἀναϐάλλεται
3167 2940 3181 2955 ο
3218 2924 3246 2977 6
3316 2925 3582 2995 μηδέποτε
3608 2944 3750 2996 συμ-

2085 3008 2312 3080 6ήσεταί
2345 3026 2426 3063 σοι
2463 3019 2510 3065 ο.
2552 3011 2642 3064 Διὸ
2677 3010 2769 3062 καὶ
2827 3010 3023 3076 ἐπάγει
3073 3010 3245 3080 λέγων
3275 3031 3289 3046 ο
3332 3014 3407 3066 ’Ἠ
3426 3013 3532 3067 τοῦ
3561 3014 3749 3068 πλού-

2081 3113 2190 3151 του
2216 3096 2327 3164 τῆς
2372 3098 2783 3166 χρηστότητος
2835 3097 3022 3152 αὐτοῦ
3057 3099 3465 3168 καταφρονεῖς,
3520 3102 3752 3170 καὶτῆς

2080 3183 2313 3254 ἀνοχῆς
2329 3185 2422 3237 καὶ
2444 3182 2552 3253 τῆς
2567 3185 2996 3254 μακροθυμίας,
3019 3186 3272 3255 ἀγνοῶν,
3291 3186 3380 3241 ὅτι
3402 3187 3466 3241 τὸ
3484 3189 3754 3258 χρηστὸν

2080 3271 2185 3325 τοῦ
2208 3271 2355 3325 Θεοῦ
2384 3274 2471 3337 εἰς
2492 3270 2816 3341 μετάνοιάν
2853 3287 2927 3325 σε
2958 3271 3119 3343 ἄγευ
3158 3273 3481 3338 Ἐπαινέσας
3515 3275 3621 3346 γάρ
3651 3274 3750 3328 τοῦ

2084 3361 2237 3435 [465]
2272 3363 2408 3416 Θεοῦ
2445 3362 2542 3434 τὴν
2580 3362 2987 3434 μακροθυμίαν,
3019 3364 3113 3416 καὶ
3139 3363 3318 3428 δείξας
3355 3365 3523 3435 αὐτῆς
3542 3367 3601 3417 τὸ
3622 3365 3751 3436 κέρ-

2080 3447 2169 3513 δος
2203 3448 2458 3518 μέγιστον
2485 3451 2596 3510 τοῖς
2626 3450 2957 3519 προσέχουσι
2993 3448 3170 3520 (τοῦτο
3201 3450 3258 3503 δὲ
3289 3446 3357 3521 ἦν
3377 3450 3437 3502 τὸ
3478 3453 3555 3513 είς
3584 3454 3749 3521 μετά-

2082 3553 2230 3589 νοιαν
2283 3535 2463 3588 ἕλκειν
2513 3536 2640 3599 τοὺς
2705 3536 3164 3607 ἁμαρτάνοντας),
3218 3536 3370 3603 αὔξει
3429 3538 3521 3591 τὸν
3561 3538 3745 3607 φόϐον.

2081 3622 2299 3692 Ὠσπερ
2324 3622 2431 3691 γάρ
2470 3623 2582 3684 τοῖς
2620 3624 2699 3685 εἰς
2729 3621 2845 3675 δέον
2892 3623 3259 3694 χρησαμένοις
3301 3624 3571 3695 σωτηρίας
3603 3626 3750 3679 ἰστίν

2084 3707 2359 3771 ὑπόθεσις,
2397 3705 2541 3759 οὕτω
2580 3710 2693 3771 τοῖς
2735 3713 3210 3780 καταφρονήσασιν
3259 3711 3466 3779 ἐφόδιον
3504 3713 3749 3782 μείζονος

2083 3794 2374 3865 τιμωρίας.
2411 3793 2583 3847 Τοῦτο
2632 3796 2740 3865 γάρ
2785 3796 2847 3849 τὸ
2894 3798 3347 3868 περιφερόμενον,
3398 3800 3478 3853 ὅτι
3515 3801 3749 3870 χρηστὸς

2084 3880 2180 3934 καὶ
2210 3879 2560 3952 μακρόθυμος
2583 3880 2658 3933 ῶν
2690 3882 2719 3935 6
2742 3881 2875 3944 Θεὸς
2904 3884 3005 3936 οὐκ
3036 3885 3257 3938 ἀπαιτεῖ
3297 3885 3453 3956 δίκην
3490 3902 3503 3915 ·
3541 3887 3669 3940 ὅταν
3690 3887 3748 3939 δὲ

2086 3966 2247 4038 εἴπῃς
2273 3966 2451 4033 τοῦτο,
2489 3967 2675 4037 φησὶν,
2717 3969 2869 4022 οὐδὲν
2898 3969 3025 4023 ἀλλο
3051 3970 3250 4038 λέγεις,
3278 3970 3311 4041 ἢ
3351 3972 3451 4040 τῆς
3482 3973 3749 4041 τιμωρίας

2085 4053 2183 4124 τὴν
2209 4052 2477 4109 ἐπίτασιν.
2503 4053 2612 4127 Τὴν
2640 4054 2748 4126 γάρ
2769 4056 3112 4127 χρηστότητα
3146 4059 3175 4110 6
3196 4056 3328 4119 Θεὸς
3359 4057 3746 4120 ἐπιδείκνυται,

2089 4139 2173 4191 ίνα
2210 4138 2526 4209 ἀπαλλαγῇς
2585 4142 3025 4211 ἁμαρτημάτων,
3069 4142 3167 4211 οὐχ
3215 4142 3302 4195 ἵνα
3352 4141 3594 4213 προσθῇς
3625 4158 3637 4172 ·
3682 4141 3749 4195 ἂν

2085 4225 2266 4278 τοίνυν
2291 4225 2365 4296 μὴ
2385 4226 2544 4278 τοῦτο
2568 4228 2749 4296 ποιῇς,
2771 4226 3122 4299 φοϐερωτέρα
3155 4229 3189 4297 ἠ
3219 4227 3364 4295 δίκη.
3396 4227 3486 4280 Διὸ
3513 4229 3748 4298 μάλιστα

2089 4312 2423 4384 ἁμαρτάνειν
2451 4312 2512 4364 ού
2537 4312 2663 4382 χρὴ,
2690 4311 2876 4382 ἐπειδὴ
2900 4311 3252 4383 μακρόθυμος
3270 4314 3299 4365 6
3316 4312 3468 4377 Θεὸς,
3495 4312 3616 4366 οὐδὲ
3643 4313 3744 4384 τὴν

2087 4401 2407 4475 εὐεργεσίαν
2447 4401 2702 4455 ὑπόθεσιν
2742 4399 3138 4471 ἀγνωμοσύνης
3178 4401 3486 4455 ποιεῖσθαι·
3541 4402 3590 4454 εἰ
3638 4404 3749 4472 γάρ

2092 4489 2463 4560 μακρόθυμος,
2512 4488 2607 4542 καλ⁵
2648 4485 2864 4551 κολάζει
2903 4488 3142 4544 πάντως.
3189 4488 3360 4540 Πόθεν
3381 4487 3576 4556 δῆλονς
3617 4488 3749 4542 Ἀπὸ

2086 4577 2198 4630 τῶν
2230 4575 2355 4646 ἑξῆς
2385 4574 2707 4646 εἰρημένων.
2743 4573 2802 4627 El
2844 4574 2954 4645 γάρ
2979 4573 3147 4646 πολλὴ
3189 4576 3222 4645 ἡ
3262 4573 3451 4636 κακία,
3495 4576 3598 4628 οὐκ
3643 4577 3751 4629 ἀπο-

2089 4663 2280 4718 έλαδον
2300 4664 2358 4717 δὲ
2383 4665 2431 4717 οἰ
2456 4664 2637 4728 κακοὶ,
2666 4663 2878 4733 ἀνάγκη
2934 4661 3152 4726 πάντως
3203 4661 3514 4715 ἀπολαϐεῖν.
3547 4663 3609 4715 El
3641 4663 3750 4733 γὰρ

2088 4750 2363 4821 ἄνθρωποι
2385 4748 2559 4803 ταῦτα
2586 4749 2647 4803 οὐ
2673 4746 3005 4820 περιορῶσι,
3042 4748 3159 4813 πῶς
3184 4750 3213 4801 6
3236 4747 3369 4811 Θεὸς
3400 4748 3747 4819 περιόψεταις

2091 4838 2253 4891 Ὥστε
2301 4837 2551 4892 ἐντεῦθεν
2595 4836 2691 4891 καὶ
2745 4836 2838 4888 τὸν
2898 4836 3024 4906 περὶ
3070 4835 3171 4906 τῆς
3213 4836 3446 4905 κρίσεως
3488 4839 3752 4906 εἰσήγαγε

2087 4925 2265 4994 λόγον.
2297 4924 2389 4995 Τῷ
2407 4924 2516 4995 γάρ
2547 4922 2715 4986 δεῖξαι
2749 4921 2977 4984 πολλοὺς
3002 4922 3162 4984 ὂντας
3200 4921 3560 4986 ὑπευθύνους,
3591 4926 3642 4976 εἰ
3673 4926 3750 4995 μὴ

2093 5013 2502 5083 μετανοήσαιεν,
2527 5007 2645 5064 εἶτα
2669 5013 2732 5066 ού
2759 5011 3120 5076 κολασθέντας
3156 5010 3410 5074 ἐνταῦθα,
3437 5012 3536 5082 τὴν
3573 5010 3753 5084 κρίσιν

2092 5100 2400 5168 συνεισάγει
2434 5100 2671 5163 πάντως,
2730 5100 2829 5153 καὶ
2885 5100 3001 5169 μετ’
3063 5099 3367 5162 ἑπιτάσεως
3393 5113 3409 5128 ⁸
3442 5099 3524 5152 διό
3568 5115 3704 5170 φησι
3734 5113 3749 5128 ⁸

2089 5186 2252 5241 Κατὰ
2292 5185 2361 5239 δὲ
2416 5185 2533 5254 τὴν
2591 5185 2977 5255 σκληρότητά
3027 5200 3145 5240 σου
3194 5186 3296 5239 καί
3346 5185 3755 5253 ἀμετανόητον

2090 5275 2343 5342 καρδίαν
2363 5273 2735 5342 θησαυρίζεις
2761 5270 2996 5338 σεαυτῷ
3035 5272 3243 5342 ὀργήν.
3280 5271 3449 5324 Ὅταν
3472 5270 3581 5339 γάρ
3616 5275 3752 5341 μήτε

2091 5363 2420 5435 χρηστότητι
2449 5363 2813 5433 μαλάσσηται,
2846 5362 2984 5432 μήτε
3019 5359 3170 5429 φόϐῳ
3206 5359 3548 5427 κάμπτηται,
3572 5358 3627 5411 τί
3656 5358 3752 5412 τοῦ

2091 5452 2334 5507 τοιούτου
2383 5449 2744 5521 σκληρότερον
2797 5447 2997 5518 γένοιτ’
3019 5448 3119 5512 άν;
3163 5443 3379 5512 Ἐπειδὴ
3416 5443 3528 5515 γὰρ
3584 5443 3754 5511 ιδειξε

2091 5541 2185 5595 τοῦ
2213 5540 2348 5594 Θεοῦ
2376 5538 2476 5611 τὴν
2527 5537 2954 5610 φιλανθρωπίαν,
3012 5534 3133 5589 τότε
3184 5532 3423 5585 δείκνυσι
3456 5531 3555 5602 τὴν
3585 5548 3757 5605 τιμω-

2177 5756 2204 5797 d
2238 5758 2351 5816 Alii,
2388 5757 2489 5813 πῶς
2526 5756 2653 5805 οὖνὸ
2676 5755 2812 5812 Θεὸς.
2898 5754 2919 5777 ⁸
2946 5751 3002 5803 In
3022 5765 3120 5801 uno
3150 5752 3224 5816 sic
3262 5749 3470 5816 effertur
3496 5752 3666 5816 locus:
3697 5789 3753 5816 ..ε

2095 5811 2447 5882 χαλεπωτέραν,
2477 5811 2531 5882 ἐἰ
2552 5819 2702 5882 μένεις
2721 5818 2797 5865 ἀδ.
2823 5817 2922 5882 ὢν,
2956 5815 3015 5863 τὸ
3039 5815 3237 5876 μηδέπω
3255 5811 3417 5862 δοῦναι
3456 5813 3755 5877 σνμσήσεταί·

2101 5877 2196 5930 σοι.
2245 5877 2363 5939 Qua}
2384 5880 2532 5929 lectio
2550 5877 2734 5941 Optima
2755 5883 2849 5929 est.
2890 5877 3019 5928 Ευιτ.
