4144 6146
395 343 501 405 6'23

389 456 533 525 ρίαν,
565 454 646 508 ὅτι
681 451 828 506 ἐστὶν
854 448 1124 525 ἀφόρητος
1151 447 1230 518 τῷ
1267 447 1403 518 μηδὲ
1436 446 1610 509 οὕτως
1646 441 2058 514 ἐπιστραφέντι.

386 541 498 595 Καὶ
527 542 626 611 69a
652 540 766 602 πῶς
801 537 1005 610 κυρίως
1029 539 1150 600 ταῖς
1181 532 1359 599 λέξεσι
1409 535 1674 605 κέχρηται
1699 548 1712 562 ·
1757 528 2062 597 Θησαυρί-

387 626 504 692 ἄεις
525 627 651 696 γὰρ,
688 624 842 696 φησί,
877 622 1114 688 σεαυτῷ
1145 621 1355 691 ὀργὴν.
1405 620 1466 673 τὸ
1507 620 1725 682 πάντως
1761 615 2057 685 ἀποκείμε-

387 731 476 768 νον
507 713 701 784 δηλῶν,
751 711 846 764 καί⁵
897 711 1132 776 δεικνὺς,
1199 710 1259 762 οὑ
1311 707 1401 761 τὸν
1458 707 1768 770 δικάζοντα,
1813 702 1949 757 ἀλλὰ
1974 701 2064 755 τὸν

387 801 705 872 κρινόμενον
728 801 903 853 αττιον
925 797 1137 852 τούτου.
1172 792 1410 860 Σεαυτῷ
1440 793 1570 864 γὰρ,
1599 792 1752 862 φησί,
1777 790 2066 858 θησαυρί-

389 887 522 953 ζεις,
546 889 644 958 οὐχ
673 890 702 940 ὁ
731 887 864 949 θεός
908 903 1009 939 σοι.
1047 884 1282 945 Ἐκεῖνος
1324 882 1434 952 γὰρ
1467 881 1645 934 πάντα
1685 877 1935 948 ἐποίησεν
1961 878 2061 930 ὅσα

387 976 580 1048 ἐχρῆν,
614 977 708 1029 καὶ
758 972 1152 1042 διαγνωστικὸν
1223 987 1282 1023 σε
1334 969 1443 1023 τῶν
1501 967 1680 1022 καλῶν
1739 966 1834 1019 καὶ
1861 966 1971 1018 τῶν
2001 965 2061 1017 οὐ

387 1063 644 1118 τοιούτων
689 1061 1098 1124 κατεσκεύασε,
1148 1057 1243 1112 καὶ
1294 1055 1676 1128 μακροθυμίαν
1728 1052 2061 1118 ἐπεδείξατο,

389 1151 486 1205 καὶ
511 1152 590 1213 εἰς
615 1149 898 1220 μετάνοιαν
943 1147 1190 1210 ἐκάλεσε,
1223 1144 1318 1198 καὶ
1347 1144 1563 1214 ἡμέραν
1597 1140 1864 1210 ἠπείλησε
1899 1138 2063 1208 φοϐε-

392 1238 517 1311 ρὰν,
545 1237 631 1290 διὰ
669 1237 888 1290 πάντων
923 1251 982 1287 σε
1034 1234 1127 1286 ἐπὶ
1184 1231 1281 1303 τὴν
1336 1229 1624 1300 μετάνοιαν
1679 1227 1854 1279 ἐλκων
1881 1243 1894 1256 ·
1929 1227 1977 1278 εἰ
2007 1225 2064 1278 δὲ

393 1327 577 1397 μένεις
593 1325 892 1386 άνένδοτος,
911 1318 1147 1385 Σεαυτῷ
1175 1315 1550 1387 θησαυρίζεις
1573 1315 1760 1384 ὀργὴν
1781 1315 1850 1367 ἐν
1876 1311 2067 1383 ἡμέρᾳ

391 1413 576 1482 ὀργῆς
635 1411 735 1466 καί
796 1410 1240 1477 ἀποκαλύψεως
1295 1404 1394 1459 καὶ
1453 1401 1890 1470 δικαιοκρισίας
1956 1400 2065 1453 τοῦ

394 1501 564 1556 Θεοῦ.
599 1502 716 1554 Ἵνα
773 1500 880 1568 γὰρ
926 1497 1022 1570 μὴ,
1079 1495 1317 1559 ἀκούσας
1357 1495 1549 1565 ὀργὴν,
1605 1492 1834 1564 νομίσῃς
1869 1489 2062 1554 πάθος,

392 1590 638 1661 ἐπήγαγε
666 1605 679 1619 ·
709 1587 1143 1656 Δικαιοκρισίας
1167 1583 1271 1638 τοῦ
1302 1582 1471 1637 Θεοῦ.
1509 1580 1619 1635 Καὶ
1665 1581 1848 1643 καλῶς
1890 1574 2064 1646 εἶπεν,

406 1678 874 1744 Ἀποκαλύψεως
897 1689 912 1704 ο
948 1673 1070 1726 τότε
1106 1673 1215 1744 γὰρ
1253 1669 1698 1725 ἀποκαλύπτεται
1719 1666 1898 1728 τοῦτο,
1937 1667 2066 1720 ὅταν

391 1763 462 1818 τά
525 1764 644 1817 κατ’
694 1762 850 1828 ἀξίαν
913 1762 1141 1824 ἕκαστος
1195 1757 1582 1829 ἀπολαμϐάνῃ.
1636 1754 1905 1808 Ἐνταῦθα
1958 1754 2066 1824 γὰρ

393 1851 580 1904 πολλοὶ
617 1851 877 1914 πολλάκις
901 1846 1273 1920 ἐπηρεάζουσι
1303 1845 1453 1914 παρά
1489 1845 1550 1896 τὸ
1578 1843 1786 1897 δίκαιον
1832 1841 1926 1894 καὶ
1952 1843 2069 1893 ἐπι-

393 1939 740 1994 ϐουλεύουσιν
769 1955 785 1972 ⁸
810 1937 1003 1992 ἐκεῖδέ
1027 1938 1122 2006 οὐχ
1141 1936 1333 1997 οὓτως.
1372 1936 1477 2000 Ὃς
1497 1931 1800 1986 ἀποδώσει
1829 1930 2069 1996 ἑκάστῳ

391 2029 544 2083 κατὰ
566 2028 636 2081 τὰ
671 2027 814 2096 ἔργα
869 2024 1055 2079 αὐτοῦ
1084 2039 1097 2055 ·
1133 2022 1261 2089 τοῖς
1299 2021 1417 2092 μὲν
1466 2019 1596 2074 καθ’
1634 2017 1950 2089 ὑπομονὴν
1973 2017 2069 2086 ἕρ-

389 2132 502 2186 του
533 2114 777 2185 ἀγαθοῦ.
1376 2104 1389 2112 ’

463 2210 534 2272 γ’.
553 2201 771 2272 Ἐπειδὴ
795 2201 904 2272 γὰρ
934 2199 1164 2271 φοϐερὸς
1191 2199 1406 2267 ἐγενετο
1435 2195 1530 2251 καὶ
1557 2194 1746 2268 βαρὺς,
1781 2193 1910 2266 περί
1943 2192 2066 2266 κρί-

395 2307 533 2354 σεως
574 2292 667 2342 καί
715 2290 814 2359 τῆς
878 2286 1176 2357 μελλούσης
1225 2285 1604 2354 διαλεγόμενος
1658 2282 1949 2346 κολάσεως,
1978 2283 2070 2334 εὐ-

395 2376 534 2438 θέως
560 2377 658 2428 οὐκ
688 2377 768 2438 εἰς
802 2374 863 2427 τὸ
890 2371 1339 2443 προσδοκώμενον
1377 2371 1599 2425 ἐνέϐαλε
1639 2371 1738 2442 τὴν
1775 2369 2065 2442 τιμωρίαν,

392 2465 522 2519 ἀλλ’
545 2465 635 2516 ἐπὶ
659 2463 720 2516 τὸ
742 2461 1002 2534 ὴδύτερον
1032 2461 1224 2532 ἔτρεψε
1260 2461 1352 2514 τὸν
1378 2461 1556 2529 λόγον,
1583 2460 1680 2530 τὴν
1704 2459 1814 2513 τῶν
1845 2459 2066 2534 ἀγαθῶν

391 2551 697 2616 ἀντίδοσιν,
741 2532 886 2603 οὕτω
912 2532 1104 2616 ⁷λέγων
1131 2563 1146 2577 '
1201 2548 1329 2613 Τοῖς
1389 2547 1501 2617 μὲν
1556 2545 1687 2602 καθ’
1748 2532 2069 2615 ὑπομονὴν·

390 2642 572 2710 ἐργου
609 2641 836 2710 ἀγαθοῦ
869 2639 1059 2704 δόξαν
1093 2639 1193 2694 καὶ
1236 2637 1416 2708 τιμὴν
1443 2639 1542 2692 καὶ
1585 2638 1930 2706 ἀφθαρσίαν
1974 2637 2068 2706 (n-

389 2728 588 2791 τοῦσι,
614 2727 768 2795 ζωὴν
810 2726 1072 2781 αἰώνιον.
1121 2726 1385 2780 Ἐνταῦοα
1422 2727 1516 2780 καὶ
1570 2726 1698 2789 τοὺς
1740 2727 2066 2780 ἀναπεπτω-

391 2817 556 2880 κότας
579 2819 635 2869 ἐν
666 2819 779 2878 τοῖς
808 2817 1137 2887 πειρασμοῖς
1172 2816 1501 2886 διανίστησι,
1533 2815 1628 2868 καὶ
1660 2815 1948 2880 δείκνυσιν,
1983 2815 2065 2868 ὅτι

389 2905 452 2958 οὐ
480 2903 586 2974 χρὴ
633 2906 699 2974 τῇ
750 2903 933 2955 πίστει
995 2902 1218 2972 θαρρεῖν
1277 2902 1473 2972 μόνον·
1505 2902 1600 2954 καὶ
1633 2903 1741 2971 γάρ
1785 2900 1934 2974 [465]
1973 2901 2066 2955 καὶ

391 2991 646 3062 πράξεών
686 2994 800 3044 ἐστι
843 2991 903 3044 τὸ
939 2990 1289 3061 δικαστήριον
1319 2992 1494 3042 ἐκεῖνο
1530 2989 1893 3054 ἐξεταστικὸν.
1927 2990 2065 3060 "09a

333 3101 341 3107 ·
389 3081 448 3134 δέ
475 3079 636 3133 αὐτὸν
668 3081 796 3132 ὅταν
835 3078 963 3150 περὶ
1005 3077 1112 3132 τῶν
1165 3077 1465 3148 μελλόντων
1503 3076 1839 3147 διαλέγηται,
1871 3081 1946 3149 μὴ
1975 3079 2066 3131 δυ-

392 3168 626 3239 νάμενον
655 3167 866 3237 τρανῶς
895 3168 1073 3219 εἰπεῖν
1119 3166 1188 3220 τά
1231 3166 1430 3234 ἀγαθά,
1493 3165 1627 3218 ἀλλὰ
1652 3167 1746 3218 καὶ
1783 3166 1937 3232 δόξαν
1972 3168 2065 3220 καὶ

389 3257 557 3327 τιμὴν
591 3255 840 3324 λέγοντα.
889 3253 1107 3324 Ἐπειδὴ
1129 3251 1239 3325 γὰρ
1275 3253 1455 3306 πάντα
1499 3251 1816 3324 ὑπερϐαίνει
1859 3254 1928 3306 τά
1973 3255 2066 3307 ἀν-

391 3342 659 3415 θρώπινα,
687 3342 788 3397 οὐκ
817 3341 930 3412 ἔχει
972 3340 1154 3395 εἰκόνα
1190 3338 1372 3394 αὐτῶν
1421 3338 1674 3392 ἐντεῦθεν
1713 3339 1905 3408 δεῖξαι,
1941 3342 2038 3396 ἀλλ
2053 3343 2086 3372 ’δ

391 3434 502 3487 ἀπὸ
527 3431 636 3486 τῶν
663 3430 966 3485 δοκούντων
987 3425 1125 3482 εἶναι
1148 3426 1422 3498 λαμπρῶν
1454 3429 1584 3497 παρ’
1621 3428 1774 3497 ἡμῖν,
1804 3428 1913 3482 ἀπὸ
1944 3429 2068 3483 τού..

389 3538 501 3574 των
533 3519 695 3583 αὐτὰ,
725 3519 800 3580 ὡς
822 3518 1073 3587 ἐγχωρεῖ,
1103 3513 1457 3586 παρίστησιν,
1499 3514 1606 3567 ἀπὸ
1627 3517 1728 3586 τῆς
1748 3515 1925 3586 δόξης,
1958 3517 2067 3572 ἀπὸ

390 3607 494 3677 τῆς
517 3607 706 3676 τιμῆς,
758 3605 866 3658 ἀπὸ
909 3604 1010 3672 τῆς
1027 3603 1172 3673 ζωῆς
1201 3616 1217 3632 ⁸
1243 3602 1417 3655 ταῦτα
1448 3603 1557 3674 γάρ
1587 3603 1701 3656 ἐστι
1751 3605 1820 3657 τὰ
1857 3605 2067 3678 ἀνθρώ-

391 3711 514 3758 ποις
573 3690 1038 3764 περισπούδαστα.
1075 3688 1225 3742 Ἀλλ’
1270 3690 1331 3744 οὐ
1399 3690 1626 3744 τοιαῦτα
1679 3693 1884 3757 ἐκεῖνα,
1931 3694 2066 3747 ἀλλὰ

390 3781 575 3852 πολλῷ
631 3779 828 3852 βελτίω
887 3776 1124 3844 τούτων,
1179 3779 1289 3850 ὅσῳ
1343 3778 1440 3833 καὶ
1481 3778 1733 3853 ἄφθαρτα
1786 3782 1881 3835 καὶ
1933 3782 2066 3836 ἀθά-

391 3887 528 3925 νατα
537 3906 551 3922 ο

462 3954 620 4021 Εἶδες
657 3956 774 4020 πῶς
810 3958 904 4010 καὶ
925 3956 1025 4021 τάς
1053 3958 1184 4028 περ)⁸
1211 3958 1312 4027 τῆς
1353 3956 1704 4020 ἀναστάσεως
1731 3957 1840 4010 τῶν
1880 3959 2068 4028 σωμά-

390 4066 498 4103 των
528 4049 663 4118 ἡμῖν
721 4044 893 4116 θύρας
943 4045 1197 4114 ἀνέῳξεν,
1252 4042 1563 4114 ἀφθαρσίαν
1608 4043 1818 4111 εἰπών;
1873 4047 1905 4116 ἡ
1953 4048 2066 4117 γὰρ

387 4138 669 4210 ἀφθαρσία
707 4137 799 4191 τοῦ
824 4136 1183 4208 φθειρομένου
1214 4135 1465 4207 σώματός
1493 4137 1660 4190 ἐστιν.
1685 4132 1838 4201 Εἶτα,
1875 4138 2063 4211 ἐπειδὴ

387 4231 490 4282 οὐκ
519 4229 677 4299 ἤρκει
728 4226 905 4290 τοῦτο,
951 4223 1258 4296 προσέθηκε
1311 4223 1468 4290 δόξαν
1502 4225 1599 4278 καὶ
1631 4227 1820 4296 τιμήν.
1855 4226 2064 4290 Πάντες

387 4318 497 4387 γὰρ
523 4313 944 4386 ἁναστησόμεθα
972 4314 1262 4386 ἄφθαρτοι,
1286 4311 1402 4366 ἀλλ’
1439 4313 1499 4364 οὐ
1541 4312 1740 4375 πάντες
1765 4315 1844 4376 εἰς
1880 4313 2061 4380 δόξαν,

386 4404 504 4458 ἀλλ’
537 4405 709 4475 οἱμὲν
761 4405 840 4464 εἰς
902 4402 1143 4467 κόλασιν,
1193 4401 1242 4453 οἰ
1289 4399 1347 4452 δὲ
1397 4401 1476 4462 εἰς
1521 4399 1702 4464 δόξαν.
1741 4399 1869 4464 Τοῖς
1899 4399 1968 4452 δὲ
1993 4401 2064 4466 ἐξ

388 4493 659 4562 ἐριθείας,
684 4491 838 4561 φησί.
871 4489 1040 4544 Πάλιν
1068 4487 1177 4558 γὰρ
1220 4488 1512 4558 ἀποστερεῖ
1569 4487 1899 4558 συγγνώμης
1937 4491 2064 4553 τοὺς

387 4595 448 4634 εν
477 4581 644 4651 κακίᾳ
676 4579 905 4644 ζῶντας,
940 4577 1036 4630 καὶ
1075 4576 1349 4631 δείκνυσιν
1396 4575 1503 4627 ἀπὸ
1552 4574 1887 4643 φιλονεικίας
1917 4577 2062 4643 τινὸς

387 4670 484 4723 καὶ
510 4667 780 4739 ῥᾳθυμίας
805 4664 899 4718 ἐπὶ
945 4664 1045 4734 τὴν
1096 4661 1361 4734 πονηρίαν
1417 4661 1734 4725 πίπτοντας.
1765 4663 1872 4716 Καὶ
1896 4665 2064 4720 ἀπει-

385 4757 564 4811 θοῦσι
586 4753 703 4823 μὲν
746 4751 821 4820 τῇ
867 4749 1140 4819 ἀληθείᾳ,
1194 4750 1574 4819 πειθομένοις
1624 4749 1694 4802 δὲ
1735 4748 1809 4817 τῇ
1837 4749 2057 4818 ἀδικίᾳ.

397 4844 533 4897 Ἰδοὺ
556 4841 646 4895 καί
673 4839 832 4911 ἑτέρα
867 4837 1170 4908 κατηγορία
1209 4836 1390 4892 πάλιν.
1426 4837 1594 4890 Ποίαν
1623 4836 1732 4908 γὰρ
1763 4838 2060 4908 ἀπολογίαν

313 4930 316 4933 ’
384 4931 592 5003 ἀνέχοι
623 4931 652 4983 6
679 4929 742 4983 τὸ
774 4929 890 5000 φῶς
933 4927 1173 4998 φεύγων,
1219 4928 1317 4982 καὶ
1359 4927 1420 4982 τὸ
1477 4928 1667 4993 σκότος
1699 4929 2058 5001 αἱρούμενος

385 5022 496 5077 Καὶ
522 5022 622 5075 οὐκ
647 5015 787 5085 εἷπε,
814 5016 1182 5086 Βιαζομένους
1223 5017 1320 5069 καὶ
1371 5019 1868 5089 τυραννουμένους,
1899 5019 2055 5086 ἀλλὰ,

384 5109 786 5177 Πειθομένους
808 5103 883 5175 τῇ
909 5104 1114 5172 ἀδικίᾳ
1146 5120 1160 5136 ’
1191 5104 1278 5157 ἶνα
1316 5103 1515 5177 μάθῃς,
1559 5105 1642 5158 ὃτι
1680 5106 2059 5178 προαιρέσεως

381 5197 444 5251 τὸ
476 5195 699 5266 πτῶμα,
729 5194 829 5246 οὐκ
867 5192 1113 5262 ἀνάγκης
1144 5190 1205 5244 τὸ
1237 5191 1509 5261 ἔγκλημα.
1544 5193 1761 5262 Θλίψις
1789 5194 1889 5248 καί
1919 5211 2057 5248 στε-

381 5285 641 5355 νοχωρία
668 5282 766 5336 ἐπὶ
791 5279 1001 5336 πᾶσαν
1039 5279 1256 5349 ψυχὴν
1278 5278 1596 5348 ἀνθρώπου
1626 5282 1732 5335 τοῦ
1773 5299 2058 5353 κατεργα-

382 5372 631 5444 ζομένου
663 5369 732 5426 τὸ
770 5367 962 5424 κακόν
987 5383 1004 5400 ·
1043 5366 1290 5421 τουτέστι
1329 5366 1434 5420 κᾶν
1471 5365 1716 5438 εὔπορόςξ
1737 5385 1821 5432 τις
1865 5366 1921 5442 ᾖ,
1953 5369 2057 5423 κᾶν

383 5463 608 5526 ὕπατος,
632 5463 738 5516 κᾶν
763 5456 1156 5522 αὐτοϐασιλεὺς
1182 5470 1234 5522 ⁸,
1257 5457 1447 5512 οὐδένα
1473 5457 1502 5510 6
1525 5461 1624 5529 τῆς
1668 5458 1898 5522 κτίσεως
1925 5458 2056 5512 δυσ-

379 5555 611 5607 ωπεῖται
665 5551 822 5620 λόγος
865 5566 882 5583 ·
935 5548 1196 5621 οὐδεμίαν
1264 5547 1376 5618 γάρ
1431 5537 1668 5602 ἐνταῦθα
1736 5548 1924 5621 χώραν
1988 5549 2056 5604 τά

381 5639 665 5710 ἀξιώματα
700 5639 832 5709 ἔχει.
868 5638 1058 5703 Δείξας
1090 5637 1267 5690 τοίνυν
1287 5635 1387 5708 τὴν
1412 5635 1720 5708 ὑπερϐολὴν
1748 5638 1849 5707 τῆς
1874 5638 2053 5707 νόσου,

381 5727 479 5782 καὶ
502 5727 600 5796 τὴν
623 5727 803 5780 αἰτίαν
835 5726 1112 5796 προσθεὶς,
1155 5726 1238 5778 ὅτι
1281 5722 1390 5777 ἀπὸ
1440 5723 1712 5795 ῥᾳθυμίας
1735 5724 1842 5779 τῶν
1866 5726 2054 5798 ἀρρω-

363 5808 673 5870 ’στούντωη
711 5811 802 5862 καὶ
831 5810 894 5862 τὸ
921 5810 1096 5873 τέλος,
1131 5811 1211 5864 ὅτι
1241 5809 1489 5865 ἀπώλεια
1515 5810 1714 5874 αὐτοὺς
1731 5809 2051 5879 διαδέξεται,

481 5977 503 6006 ⁸
522 5980 635 6034 Duo
653 5991 790 6040 mss,
815 5977 953 6035 αὐτὸς
977 5980 1003 6027 ὁ
1031 5980 1266 6042 βασιλεύς.

1175 331 1233 386 S.
1274 325 1565 384 JOANNIS
1602 319 2093 383 CIIRYSOSTOMI
2135 319 2458 377 ARCIIIEP.
2497 316 3051 378 CONSTANTINOP.

3740 318 3849 378 426

2164 441 2258 495 καὶ
2291 441 2353 494 τδ
2399 439 2620 494 εὐκολον
2654 439 2754 510 τῆς
2791 435 3148 508 διορθώσεως,
3198 436 3357 508 βαρεῖ
3379 436 3409 478 δ
3456 437 3620 492 πάλιν
3648 441 3746 496 καὶ
3787 445 3852 497 ἐν

2163 532 2230 600 τῇ
2260 528 2478 582 κολάσει
2528 528 2621 582 τὸν
2669 525 2943 580 Ἰουδαῖον.
2983 523 3278 579 Ἰουδαίου
3328 541 3394 579 τε
3447 525 3690 596 πρῶτον
3739 529 3848 585 και

2169 618 2493 683 Ἕλληνος.
2527 617 2587 670 '0
2605 615 2714 687 γὰρ
2741 613 2984 678 πλείονος
3013 612 3331 675 ἀπολαύσας
3349 612 3452 683 τῆς
3472 615 3847 683 διδασκαλίας,

2169 704 2392 776 μείζονα
2429 704 2496 758 ἂν
2526 704 2612 774 εἴη
2647 703 2742 758 καὶ
2773 702 3044 773 τιμωρίαν
3089 700 3240 765 ἄξιος
3276 702 3567 772 ὑπομεῖναι
3605 722 3851 771 παρανοο

2169 792 2305 862 μῶν.
2332 792 2496 844 Ὥστε
2527 790 2637 860 ὅσῳ
2665 789 2731 842 ἂν
2766 787 3124 859 συνετώτεροι
3174 781 3326 858 ὦμεν
3377 789 3411 860 ἢ
3459 789 3847 864 δυνατώτεροι,

2165 877 2418 933 τοσοῦτον
2450 876 2790 948 κολαζόμεθα
2819 876 3020 946 μᾶλλον
3053 877 3480 947 ἁμαρτάνοντες.
3524 878 3632 931 Καὶ
3659 879 3771 948 γὰρ
3799 882 3849 934 εἰ

2167 968 2420 1031 πλούσιος
2439 961 2509 1032 εἶ,
2535 965 2755 1020 πλείονα
2788 965 3140 1038 ἀπαιτηθήσῃ
3165 967 3425 1035 χρήματα
3461 963 3555 1018 τοῦ
3591 966 3844 1038 πένητος,

2166 1057 2263 1110 καὶ
2308 1058 2358 1109 εἰ
2406 1055 2795 1125 συνετώτερος,
2861 1051 3084 1124 μείζονα
3143 1052 3411 1123 ὑπακοὴν,
3461 1055 3556 1107 καὶ
3607 1057 3655 1107 εἰ
3685 1055 3848 1110 δυνα-

2169 1147 2354 1200 στείαν
2384 1144 2802 1218 περιϐέϐλησαι,
2850 1142 3209 1216 λαμπρότερα
3271 1144 3670 1215 κατορθώματα
3701 1163 3715 1177 ο
3752 1149 3851 1200 καὶ

2170 1234 2264 1288 ἐπὶ
2299 1234 2524 1288 πάντων
2555 1233 2610 1286 δὲ
2645 1232 2756 1286 τῶν
2778 1231 2956 1287 ἄλλων
3004 1231 3147 1285 οὑτω
3199 1231 3338 1303 7:96;
3375 1232 3475 1303 τὴν
3495 1231 3726 1302 δύναμιν
3751 1234 3850 1287 καὶ

2167 1321 2236 1374 τά
2288 1320 2464 1392 μέτρα
2529 1319 2804 1382 εἰσοίσεις.
2854 1317 3010 1383 Δόξα
3057 1316 3242 1371 δέ·καί
3293 1316 3432 1387 τιμὴ
3485 1319 3585 1373 καί
3635 1318 3848 1388 εἰρήνη

2168 1409 2346 1462 παντί
2375 1408 2454 1474 τῷ
2472 1406 2835 1478 ἐργαζομένῳ
2878 1406 2945 1460 τὸ
2996 1405 3241 1475 ἀγαθὸν,
3306 1405 3568 1470 Ἰουδαίῳ
3593 1422 3657 1458 τε
3685 1405 3848 1474 πρῶ-

2167 1514 2294 1560 τον,
2324 1496 2422 1550 καὶ
2448 1497 2725 1562 ’Ἕλλην-ι.
2785 1496 2944 1548 Ποῖον
3003 1493 3255 1547 Ἰουδαῖον
3307 1493 3546 1549 ἐνταῦθά
3582 1510 3770 1563 φησιν,
3813 1493 3849 1564 ἢ

2171 1586 2299 1657 περὶ
2359 1586 2530 1639 ποίων
2581 1585 2849 1655 Ἑλλήνων
2894 1583 3240 1652 διαλέγεται;
3272 1582 3392 1635 Τῶν
3447 1582 3556 1652 πρὸ
3603 1585 3704 1653 τῆς
3753 1582 3850 1636 τοῦ

2168 1673 2408 1747 Χριστοῦ
2456 1672 2781 1743 παρουσίας.
2840 1669 3007 1724 υύπω
3054 1671 3163 1742 γὰρ
3207 1672 3288 1732 εἰς
3327 1670 3456 1734 τοὺς
3494 1671 3595 1741 τῆς
3625 1671 3852 1741 χάριτος

2170 1760 2371 1831 ἔφθασε
2399 1759 2624 1830 χρόνους
2643 1761 2671 1813 6
2701 1759 2878 1828 λόγος,
2911 1758 3037 1813 ἀλλ’
3073 1757 3154 1810 ἔτι
3207 1760 3318 1822 τοῖς
3347 1758 3604 1825 ἀνωτέρω
3635 1758 3852 1829 χρόνοις

2172 1850 2514 1920 ἐνδιατρίϐει,
2558 1848 2948 1920 προκαθαιρῶν
3004 1848 3320 1920 πόρρωθεν,
3380 1848 3475 1902 καὶ
3513 1849 3757 1919 ἀναιρῶν
3790 1847 3854 1902 τὸ

2176 1940 2341 2011 μέσον
2389 1937 2484 1992 τοῦ
2517 1937 2781 2007 Ἕλληνος
2825 1938 2922 1992 καὶ
2953 1936 3048 1990 τοῦ
3088 1936 3372 2002 Ἰουδαίου,
3404 1937 3496 2001 ἵν’,
3531 1937 3662 1990 ὅταν
3691 1938 3750 1989 ἐν
3780 1939 3850 2007 τῇ

2172 2029 2352 2099 χάριτι
2379 2027 2536 2079 τοῦτο
2558 2028 2709 2096 ποιῇ,
2747 2025 2944 2096 μηκέτι
2975 2024 3103 2096 δόξῃ
3135 2023 3321 2078 καινόν
3368 2041 3422 2077 τι
3461 2025 3559 2078 καί
3587 2025 3852 2094 φορτικὸν

2171 2117 2427 2169 ἐπινοεῖν.
2465 2113 2528 2166 Εἰ
2573 2113 2681 2183 γὰρ
2729 2114 2786 2165 ἐν
2839 2115 2954 2176 τοῖς
3004 2113 3263 2184 ἀνωτέρω
3317 2113 3552 2184 χρόνοις,
3575 2113 3664 2165 ὅτε
3695 2113 3851 2165 οὔπω

2171 2207 2204 2275 ἠ
2230 2204 2391 2274 χάρις
2417 2198 2486 2272 ῆν
2508 2201 2835 2271 ἐκλάμψασα
2859 2201 2892 2271 ἡ
2926 2200 3186 2270 τοσαύτη,
3210 2201 3299 2253 ὅτε
3320 2201 3389 2254 τὰ
3422 2200 3531 2253 τῶν
3577 2199 3852 2254 Ἰουδαίων

2173 2292 2349 2362 σεμνά
2370 2292 2465 2342 καὶ
2500 2288 2800 2358 περιϐόητα
2833 2286 2927 2339 καὶ
2943 2285 3173 2356 λαμπρά
3200 2285 3354 2358 παρά
3386 2289 3552 2340 πᾶσιν
3576 2281 3667 2357 ἦν,
3695 2286 3852 2339 οὐδὲν

2169 2375 2237 2452 ἦν
2268 2380 2329 2431 τὸ
2351 2379 2536 2449 μέσον,
2561 2376 2684 2428 τίνα
2707 2374 2773 2428 ἂν
2810 2373 2985 2443 ἔχοιεν
3031 2373 3218 2436 λοιπὸν
3267 2375 3438 2427 εἰπεῖν
3491 2374 3642 2446 [465]
3691 2374 3853 2443 λόγον

2173 2467 2314 2540 μετὰ
2362 2465 2462 2537 τὴν
2509 2462 2779 2531 τοσαύτην
2837 2461 2939 2531 τῆς
2996 2461 3220 2534 χάριτος
3290 2462 3587 2530 ἐπίδειξιν;
3627 2462 3730 2516 Διά
3765 2480 3852 2517 τοι

2169 2556 2331 2608 τοῦτο
2358 2555 2451 2609 καὶ
2479 2551 2620 2624 μετὰ
2647 2550 2850 2623 πολλῆς
2873 2550 3006 2603 αὐτὸ
3038 2550 3442 2613 κατασκευάζει
3469 2551 3567 2620 τῆς
3587 2553 3851 2622 σπουδῆς,

2170 2643 2280 2697 Καὶ
2313 2641 2421 2711 γὰρ
2449 2642 2478 2694 6
2499 2639 2777 2709 ἀκροατὴς
2802 2636 2963 2692 τοῦτο
3000 2637 3187 2709 μαθὼν
3215 2639 3272 2691 ἐν
3301 2641 3412 2702 τοῖς
3437 2638 3700 2708 ἀνωτέρω
3719 2639 3851 2710 χρό-

2169 2747 2281 2794 νοις
2311 2727 2572 2801 κρατοῦν,
2609 2727 2791 2798 πολλῷ
2827 2727 3027 2797 μᾶλλον
3065 2727 3204 2796 μετά
3232 2727 3332 2798 τὴν
3361 2729 3544 2781 πίστιν
3577 2729 3712 2783 αὐτὸ
3743 2747 3852 2783 πα-

2171 2821 2452 2894 ραδέξεται
2483 2832 2529 2872 ο.
2567 2817 2835 2888 Ἕλληνας
2858 2816 2914 2870 δὲ
2944 2815 3181 2870 ἐνταῦθά
3207 2833 3393 2886 φησιν,
3439 2818 3500 2870 οὐ
3543 2819 3673 2882 τοὺς
3701 2819 3852 2872 εἰδω-

2169 2911 2589 2984 λο).ατροῦντας,
2625 2909 2763 2964 ἀλλὰ
2791 2909 2914 2969 τοὺς
2943 2907 3353 2971 θεοσεϐοὗντας,
3381 2908 3508 2972 τοὺς
3530 2907 3608 2979 τῷ
3632 2909 3851 2980 φυσικῷ

2170 3000 2526 3072 πειθομένους
2549 2999 2724 3070 νόμῳ,
2745 2999 2872 3062 τοὺς
2900 2997 3041 3068 πλὴν
3065 2996 3173 3048 τῶν
3194 2994 3504 3048 Ἰουδαϊκῶν
3524 2999 3851 3067 παρατηρή-

2170 3108 2311 3145 σεων
2338 3089 2517 3143 πάντα
2540 3087 2610 3140 τά
2642 3087 2779 3157 πρὸς
2818 3084 3100 3138 εὐσέϐειαν
3133 3083 3491 3136 συντελοῦντα
3529 3083 3685 3153 διατη
3698 3085 3851 3156 905v-

2169 3194 2266 3240 :a;
2302 3191 2317 3206 ο
2350 3169 2454 3227 οἷοι
2479 3167 2618 3243 ἦσαν
2650 3171 2700 3224 οί
2729 3169 2857 3240 περί
2882 3169 2972 3221 τὸν
3007 3169 3362 3245 Μελχισεδὲκ,
3397 3163 3508 3231 οἷος
3544 3165 3612 3240 ἦν
3637 3170 3666 3222 ὀ
3703 3167 3847 3234 Ἰὼϐ,

2120 3262 2122 3264 ⁷
2167 3260 2270 3318 οἷοι
2310 3259 2449 3335 ἦσαν
2469 3262 2517 3314 οἱ
2543 3257 2845 3319 Νινευῗται,
2871 3251 2979 3320 οἶος
3006 3252 3074 3328 ἦν
3103 3259 3130 3309 6
3161 3256 3477 3328 Κορνήλιος.
3509 3257 3650 3326 Ἤδη
3669 3256 3850 3310 τοίνυν

2174 3349 2549 3422 προδιορύττει
2597 3347 2696 3416 τῆς
2741 3345 3043 3414 περιτομῆς
3092 3343 3323 3413 καὶτῆς
3381 3343 3746 3415 ἀκροϐυστίας
3785 3345 3848 3398 το

2173 3443 2358 3514 μέσον,
2377 3439 2470 3493 καὶ
2488 3434 2768 3508 πόρρωθεν
2792 3435 2997 3500 ταύτην
3058 3430 3423 3502 προκαταλύει
3445 3433 3545 3498 τὴν
3562 3431 3845 3502 διαφοράν,

2168 3529 2309 3581 ὥστε
2334 3527 2428 3580 καὶ
2455 3523 2780 3584 ἀνυπόπτως
2816 3519 2945 3573 αὐτὸ
2974 3519 3218 3589 ποιῆσαι,
3251 3517 3344 3571 καὶ
3373 3517 3433 3582 ἐξ
3465 3519 3656 3590 ἐτέρας
3677 3521 3851 3586 ἀνάγ-

2169 3633 2272 3687 κης
2299 3617 2378 3677 εἰς
2407 3611 2566 3666 τοῦτο
2605 3609 2860 3681 ἐμϐαλεῖν
2896 3624 2909 3638 ·
2953 3608 3090 3678 ὅπερ
3135 3609 3221 3660 ἀεὶ
3255 3606 3353 3674 τῆς
3401 3606 3670 3668 συνέσεώς
3698 3609 3852 3660 ἐστιν

2172 3701 2300 3755 ἴδιον
2328 3701 2425 3772 τῆς
2453 3695 2836 3766 ἀποστολικῆς.
2873 3695 2938 3749 Εἰ
2970 3695 3067 3764 μέν
3096 3692 3205 3764 γὰρ
3229 3693 3322 3745 ἐπὶ
3343 3693 3449 3746 τῶν
3481 3693 3688 3763 καιρῶν
3716 3695 3852 3748 αὐτὸ

2168 3794 2268 3861 τῆς
2293 3789 2515 3860 χάριτος
2562 3785 2783 3849 ἔδειξεν,
2834 3782 3010 3846 ἔδοξεν
3047 3781 3112 3836 ἂν
3153 3780 3356 3851 πολλὴν
3375 3781 3611 3850 ὑποψίαν
3645 3781 3790 3852 ἔχειν
3822 3786 3854 3837 6

2167 3879 2324 3947 λόγος
2360 3890 2374 3905 ⁶
2415 3877 2476 3929 τὸ
2509 3875 2567 3928 δέ
2609 3873 2964 3944 διηγούμενον
2997 3869 3094 3941 τὴν
3129 3870 3465 3940 κατέχουσαν
3505 3869 3598 3922 τὸν
3639 3871 3851 3941 κόσμον

2167 3966 2367 4021 κακίαν
2400 3965 2496 4018 καὶ
2521 3963 2809 4034 πονηρίαν,
2856 3963 2919 4014 ἐκ
2947 3961 3046 4031 τῆς
3067 3959 3391 4022 ἀκολουθίας
3412 3957 3623 4028 ἐκείνης
3644 3959 3728 4020 εἰς
3757 3959 3854 4013 τὸν

2169 4056 2299 4127 περί
2335 4053 2540 4107 τούτων
2588 4050 2824 4123 ἐμϐῆναι
2853 4049 3034 4118 λόγον,
3069 4048 3380 4102 ἀνύποπτον
3410 4044 3584 4101 ἐποίει
3623 4045 3724 4118 τὴν
3764 4048 3852 4101 δι-

2166 4141 2486 4198 δασκαλίαν.

2225 4233 2288 4286 δ’.
2304 4231 2414 4284 Καὶ
2430 4231 2512 4282 6::
2530 4227 2688 4282 τοῦτο
2713 4226 2982 4298 βούλεται,
2997 4226 3093 4280 καὶ
3110 4223 3197 4278 διὰ
3215 4222 3374 4278 τοῦτο
3383 4223 3534 4278 ὀὕτω
3556 4222 3850 4292 συνέθηκε,

2166 4319 2324 4390 δῆλον
2357 4318 2586 4372 ἐκεῖθεν.
2618 4317 2681 4370 Εἰ
2727 4315 2801 4386 μὴ
2834 4313 2944 4385 γὰρ
2976 4312 3136 4366 τοῦτο
3159 4311 3460 4374 ἐσπούδαζε
3501 4314 3851 4366 κατασκευά-

2169 4427 2289 4474 σαι,
2322 4409 2481 4478 ῆρκει
2546 4405 2798 4467 εἰπόντα,
2838 4403 2920 4456 6::
2961 4401 3123 4455 Κατὰ
3161 4399 3278 4467 τὴν
3299 4399 3687 4468 σκληρότητά
3725 4415 3846 4453 σου

2165 4499 2260 4552 καὶ
2289 4494 2699 4566 ἀμετανόητον
2721 4491 2976 4560 καρδίαν
2998 4486 3374 4557 θησαυρίζεις
3397 4487 3634 4552 σεαυτῷ
3656 4487 3851 4557 ὀργὴν

2164 4586 2235 4641 ἐν
2265 4583 2457 4654 ἡμέρᾳ
2501 4579 2704 4652 ὀργῆς,
2754 4577 3067 4632 παύσασθαι
3116 4576 3214 4647 τῆς
3249 4574 3562 4637 ὑποθέσεως
3603 4574 3846 4644 ταύτης.

2163 4672 2404 4743 καὶγὰρ
2451 4668 2835 4742 ἀπηρτισμένη
2879 4661 2968 4738 ἦν.
3036 4663 3176 4717 Ἀλλ’
3231 4662 3417 4733 ἐπειδὴ
3470 4662 3532 4714 οὐ
3564 4661 3722 4715 τοῦτο
3774 4659 3850 4734 ἦν

2163 4759 2314 4831 αὐτῷ
2358 4759 2421 4812 τὸ
2463 4755 2816 4827 ζητούμενον,
2872 4754 3003 4824 περὶ
3052 4752 3290 4823 κρίσεως
3334 4751 3493 4821 μόνον
3527 4753 3703 4803 εἰπεῖν
3744 4751 3849 4820 τῆς

2171 4848 2499 4921 μελλούσης,
2536 4845 2674 4900 ἀλλὰ
2717 4843 2813 4898 καὶ
2861 4841 3032 4908 δεῖξαι
3081 4839 3232 4893 οὐδὲν
3289 4837 3450 4891 πλέον
3506 4837 3699 4909 ἔχοντα
3752 4839 3850 4892 τὶν

2174 4937 2428 4991 Ἰουδαῖον
2468 4932 2561 4988 τοῦ
2605 4931 2849 4987 τοιούτου
2883 4929 3177 5000 Ἕλληνος,
3211 4926 3302 4980 Eva
3339 4925 3414 4996 μὴ
3453 4925 3596 4996 μέγα
3644 4929 3848 4996 φρονῇ,

2161 5025 2374 5096 πρόεισι
2417 5020 2758 5093 περαιτέρω,
2815 5018 2914 5073 καὶ
2954 5016 3107 5081 τάξει
3153 5013 3442 5086 κέχρηται.
3498 5012 3703 5066 Σκόπει
3755 5013 3846 5066 δέ·

2172 5109 2440 5180 Ἐφόϐησε
2473 5109 2564 5162 τὸν
2595 5105 2895 5179 ἀκροατὴν,
2943 5105 3220 5176 ἐπήχησεν
3247 5113 3271 5141 θ
3297 5099 3450 5172 αὐτῷ
3478 5105 3578 5170 τὴν
3624 5101 3850 5170 ἡμέραν

2159 5198 2259 5270 τὴν
2282 5196 2412 5266 φοϐε
2422 5197 2542 5267 ράν,
2567 5190 2723 5249 εἶπεν
2741 5195 2863 5248 ὅσον
2884 5191 3054 5246 κακὸν
3076 5193 3142 5262 τῇ
3171 5189 3407 5262 πονηρία
3429 5188 3620 5259 συςῇν,
3640 5187 3849 5254 ἔδειξεν

2159 5286 2352 5340 οὐδένα
2384 5283 2444 5348 ἐξ
2489 5283 2713 5352 ἀγνοίας
2743 5279 3129 5352 ἁμαρτάνοντα
3155 5277 3278 5332 οὐδέ
3310 5276 3645 5347 ἀτιμωρητὶ,
3679 5275 3845 5339 ἀλλά,

2158 5373 2265 5428 κᾶν
2297 5373 2372 5444 μὴ
2393 5370 2489 5425 νῦν
2515 5370 2590 5441 δῷ
2610 5371 2788 5441 δίκην,
2816 5367 3057 5423 δώσοντα
3086 5366 3333 5431 πάντως·
3367 5363 3620 5419 ἐντεῦθεν
3650 5362 3846 5416 λοιπὸν

2161 5460 2409 5533 βούλεται
2455 5459 2890 5523 κατασκευάσαι,
2923 5458 3005 5511 6::
3035 5456 3066 5526 ή
3097 5454 3193 5508 τοῦ
3227 5455 3393 5526 νόμου
3425 5451 3746 5506 διδασκαλία
3777 5450 3846 5504 οὐ

2159 5549 2366 5621 σφόδρα
2408 5546 2518 5601 τῶν
2567 5544 3004 5614 κατεπειγόντων
3044 5539 3145 5616 ῆν·
3186 5544 3244 5596 ἐν
3277 5541 3388 5613 γὰρ
3435 5543 3549 5606 τοῖς
3591 5539 3776 5611 ἔργοις
3803 5540 3842 5607 ἡ

2159 5630 2380 5698 κόλασις
2409 5634 2503 5689 καί⁵
2547 5635 2581 5704 ὴ
2611 5631 2770 5704 τιμὴ,
2803 5633 2903 5686 οὐκ
2945 5633 3003 5686 ἐν
3047 5631 3318 5702 περιτομῇ
3351 5628 3444 5682 καὶ
3475 5626 3841 5699 ἀκροϐυστίᾳ.

2170 5722 2321 5778 Ἐπεὶ
2349 5717 2441 5777 οὖν
2463 5716 2617 5776 εἶπεν
2647 5721 2730 5774 ὅτι
2761 5719 2981 5785 πάντως
3010 5717 3409 5789 κολασθήσεται
3436 5718 3465 5769 6
3487 5715 3709 5786 Ἕλλην,
3740 5713 3847 5768 καὶ

2220 5929 2247 5968 ι’
2273 5927 2410 5976 Unus
2452 5926 2658 5990 βαρύνει.
2749 5928 2771 5954 ε
2803 5925 2910 5976 Duo
2947 5936 3061 5974 mss.
3091 5922 3413 5979 καταδέξεται.
3487 5914 3515 5957 δ
3538 5916 3652 5968 D00
3691 5927 3843 5975 mssa,

2169 5988 2471 6048 ἐπετείχισεν,
2515 5988 2680 6040 minus
2707 5990 2865 6036 recte.
