4122 6150
377 371 475 427 ιεπ

411 411 452 426 ,μ

374 492 427 543 ii.
487 483 779 541 Secundum
843 488 1007 531 autem
1062 473 1302 528 duritiam
1360 480 1498 525 tuam
1547 478 1594 522 et
1651 461 1964 534 imptenitens

374 597 463 633 cor
489 573 800 631 theano-ima
829 568 914 621 tibi
941 571 1089 620 iram.
1120 565 1254 620 Cum
1283 563 1423 618 enim
1451 575 1623 630 neque
1653 563 1958 610 mansuetu-

375 673 502 725 dine
532 665 854 727 emolliatnr,
887 673 986 713 nec
1015 659 1205 712 timore
1235 655 1497 716 flectatur,
1521 649 1644 721 quid
1669 649 1756 702 illo
1779 645 1964 700 durius

378 758 570 816 fuerit?
603 756 891 822 Postquam
925 757 1102 803 autem
1149 747 1237 800 Dei
1279 743 1656 814 benignitatem
1691 735 1962 800 ostendit,

378 865 500 908 tunc
530 847 849 917 supplicium
880 841 1094 898 exhibet
1125 857 1136 892 :
1166 838 1304 908 quod
1333 850 1522 904 nempe
1542 835 1613 888 sit
1635 828 1966 886 intolerabile

378 948 448 1011 ei,
478 943 568 1015 qui
597 953 774 1009 neque
795 937 871 991 sic
890 945 1182 989 conversus
1208 931 1294 983 sit.
1325 929 1388 982 Et
1415 926 1536 980 vide
1565 939 1722 995 quam
1751 920 1966 992 proprie

381 1011 558 1092 verbis
586 1041 764 1087 utatur
796 1045 809 1080 ε
842 1022 1202 1086 Thesaurizas,
1234 1019 1424 1090 inquit,
1454 1017 1541 1071 tibi
1570 1017 1718 1080 iram,
1746 1011 1967 1068 omnino

383 1126 672 1197 repositam
703 1123 834 1174 iram
868 1113 1179 1178 ostendens,
1211 1119 1264 1166 et
1296 1125 1401 1165 non
1429 1109 1689 1179 iudicem,
1719 1103 1813 1159 sed
1843 1117 1964 1158 eum

383 1195 470 1292 qui
507 1217 807 1288 judicatur,
839 1208 978 1266 illius
1016 1219 1230 1262 causam
1261 1217 1401 1258 esse.
1446 1200 1556 1255 Tibi
1597 1199 1727 1269 ipsi,
1761 1195 1966 1266 inquit,

385 1288 694 1365 tltesaitrizas
719 1345 730 1367 ,
763 1316 867 1356 non
898 1299 1040 1354 Deus
1068 1295 1179 1350 tibi.
1219 1293 1314 1349 Ille
1341 1291 1483 1347 enim
1514 1288 1690 1344 omnia
1730 1301 1848 1355 qua:
1875 1299 1971 1354 par

386 1413 501 1457 erat
528 1397 796 1470 prmstitit,
829 1402 880 1448 et
911 1389 1009 1447 tibi
1037 1391 1298 1445 bonorum
1326 1383 1696 1451 malorumque
1718 1377 1971 1448 cognitio-

390 1510 510 1550 nem
550 1488 840 1560 impertiit,
885 1482 1192 1556 patientiam
1230 1493 1380 1536 suam
1410 1475 1670 1540 exhibuit,
1703 1472 1768 1527 ad
1800 1471 1968 1542 paeni-

391 1586 610 1641 tentiam
641 1593 693 1636 te
719 1579 947 1638 vocavit,
975 1574 1118 1629 diem
1147 1569 1436 1626 terribilem
1468 1566 1820 1621 comminatus
1848 1569 1932 1616 est
1955 1602 1970 1625 ,

393 1692 487 1745 per
522 1671 698 1728 omnia
743 1678 794 1724 te
837 1665 900 1722 ad
954 1662 1374 1734 resipiscentiam
1412 1659 1653 1712 alliciens
1697 1674 1708 1708 :
1755 1653 1896 1726 quod
1928 1653 1971 1707 si

392 1769 624 1823 inﬂexus
676 1773 928 1823 maneas,
977 1754 1310 1810 Thesaurizas
1349 1750 1436 1805 tibi
1472 1751 1602 1803 iram
1629 1749 1680 1801 in
1706 1747 1787 1801 die
1811 1747 1902 1799 irte
1929 1754 1976 1797 et

392 1857 709 1916 reuelationis
749 1863 796 1908 et
823 1851 949 1925 justi
966 1847 1154 1920 judicii
1180 1845 1292 1900 Dei.
1322 1843 1399 1899 Ne
1431 1853 1579 1914 putes
1617 1842 1758 1895 enim
1799 1838 1974 1892 audita

392 1953 493 2017 ira,
518 1949 819 2019 passiOnem
847 1957 986 2007 esse,
1017 1939 1164 1994 addit
1192 1955 1207 1992 :
1234 1937 1369 1991 Justi
1383 1934 1572 2005 judicii
1600 1931 1712 1986 Dei.
1737 1933 1811 1984 Ac
1836 1939 1978 1985 recte

393 2040 546 2104 dixit,
582 2033 916 2092 Revelationis
937 2048 956 2086 :
986 2039 1112 2084 tunc
1141 2028 1280 2083 enim
1300 2068 1314 2090 ,
1347 2025 1446 2079 hoc
1479 2023 1710 2087 revelat,
1739 2037 1858 2074 cum
1892 2035 1978 2080 se,-

396 2130 627 2186 cundum
677 2127 922 2182 meritmn
971 2113 1162 2193 singuli
1212 2118 1497 2188 accipiunt.
1542 2116 1673 2171 Nam
1707 2115 1792 2169 hic
1838 2129 1981 2182 sa-pe

399 2222 553 2278 multi
614 2228 806 2290 praeter
852 2219 939 2286 jus
1007 2212 1305 2269 molestiam
1361 2209 1595 2264 inferunt
1655 2215 1709 2260 et
1764 2205 1980 2259 insidias

401 2321 653 2375 struunt;
714 2311 819 2364 illic
868 2322 995 2363 vero
1041 2321 1145 2360 non
1202 2305 1350 2358 item.
1386 2301 1485 2367 Qui
1515 2299 1688 2353 reddet
1715 2297 1984 2363 unicuique

400 2407 676 2464 secundum
717 2420 870 2474 Opera
911 2404 1051 2471 ejus;
1079 2401 1142 2454 iis
1172 2398 1402 2461 quidem,
1451 2395 1538 2464 qui
1563 2391 1838 2448 secundant
1888 2406 1982 2459 pa-

400 2499 625 2553 tientiam
654 2496 772 2550 boni
799 2495 983 2565 operis.

472 2589 522 2643 5.
567 2587 850 2656 Postquam
895 2598 953 2638 se
993 2582 1281 2636 terribilem
1324 2587 1377 2633 et
1429 2592 1672 2632 severum
1727 2573 1981 2635 exhibuit,

399 2698 523 2736 cum
544 2681 608 2734 de
634 2678 835 2750 judicio
865 2687 918 2732 et
948 2676 1013 2730 de
1043 2676 1221 2728 futuro
1248 2671 1506 2742 supplicio
1529 2671 1856 2739 loqueretur,
1882 2682 1985 2720 non

400 2790 462 2827 se
492 2771 668 2825 statim
698 2769 762 2822 ad
795 2767 1134 2837 supplicium,
1166 2775 1222 2818 ut
1250 2761 1666 2833 exspectandum
1689 2759 1986 2819 videbatur,

397 2862 652 2932 conjecit,
677 2859 768 2913 sed
791 2861 855 2912 ad
880 2873 989 2912 rem
1017 2855 1338 2916 suaviorem,
1369 2869 1557 2922 nempe
1585 2851 1986 2906 retributiOnem

401 2955 687 3016 bonorum,
717 2963 1020 3004 sermonem
1043 2945 1308 3000 convertit
1326 2946 1426 3000 hoc
1449 2953 1602 3013 pacto
1628 2960 1642 2997 :
1673 2940 1747 2994 Iis
1765 2940 1988 3011 quidem,

397 3045 492 3115 qui
520 3041 797 3096 secundum
834 3039 1128 3110 patientiam
1156 3037 1271 3091 boni
1297 3035 1482 3106 aperis,
1507 3033 1721 3104 gloriam
1752 3041 1797 3084 et
1827 3034 1990 3084 Itono-

398 3153 511 3188 rem
552 3145 598 3189 et
635 3133 1060 3202 incorruptionem
1095 3139 1346 3200 quarrunt,
1391 3128 1547 3180 vitam
1586 3137 1848 3179 a’ternam.
1896 3121 1993 3177 llic

397 3243 524 3292 eos,
569 3227 657 3296 qui
703 3227 754 3280 in
795 3223 1178 3279 tentationibus
1215 3221 1395 3274 animo
1431 3219 1768 3280 defecerant,
1816 3215 1990 3285 erigit,

399 3319 750 3388 ostenditque
792 3331 899 3370 non
928 3325 1177 3385 oportere
1223 3315 1274 3367 in
1314 3311 1415 3367 fide
1451 3311 1564 3365 sola
1612 3309 1853 3363 fiduciam
1900 3305 1996 3361 ha-

401 3414 541 3467 bere
571 3429 584 3464 :
616 3425 737 3465 nam
783 3408 1010 3463 tribunal
1055 3405 1183 3461 illud
1227 3413 1342 3458 acta
1388 3404 1673 3458 examinat.
1719 3398 1995 3470 Perpende

399 3503 583 3566 illum,
612 3516 731 3555 cum
763 3499 829 3554 de
854 3499 1044 3553 futuris
1079 3497 1335 3567 loquitur,
1367 3510 1471 3548 non
1503 3507 1659 3563 posse
1688 3491 1833 3546 clare
1856 3491 1995 3544 bona

397 3596 501 3651 iila
531 3593 824 3663 explicare,
856 3589 948 3645 sed
976 3590 1196 3656 gloriam
1234 3598 1287 3642 et
1326 3586 1583 3640 honorem
1623 3584 1822 3637 dicere.
1865 3581 1995 3646 Quia

395 3687 554 3741 enim
585 3685 720 3739 bona
744 3681 972 3736 hmnana
997 3681 1153 3748 longe
1173 3685 1444 3748 superant,
1469 3675 1661 3729 nullam
1687 3672 1845 3726 habet
1870 3671 2002 3723 ima-

395 3792 590 3847 ginem
623 3789 782 3845 quam
819 3772 982 3841 possit
1027 3770 1318 3830 adhibere;
1357 3766 1449 3821 sed
1485 3765 1553 3819 ab
1595 3766 1677 3828 iis,
1709 3778 1827 3833 quae
1860 3760 1996 3830 apml

396 3884 514 3922 nos
545 3862 904 3935 splendidiora
946 3861 1211 3925 videntur,
1244 3858 1327 3912 illa
1361 3865 1642 3924 utcumque
1669 3852 1938 3922 exprimit,
1969 3865 1997 3902 a

393 3957 608 4028 gloria,
635 3956 701 4008 ah
729 3955 954 4014 honore,
983 3968 1011 4004 a
1048 3953 1152 4004 vita
1189 3967 1203 4004 :
1237 3948 1321 4002 illa
1347 3947 1488 4002 enim
1522 3947 1660 4000 inter
1697 3958 1781 3998 res
1809 3943 2000 3996 Imma-

398 4068 512 4103 nas
542 4055 887 4117 expetuntur.
914 4044 1108 4099 Verum
1135 4041 1368 4096 cazlestia
1393 4054 1496 4094 non
1523 4036 1824 4107 hujusmodi
1845 4043 1998 4102 sunt;

396 4143 509 4198 sed
545 4141 629 4194 his
653 4155 721 4194 eo
742 4147 865 4193 sunt
893 4135 1284 4206 praestantiora,
1316 4132 1456 4203 quod
1489 4133 1596 4185 sint
1629 4127 2004 4198 incorruptibi-

394 4239 474 4292 lia
513 4246 568 4289 et
598 4231 939 4288 immortalia.

482 4321 814 4378 Resurrectio
845 4335 1132 4389 corporum.
1153 4316 1427 4372 —Viden’
1457 4325 1511 4369 ut
1541 4315 1695 4369 nobis
1726 4315 1792 4368 de
1822 4327 2004 4368 resur-

392 4416 662 4472 rectian
683 4426 968 4482 corporum
1003 4408 1142 4463 fores
1172 4408 1463 4476 aperuerit,
1493 4421 1613 4459 cum
1656 4401 2007 4470 incorruptio-

391 4522 544 4560 nem
584 4501 748 4556 dicit?
786 4499 1117 4567 incorruptio
1161 4497 1302 4552 enim
1351 4496 1436 4548 illa
1482 4493 1722 4561 corrupti
1767 4491 2008 4562 corporis

389 4604 517 4649 est.
565 4591 767 4647 Deinde
794 4592 914 4662 quia
947 4589 1046 4645 hoc
1085 4604 1191 4643 non
1230 4587 1358 4640 satis
1387 4594 1520 4648 erat,
1556 4583 1757 4637 addidit
1785 4581 2007 4652 gloriam

388 4700 450 4743 et
494 4687 790 4740 honorem.
817 4682 1015 4738 Omnes
1035 4681 1176 4736 enim
1211 4693 1551 4747 resurgemns
1578 4675 1889 4744 incorrupti,
1917 4675 2009 4728 sed

390 4797 524 4836 non
562 4792 754 4832 omnes
780 4776 845 4829 ad
871 4775 1116 4846 gloriam,
1147 4773 1239 4827 sed
1265 4771 1352 4825 alii
1383 4771 1446 4824 ad
1472 4769 1810 4839 Sllpplit'ittm,
1834 4768 1920 4821 alii
1946 4767 2009 4821 ad

371 4871 674 4944 gloriam.
708 4867 761 4922 8.
798 4865 873 4920 lis
904 4882 1042 4926 vero.
1071 4865 1161 4934 qui
1192 4880 1254 4918 ea:
1281 4861 1615 4924 contentione,
1649 4860 1836 4928 inquit.
1870 4857 2012 4912 Rur-

384 4981 502 5019 sus
544 4960 696 5014 enim
727 4959 876 5013 venia
906 4957 1074 5027 privat
1105 4970 1218 5019 eos,
1248 4955 1334 5026 qui
1378 4956 1430 5008 in
1460 4952 1691 5023 nequitia
1724 4952 1931 5014 vivunt,
1961 4958 2018 5004 et

384 5051 670 5112 ostendit
689 5066 784 5104 eos
812 5065 876 5105 ex
906 5047 1250 5104 contentione
1276 5046 1501 5116 quadam
1521 5054 1575 5098 et
1598 5044 1802 5113 ignavia
1834 5040 1901 5096 ad
1924 5054 2017 5095 ne-

381 5145 655 5219 quitiam
685 5140 971 5195 decidisse.
1006 5136 1071 5192 Et
1093 5154 1192 5191 non
1217 5137 1536 5206 acquiescant
1567 5135 1784 5199 veritati,
1808 5131 2019 5186 credunt

379 5246 602 5293 autent
638 5231 914 5300 iniquitati.
971 5231 1108 5284 Ecce
1157 5229 1312 5281 aliam
1361 5241 1548 5282 rursus
1598 5226 2018 5280 accusationem.

378 5333 602 5401 Quam
627 5325 768 5379 enim
789 5325 1188 5377 excusationem
1219 5320 1465 5374 habuerit
1494 5320 1558 5384 is,
1583 5319 1670 5388 qui
1695 5319 1863 5372 lucem
1891 5315 2023 5385 fugit

381 5436 448 5480 et
491 5418 771 5477 tenebras
795 5417 1017 5487 deligit?
1044 5415 1228 5484 Neque
1255 5413 1404 5477 dicit,
1435 5414 1488 5466 Vi
1517 5413 1794 5480 impulsos,
1822 5414 1901 5465 vel
1936 5420 2019 5480 ty—

381 5511 686 5576 rannide,
714 5510 1227 5577 scd,obtemperantes
1245 5506 1517 5574 iniquitati;
1537 5516 1591 5557 ut
1609 5505 1815 5559 ediscas
1839 5506 2025 5557 volun-

380 5610 542 5664 tatis
566 5617 701 5656 csse
729 5602 953 5670 lapsam,
985 5618 1091 5655 non
1113 5599 1444 5653 necessitatis
1465 5597 1691 5650 crimen.
1715 5597 1766 5651 9.
1802 5595 2032 5650 Tribulu—

379 5705 468 5757 tio
503 5707 565 5752 et
604 5694 844 5762 angustia
869 5710 1019 5763 super
1049 5709 1246 5745 omnem
1278 5691 1499 5743 animam
1525 5689 1738 5742 hominis
1773 5690 2025 5759 aperanti:

378 5790 659 5845 malum.
702 5785 754 5838 id
782 5795 884 5846 est,
917 5785 1037 5838 licet
1069 5784 1351 5850 epulentus
1377 5784 1496 5852 quis
1528 5782 1705 5850 fuerit,
1746 5781 1869 5837 licet.
1899 5799 2023 5838 con-

794 5884 1059 5944 ΡΑτιιοι..
1110 5885 1224 5942 Gn.
1278 5881 1402 5946 LX.

1427 353 1490 409 IN
1533 350 1750 409 EPIST.
1793 348 1881 404 AD
1923 343 2085 400 llOM.
2131 344 2353 408 llOMIL.
2407 349 2468 402 γ.

3543 370 3647 425 426

2071 459 2174 522 sul,
2212 460 2333 515 licet
2362 476 2476 525 rex,
2506 464 2778 519 neminem
2809 479 3084 524 reveretur
3111 472 3293 543 judieii
3330 479 3465 535 ratio
3499 499 3514 539 :
3544 496 3651 540 non

2073 547 2158 602 hie
2189 550 2362 604 locum
2391 552 2590 607 habent
2618 553 2922 624 dignitates.
2955 561 3087 616 Cum
3119 581 3248 635 ergo
3275 570 3447 626 morbi
3485 575 3652 630 rebe-

2071 639 2322 692 meutiam
2362 641 2712 710 exhibuisset,
2759 656 2812 699 et
2851 662 3064 705 causam
3104 654 3415 728 addidisset,
3460 680 3653 731 nempe

2071 734 2442 800 :rgrotantium
2477 736 2774 805 ignaviam;
2802 747 2855 793 et
2885 740 3042 796 linem
3073 760 3306 818 quoque,
3337 756 3478 824 quod
3503 759 3652 814 scili-

2070 836 2155 880 cet
2182 827 2448 895 peruicies
2480 829 2600 883 illos
2629 840 2918 899 exceptura
2947 834 3035 898 sit,
3085 852 3290 895 necnon
3318 848 3654 907 emendatio.

2072 918 2152 1010 nis
2174 917 2488 1010 lacilitatem
2510 935 2523 973 :
2547 919 2790 975 Judzeum
2810 938 2997 979 rursus
3020 925 3069 980 in
3101 932 3360 1001 supplicio
3377 953 3648 1010 aggravat.

2071 1006 2256 1062 Judazo
2298 1011 2517 1078 primum
2547 1021 2593 1066 et
2622 1011 2819 1068 Graeco.
2868 1015 3002 1072 Nam
3044 1021 3133 1089 qui
3177 1025 3380 1094 majore
3415 1006 3657 1091 imbutus

2073 1100 2170 1155 fuit
2191 1101 2454 1197 doctrina,
2487 1105 2674 1174 iuajori
2705 1108 2970 1178 supplicio
2997 1111 3186 1182 dignus
3210 1115 3387 1187 fuerit,
3408 1124 3451 1176 si
3477 1124 3655 1197 inique

2073 1203 2214 1263 agat.
2262 1193 2444 1265 Itaque
2470 1209 2672 1266 quanto
2698 1200 3073 1268 prudentiores
3101 1211 3531 1284 potentioresque
3560 1193 3652 1270 su-

2075 1298 2214 1351 mus,
2257 1294 2403 1340 tanto
2443 1289 2610 1358 magis
2647 1291 2892 1359 punimur
2921 1293 2964 1348 si
3006 1308 3312 1364 peccemus.
3359 1300 3568 1359 Etenim
3610 1309 3654 1362 si

2075 1376 2223 1432 dives
2252 1392 2332 1445 es,
2361 1379 2540 1448 plures
2563 1395 2591 1434 a
2618 1391 2670 1438 te
2700 1384 2983 1454 exigentur
3011 1403 3269 1457 pecunia,
3293 1410 3453 1464 quam
3475 1413 3504 1452 a
3528 1414 3658 1468 pau-

2077 1484 2237 1538 pere;
2284 1471 2327 1526 si
2369 1473 2703 1541 prudentior,
2746 1478 2919 1545 major
2947 1479 3285 1548 obedientia;
3327 1488 3370 1541 si
3423 1493 3656 1558 potentia

2076 1564 2278 1632 valeas,
2331 1565 2618 1621 illustriora
2661 1584 2824 1638 opera
2858 1587 2870 1623 :
2907 1572 2958 1625 in
2989 1573 3216 1644 aliisque
3255 1582 3506 1638 omnibus
3550 1586 3659 1653 pari

2079 1656 2285 1710 ratione
2309 1669 2404 1725 pro
2435 1656 2573 1712 virili
2601 1667 2655 1713 et
2679 1673 2775 1728 pro
2803 1661 3022 1716 modulo
3047 1667 3310 1722 conl'eres.
3344 1671 3430 1725 10.
3463 1672 3659 1740 Gloria,

2080 1745 2242 1798 honor
2261 1756 2307 1800 et
2336 1764 2439 1815 pax
2466 1751 2602 1803 omni
2631 1753 2863 1820 aperanti
2899 1753 3110 1820 bonum,
3141 1757 3327 1815 ιιιιάωο
3359 1766 3578 1831 primum
3615 1780 3662 1822 et

2082 1834 2278 1891 (ἐι-ατο.
2311 1840 2477 1903 Quem
2519 1841 2764 1897 Judaeum
2818 1844 2902 1899 hic
2943 1859 3222 1914 memorat,
3269 1863 3324 1906 et
3361 1854 3428 1908 de
3471 1857 3664 1924 quibus

2081 1927 2283 1982 (it-arcis
2324 1928 2595 1998 loquitur?
2627 1933 2703 1987 De
2732 1935 2816 1998 iis,
2848 1938 2938 2005 qui
2966 1950 3090 1994 ante
3132 1940 3330 1997 Christi
3375 1945 3661 2002 adveutmu

2082 2017 2231 2074 fuere
2273 2037 2286 2074 :
2331 2021 2565 2076 nondum
2620 2025 2761 2080 enim
2810 2027 2874 2082 ad
2927 2029 3114 2100 gratia:
3169 2042 3376 2103 tempus
3427 2040 3668 2105 pervenit

2083 2125 2280 2176 sermo,
2315 2114 2408 2167 sed
2437 2114 2506 2168 de
2533 2117 2792 2185 superiori
2822 2128 3063 2190 tempore
3092 2123 3345 2194 loquitur,
3379 2127 3487 2195 jam
3520 2128 3669 2198 prius

2083 2201 2151 2257 de
2180 2203 2358 2258 medio
2388 2205 2582 2260 tollens
2609 2207 2962 2264 differentiam
2991 2211 3236 2268 Grtncum
3261 2218 3400 2272 inter
3419 2233 3513 2274 seu
3539 2235 3669 2290 gen-

2087 2293 2232 2348 tilem
2260 2304 2309 2350 et
2337 2294 2578 2350 Judaeum
2607 2315 2622 2364 ;
2656 2307 2711 2352 ut
2736 2315 2856 2354 cum
2890 2302 2941 2356 in
2963 2305 3150 2373 gratiae
3179 2314 3420 2376 tempore
3452 2310 3502 2364 id
3531 2311 3672 2367 face-

2088 2393 2191 2450 ret,
2221 2400 2326 2440 non
2357 2402 2444 2442 res
2476 2404 2610 2442 nova
2649 2399 2742 2445 aut
2770 2406 2999 2448 onerosa
3037 2396 3330 2452 videretur.
3364 2400 3419 2455 Si
3446 2403 3586 2456 enim
3619 2403 3672 2459 in

2091 2476 2266 2545 prisco
2298 2477 2389 2531 illo
2419 2487 2680 2548 tempore,
2711 2497 2834 2537 cum
2865 2485 3100 2541 nondum
3145 2498 3287 2544 tanta
3317 2495 3487 2562 gratia
3522 2496 3673 2552 cliul-

2089 2577 2264 2629 scrat,
2302 2582 2421 2621 cum
2466 2585 2553 2624 res
2588 2570 2895 2627 Judteorum
2949 2575 3296 2647 honorandic,
3342 2583 3578 2640 illustres
3619 2597 3674 2642 et

2090 2661 2336 2716 celebres
2367 2662 2505 2731 apud
2538 2679 2723 2718 omnes
2751 2665 3104 2735 habebantur,
3130 2673 3332 2727 nullum
3359 2686 3476 2730 erat
3495 2677 3674 2732 discri-

2093 2768 2214 2806 men
2250 2771 2262 2806 :
2292 2767 2452 2822 quam
2487 2755 2702 2808 demum
2748 2758 3004 2812 rationem
3047 2761 3238 2817 ali'erre
3284 2774 3528 2834 poterant
3557 2783 3675 2838 pOSt

2095 2851 2293 2897 tantam
2334 2845 2518 2913 gratia:
2557 2844 2983 2903 cxbibitionem?
3036 2851 3264 2922 Ideoque
3315 2872 3508 2927 magno
3553 2875 3673 2915 cum

2093 2936 2268 2990 smdio
2295 2937 2347 2990 id
2379 2937 2586 3006 probat.
2620 2939 2828 2994 Etenim
2857 2942 3069 2998 auditor
3099 2946 3320 3001 edoctus
3352 2950 3399 3002 id
3431 2951 3540 3020 jam
3570 2955 3676 3022 pri-

2095 3030 2201 3083 scis
2228 3029 2556 3100 temporibus
2587 3031 2837 3097 valuisse,
2870 3035 3035 3088 nnilto
3059 3037 3226 3107 magis
3258 3051 3377 3108 post
3404 3053 3676 3114 acceptam

2095 3121 2254 3175 fidem
2287 3121 2337 3175 id
2367 3121 2697 3177 admissurus
2727 3132 2863 3179 erat.
2897 3124 3115 3182 Graecos
3135 3138 3312 3185 autem
3335 3146 3429 3187 seu
3451 3135 3680 3204 gentiles

2098 3212 2183 3268 hic
2209 3223 2381 3280 vocat,
2407 3231 2510 3271 non
2530 3215 2858 3280 idololatras,
2879 3219 2972 3273 sed
2997 3235 3090 3274 eos
3106 3221 3194 3291 qui
3223 3223 3384 3278 Deum
3410 3225 3678 3294 colebant,

2096 3303 2186 3374 qui
2229 3307 2454 3360 naturali
2498 3307 2598 3378 legi
2639 3309 2918 3377 parebant,
2951 3312 3039 3379 qui
3079 3322 3271 3381 praeter
3308 3315 3556 3372 Jndaicss
3585 3319 3680 3374 ob-

2098 3399 2426 3453 servationes
2455 3399 2656 3466 omnia,
2694 3416 2814 3471 qua:
2846 3402 2910 3456 ad
2943 3405 3081 3472 piam
3126 3405 3435 3475 religionem
3474 3419 3682 3479 speeta-

2100 3499 2241 3558 rent,
2292 3491 2657 3547 observabant
2701 3509 2714 3545 :
2765 3495 2949 3563 quales
2991 3505 3147 3550 erant
3189 3497 3580 3556 Melchisedech
3630 3515 3683 3557 et

2099 3581 2220 3648 Job,
2249 3583 2434 3652 quales
2484 3591 2638 3638 erant
2681 3582 2948 3650 Ninivitae,
2995 3587 3170 3655 qualis
3220 3588 3523 3645 Cornelius.
3564 3592 3681 3648 Jam

2103 3674 2277 3744 itaque
2307 3673 2704 3730 distinctionem
2733 3677 2876 3732 inter
2903 3679 3365 3737 circumcisionem
3391 3694 3445 3738 et
3471 3699 3683 3758 przrpu-

2103 3766 2231 3819 tium
2270 3766 2537 3820 suffodere
2568 3767 2773 3835 incipit,
2814 3778 2868 3822 et
2918 3771 3099 3838 procul
3143 3773 3286 3827 illam
3328 3775 3685 3834 differentiam

2103 3857 2441 3929 aggreditur;
2475 3859 2545 3911 ita
2575 3867 2631 3912 ut
2659 3869 2712 3913 et
2739 3860 2855 3915 sine
2888 3861 2992 3916 ulla
3024 3864 3328 3933 suspicione
3358 3867 3407 3920 id
3432 3866 3611 3933 faciat,
3637 3881 3684 3921 et

2103 3965 2166 4002 ex
2199 3950 2301 4003 alia
2346 3951 2667 4004 necessitate
2712 3951 2762 4004 in
2809 3967 2926 4006 eam
2972 3969 3086 4007 rem
3131 3969 3190 4009 se
3228 3958 3500 4023 conjiciat,
3544 3960 3685 4029 quod

2103 4040 2408 4109 apostolicae
2439 4040 2735 4110 prudentia:
2761 4057 2976 4112 seraper
3006 4045 3277 4114 proprium
3326 4046 3442 4100 fuit.
3484 4047 3614 4101 Nam
3641 4050 3686 4102 si

2107 4133 2155 4185 id
2186 4134 2370 4202 gratiae
2397 4135 2728 4201 temporibus
2752 4133 2820 4187 ita
2844 4149 2902 4189 se
2925 4135 3176 4189 habuisse
3197 4135 3488 4202 docuisset,
3516 4138 3678 4192 multa

2107 4225 2414 4294 suspicione
2443 4225 2629 4292 plenus
2660 4239 2839 4278 sermo
2885 4225 3096 4279 habitus
3136 4226 3321 4280 fuisset
3355 4244 3368 4280 :
3403 4229 3544 4296 quod
3587 4245 3675 4283 au-

2109 4325 2212 4368 tem
2231 4315 2298 4369 de
2326 4314 2525 4367 malitia
2545 4325 2596 4368 et
2618 4317 2963 4383 perversitate
2985 4315 3037 4368 Io
3059 4330 3230 4382 mens,
3249 4332 3367 4385 qua:
3393 4330 3514 4372 tunc
3540 4334 3693 4374 mun-

2108 4407 2233 4460 dum
2262 4405 2573 4474 occupabat,
2612 4420 2677 4459 ex
2706 4404 2932 4472 quadam
2966 4407 3104 4460 serie
3137 4407 3187 4460 in
3221 4407 3362 4462 lumc
3389 4422 3689 4466 s-rmonem

2112 4498 2400 4561 incidisset,
2431 4513 2534 4551 non
2563 4504 2863 4564 suspectam
2893 4497 3188 4552 doetrinam
3219 4499 3492 4556 reddebat.

2182 4593 2235 4645 4.
2277 4589 2426 4656 Quod
2460 4600 2637 4643 autem
2664 4589 2790 4644 illud
2820 4590 2869 4642 in
2893 4605 3057 4659 scopo
3079 4589 3270 4646 haheat
3297 4592 3512 4656 Paulus.
3539 4604 3594 4650 et
3619 4595 3695 4650 sic

2115 4685 2234 4740 ideo
2265 4700 2374 4738 rem
2403 4684 2782 4754 composuerit,
2823 4684 2944 4738 hinc
2976 4685 3148 4752 palam
3183 4695 3283 4740 est.
3327 4686 3435 4741 Nisi
3473 4690 3613 4743 enim
3645 4689 3695 4742 id

2118 4776 2340 4844 probare
2367 4775 2675 4841 studuisset,
2711 4784 2986 4844 postquam
3019 4774 3250 4844 dixerat,
3283 4776 3576 4832 Secundam
3603 4782 3698 4834 dn-

2116 4869 2283 4920 ritiam
2311 4878 2446 4920 luant
2475 4879 2519 4921 et
2549 4867 2862 4935 intpcenitens
2890 4882 2977 4919 cor
3017 4864 3328 4922 tltesaurizas
3374 4869 3461 4922 tibi
3489 4872 3616 4923 iram
3645 4873 3695 4925 in

2118 4965 2198 5017 die
2238 4963 2348 5026 ἔγω,
2383 4961 2431 5015 id
2478 4961 2606 5013 satis
2645 4959 2848 5016 fuisset.
2881 4967 2932 5012 et
2975 4973 3032 5011 re
3074 4961 3304 5026 perfer-ta
3346 4959 3695 5015 claudendum

2117 5065 2230 5110 erat
2260 5057 2359 5107 hoc
2385 5060 2776 5122 argumentum.
2805 5049 3002 5104 Verum
3023 5053 3144 5120 quia
3181 5067 3284 5105 non
3318 5052 3389 5105 illi
3423 5053 3472 5105 in
3504 5067 3697 5121 propo-

2121 5149 2223 5200 sito
2246 5154 2358 5198 erat
2387 5141 2452 5196 de
2483 5144 2656 5194 futuro
2691 5140 2889 5208 judicio
2937 5149 3139 5194 tantum
3180 5156 3356 5209 agerc,
3388 5143 3479 5195 sed
3520 5151 3699 5196 osten-

2122 5239 2249 5292 tlcre
2268 5234 2475 5288 Volebat
2497 5232 2618 5285 nihil
2646 5232 2758 5300 plus
2781 5231 2977 5285 habere
2996 5231 3256 5290 inda-um.
3279 5248 3434 5301 quam
3455 5232 3701 5287 Grmcum

2127 5323 2454 5395 hnjuuuodi;
2489 5338 2553 5375 ne
2580 5321 2794 5376 Judrus
2822 5322 2984 5374 alznm
3014 5330 3243 5390 saperet.
3277 5322 3406 5374 ultra
3436 5323 3706 5391 progredi-

2127 5431 2229 5480 tur,
2269 5427 2321 5469 et
2363 5414 2547 5468 ordine
2589 5413 2771 5465 utitur.
2821 5410 3094 5479 Perpende
3133 5420 3310 5464 autem
3354 5428 3367 5464 :
3408 5411 3702 5465 auditorem

2128 5509 2334 5572 terruit,
2369 5503 2693 5558 tremendum
2736 5502 2879 5555 illam
2916 5501 3056 5555 diem
3097 5503 3245 5570 quasi
3289 5503 3534 5567 intonuit,
3576 5504 3710 5558 dixit

2127 5609 2378 5670 quantum
2411 5605 2554 5652 esset
2584 5595 2779 5649 malum
2810 5595 2858 5647 in
2885 5595 3114 5662 nequitia
3139 5595 3334 5657 vivere.
3360 5599 3588 5651 ostendit
3612 5614 3676 5651 ne
3701 5627 3709 5635 -

2128 5693 2322 5744 ιιιίιιιιιιι
2363 5705 2425 5744 ex
2470 5685 2762 5758 ignorantia
2814 5699 3054 5754 peccare,
3112 5699 3284 5755 neque
3335 5688 3567 5757 impune,
3616 5689 3707 5742 Sed

2129 5783 2332 5838 etiamsi
2367 5796 2505 5836 nunc
2533 5793 2714 5852 ptenas
2753 5793 2856 5832 non
2898 5776 3006 5846 det,
3039 5777 3285 5832 daturum
3324 5783 3541 5836 omnino
3569 5797 3708 5837 esse.

3308 5877 3389 5941 27
