4122 6150
434 410 532 466 ιε’]

435 521 567 578 Iline
596 518 805 572 demum
838 507 1065 581 probare
1104 501 1235 567 vult,
1267 500 1397 569 legis
1424 493 1717 551 doctrinam
1758 500 1866 541 non
1896 496 2015 537 esse

436 626 548 668 rem
585 604 870 662 admodum
907 605 1185 669 urgentem
1216 609 1230 645 :
1263 605 1382 645 nam
1425 587 1477 641 in
1521 582 1770 653 operibus
1809 576 1907 630 sita
1936 580 2019 627 est

439 715 616 772 paena,
645 699 804 752 situm
831 689 1128 763 prtemium,
1157 699 1264 740 non
1291 683 1343 736 in
1369 673 1773 733 circumcisione
1797 677 1853 724 et
1879 679 2018 737 prae-

439 762 610 864 putio.
631 762 916 856 Postquam
948 781 1106 851 igitur
1129 776 1354 837 dixerat,
1384 769 1628 824 Grmenm
1655 762 1873 819 omnino
1903 771 2020 828 pm-

439 847 562 939 iiam
593 893 714 936 esse
739 847 1061 938 subiturum,
1093 869 1248 938 idque
1285 865 1335 918 in
1362 860 1609 917 confesso
1650 857 1764 920 fuit,
1805 861 1860 908 et
1898 847 2023 905 inde

442 974 686 1046 probavit
708 971 867 1025 etiam
897 961 1266 1022 honorandum
1301 970 1441 1019 esse,
1470 948 1793 1022 superﬂuam
1830 939 2024 998 deinde

442 1066 677 1122 ostendit
720 1064 889 1133 legem
915 1068 968 1113 et
1001 1051 1460 1111 circumcisionem
1493 1062 1506 1098 :
1541 1057 1662 1097 nam
1704 1039 1788 1092 hic
1813 1035 2024 1091 Judzros

446 1159 676 1213 maxime
690 1132 1117 1223 impugnat.Quia
1136 1143 1276 1196 enim
1294 1139 1367 1193 illi
1380 1132 1828 1191 eontentiosiores
1843 1132 2023 1187 erant;

446 1250 622 1320 primo
643 1261 754 1318 prae
769 1219 918 1296 fastu
940 1253 1044 1294 non
1078 1235 1356 1304 dignantes
1383 1241 1443 1283 se
1470 1239 1590 1279 eum
1621 1219 1903 1291 gentilibus
1929 1229 2026 1268 an-

446 1354 765 1404 numerare;
793 1331 1029 1392 secundo
1054 1326 1340 1385 irridentes
1363 1333 1458 1376 eos
1487 1317 1573 1386 qui
1602 1315 1843 1369 dicerent
1869 1306 2026 1362 fidem

448 1449 664 1512 peccata
691 1435 868 1490 omnia
907 1431 1087 1486 delere
1115 1445 1130 1480 :
1164 1425 1284 1480 ideo
1317 1419 1463 1491 prius
1502 1415 1719 1471 Grmcos
1747 1400 2027 1465 incusavit,

448 1538 516 1590 de
541 1533 730 1606 quibus
754 1527 1028 1599 agebatur,
1062 1529 1119 1575 ut
1147 1521 1264 1573 sine
1293 1511 1596 1583 StISpicione
1616 1515 1814 1560 etcum
1841 1494 2031 1551 fiducia

448 1593 663 1681 ludi-eos
703 1593 1023 1674 adoriretur.
1060 1609 1260 1666 Deinde
1285 1620 1407 1661 cum
1441 1601 1508 1657 ad
1538 1593 1782 1667 supplicii
1807 1600 2031 1646 examen

452 1717 616 1780 venit,
663 1709 898 1767 ostendit
929 1705 1172 1761 Judmum
1211 1715 1316 1752 non
1349 1694 1510 1750 modo
1552 1687 1684 1744 nihil
1727 1679 1967 1740 utilitatis
2003 1691 2034 1732 a

454 1809 569 1876 lege
591 1776 855 1872 accipere,
884 1795 977 1851 sed
1011 1793 1170 1848 etiam
1193 1783 1469 1860 aggravari
1498 1799 1511 1836 :
1542 1788 1597 1836 et
1624 1778 1724 1832 hoc
1743 1776 1848 1843 jam
1879 1781 2032 1838 snpe-

451 1899 563 1954 rius
587 1894 816 1966 probare
839 1884 1057 1958 incepit.
1097 1884 1155 1940 Si
1181 1893 1410 1949 namque
1437 1875 1657 1931 Grareus
1687 1869 1806 1922 ideo
1829 1866 2036 1918 inexcu-

454 1990 636 2046 sabilis
669 1995 780 2052 est,
820 1983 942 2054 quia
964 1957 1031 2037 et
1071 1986 1260 2033 natura
1310 1981 1365 2027 et
1411 1961 1820 2036 cogitationibus
1864 1957 2036 2024 ipsum

457 2077 865 2140 inducentibus,
915 2071 1105 2127 melior
1137 2081 1244 2123 non
1284 2061 1492 2124 evasit;
1527 2055 1691 2111 multo
1733 2049 1902 2118 magis
1942 2044 2036 2100 Ju-

458 2173 626 2236 dteus,
657 2169 748 2240 qui
778 2181 897 2222 cum
930 2163 1016 2218 his
1039 2159 1338 2216 doctrinam
1372 2161 1584 2222 quoque
1612 2161 1641 2200 a
1669 2144 1782 2213 lege
1817 2136 2038 2206 accepit.

459 2265 590 2319 Cum
620 2227 973 2331 persuasisset
1000 2265 1130 2321 ergo
1159 2249 1253 2312 illi,
1282 2255 1338 2300 ut
1359 2245 1411 2297 in
1433 2241 1657 2294 aliorum
1686 2229 1918 2304 peccatis
1940 2227 2043 2280 hoc

462 2316 793 2409 ratiocinium
816 2316 1145 2406 admitteret,
1173 2338 1260 2394 vel
1288 2335 1508 2389 invitum
1545 2327 1687 2398 cogit
1716 2324 1864 2380 illum
1894 2316 2046 2374 dein-

453 2460 589 2514 ceps
633 2451 694 2497 ut
719 2441 772 2495 in
803 2440 886 2505 iis,
918 2450 1038 2506 qua:
1066 2431 1131 2486 ad
1164 2431 1334 2500 ipsum
1375 2426 1695 2494 spectarent,
1724 2413 1864 2469 idem
1902 2409 2044 2463 face-

465 2548 564 2594 ret.
590 2537 659 2592 Et
684 2543 741 2589 ut
767 2502 975 2588 facilius
1005 2538 1184 2582 sermo
1208 2520 1519 2588 accipiatur,
1549 2511 1617 2567 ad
1658 2509 1867 2564 mitiora
1895 2502 2044 2558 illum

466 2629 612 2684 ducit
644 2625 728 2680 his
770 2621 983 2676 verbis:
1009 2615 1206 2680 Gloria,
1239 2612 1400 2664 honor
1429 2617 1476 2661 et
1507 2619 1608 2674 pax
1646 2599 1781 2655 omni
1821 2591 2048 2665 aperanti

465 2722 670 2781 bonum,
705 2713 889 2769 Judazo
931 2708 1149 2780 primum
1186 2712 1231 2758 et
1275 2700 1472 2756 Gratco.
1513 2695 1610 2750 llic
1650 2692 1791 2748 enim
1823 2694 2046 2758 quanta-

466 2823 693 2878 cumque
717 2805 836 2875 quis
867 2801 1060 2856 habeat
1085 2798 1248 2860 bona,
1273 2808 1392 2848 eum
1426 2785 1822 2859 perturbatione
1861 2790 2050 2847 magna

467 2875 648 2968 habet,
676 2898 800 2954 licet
825 2897 976 2951 dives
1004 2893 1094 2958 sit,
1124 2891 1248 2944 licet
1269 2896 1482 2957 potens,
1503 2883 1630 2936 licet
1659 2892 1791 2941 rex;
1823 2875 1922 2930 etsi
1944 2887 2048 2926 non

463 3010 588 3052 eum
618 2992 746 3054 alio,
773 3002 955 3044 secum
985 2984 1176 3040 saltem
1201 2993 1346 3048 saepe
1373 2973 1616 3038 dissidet,
1639 2979 1692 3026 et
1719 2966 1943 3022 multum
1969 2962 2051 3016 vel

469 3089 522 3142 in
539 3051 948 3156 cogitationibus
977 3075 1139 3129 habet
1177 3070 1375 3125 bellum
1408 3084 1422 3118 :
1456 3064 1565 3118 illic
1600 3068 1777 3115 autem
1813 3054 1941 3110 nihil
1983 3051 2054 3106 si-

472 3145 637 3244 mile:
640 3172 734 3229 sed
764 3169 944 3226 omnia
975 3161 1255 3233 tranquilla
1289 3167 1344 3213 et
1371 3172 1401 3209 a
1429 3150 1830 3224 perturbatione
1863 3145 2052 3207 libera,

471 3239 754 3325 eum'vera
781 3262 1033 3332 adjuncta
1067 3269 1219 3328 pace.
1258 3249 1390 3306 Cum
1432 3261 1498 3301 ex
1541 3256 1700 3312 supra
1745 3239 1902 3295 dictis
1929 3248 2057 3304 ergo

474 3360 769 3432 probasset,
808 3329 969 3411 etiam
1013 3365 1108 3406 eos
1141 3346 1232 3417 qui
1269 3344 1440 3413 legem
1471 3353 1579 3393 non
1610 3335 1829 3399 habent,
1869 3329 2056 3385 eadem

474 3420 586 3522 ipsa
617 3420 762 3506 bona
775 3449 1156 3514 assequuturos
1175 3450 1316 3499 esse,
1344 3426 1709 3487 ratiocinando
1730 3422 1899 3493 pergit
1925 3437 1938 3474 :
1968 3420 2056 3474 11.

479 3542 600 3596 Νοη
629 3541 763 3594 enim
789 3546 862 3591 est
901 3513 1234 3605 personarum
1267 3523 1489 3592 acceptio
1526 3517 1666 3589 apud
1711 3515 1891 3570 Deum.
1927 3513 2057 3567 Cum

477 3637 618 3691 enim
654 3633 783 3688 dicit
810 3638 865 3685 et
889 3626 1128 3683 Judaeum
1173 3629 1226 3676 et
1258 3619 1506 3676 Graecum
1535 3618 1819 3683 peccantes
1861 3605 2058 3676 puniri,

479 3740 587 3780 non
618 3722 779 3777 habet
821 3716 1102 3773 ratiocinio
1140 3725 1304 3783 Opus;
1347 3721 1470 3762 cum
1503 3717 1631 3760 vero
1677 3707 1911 3757 statuere
1951 3695 2064 3750 vult

483 3815 734 3872 honorari
759 3813 1028 3870 Graecum,
1059 3817 1185 3862 tunc
1217 3799 1528 3873 probatione
1556 3809 1689 3867 opus
1719 3792 1900 3848 habet.
1931 3787 2063 3844 Nam

484 3913 676 3966 mirum
698 3914 754 3963 et
778 3901 1094 3975 stupendum
1119 3897 1397 3953 videbatur
1423 3906 1565 3955 esse,
1595 3889 1636 3944 si
1667 3887 1712 3942 is
1737 3885 1827 3955 qui
1855 3896 1954 3937 nec
1985 3879 2064 3935 le-

479 4019 603 4076 gem
631 4015 730 4056 nec
753 3998 1041 4071 prOphetas
1069 3991 1328 4052 audierat,
1357 3989 1496 4044 bona
1524 3995 1749 4053 operans
1778 3979 2067 4033 honorare-

484 4071 593 4150 tur.
622 4093 768 4158 ldeo,
810 4099 867 4145 ut
888 4089 997 4158 jam
1025 4084 1154 4147 dixi,
1174 4082 1226 4136 in
1255 4077 1581 4148 temporibus
1617 4071 1838 4142 gratiam
1861 4080 2067 4140 praece-

484 4187 741 4243 dentibus
761 4182 973 4239 illnruin
996 4175 1234 4231 auditum
1256 4177 1490 4233 exercet,
1513 4174 1570 4221 ut
1596 4162 1797 4219 facilius
1817 4159 2070 4227 deinceps

490 4295 611 4335 cum
650 4277 774 4341 (ide,
820 4273 1031 4328 illorum
1073 4269 1125 4322 in
1156 4266 1241 4321 his
1280 4273 1598 4318 consensum
1646 4255 1940 4310 induceret.
1977 4251 2073 4306 Hic

489 4374 634 4430 enim
665 4377 946 4440 suspectus
974 4363 1192 4418 minime
1217 4367 1319 4422 est,
1351 4362 1534 4425 utpote
1563 4349 1650 4421 qui
1680 4364 1783 4403 non
1813 4347 2071 4400 intentum

492 4477 648 4520 suum
674 4439 883 4532 probet.
911 4456 1042 4512 Cum
1067 4452 1291 4507 dixisset
1313 4460 1461 4514 ergo,
1488 4441 1687 4500 Gloria,
1719 4439 1880 4492 honor
1900 4444 1947 4488 et
1974 4448 2076 4505 pax

486 4555 633 4610 omni
661 4551 889 4623 aperanti
932 4548 1137 4610 bonum,
1167 4541 1353 4596 Juda’o
1385 4538 1600 4606 primum
1632 4542 1678 4586 et
1709 4529 1928 4593 Grazco;
1956 4541 2077 4598 per-

496 4651 592 4720 git,
628 4647 747 4701 Non
795 4653 866 4697 est
903 4641 1038 4696 enim
1079 4647 1408 4706 personarum
1437 4627 1660 4697 acceptio
1707 4623 1846 4693 apud
1891 4621 2074 4676 Deum.

501 4744 681 4811 Papm,
715 4743 908 4806 quanta
937 4745 1059 4785 cum
1085 4721 1430 4782 exuberantia
1459 4719 1611 4771 vicit!
1654 4713 1884 4770 ostendit
1910 4712 2078 4777 enim,

501 4847 562 4888 re
594 4803 1068 4885 in'absurditatem
1109 4816 1374 4876 adducta,
1421 4825 1526 4864 non
1574 4803 1866 4861 secundum
1913 4803 2079 4856 Deum

499 4925 639 4988 fore,
668 4919 710 4974 si
746 4931 832 4973 res
864 4916 932 4969 ita
972 4926 1080 4966 non
1107 4915 1288 4970 esset;
1326 4917 1446 4956 nam
1475 4899 1525 4953 id
1558 4910 1904 4968 personarum
1933 4908 2083 4947 acce-

505 5017 616 5086 ptio
645 5021 824 5068 esset:
853 5005 992 5079 quod
1025 5005 1078 5060 in
1105 5003 1275 5058 Deum
1313 4997 1504 5054 cadere
1534 5009 1638 5048 non
1670 4999 1862 5061 potest.
1906 4988 2084 5057 Neque

504 5108 661 5171 dixit,
693 5103 800 5159 Nisi
826 5115 912 5156 res
934 5099 1005 5154 ita
1029 5111 1088 5152 se
1116 5093 1331 5156 habeat,
1361 5098 1708 5158 personarum
1737 5090 1986 5149 acceptor
2005 5088 2086 5132 est

509 5204 690 5265 Deus;
721 5195 816 5252 sed
852 5191 1063 5262 dignius
1089 5188 1336 5256 loquens,
1379 5178 1501 5233 Non
1529 5186 1602 5230 est
1641 5187 1968 5242 personarum
1999 5184 2086 5222 ac—

503 5291 666 5362 reptio
677 5261 821 5360 apud
845 5261 1006 5336 Deum
1029 5295 1047 5344 ;
1068 5277 1119 5332 id
1140 5284 1243 5339 est,
1268 5287 1370 5326 non
1390 5281 1735 5340 personarum
1755 5261 2084 5332 qualitatem,

507 5385 602 5440 sed
633 5394 812 5439 rerum
838 5371 1190 5431 differentiam
1221 5363 1508 5421 examinat.
1541 5360 1675 5414 llinc
1706 5370 1832 5411 vero
1854 5353 2092 5408 declarat

510 5490 615 5528 non
646 5487 726 5536 re,
755 5468 848 5524 sed
889 5476 1113 5536 persona
1156 5457 1397 5515 Judzeutn
1442 5468 1471 5506 a
1509 5450 1698 5506 Graico
1723 5445 1964 5502 dillerre.
1999 5441 2092 5495 llis

511 5532 847 5631 consequens
875 5532 993 5613 erat
1016 5554 1199 5609 dicere
1229 5566 1246 5605 :
1276 5547 1392 5602 Non
1419 5543 1581 5609 enim,
1604 5540 1728 5610 quia
1759 5537 1849 5592 ille
1871 5532 2090 5604 quidem

509 5656 744 5718 Judmus,
775 5652 860 5704 hie
885 5651 1103 5705 Graecus
1127 5660 1143 5708 ;
1175 5641 1296 5697 ideo
1323 5639 1409 5694 ille
1431 5635 1644 5706 quidem
1672 5631 1980 5690 honoratur,
2007 5623 2095 5678 hic

512 5764 641 5805 vero
663 5741 981 5801 contumelia
1010 5738 1240 5793 afficitur
1271 5751 1284 5787 :
1319 5731 1411 5786 sed
1442 5745 1507 5783 ex
1531 5723 1782 5796 Operibus
1811 5729 2096 5787 utrumque

514 5838 596 5893 lit.
629 5835 821 5890 Verum
861 5848 964 5886 tton
995 5831 1065 5884 ita
1093 5827 1262 5893 dixit;
1291 5837 1410 5878 nam
1442 5818 1608 5876 Judaei
1637 5816 1868 5869 animum
1910 5808 2094 5865 conci-

1169 392 1226 447 S.
1267 381 1541 443 JOANNIS
1578 364 2050 434 CHRYSOSTOMI
2093 361 2401 419 AllCllIEP.
2447 353 2972 415 CONSTANTINOP.

3600 347 3704 401 ωε

2123 482 2287 529 lasset
2309 490 2324 538 ;
2349 472 2442 527 sed
2475 470 2598 540 quid
2627 468 2856 538 amplius
2890 465 3110 521 addidit.
3139 463 3349 516 illorum
3380 462 3572 515 fastum
3605 462 3706 515 de-

2118 565 2309 635 jiciens
2330 578 2392 617 ac
2413 562 2795 631 comprimens,
2816 567 2872 612 ut
2889 556 3020 612 illud
3036 555 3400 610 admitterent.
3420 554 3558 623 Quid
3577 557 3707 610 illud

2122 655 2242 710 est?
2269 654 2323 708 Id
2353 652 2494 723 quod
2536 651 2797 720 sequitur.
2839 648 2925 702 12.
2969 646 3282 717 Quicumque
3320 646 3473 711 enim,
3514 645 3708 716 inquit,

2123 746 2233 800 sine
2258 746 2366 816 lege
2386 751 2730 812 peccaverunt,
2753 741 2862 795 sine
2878 741 2985 809 lege
2999 739 3264 810 peribunt:
3281 747 3328 791 et
3342 739 3637 810 quicumque
3658 741 3711 792 in

2127 837 2233 908 lege
2257 843 2599 907 peccaverunt,
2626 848 2711 905 per
2753 831 2910 902 legem
2943 829 3332 900 judicabuutur.
3363 829 3481 895 Hic,
3516 840 3572 883 nt
3598 831 3711 898 jam

2125 927 2262 992 dixi,
2291 942 2395 980 non
2422 925 2580 980 modo
2622 922 2975 993 tit-qualitatem
3009 920 3144 975 inter
3183 919 3426 976 Judaeum
3469 932 3521 976 et
3565 921 3716 976 Cra:-

2126 1033 2248 1075 cum
2267 1018 2479 1080 indicat,
2501 1017 2594 1072 sed
2612 1017 2772 1071 etiam
2788 1013 3028 1069 Judzeum
3052 1027 3081 1065 a
3105 1013 3222 1082 lege
3252 1013 3405 1068 valde
3435 1024 3714 1084 gravatum

2129 1128 2247 1169 esse
2285 1112 2615 1167 demonstrat
2647 1127 2663 1164 :
2694 1108 2910 1165 οτωουε
2939 1107 3080 1161 enim
3121 1106 3239 1160 sine
3283 1106 3398 1176 lege
3420 1108 3714 1176 judicatur.

2129 1203 2226 1260 Hic
2243 1210 2440 1264 autem,
2465 1203 2589 1257 Sine
2604 1201 2729 1272 lege,
2751 1214 2857 1254 non
2874 1198 3111 1267 gravius,
3133 1198 3226 1252 sed
3251 1199 3427 1253 minus
3444 1200 3717 1270 quidpiam

2131 1295 2356 1358 indicat,
2389 1294 2439 1347 id
2471 1301 2575 1360 est,
2599 1307 2704 1347 non
2735 1290 2897 1345 habet
2920 1300 3259 1344 accusantem
3286 1305 3344 1343 se
3369 1291 3558 1359 legem.
3582 1291 3716 1346 Illud

2131 1389 2297 1452 enim,
2318 1385 2442 1441 Sine
2457 1386 2581 1456 lege,
2603 1383 2652 1439 id
2666 1391 2767 1449 est,
2785 1383 2900 1438 sine
2914 1381 3258 1437 damnatione
3275 1398 3342 1436 ex
3364 1381 3479 1452 lege
3497 1383 3653 1449 facta,
3667 1393 3722 1437 et

2133 1497 2199 1537 ex
2224 1478 2552 1534 naturalibus
2572 1477 2742 1532 solum
2763 1475 3058 1530 ratiociniis
3081 1474 3490 1530 condemnatur.
3508 1474 3723 1530 Judirus

2134 1589 2264 1628 vero
2287 1589 2352 1627 ex
2385 1571 2544 1640 lege;
2596 1569 2647 1623 id
2691 1576 2796 1634 est,
2831 1567 2949 1637 lege
2992 1581 3115 1620 etnn
3159 1575 3344 1619 natura
3398 1566 3674 1621 incusante
3706 1586 3720 1619 :

2135 1674 2334 1736 quanto
2357 1665 2502 1719 enim
2527 1661 2731 1733 majore
2753 1674 2880 1716 cura
2911 1658 3158 1730 dignatus
3185 1666 3288 1724 est,
3317 1666 3464 1714 tanto
3491 1659 3726 1729 majores

2137 1756 2280 1813 dabit
2308 1769 2514 1826 poenas.

2209 1849 2262 1905 5.
2307 1849 2500 1904 Viden’
2525 1853 2724 1918 quanto
2748 1843 3005 1914 majorem
3027 1839 3227 1897 Judaeis
3248 1841 3620 1897 necessitatem
3650 1842 3726 1896 in-

2143 1940 2344 2007 tulerit,
2369 1947 2428 1993 ut
2456 1938 2522 1993 ad
2562 1937 2786 2008 gratiam
2818 1937 3204 1992 accurrerent‘l
3231 1934 3358 2003 Quia
3400 1933 3540 1988 enim
3569 1933 3723 1988 dice-

2142 2032 2269 2086 bant
2296 2046 2354 2085 se
2383 2045 2488 2085 non
2520 2044 2680 2100 egere
2707 2027 2898 2098 gratia,
2942 2041 3039 2096 per
3065 2027 3234 2096 legent
3259 2025 3425 2079 solam
3458 2022 3720 2092 justifiea-

2144 2132 2263 2187 tos;
2307 2121 2536 2177 ostendit
2570 2121 2716 2191 ipsos
2753 2120 2922 2189 magis
2955 2134 3113 2189 quam
3162 2117 3376 2174 Graecos
3415 2116 3499 2170 illa
3540 2131 3722 2186 egere,

2145 2215 2404 2285 siquidem
2435 2212 2602 2284 magis
2633 2211 2883 2282 puniendi
2919 2218 3064 2266 sunt.
3096 2207 3300 2264 Deinde
3340 2205 3483 2262 aliud
3529 2207 3732 2260 inducit

2145 2306 2501 2367 ratiocinium.
2531 2319 2637 2374 quo
2663 2303 2772 2373 jam
2803 2303 2946 2357 dicta
2974 2307 3298 2371 propugnet.
3328 2300 3416 2354 15.
3448 2297 3567 2352 Non
3597 2299 3732 2351 enim

2146 2398 2400 2451 auditores
2429 2395 2552 2464 legis
2583 2395 2712 2465 justi
2751 2403 2869 2447 sunt
2905 2392 3044 2463 apud
3075 2391 3255 2445 Deum.
3301 2389 3467 2445 Recte
3504 2389 3729 2453 addidit,

2148 2495 2299 2564 Apud
2341 2493 2500 2547 Deum
2535 2508 2552 2546 :
2583 2505 2703 2546 nam
2757 2489 2897 2559 apud
2949 2488 3195 2542 homines
3240 2486 3467 2540 fortasse
3512 2494 3735 2554 possunt

2153 2586 2448 2643 honorandi
2482 2584 2671 2649 videri,
2701 2593 2755 2639 et
2784 2596 2906 2637 sese
2935 2594 3258 2651 magnopere
3284 2578 3564 2647 jaetitarc;
3594 2577 3734 2645 apud

2153 2681 2317 2735 Deum
2347 2693 2476 2732 vero
2505 2685 2690 2730 contra
2713 2674 2932 2728 omnino
2959 2671 3202 2726 Factores
3223 2670 3346 2741 legis
3371 2679 3564 2722 tantum
3583 2669 3738 2739 justi-

2153 2772 2390 2837 ﬁcantur.
2428 2767 2582 2823 Vides
2609 2780 2729 2820 cum
2754 2774 2949 2834 quanta
2980 2764 3244 2818 rationum
3276 2761 3324 2814 vi
3356 2775 3658 2814 sermonem
3683 2759 3736 2812 in

2153 2863 2477 2921 contrarium
2503 2859 2714 2916 vertat?
2739 2857 2796 2914 Si
2819 2859 2959 2913 enim
2985 2871 3078 2926 per
3100 2856 3290 2925 legem.
3322 2853 3511 2923 inquit,
3535 2851 3739 2906 servari

2152 2969 2330 3026 rogas,
2377 2962 2429 3009 te
2459 2952 2559 3006 hac
2597 2952 2651 3006 in
2699 2965 2758 3005 re
2802 2946 3066 3016 praecedet
3108 2944 3336 3016 gentilis,
3385 2944 3476 3014 qui
3513 2957 3574 2998 ca
3619 2959 3742 3012 quae

2154 3047 2348 3118 scripta
2392 3052 2516 3100 sunt
2543 3051 2870 3112 exsequutus
2901 3039 3130 3094 videtur.
3163 3037 3232 3092 Et
3269 3036 3358 3106 qui
3403 3035 3514 3090 fieri
3546 3036 3740 3104 potuit,

2158 3141 2385 3211 inquies,
2418 3147 2478 3194 ut
2503 3137 2595 3209 qui
2623 3135 2834 3190 auditor
2863 3148 2967 3187 non
2997 3130 3178 3197 fuerit,
3211 3129 3380 3184 factor
3409 3127 3606 3185 fuerit?
3635 3126 3742 3181 Ρο-

2159 3242 2277 3297 test,
2303 3232 2490 3301 inquit,
2525 3227 2663 3293 fieri,
2695 3240 2804 3280 non
2831 3225 2934 3279 hoc
2963 3231 3188 3288 tantum,
3215 3221 3308 3276 sed
3341 3231 3395 3274 et
3416 3217 3558 3275 aliud
3586 3217 3746 3286 longe

2162 3325 2353 3394 majus.
2391 3323 2503 3376 Non
2545 3321 2715 3375 solum
2751 3319 2892 3373 enim
2935 3318 3050 3370 sine
3099 3314 3370 3368 auditione
3414 3319 3590 3381 potest
3624 3325 3749 3364 esse

2162 3417 2349 3482 factor,
2382 3415 2474 3470 sed
2500 3415 2659 3470 etiam
2701 3421 2820 3483 post
2857 3410 3182 3465 auditionem
3225 3415 3402 3476 potest
3433 3421 3537 3459 non
3577 3404 3749 3458 factor

2162 3523 2318 3571 esse;
2369 3507 2418 3560 id
2461 3505 2599 3576 quod
2634 3513 2815 3575 postea
2858 3501 3054 3556 clarius
3093 3498 3341 3568 exprimit
3392 3511 3513 3551 cum
3547 3494 3750 3563 majore

2163 3601 2212 3654 vi
2242 3599 2523 3653 verborum
2556 3615 2565 3649 :
2601 3597 2704 3664 Qui
2733 3595 2882 3649 doces
2926 3593 3105 3658 alium,
3155 3591 3369 3658 teipsum
3408 3605 3509 3643 non
3553 3589 3700 3644 doces
3726 3587 3752 3640 ?

2167 3689 2264 3745 llic
2284 3698 2460 3742 autem
2487 3687 2700 3742 interim
2724 3684 2953 3754 primum
2977 3680 3101 3735 illud
3125 3681 3332 3751 probat.
3357 3679 3444 3733 Η.
3470 3677 3595 3731 Cum
3616 3678 3752 3729 enim

2167 3790 2354 3853 gentes,
2380 3780 2568 3850 inquit,
2599 3793 2710 3848 qua:
2745 3777 2905 3847 legem
2941 3790 3040 3828 non
3084 3773 3284 3838 habent,
3318 3769 3616 3824 naturaliter
3638 3783 3756 3838 qua?

2169 3875 2290 3945 legis
2321 3882 2437 3927 sunt
2466 3872 2696 3941 faciunt;
2723 3869 2775 3922 hi
2797 3869 2957 3936 legem
2978 3881 3079 3920 non
3101 3863 3354 3928 habentes,
3378 3860 3472 3916 sibi
3491 3860 3618 3930 ipsis
3637 3869 3754 3913 sunt

2171 3969 2270 4020 lex.
2296 3965 2407 4019 Non
2439 3963 2595 4030 ejicin
2625 3961 2818 4030 legem,
2861 3957 3050 4027 inquit,
3089 3955 3184 4010 sed
3227 3954 3348 4008 hinc
3378 3961 3565 4022 gentes
3595 3949 3757 4018 justi-

2173 4058 2296 4111 lico.
2341 4053 2523 4109 Viden’
2564 4049 2834 4121 quomodo
2875 4045 3135 4102 Judaismi
3176 4044 3395 4114 gloriam
3439 4039 3750 4099 suifodiens,

2173 4148 2373 4202 nullam
2419 4143 2500 4198 sui
2547 4139 2832 4197 accusandi
2885 4151 3068 4191 ansam
3118 4135 3339 4205 praebet,
3385 4131 3535 4202 quasi
3583 4130 3758 4199 legem

2174 4239 2510 4298 dehonestet,
2545 4236 2654 4289 imo
2693 4241 2901 4297 contra,
2945 4228 3095 4299 quasi
3141 4226 3386 4280 exultans
3423 4230 3479 4277 et
3513 4235 3760 4290 magnam

2176 4329 2468 4385 ostendens
2497 4327 2662 4389 illam,
2693 4325 2770 4378 sic
2793 4331 2959 4377 totum
2991 4316 3219 4390 probat?
3245 4314 3376 4369 Cum
3407 4323 3583 4368 autem
3603 4312 3758 4376 dicit,

2178 4419 2520 4483 Nalm-aliter,
2553 4415 2846 4471 secundum
2877 4409 3133 4466 naturalia
3167 4405 3443 4462 ratiocinia
3473 4403 3718 4472 intelligit
3745 4421 3760 4455 :

2177 4527 2233 4570 et
2256 4511 2489 4568 ostendit
2509 4510 2643 4563 alios
2672 4522 2792 4562 esse
2819 4503 3089 4565 meliores,
3119 4509 3173 4555 et
3199 4496 3342 4571 quod
3377 4497 3548 4564 majus
3574 4502 3676 4555 est.
3698 4508 3763 4546 ea

2181 4608 2246 4661 de
2273 4619 2431 4660 causa
2465 4602 2735 4665 meliores,
2765 4597 2906 4666 quod
2955 4610 3060 4648 non
3101 4590 3404 4660 acceperint
3442 4588 3634 4657 legem,
3664 4599 3764 4638 nec

2182 4699 2414 4754 habeant
2449 4696 2614 4759 illam,
2666 4706 2769 4762 qua
2811 4689 3057 4743 videntur
3101 4683 3270 4739 Judaei
3312 4691 3591 4752 praistave.
3639 4677 3766 4732 Ideo

2182 4792 2349 4858 enim,
2393 4789 2487 4852 ait,
2529 4784 2801 4841 mirabiles
2843 4790 2990 4844 sunt,
3034 4777 3155 4847 quia
3197 4775 3316 4844 lege
3355 4789 3458 4828 non
3491 4785 3625 4842 opus
3669 4769 3766 4823 ha-

2185 4884 2370 4941 buere,
2405 4889 2456 4934 et
2496 4891 2614 4947 qua:
2659 4874 2790 4944 legis
2828 4880 2954 4926 sunt
2998 4867 3176 4921 omnia
3215 4863 3508 4919 exhibuere
3537 4879 3548 4915 τ
3579 4875 3767 4929 opera,

2186 4988 2291 5029 non
2323 4972 2527 5033 literas,
2556 4965 2747 5021 animis
2774 4963 2883 5018 suis
2910 4959 3290 5028 iuseulpemes.
3324 4955 3434 5008 lloe
3462 4952 3602 5006 enim
3643 4951 3718 5003 ait
3755 4968 3768 5003 :

2190 5064 2276 5120 15.
2313 5062 2412 5128 Qui
2441 5059 2704 5112 ostendunt
2737 5071 2863 5123 Opus
2890 5051 3010 5123 legis
3036 5050 3276 5120 scriptum
3302 5047 3355 5099 in
3385 5042 3620 5098 cordibus
3640 5041 3772 5106 suis,

2189 5155 2528 5212 testimonium
2557 5149 2794 5203 reddente
2823 5146 2927 5200 illis
2956 5142 3284 5204 conscientia,
3321 5148 3365 5193 et
3389 5134 3777 5208 cogitationibus

2191 5249 2322 5301 inter
2349 5262 2400 5301 se
2437 5239 2793 5297 accusantibus
2833 5247 2919 5289 aut
2959 5235 3110 5288 etiam
3159 5228 3510 5286 excusantibus
3537 5244 3556 5281 :
3588 5224 3675 5280 16.
3725 5224 3779 5276 in

2193 5341 2293 5404 die,
2341 5351 2437 5406 quo
2464 5330 2714 5404 judicabit
2747 5328 2882 5382 Dens
2927 5325 3124 5379 occulta
3169 5321 3451 5381 hominum,
3497 5314 3779 5370 secundum

2195 5429 2509 5500 euangelium
2544 5439 2730 5484 meum,
2776 5436 2863 5488 per
2899 5417 3075 5471 Iesum
3119 5413 3395 5468 Christum.
3430 5407 3616 5461 Viden'
3641 5419 3779 5473 quo-

2196 5524 2356 5580 modo
2376 5524 2724 5590 repraesentet
2755 5517 2900 5570 illum
2932 5513 3070 5567 diem
3099 5522 3152 5564 et
3182 5520 3347 5577 proiie
3373 5503 3619 5564 adducat,
3659 5497 3782 5552 illo-

2197 5631 2315 5672 rum
2358 5589 2591 5667 mentem
2639 5607 2945 5677 exagitans,
2992 5610 3045 5656 et
3084 5597 3408 5655 ostendens.
3451 5593 3569 5647 illos
3609 5589 3785 5659 potius

2200 5704 2542 5763 honorandos
2566 5715 2704 5765 esse,
2735 5699 2824 5768 qui
2852 5697 2968 5751 sine
2990 5695 3128 5763 lege,
3155 5705 3273 5760 qua:
3296 5687 3428 5756 legis
3455 5689 3628 5742 erant,
3659 5691 3786 5745 per-

2207 5803 2360 5857 ﬁcere
2387 5800 2560 5856 conati
2593 5795 2750 5852 sunt?
2775 5789 2923 5858 Quod
2953 5796 3127 5842 autem
3157 5782 3386 5839 maxime
3413 5767 3786 5832 admirandum
