4122 6150
364 337 483 397 6‘27

379 463 577 518 ἐλαϐεν
611 458 1030 531 ὡμολογημένον
1064 457 1246 524 τοῦτο,
1274 459 1370 514 καὶ
1395 459 1492 515 ἀπ’
1518 460 1687 515 αὐτοῦ
1717 458 2060 517 κατεσκεύαυ

382 569 500 615 σεν,
555 551 638 605 δτι
669 548 762 603 καὶ
788 545 1178 617 τιμηθήσεται,
1214 548 1469 618 περιττὸν
1495 548 1682 603 λοιπὸν
1703 548 1940 618 ἐδήλωσε
1972 548 2061 600 τὸν

383 642 550 711 νόμον
589 638 681 692 καὶ
709 635 808 706 τὴν
841 636 1176 705 περιτομήν·
1227 636 1461 706 μάλιστα
1504 636 1613 708 γάρ
1655 635 1929 698 Ἰουδαίοις
1972 637 2063 687 ἐν·

382 726 560 782 ταῦθα
617 723 870 795 μάχεται.
933 720 1154 791 Ἐπειδὴ
1215 720 1324 791 γάρ
1371 724 1567 776 ἐκεῖνοι
1632 721 2064 793 φιλονεικότερον

382 815 665 872 διέκειντο,
707 808 925 880 πρῶτον
972 808 1070 878 μὲν
1112 808 1219 861 ὑπὸ
1253 808 1422 876 τύφου
1456 808 1557 862 ούκ
1606 808 1885 875 ἀξιοῦντες
1924 809 2065 878 μετὰ

381 902 492 955 τῶν
524 898 584 964 ἐξ
612 897 783 952 ἐθνῶν
826 896 1283 967 συναριθμεῖσθαι
1302 912 1319 929 ο
1347 895 1599 970 δεύτερον
1632 897 2062 967 καταγελῶντες,

385 991 434 1043 εί
472 990 505 1061 ἡ
535 989 719 1050 πίστις
761 984 940 1039 πάντα
966 982 1220 1053 ἀφανίζει
1250 982 1319 1037 τὰ
1353 984 1751 1055 ἁμαρτήματα,
1787 985 1878 1039 διὰ
1906 984 2065 1040 τοῦτο

387 1077 652 1146 πρότερον
682 1071 1034 1144 κατηγόρησε
1065 1071 1175 1125 τῶν
1224 1072 1514 1143 Ἑλλήνων,
1558 1073 1697 1144 ὑπὲρ
1725 1065 1802 1126 ὧν
1829 1076 2064 1127 ποιεῖται

386 1165 477 1220 τὸν
516 1163 696 1232 λόγον,
754 1162 839 1215 ἵνα
864 1159 1195 1223 ἀνυπόπτως
1243 1163 1337 1215 καὶ
1387 1161 1527 1231 μετά
1586 1161 1898 1233 παρρησίας
1955 1163 2064 1217 τῶν

400 1251 668 1307 Ἰουδαίων
716 1247 1044 1320 καθίκηται·
1097 1244 1217 1303 εἶτα
1249 1250 1329 1313 εἰς
1357 1248 1458 1321 τὴν
1488 1250 1618 1322 περὶ
1644 1249 1746 1319 τῆς
1788 1250 2065 1314 κολάσεως

389 1341 634 1407 ἐξέτασιν
666 1337 857 1402 ἐλθὼν,
901 1337 1174 1391 δείκνυσιν
1202 1337 1262 1391 ού
1315 1337 1474 1408 μόνον
1506 1337 1657 1392 οὐδὲν
1684 1336 2064 1408 ὠφελούμενον

388 1428 481 1480 τὸν
518 1426 770 1480 Ἰουδαῖον
794 1423 904 1478 άπὸ
930 1423 1024 1477 τοῦ
1053 1424 1242 1494 νόμου,
1267 1424 1404 1479 ἀλλὰ
1433 1424 1528 1480 καὶ
1570 1423 1906 1496 βαρούμενον
1923 1441 1934 1453 ·
1968 1426 2066 1479 καὶ

388 1515 546 1569 τοῦτο
576 1513 785 1569 ἄνωθεν
810 1510 1239 1577 κατασκευάζει.
1278 1514 1342 1567 Εί
1375 1512 1484 1585 γὰρ
1511 1515 1539 1568 6
1565 1513 1764 1586 Ἕλλην
1792 1512 1882 1566 διὰ
1907 1513 2065 1567 τοῦτο

391 1602 820 1673 ἀναπολόγητος,
869 1600 952 1653 ὅτι
994 1602 1094 1670 τῆς
1142 1600 1373 1665 κτίσεως
1415 1600 1578 1657 αὑτὸν
1619 1602 1920 1670 ἐναγούσης
1969 1600 2065 1655 καὶ

392 1690 502 1744 τῶν
535 1687 835 1759 λογισμῶν,
859 1688 960 1742 ούκ
989 1687 1207 1757 ἐγένετο
1235 1685 1459 1759 βελτίων
1478 1704 1491 1718 ·
1528 1685 1679 1760 [466]
1717 1685 1897 1757 πολλῷ
1926 1687 2065 1759 μᾶλ-

392 1778 480 1830 λον
512 1777 542 1830 6
585 1776 838 1841 Ἰουδαῖος
871 1775 1009 1847 μετὰ
1038 1774 1242 1830 τούτων
1275 1775 1370 1829 καὶ
1408 1775 1507 1847 τὴν
1529 1775 1638 1829 άπὸ
1668 1775 1762 1829 τοῦ
1797 1776 1961 1847 νόμου
1987 1776 2065 1829 δι-

392 1864 687 1918 δασκαλίαν
724 1862 923 1919 λαϐών.
964 1862 1166 1928 Πείσας
1203 1863 1383 1919 τοίνυν
1425 1864 1589 1919 αὐτὸν
1640 1863 1879 1928 εὐκόλως
1910 1863 2067 1932 δέξα-

398 1954 519 2007 σθαι
555 1953 645 2007 τὺν
675 1951 935 2023 λογισμὸν
980 1952 1172 2006 τοῦτον
1200 1954 1259 2007 ἐν
1294 1954 1408 2017 τοῖς
1440 1953 1643 2024 ἐτέρων
1680 1952 2062 2024 ἁμαρτήμασι,

397 2043 488 2094 καὶ
520 2040 722 2096 ἄκοντα
753 2038 1056 2108 ἀναγκάζει
1087 2039 1276 2095 λοιπὸν
1299 2041 1359 2093 ἐν
1385 2042 1498 2103 τοῖς
1529 2038 1659 2111 περὶ
1687 2038 1882 2093 ἐαυτοῦ
1905 2038 2065 2093 τοῦτο

399 2130 641 2199 ποιῆσαι.
683 2128 797 2182 Kal
833 2127 976 2182 ὥστε
1019 2126 1426 2199 εὐπαράδεκτον
1463 2126 1721 2197 γενέσθαι
1760 2126 1853 2181 τὸν
1884 2125 2061 2196 λόγον,

397 2219 493 2272 καὶ
522 2218 613 2270 ἐπὶ
647 2215 756 2270 τῶν
780 2216 1159 2288 χρηστοτέρων
1208 2215 1371 2270 αὑτὸν
1401 2216 1658 2287 προάγει,
1694 2215 1867 2285 λέγων
1890 2214 2061 2269 οὕτω·

396 2306 553 2370 Δόξα
575 2304 643 2357 δὲ
674 2306 772 2359 καὶ
805 2304 942 2375 τιμὴ
968 2304 1067 2361 καὶ
1107 2304 1318 2374 εἰρήνη
1366 2303 1547 2358 παντὶ
1583 2303 1666 2369 τῷ
1700 2301 2066 2373 ἐργαζομένῳ

396 2393 464 2445 τὸ
507 2393 755 2462 ἀγαθὸν,
813 2393 1072 2460 Ἰουδαίῳ
1104 2408 1169 2447 τε
1213 2391 1452 2462 πρῶτον
1477 2390 1579 2446 καὶ
1621 2392 1900 2460 Ἕλληνι.
1944 2392 2062 2444 Ἕν-

396 2480 567 2534 ταῦθα
604 2481 701 2551 μὲν
724 2479 853 2551 γάρ,
882 2482 983 2534 ὅσα
1006 2479 1072 2535 ἄν
1097 2497 1182 2544 τις
1216 2479 1318 2551 ἔχῃ
1340 2479 1502 2544 καλά,
1534 2479 1673 2552 μετὰ
1712 2478 1920 2533 πολλῶν
1951 2479 2062 2550 ἔχει

394 2567 668 2639 ταραχῶν,
701 2566 805 2621 κᾶν
836 2567 1090 2631 πλούσιος
1118 2563 1176 2641 ᾖ,
1209 2566 1312 2621 κᾶν
1331 2567 1620 2638 δυνάστης,
1647 2565 1749 2621 κᾶν
1779 2567 2062 2637 βασιλεύς·

398 2654 499 2709 κᾶν
543 2655 617 2725 μὴ
663 2654 800 2725 πρὸς
845 2654 1055 2725 ἕτερον,
1093 2654 1231 2733 1:965
1277 2654 1409 2724 γοῦν
1456 2655 1647 2710 ἐαυτὸν
1693 2654 2064 2720 διαστασιάζει

399 2743 678 2805 πολλάκις,
734 2744 829 2796 καὶ
875 2742 1043 2796 πολὺν
1090 2743 1147 2796 ἐν
1188 2745 1302 2807 τοῖς
1329 2743 1610 2814 λογισμοῖς
1645 2742 1757 2813 ἔχει
1793 2743 2061 2814 πόλεμον·

398 2831 512 2883 ἐκεῖ
534 2831 591 2885 δὲ
619 2830 771 2885 οὐδὲν
798 2830 1061 2895 τοιοῦτον,
1101 2830 1235 2884 ἀλλὰ
1262 2831 1439 2886 πάντα
1462 2830 1669 2901 γαληνὰ
1697 2832 1792 2885 καὶ
1823 2833 2066 2902 ταραχῆς

399 2920 812 2991 ἀπηλλαγμένα,
860 2921 956 2974 καὶ
996 2921 1221 2992 γνησίαν
1251 2921 1441 2992 ἔχοντα
1464 2921 1567 2993 τὴν
1601 2924 1842 2995 εἰρήνην.
1880 2923 2066 2977 Κατα-

400 3008 671 3071 σκευάσας
712 3009 893 3062 τοίνυν
949 3009 1014 3062 ἐκ
1050 3009 1159 3062 τῶν
1183 3009 1387 3064 ἄνωθεν
1418 3010 1745 3081 εἰρημένων,
1782 3011 1862 3064 ὄτι
1893 3010 1986 3064 καὶ
2015 3011 2065 3063 οί

402 3095 478 3167 μὴ
511 3096 677 3166 νόμον
700 3096 913 3167 ἔχοντες
942 3096 1050 3149 τῶν
1078 3095 1256 3150 αὐτῶν
1284 3096 1703 3161 ἀπολαύσονται,
1735 3098 1933 3167 ἐπάγει
1969 3097 2066 3152 καὶ

399 3182 678 3253 λογισμὸν,
720 3182 861 3236 οὕτω
895 3183 1070 3253 λέγων
1088 3201 1104 3218 υ
1147 3185 1231 3239 Οὐ
1275 3184 1387 3254 γάρ
1423 3185 1553 3239 ἐστι
1583 3185 2068 3254 προσωποληψία

400 3270 563 3340 παρὰ
591 3270 671 3337 τῷ
705 3269 845 3335 Θεῷ.
877 3271 1044 3325 ’Ὀταν
1081 3272 1180 3343 μὲν
1220 3272 1327 3345 γάρ
1363 3272 1516 3346 λέγῃ,
1546 3272 1628 3326 ὅτι
1659 3272 1947 3336 κολάζεται
1970 3273 2066 3327 καὶ

398 3361 429 3412 6
468 3359 718 3422 Ἰουδαῖος
745 3358 837 3412 καὶ
865 3360 894 3413 6
923 3358 1120 3432 Ἕλλην
1163 3361 1588 3431 ἁμαρτάνοντες,
1623 3361 1684 3415 ού
1723 3360 1893 3414 δεῖται
1916 3362 2065 3430 λογι-

402 3446 589 3518 σμῶνο
626 3447 756 3500 ὅταν
801 3446 880 3512 δὲ,
915 3447 997 3501 ὅτι
1045 3448 1141 3501 καὶ
1182 3449 1410 3518 τιμᾶται
1460 3450 1488 3503 6
1534 3448 1755 3521 Ἕλλην,
1800 3450 2067 3521 συστῆσαι

403 3533 677 3604 βούληται,
714 3534 806 3588 καὶ
832 3538 1174 3606 κατασκευῆς
1199 3536 1370 3590 δεῖται
1396 3535 1600 3591 λοιπόν.
1622 3537 1733 3590 Kal
1760 3536 1869 3609 γάρ
1892 3537 2068 3591 ἐδόκει

403 3620 710 3692 θαυμαστὸν
749 3617 889 3677 εἶναι
940 3623 1034 3676 καὶ
1089 3622 1416 3694 παράδοξον,
1469 3624 1519 3676 εί
1553 3625 1582 3677 6
1614 3623 1688 3694 μὴ
1723 3624 1890 3694 νόμου
1931 3623 2068 3696 μηδέ

405 3708 695 3779 προφητῶν
722 3708 857 3763 άκού
865 3726 984 3774 σας,
1011 3712 1236 3775 τιμᾶται
1260 3709 1331 3763 τά
1349 3710 1533 3778 ἁγαθά
1556 3710 1943 3782 ἐργαζόμενος.
1971 3710 2069 3764 Διὰ

403 3795 578 3859 τοῦτο,
607 3796 743 3869 ὅπερ
771 3797 868 3849 καὶ
884 3795 1196 3868 ἔμπροσθεν
1229 3790 1402 3858 εἷπον,
1426 3798 1485 3848 ἐν
1510 3799 1623 3860 τοῖς
1655 3796 1761 3868 πρὸ
1781 3797 1882 3867 τῆς
1908 3797 2071 3868 χάρι-

403 3895 493 3941 τος
517 3879 731 3951 χρόνοις
770 3878 1038 3948 γυμνάζει
1065 3878 1244 3933 αὐτῶν
1271 3878 1369 3942 τὰς
1392 3879 1584 3945 ἀκοάς,
1606 3879 1673 3933 ἵν’
1702 3878 2069 3937 εὐκολώτερον

404 3968 744 4040 ἐπεισαγάγῃ
778 3967 964 4021 λοιπὸν
1006 3967 1144 4039 μετὰ
1186 3968 1285 4040 τῆς
1322 3968 1560 4032 πίστεως
1599 3968 1689 4022 καὶ
1718 3967 1815 4039 τὴν
1846 3968 1905 4020 ἐν
1944 3968 2066 4021 τού-

400 4067 514 4113 τοις
559 4051 978 4119 συγκατάθεσιν.
1028 4051 1291 4106 Ἐνταῦθα
1326 4052 1433 4123 γάρ
1481 4051 1791 4116 ἀνύποπτος
1836 4052 2070 4123 μάλιστα

402 4135 626 4201 γίνεται,
664 4136 757 4189 ἆτε
783 4136 842 4189 ού
873 4135 933 4189 :6
957 4134 1149 4190 ἐαυτοῦ
1177 4134 1622 4199 κατασκευάζων.
1651 4135 1835 4189 Εἰπὼν
1863 4135 2066 4199 τοίνυν,

402 4222 557 4286 Λίδη
581 4222 678 4276 καὶ
709 4222 848 4292 τιμὴ
899 4222 999 4277 καὶ
1037 4222 1246 4292 εἰρήνη
1279 4223 1458 4278 παντὶ
1490 4222 1570 4288 τῷ
1600 4221 1968 4294 ἐργαζομένῳ
2000 4223 2068 4277 τὸ
2122 4286 2125 4287 ν

359 4338 364 4343 -
402 4310 645 4379 d;a)6r,
685 4308 955 4373 Ἰουδαίῳ
976 4327 1037 4365 τε
1055 4310 1312 4379 πρῶτον,
1339 4312 1437 4365 καί
1464 4312 1736 4380 Ἕλληνι,
1763 4314 2065 4381 ἐπήγαγεν

407 4398 488 4450 Οὺ
508 4397 620 4467 γάρ
651 4398 783 4452 ἐστι
806 4399 1290 4466 προσωποληψία
1318 4397 1477 4465 παρὰ
1502 4396 1582 4463 τῷ
1613 4398 1754 4462 Θεῷ.
1785 4399 1980 4463 Βαϐαῖ,
2011 4398 2069 4466 ἐξ

402 4487 534 4559 ὅσης
563 4487 782 4557 ἐνίκησε
803 4487 901 4557 τῆς
931 4486 1246 4559 περιουσίας
1267 4487 1326 4540 ιιι
1365 4486 1604 4539 δείκνυσι
1632 4487 1740 4557 γὰρ
1763 4488 1841 4549 είς
1870 4485 2070 4541 ἄτοπον

402 4572 495 4627 τὸν
530 4573 687 4642 λόγον
736 4572 1061 4642 ἀπαγαγὼν,
1095 4574 1177 4627 6::
1226 4574 1285 4627 ού
1324 4572 1466 4627 κατὰ
1515 4574 1647 4627 Θεὸν
1695 4574 1754 4627 τὺ
1803 4573 1878 4645 μὴ
1928 4572 2071 4627 οὕτω

402 4659 681 4726 γενέσθαι·
734 4659 977 4731 καὶγὰρ
1023 4659 1484 4731 προσωποληψίας
1527 4659 1588 4713 :6
1638 4662 1898 4732 πρᾶγμα·
1952 4659 1981 4711 6
2014 4659 2071 4712 δὲ

403 4745 533 4809 Θεὸς
568 4748 626 4800 ού
665 4746 925 4811 τοιοῦτος.
962 4747 1073 4801 Kal
1119 4747 1218 4801 οὐκ
1266 4741 1439 4814 εἶπεν,
1483 4747 1615 4801 είδέ
1650 4747 1724 4819 μὴ
1775 4748 1932 4800 τοῦτο
1978 4745 2073 4815 γέ-

403 4850 568 4897 νοιτο,
591 4833 1061 4906 προσωπολήπτης
1091 4836 1120 4888 6
1137 4834 1291 4901 Θεὸς,
1314 4835 1449 4889 ἀλλά
1475 4836 1817 4906 σεμνότερον·
1849 4836 1931 4888 Οὐ
1963 4833 2071 4905 γάρ

402 4920 534 4975 ἐστι
586 4923 1069 4989 προσωποληψιά
1128 4921 1288 4990 παρὰ
1339 4921 1419 4988 τῷ
1455 4922 1605 4988 Θεῷ·
1653 4923 1951 4989 τουτέστιν,
2010 4924 2071 4976 ού

403 5002 710 5073 προσώπων
742 5004 1026 5075 ποιότητα,
1070 5004 1208 5058 ἀλλὰ
1244 5008 1586 5077 πραγμάτων
1615 5004 1856 5071 ἐξετάζει
1882 5006 2073 5077 διαφο-

406 5091 524 5160 ράν.
584 5091 755 5144 Τοῦτο
801 5091 992 5157 εἰπὼν,
1035 5092 1304 5165 ἐδήλωσεν
1342 5096 1443 5147 οὐκ
1476 5096 1531 5146 ἐν
1573 5096 1917 5166 πράγμασιν,
1957 5095 2071 5150 άλλ*

402 5178 461 5230 ἐν
499 5178 816 5250 προσώποις
843 5179 1001 5250 μόνον
1033 5179 1356 5253 διαφέροντα
1383 5182 1473 5236 τὸν
1528 5182 1781 5237 Ἰουδαῖον
1815 5183 1912 5237 τοῦ
1945 5183 2074 5236 Ἔλ-

402 5264 582 5337 ληνος.
629 5266 852 5331 Τούτοις
897 5268 1191 5322 ἀκόλουθον
1236 5264 1304 5340 ἦν
1342 5270 1547 5322 εἰπεῖν’
1584 5272 1656 5325 Οὐ
1703 5271 1832 5342 γάρ,
1885 5270 2075 5342 ἐπειδὴ

401 5354 432 5406 ὁ
469 5355 566 5422 μὲν
612 5354 886 5419 Ἰουδαῖος,
917 5357 946 5411 6
973 5355 1030 5409 δὲ
1069 5355 1289 5426 Ἕλλην,
1333 5355 1421 5409 διὰ
1460 5358 1616 5411 τοῦτο
1640 5360 1668 5410 6
1697 5359 1793 5428 μὲν
1825 5360 2072 5428 τιμᾶται,

402 5441 434 5493 ὁ
463 5441 521 5495 δέ
550 5440 865 5512 ὑϐρίζεταιο
901 5443 1017 5496 ἀλλ’
1065 5443 1174 5497 ἀπὸ
1210 5443 1318 5496 τῶν
1362 5442 1538 5514 ἔργων
1581 5445 1816 5517 ἑκάτερα
1845 5447 2073 5513 γίνεται.

419 5529 555 5583 Ἀλλ’
593 5530 691 5583 οὐκ
729 5525 881 5584 εἶπεν
919 5529 1097 5585 οῦτωο
1131 5530 1374 5601 διήγειρε
1423 5531 1529 5602 γὰρ
1566 5530 1632 5585 ἂν
1665 5531 1755 5585 τὸν
1782 5531 1953 5601 θυμὸν
1980 5535 2075 5587 τοῦ

418 5617 706 5670 Ἰουδαίου·
760 5617 875 5671 ἀλλ’
914 5618 1102 5688 ἔτερόν
1134 5635 1188 5671 τι
1223 5617 1385 5670 πλέον
1428 5616 1610 5689 τίθησι
1638 5619 1937 5672 κατασπῶν
1978 5621 2077 5675 αύ-

400 5704 511 5757 τῶν
537 5705 832 5774 κατωτέρω
851 5705 910 5758 :6
927 5707 1182 5777 φρόνημα
1204 5705 1296 5758 καὶ
1318 5703 1714 5769 καταστέλλων,
1738 5704 1879 5759 ὥστε
1901 5707 2078 5761 ἐκεῖνο

398 5790 825 5861 καταδέξασθαι.
884 5793 950 5846 Τί
1006 5794 1064 5847 δέ
1113 5795 1233 5848 ἐστι
1268 5791 1454 5859 τοῦτο;
1496 5792 1569 5845 Τὸ
1617 5793 1744 5862 ἑξῆς
1799 5793 2073 5865 κείμενον·

491 5983 509 6006 ⁸
537 5985 623 6035 Sic
646 5986 794 6035 Saxil.
821 5995 869 6037 cl
913 6003 1025 6039 mss.
1054 5996 1209 6052 recte,
1232 5990 1404 6041 More}.
1431 5991 1559 6040 male
1584 5991 1864 6053 παρουσίας.

1580 341 1646 396 ΙΝ
1693 341 1914 399 EPIST.
1951 339 2041 395 AD
2075 336 2243 393 “OM.
2293 340 2526 399 ΗΟΜΙΙ..
2573 343 2631 399 ν.

3066 219 3081 257 \

3735 342 3841 401 ιεε

2170 459 2347 516 Ὅσοι
2391 462 2504 532 γὰρ
2547 465 2784 535 ἀνόμως
2802 506 2818 530 ,
2868 467 3054 537 φησὶν,
3116 465 3405 536 ἥμαρτον,
3455 464 3690 535 ἀνόμως
3739 466 3841 521 και

2168 547 2538 605 ἀπολοῦνται
2557 569 2571 585 ·
2606 551 2705 606 καὶ
2741 551 2876 607 ὅσοι
2912 553 2984 607 ἐν
3007 554 3169 622 νόμῳ
3205 553 3494 624 ἥμαρτον,
3527 551 3627 608 διὰ
3651 552 3842 622 νόμου

2167 636 2580 704 κριθήσονται.
2619 639 2881 694 Ἐνταῦθα
2909 640 3040 712 γάρ,
3061 642 3197 712 ὅπερ
3224 642 3395 714 ἔφθην
3423 638 3617 704 είπὼν,
3649 641 3713 695 οῦ
3742 639 3843 710 μό-

2166 740 2255 778 νον
2292 725 2565 798 ίσοτιμίαν
2610 727 2879 783 δείκνυσιν
2939 729 3196 783 Ἰουδαίου
3233 724 3329 783 καὶ
3374 729 3657 798 Ἕλληνος,
3705 728 3844 784 ἀλλὰ

2166 814 2260 868 καὶ
2299 814 2432 868 πολὺ
2478 816 2571 870 τὸν
2624 817 2876 871 Ἰουδαῖον
2914 815 3251 888 βαρούμενοι)
3277 816 3394 870 ’ἀπὸ
3424 818 3521 888 τῆς
3549 816 3646 872 τοῦ
3672 816 3842 888 νόμου

2163 898 2384 965 δόσεως.
2437 903 2496 957 ὐ
2527 904 2627 975 μὲν
2678 904 2788 976 γάρ
2833 904 3034 976 Ἕλλην
3077 905 3296 975 ἀνόμως
3339 904 3619 975 κρίνεται·
3655 902 3718 957 :6
3747 903 3837 969 δέ,

2178 987 2449 1058 Ἆνόμως,
2488 990 2727 1044 ἐνταῦθα
2769 991 2831 1044 ού
2868 990 2928 1043 :6
2968 989 3368 1061 χαλεπώτερον,
3421 988 3555 1044 ἀλλὰ
3601 988 3662 1043 τὺ
3701 991 3839 1061 ἡμε-

2168 1076 2404 1149 ρώτερον
2431 1076 2611 1145 λέγει*
2641 1078 2943 1140 τουτέστιν,
2976 1076 3126 1150 [467]
3161 1077 3260 1130 οὐκ
3286 1075 3399 1146 ἔχει
3433 1074 3838 1149 κατηγοροῦντα

2163 1165 2255 1218 τὸν
2283 1165 2465 1236 νόμον.
2503 1165 2577 1218 T6
2622 1164 2754 1237 γὰρ,
2801 1164 3095 1236 Ἀνόμως.
3128 1165 3396 1228 τουτέστι,
3431 1164 3600 1239 χωρὶς
3641 1164 3741 1234 τῆς
3779 1164 3839 1231 ἐξ

2166 1252 2376 1306 ἐκείνου
2401 1252 2806 1324 κατακρίσεως,
2840 1253 3027 1323 φησὶν,
3056 1252 3163 1307 ἀπὸ
3191 1252 3301 1305 τῶν
3323 1252 3422 1322 τῆς
3451 1250 3666 1321 φύσεως
3694 1251 3842 1320 λογι-

2167 1338 2321 1409 σμῶν
2369 1338 2792 1404 καταδικάζεται
2837 1340 3036 1409 μόνων.
3094 1340 3154 1393 ’0
3181 1339 3236 1393 δέ
3282 1338 3531 1402 Ἰουδαῖος
3574 1337 3837 1409 ἐννόμως,

2164 1427 2434 1491 τουτέστι,
2468 1427 2604 1497 μετά
2632 1428 2736 1498 τῆς
2768 1427 2984 1497 φύσεως
3021 1427 3115 1480 καὶ⁵
3140 1426 3239 1480 τοῦ
3270 1427 3438 1498 νόμου
3468 1422 3841 1496 κατηγοροῦνο

2163 1533 2294 1580 τος*
2347 1516 2458 1588 ὅσῳ
2496 1517 2606 1589 γάρ
2654 1517 2900 1581 πλείονος
2955 1516 3292 1588 ἀπήλαυσεδ
3335 1516 3437 1575 τῆς
3486 1512 3837 1585 ἐπιμελείας,

2165 1604 2405 1675 τοσούτῳ
2438 1604 2657 1675 μείζονα
2689 1603 2850 1658 δώσει
2880 1603 3056 1674 δίκην.

2235 1699 2296 1744 ε’.
2328 1692 2490 1763 Ὁρᾷς
2510 1691 2627 1754 πῶς
2652 1692 2874 1762 μείζονα
2901 1694 3017 1756 τοῖς
3044 1690 3320 1756 Ἰουδαίοις
3340 1690 3443 1763 τὴν
3463 1689 3710 1761 ἀνάγκην
3736 1690 3840 1743 επ·-

2167 1779 2367 1851 έστησε
2401 1779 2494 1833 τοῦ
2519 1782 2585 1851 τῇ
2614 1780 2799 1852 χάριτι
2832 1779 3202 1852 προσδραμεῖν
3221 1796 3236 1845 ;
3254 1779 3472 1849 Ἐπειδὴ
3496 1779 3603 1850 γὰρ
3629 1777 3836 1846 ελεγον,

2165 1867 2245 1920 ὅτι
2268 1867 2329 1921 ού
2346 1867 2554 1921 δέονται
2582 1867 2684 1938 τῆς
2704 1868 2925 1939 χάριτος
2942 1908 2958 1931 ,
2974 1867 3063 1921 διὰ
3084 1867 3245 1939 μόνου
3275 1866 3369 1920 τοῦ
3399 1866 3565 1937 νόμου
3591 1864 3837 1920 δικαιούσ-

2169 1971 2341 2024 μενοι,
2362 1953 2655 2016 δείκνυσιν,
2674 1955 2754 2008 6::
2778 1955 2933 2008 αὐτοὶ
2957 1954 3155 2024 μᾶλλον
3177 1954 3285 2008 τῶν
3309 1953 3579 2023 Ἑλλήνων
3602 1952 3835 2019 δέονται,

2165 2042 2221 2096 εί
2252 2060 2317 2111 γε
2352 2041 2551 2114 μᾶλλον
2588 2042 2841 2112 μέλλουσι
2887 2041 3232 2108 κολάζεσθαι.
3266 2035 3400 2095 Εἶτα
3434 2040 3598 2095 πάλιν
3629 2039 3835 2107 ἐπάγει

2164 2130 2422 2201 λογισμὸν
2456 2129 2665 2201 ἕτερον,
2712 2131 2825 2190 τοῖς
2861 2128 3174 2200 εἰρημένοις
3210 2127 3706 2197 ἐπαγωνιζόμενος.
3754 2126 3838 2180 Οὐ

2162 2215 2275 2287 γὰρ
2305 2220 2359 2271 οἱ
2403 2215 2688 2284 ἀκροαταὶ
2742 2214 2850 2270 τοῦ
2895 2221 3085 2286 νόμου
3124 2215 3341 2269 δίκαιοι
3370 2216 3529 2284 παρὰ
3568 2212 3648 2279 τῷ
3693 2210 3835 2277 Θεῷο

2166 2304 2362 2367 Καλῶς
2402 2301 2734 2375 προσέθηκε,
2771 2303 2938 2370 Παρὰ
2975 2301 3055 2367 τῷ
3102 2299 3256 2366 Θεῷ·
3287 2304 3441 2372 παρα
3479 2300 3576 2369 μὲν
3606 2300 3715 2369 γάρ
3740 2298 3839 2352 άν-

2165 2389 2406 2461 θρώποις
2446 2388 2578 2453 ἴσως
2619 2388 2808 2460 σεμνοὶ
2844 2387 3102 2442 δύνανται
3155 2385 3443 2456 φαίνεσθαι
3489 2385 3582 2438 καὶ
3628 2383 3839 2455 μεγάλα

2166 2477 2493 2549 κομπάζειν,
2516 2477 2667 2549 παρὰ
2693 2477 2749 2530 δὲ
2778 2475 2856 2547 τῷ
2888 2474 3026 2547 Θεῷ,
3061 2474 3370 2529 τούναντίον
3394 2473 3643 2533 άπαν,Οί
3663 2485 3838 2539 ποιηο

2162 2566 2256 2621 ταὶ
2304 2566 2412 2621 τοῦ
2460 2566 2649 2635 νόμου
2684 2562 3056 2618 δικαιοῦνται
3086 2562 3298 2632 μόνον,
3349 2556 3505 2623 Εἶδες
3555 2559 3701 2629 πόσῃ
3766 2560 3835 2628 τῇ

2167 2652 2455 2724 περιουσίᾳ
2481 2653 2747 2724 κέχρηται
2776 2653 2857 2714 εἰς
2878 2650 2939 2704 :6
2971 2649 3212 2703 ἐναντίον
3248 2648 3596 2719 περιτρέπων
3618 2647 3708 2699 τὸν
3750 2645 3838 2699 λό-

2167 2740 2377 2809 γον;Εἱ
2400 2741 2508 2810 γὰρ
2524 2738 2612 2791 διὰ
2631 2738 2723 2791 τὸν
2742 2737 2905 2808 νόμον
2938 2735 3109 2801 ἀξιοῖς
3146 2733 3408 2803 σωθῆναι,
3440 2732 3591 2801 φησὶ,
3624 2730 3841 2801 πρῶτός

2170 2847 2263 2883 σου
2303 2826 2476 2900 ταύτῃ
2510 2828 2539 2880 6
2590 2825 2794 2895 Ἕλλην
2849 2824 3139 2894 στήσεται,
3181 2819 3410 2892 ποιητὴς
3482 2819 3668 2889 φανεὶς
3729 2817 3840 2871 τῶν

2168 2914 2657 2988 ἐγγεγραμμένων.
2720 2912 2834 2967 Kal
2882 2912 2999 2971 πῶς
3050 2910 3159 2973 ἔνι,
3199 2908 3387 2980 φησὶν,
3438 2906 3713 2979 ἀκροατὴν
3763 2904 3838 2976 μὴ

2168 3004 2479 3075 γενόμενον,
2541 2999 2770 3072 ποιητὴν
2822 2998 3106 3069 γενέσθαι;
3160 2996 3304 3060 Ἐνι,
3357 2992 3544 3065 φησὶν,
3592 2993 3653 3045 ού
3683 2991 3840 3046 τοῦτο

2172 3091 2355 3163 μόνον,
2386 3088 2521 3143 ἀλλὰ
2557 3089 2652 3142 καὶ
2682 3088 2744 3141 τὸ
2776 3086 2967 3141 τούτου
2998 3083 3177 3154 πολλῷ
3211 3082 3394 3137 πλέον.
3428 3080 3504 3134 Οὐ
3538 3079 3646 3151 γάρ
3679 3079 3840 3150 μόνον

2168 3180 2336 3251 χωρὶς
2359 3178 2673 3250 ἀκροάσεως
2700 3174 2818 3229 ἐστι
2846 3173 3098 3243 γενέσθαι
3132 3170 3384 3241 ποιητὴν,
3410 3167 3547 3221 ἀλλὰ
3575 3168 3669 3220 καὶ
3704 3166 3841 3238 μετὰ

2168 3268 2483 3339 ἀκροάσεως
2518 3266 2593 3337 μὴ
2636 3261 2775 3318 εἶναι
2818 3262 3008 3317 τοῦτο’
3047 3261 3185 3333 ὅπερ
3227 3258 3453 3328 ὕστερον
3507 3255 3843 3327 σαφέστερον

2167 3355 2351 3425 τίθησι
2397 3352 2592 3422 λέγων,
2638 3351 2733 3406 καὶ⁵
2784 3350 2923 3422 μετὰ
2963 3349 3208 3411 πλείονος
3235 3348 3336 3419 τῆς
3372 3344 3721 3414 περιουσίας·
3774 3344 3841 3397 '0

2168 3437 2474 3493 διδάσκων
2513 3436 2738 3506 ἕτερον,
2786 3433 3051 3489 σεαυτὸν
3092 3434 3164 3487 οὐ
3194 3431 3536 3495 διδάσκειςς
3578 3426 3842 3482 Ἐνταῦθα

2167 3526 2225 3581 δέ
2250 3526 2385 3590 τέως
2414 3524 2474 3579 τὸ
2508 3523 2774 3597 πρότερον
2822 3519 3243 3584 κατασκευάζει.
3298 3520 3485 3572 ὀταν
3527 3516 3639 3585 γὰρ
3672 3514 3839 3580 ἔθνη,

2170 3617 2325 3687 φησι,
2353 3616 2426 3668 τὰ
2441 3613 2528 3684 μὴ
2553 3614 2742 3682 νόμον
2760 3611 3003 3680 ἔχοντα,
3036 3608 3215 3677 φύσει
3241 3608 3313 3661 τὰ
3333 3604 3441 3659 τοῦ
3465 3604 3655 3673 νόμου
3674 3599 3839 3669 ποιῇ,

2169 3699 2336 3757 οὗτοι
2383 3703 2571 3769 νόμον
2605 3697 2693 3768 μὴ
2745 3696 3011 3766 ἔχοντες,
3055 3693 3293 3759 ἑαυτοῖς
3315 3695 3435 3746 είσι
3483 3692 3688 3760 νόμος.
3730 3690 3844 3743 οὐκ

2170 3789 2416 3843 ἐκϐάλλω
2438 3786 2528 3840 τὸν
2558 3786 2744 3856 νόμον,
2772 3782 2958 3853 φησιν,
2990 3781 3126 3834 ἀλλὰ
3154 3781 3249 3834 καὶ
3279 3777 3530 3833 ἐντεῦθεν
3548 3776 3743 3831 δικαιῶ
3772 3777 3844 3831 τὰ

2170 3872 2322 3943 ἔθνη.
2357 3867 2513 3934 Εἶδες
2544 3867 2658 3931 πῶς
2690 3865 3010 3938 ὑπορύττων
3032 3862 3128 3917 τοῦ
3178 3860 3515 3932 Ίουδαῖσμοῦ
3544 3858 3642 3930 τὴν
3661 3858 3841 3925 δόξαν,

2168 3960 2423 4033 οὐδεμίαν
2467 3956 2590 4012 καθ’
2636 3953 2831 4010 ἑαυτοῦ
2874 3952 3059 4006 δίδωσι
3102 3949 3274 4021 λαϐὴν
3310 3948 3385 4012 ὡς
3428 3947 3713 4017 ἀτιμάζων
3756 3943 3845 3998 τὸν

2170 4030 2352 4121 νόμον,
2374 4046 2508 4101 ἀλλὰ
2534 4043 2866 4108 τούναντίον,
2897 4040 2974 4104 ὡς
3001 4038 3245 4110 ἐπαίρων
3279 4037 3370 4089 καὶ
3398 4036 3573 4121 μέγαν
3605 4030 3843 4121 δεικνὺς,

2170 4118 2310 4190 οὕτω
2337 4133 2734 4197 κατασκευάζει
2765 4131 2825 4184 :6
2856 4131 2999 4195 1:5.v;
3035 4127 3221 4180 Φύσει
3264 4123 3322 4176 δὲ
3357 4123 3486 4174 ὅταν
3520 4118 3686 4180 είποι,
3729 4120 3842 4181 τοῖς

2170 4226 2234 4277 ἐκ
2262 4223 2477 4293 φύσεως
2498 4220 2644 4287 λέγει
2665 4217 2962 4286 λογισμοῖς.
2998 4213 3108 4266 Kal
3142 4211 3415 4263 δείκνυσιν
3435 4206 3658 4293 ἐτέρους
3684 4204 3846 4267 ὄντας

2171 4292 2348 4364 αὐτῶν
2407 4306 2666 4378 βελτίους,
2726 4304 2820 4357 καὶ
2868 4300 2930 4353 :6
2976 4299 3180 4370 μεῖζον,
3230 4296 3320 4349 διὰ
3364 4293 3524 4346 τοῦτο
3577 4292 3842 4378 ξελτίους,

2170 4397 2357 4467 ἐπειδὴ
2494 4392 2656 4463 νόμον
2697 4389 2908 4452 ἔλαϐον,
2947 4386 3083 4457 μηδὲ
3115 4383 3298 4455 ἔχουσι
3333 4380 3545 4445 τοῦτον,
3653 4377 3845 4431 δοκοῦ-

2172 4503 2255 4541 σιν
2281 4466 2460 4537 αὐτῶν
2491 4479 2833 4533 πλεονεκτεῖν
2861 4476 2910 4528 οί
2954 4472 3222 4527 Ἰουδαῖοι.
3256 4468 3357 4523 Διὰ
3382 4468 3541 4522 τοῦτο
3569 4466 3699 4537 γὰρ,
3735 4481 3841 4533 φη·

2174 4576 2278 4632 σὶν.
2329 4573 2435 4625 εἰσὶ
2478 4567 2801 4639 θαυμαστοὶ,
2831 4566 2910 4620 ὅτι
2941 4564 3107 4633 νόμου
3152 4560 3253 4613 οὐκ
3288 4557 3604 4628 ἐδεήθησαν,
3653 4556 3746 4608 καὶ
3773 4553 3844 4608 τά

2171 4662 2266 4716 τοῦ
2296 4662 2460 4733 νόμου
2502 4660 2677 4713 πάντα
2716 4654 3078 4718 ἐπεδείξαντο,
3117 4652 3186 4704 τὰ
3230 4648 3367 4718 ἔργα
3390 4657 3440 4708 α,
3463 4646 3523 4698 ού
3663 4642 3846 4733 γράμ-

2175 4731 2503 4822 ματαξταῖς
2549 4744 2811 4807 διανοίαις
2850 4741 3027 4796 αὐτῶν
3067 4735 3487 4805 ἐγκολάψαντες.
3524 4731 3693 4786 Τοῦτο
3736 4731 3845 4800 γάρ

2173 4821 2355 4911 φησιν’
2385 4838 2612 4900 Οἴτινες
2629 4832 3044 4887 ἐνδείκνυνται
3071 4827 3134 4880 τὸ
3158 4825 3336 4893 ἔργον
3368 4821 3475 4876 τοῦ
3498 4822 3681 4911 νόμου
3709 4833 3843 4911 γρα-

2173 4906 2326 4980 πτὸν
2356 4926 2426 4978 ἐν
2453 4922 2584 4988 ταῖς
2614 4919 2886 4987 καρδίαις
2917 4913 3137 4978 αὐτῶν,
3170 4909 3719 4979 συμμαρτινρούσης
3741 4906 3845 4958 ab-

2174 5014 2297 5076 τοῖς
2324 5011 2434 5080 τῆς
2460 5006 2894 5077 συνειδήσεως.
2927 5004 3023 5058 καὶ
3043 5000 3271 5071 μεταξὺ
3296 4996 3587 5080 ἀλλήλων
3607 4992 3725 5046 τῶν
3744 4994 3849 5080 λο-

2174 5078 2405 5170 γισμῶν
2439 5094 2951 5167 κατηγορούντων,
2990 5091 3028 5157 ἢ
3072 5089 3169 5142 καὶ
3197 5079 3728 5170 ἀπολογουμένων,
3776 5078 3848 5132 ἐν

2176 5166 2384 5258 ἦμέρᾳ,
2414 5186 2511 5240 ὅτε
2538 5166 2729 5252 κρινεῖ
2752 5186 2784 5236 ό
2811 5179 2953 5244 Θεὸς
2990 5177 3063 5231 τὰ
3088 5171 3323 5244 κρυπτὰ
3349 5170 3469 5224 τῶν
3499 5166 3844 5258 ἁνθρῷπων,

2176 5253 2419 5329 κατξιγτὸ
2447 5269 2818 5341 Εὺαγγέλιόν
2831 5284 2970 5336 μου,
3005 5263 3105 5316 διὰ
3145 5258 3348 5328 Ἰησοῦ
3380 5254 3660 5325 Χριστοῦ.
3685 5253 3848 5324 Ὁρᾷς

2178 5363 2294 5425 πῶς
2340 5360 2497 5414 πάλιν
2545 5357 2859 5428 παρέστησε
2893 5352 2991 5423 τὴν
3023 5349 3244 5421 ἡμέραν
3273 5346 3491 5413 ἐκείνην
3542 5344 3636 5397 καὶ
3679 5341 3847 5411 ἐγγὺς

2176 5451 2372 5522 ἤγαγε,
2423 5446 2731 5501 κατασείων
2764 5443 2943 5495 αὐτῶν
2969 5440 3067 5508 τὴν
3093 5437 3351 5495 διάνοιαν,
3382 5434 3476 5486 καὶ
3502 5430 3734 5522 δεικνὺς,
3764 5429 3846 5522 ὅτι

2175 5515 2396 5599 τούτους
2440 5535 2520 5588 δεῖ
2551 5532 2815 5603 τιμᾶσθαι
2849 5528 3050 5599 μᾶλλον
3092 5525 3217 5585 τοὺς
3244 5520 3412 5591 χωρὶς
3447 5519 3614 5589 νόμου
3652 5515 3722 5569 τά
3749 5515 3845 5603 τοῦ

2178 5624 2343 5695 νόμου
2391 5601 2689 5692 κατορθοῦν
2734 5613 3171 5676 ἓσπουδακότας;
3236 5609 3303 5695 Ὃ
3335 5606 3407 5695 δελ
3451 5603 3683 5695 μάλιστα
3704 5601 3848 5695 ἐστι

2180 5690 2460 5780 θαυμάσαι
2510 5690 2608 5776 τῆς
2646 5705 2914 5766 συνέσεως
2956 5701 3053 5772 τῆς
3083 5693 3466 5764 ἀποστολικῆς,
3504 5690 3664 5744 τοῦτο
3696 5690 3847 5757 ἄξιον

2243 5873 2270 5911 ιι
2298 5867 2412 5922 Alii.
2436 5866 2737 5925 ἀπέλαυσαν,
2760 5873 2807 5913 el
2831 5877 2967 5920 mox,
2989 5863 3202 5925 δώσουσι
3276 5870 3296 5897 ε
3329 5856 3480 5925 Ἔργα
3504 5849 3845 5925 εἱιιουεζιξςλξιξο

2178 5934 2212 5981 Α
2228 5907 2412 5979 ξιϊὸῗ
2431 5907 3234 5989 ὢὲῶ“ἇξδῇ.ξὶαβὲζέρδιέὲᾱέἀετῶν,
3261 5927 3310 5967 ιιι
3338 5907 3525 5968 ha’b‘cn:
3562 5914 3682 5963 editi
3712 5907 3839 5960 Βιιιι.

2187 6002 2238 6041 el
2263 5992 2430 6051 Chrys.
2463 5991 2556 6039 col.
2584 6004 2671 6049 seq
2697 6027 2709 6049 ,
2739 5992 2801 6037 lin
2852 5989 2922 6036 IT.
