4144 6146
355 328 462 386 6‘29

355 443 506 518 [668]
534 445 708 498 εἰπεῖν
737 443 849 497 νῦν.
908 443 1038 496 Ἀπὸ
1074 443 1184 515 γὰρ
1215 446 1313 514 τῆς
1345 445 1693 514 κατασκευῆς
1711 442 1912 506 δείξας,
1938 443 2021 495 ὅτι

356 531 560 601 μείζων
589 533 618 584 6
647 530 848 600 Ἕλλην
876 529 969 583 τοῦ
1009 530 1288 593 Ἰουδαίου,
1327 533 1386 583 ἐν
1414 533 1479 601 τῇ
1510 532 1796 600 συναγωγῇ
1836 530 1932 582 καὶ
1961 529 2021 581 ὲν

351 618 432 688 τῷ
455 616 910 687 συμπεράσματι·
940 616 1050 669 τῶν
1072 615 1344 686 λογισμῶν
1366 618 1427 670 ού
1450 617 1663 687 τίθησιν
1696 616 1847 679 αὐτὸ,
1875 615 2015 668 ὥστε

352 704 432 775 μὴ
455 703 715 773 τραχῦναι
733 703 825 757 τὸν
866 703 1137 757 Ἰουδαῖον.
1176 704 1298 756 Ἰνα
1322 704 1378 756 δέ
1407 705 1499 757 καὶ
1527 704 1861 775 σαφέστερον
1882 705 2018 774 ὅπερ

352 786 505 844 εἷπον
555 791 789 859 ποιήσω,
840 789 978 844 αὐτὰ
1014 788 1125 860 ἐρῶ
1167 789 1237 842 τά
1272 792 1490 860 ῥήματα
1541 790 1607 844 τά
1663 792 2015 845 άποστολικά.

363 875 581 947 Ἐπειδὴ
619 877 728 947 γὰρ
781 870 958 939 εἶπεν,
1002 876 1085 929 Οὺ
1133 878 1244 945 γὰρ
1275 879 1331 929 οἱ
1358 877 1643 946 ἀκροαταὶ
1669 878 1775 932 τοῦ
1807 880 2016 947 νόμου,

348 962 488 1015 ἀλλ’
513 965 567 1016 οι
588 961 826 1031 ποιηταὶ
845 960 952 1015 τοῦ
976 962 1165 1031 νόμου
1186 960 1704 1031 δικαιωθήσονται,
1728 963 2019 1018 ἀκόλουθον

347 1045 416 1118 ἦν
444 1048 838 1102 είπεῖν·”⁹οταν
854 1047 966 1117 γὰρ
990 1048 1136 1115 ἔθνη
1157 1049 1227 1102 τὰ
1249 1047 1337 1117 μὴ
1363 1050 1551 1117 νόμον
1577 1049 1814 1119 ἔχοντα,
1840 1051 2020 1119 φύσει

349 1138 422 1188 τὰ
444 1134 553 1189 τοῦ
598 1135 789 1205 νόμου
823 1136 986 1202 ποιῇ,
1030 1135 1235 1189 τούτων
1269 1135 1449 1207 πολλῷ
1487 1136 1728 1205 βελτίους
1765 1138 1873 1190 είσῖ
1910 1136 2018 1190 τῶν

346 1222 457 1277 ἀπὸ
469 1222 635 1293 νόμου
650 1221 1067 1293 διδασκομένων.
1086 1222 1227 1275 Ἀλλ’
1242 1223 1302 1275 οὗ
1322 1223 1469 1292 λέγει
1484 1222 1660 1289 τοῦτο,
1676 1223 1787 1277 ἀλλ’
1805 1224 2017 1278 ἵσταται

350 1310 517 1381 μέχρι
546 1308 643 1362 τοῦ
671 1310 949 1381 ἐγκωμίου
977 1309 1089 1365 τῶν
1139 1309 1427 1382 Ἑλλήνων,
1457 1311 1552 1365 καὶ
1583 1312 1644 1364 ού
1673 1312 1902 1383 προάγει
1925 1312 2016 1366 τὸν

342 1396 505 1465 λόγον
556 1395 697 1450 κατά
733 1396 1018 1466 σύγκρισιν
1052 1396 1211 1462 τέως,
1249 1397 1334 1450 ἵνα
1365 1397 1465 1451 κᾶν
1497 1397 1667 1461 οὕτως
1694 1399 1723 1451 6
1765 1398 2017 1463 Ἰουδαῖος

345 1486 564 1557 δέξηται
583 1487 644 1540 τὸ
666 1486 978 1557 λεγόμενον.
1004 1487 1205 1559 Διόπερ
1227 1487 1326 1558 οὐχ
1345 1486 1519 1550 οὕτως
1552 1482 1727 1553 εἶπεν,
1747 1487 1821 1548 ῶς
1838 1483 2012 1555 εἷπον,

346 1573 484 1627 ἀλλά
512 1562 659 1639 πῶςς
692 1574 871 1629 Ὅταν
904 1572 1013 1645 γὰρ
1041 1574 1185 1642 ἔθνη
1214 1574 1285 1627 τὰ
1303 1572 1389 1643 μὴ
1420 1574 1610 1643 νόμον
1636 1572 1875 1642 ἔχοντα,
1904 1575 2015 1643 φύ-

344 1674 443 1712 σει
486 1660 559 1713 τὰ
601 1659 709 1713 τοῦ
745 1660 934 1729 νόμου
964 1657 1129 1728 ποιῇ,
1183 1654 1348 1714 οὗτοι
1383 1659 1573 1729 νόμον
1606 1657 1694 1728 μὴ
1746 1658 2011 1727 ἔχοντες,

345 1746 579 1812 ἑαυτοῖς
603 1750 723 1801 εισι
768 1747 980 1816 νόμος·
1026 1747 1243 1813 οἵτινες
1284 1746 1697 1801 ἐνδείκνυνται
1730 1746 1796 1798 τὸ
1836 1746 2015 1814 ἔργον

344 1832 452 1888 τοῦ
481 1831 667 1902 νόμου
691 1832 955 1903 γραπτὸν
972 1832 1042 1886 ἐν
1061 1833 1189 1900 ταῖς
1209 1831 1482 1902 καρδίαις
1500 1831 1720 1896 αὐτῶν,
1744 1847 2015 1900 συμμαρ-

342 1921 646 1988 τυρούσης
683 1918 883 1974 αὐτῶν
911 1918 1023 1989 τῆς
1058 1919 1490 1985 συνειδήσεως.
1532 1920 1716 1992 Ἀρκεῖ
1742 1918 1851 1988 γάρ
1892 1919 2014 1972 ἀντὶ

342 2004 437 2059 τοῦ
467 2006 632 2078 νόμου
677 2006 738 2059 τὸ
772 2005 1010 2070 συνειδὸς
1042 2006 1134 2060 καὶ⁵
1165 2006 1444 2076 λογισμός.
1494 2005 1592 2059 Διά
1618 2005 1819 2058 τούτων
1847 2004 2012 2069 ἔδειξε

342 2092 526 2157 πάλιν,
546 2094 630 2147 ὅτι
658 2093 908 2165 αὐτάρκη
934 2093 1027 2146 τὸν
1054 2092 1342 2165 ἄνθρωπον
1370 2093 1626 2164 ἐποίησεν
1654 2093 1683 2145 6
1714 2092 1846 2156 Θεὸς
1875 2091 2012 2163 πρὸς

339 2180 442 2249 τὴν
469 2181 568 2250 τῆς
592 2179 794 2250 ἀρετῆς
824 2180 1059 2250 αἵρεσιν,
1090 2180 1185 2233 καὶ
1211 2179 1311 2250 τὴν
1331 2179 1434 2250 τῆς
1459 2180 1657 2243 κακίας
1679 2181 1877 2251 φυγήν.
1900 2180 2012 2234 Καὶ

343 2265 421 2335 μὴ
463 2265 776 2337 θαυμάσῃς,
811 2267 858 2319 εἰ
893 2267 988 2319 καὶ
1018 2266 1166 2330 ἅπαξ
1198 2266 1292 2319 καὶ
1328 2266 1410 2331 δὶς
1455 2268 1548 2320 καὶ
1579 2266 1839 2330 πολλάκις
1880 2266 2011 2320 αὐτὸ

342 2351 762 2416 κατασκευάζει.
797 2351 1009 2423 Σφόδρα
1038 2352 1146 2425 γὰρ
1184 2349 1252 2425 ἦν
1283 2355 1581 2422 ἀναγκαῖον
1621 2352 1768 2425 αὐτῷ
1805 2353 1868 2406 τὸ
1916 2370 2008 2407 κεο

341 2438 571 2506 φάλαιον
613 2439 772 2493 τοῦτο
798 2438 887 2493 διὰ
909 2441 1035 2504 τοὺς
1062 2439 1338 2510 λέγοντας·
1370 2442 1434 2495 Τί
1461 2442 1659 2513 δήποτε
1699 2442 1793 2496 νῦν
1820 2444 1850 2495 6
1876 2444 2009 2515 Χρι-

342 2528 469 2591 στὸς
495 2527 857 2598 παρεγένετο;
891 2528 986 2580 καὶ
1015 2527 1119 2581 ποῦ
1152 2528 1245 2583 τὸν
1274 2528 1582 2601 ἔμπροσθεν
1609 2529 1800 2600 χρόνον
1821 2528 1888 2583 τά
1910 2530 2008 2600 τῆς

340 2614 607 2685 τοσαύτης
630 2614 883 2685 προνοίας
910 2611 1008 2687 ἦν;
1028 2617 1139 2669 Καὶ
1162 2616 1292 2687 πρὸς
1313 2616 1533 2680 τούτους
1551 2613 1642 2672 οῦν
1665 2619 1723 2670 ἐν
1744 2617 2009 2689 παρέργῳ

339 2702 434 2755 νῦν
464 2702 922 2773 ἀπομαχόμενος,
970 2702 1261 2770 δείκνυσιν,
1308 2704 1390 2758 ὅτι
1432 2705 1527 2757 καὶ
1559 2706 1616 2757 ἐν
1648 2706 1761 2768 τοῖς
1805 2704 2008 2759 ἀνωθεν

338 2791 572 2863 χρόνοις,
595 2791 690 2845 καὶ
718 2790 825 2870 πρὸ
849 2790 946 2861 τῆς
968 2788 1057 2844 τοῦ
1089 2790 1254 2862 νόμου
1283 2790 1483 2855 δόσεως
1518 2792 1700 2862 πάσης
1725 2792 2006 2863 ἀπήλαυσε

339 2878 596 2950 προνοίας
624 2879 659 2949 ἡ
682 2878 791 2932 τῶν
822 2876 1125 2948 ἀνθρώπων
1154 2878 1335 2948 φύσις.
1364 2878 1470 2932 Καὶ
1500 2878 1609 2950 γάρ
1638 2878 1708 2933 T6
1737 2878 2009 2948 γνωστὸν

336 2966 443 3021 τοῦ
470 2966 626 3021 Θεοῦ
639 2964 920 3034 ,φανερὸν
958 2961 1039 3035 ἦν
1068 2966 1291 3032 αὐτοῖς,
1324 2966 1417 3018 καὶ
1444 2965 1496 3018 τί
1528 2966 1627 3036 μέν
1653 2966 1837 3031 καλὸν,
1864 2966 1918 3019 τί
1948 2966 2004 3020 δὲ

337 3053 745 3125 κακὸνῇδεσαν,
773 3052 839 3105 δι’
858 3043 941 3107 ὧν
972 3054 1099 3115 τοὺς
1128 3053 1320 3116 ἀλλους
1342 3052 1565 3123 ἔκριναν
1588 3069 1599 3080 ·
1647 3053 1784 3122 ὅπερ
1816 3052 2000 3106 όνειδίο

337 3143 447 3207 ζων
488 3142 693 3205 αὐτοῖς,
741 3140 947 3210 ἔλεγεν,
987 3140 1068 3194 ὅτι
1126 3142 1230 3195 Ἔν
1272 3133 1319 3207 ᾦ
1360 3142 1582 3208 κρίνεις
1632 3140 1739 3194 τὸν
1777 3140 2002 3210 ἕτερον,

335 3230 600 3285 σεαυτὸν
634 3229 1037 3299 κατακρίνεις.
1100 3229 1222 3283 Ἐπὶ
1264 3228 1320 3283 δὲ
1372 3228 1482 3282 τῶν
1534 3229 1824 3292 Ἰουδαίων,
1868 3228 2005 3299 μετὰ

336 3318 443 3372 τῶν
472 3316 777 3390 εἰρημένων
804 3316 899 3371 καὶ
919 3318 948 3370 6
969 3316 1130 3388 νόμος
1152 3317 1403 3388 ἔστηκεν,
1421 3317 1541 3388 οὐχ).
1566 3316 1822 3388 λογισμὸς
1845 3318 2004 3388 μόνον

335 3406 456 3459 ούδέ
478 3406 803 3477 συνείδησις.
822 3406 978 3469 Τίνος
1004 3405 1059 3457 δὲ
1080 3406 1265 3460 ἕνεκεν
1290 3405 1471 3476 τίθησι
1496 3405 1577 3469 τὸ,
1597 3406 2003 3474 Κατηγορούν-

334 3509 455 3547 των
507 3492 546 3561 ἣ
581 3494 706 3547 καῖ·
737 3492 1283 3562 ἀπολογουμένων;
1338 3493 1402 3545 Et
1448 3492 1556 3565 γάρ
1610 3492 1772 3563 νόμον
1819 3493 2003 3563 έχουσι

335 3580 583 3652 γραπτὸν
623 3579 718 3633 καὶ
761 3581 825 3634 τὸ
865 3580 1025 3652 ἔργον
1051 3581 1075 3620 b
1104 3579 1485 3647 ἐνδείκνυνται,
1530 3582 1581 3634 τί
1611 3581 1720 3652 ἔχει
1753 3599 2003 3652 κατηγο-

336 3669 501 3739 ρῆσαι
542 3666 726 3721 λοιπὸν
766 3670 795 3722 6
838 3666 1125 3738 λογισμός;
1178 3669 1315 3721 Ἀλλ’
1362 3669 1542 3723 οὐκέτι
1594 3670 1722 3742 περὶ
1780 3671 2003 3725 ἐκείνων

336 3748 474 3818 φησὶ⁵
507 3747 590 3811 τὸ,
620 3748 1141 3817 Κατηγορούντων,
1190 3750 1370 3820 μόνον,
1412 3752 1547 3806 ἀλλά
1579 3754 1672 3808 καὶ
1720 3755 1847 3824 περὶ
1903 3755 2003 3826 τῆς

335 3834 551 3904 φύσεως
580 3834 818 3904 ἀπάσης.
849 3835 981 3889 Τότε
1013 3835 1121 3907 γάρ
1154 3839 1447 3908 ἑστήκασιν
1472 3841 1511 3910 ἠ
1522 3839 1638 3910 μῶν
1667 3841 1760 3893 καὶ
1779 3842 1831 3893 οῖ
1852 3840 2001 3910 λογι-

335 3922 485 3992 σμοὶ,
514 3923 562 3975 οί
595 3922 692 3993 μὲν
722 3918 1173 3994 κατηγοροῦντες,
1201 3927 1249 3977 οἰ
1275 3925 1328 3978 δέ
1350 3926 1798 3998 ἀπολογούμενοι,
1822 3929 1913 3981 καὶ
1938 3929 1998 3982 ού

330 4011 501 4065 δεῖται
547 4010 736 4080 ἐτέρου
783 4011 1089 4082 κατηγόρου
1126 4011 1411 4082 άνθρωπος
1443 4013 1529 4066 ἐπ’
1569 4015 1776 4069 ἐκείνου
1809 4015 1903 4069 τοῦ
1931 4015 2001 4069 δι-

332 4093 653 4164 καστηρίου.
685 4089 817 4148 Εἶτα
847 4093 1026 4160 αῠξων
1047 4094 1136 4150 τὸν
1171 4094 1357 4163 φόϐον,
1390 4098 1491 4150 οὐκ
1530 4092 1670 4163 εἷπε,
1703 4099 1783 4155 Τά
1819 4100 2000 4170 ἀμαρ-

329 4182 548 4251 τήματα
609 4180 717 4235 τῶν
766 4180 1088 4254 ἀνθρώπων,
1132 4181 1294 4247 ἀλλὰ,
1351 4183 1427 4238 Td
1464 4184 1699 4253 κρυπτὰ
1730 4184 1850 4239 τῶν
1894 4187 1994 4242 ἀνα

330 4267 600 4334 θρώπων.
638 4268 857 4341 Ἐπειδὴ
890 4270 997 4341 γὰρ
1030 4266 1173 4325 εἷπε·
1212 4270 1424 4341 Aorle
1460 4275 1493 4327 ό
1511 4274 1731 4342 κρίνων
1761 4273 1903 4341 τοὺς
1928 4274 1999 4328 τὰ

322 4355 576 4410 τοιαῦτα
611 4357 1022 4427 πράσσοντας,
1051 4360 1146 4414 καὶ
1195 4359 1382 4415 ποιῶν
1417 4362 1589 4428 αὐτὰ,
1619 4361 1709 4416 ὅτι
1733 4361 1996 4431 ἐκφεύξῃ

328 4437 396 4490 τὸ
416 4439 595 4520 κρῖμα
624 4441 726 4495 τοῦ
755 4442 935 4505 Θεοῦ;
964 4442 1050 4495 ῖνα
1077 4443 1152 4513 μὴ
1173 4443 1430 4513 τοιαύτην
1449 4444 1638 4516 ἐκδέξῃ
1657 4445 1856 4515 ψῆφον,
1880 4446 1997 4499 οἵαν

329 4526 423 4578 καὶ
451 4526 612 4590 αὐτὸς
653 4527 861 4597 φέρεις,
894 4527 1006 4581 ἀλλ’
1049 4528 1186 4599 ῖδης,
1218 4529 1303 4582 ὅτι
1329 4529 1508 4600 πολλῷ
1549 4530 1652 4598 τῆς
1692 4531 1790 4601 σῆς
1830 4531 1993 4603 ἀκρι-

328 4612 561 4683 ϐεστέρα
587 4614 621 4683 ή
639 4612 734 4666 τοῦ
766 4613 926 4672 Θεοῦ,
958 4615 1227 4684 ἐπήγαγε·
1269 4619 1346 4670 Td
1368 4616 1603 4683 ιςρυπτὰ
1626 4616 1742 4670 τῶν
1767 4617 1994 4687 ἀνθρώ-

328 4716 480 4764 πων,
522 4699 618 4753 καὶ
648 4698 958 4770 προσέθηκε
979 4715 994 4731 ·
1045 4700 1208 4755 Κατὰ
1230 4701 1304 4755 ,τὸ
1327 4701 1693 4772 Εὑαγγέλιόν
1708 4720 1857 4772 μου,
1895 4704 1996 4759 δ’ιά

338 4786 546 4856 Ἰησοῦ
569 4788 1166 4859 Χριστοῦ.”Ανθρωποι
1199 4789 1307 4864 γάρ
1335 4790 1442 4842 τῶν
1456 4790 1705 4861 φανερῶν
1732 4792 1994 4862 κάθηνται

324 4876 578 4929 δικασταὶ
614 4875 811 4946 μόνων.
846 4876 1042 4931 Καίτοι
1074 4893 1138 4941 γε
1180 4876 1292 4932 ἀνω
1323 4878 1451 4948 περὶ
1477 4877 1571 4931 τοῦ
1601 4879 1811 4950 Πατρὸς
1841 4880 1992 4950 ἔλεγε

326 4966 512 5038 μόνου,
544 4964 661 5020 ἀλλ’
693 4964 883 5038 ἐπειδὴ
922 4965 1109 5020 λοιπὸν
1143 4966 1341 5029 αὐτοὺς
1389 4965 1677 5020 κατελέανε
1710 4966 1789 5038 τῷ
1823 4970 1990 5042 φόῖῳ,

321 5054 571 5125 ἐπήγαγε
618 5053 713 5108 καὶ
736 5053 849 5107 τὸν
893 5054 1027 5125 περὶ
1072 5053 1165 5107 τοῦ
1219 5052 1453 5124 Χριστοῦ
1500 5052 1689 5123 λόγον·
1732 5056 1825 5109 καὶ
1870 5057 1993 5110 οὐδὲ

320 5139 511 5196 τοῦτον
534 5140 745 5206 ἁπλῶς,
773 5140 910 5196 ἀλλά
940 5142 1034 5195 καλ⁵
1061 5138 1295 5195 ἐνταῦθα
1325 5138 1477 5213 [469]
1503 5140 1597 5194 τοῦ
1616 5142 1827 5213 Πατρὸς
1857 5161 1993 5215 μνη-

324 5227 614 5299 μονεύσας,
639 5227 810 5294 οὕτως
836 5228 997 5284 αὐτὸν
1026 5230 1359 5301 ἐπεισήγαγε
1378 5244 1394 5260 ·
1441 5228 1536 5282 καὶ
1572 5228 1665 5283 τοῦ
1702 5229 1989 5302 κηρύγμαο

320 5330 413 5380 τος
440 5316 496 5369 δὲ
525 5317 585 5371 τὸ
626 5316 844 5388 ἀξίωμα
884 5316 954 5371 δι’
979 5316 1162 5371 αὐτῶν
1188 5315 1439 5389 ἐπαίρει·
1474 5314 1630 5370 τοῦτο
1671 5316 1800 5388 γάρ,
1834 5320 1990 5389 φησὶ,

319 5403 384 5457 τὸ
414 5402 672 5476 κήρυγμα
704 5404 875 5459 ταῦτα
894 5407 1297 5477 προαναφωνεῖ,
1324 5402 1361 5458 ἀ
1388 5402 1738 5474 προλαϐοῦσα
1766 5406 1798 5475 ή
1827 5405 1989 5474 φύσις

319 5488 519 5555 ἔδειξεν
537 5500 585 5545 ε.

386 5583 463 5641 ς’.
480 5572 634 5640 Εἶδες
651 5575 767 5641 πῶς
785 5578 1018 5643 συνετῶς
1033 5578 1128 5634 καὶ
1145 5576 1223 5648 τῷ
1240 5578 1553 5653 Εύαγγελίῳ
1570 5583 1664 5637 καὶ
1678 5583 1755 5655 τῷ
1768 5584 1988 5657 Χριστῷ

318 5665 501 5735 φέρων
534 5665 735 5730 αὐτοὺς
769 5668 1066 5739 προσέδησε
1086 5710 1103 5736 ,
1142 5669 1237 5724 καὶ
1270 5671 1571 5738 ἀπέδειξεν,
1606 5673 1689 5727 ὅτι
1720 5674 1781 5727 ού
1819 5675 1988 5749 μέχρι

317 5752 425 5804 τῶν
468 5750 702 5804 ἐνταῦθα
731 5752 801 5806 τά
840 5755 1084 5827 ἡμέτερα
1122 5757 1352 5822 ἵσταται,
1393 5759 1530 5813 ἀλλά
1570 5759 1745 5814 ὁδεύει
1798 5779 1990 5835 περαι-

378 5891 410 5968 ςὶ
428 5888 1052 5968 Πηξερτῶξδσξδλξιογισμῶν,
1076 5910 1174 5945 non
1191 5898 1337 5948 male.
1406 5900 1433 5940 ι
1456 5899 1574 5961 Alii,
1595 5903 1675 5952 καὶ
1696 5904 1777 5951 τὸν
1814 5906 1979 5968 νόμον.

320 5957 345 5987 ⁸
368 5954 479 6006 Duo
496 5962 596 6000 mss
620 5985 634 6011 ,
661 5951 878 6009 ἐδίδαξεν.

1061 325 1118 380 S.
1154 325 1437 383 JOANNIS
1473 325 1955 384 CIIIW:OS'IOMI
1993 326 2312 385 ARCIIIEP.
2352 331 2897 392 CONSTANTINOP.

2125 444 2299 514 τέρω;
2337 448 2402 501 ’⁸0
2438 451 2531 502 καὶ⁵
2563 451 2719 504 άνωά
2752 452 3153 507 κατεσκεύασεν
3183 450 3375 512 εἰπὼν,
3407 451 3799 521 Θησαυρίζεις

2123 528 2359 595 σεαυτῷ
2392 532 2581 600 ὀργὴν
2630 534 2700 588 ἐν
2730 533 2921 603 ἡμέρᾳ
2962 534 3165 603 ὀργῆς,
3201 534 3296 587 καὶ
3323 534 3556 588 ἐνταῦθα
3606 534 3794 592 πάλιν.

2122 612 2329 677 Κρινεῖ
2349 616 2383 667 ὁ
2431 615 2575 682 Θεὸς
2604 618 2678 671 τὰ
2714 620 2949 686 κρυπτὰ
2985 617 3102 671 τῶν
3129 618 3475 685 ἀνθρώπων.
3518 618 3794 681 ’Ἕκαστος

2117 691 2297 747 τοίνυν
2329 697 2409 760 είς
2435 696 2497 750 τὸ
2516 699 2710 754 ἐαυτοῦ
2735 700 2972 763 συνειδὸς
2991 698 3181 758 ἐλθὼν.
3216 700 3309 752 καὶ
3338 699 3793 769 ἀναλογιζόμενος

2118 774 2185 828 τὰ
2209 778 2674 850 πλημμελήματα,
2701 784 3002 837 άπαιτείτω
3022 782 3119 847 τὰς
3148 782 3379 846 εὐθύνας
3411 783 3601 836 ἐαυτὸν
3630 784 3792 853 ἀκριο

2119 858 2247 921 ϐῶς,
2283 860 2366 913 ἵνα
2406 863 2527 915 τότε
2568 863 2642 935 μὴ
2676 866 3101 936 κατακριθῶμεν
3136 864 3274 935 μετὰ
3304 864 3407 934 τῆς
3439 865 3786 934 οἰκουμένης-

2117 941 2349 1012 Φοϐερὸν
2392 943 2501 1016 γὰρ
2538 949 2713 1000 ἐκεῖνο
2742 949 2805 1001 τὸ
2844 949 3213 1021 δικαστήριον,
3248 948 3478 1019 φρικτὸν
3518 946 3579 999 τὸ
3611 946 3789 1016 βῆμα,

2118 1025 2321 1094 τρόμου
2377 1027 2635 1097 γέμουσιν
2663 1032 2720 1085 αἱ
2774 1030 3018 1097 εύθῦναι,
3060 1031 3231 1103 πυρὸς
3260 1031 3478 1084 ἕλκεται
3506 1030 3784 1099 ποταμός·

2129 1106 2418 1180 Ἀδελφὸς
2470 1114 2543 1167 οὐ
2606 1115 2958 1184 λυτροῦται,
3009 1115 3379 1184 λυτρώσεται
3435 1113 3787 1182 ἄνθρωποςὶ

2129 1189 2529 1265 Ἀναμνήσθητι
2566 1196 2675 1268 γάρ
2721 1198 2831 1252 τῶν
2876 1200 2934 1253 ἐν
2972 1197 3051 1269 τῷ
3098 1196 3417 1267 Εὖαγγελίῳ
3447 1195 3783 1265 λεγομένων,

2114 1274 2224 1327 τῶν
2266 1276 2512 1346 ἀγγέλων
2556 1280 2665 1334 τῶν
2708 1283 3162 1354 περιτρεχόντων,
3215 1280 3311 1333 τοῦ
3364 1279 3648 1350 νυμφῶνος
3676 1278 3784 1332 τοῦ

2115 1359 2558 1435 ἀποκλειομένου,
2592 1366 2703 1422 τῶν
2751 1366 3051 1438 λαμπάδων
3096 1367 3205 1422 τῶν
3259 1366 3336 1438 μὴ
3385 1365 3780 1435 σϐεννυμένων,

2112 1442 2222 1495 τῶν
2246 1444 2530 1518 δυνάμεων
2556 1448 2664 1502 τῶν
2689 1451 2769 1513 είς
2795 1451 2895 1514 τὰς
2922 1450 3183 1518 καμίνους
3215 1447 3511 1502 ἑλκουσῶν.
3543 1448 3784 1501 Κάκεῖνο

2114 1524 2347 1595 λόγισαι,
2386 1531 2470 1584 ὅτι
2503 1533 2559 1586 εἴ
2586 1546 2731 1596 τινος
2770 1533 2928 1605 ήμῶν
2975 1535 3201 1604 πρᾶγμα
3230 1529 3473 1601 κρυπτὸν
3502 1530 3581 1592 εἰς
3616 1529 3783 1598 μέσον

2113 1611 2314 1684 ὲνήχθη
2340 1615 2581 1686 τήμερον
2606 1617 2701 1671 ἐπὶ
2732 1620 2830 1688 τῆς
2854 1616 3146 1687 ἐκκλησίας
3182 1615 3369 1686 μόνης,
3407 1612 3526 1675 πῶς
3553 1610 3618 1665 ἂν
3644 1612 3780 1665 ἀπο-

2113 1692 2301 1749 λέσθαι
2347 1699 2440 1751 καὶ
2480 1698 2579 1771 τὴν
2602 1699 2717 1769 1γῆν
2758 1700 2906 1770 αύτῷ
2933 1700 3215 1771 διαστῆναι
3255 1698 3459 1770 ηὔξατο
3487 1698 3709 1765 μᾶλλον,
3744 1698 3779 1766 ἦ

2112 1781 2396 1845 τοσούτους
2425 1781 2706 1855 μάρτυρας
2735 1782 2837 1852 τῆς
2867 1783 3063 1846 κακίας
3092 1785 3265 1853 σχεῖνί
3300 1784 3366 1836 Τί
3390 1778 3483 1837 οὖν
3513 1783 3630 1836 τότε
3661 1798 3782 1834 πει-

2114 1862 2341 1933 σόμεθα,
2385 1865 2514 1917 ὅταν
2558 1865 2651 1919 ἐπὶ
2699 1868 2798 1929 τῆς
2843 1866 3171 1936 οἰκουμένης
3222 1868 3304 1929 εἰς
3355 1865 3516 1936 μέσον
3558 1864 3779 1917 ἅπαντα

2113 1945 2349 2017 φέρηται
2381 1948 2438 1999 ἐν
2461 1946 2687 2019 τοιούτῳ
2715 1947 2928 2020 θεάτρῳ
2960 1947 3197 2019 λαμπρῷ
3222 1949 3317 2003 καὶ
3344 1949 3648 2017 περιφανεῖ,
3676 1946 3776 1998 καὶ

2110 2026 2218 2081 τῶν
2255 2028 2546 2099 γνωρίμων
2588 2030 2681 2083 καὶ
2702 2091 2709 2096 _
2727 2030 2839 2084 τῶν
2873 2030 3166 2101 ἀγνώστων
3211 2033 3339 2103 ήμῖν
3375 2032 3590 2085 ἀπαντα
3632 2044 3771 2081 κατ-

2110 2110 2477 2176 οπτευόντων;
2508 2111 2647 2165 Ἀλλ’
2659 2113 2803 2183 οῐμοι
2821 2114 2982 2168 πόθεν
3001 2112 3382 2183 ἀναγκάζομαι
3395 2111 3577 2182 φοϐεῖν
3594 2111 3772 2180 ὑμᾶξς

2111 2193 2219 2248 ἀπὸ
2242 2196 2340 2267 τῆς
2376 2196 2485 2250 τῶν
2504 2196 2811 2268 ἀνθρώπων
2839 2197 3177 2268 ὑπολήψεως,
3205 2196 3324 2249 δέον
3343 2194 3452 2250 ἀπὸ
3477 2194 3571 2249 τοῦ
3605 2193 3773 2264 φόϐου

2109 2278 2206 2332 τοῦ
2234 2279 2391 2347 Θεοῦ,
2428 2280 2525 2334 καὶ
2555 2282 2655 2352 τῆς
2694 2280 2887 2335 ἑαυτοῦ
2935 2279 3333 2349 καταγνώσεως
3363 2279 3522 2334 τοῦτο
3561 2281 3774 2343 ποιεῖν;

2111 2360 2268 2425 Τίνες
2305 2361 2414 2433 γάρ
2444 2362 2698 2434 ἐσόμεθα,
2731 2363 2853 2416 εἰπέ
2890 2380 3001 2434 μοι,
3035 2363 3177 2425 τότε,
3203 2363 3332 2416 ὅταν
3367 2360 3633 2425 δεθέντες.
3665 2360 3775 2413 τῶν

2109 2444 2337 2499 ὀδόντων
2360 2445 2686 2517 βρυχόντων,
2714 2448 2792 2511 είς
2813 2446 2876 2500 τὸ
2900 2445 3222 2518 ἐξώτετερον
3256 2443 3519 2516 ἀγώμεθα
3550 2443 3772 2508 σκότος;

2112 2532 2313 2603 μᾶλλον
2351 2533 2408 2587 δὲ
2460 2533 2511 2587 τί
2547 2534 2866 2606 ποιήσομεν,
2904 2534 2933 2587 6
2966 2534 3183 2588 πάντων
3210 2533 3327 2586 ἐστὶ
3374 2530 3770 2603 φοϐερώτερον,

2106 2617 2235 2671 ὅταν
2266 2617 2345 2688 τῷ
2374 2618 2493 2689 Θεῷ
2523 2619 3023 2693 προσκρούσωμεν;
3057 2619 3118 2671 El
3148 2617 3257 2687 γάρ
3278 2633 3361 2680 τις
3384 2614 3635 2685 αἴσθησιν
3660 2615 3773 2685 ἔχει

2108 2703 2203 2754 καὶ
2237 2700 2383 2766 νοῦν,
2411 2704 2512 2773 ήδη
2541 2703 2635 2757 καὶ
2660 2703 2756 2775 τὴν
2788 2702 3011 2771 γέενναν
3039 2703 3348 2772 ὑπέμεινεν,
3375 2700 3503 2754 δταν
3523 2699 3581 2764 ἐξ
3597 2698 3774 2769 ὅψεως

2107 2784 2334 2857 γένηται
2384 2785 2478 2840 τοῦ
2532 2785 2702 2857 Θεοῦ·
2748 2786 2864 2840 ἀλλ’
2912 2787 3098 2857 ἐπειδὴ
3146 2786 3304 2857 τοῦτο
3333 2786 3433 2857 ούκ
3461 2786 3641 2857 ὀδυνᾷ,
3669 2784 3774 2857 *διά

2106 2839 2266 2909 ’ξυῦέο
2296 2857 2510 2925 ἠπείλει
2540 2839 2651 2928 πῦρ
2671 2867 2715 2911 ε.
2743 2839 2851 2910 Καῖ
2880 2839 3198 2927 γάρίέχρῆν,
3234 2856 3334 2926 οὐχ
3366 2856 3494 2909 ὅταν
3528 2839 3771 2917 κολαζώ-

2110 2937 2271 3007 μεθα,
2328 2940 2533 3008 ἀλγεῖν,
2576 2939 2691 2994 ἀλλ’
2718 2940 2844 2995 ὅταν
2879 2940 3308 3011 ἀμαρτάνωμεν.
3346 2940 3611 2992 Ἄκουσον
3638 2936 3775 3005 γοῦν

2104 3018 2199 3074 τοῦ
2230 3021 2444 3075 Παύλου
2483 3020 2806 3095 θρηνοῦντος
2833 3024 2929 3076 καὶ
2972 3022 3379 3094 ἀποδυρομένου
3404 3022 3545 3093 ὑπὲρ
3586 3021 3773 3091 ἀμαρ-

2105 3105 2385 3174 τημάτων,
2440 3099 2517 3160 ὧν
2549 3107 2650 3160 οὐκ
2682 3106 2873 3177 ἔμελλε
2920 3105 3109 3162 δώσειν
3158 3107 3334 3178 δίκην.
3365 3107 3449 3160 Οὐ
3492 3104 3605 3175 γάρ
3652 3108 3771 3174 ειμι

2105 3189 2332 3255 ἱκανὸς,
2359 3191 2512 3259 φησὶ,
2548 3190 2866 3246 καλεῖσθαι
2894 3190 3261 3256 ἀπόστολος,
3294 3188 3385 3243 ὅτι
3413 3188 3629 3253 ἐδίωξα
3653 3188 3772 3255 τὴν

2118 3271 2511 3341 Ἐκκλησίαν.
2552 3275 2817 3328 ’Ἄκουσον
2862 3274 2995 3343 γοῦν
3049 3273 3144 3328 καὶ
3186 3270 3282 3325 τοῦ
3324 3271 3488 3326 Δαυῖδ
3535 3272 3635 3343 τῆς
3670 3272 3772 3342 μὲν

2106 3356 2376 3422 κολάσεως
2420 3358 2864 3430 ἀπηλλαγμένου,
2912 3358 3099 3429 ἐπειδὴ
3153 3357 3211 3410 δέ
3254 3359 3471 3427 ἐνόμισε
3523 3356 3602 3426 τῷ
3650 3355 3772 3426 Θεῷ

2106 3443 2627 3514 προσκεκρουκέναι,
2658 3444 2758 3515 τὴν
2786 3443 3053 3515 τιμωρίαν
3084 3441 3203 3495 καθ’
3239 3439 3434 3494 ἐαυτοῦ
3479 3438 3772 3504 καλοῦντος

2106 3528 2200 3580 καὶ
2224 3528 2473 3598 λέγοντος
2492 3547 2505 3561 ·
2538 3528 2816 3586 Γενέσθω
2838 3531 2876 3598 ἠ
2906 3527 3037 3597 χεῲ
3067 3542 3184 3580 σου
3215 3525 3286 3579 ἐν
3305 3523 3454 3594 ἐμοὶ,
3477 3523 3576 3577 καὶ
3595 3525 3665 3577 έν
3687 3524 3771 3591 τῷ

2103 3612 2246 3680 οικῳ
2277 3613 2384 3668 τοῦ
2421 3614 2646 3683 πατρός
2679 3631 2819 3682 μου.
2858 3612 2931 3665 Τὸ
2969 3612 3077 3683 γὰρ
3115 3608 3490 3681 προσκροῦσαι
3522 3608 3599 3680 τῷ
3627 3608 3768 3680 Θεῷ,

2102 3694 2196 3749 τοῦ
2222 3695 2547 3767 κολασθῆναι
2579 3696 2977 3767 χαλεπώτερον.
3008 3694 3121 3748 Νῦν
3148 3694 3206 3748 δὲ
3233 3691 3405 3757 οὕτως
3428 3692 3627 3756 ἀθλίως
3649 3692 3772 3747 δια-

2104 3779 2354 3848 κείμεθα,
2395 3778 2470 3843 ὡς
2513 3781 2562 3833 εί
2606 3778 2681 3849 μὴ
2718 3778 2942 3848 γεέννης
2972 3778 3135 3847 φόϐος
3167 3772 3257 3849 ἦν,
3292 3776 3425 3846 μηδὲ
3455 3775 3522 3829 ἂν
3550 3775 3769 3829 ἑλέσθαι

2102 3864 2309 3934 ταχέως
2344 3863 2565 3935 ποιῆσαί
2592 3880 2645 3917 τι
2677 3863 2859 3917 καλόν.
2897 3862 3097 3932 Διόπερ
3125 3861 3175 3913 εἰ
3204 3861 3297 3914 καὶ
3326 3858 3551 3930 μηδενὸς
3583 3858 3771 3910 ἕνεκεν

2103 3947 2312 4020 ἐτέρου,
2355 3948 2543 4002 τούτου
2588 3964 2653 4017 γε
2700 3947 2886 4001 ἕνεκεν
2932 3944 3153 4013 γεέννης
3182 3943 3247 3998 ἂν
3294 3939 3435 4015 ἦμεν
3471 3942 3634 4009 ἄξιοι,
3668 3942 3769 4014 τὴν

2101 4032 2325 4101 γέενναν
2374 4020 2575 4104 μᾶλλον
2621 4032 2717 4087 τοῦ
2753 4030 2991 4102 Χριστοῦ
3037 4028 3383 4101 φοϐούμενοι.
3441 4027 3579 4082 Ἀλλ’
3608 4030 3707 4100 οὐχ
3739 4032 3769 4083 6

2104 4116 2374 4186 μακάριος
2404 4114 2614 4180 Παῦλος
2655 4114 2850 4179 οὕτως,
2883 4113 2999 4168 ἀλλ’
3030 4113 3421 4183 ἀντιστρόφως.
3463 4111 3680 4182 Ἐπειδὴ
3709 4111 3769 4165 δὲ

2099 4203 2262 4272 ἡμεῖς
2297 4202 2519 4273 ἑτέρως,
2568 4199 2659 4253 διὰ
2697 4198 2854 4254 τοῦτο
2900 4200 2967 4269 τῇ
3020 4197 3210 4269 γεέννῃ
3256 4195 3765 4269 καταδικαζόμεθα·

2098 4286 2172 4350 ὡς
2204 4287 2258 4340 εί
2286 4303 2352 4355 γε
2374 4285 2465 4340 τὸν
2485 4284 2722 4356 Χριστὸν
2749 4283 3060 4355 ἐφιλοῦμεν,
3092 4282 3241 4356 [470]
3273 4282 3350 4347 ὡς
3374 4281 3546 4353 φιλεῖν
3575 4283 3764 4354 ἐχρῆν,

2099 4368 2342 4440 ἔγνωμεν
2376 4369 2464 4433 ἂν,
2499 4371 2581 4423 ὃτι
2610 4369 2838 4439 γεέννης
2878 4364 3253 4439 χαλεπώτερον
3283 4366 3345 4420 τὸ
3387 4367 3765 4438 προσκροῦσαι

2098 4452 2177 4523 τῷ
2206 4451 2541 4529 φιλουμένῳ·
2584 4451 2773 4522 ἐπειδὴ
2812 4450 2867 4504 δὲ
2905 4450 2965 4505 ού
3015 4448 3297 4521 φιλοῦμεν,
3323 4449 3425 4502 ούκ
3471 4449 3629 4520 ἴσμεν
3666 4450 3766 4520 τῆς

2100 4535 2373 4600 κολάσεως
2411 4535 2612 4606 ταύτης
2654 4534 2715 4588 τὸ
2764 4534 3009 4607 μέγεθος.
3048 4534 3158 4589 Καὶ
3202 4532 3358 4588 τοῦτό
3390 4534 3559 4594 ἐστιν,
3592 4533 3621 4586 6
3657 4535 3765 4604 μάο

2097 4617 2254 4672 λιστα
2282 4617 2546 4690 ὀδύρομαι
2593 4618 2689 4671 καὶ
2734 4616 2936 4689 θρηνῶ.
2991 4617 3183 4670 Καίτοι
3214 4615 3264 4669 τί
3291 4616 3391 4669 οὒκ
3441 4615 3696 4685 ἐποέησεν
3735 4617 3766 4668 6

2096 4703 2247 4768 Θεὸς,
2278 4702 2418 4757 ὥστε
2468 4701 2761 4773 φιληθῆναι
2807 4699 2937 4769 παρ’
2979 4698 3165 4770 ήμῶν;
3198 4697 3250 4752 τί
3278 4697 3334 4751 δέ
3366 4697 3465 4751 οὒκ
3484 4697 3765 4768 ἐμηχανήο

2100 4802 2266 4851 σατο;
2325 4786 2378 4839 τί
2407 4785 2465 4839 δέ
2496 4783 2835 4855 παρέλιπενξ
2885 4780 3219 4852 ’Υϐρίσαμεν
3248 4780 3411 4834 αὐτὸν
3447 4779 3615 4851 μηδὲν
3648 4779 3767 4849 ηδι-

2097 4868 2328 4939 κηκότα,
2359 4865 2497 4921 ἀλλὰ
2524 4866 2618 4918 καὶ
2654 4864 3088 4935 εὐεργετήσαντα
3138 4862 3308 4933 μυρία
3348 4862 3446 4916 καὶ
3472 4861 3764 4932 ἀπόρρητα

2095 4952 2299 5022 ἀγαθά,
2332 4950 2766 5022 ἀπεστράφημεν
2793 4946 3064 5003 καλοῦντα
3102 4946 3195 5001 καὶ
3227 4945 3566 5017 πανταχόθεν
3603 4946 3763 5014 ἐφελ-

2095 5035 2346 5106 κόμενον,
2398 5033 2491 5087 καὶ
2527 5032 2649 5085 ούδέ
2693 5030 2867 5093 οὕτως
2910 5031 3060 5101 ήμᾶς
3093 5027 3373 5091 ἐκόλασεν,
3420 5028 3558 5082 ἀλλά
3588 5044 3761 5099 προσ.

2094 5117 2328 5189 έδραμεν
2352 5114 2533 5178 αὐτὸς,
2572 5113 2670 5168 καὶ
2714 5113 2947 5182 κατέσχε
2970 5111 3288 5181 φεύγοντας,
3315 5111 3408 5166 καὶ
3433 5111 3767 5178 ἀπετιναξάο

2096 5198 2239 5271 μεθα
2277 5199 2375 5253 καὶ
2434 5197 2572 5269 πρὸς
2612 5196 2704 5251 τὸν
2740 5195 2985 5250 διάϐολον
3016 5194 3481 5267 ἀπεπηδήσαμεν·
3517 5194 3611 5248 καὶ
3638 5195 3765 5251 οὐδὲ

2090 5281 2265 5346 οὕτως
2304 5281 2537 5352 ἀπέστη,
2598 5280 2713 5335 ἀλλ’
2752 5279 2966 5350 ἔπεμψε
3021 5279 3248 5351 μυρίους
3306 5278 3766 5350 παρακαλοῦντας

2095 5367 2276 5433 πάλιν,
2319 5367 2624 5437 προφήτας,
2653 5364 2941 5434 ἀγγέλους,
2985 5362 3359 5434 πατριάρχας·
3407 5364 3571 5434 ἡμεῖς
3604 5361 3663 5415 δὲ
3697 5366 3763 5416 οὐ

2093 5451 2253 5521 μόνον
2288 5450 2389 5503 οὐκ
2421 5446 2720 5518 ἐδεξάμεθα
2754 5446 2853 5518 τὴν
2890 5446 3208 5516 πρεσϐείαν,
3234 5444 3371 5498 ἀλλά
3402 5445 3496 5497 καὶ
3527 5444 3764 5515 ὑϐρίσα-

2001 5520 2020 5560 ’ί
2092 5520 2193 5603 μεν
2220 5532 2346 5594 τοὺς
2367 5530 2642 5593 ἐλθόντας.
2675 5529 2736 5582 Ὀ
2762 5529 2819 5582 δὲ
2845 5527 2965 5581 οὐδὲ
3000 5527 3093 5581 ἐπὶ
3132 5526 3342 5590 τούτοις
3370 5527 3519 5597 ἡμᾶς
3541 5526 3767 5583 διέπτυ-

2091 5633 2201 5679 σεν,
2227 5613 2339 5670 ἀλλ’
2371 5613 2560 5685 ῶσπερ
2592 5612 2644 5665 οἱ
2676 5610 2896 5681 σφοδροὶ
2927 5610 3037 5663 τῶν
3065 5607 3312 5679 ἐραστῶν
3337 5608 3450 5662 τῶν
3476 5625 3762 5681 καταςρο-

2088 5698 2384 5769 νουμένων,
2432 5694 2649 5766 περιῄει
2686 5696 2850 5749 πᾶσιν
2894 5694 3262 5764 ἐντυγχάνων,
3293 5692 3374 5764 τῷ
3405 5694 3641 5765 οὐρανῷ,
3693 5699 3761 5766 τῇ

2087 5784 2180 5853 τῇ·
2208 5779 2284 5851 τῷ
2331 5780 2590 5851 Ἱερεμίῖι
2630 5777 2708 5848 τῷ
2746 5776 2977 5848 Μιχαίᾳ,
3003 5777 3101 5846 οὐχ
3132 5775 3217 5828 ἵνα
3248 5776 3484 5849 βαρήσῃ.
3516 5775 3633 5830 ἀλλ’
3667 5776 3765 5832 ἶνα.

2150 5971 2176 6013 ἆ
2209 5970 2287 6020 Al.
2311 5968 2552 6032 ἀνωτέρω.
2614 5970 2633 5991 ⁸
2660 5969 2759 6020 Ᾱίὶἰ
2780 5968 3033 6026 ἠπείληται
3074 5967 3186 6031 πῦρ.
