4144 6146
505 333 610 392 429

498 462 583 512 cst
610 455 663 509 in
684 449 970 522 apostolica
999 447 1086 501 illa
1118 444 1418 516 prudentia,
1454 441 1506 498 id
1536 455 1677 496 nunc
1715 437 1906 493 merito
1934 435 2080 490 dica-

1599 327 1665 384 IN
1706 323 1920 382 EPIST.
1962 321 2052 378 AD
2092 319 2254 378 ROM.
2298 323 2528 382 ιιωιιι.
2573 326 2634 383 ν.

3657 335 3762 390 430

2187 434 2414 491 tenderit
2455 449 2632 492 nostra
2664 451 2768 492 non
2815 455 2934 496 esse
2981 444 3324 512 prmaentimu
3373 445 3628 502 limitibus
3655 451 3760 503 cir-

498 555 602 600 tur.
667 543 801 598 Cum
859 540 1002 596 enim
1065 538 1377 609 probatione
1441 535 1599 588 allata
1656 531 2080 586 demonstrasset
2177 528 2550 598 cutnscripta,
2583 530 2676 585 sed
2730 531 2864 586 ultra
2914 535 3246 603 procedere?
3292 535 3344 590 ltl
3401 540 3543 608 quod
3597 541 3758 596 etiam

495 639 750 706 majorem
777 648 898 690 esse
923 631 1167 688 Graecum
1194 629 1401 694 Judtco,
1436 643 1489 680 tn
1520 625 1838 681 collectione
1863 632 1916 677 et
1942 635 2075 676 cono

491 727 732 784 clusione
757 725 1025 780 rationum
1060 723 1161 776 hoc
1188 735 1293 774 non
1325 717 1492 788 ponit,
1520 725 1574 770 ιιι
1605 731 1671 770 ne
1694 714 1936 770 Judaeum
1981 726 2062 765 cx-

489 825 722 886 asperet.
753 814 1014 869 lltatttem
1043 811 1116 875 id,
1142 811 1280 880 quod
1310 809 1441 870 dixi,
1468 807 1663 861 clarius
1691 804 1932 867 reddam,
1957 802 2070 872 ipsa

491 909 650 964 verba
681 906 906 962 referam
932 903 1244 973 apostolica.
1267 901 1398 968 Quia
1421 899 1561 954 enim
1590 897 1718 950 dixit
1749 912 1763 948 :
1792 893 1912 947 Non
1937 892 2070 946 enim

487 1000 749 1052 auditores
775 997 918 1067 legis,
951 994 1038 1050 sed
1065 994 1282 1064 factores
1309 991 1433 1061 legis
1450 987 1908 1060 justi/icabuntur;
1935 999 2065 1040 con-

487 1105 719 1161 sequens
743 1100 859 1145 erat
889 1097 949 1142 ut
983 1087 1208 1150 diceret,
1237 1082 1361 1138 Cum
1392 1083 1523 1135 enim
1548 1089 1740 1150 gentes,
1770 1093 1882 1148 quae
1908 1077 2066 1146 legem

488 1197 590 1234 non
628 1179 833 1244 habent,
882 1176 1180 1231 naturaliter
1219 1189 1334 1241 qua:
1373 1171 1496 1242 legis
1537 1179 1652 1224 sunt
1688 1169 1901 1240 faciunt,
1943 1166 2068 1219 hinc

488 1271 738 1324 meliores
781 1277 904 1322 sunt
933 1269 1038 1323 illis
1076 1265 1166 1336 qui
1197 1279 1229 1318 a
1269 1265 1382 1332 lege
1417 1262 1696 1318 docentur.
1737 1260 1929 1315 Verum
1958 1273 2064 1313 nou

489 1361 590 1416 hoc
611 1361 757 1423 dicit,
777 1359 870 1414 sed
897 1361 948 1413 in
972 1359 1248 1429 gentilium
1276 1356 1432 1410 laude
1456 1354 1720 1418 consistit,
1739 1367 1908 1422 neque
1932 1351 2068 1406 inte-

487 1455 584 1508 rim
617 1468 919 1507 sermonem
947 1466 1042 1520 per
1064 1451 1519 1519 comparationem
1549 1445 1907 1516 prosequitur,
1933 1451 2066 1497 utet

484 1547 562 1599 sic
589 1545 804 1599 Jndteus
842 1543 984 1614 quod
1023 1543 1220 1598 dicitur
1256 1541 1520 1595 admittat.
1561 1537 1688 1592 Ideo
1728 1553 1834 1592 non
1875 1537 1952 1592 sic
1982 1537 2064 1590 lo-

483 1651 552 1704 qu
577 1645 678 1688 itus
707 1644 810 1702 est,
843 1646 894 1688 ut
926 1634 1033 1688 dixi
1061 1649 1076 1698 ;
1108 1633 1202 1688 sed
1233 1632 1546 1702 quomodo?
1573 1628 1698 1684 Cum
1728 1629 1858 1682 enim
1894 1639 2064 1699 gentes

482 1743 595 1792 qua:
622 1727 782 1798 legem
821 1743 922 1780 non
963 1725 1167 1789 habent,
1213 1725 1510 1778 naturaliter
1543 1739 1602 1776 ea
1641 1737 1756 1792 qua:
1792 1721 1914 1792 legis
1948 1732 2064 1776 sunt

483 1821 712 1888 faciunt;
740 1819 820 1872 Ita:
845 1817 1002 1887 legent
1044 1832 1146 1870 non
1181 1817 1438 1881 habentes,
1485 1814 1580 1869 sibi
1614 1815 1737 1884 ipsis
1780 1823 1897 1868 sunt
1933 1813 2016 1867 lex
2045 1829 2063 1867 :

479 1912 564 1976 qui
592 1911 860 1964 ostendunt
888 1926 1017 1978 opus
1041 1909 1165 1979 legis
1193 1909 1441 1977 scriptum
1471 1907 1524 1960 in
1547 1907 1786 1961 cordibus
1815 1907 1940 1973 suis,
1983 1917 2056 1960 te-

479 2003 769 2056 stimonium
796 2002 1035 2055 reddente
1062 2001 1166 2054 illis
1193 1999 1517 2054 conscientia.
1553 1997 1760 2053 Sufficit
1790 1999 1934 2054 enim
1963 2016 2060 2068 pro

481 2096 596 2164 lege
642 2093 968 2148 conscientia
1003 2101 1059 2147 et
1103 2092 1378 2161 cogitatio.
1415 2091 1505 2145 llis
1543 2091 1775 2146 ostendit
1824 2107 2056 2155 rursum,

484 2185 650 2238 lteum
680 2183 872 2238 fecisse
901 2184 1169 2238 hominem
1199 2184 1264 2236 ad
1295 2184 1544 2238 virtutem
1573 2183 1871 2249 eligendam
1903 2191 1957 2238 et
1977 2184 2058 2237 vi-

483 2276 610 2327 tium
641 2273 946 2342 fugiendum
985 2273 1084 2327 sibi
1121 2273 1497 2328 Sttfl‘tcieutem.
1537 2275 1603 2328 Et
1638 2289 1705 2329 tte
1749 2273 1980 2338 mireris,
2013 2274 2066 2327 si

479 2374 569 2416 aut
600 2367 679 2418 bis
707 2372 799 2417 aut
829 2373 908 2418 ter
931 2375 1022 2418 aut
1049 2365 1246 2433 pluries
1274 2365 1322 2418 id
1351 2365 1538 2433 probet
1565 2381 1578 2417 :
1609 2365 1895 2419 admodutu
1915 2366 2063 2418 enim-

479 2455 578 2522 ipsi
605 2455 703 2507 hoc
728 2464 886 2525 caput
914 2455 1275 2509 necessarium
1307 2465 1419 2509 erat
1451 2466 1668 2524 propter
1688 2471 1782 2510 eos
1806 2457 1896 2525 qui
1922 2456 2059 2510 dice-

479 2545 603 2598 haut
631 2566 641 2596 ;
676 2544 781 2599 Cur
802 2560 940 2599 nunc
969 2544 1218 2599 (lhrisms
1243 2545 1452 2599 advenit
1476 2547 1499 2597 ‘t
1524 2553 1579 2599 et
1615 2545 1828 2599 ubinam
1867 2547 2059 2615 priscis

481 2635 804 2705 temporibus
829 2644 970 2690 tanta
994 2636 1082 2690 illa
1115 2636 1444 2718 providentia
1476 2636 1628 2690 erat?
1650 2636 1922 2690 Adversus
1960 2636 2060 2691 hos

478 2741 617 2780 nunc
653 2743 774 2780 cum
821 2727 1043 2796 carptim
1090 2736 1394 2796 pugnasset,
1439 2725 1674 2780 ostendit
1713 2727 1872 2780 etiam
1918 2726 2058 2795 quod

480 2817 666 2884 priscis
697 2819 1049 2887 temporibus,
1094 2829 1146 2872 et
1177 2829 1460 2888 antequam
1499 2819 1583 2873 lex
1611 2819 1852 2882 daretur,
1889 2819 2059 2872 ltomi~

478 2927 604 2964 num
647 2921 836 2967 natura
883 2912 1191 2966 omnimoda
1231 2912 1562 2981 providentia
1599 2912 1881 2982 gaudebat.
1925 2911 2056 2966 Nam

481 3003 633 3068 Quod
663 3013 835 3056 notum
877 3012 950 3058 est
993 3001 1110 3069 Dei,
1149 3004 1469 3072 titanifestum
1498 3012 1606 3056 erat
1639 3005 1692 3056 in
1735 3003 1874 3070 illis;
1917 3003 2056 3058 scie-

479 3094 708 3163 bautque
735 3094 859 3163 quid
889 3095 1110 3158 bonum,
1139 3093 1264 3164 quid
1293 3094 1488 3148 malum
1517 3104 1681 3160 esset,
1713 3110 1807 3162 per
1841 3109 1960 3163 qua:
1991 3094 2059 3148 de

476 3186 596 3240 aliis
617 3187 946 3256 judicabant.
978 3186 1030 3240 Id
1064 3188 1168 3242 illis
1196 3187 1536 3257 exprobrans
1562 3187 1771 3243 dicebat
1801 3205 1814 3242 :
1852 3186 1916 3241 In
1957 3204 2057 3257 quo

472 3277 675 3348 judicas
697 3277 872 3342 alium,
903 3279 1116 3347 teipsum
1137 3280 1443 3333 condemnas
1463 3277 1680 3348 (Matth.
1704 3279 1754 3332 7.
1773 3277 1854 3346 2).
1878 3279 2058 3345 Quatt-

480 3378 588 3420 ttnn
619 3367 684 3420 ad
711 3367 945 3432 indutos,
977 3385 1098 3422 cum
1141 3369 1226 3434 iis,
1257 3385 1376 3439 quae
1418 3385 1577 3438 supra
1605 3369 1742 3424 dicta
1785 3380 1929 3436 sunt,
1971 3370 2056 3426 lex

475 3459 681 3524 aderat,
722 3475 820 3514 nec
853 3462 1024 3514 solum
1072 3461 1408 3516 ratiocinatio
1451 3463 1531 3517 vel
1569 3463 1922 3519 conscientia.
1952 3463 2058 3519 Cur

475 3560 652 3605 autem
683 3551 781 3605 hoc
808 3551 980 3617 affert,
1014 3553 1373 3608 Accusantibus
1393 3555 1470 3608 vel
1496 3556 1646 3608 ctiam
1666 3557 2058 3611 excusantibus?

475 3641 532 3696 Si
560 3641 702 3696 enim
745 3642 914 3712 legem
956 3642 1156 3698 habent
1199 3645 1474 3714 scriptam,
1516 3655 1570 3700 et
1609 3661 1743 3716 opus
1778 3647 2054 3712 exhibent,

475 3731 599 3799 quid
622 3739 705 3787 est
729 3732 871 3802 quod
889 3748 1144 3789 accusare
1167 3735 1336 3804 possit
1363 3736 1740 3791 ratiocinium?
1767 3739 1834 3792 At
1859 3753 1966 3792 non
1989 3739 2058 3794 de

478 3823 580 3878 illis
611 3833 813 3879 tantum
844 3825 1040 3879 dicitur
1069 3825 1222 3894 illttd,
1252 3825 1636 3892 Accusantibus,
1668 3829 1762 3884 sed
1793 3829 1952 3883 etiam
1991 3829 2058 3886 de

479 3923 586 3968 tota
615 3923 822 3969 natura.
854 3915 1004 3971 Tune
1029 3917 1171 3972 enim
1197 3916 1388 3972 adsunt
1431 3919 1704 3973 ratiocinia
1728 3936 1742 3984 ;
1773 3920 1875 3974 alia
1901 3935 2058 3976 accu-

476 4015 616 4070 sant,
648 4007 750 4061 alia
793 4006 1138 4064 defendunt:
1183 4018 1343 4079 atque
1397 4010 1450 4064 iu
1507 4011 1598 4066 illo
1638 4013 1887 4068 tribunali
1949 4029 2055 4069 non

480 4097 641 4154 habet
678 4114 814 4169 opus
844 4099 1004 4155 homo
1043 4101 1152 4156 alio
1195 4113 1529 4159 accusatore.
1570 4104 1769 4160 Deinde
1807 4106 2054 4162 timorem

477 4205 700 4260 augens,
745 4206 848 4246 non
879 4192 1030 4258 dixit,
1079 4193 1300 4248 Peecata
1340 4194 1636 4261 hominum,
1683 4197 1800 4262 sed,
1845 4196 2058 4251 Occulta

482 4284 757 4336 hominum.
796 4284 1081 4354 Postquam
1114 4287 1254 4340 enim
1290 4287 1419 4340 dixit
1454 4305 1466 4339 :
1501 4285 1780 4342 Existimas
1801 4289 1885 4358 qui
1913 4289 2059 4359 judi-

478 4389 566 4426 cus
594 4389 677 4428 eos
705 4374 790 4444 qui
819 4374 942 4428 talia
967 4375 1180 4446 faciunt,
1211 4384 1256 4428 et
1278 4376 1404 4444 facis
1431 4391 1510 4440 ea,
1533 4377 1670 4445 quod
1696 4377 2058 4448 effugicsjudi-

479 4464 612 4517 cium
660 4461 794 4517 Dei?
825 4475 880 4520 ut
921 4480 990 4519 ne
1031 4465 1192 4519 talem
1237 4466 1468 4534 accipias
1511 4466 1795 4531 calculum,
1845 4470 2055 4538 qualem

483 4556 596 4623 ipse
627 4555 755 4619 fers,
806 4557 899 4612 scd
950 4559 1234 4626 intelligas,
1283 4560 1600 4612 sententiam
1647 4559 1738 4615 Dei
1770 4569 1854 4614 tua
1900 4562 2058 4633 longe

481 4646 803 4700 exactiorem
832 4663 974 4715 esse,
1005 4648 1299 4718 subjunxit,
1327 4648 1538 4703 Occulta
1559 4651 1858 4719 hominum;
1887 4661 1939 4707 et
1965 4653 2060 4707 ad-.

475 4736 624 4804 jeeit,
659 4736 950 4792 Secundum
979 4738 1290 4809 euangelium
1341 4755 1525 4802 meum,
1566 4757 1655 4809 pcr
1689 4740 1866 4795 Jesum
1905 4741 2057 4797 Citri-

477 4836 630 4880 stum.
683 4827 937 4883 llomincs
985 4830 1128 4884 enim
1176 4845 1354 4884 rerum
1412 4831 1808 4886 manilestarum
1857 4842 2056 4888 tantum

477 4916 682 4982 judices
712 4918 920 4972 sedent.
966 4922 1126 4988 Atqui
1157 4936 1314 4992 supra
1345 4919 1415 4976 de
1441 4921 1600 4976 Patre
1631 4933 1834 4977 tantum
1872 4925 2057 4994 loque-

483 5008 634 5062 batur
666 5025 680 5062 :
708 5024 829 5064 cum
852 5019 1028 5064 autent
1057 5011 1182 5066 illos
1207 5014 1396 5068 timore
1421 5014 1790 5078 entollivisset,
1818 5015 1886 5071 de
1903 5015 2062 5072 Chri-

480 5107 564 5154 sto
594 5115 898 5156 sermonem
947 5101 1185 5168 induxit;
1220 5119 1392 5173 neque
1427 5106 1570 5161 hunc
1599 5108 1932 5177 simpliciter,
1965 5110 2059 5164 sed

479 5191 640 5245 etiam
671 5191 758 5246 hic
781 5207 900 5246 eum
933 5192 1144 5248 Patrem
1186 5208 1556 5263 memorasset,
1596 5201 1674 5254 sic
1708 5201 1858 5256 illum
1907 5201 2061 5257 indu-

483 5283 558 5336 xit
587 5301 600 5336 :
629 5292 682 5338 et
724 5282 1122 5352 prtedicationis
1159 5285 1468 5354 dignitatem
1517 5305 1613 5358 per
1659 5291 1776 5344 illos
1819 5293 2058 5347 attollit:

485 5370 609 5427 lltec
636 5376 803 5436 enim,
846 5373 1036 5444 inquit,
1073 5375 1380 5444 prardicatio
1423 5377 1537 5432 hate
1565 5385 1904 5449 praetmntiat,
1942 5399 2062 5454 qua:

484 5471 824 5519 antevertens
851 5473 1036 5518 natura
1069 5464 1329 5519 exhibuit.

555 5555 609 5609 6.
630 5555 892 5610 Iudicium
920 5559 1148 5627 futurum
1175 5573 1324 5626 quam
1353 5560 1683 5614 tremendum.
1715 5559 1943 5629 Oﬁ'ensio
1965 5565 2062 5619 Dei

487 5646 688 5714 gravior
710 5665 859 5718 quant
883 5649 1026 5702 ultio.
1051 5679 1124 5691 —-
1149 5649 1396 5704 Vidistin’
1420 5667 1576 5721 quatn
1602 5653 1896 5722 prudenter
1919 5657 2063 5728 ipsos

491 5745 542 5790 et
581 5739 857 5809 cvangelio
882 5751 932 5796 et
969 5739 1184 5796 Christo
1225 5740 1514 5798 admovens
1555 5742 1870 5815 alligaverit,
1899 5758 1951 5802 ct
1977 5764 2066 5804 os-

2175 630 2336 685 supra
2369 619 2611 688 probavit
2635 661 2651 687 ,
2700 621 2886 678 dicens
2907 664 2921 688 ,
2950 624 3288 684 Thesaurisas
3316 629 3405 684 tibi
3433 631 3562 684 iram
3592 632 3644 686 in
3673 633 3757 686 die

2175 707 2284 774 irae,
2312 720 2368 766 et
2395 711 2478 765 hic
2512 727 2741 778 rursum,
2772 713 3035 771 Judicubit
3080 717 3216 774 Deus
3245 720 3442 776 occulta
3470 722 3750 779 hominum.

2178 799 2546 873 Unusquisque
2591 806 2750 875 igitur
2779 807 2830 860 in
2876 822 3036 862 suam
3075 813 3457 868 conscientiam
3486 815 3710 870 veniens
3731 854 3750 882 ,

2176 900 2230 944 et
2258 902 2476 960 peccata
2527 898 2829 966 recogitans
2853 941 2868 965 ,
2895 901 3158 956 rationem
3201 912 3450 959 accurate
3475 904 3544 959 ab
3573 920 3632 961 se
3660 922 3751 960 re-

2175 993 2353 1052 petat,
2387 1002 2453 1041 ne
2497 997 2622 1043 tune
2651 1005 2770 1044 cum
2815 992 3013 1048 mundo
3039 994 3378 1051 damnemur.
3413 998 3752 1053 llorrentlum

2172 1076 2368 1146 quippe
2397 1087 2478 1133 est
2499 1079 2757 1150 judicium
2789 1084 2938 1149 illud,
2970 1087 3304 1142 tremendum
3338 1088 3610 1155 tribunal,
3645 1098 3752 1144 ter—

2171 1167 2309 1221 roris
2338 1169 2510 1238 plenze
2540 1172 2774 1228 rationes
2803 1175 3090 1230 reddendus
3109 1219 3125 1242 ,
3159 1178 3350 1233 ﬂuvius
3380 1180 3518 1248 ignis
3544 1190 3747 1234 manat.

2174 1256 2360 1313 Frater
2385 1277 2484 1314 non
2512 1263 2746 1328 redimit,
2777 1265 2986 1319 redimet
3015 1267 3163 1322 homo
3191 1269 3360 1340 (Psal.
3392 1269 3480 1325 48.
3513 1270 3613 1341 8)?
3641 1271 3748 1324 Rc-

2169 1349 2394 1405 cordare
2421 1366 2606 1407 eorum
2651 1369 2771 1423 qua:
2799 1355 2850 1408 in
2882 1359 3160 1427 evangelio
3209 1360 3458 1416 dicuntur
3478 1403 3492 1427 ,
3526 1364 3750 1432 angelo-

2169 1457 2286 1495 rum
2333 1443 2892 1512 circumcursautium,
2939 1448 3108 1504 clausi
3157 1450 3411 1520 thalami,
3441 1453 3744 1522 lampadum

2168 1549 2273 1587 non
2305 1536 2688 1591 cxstinctarum
2713 1578 2728 1601 ,
2779 1547 3103 1606 potestatum
3133 1539 3188 1592 itt
3225 1541 3470 1598 foruaces
3514 1543 3741 1598 trahen-

2168 1629 2317 1682 tium.
2353 1631 2420 1684 Et
2449 1631 2576 1686 illud
2619 1642 2791 1687 tecum
2835 1643 3020 1703 reputa
3047 1675 3061 1699 ,
3092 1634 3138 1688 si
3163 1644 3404 1690 nostrum
3434 1620 3732 1706 cujuspiam

2166 1721 2438 1774 occultum
2470 1721 2672 1776 facinus
2699 1722 2913 1793 aliquod
2962 1725 3014 1778 iu
3043 1723 3275 1779 medium
3325 1725 3485 1779 hodie
3513 1725 3736 1781 allerrc-

2167 1819 2251 1864 tur
2299 1813 2350 1866 in
2395 1815 2618 1868 ecclesia
2670 1823 2914 1882 tantum,
2963 1832 3141 1872 annon
3187 1817 3369 1872 mallet
3422 1818 3644 1874 interire
3685 1828 3741 1873 et

2165 1912 2361 1958 terram
2411 1906 2512 1960 sibi
2561 1906 2844 1961 dehiscere
2897 1909 3107 1978 potius.
3159 1925 3318 1979 quam
3360 1919 3435 1964 tot
3491 1909 3743 1978 nequitia:

2166 2007 2331 2051 testes
2359 1997 2556 2052 habere
2571 2001 2594 2050 ’ἱ
2619 1999 2753 2066 Quid
2781 2015 2911 2070 ergo
2943 2009 3068 2055 tunc
3097 2003 3380 2070 patiemur,
3404 2016 3528 2056 cum
3559 2016 3741 2056 coram

2162 2089 2300 2144 orbes
2317 2097 2429 2143 toto
2470 2090 2648 2144 omnia
2678 2090 2970 2146 aﬂ’ercntur
3013 2092 3065 2147 in
3105 2103 3256 2147 tanto
3278 2135 3294 2158 ,
3324 2100 3432 2147 tam
3462 2092 3744 2163 splendido

2165 2180 2371 2236 theatro
2392 2223 2406 2245 ,
2435 2193 2488 2236 ct
2531 2183 2671 2236 uotis
2699 2191 2756 2238 et
2795 2184 2990 2253 ignotis
3015 2186 3192 2239 omnia
3241 2187 3741 2258 conspicientibus?

2161 2274 2228 2326 At
2259 2289 2335 2326 va:
2367 2273 2494 2327 mihi
2521 2315 2536 2336 ,
2588 2274 2852 2330 undenam
2901 2277 3150 2333 territare
3179 2292 3274 2332 vos
3299 2279 3500 2348 cogor?
3531 2279 3615 2333 Ab
3639 2278 3739 2333 ho—

2161 2364 2358 2417 minum
2408 2365 2840 2430 existimatione,
2889 2383 3011 2422 cum
3055 2385 3086 2422 a
3132 2369 3324 2424 timore
3370 2369 3462 2423 Dei
3512 2379 3732 2438 oporte-

2162 2463 2273 2518 ret,
2305 2465 2357 2509 et
2381 2455 2448 2509 ab
2475 2456 2593 2524 ejus
2632 2457 3118 2515 condetnnatione?
3138 2459 3365 2526 Quinam
3389 2501 3404 2526 ,
3437 2473 3623 2530 quasso
3652 2467 3738 2518 te.

2161 2546 2361 2598 erimus
2384 2585 2399 2610 ,
2431 2559 2552 2599 cum
2604 2547 2796 2611 vincti,
2828 2548 3075 2603 dentibus
3123 2549 3411 2604 stridentes
3436 2591 3450 2616 ,
3484 2550 3538 2604 in
3587 2559 3736 2604 exte-

2161 2638 2331 2691 riores
2360 2639 2609 2692 tenebras
2633 2637 2927 2693 dueetnur‘!
2970 2640 3078 2695 imo
3109 2640 3235 2709 quid
3265 2639 3521 2695 faciemus
3545 2679 3561 2703 ,
3593 2638 3737 2709 quod

2161 2728 2397 2781 omnium
2429 2729 2880 2783 terribilissimum
2908 2740 2990 2784 cst
3013 2771 3029 2794 ,
3061 2745 3189 2784 cum
3219 2733 3326 2784 Deo
3351 2729 3738 2784 occurremus?

2161 2821 2216 2874 Si
2243 2821 2362 2890 quis
2390 2820 2534 2874 enim
2564 2835 2780 2874 sensum
2819 2829 2876 2876 et
2919 2830 3154 2875 mentem
3201 2821 3426 2886 habeat,
3453 2828 3599 2874 certe
3625 2821 3737 2889 jam

2159 2912 2456 2984 gehennam
2478 2913 2809 2976 sustinuerit,
2839 2927 2962 2966 eum
2983 2927 3014 2966 a
3042 2911 3176 2967 facie
3203 2911 3296 2967 Dei
3325 2912 3579 2981 expulsus
3597 2913 3700 2967 erit
3720 2931 3734 2966 :

2160 3007 2280 3077 quia
2308 3022 2435 3060 vero
2463 3006 2511 3060 id
2543 3005 2618 3060 illi
2665 3019 2826 3076 grave
2857 3019 2962 3059 non
2989 3013 3109 3082 est,
3144 3003 3266 3059 ideo
3294 3004 3470 3074 ignem
3501 3003 3731 3059 commi-

2159 3107 2314 3153 natus
2360 3107 2462 3152 est.
2514 3097 2721 3162 Etenim
2772 3104 3078 3165 oporteret,
3126 3111 3231 3150 non
3279 3111 3400 3150 cum
3451 3095 3735 3165 punimur,

2158 3187 2255 3242 sed
2283 3202 2403 3242 cmn
2448 3200 2728 3255 peccamus
2748 3227 2764 3253 ,
2792 3186 2996 3241 dolere.
3044 3185 3183 3240 Audi
3229 3200 3358 3256 ergo
3386 3185 3606 3239 Paulum
3633 3185 3734 3240 do-

2157 3279 2354 3334 lentem
2387 3288 2440 3333 et
2481 3279 2699 3334 llentem
2744 3278 2812 3334 de
2851 3277 3118 3348 peccatis,
3161 3291 3259 3346 pro
3303 3276 3495 3347 quibus
3549 3291 3736 3344 pinnas

2157 3370 2378 3426 daturus
2406 3384 2514 3424 non
2545 3379 2676 3424 erat.
2714 3367 2834 3422 Non
2881 3367 3015 3423 enim
3052 3384 3166 3420 sum
3193 3367 3397 3438 dignus,
3431 3366 3620 3435 inquit,
3649 3381 3736 3419 vo-

2154 3462 2262 3515 cari
2279 3462 2563 3530 apostolus,
2586 3462 2704 3530 quia
2719 3469 3043 3530 persequutus
3059 3475 3170 3514 sum
3187 3457 3470 3512 Ecclesium
3496 3458 3543 3529 (Ι
3560 3497 3572 3510 .
3603 3457 3726 3512 Cor.

2159 3553 2247 3610 15.
2277 3553 2310 3609 9
2331 3553 2524 3624 ).Audi
2557 3553 2716 3608 etiam
2743 3562 2798 3608 et
2831 3551 3105 3619 Davidem,
3152 3567 3182 3606 a
3213 3550 3474 3620 supplicio
3512 3549 3729 3620 quidem

2157 3655 2460 3715 exemptum
2487 3687 2502 3712 ,
2535 3644 2630 3700 sed
2675 3645 2799 3715 quia
2826 3659 2886 3700 se
2927 3644 3148 3715 putabat
3189 3645 3356 3700 Deum
3402 3643 3690 3702 oﬂ'endisse
3713 3685 3729 3710 ,

2159 3736 2414 3790 ultionem
2446 3737 2500 3790 in
2546 3751 2606 3790 se
2649 3745 2960 3790 evocantem
3003 3747 3058 3792 et
3101 3737 3410 3792 dicentem:
3444 3736 3523 3792 Sit
3555 3753 3736 3791 manus

2157 3837 2244 3882 tua
2271 3844 2424 3898 super
2447 3843 2527 3881 me
2563 3839 2608 3880 et
2635 3826 2840 3881 domum
2885 3829 3043 3900 patris
3072 3829 3164 3882 mei
3189 3828 3283 3899 (2.
3327 3827 3454 3900 Reg.
3484 3828 3575 3883 24.
3606 3829 3672 3884 17
3691 3829 3730 3896 ).

2157 3919 2383 3976 Gravius
2411 3920 2608 3990 quippe
2636 3927 2720 3974 est
2761 3920 3034 3976 oll'endcre
3085 3921 3249 3976 Deum
3271 3961 3287 3988 ,
3319 3934 3478 3991 quam
3533 3920 3732 3990 puniri.

2157 4010 2306 4066 Nunc
2331 4021 2509 4066 autem
2558 4020 2665 4066 tam
2709 4012 2905 4068 misere
2949 4011 3124 4067 allecti
3153 4027 3369 4079 sumus,
3399 4019 3458 4065 ιιι
3500 4010 3600 4065 nisi
3639 4025 3734 4080 ge-

2159 4101 2350 4156 hennae
2382 4103 2542 4157 timor
2567 4102 2746 4165 adsit,
2777 4103 2903 4171 qttid
2936 4103 3060 4156 boni
3092 4102 3270 4156 facere
3310 4102 3400 4154 vix
3447 4101 3730 4170 eligamus.

2157 4193 2495 4260 Quapropter
2518 4233 2534 4257 ,
2565 4192 2666 4247 etsi
2706 4209 2810 4248 non
2842 4193 2945 4246 alia
2985 4193 3053 4246 de
3096 4207 3290 4255 causa,
3323 4191 3444 4246 ideo
3485 4192 3731 4262 gehenua

2158 4281 2304 4352 digni
2356 4280 2652 4345 fuerimus,
2682 4281 2824 4351 quod
2872 4281 3016 4335 illam
3060 4282 3228 4350 magis
3257 4297 3417 4350 quam
3460 4282 3731 4341 Christum

2159 4373 2460 4427 timeamus.
2495 4372 2692 4427 Verum
2737 4387 2842 4425 non
2875 4371 2946 4425 ita
2976 4371 3162 4427 beatus
3192 4373 3388 4426 Paulus
3414 4415 3428 4438 ,
3457 4373 3558 4428 sed
3596 4389 3728 4429 con.—

2161 4465 2325 4519 trario
2351 4463 2532 4519 modo.
2560 4463 2693 4528 Quia
2718 4477 2847 4517 vero
2874 4478 2971 4519 nos
2995 4464 3150 4517 aliter
3170 4463 3345 4519 allecti
3373 4479 3580 4531 sumus,
3612 4465 3742 4522 ideo.

2158 4555 2224 4610 ad
2254 4555 2552 4627 gehennam
2597 4557 2931 4610 damnamur.
2961 4557 3031 4609 At
3067 4556 3112 4610 si
3141 4555 3412 4611 Christum
3441 4565 3499 4610 ut
3525 4571 3621 4626 par
3648 4565 3736 4612 est

2159 4660 2495 4712 amaremus,
2540 4646 2800 4701 sciremus
2843 4645 3023 4712 utique
3069 4646 3312 4715 geltcnns
3355 4647 3570 4715 gravius
3615 4661 3738 4702 esse

2159 4746 2393 4792 amatum
2419 4737 2727 4793 oﬂendere:
2754 4737 2876 4807 quia
2905 4751 3032 4790 vero
3057 4751 3164 4791 non
3191 4742 3454 4803 amamus,
3486 4738 3736 4809 supplicii

2163 4831 2294 4886 tanti
2325 4831 2745 4900 magnitudinem
2779 4845 2883 4884 non
2917 4830 3184 4884 novimus.
3219 4829 3285 4884 Et
3311 4829 3410 4884 hac
3437 4830 3506 4885 de
3536 4845 3596 4885 re
3626 4845 3736 4883 ma-

2164 4924 2306 4978 xime
2333 4923 2494 4977 doleo
2522 4931 2576 4977 et
2608 4922 2782 4990 lugeo.
2831 4923 2992 4990 Atqui
3022 4922 3146 4990 quid
3177 4938 3282 4976 non
3327 4922 3452 4977 fecit
3479 4924 3653 4988 Deus,
3683 4933 3740 4976 ut

2163 5013 2475 5082 diligeretur
2494 5028 2523 5065 a
2548 5011 2738 5066 nobis?
2765 5013 2889 5082 quid
2919 5030 3022 5066 non
3051 5013 3268 5067 molitus
3292 5013 3413 5068 est?
3438 5013 3564 5083 quid
3597 5029 3736 5083 pra:-

2166 5105 2436 5160 termisit?
2463 5103 2638 5175 lpsutn
2680 5106 2811 5158 nihil
2843 5121 2942 5160 nos
2972 5105 3255 5162 laedentem
3297 5105 3626 5161 contumelia
3654 5105 3738 5160 af-

2165 5197 2422 5264 lecimus,
2466 5199 2574 5252 imo
2618 5198 2762 5253 mille
2792 5198 3064 5254 beneﬁciis
3103 5199 3170 5253 ab
3215 5198 3308 5254 illo
3336 5197 3607 5267 acceptis,
3639 5211 3743 5255 vo-

2165 5303 2375 5350 cantem
2403 5301 2458 5348 et
2492 5292 2723 5362 undique
2771 5291 3126 5346 attmhentem
3157 5291 3389 5347 aversati
3434 5304 3659 5357 sumus;
3687 5300 3743 5344 et

2167 5403 2339 5458 neque
2368 5387 2447 5442 sic
2473 5385 2564 5440 ille
2593 5401 2690 5439 nos
2719 5385 2866 5440 ultus
2895 5396 3006 5449 est,
3039 5399 3220 5438 verum
3248 5385 3483 5438 accurrit
3511 5383 3648 5452 ipse,
3677 5397 3742 5440 ac

2169 5480 2431 5552 fugientes
2460 5476 2724 5540 detinuit;
2756 5485 2812 5531 at
2839 5492 2937 5531 nos
2966 5476 3301 5530 excessimus
3329 5516 3344 5539 ,
3377 5485 3435 5529 et
3459 5474 3524 5529 ad
3555 5474 3743 5530 diaboe

2167 5574 2274 5628 lum
2323 5569 2747 5640 transfugimus:
2795 5583 2968 5638 neque
3007 5568 3084 5622 sic
3134 5576 3309 5622 tamen
3357 5568 3446 5623 ille
3496 5566 3734 5633 destitit,

2167 5657 2262 5712 sed
2289 5660 2570 5714 sexcentos
2601 5653 2763 5719 misit,
2793 5653 2882 5722 qui
2911 5667 3010 5706 nos
3038 5650 3381 5720 advocarent,
3412 5651 3734 5723 prophetas,

2170 5747 2420 5821 angelos,
2457 5743 2818 5818 patriarchas;
2864 5759 2960 5799 nos
2985 5750 3170 5800 autem
3195 5761 3298 5800 nou
3325 5747 3485 5805 modo
3513 5745 3734 5818 legatio-
