4122 6150
374 317 463 374 651
1093 311 1151 368 S.
1188 310 1467 368 JOANNIS
1489 307 1959 366 CURYSOSTOMI
1998 306 2314 365 ARCIIIEP.
2355 308 2884 374 CONSTANTINOP.

373 450 502 490 nem
532 434 676 489 illaut
705 446 807 487 non
834 428 1171 494 admisimus,
1195 427 1291 483 sed
1320 429 1600 482 venientes
1629 425 1952 481 contumelia

372 522 672 579 allocimus.
747 521 931 592 Neque
993 530 1171 575 tamen
1237 518 1327 573 ille
1380 532 1481 574 nos
1550 518 1789 588 respuit;
1858 515 1952 571 sed

374 617 545 671 instar
590 613 1183 671 vehementissimorum
1237 620 1570 675 amatorum,
1631 611 1721 681 qui
1774 610 1953 680 despi-

371 706 606 772 ciuutur,
636 706 902 761 circuiens
928 704 1067 775 apud
1095 717 1284 758 omnes
1326 702 1777 773 conquerebatur,
1810 697 1952 771 apud

370 798 579 863 caelum,
614 808 832 865 terram,
864 796 1151 852 Jeremiam
1177 836 1191 857 ,
1224 794 1496 849 Michmam
1525 811 1538 859 ;
1573 810 1677 848 non
1712 802 1768 847 ut
1798 793 1949 847 oneri

374 900 556 956 esset,
587 889 680 945 sed
715 899 773 945 ut
800 903 921 944 sese
951 894 1206 958 purgaret
1232 904 1245 938 :
1277 900 1340 940 ac
1385 900 1506 941 eum
1537 884 1810 955 prophetis
1838 884 1953 954 ipse

378 980 500 1035 illus
517 981 718 1045 adibat,
740 981 831 1050 qui
858 980 958 1035 sibi
984 977 1422 1042 adversabantur,
1446 978 1681 1031 rationes
1711 975 1804 1030 red
1829 976 1855 1026 I:
1878 988 1942 1029 re

371 1082 615 1141 paratus,
649 1080 703 1127 et
742 1086 934 1142 rogans
962 1079 1019 1124 ut
1061 1083 1243 1125 secum
1289 1068 1523 1122 rationes
1566 1067 1867 1132 inirentur,
1895 1072 1951 1119 et

369 1165 563 1219 surdos
600 1164 669 1219 ad
715 1163 1036 1233 colloquium
1082 1161 1346 1216 alliciens.
1377 1159 1578 1229 Papule
1606 1161 1710 1225 mi,
1739 1159 1946 1227 inquit,

366 1256 488 1325 quid
515 1256 612 1326 feci
639 1256 771 1309 tibi?
794 1265 882 1308 aut
907 1254 959 1308 iu
989 1269 1087 1323 quo
1116 1252 1405 1306 contristari
1434 1252 1516 1305 te?
1538 1252 1788 1321 responde
1815 1250 1941 1302 mihi

366 1346 553 1414 (Mida.
581 1347 633 1403 6.
658 1348 736 1417 5).
773 1347 901 1403 Post
943 1346 1057 1400 hanc
1083 1346 1262 1400 omnia
1290 1343 1580 1415 prophetas
1604 1344 1900 1398 occidimus
1919 1383 1935 1408 ,

365 1439 755 1508 lapidavimus,
805 1440 1083 1493 innumera
1138 1437 1244 1492 alia
1304 1437 1731 1507 perpetravimus
1786 1436 1945 1489 mala.

363 1528 499 1597 Quid
527 1544 654 1600 ergo
684 1530 873 1583 horum
903 1544 1063 1587 causa
1096 1528 1263 1583 fecit?
1287 1528 1405 1583 Non
1438 1529 1577 1583 ultra
1609 1528 1900 1598 prophetas
1928 1569 1943 1593 ,

364 1637 470 1675 nou
499 1622 738 1691 angelos,
770 1636 875 1677 non
911 1621 1260 1692 patriarchas,
1293 1621 1387 1677 sed
1417 1622 1590 1692 ipsum
1624 1621 1816 1676 Filium
1843 1622 1947 1675 tui-

361 1714 451 1768 sit.
484 1714 714 1769 Veniens
764 1714 931 1769 Filius
978 1715 1187 1770 occisus
1229 1724 1355 1770 est:
1403 1730 1577 1784 neque
1629 1722 1809 1769 tamen
1858 1714 1948 1769 ille

361 1821 596 1861 amorem
628 1807 919 1874 exstinxit,
947 1806 1041 1863 sed
1069 1807 1240 1878 magis
1269 1807 1544 1873 accendit,
1574 1816 1627 1861 et
1656 1816 1775 1876 post
1802 1806 1947 1862 occi-

361 1912 479 1952 sum
510 1898 701 1952 Filium
732 1898 998 1954 hortando
1027 1908 1361 1969 perseverat,
1397 1907 1669 1969 precatur,
1705 1897 1947 1968 nihilque

366 2004 471 2043 tuon
517 1990 659 2059 agit,
693 2000 748 2044 ut
793 1991 860 2044 ad
903 1990 1054 2044 illum
1107 1999 1507 2044 convertamur.
1561 1987 1771 2041 Clamat
1815 2001 1944 2041 vero

362 2079 581 2144 Paulus,
605 2081 792 2137 dicens
818 2100 829 2135 :
860 2080 967 2135 Pro
993 2081 1191 2135 Christo
1218 2080 1467 2151 legatione
1496 2081 1776 2150 fungimur,
1808 2088 1940 2133 tam-

364 2187 515 2238 quam
547 2172 652 2226 Deo
682 2190 771 2242 per
797 2190 890 2227 nos
916 2173 1211 2227 exhortante
1232 2190 1251 2225 :
1281 2170 1681 2236 recqnciliamini
1708 2169 1817 2225 Deo
1848 2170 1939 2243 (‘2.

359 2258 472 2316 Cor.
507 2263 559 2317 5.
587 2264 711 2333 ρο).

431 2356 484 2408 7.
519 2358 585 2408 At
615 2355 746 2409 nihil
793 2355 984 2409 horum
1018 2370 1114 2410 nos
1144 2355 1529 2410 reconciliavit.
1566 2354 1663 2409 Ille
1692 2369 1819 2410 vero
1846 2371 1941 2411 ne-

358 2460 462 2515 que
481 2445 558 2498 sic
588 2459 683 2498 nos
712 2444 1029 2515 dereliquit,
1058 2446 1152 2501 sed
1198 2446 1369 2517 pergit
1409 2460 1625 2515 semper
1654 2454 1708 2500 et
1733 2446 1939 2517 gehen-

359 2552 479 2589 nam
508 2535 822 2589 comminari
843 2579 857 2603 ,
891 2548 942 2592 et
969 2552 1191 2606 regnum
1222 2538 1496 2606 polliceri,
1528 2545 1586 2591 ut
1611 2552 1711 2592 nos
1739 2538 1823 2592 vel
1856 2538 1937 2594 sic

356 2626 627 2681 attrahat:
661 2643 758 2683 nos
786 2638 963 2683 autem
995 2630 1148 2698 quasi
1193 2629 1391 2698 stupidi
1428 2629 1605 2685 adhuc
1632 2646 1935 2686 manemus.

357 2716 500 2784 Quid
531 2717 631 2772 hac
676 2717 886 2774 feritate
927 2719 1207 2775 deterius?
1249 2720 1303 2776 Si
1334 2722 1481 2777 enim
1513 2721 1674 2778 homo
1701 2725 1826 2779 talia
1854 2723 1935 2779 fe-

352 2808 534 2875 cisset,
562 2824 740 2863 annon
765 2810 817 2864 in
845 2811 1153 2865 servitutem
1178 2811 1293 2881 ejus
1316 2827 1462 2882 saepe
1491 2814 1631 2868 versi
1655 2817 1938 2871 essemus?

352 2903 518 2958 Deum
558 2913 734 2957 autem
768 2902 822 2958 id
872 2902 1155 2959 facientem
1185 2906 1535 2960 aversantur?
1560 2906 1605 2962 Ο
1634 2907 1933 2977 ignaviam!

354 3009 388 3049 ο
412 2994 681 3064 ingratum
724 2996 995 3050 animum!
1024 2997 1115 3066 qui
1145 3012 1360 3066 semper
1385 2999 1438 3052 in
1469 3002 1703 3067 peccatis
1730 3011 1785 3056 et
1814 3015 1935 3056 sce-

349 3086 553 3141 leribus
603 3088 831 3143 vivimus
857 3104 871 3153 ;
905 3088 951 3142 si
982 3104 1113 3143 vero
1160 3089 1484 3159 quandoque
1513 3092 1779 3153 tantillum
1810 3092 1937 3150 boni

350 3178 643 3243 faciamus,
700 3180 871 3235 instar
927 3180 1263 3252 ingratorum
1317 3198 1636 3250 servorum,
1684 3196 1935 3242 accurate

348 3271 476 3326 illud
505 3274 879 3328 cxaminamus
907 3283 960 3329 et
991 3286 1363 3345 computamus
1390 3292 1487 3346 pro
1514 3277 1763 3333 mercede
1789 3280 1932 3334 acci-

347 3364 577 3432 pienda,
629 3366 672 3419 si
726 3373 902 3419 tamen
952 3365 1003 3419 id
1064 3366 1368 3422 mercedem
1421 3377 1714 3422 mereatur.
1769 3371 1933 3439 Atqui

347 3454 518 3522 major
542 3465 624 3510 est
644 3471 872 3524 merces,
896 3472 1019 3511 eum
1041 3470 1146 3511 non
1176 3458 1443 3512 mercedis
1468 3474 1628 3512 causa
1651 3459 1753 3513 hoc
1780 3459 1929 3515 facis.

344 3542 476 3596 Nam
507 3544 595 3597 illa
646 3545 830 3601 dicere
858 3555 912 3600 et
959 3556 1210 3601 accurate
1237 3555 1579 3616 computare,
1612 3551 1930 3605 mercenarii

344 3634 521 3703 potius
566 3645 648 3688 est
669 3677 685 3702 ,
718 3653 876 3706 quam
905 3638 1044 3707 grati
1088 3636 1294 3692 famuli.
1324 3637 1549 3709 Oportet
1576 3641 1718 3696 enim
1749 3641 1930 3697 omnia

346 3733 565 3793 propter
594 3725 866 3781 Christum
914 3727 1126 3797 facere,
1160 3746 1267 3784 non
1314 3741 1533 3803 propter
1578 3734 1881 3790 mercedem
1911 3754 1925 3791 :

344 3815 467 3869 ideo
509 3817 651 3871 enim
697 3819 1001 3889 gehennam
1052 3826 1407 3879 comminatus
1447 3834 1566 3891 est,
1601 3836 1657 3882 et
1704 3844 1925 3899 regnum

343 3907 616 3975 promisit,
648 3918 704 3962 ut
729 3924 760 3963 a
789 3910 944 3965 nobis
965 3921 1256 3967 amaretur.
1282 3916 1537 3970 Amemus
1564 3917 1744 3986 itaque
1772 3919 1922 3975 illum

344 4004 403 4051 ut
428 4012 611 4053 amare
657 4010 872 4069 Oportet
898 4019 914 4056 :
970 4003 1073 4058 hoc
1102 4020 1290 4075 magna
1323 4022 1531 4062 merces
1556 4018 1676 4074 est,
1709 4009 1810 4065 hoc
1836 4026 1924 4067 re-

341 4104 504 4159 gnum
528 4100 583 4147 et
606 4092 870 4163 voluptas,
901 4093 1001 4150 hoc
1022 4096 1230 4152 deliciae
1250 4106 1304 4153 et
1328 4099 1498 4169 gloria
1519 4108 1573 4156 et
1600 4100 1795 4170 honor,
1822 4103 1925 4159 hoc

345 4180 430 4235 lux
456 4223 470 4246 ,
502 4181 604 4237 hoc
647 4184 908 4241 immensa
954 4186 1227 4244 beatitudo
1254 4230 1269 4255 ,
1312 4206 1470 4261 quam
1502 4206 1600 4247 nec
1626 4194 1800 4249 oratio
1826 4194 1925 4250 de-

342 4271 550 4327 clarare
569 4315 584 4339 ,
614 4290 713 4329 nec
756 4291 911 4333 meus
937 4291 1130 4349 capere
1161 4281 1347 4350 possit.
1378 4282 1575 4338 Verum
1608 4285 1791 4340 nescio
1815 4299 1924 4356 quo

342 4372 498 4432 pacto
540 4364 591 4417 in
646 4364 952 4435 hujusmodi
1002 4384 1310 4426 sermonem
1358 4372 1619 4429 deductus
1664 4376 1803 4442 sim,
1834 4376 1925 4445 qui

335 4454 551 4524 jubeam
601 4454 883 4525 homines,
936 4474 1037 4515 nec
1090 4462 1487 4531 principatum,
1543 4480 1642 4519 nec
1697 4466 1922 4536 gloriam

344 4555 659 4616 prtesentem
703 4548 1106 4620 despicientes,
1155 4570 1379 4624 regnum
1433 4572 1673 4625 praesens
1702 4568 1925 4629 propter

338 4637 613 4692 Christum
638 4638 955 4709 despicere;
985 4642 1198 4697 etiamsi
1245 4645 1318 4698 illi
1367 4647 1544 4715 magni
1573 4656 1627 4701 et
1670 4649 1921 4717 generosi

342 4729 444 4782 viri
471 4728 537 4783 ad
564 4728 701 4786 hanc
729 4734 929 4786 amoris
957 4747 1261 4788 mensuram
1295 4737 1629 4805 pertigerint.
1662 4738 1798 4793 Audi
1826 4740 1923 4810 igi-

340 4828 426 4875 tur
475 4822 745 4891 quoutodo
796 4824 987 4879 Petrus
1034 4839 1133 4894 pro
1181 4827 1272 4879 illo
1316 4826 1530 4894 ardeat,
1582 4828 1837 4900 illumque
1868 4839 1922 4886 et

338 4914 528 4968 anima:
555 4924 609 4968 et
638 4917 760 4970 vita)
806 4931 917 4971 sure
956 4927 1014 4971 et
1066 4918 1314 4973 omnibus
1366 4920 1635 4989 praeferat.
1684 4922 1751 4977 Et
1796 4939 1919 4979 cum

339 5005 484 5059 illum
529 5007 881 5077 abuegasset,
918 5025 1025 5063 non
1061 5023 1278 5079 propter
1304 5013 1624 5081 supplicium
1663 5015 1874 5084 lugebat
1900 5058 1915 5083 ,

337 5094 428 5149 sed
469 5098 591 5166 quia
637 5097 893 5153 dilectum
923 5109 1208 5170 negaverat
1242 5119 1256 5155 :
1304 5102 1444 5172 quod
1474 5106 1617 5158 omni
1648 5107 1913 5178 supplicio

3546 338 3654 394 ὗδῖ

2064 426 2311 481 acerbius
2339 429 2437 496 ipsi
2469 439 2603 484 erat.
2640 431 2871 503 [hecque
2895 438 3074 493 omnia
3104 451 3229 496 ante
3256 442 3491 514 Spiritus
3519 467 3648 519 gra-

2066 516 2195 572 tiam
2236 517 2518 574 exhibuit:
2572 536 2823 593 smpeque
2854 526 3124 596 instabat,
3156 533 3373 598 dicens,
3412 516 3649 605 Quo'va-

2060 607 2138 661 die
2157 609 2184 661 Ρ
2209 617 2265 663 et
2290 620 2448 665 antea
2470 651 2485 677 ,
2519 613 2599 665 Ad
2622 632 2766 683 quem
2815 617 2995 673 ibimus
3015 622 3040 674 ?
3067 639 3131 679 ac
3177 641 3365 684 rursus
3384 672 3398 696 ,
3446 633 3649 704 Sequar

2061 708 2108 752 te
2127 715 2439 768 quocumque
2474 702 2591 757 ieris
2618 705 2637 776 (
2655 706 2811 761 Joan.
2841 711 2930 765 15.
2959 711 3048 767 56.
3078 726 3123 767 et
3158 718 3209 771 6.
3238 719 3337 785 69;
3370 702 3560 780 Manli.
3589 730 3644 785 8.

2060 790 2185 859 l9).
2216 790 2405 847 Omnia
2435 796 2577 851 enim
2628 798 2743 867 ipse
2788 800 2892 856 illis
2939 814 3091 869 erat,
3125 823 3188 863 ac
3237 829 3410 883 neque
3453 820 3647 876 cadum

2060 896 2232 951 neque
2259 900 2481 954 regnum
2504 888 2755 944 cmlorum
2782 892 2977 949 dilecto
3008 898 3379 965 prmferebaut.
3402 906 3479 961 Tu
3502 914 3648 968 enim

2059 973 2187 1027 mihi
2219 974 2306 1028 illa
2335 980 2510 1032 omnia
2540 995 2629 1044 es,
2664 983 2852 1053 inquit.
2881 986 2947 1039 Et
2970 988 3095 1058 quid
3120 991 3352 1059 miraris,
3384 1000 3426 1051 si
3455 1000 3648 1059 Petrus

2058 1064 2128 1155 ita
2172 1066 2392 1122 affectus
2439 1072 2594 1125 erat?
2639 1072 2767 1128 Nam
2816 1078 2938 1132 audi
2990 1080 3116 1149 quid
3167 1085 3426 1155 propheta
3461 1091 3643 1149 dicat:

2060 1154 2196 1221 Quid
2222 1160 2353 1213 enim
2397 1162 2523 1215 mihi
2547 1174 2621 1216 est
2661 1168 2714 1219 in
2742 1169 2905 1223 αυιοῖ
2929 1180 2977 1223 ει
3005 1188 3036 1225 a
3075 1184 3122 1227 te
3159 1178 3285 1245 quid
3328 1182 3465 1235 volui
3493 1201 3647 1256 super

2058 1258 2242 1304 terram
2272 1251 2458 1323 (Psal.
2492 1255 2578 1310 72.
2608 1256 2679 1312 25
2699 1258 2717 1328 )
2739 1260 2761 1313 ?
2780 1261 2836 1315 Id
2866 1272 2949 1317 est
2968 1304 2982 1328 ,
3016 1280 3121 1320 non
3153 1283 3338 1326 eorum
3369 1292 3489 1344 qua:
3518 1251 3644 1333 sur-

2056 1354 2209 1408 sum,
2243 1358 2343 1398 nec
2380 1360 2499 1414 qua:
2539 1347 2787 1402 deorsum
2828 1363 2952 1407 sunt
2993 1356 3137 1411 aliud
3179 1362 3301 1415 volo
3344 1376 3540 1433 printer
3567 1380 3641 1426 te.

2058 1431 2169 1487 Hoc
2194 1450 2346 1490 amor
2374 1446 2477 1502 est,
2509 1437 2610 1494 hoc
2631 1440 2845 1495 dilectio
2868 1459 2888 1497 :
2916 1446 2960 1498 si
2987 1446 3055 1499 ita
3084 1431 3358 1519 amemus,
3377 1472 3477 1512 nec
3505 1475 3642 1529 pra:-

2054 1527 2224 1580 sentia
2251 1568 2266 1593 ,
2310 1545 2410 1584 nec
2455 1529 2630 1587 futura
2679 1535 2967 1605 quidquam
3014 1554 3133 1596 esse
3182 1560 3294 1614 pra:
3321 1527 3519 1607 amore
3552 1556 3641 1608 illo

2054 1618 2393 1687 putabimus,
2438 1630 2492 1689 et
2538 1622 2664 1679 hinc
2712 1642 2934 1697 regnum
2976 1646 3400 1708 consequemur,
3434 1642 3484 1697 in
3524 1646 3639 1714 ejus

2052 1722 2237 1763 amore
2268 1709 2525 1768 lzetantes.
2559 1714 2627 1769 Et
2650 1718 2921 1785 quomodo
2942 1761 2958 1785 ,
2992 1722 3199 1792 inquies
3222 1769 3235 1792 ,
3273 1728 3372 1784 hoc
3398 1734 3497 1787 erit
3518 1709 3635 1791 ἶν’δὶ

2052 1801 2347 1869 cogitemus
2394 1806 2665 1871 quomodo
2719 1807 2869 1863 illum
2920 1817 3242 1871 contumelia
3296 1821 3635 1883 alfecerimus

2052 1899 2175 1958 post
2203 1890 2480 1950 innumera
2506 1896 2695 1950 collata
2729 1896 2889 1964 bona.
2923 1901 3037 1972 ipse
3068 1920 3193 1961 vero
3220 1908 3478 1968 hortando
3504 1931 3629 1984 per-

2051 1984 2420 2039 severaverit:
2452 1987 2663 2055 quoties
2693 1987 2841 2044 illum
2891 2002 3269 2061 prmtereantus
3290 2040 3305 2063 ,
3339 2002 3452 2070 ipse
3502 2021 3629 2061 vero

2051 2086 2151 2125 nos
2183 2089 2286 2128 non
2319 2075 2577 2145 negligat,
2608 2078 2701 2134 sed
2728 2094 2971 2138 accurrat
2996 2096 3051 2141 et
3074 2087 3271 2145 alliciat
3299 2102 3457 2161 atque
3480 2095 3546 2150 ad
3570 2112 3629 2153 se

2051 2164 2244 2218 trahat.
2273 2166 2328 2222 Si
2371 2169 2512 2223 enim
2544 2170 2658 2227 haec
2687 2183 2741 2228 et
2778 2176 2971 2231 similia
3010 2181 3452 2251 cogitaverimus,
3491 2188 3632 2247 hunc

2049 2257 2377 2314 succendere
2402 2274 2640 2317 amorem
2670 2267 2986 2333 peterimus.
3015 2270 3147 2325 Nam
3179 2274 3222 2327 si
3249 2277 3337 2344 qui
3372 2279 3442 2331 ita
3488 2292 3633 2337 amat

2049 2356 2192 2401 esset
2219 2348 2380 2403 homo
2404 2350 2544 2414 vilis,
2567 2355 2656 2422 qui
2683 2370 2812 2409 vero
2841 2358 2911 2411 ita
2940 2372 3150 2417 amatur
3176 2380 3266 2420 rex
3294 2378 3469 2432 esset;
3499 2388 3635 2425 non-

2047 2452 2115 2491 ne
2142 2438 2227 2494 hic
2249 2441 2450 2497 amoris
2472 2444 2891 2515 magnitudinem
2920 2458 3301 2511 revereretur?
3331 2459 3485 2516 Certe
3517 2480 3631 2517 uta-

2050 2530 2211 2587 xime.
2242 2533 2374 2588 Cum
2419 2550 2547 2591 vero
2590 2548 2776 2594 contra
2798 2583 2813 2609 ,
2860 2543 3142 2602 inelfabilis
3172 2550 3258 2603 illa
3289 2554 3632 2623 pulchritudo

2046 2632 2100 2677 et
2126 2624 2297 2693 gloria
2324 2634 2379 2681 et
2401 2627 2600 2685 divitite
2634 2631 2752 2702 ejus
2775 2673 2793 2700 ,
2823 2635 2912 2704 qui
2956 2652 3054 2717 nos
3083 2652 3229 2696 amat
3254 2684 3269 2710 ,
3300 2645 3434 2701 tales
3478 2649 3586 2705 sint
3611 2693 3627 2716 ,

2044 2730 2144 2770 nos
2171 2733 2297 2772 vero
2325 2719 2615 2776 admodum
2664 2724 2827 2792 viles,
2857 2730 3125 2797 quomodo
3171 2749 3277 2789 nou
3325 2739 3471 2794 mille
3502 2757 3629 2812 sup.

2046 2808 2219 2877 pliciis
2246 2811 2388 2881 digni
2418 2813 2695 2881 fuerimus,
2723 2817 2797 2873 ita
2822 2820 2953 2876 viles
2980 2834 3033 2877 et
3061 2824 3277 2895 abjecti,
3304 2832 3395 2899 qui
3422 2848 3453 2886 a
3482 2808 3629 2890 tanto

2043 2906 2099 2953 et
2141 2906 2245 2953 tam
2275 2900 2589 2958 admirando
2633 2922 2793 2976 supra
2837 2911 3056 2966 modum
3094 2930 3369 2985 amamur,
3401 2932 3454 2977 et
3485 2924 3629 2981 illius

2043 3002 2283 3044 amorem
2307 2991 2386 3046 sic
2411 2994 2793 3063 repudiamus?
2824 2999 2916 3055 ille
2954 3003 3103 3059 nullo
3127 3018 3436 3066 nostrorum
3465 3025 3625 3084 eget,

2046 3096 2147 3136 nec
2174 3090 2353 3139 tamen
2384 3100 2483 3140 nos
2513 3102 2695 3143 amare
2722 3089 2920 3147 desinit
2944 3110 2959 3157 ;
2987 3110 3085 3150 nos
3113 3098 3229 3167 ejus
3259 3100 3415 3156 bonis
3440 3105 3624 3161 admo-

2041 3172 2169 3228 dum
2199 3191 2417 3245 egemus
2437 3219 2452 3244 ,
2478 3194 2543 3234 ac
2571 3196 2743 3250 neque
2771 3185 2849 3239 sic
2874 3186 2990 3253 ejus
3015 3203 3255 3247 amorem
3287 3197 3581 3253 retinemus
3606 3242 3622 3265 ,

2043 3265 2137 3320 sed
2168 3265 2379 3324 divitias
2407 3270 2484 3324 illi
2532 3273 2867 3341 prml'erimus
2890 3318 2904 3342 ,
2934 3289 2988 3333 et
3015 3279 3289 3339 hominum
3317 3289 3581 3345 amicitias
3604 3333 3621 3357 ,

2041 3359 2284 3427 corporis
2334 3362 2616 3430 requiem,
2670 3368 2996 3436 potentiam,
3046 3373 3308 3443 gloriam;
3355 3378 3483 3433 dum
3534 3382 3625 3438 ille

2040 3449 2171 3507 nihil
2200 3452 2353 3507 nobis
2398 3456 2717 3524 anteponit?
2744 3458 2919 3515 Unum
2951 3463 3149 3533 quippe
3174 3466 3368 3523 Filium
3399 3470 3619 3542 habuit,

2039 3539 2368 3608 unigenitum
2409 3552 2463 3596 et
2489 3547 2814 3615 genuinum,
2850 3565 3023 3619 neque
3057 3554 3130 3607 illi
3162 3560 3404 3624 pepercit
3434 3562 3486 3615 in
3520 3539 3618 3617 uo;

2039 3628 2133 3681 stri
2162 3629 2387 3699 gratiam
2415 3650 2428 3692 ;
2463 3649 2560 3688 nos
2598 3644 2778 3691 autem
2825 3641 2988 3695 multa
3025 3643 3097 3697 illi
3130 3646 3483 3713 praeferimus.
3514 3653 3623 3707 Att-

2038 3733 2143 3773 non
2190 3736 2319 3792 ergo
2362 3723 2663 3795 gehennam
2710 3738 2763 3783 et
2807 3733 3127 3802 supplicium
3176 3755 3486 3806 uteremur,
3520 3746 3621 3799 etsi

2037 3808 2164 3865 illud
2191 3810 2375 3882 duplo,
2409 3815 2590 3885 triplo,
2621 3818 2727 3874 imo
2754 3825 3055 3880 sexcenties
3078 3828 3248 3897 majus
3273 3832 3457 3887 esset?
3479 3832 3619 3899 Quid

2035 3906 2180 3957 enim
2236 3904 2416 3961 dicere
2473 3913 2772 3976 possimus,
2825 3916 3038 3981 quando
3099 3930 3301 3975 satance
3358 3935 3618 3994 prmcejita

2033 3992 2234 4049 Christi
2293 3997 2500 4067 legibus
2557 4003 2923 4072 praeferimus,
2968 4018 3021 4062 et
3075 4012 3231 4066 saluti
3276 4024 3471 4070 nostra:
3511 3992 3616 4071 non

2036 4098 2315 4153 parcamus
2339 4128 2354 4153 ,
2403 4089 2529 4144 dmn
2578 4095 2831 4162 nequitia:
2875 4114 3038 4167 opera
3070 4102 3116 4156 ei
3141 4143 3156 4168 ,
3190 4105 3278 4172 qui
3312 4108 3489 4160 omnia
3521 4125 3617 4177 pro

2034 4175 2188 4229 nobis
2215 4190 2403 4245 passus
2431 4188 2536 4246 est,
2567 4183 2945 4251 prmferimus?
2976 4190 3039 4244 Et
3067 4207 3170 4259 qua
3202 4195 3358 4249 venia
3388 4175 3617 4252 Incedi-

2032 4280 2134 4335 gna
2180 4266 2413 4322 fuerint?
2465 4286 2567 4341 qua
2612 4273 2968 4333 defensione?
3007 4281 3183 4336 Nulla.
3213 4283 3428 4341 Stemus
3458 4289 3619 4357 igitur

2031 4354 2306 4427 deinceps,
2340 4375 2446 4414 non
2478 4378 2573 4431 per
2596 4368 2887 4437 praecipitia
2910 4372 3049 4439 acti;
3083 4375 3177 4429 sed
3206 4378 3611 4449 resipiscatnus,

2031 4455 2086 4500 et
2112 4445 2226 4502 hate
2253 4452 2433 4505 omnia
2467 4453 2743 4511 nobiscum
2771 4471 3083 4529 reputantes
3106 4506 3123 4532 ,
3149 4445 3373 4536 gloriam
3408 4472 3613 4527 relera-

2029 4552 2149 4593 ntus
2179 4539 2227 4594 ei
2256 4554 2351 4609 per
2378 4558 2575 4612 opera;
2610 4548 2790 4602 verbis
2817 4552 2959 4606 enim
2990 4563 3193 4610 tantmn
3226 4576 3330 4613 non
3362 4562 3597 4619 sufﬁcit:

2030 4636 2087 4681 ut
2112 4638 2162 4683 et
2189 4630 2360 4698 gloria
2386 4633 2455 4687 ab
2479 4635 2571 4689 illo
2597 4650 2851 4696 manante
2898 4643 3135 4701 fruamur
3157 4690 3171 4713 ,
3204 4666 3361 4718 quam
3410 4653 3613 4710 utinam

2029 4735 2128 4774 nos
2180 4736 2604 4795 consequamur,
2636 4734 2805 4800 gratia
2833 4745 2888 4790 et
2916 4738 3241 4810 benignitate
3272 4746 3477 4800 Domini
3512 4764 3614 4804 no-

2027 4811 2122 4865 stri
2166 4812 2292 4868 Jesu
2333 4815 2565 4885 Christi,
2596 4823 2808 4890 quicum
2858 4826 3001 4883 Patri
3052 4841 3107 4886 et
3155 4833 3376 4904 Spiritui
3421 4851 3613 4896 sancto

2026 4905 2229 4976 gloria,
2282 4908 2560 4979 imperium
2586 4954 2604 4980 ,
2656 4915 2857 4985 honor,
2910 4938 3051 4979 nunc
3095 4936 3150 4980 et
3197 4942 3442 5001 semper,
3473 4942 3523 4988 et
3556 4935 3611 4989 in

2026 5000 2223 5054 smcula
2251 5003 2590 5060 saeculorum.
2624 5007 2817 5063 Amen.

1702 5313 1874 5375 HOM
1885 5317 2042 5378 ILIA
2089 5318 2174 5379 Vl

334 5454 456 5508 CAP.
492 5454 546 5507 2.
576 5471 627 5506 v.
654 5452 739 5508 l7.
775 5454 908 5509 Ecce
939 5464 993 5507 tu
1018 5453 1231 5515 Judatus
1271 5457 1643 5526 coguominaris
1669 5499 1681 5517 .
1734 5472 1781 5510 et
1829 5475 1909 5512 re—

400 5547 609 5616 quiescis
636 5547 686 5598 in
718 5548 824 5616 lege
847 5588 861 5611 ,
890 5555 937 5599 et
961 5546 1195 5615 gloriaris
1224 5547 1277 5599 in
1307 5545 1409 5601 Deo
1430 5588 1445 5613 ,
1476 5549 1562 5602 18.
1596 5558 1641 5602 et
1667 5549 1798 5603 nosti
1822 5566 1903 5603 ιιυ-

402 5639 664 5697 ltmtatem,
697 5646 741 5689 et
770 5637 952 5703 probas
980 5638 1144 5699 utilia,
1177 5638 1432 5691 institutus
1459 5656 1521 5693 ea:
1545 5640 1671 5709 lege.

406 5727 453 5779 l.
486 5724 775 5792 Postquam
800 5725 1005 5779 dixerat
1032 5727 1162 5782 nihil
1187 5727 1374 5783 deesse
1395 5729 1582 5783 Graeco
1602 5742 1695 5785 seu
1726 5733 1905 5800 gentili

2023 5460 2087 5513 ad
2119 5461 2345 5515 salutem
2364 5504 2377 5527 ,
2409 5463 2700 5520 dummodo
2732 5468 2902 5539 legem
2932 5488 3130 5542 servet,
3160 5489 3214 5533 et
3238 5481 3609 5542 admirandam

2023 5552 2166 5606 illam
2197 5556 2652 5624 comparationem
2680 5560 2877 5617 fecerat
2908 5582 2920 5616 :
2951 5583 3068 5636 qua:
3102 5570 3432 5627 honorabilia
3464 5582 3604 5646 apud

2017 5643 2233 5698 Judaros
2259 5655 2413 5700 erant
2436 5650 2603 5717 ponit,
2627 5667 2689 5705 ex
2718 5654 2911 5721 quibus
2935 5659 3191 5715 adversus
3215 5664 3431 5722 Graecos
3473 5643 3602 5723 elle-

2018 5735 2287 5789 rebantur.
2323 5737 2385 5790 Et
2410 5739 2581 5807 primo
2611 5741 2783 5811 ipsum
2834 5759 3030 5804 nomen
3057 5789 3075 5816 ,
3127 5754 3266 5821 quod
3308 5757 3602 5814 admodum
