4144 6146
379 221 484 275 455

378 334 473 389 καὶ
501 333 582 397 είς
620 332 818 404 πολλὴν
847 332 945 402 τὴν
981 329 1302 400 δοξομανίαν
1321 371 1338 395 ,
1368 330 1450 384 ὅτι
1481 329 1560 400 τῷ
1585 328 1742 400 δώρῳ
1774 326 1948 397 τούτῳ

376 418 476 470 οὐκ
507 416 589 480 είς
623 413 723 485 τὴν
758 413 1031 484 σωτηρίαν
1069 413 1170 483 τὴν
1213 412 1444 476 ἑαυτῶν,
1485 411 1599 465 ἀλλ’
1628 412 1708 474 είς
1745 410 1808 462 τὸ
1836 407 1946 461 τῶν

376 497 549 552 ἄλλων
569 494 1052 561 κατεξανίστασθαι
1069 495 1164 548 καὶ
1186 493 1460 565 ύπερορᾷν
1474 492 1875 564 κατεκέχρηντο
1892 501 1941 541 ι.

375 582 484 638 Καὶ
506 579 815 652 γινώσκεις
837 578 905 633 τὸ
927 577 1174 648 θέλημα,
1192 579 1289 632 καί
1308 575 1638 646 δοκιμάζεις
1660 576 1732 629 τὰ
1746 571 1946 642 διαφέ-

368 681 579 733 ροντα.
608 662 718 717 Kal
763 661 869 734 μὴν
896 662 992 716 καὶ
1021 661 1181 715 τοῦτο
1211 662 1502 732 ἐλάττωμα
1541 659 1708 730 χωρὶς
1745 656 1908 728 ἐργου
1928 668 1943 686 ⁶

374 746 489 800 ἀλλ’
519 748 670 816 ὅμως
711 745 887 799 ἐδόκει
928 743 1309 814 πλεονέκτημα
1347 738 1506 796 εἶναι·
1545 742 1626 795 διὸ
1663 741 1761 794 καὶ
1807 737 1948 809 μετὰ

373 828 660 900 ἀκριϐείας
678 827 810 882 αὑτδ
831 824 1064 897 τίθησιν.
1084 826 1158 878 Οὐ
1184 827 1254 894 γά
1263 842 1293 896 ρ
1313 819 1456 888 εἷπε,
1478 822 1768 895 Πράττεις,
1787 817 1945 882 ἀλλὰ,

372 911 701 977 Γινώσκεις
726 909 825 964 καὶ
854 908 1214 979 δοκιμάζεις,
1244 909 1304 962 οὐ
1339 907 1582 980 μετέρχῃ
1615 905 1714 959 καὶ
1749 905 1941 965 ποιεῖς.

372 993 670 1060 Πέποιθὰς
693 1009 758 1047 τε
786 991 1050 1047 σεαυτὸν
1069 991 1289 1061 ὁδηγὸν
1314 987 1470 1045 εἶναι
1490 988 1759 1058 τυφλῶν.
1778 985 1945 1040 Πάλιν

371 1075 606 1131 ἐνταῦθα
654 1075 756 1129 οὐκ
789 1069 943 1129 εἶπεν
964 1115 979 1141 ,
1024 1074 1107 1128 ὃτι
1152 1069 1202 1127 εἷ
1247 1073 1439 1143 ὁδηγὸς
1488 1070 1706 1140 τυφλῶν
1726 1109 1740 1133 ,
1776 1066 1943 1133 ἀλλά,

371 1158 691 1224 Πέποιθας,
717 1155 861 1213 οὓτω
891 1155 1216 1228 κομπάζεις,
1259 1155 1426 1225 φησί·
1459 1153 1629 1223 πολλὴ
1671 1153 1780 1221 7&9
1816 1146 1941 1222 ῆνή

371 1242 599 1296 ἀπόνοια
638 1240 749 1295 τῶν
791 1239 1080 1294 Ἰουδαίων.
1116 1238 1207 1292 Διὸ
1248 1239 1343 1292 καὶ
1390 1237 1576 1308 σχεδὸν
1610 1234 1749 1290 αύτά
1779 1232 1945 1302 φθέγ-

371 1340 529 1394 γεται
558 1323 628 1377 τά
660 1324 895 1394 ῥήματα,
926 1321 1070 1393 άπερ
1097 1322 1296 1374 ἐκεῖνοι
1334 1318 1710 1390 κομπάζοντες
1736 1317 1941 1385 ἔλεγον.

374 1412 518 1479 Ὅρα
569 1408 699 1477 γοῦν
746 1409 804 1461 ἐν
850 1408 961 1471 τοῖς
1009 1405 1362 1475 Εὐαγγελίοις
1405 1404 1458 1458 τί
1503 1404 1783 1470 λέγουσιν’
1841 1400 1944 1453 Ἐν

370 1492 680 1562 ἁμαρτίαις
717 1490 798 1545 σὺ
829 1489 1155 1559 ἐγεννήθης
1189 1488 1353 1556 ὅλος,
1389 1486 1488 1543 καί
1515 1486 1598 1540 σὺ
1633 1484 1943 1550 διδάσκεις

369 1573 559 1642 ἠμᾶς;
613 1574 707 1627 καὶ
760 1573 901 1643 μέγα
953 1573 1214 1643 ἐφρόνουν
1266 1571 1410 1626 κατά
1466 1570 1705 1624 πάντων.
1763 1568 1941 1638 Ὅπερ

369 1657 604 1727 ἐλέγχων
635 1657 664 1710 ό
690 1654 900 1719 Παῦλος
938 1655 1171 1726 ἐπέμενε
1195 1652 1248 1719 ι’,
1284 1655 1507 1717 τούτους
1539 1653 1638 1724 μέν
1674 1650 1938 1722 ἐπαίρων,

369 1741 611 1803 ἐκείνους
672 1739 730 1793 δὲ
783 1738 1083 1810 καθαιρῶν,
1139 1738 1226 1792 ῖνα
1293 1737 1439 1792 οὕτω
1505 1736 1708 1807 μᾶλλον
1761 1733 1942 1789 αὐτῶν

368 1820 701 1893 καθάψηται,
733 1821 831 1875 καὶ
869 1820 1173 1892 βαρυτέραν
1208 1823 1413 1893 ποιήσῃ
1448 1818 1546 1890 τὴν
1585 1817 1937 1889 κατηγορίαν.

366 1905 458 1960 Διδ
486 1906 582 1962 καὶ
614 1904 862 1976 πρόεισιν
892 1903 1072 1968 αὔξων
1113 1902 1177 1957 τὸ
1210 1901 1450 1968 τοιοῦτο,
1499 1902 1595 1955 καὶ
1633 1898 1941 1964 πλεονάζων

365 1988 445 2060 τῷ
473 1988 743 2061 διαφόρως
784 1987 1170 2057 ἀπαγγέλλειν.
1208 1986 1505 2052 Πέποιθας
1538 1984 1646 2056 γὰρ
1680 1984 1941 2040 σεαυτὸν

366 2070 591 2141 ὁδηγὸν
629 2067 783 2127 εἶναι
823 2069 1088 2138 τυφλῶν.
1122 2068 1248 2139 ςρῶς
1287 2069 1408 2123 τῶν
1433 2067 1504 2121 ἐν
1535 2067 1739 2121 σκότει
1758 2106 1772 2130 ,
1802 2082 1939 2121 παι-

364 2153 591 2223 δευτὴν
644 2154 923 2224 ἀφρόνων
945 2191 961 2217 ,
1024 2151 1401 2207 διδάσκαλον
1463 2148 1615 2221 [4⁸15]
1670 2151 1936 2217 νηπίων,

365 2238 588 2306 ἔχοντα
635 2235 750 2304 τὴν
796 2236 1113 2305 μόρφωσιν
1173 2233 1285 2302 τῆς
1333 2232 1614 2302 γνώσεως
1669 2231 1768 2286 καί
1828 2229 1939 2299 τῆς

366 2319 653 2386 ἀληθείας
687 2317 758 2370 ἐν
801 2316 881 2382 τῷ
928 2317 1110 2386 νόμῳ.
1155 2317 1268 2370 Οὐκ
1319 2313 1441 2369 εἷπε
1486 2312 1672 2381 πάλιν,
1726 2315 1814 2368 Ἐν
1861 2311 1940 2384 τῷ

367 2400 630 2455 συνειδότι
658 2399 755 2453 καὶ
782 2400 840 2452 ἐν
879 2402 1002 2463 ταῖς
1032 2398 1264 2470 πράξεσι
1307 2398 1401 2452 καὶ
1432 2399 1491 2452 ἐν
1517 2400 1629 2462 τοῖς
1660 2395 1937 2465 κατορθώ-

370 2499 558 2554 μασιν,
602 2481 741 2546 ἀλλ’,
780 2481 877 2535 Ἑν
903 2479 984 2547 τῷ
1024 2483 1205 2551 νόμῳ.
1237 2480 1347 2535 Kal
1373 2479 1547 2534 ταῦτα
1583 2477 1773 2543 είπὼν,
1803 2479 1939 2549 ὅπερ

368 2565 464 2618 καὶ
502 2564 596 2618 ἐπὶ
627 2562 734 2618 τῶν
772 2562 1000 2618 ἐθνικῶν
1046 2563 1303 2635 ἐποίησε,
1351 2562 1510 2617 τοῦτο
1557 2564 1652 2617 καὶ
1684 2560 1935 2616 ἐνταῦθα.

370 2648 580 2718 Ὥσπερ
623 2647 732 2717 7&9
777 2648 892 2701 ἐκεῖ
938 2663 1138 2723 φησιν,
1190 2646 1294 2701 Ἐν
1323 2638 1373 2713 ᾦ
1419 2645 1529 2717 γὰρ
1576 2645 1800 2714 κρίνεις
1833 2642 1940 2697 τὸν

365 2730 596 2800 ἕτερον,
638 2729 899 2785 σεαυτὸν
938 2729 1314 2799 κατακρίνεις
1334 2746 1347 2760 ·
1397 2728 1539 2783 οὕτω
1574 2730 1672 2783 καὶ
1705 2725 1939 2781 ἐνταῦθα

364 2813 534 2882 λέγει,
575 2811 637 2866 '0
663 2807 776 2868 οὖν
799 2810 1106 2867 διδάσκων
1134 2811 1358 2880 ἕτερον,
1381 2810 1645 2867 σεαυτὸν
1672 2811 1744 2865 οὐ
1776 2808 1940 2863 διδά-

365 2911 579 2963 σκεις;
623 2894 758 2949 Ἀλλ’
799 2897 918 2949 ἐκεῖ
963 2895 1064 2967 μὲν
1099 2896 1552 2967 ἀποτομὼτερον,
1609 2893 1840 2948 ἐνταῦθα
1881 2892 1940 2946 δὲ

329 2978 714 3051 ῆμερὼτερον
751 2978 1015 3049 κέχρηται
1052 2976 1132 3048 τῷ
1167 2977 1332 3049 λόγῳ.
1374 2978 1449 3032 Οὐ
1494 2977 1604 3045 7&9
1644 2972 1788 3036 εἶπε,
1829 2975 1942 3029 Kal

368 3061 473 3132 μὴν
498 3059 586 3114 διὰ
602 3060 760 3114 τοῦτο
777 3059 1023 3130 μείζονος
1051 3055 1101 3111 εἰ
1122 3059 1398 3121 κολάσεως
1417 3057 1589 3123 ἄξιος,
1603 3058 1685 3110 ὃτι
1703 3056 1940 3110 τοσαῦτα

364 3141 751 3213 ἐγχειρισθεὶς,
787 3141 957 3195 οὐδενὶ
990 3139 1192 3195 τούτων
1223 3142 1304 3205 είς
1334 3138 1452 3192 δέον
1485 3139 1773 3211 κέχρησαι·
1804 3138 1941 3193 ἀλλά

367 3226 486 3279 κατ’
522 3224 790 3297 ἐρώτησιν
822 3224 1052 3296 προάγει
1082 3224 1175 3278 τὸν
1203 3224 1381 3293 λόγον,
1421 3223 1699 3293 ἐντρέπων
1732 3222 1824 3275 καὶ
1854 3221 1942 3274 λέ-

366 3326 509 3378 γων·
570 3309 632 3362 '0
674 3304 788 3365 οὖν
830 3307 1134 3364 διδάσκων
1163 3308 1389 3378 ἕτερον,
1432 3306 1696 3362 σεαυτὸν
1733 3307 1806 3361 οὐ
1850 3305 1940 3360 δι-

362 3392 643 3458 δάσκεις;
681 3390 882 3446 Σκόπει
911 3391 969 3444 δέ
1005 3407 1096 3462 μοι
1135 3393 1231 3444 :eal
1269 3389 1544 3462 ἑτέρωθεν
1579 3388 1675 3444 τοῦ
1722 3386 1938 3443 Παύλου

365 3474 465 3543 τὴν
522 3475 757 3529 σύνεσιν.
808 3475 890 3529 Τά
942 3475 1050 3546 7&9
1100 3475 1551 3545 πλεονεκτήματα
1600 3474 1783 3546 τίθησι
1830 3473 1940 3529 τῶν

377 3556 651 3609 Ἰουδαίων
681 3556 874 3620 ταῦτα,
907 3556 1051 3627 άπερ
1091 3556 1152 3610 οὐ
1203 3556 1304 3627 τῆς
1346 3555 1527 3610 αὐτῶν
1572 3557 1806 3629 σπουδῆς
1847 3553 1935 3630 ἦν,

366 3637 504 3693 ἀλλά
549 3638 651 3709 τῆς
690 3639 898 3693 ἀνωθεν
941 3638 1170 3710 δωρεᾶς,
1208 3641 1303 3693 καὶ
1340 3639 1633 3707 δείκνυσιν,
1673 3641 1733 3694 οὐ
1779 3641 1939 3713 μόνον

366 3719 602 3790 περιττά
629 3721 761 3775 δντα
780 3719 1071 3792 ἀμελοῦσιν
1100 3722 1304 3786 αὐτοῖς,
1333 3721 1471 3778 ἀλλά
1499 3723 1593 3776 καὶ
1621 3725 1938 3797 προσθήκην

367 3803 641 3868 κολάσεως
683 3803 939 3876 φέροντα.
983 3804 1059 3858 Οὐ
1101 3804 1209 3877 7&9
1239 3806 1300 3860 τὺ
1340 3807 1590 3862 Ἰουδαῖον
1632 3806 1934 3875 καλεῖσθαι,

366 3886 546 3940 αὐτῶν
584 3885 935 3957 κατόρθωμα,
980 3887 1103 3942 οὐδὲ
1141 3888 1205 3941 τὸ
1249 3889 1416 3961 νόμον
1456 3889 1660 3955 λαϐεῖν,
1704 3891 1827 3945 οὐδὲ
1868 3891 1939 3946 τά

364 3968 520 4035 ἄλλα,
549 3968 692 4041 ἀπερ
718 3969 1144 4042 ἀπηριθμήσατο
1172 3970 1289 4035 νῦν,
1319 3970 1456 4025 ἀλλὰ
1479 3971 1580 4042 τῆς
1607 3971 1813 4027 ἀνωθεν
1838 3972 1938 4043 χά-

366 4069 533 4123 ριτος.
584 4054 693 4107 Καὶ
731 4052 883 4126 παρὰ
929 4054 1027 4124 μὲν
1063 4054 1160 4122 τὴν
1191 4053 1366 4127 ἀρχὴν
1412 4054 1619 4124 ἔλεγεν,
1664 4055 1748 4110 ὅτι
1785 4055 1936 4112 οὐδὲν

362 4136 562 4206 ὠφελεῖ
581 4138 614 4209 ή
637 4136 899 4208 ἀκρόασις
916 4136 1015 4192 τοῦ
1035 4136 1222 4209 νόμου,
1245 4138 1342 4192 ἐὰν
1365 4137 1439 4210 μὴ
1458 4139 1491 4209 ή
1515 4137 1712 4208 πρᾶξις
1733 4142 1933 4210 προσ-ξδ’

356 4221 441 4274 Οὐ
470 4220 579 4289 γὰρ
607 4224 659 4274 οἱ
686 4221 970 4288 ἀκροαταὶ
996 4221 1103 4276 τοῦ
1122 4221 1330 4291 νόμου,
1357 4221 1511 4293 φησὶ,
1536 4220 1752 4275 δίκαιοι
1775 4223 1936 4292 παρά

362 4300 443 4367 τῷ
469 4302 610 4368 Θεῷο
638 4303 733 4357 νῦν
751 4303 808 4357 δὲ
829 4303 1006 4373 πολλῷ
1034 4303 1235 4373 μᾶλλον
1262 4303 1552 4369 δείκνυσιν,
1571 4304 1655 4358 ὅτι
1683 4304 1743 4358 ού
1774 4304 1935 4375 μόνον

363 4385 396 4452 ή
422 4384 706 4455 ἀκρόασις,
751 4385 889 4439 ἀλλά
919 4388 1012 4440 καὶ
1033 4426 1048 4449 ,
1096 4385 1127 4440 δ
1170 4385 1331 4440 πλέον
1364 4385 1465 4456 τῆς
1494 4385 1812 4457 ἀκροάσεως
1840 4381 1928 4457 ῆν,

361 4467 396 4537 ή
423 4465 737 4521 διδασκαλία
762 4468 885 4521 οὐδὲ
915 4468 1051 4539 αὑτὴ
1075 4467 1361 4538 δυνήσεται
1388 4467 1709 4538 προστῆναι,
1733 4466 1828 4521 τοῦ
1850 4467 1931 4521 δι-

359 4547 648 4613 δάσκοντος
676 4549 752 4620 μὴ
783 4549 1113 4620 πράττοντος
1142 4549 1308 4620 ἅπερ,
1340 4550 1497 4619 φησὶ,
1532 4548 1805 4604 διδάσκει’
1840 4550 1933 4604 καὶ

358 4631 422 4685 οὗ
455 4630 615 4701 μόνον
632 4631 694 4685 οὐ
718 4631 1105 4701 προστήσεται,
1124 4630 1262 4685 ἀλλά
1284 4631 1381 4684 καὶ
1401 4630 1622 4683 κολάσει
1646 4629 1929 4700 μειζόνως.

359 4711 558 4776 Καλῶς
587 4712 646 4767 δὲ
671 4713 767 4767 καὶ
796 4714 916 4776 ταῖς
947 4712 1123 4778 λέξεσι
1168 4712 1469 4783 κέχρηται·
1502 4711 1564 4764 οὐ
1604 4711 1714 4782 7&9
1755 4706 1929 4778 εἷπεν,

362 4795 598 4858 Ἐλαϐες
623 4794 807 4866 νόμον,
838 4793 953 4848 ἀλλ’
973 4835 991 4861 ,
1035 4794 1429 4863 Ἐπαναπαύῃ
1462 4794 1625 4863 νόμῳ
1642 4808 1657 4824 ·
1690 4792 1787 4847 καὶ
1822 4792 1932 4865 7&9

356 4877 457 4932 οὐκ
484 4877 720 4949 ἔκαμνεν
753 4878 783 4931 ὁ
817 4876 1067 4941 Ἰουδαῖος
1105 4875 1338 4947 περιιὼν
1376 4876 1472 4931 καὶ
1495 4875 1675 4947 ζητῶν
1707 4874 1777 4929 τά
1797 4891 1932 4948 πρα-

357 4960 520 5027 κτέα,
550 4960 666 5015 ἀλλ’
690 4959 750 5027 ἐξ
783 4960 1031 5024 εὐκολίας
1060 4958 1173 5032 εἷχε
1204 4959 1293 5013 τὸν
1313 4958 1477 5029 νόμον
1514 4957 1796 5013 δεικνύντα
1830 4958 1930 5029 τὴν

354 5044 451 5097 ἐπὶ
480 5043 580 5114 τὴν
606 5042 805 5115 ἀρετὴν
834 5043 1104 5114 φέρουσαν
1141 5040 1278 5096 ὁδόν.
1311 5043 1373 5095 El
1416 5040 1526 5113 7&9
1557 5040 1651 5095 καὶ
1686 5043 1756 5096 τά
1799 5041 1925 5112 ἔθνη

355 5127 471 5201 εχει
524 5128 617 5182 τὸν
671 5128 772 5198 τῆς
823 5126 1039 5195 φύσεως
1084 5126 1364 5197 λογισμὸν,
1416 5127 1539 5181 ὃθεν
1598 5126 1777 5180 αὐτῶν
1833 5128 1928 5182 xal

353 5211 694 5275 πλεονεκτεῖ,
721 5211 893 5283 χωρὶς
926 5209 1241 5284 ἀκροάσεως
1277 5208 1354 5273 ὡς
1399 5207 1657 5263 ποιοῦντα
1688 5208 1924 5275 ἅπαντα,

352 5294 467 5349 ἀλλ’
499 5294 650 5366 ὅμως
690 5293 809 5348 ἐκεῖ
842 5291 1042 5365 μείζων
1078 5293 1113 5362 ή
1146 5291 1367 5345 εὐκολία
1396 5285 1485 5361 ἦν.
1533 5289 1596 5343 Et
1622 5290 1675 5344 δέ
1721 5290 1922 5359 λέγεις,

352 5378 435 5432 ὃτι
464 5377 579 5431 Οὐκ
611 5376 795 5431 ἀκούω
844 5376 1023 5448 μόνον,
1055 5375 1193 5430 ἀλλά
1218 5375 1313 5429 καὶΙ
1340 5373 1605 5427 διδάσκω·
1635 5373 1732 5427 καὶ
1764 5373 1924 5427 τοῦτο

261 5483 275 5533 ι
352 5460 487 5515 αὐτὸ
516 5458 804 5531 προσθήκη
840 5459 1128 5532 τιμωρίας.
1181 5457 1399 5529 Ἐπειδὴ
1435 5456 1544 5526 γὰρ
1569 5456 1745 5528 τούτῳ
1781 5458 1924 5528 μέγα

352 5544 633 5616 ἐφρόνουν,
670 5542 920 5598 ἐντεῦθεν
951 5544 1185 5615 μάλιστα
1225 5543 1423 5606 αὐτοὺς
1462 5541 1737 5595 δείκνυσιν
1763 5541 1922 5604 δντας

352 5627 811 5695 καταγελάστους.
854 5628 1021 5683 Ὅταν
1061 5627 1119 5682 δὲ
1147 5626 1315 5698 λέγῃ,
1369 5625 1615 5696 Ὁδηγὸν
1652 5625 1918 5694 τυφλῶν,

412 5746 921 5818 ινριὶίριτςεκέχρηντο.
985 5746 1014 5786 b
1037 5746 1119 5798 Sic
1148 5748 1374 5809 SaviLel
1397 5760 1512 5797 mss.
1541 5745 1711 5798 Morel.
1737 5757 1870 5806 vero,
1893 5751 1919 5795 ο

353 5808 543 5862 Παῦλος
562 5808 776 5866 ἐπέτεμε,
796 5819 1071 5869 perperam.

1063 215 1122 269 S.
1161 210 1447 270 JOANNIS
1484 205 1976 268 CHRYSOSTOMI
2015 205 2337 266 ARCHIEP.
2374 206 2925 267 CONSTANTINOP.

3517 213 3624 269 434

2052 326 2384 397 παιδευτὴν
2439 327 2744 396 ἀφρόνων,
2795 321 3168 376 διδάσκαλον
3226 321 3482 389 νηπίων,
3533 325 3628 379 τὸν

2061 408 2292 464 ἐκείνων
2328 411 2477 479 λέγει
2508 409 2675 477 τῦφον
2695 425 2709 439 ⁸
2741 406 2949 476 σφόδρα
2978 403 3087 477 γδιρ
3115 403 3495 477 ἀπεκέχρηντο
3511 411 3628 470 τοῖς

2052 494 2431 563 προσηλύτοις,
2461 494 2555 547 καὶ
2584 491 2694 547 ἀπὸ
2721 490 2926 544 τούτων
2956 487 3185 542 ἐκάλουν
3209 488 3319 543 τῶν
3344 488 3628 559 ὀνομάτων

2047 590 2267 639 αυτους.

2120 658 2188 728 β’.
2224 660 2317 713 Διὸ
2349 660 2445 713 καὶ
2500 656 2942 727 ἐπιδαψιλεύεται
2996 656 3112 716 τοῖς
3150 652 3402 707 δοκοῦσιν
3443 655 3628 712 αὐτῶν

2058 736 2197 794 εἶναι
2222 741 2538 813 ἐγκωμίοις,
2556 738 2732 804 εἰδὼς,
2756 739 2839 792 ὅτι
2870 736 3113 807 μείζονος
3133 737 3469 808 κατηγορίας
3493 739 3627 792 ὑπό-

2047 822 2191 887 θεσις
2211 825 2278 877 τά
2299 823 2588 893 λεγόμενα.
2612 823 2871 889 Ἕχοντα
2890 818 3008 886 τὴν
3013 819 3331 888 μόρφωσιν
3346 817 3455 887 τῆς
3472 821 3625 890 γνὼ-

2045 919 2198 972 σεως
2222 906 2321 960 καὶ
2354 905 2465 975 τῆς
2491 906 2779 973 ἀληθείας
2812 902 2882 956 ἐν
2906 900 2986 968 τῷ
3023 903 3203 971 νόμῳ.
3235 900 3444 974 Ὠσπερ
3478 904 3544 957 ἀν
3572 905 3627 958 εἰ

2044 1003 2128 1052 τις
2158 987 2257 1059 τήν
2296 987 2581 1060 βασιλικὴν
2615 987 2799 1041 είκόνα
2826 985 2987 1056 έχων,
3029 984 3198 1055 μηδὲν
3223 985 3360 1055 πρὸς
3406 986 3623 1056 ἐκείνην

2044 1070 2272 1142 γράφοιο
2308 1072 2360 1124 οί
2393 1071 2451 1125 δέ
2481 1071 2555 1142 μὴ
2582 1069 2965 1133 πιστευθέντες
2987 1068 3180 1138 αὐτὴν,
3205 1069 3298 1120 zeal
3329 1070 3499 1139 χωρὶς
3523 1071 3621 1124 τοῦ

2044 1152 2402 1225 πρωτοτύπου
2456 1151 2596 1224 μετά
2632 1150 2920 1224 ἀκριϐείας
2967 1151 3137 1222 αὐτὴν
3177 1153 3446 1220 μιμοῖντο.
3491 1149 3622 1206 Εἶτα

2045 1233 2215 1290 εἰπὼν
2230 1234 2301 1289 τά
2319 1235 2794 1307 πλεονεκτήματα,
2825 1235 2968 1304 ἅπερ
2988 1233 3145 1304 ἔσχον
3166 1235 3318 1304 παρὰ
3338 1233 3431 1288 τοῦ
3460 1235 3620 1301 Θεοῦ,

2043 1316 2191 1386 λέγει
2243 1317 2424 1372 αὐτῶν
2472 1318 2548 1372 τά
2596 1317 2989 1387 ἐλαττώματα,
3048 1315 3192 1388 ἀπερ
3248 1318 3298 1369 οί
3347 1318 3622 1389 προφῆται

2045 1401 2404 1473 κατηγόρουν,
2429 1401 2599 1456 ταῦτα
2633 1403 2714 1466 είς
2757 1401 2924 1473 μέσον
2954 1400 3134 1470 φέρων
3159 1416 3174 1431 ο
3220 1400 3289 1454 '0
3312 1397 3427 1456 οὖν
3454 1402 3619 1455 διδὰη

2043 1497 2209 1538 σκων
2229 1484 2456 1554 ἕτερον,
2482 1485 2745 1540 σεαυτὸν
2771 1485 2844 1538 οὐ
2865 1482 3213 1550 διδάσκεις;
3237 1487 3271 1538 ό
3290 1486 3623 1554 κηρύσσων

2036 1563 2125 1635 μὴ
2170 1567 2489 1633 κλέπτειν,
2531 1566 2843 1633 Martem;
2875 1568 2909 1621 ό
2934 1565 3129 1636 λέγων
3158 1565 3247 1635 μὴ
3276 1570 3617 1635 μοιχεύειν,

2036 1651 2338 1719 μοιχεύεις
2357 1667 2378 1716 ;
2434 1654 2467 1706 δ
2506 1650 3010 1720 βδελυσσόμενος
3051 1649 3124 1704 τὰ
3174 1648 3324 1722 [474]
3376 1651 3617 1715 εἴδωλα,

2042 1736 2377 1804 ἱεροσυλεῖς
2388 1753 2409 1801 ;
2462 1736 2575 1790 Kal
2628 1735 2739 1808 7&9
2794 1735 3000 1807 σφόδρα
3053 1729 3121 1806 ἦν
3169 1736 3619 1806 ἀπηγορευμένον

2040 1818 2151 1871 τῶν
2189 1819 2246 1871 ἐν
2276 1820 2387 1883 τοῖς
2416 1818 2709 1882 είδωλείοις
2732 1828 2754 1857 ε
2799 1816 3066 1872 ἅπτεσθαι
3101 1817 3399 1887 χρημάτων
3429 1816 3517 1871 διὰ
3553 1818 3618 1870 τὸ

2043 1899 2326 1972 βδελυρόν·
2361 1902 2396 1973 ή
2434 1901 2492 1954 δέ
2521 1904 2618 1972 τῆς
2656 1898 3090 1971 φιλοχρηματίας
3127 1898 3415 1970 τυραννὶς,
3442 1899 3608 1969 φησι,

2042 1982 2138 2038 καὶ
2185 1983 2375 2038 τοῦτον
2422 1985 2567 2055 ὑμᾶς
2613 1982 2798 2036 ἔπεισε
2854 1982 3235 2052 καταπατῆσαι
3289 1982 3380 2035 τὸν
3424 1983 3609 2053 νόμον.

2040 2062 2173 2120 Εἶτα
2198 2066 2258 2121 τδ
2285 2066 2420 2120 πολὺ
2451 2065 2748 2138 βαρύτερον
2780 2064 3005 2137 ὕστερον
3032 2065 3249 2133 ἐπάγει,
3288 2064 3479 2133 λέγων’
3508 2066 3614 2131 Ὃς

2039 2149 2110 2204 ἐν
2127 2151 2292 2221 νόμῳ
2319 2150 2646 2221 καυχᾶσαι,
2674 2148 2772 2203 διὰ
2811 2147 2919 2216 τῆς
2941 2147 3334 2217 παραϐάσεως
3368 2147 3476 2201 τοῦ
3512 2150 3615 2202 νό-

2033 2251 2155 2304 μου
2181 2234 2289 2288 τὸν
2321 2233 2470 2289 Θεὸν
2496 2231 2831 2304 άτιιιάζέιω
2861 2231 2965 2285 Δύο
2993 2231 3234 2284 τέθεικεν
3273 2229 3614 2300 ἐγκλήματα,

2043 2316 2243 2388 μᾶλλον
2284 2317 2342 2372 δὲ
2377 2317 2527 2389 τρία’
2570 2318 2653 2371 δτι
2682 2333 2742 2369 τε
2788 2315 3146 2386 ἀτιμάζουσι,
3181 2314 3277 2368 καὶ
3318 2315 3401 2368 ὅτι
3436 2313 3504 2367 δι’
3540 2308 3618 2369 ὧν

2039 2399 2399 2472 ἐτιμήθησαν,
2422 2400 2518 2453 καὶ
2538 2400 2621 2453 δτι
2642 2398 2733 2452 τδν
2753 2400 3060 2469 τιμήσαντα
3082 2395 3461 2467 ἀτιμάζουσιν,
3480 2397 3619 2468 ὅπερ

2038 2478 2108 2555 ἦν
2156 2484 2392 2555 ἐσχάτης
2441 2481 2834 2555 ἀγνωμοσύνης
2879 2481 3176 2554 ὑπερϐολή.
3227 2476 3363 2534 Εἶτα
3400 2482 3489 2534 ἵνα
3540 2482 3616 2552 μὴ

2038 2564 2168 2640 δόξῃ
2219 2568 2546 2638 κατηγορεῖν
2589 2563 2822 2629 οἴκοθεν,
2863 2562 2956 2618 τὸν
3001 2564 3288 2634 προφήτην
3335 2564 3617 2634 ἐπήγαγεν

2039 2649 2220 2705 αὐτῶν
2260 2651 2601 2722 κατήγορον,
2629 2649 2724 2703 νῦν
2769 2648 2867 2719 μὲν
2896 2650 2953 2702 ἐν
2984 2648 3173 2721 βραχεῖ
3202 2648 3295 2702 καὶ
3336 2647 3616 2718 συντόμως

2041 2732 2135 2787 καὶ
2159 2733 2235 2797 ὡς
2263 2734 2320 2787 ἐν
2350 2732 2648 2803 κεφαλαίῳ,
2677 2731 2904 2802 ὕστερον
2931 2731 2989 2785 δὲ
3015 2732 3109 2785 zeal
3132 2731 3272 2786 κατά
3300 2729 3487 2804 μέρος,
3518 2731 3617 2784 καὶ

2039 2814 2133 2871 νῦν
2167 2817 2267 2887 μὲν
2295 2816 2386 2870 τὸν
2425 2817 2655 2870 Ἡσαΐαν
2675 2855 2689 2879 ,
2729 2815 2868 2887 μετά
2894 2814 2951 2868 δὲ
2978 2813 3150 2868 ταῦτα
3176 2812 3268 2867 τὸν
3301 2813 3486 2880 Δαυῖδ,
3525 2814 3614 2867 ὅτε

2040 2898 2135 2953 καὶ
2170 2898 2418 2962 πλείονας
2463 2896 2776 2963 ἐπεδείξατο
2818 2898 2945 2960 τοὺς
2985 2896 3262 2966 ἐλέγχους.
3310 2895 3437 2949 Ὅτι
3480 2895 3611 2966 γὰρ,

2041 2996 2115 3052 φη
2122 2981 2229 3048 σὶν,
2245 2982 2344 3035 οὐκ
2356 2979 2467 3048 ἐγὼ
2476 2979 2616 3033 λοιδο
2624 2978 2717 3050 ρού
2725 2995 2881 3049 μενος
2894 2979 2923 3030 ὑ
2931 2979 3021 3048 μῖν
3033 2977 3204 3032 ταῦτα
3216 2977 3516 3046 λέγω,ἀκου
3522 2994 3615 3030 σον

2038 3063 2092 3116 τί
2113 3079 2274 3134 φησιν
2298 3066 2328 3117 ὀ
2362 3063 2609 3126 Ἠσαίας,
2631 3064 2714 3116 ὃτι
2746 3061 2819 3116 Τὸ
2851 3060 3038 3131 ὄνομα
3058 3060 3164 3115 τοῦ
3191 3060 3340 3115 Θεοῦ
3358 3060 3432 3115 δι’
3454 3060 3618 3130 ὑμᾶς

2035 3144 2484 3215 βλασφημεῖται
2518 3145 2589 3199 ἐν
2634 3144 2761 3212 τοῖς
2809 3143 3073 3200 ἔθνεσιν.
3134 3143 3265 3197 Ἰδοὺ
3311 3146 3405 3198 καὶ
3453 3144 3617 3215 ἑτέρα

2040 3228 2199 3299 διπλῆ
2225 3227 2532 3299 κατηγορία
2564 3227 2747 3281 πάλιν.
2774 3227 2850 3281 Οὐ
2881 3225 2990 3298 7&9
3024 3226 3183 3297 μόνον
3215 3226 3393 3291 αὐτοὶ,
3424 3229 3612 3298 φησὶν,

2041 3311 2377 3383 ὑϐρίζουσιν,
2403 3311 2539 3365 ἀλλά
2581 3311 2674 3365 καὶ
2710 3311 2929 3383 ἐτέρους
2971 3311 3051 3375 είς
3074 3310 3230 3364 τοῦτο
3261 3310 3612 3382 παρασκευά-

2040 3395 2213 3460 ζουσι.
2245 3393 2310 3447 Τί
2341 3393 2520 3449 τοίνυν
2550 3394 2651 3466 τῆς
2681 3393 3029 3457 διδασκαλίας
3064 3391 3277 3462 ὄφελος,
3329 3394 3458 3448 ὅταν
3486 3395 3613 3447 ἐαυ-

2039 3476 2167 3543 τοὺς
2207 3476 2284 3550 μὴ
2316 3476 2640 3550 διδάσκητε;
2700 3475 2844 3532 Ἀλλ’
2872 3476 3130 3548 ἀνωτέρω
3161 3475 3260 3546 μὲν
3296 3474 3454 3529 τοῦτο
3487 3471 3611 3529 εἷπε

2040 3563 2235 3635 μόνον,
2266 3561 2499 3617 ἐνταῦθα
2530 3563 2587 3616 δέ
2620 3563 2714 3617 καὶ
2748 3562 2829 3626 είς
2859 3561 2920 3614 τὸ
2954 3559 3194 3614 ἐναντίον
3228 3558 3609 3631 περιέτρεψεν.

2040 3646 2176 3702 Οὐδὲ
2205 3645 2314 3718 γὰρ
2339 3646 2499 3717 μόνον
2521 3647 2767 3709 ἑαυτοὺς,
2793 3644 2905 3699 ἀλλ’
2934 3642 3053 3697 οὐδὲ
3082 3643 3303 3714 ἐτέρους
3329 3641 3610 3696 διδάσκετε

2035 3732 2104 3787 τὰ
2133 3731 2398 3804 πρακτέα·
2433 3733 2527 3785 καὶ
2544 3731 2604 3784 τὸ
2625 3729 2802 3800 πολλῷ
2824 3726 3223 3800 χαλεπώτερον,
3255 3727 3337 3780 ὅτι
3356 3727 3417 3780 ού
3447 3728 3610 3797 μόνον

2037 3816 2097 3869 οὐ
2139 3815 2421 3870 διδάσκετε
2459 3814 2531 3869 τά
2554 3813 2649 3868 τοῦ
2678 3812 2845 3883 νόμου
2865 3850 2880 3874 ,
2911 3808 3047 3865 ἀλλά
3074 3809 3170 3864 καὶ
3192 3810 3261 3863 τά
3286 3808 3502 3863 ἐναντία
3525 3808 3605 3863 δι-

2035 3896 2284 3964 δάσκετε,
2309 3898 2650 3970 βλασφημεῖν
2671 3896 2764 3950 τὸν
2786 3893 2943 3959 θεὸν,
2962 3893 3100 3965 ὅπερ
3120 3892 3357 3948 ἐναντίον
3385 3892 3502 3946 ἐστὶ
3528 3890 3610 3963 τῷ

2117 4062 2258 4117 Ἀλλ’
2287 4064 2322 4134 ή
2349 4062 2619 4134 περιτομὴ
2658 4060 2800 4133 μέγα
2820 4100 2836 4126 ,
2869 4061 3057 4131 φησίν.
3108 4058 3387 4130 Ὀμολογῶ
3425 4058 3604 4127 κάγὼ,

2036 4144 2173 4200 ἀλλά
2192 4145 2337 4214 τότε,
2361 4146 2490 4200 ὅταν
2511 4144 2607 4217 ἔχη
2630 4144 2729 4216 τὴν
2750 4143 2900 4198 ἐνδον
2923 4144 3244 4214 περιτομήν.
3275 4141 3387 4196 Kal
3411 4142 3605 4208 σκόπει

2036 4227 2271 4294 σύνεσιν,
2299 4227 2418 4291 πῶς
2447 4227 2717 4299 εὐκαίρως
2745 4225 2839 4279 τὸν
2868 4224 2998 4294 περὶ
3026 4223 3196 4295 αὐτῆς
3226 4224 3486 4294 είσήγαγε
3512 4224 3604 4277 λό-

2034 4327 2151 4380 γον.
2179 4312 2255 4366 οὐ
2284 4311 2392 4384 7&9
2418 4311 2620 4376 εὐθέως
2650 4311 2744 4365 ἀπ’
2773 4310 2945 4375 αὐτῆς
2966 4309 3189 4381 ῆρξατο,
3220 4308 3408 4380 ἐπειδὴ
3437 4308 3606 4379 πολλή

2032 4389 2101 4466 ἦν
2133 4394 2301 4465 αὐτῆς
2331 4395 2366 4465 ή
2399 4392 2666 4465 ὑπόληψις
2684 4409 2699 4423 υ
2724 4391 2838 4445 ἀλλ’
2866 4391 3027 4463 ήνικα
3051 4389 3249 4457 ἔδειξεν
3269 4390 3469 4454 αὐτοὺς
3496 4390 3607 4444 ἀπὸ

2033 4476 2127 4531 τοῦ
2160 4476 2407 4549 μείζονος
2434 4474 2969 4548 προσκεκρουκότας,
3001 4474 3097 4527 καὶ
3124 4474 3222 4542 τῆς
3255 4473 3335 4537 είς
3359 4474 3453 4527 τὸν
3472 4473 3606 4527 Θεὸν

2034 4558 2382 4631 βλασφημίας
2406 4559 2633 4624 αἰτίους,
2663 4558 2782 4611 τότε
2802 4557 2987 4610 λοιπὸν
3011 4554 3190 4609 λαϐὼν
3214 4556 3307 4610 τὸν
3328 4556 3604 4628 ἀκροατὴν

2031 4643 2415 4713 κατεγνωκότα
2459 4641 2637 4696 αὐτῶν
2656 4681 2671 4704 ,
2701 4641 2798 4694 καὶ
2832 4638 3127 4710 γυμνώσας
3163 4637 3262 4708 τῆς
3292 4639 3601 4711 προεδρίας,

2031 4726 2241 4794 εἰσάγει
2271 4725 2363 4779 τὸν
2396 4725 2525 4795 περὶ
2554 4723 2655 4794 τῆς
2691 4722 2993 4793 περιτομῆς
3028 4721 3206 4789 λόγον,
3240 4719 3479 4792 θαρρῶν,
3517 4723 3602 4775 ὅτι

2027 4807 2204 4871 οὐδεὶς
2232 4808 2369 4879 αὐτῇ
2398 4808 2685 4876 ψηφιεῖται
2715 4803 2902 4857 λοιπὸν
2921 4843 2937 4869 ,
2982 4804 3077 4856 καί
3109 4819 3274 4873 φησιο
3307 4803 3601 4872 Περιτοιιὴ

2024 4889 2142 4959 μὲν
2175 4890 2286 4959 γὰρ
2324 4888 2570 4957 ὠφελεῖ,
2595 4887 2705 4940 ἐὰν
2730 4888 2920 4954 νόμον
2953 4883 3257 4952 πράσσῃς.
3302 4885 3497 4938 Καίτοι
3536 4901 3599 4952 γε

2028 4972 2154 5042 ἐνῆν
2185 4971 2359 5035 ἄλλως
2384 4969 2553 5041 αὐτὴν
2582 4967 2854 5031 ἐκϐαλεῖν,
2881 4966 2974 5019 καὶ
3002 4968 3198 5030 εἰπεῖν,
3227 4966 3293 5019 Τί
3322 4966 3429 5037 γάρ
3452 4968 3601 5020 ἐστιν

2029 5055 2062 5124 ή
2091 5053 2358 5123 περιτομή
2376 5068 2391 5117 ;
2424 5050 2500 5123 μὴ
2520 5051 2628 5122 7&9
2648 5047 2981 5122 κατόρθωμά
3001 5050 3116 5101 ἐστι
3138 5045 3231 5100 τοῦ
3252 5046 3464 5117 ἔχοντος
3482 5065 3497 5114 ;
3523 5048 3600 5118 μὴ

2027 5137 2136 5206 γὰρ
2157 5135 2528 5207 προαιρέσεως
2550 5132 2759 5202 ἀγαθῆς
2785 5130 3072 5199 ἐπίδειξις;
3096 5130 3207 5183 Kal
3226 5129 3334 5198 7&9
3353 5129 3413 5181 ἐν
3436 5127 3602 5200 ἀώρῳ

2027 5218 2235 5287 γίνεται
2255 5216 2459 5289 ἡλικίᾳ,
2481 5215 2574 5269 καὶ
2603 5216 2652 5267 οἱ
2674 5216 2731 5267 ἐν
2758 5217 2823 5287 τῇ
2852 5214 3046 5285 ἐρήμῳ
3069 5213 3126 5266 δὲ
3155 5211 3355 5275 πάντες
3378 5211 3601 5283 ἔμειναν

2025 5298 2388 5370 ἀπερίτμητοι
2420 5297 2609 5369 χρόνον
2650 5295 2837 5349 πολύν·
2870 5298 2965 5349 καὶ
2999 5292 3265 5366 ἑτέρωθεν
3302 5293 3360 5347 δὲ
3399 5292 3602 5346 πολλα-

2023 5381 2180 5453 χόθεν
2216 5380 2315 5434 ἴδοι
2345 5397 2428 5443 τις
2466 5379 2531 5434 ἀν
2557 5379 2724 5449 αὐτὴν
2751 5380 2811 5433 οὐ
2845 5378 3052 5450 σφόδρα
3080 5375 3385 5445 ἀναγκαίαν
3409 5371 3595 5430 οὖσαν.

2036 5464 2174 5518 Ἀλλ’
2220 5464 2368 5535 ὅμως
2395 5463 2497 5517 οὑκ
2536 5461 2785 5517 ἐντεῦθεν
2816 5460 2984 5532 αὐτὴν
3012 5459 3296 5522 ἐκϐάλλει,
3330 5459 3445 5511 ἀλλ’
3475 5459 3598 5511 ὅθεν

2024 5546 2259 5618 μάλιστα
2280 5546 2469 5617 ἐχρῆν,
2496 5545 2606 5601 ἀπὸ
2634 5544 2730 5599 τοῦ
2770 5543 3040 5614 Ἀϐραάμ.
3077 5541 3141 5597 Ἦ
3185 5541 3292 5612 γὰρ
3321 5540 3596 5613 ὑπερϐολὴ

2020 5633 2117 5702 τῆς
2136 5630 2291 5700 νίκης
2319 5628 2479 5701 αὔτη,
2505 5627 2674 5697 δεῖξαι
2706 5627 2954 5683 ἐντεῦθεν
2974 5625 3141 5696 αὐτὴν
3169 5621 3336 5679 οὖσαν
3364 5625 3597 5678 εὐκαταο

2082 5804 2104 5834 ⁸
2127 5798 2521 5860 Δὶίυ8,εἰδώλοις.
