4144 6146
468 320 576 380 453

464 429 782 488 honorabile
806 437 940 490 erat,
973 434 1026 481 ut
1051 435 1132 480 cst
1161 439 1302 478 nunc
1332 421 1776 478 ChriStianismus
1807 440 1820 474 :
1855 423 1922 477 ab
1951 437 2048 492 ap-

470 525 754 593 pellatione
778 519 919 576 enim
949 517 1114 572 multa
1143 515 1442 572 diﬂ‘ercmia
1475 526 1600 571 tunc
1621 526 1736 571 erat
1769 535 1782 570 :
1813 531 1978 586 quare
1994 526 2049 572 et

468 615 593 669 hinc
621 611 846 669 orditur.
878 609 946 664 Et
971 607 1093 662 vide
1137 605 1408 677 quomodo
1451 605 1580 660 illud
1629 605 1886 660 decutiat.
1933 605 2050 662 Non

466 707 606 761 enim
634 704 766 758 dixit
787 745 804 769 ,
831 701 910 757 Tu
935 699 1154 756 Judmus
1176 713 1266 766 es,
1293 697 1388 752 sed
1409 739 1422 761 ,
1463 695 1848 770 Cognominaris
1868 707 1912 752 et
1941 698 2052 770 glo-

464 797 614 850 riaris
651 795 704 849 in
749 792 857 848 Deo
882 833 898 858 ,
949 790 1000 845 id
1030 799 1152 856 est,
1181 788 1330 860 quasi
1353 787 1580 844 dilectus
1608 788 1674 843 ab
1699 789 1790 843 illo
1809 829 1824 854 ,
1856 799 1910 842 et
1940 806 2049 858 pra:

464 890 582 944 aliis
612 887 922 944 hominibus
951 883 1266 938 honoratus.
1300 882 1395 936 Hic
1437 892 1616 936 autem
1664 881 1792 935 mihi
1841 881 2051 936 videtur

465 981 674 1034 illorum
702 977 1062 1048 arrogantiam
1094 986 1147 1029 et
1177 989 1364 1027 vanam
1395 973 1618 1043 gloriam
1649 973 2004 1042 perstringere
2029 991 2043 1037 ;

462 1073 606 1142 quod
637 1072 782 1128 dono
809 1071 904 1125 illo
931 1084 1036 1124 non
1063 1067 1128 1121 ad
1160 1067 1384 1122 salutem
1415 1082 1589 1131 suam,
1623 1068 1716 1121 sed
1758 1077 1812 1120 ut
1836 1067 1886 1120 in
1916 1065 2050 1120 aliis

465 1164 764 1232 insurgunt,
790 1172 952 1230 atque
981 1159 1101 1214 illos
1130 1158 1448 1228 deSpiciant,
1483 1159 1634 1213 abusi
1665 1159 1790 1211 sint.
1827 1157 1891 1210 Et
1921 1158 2050 1212 nosti

463 1256 768 1308 voluntatem
790 1296 806 1321 ,
835 1263 882 1307 et
915 1252 1097 1322 probas
1136 1249 1303 1304 utilia.
1339 1251 1494 1319 Atqui
1524 1250 1625 1304 hoc
1646 1251 1762 1304 sine
1787 1265 1949 1318 opere
1966 1260 2050 1304 est

464 1348 683 1412 vitium;
711 1355 945 1400 attamen
965 1345 1312 1415 praerogativa
1337 1343 1614 1397 videbatur
1634 1360 1754 1398 esse
1786 1343 2047 1413 :ideoque

464 1447 712 1494 accurate
741 1437 866 1491 illud
895 1436 1133 1504 apponit.
1167 1434 1283 1489 Non
1312 1436 1455 1488 enim
1487 1435 1642 1497 dixit,
1677 1433 1827 1488 Facis
1852 1451 1867 1496 ;
1915 1434 2008 1488 sed
2029 1475 2046 1500 ,

467 1528 620 1583 Nosti
643 1538 688 1583 et
718 1528 922 1599 probas,
959 1543 1061 1582 non
1090 1525 1396 1596 aggrederis
1424 1540 1522 1579 nec
1548 1525 1678 1594 agis.
1716 1525 1806 1580 l9.
1826 1525 2050 1594 (.‘onﬁdis

463 1631 510 1674 te
533 1637 638 1675 esse
667 1621 842 1674 ducem
870 1635 1141 1672 ca'corum.
1174 1619 1402 1672 Rursum
1433 1617 1521 1674 hic
1569 1634 1673 1672 non
1725 1618 1854 1672 dicit
1900 1618 2047 1672 illum

463 1710 654 1764 ducem
682 1725 802 1764 esse
827 1725 1089 1764 caecorum
1115 1724 1129 1772 ;
1162 1709 1256 1763 sed
1283 1750 1297 1774 ,
1330 1709 1579 1777 Conﬁdis,
1615 1710 1806 1779 inquit,
1837 1718 1886 1764 te
1917 1724 2049 1763 ven-

461 1800 643 1854 ditas:
676 1800 841 1854 multa
871 1801 1012 1855 enim
1039 1811 1155 1855 erat
1201 1799 1508 1854 Juda-orum
1553 1801 1876 1872 arrogantia.
1925 1799 2049 1856 Ideo

462 1891 648 1942 eadem
680 1889 790 1945 fere
813 1890 972 1944 verba
1005 1899 1255 1958 usurpat,
1285 1905 1404 1959 qua:
1434 1889 1510 1943 illi
1551 1904 1674 1944 sese
1712 1889 2044 1958 jaetitantcs.

466 1982 598 2037 Vide
627 1998 856 2053 namque
877 1981 1001 2052 quid
1033 1983 1084 2036 in
1117 1982 1407 2053 Evangelio
1455 1982 1634 2036 dicant
1666 1998 1679 2036 :
1710 1980 1776 2035 In
1829 1983 2050 2052 peccatis

463 2085 611 2128 natus
638 2092 689 2128 es
715 2085 850 2128 totus
872 2116 888 2140 ,
919 2084 966 2128 et
987 2083 1041 2127 tu
1065 2074 1214 2129 doces
1241 2091 1331 2128 nos
1363 2075 1556 2145 (Joan.
1590 2075 1643 2130 9.
1675 2076 1743 2130 5i
1765 2075 1826 2146 )?
1870 2085 1924 2129 et
1967 2076 2049 2130 al-

465 2177 573 2219 tum
602 2165 882 2234 sapiebant
905 2165 1162 2219 adversus
1184 2181 1391 2220 omnes.
1437 2166 1491 2220 ld
1535 2165 1676 2235 quod
1729 2165 1924 2220 Paulus
1964 2182 2050 2220 ar-

461 2257 672 2326 guendo
700 2258 1078 2325 perseveravit.
1110 2256 1206 2310 hos
1232 2258 1505 2323 attollens,
1538 2259 1656 2312 illos
1689 2257 1971 2328 dejiciens,
1993 2267 2050 2314 ut

465 2347 634 2417 magis
663 2347 783 2401 illos
811 2347 1192 2417 perstringerct
1214 2387 1228 2411 ,
1260 2356 1313 2400 ct
1343 2348 1640 2416 graviorem
1673 2350 1935 2419 proferret
1959 2367 2049 2405 ac-

460 2437 815 2493 cusationem.
845 2437 969 2493 Ideo
993 2439 1331 2509 progreditur
1357 2441 1457 2494 hoc
1487 2456 1689 2511 augens
1716 2452 1770 2497 et
1807 2444 2042 2513 amplili-

461 2546 592 2587 cans
622 2531 836 2587 diverse
867 2531 1156 2586 narrando.
1191 2531 1419 2600 Conﬁdis
1459 2532 1592 2585 enim
1631 2541 1678 2585 te
1720 2550 1827 2586 esse
1865 2533 2046 2587 ducem

460 2639 728 2688 corcor-um,
765 2623 933 2677 lumen
962 2640 1156 2690 eorum,
1187 2625 1274 2694 qui
1299 2625 1351 2677 in
1384 2625 1598 2678 tenebris
1628 2635 1742 2679 sunt
1764 2667 1778 2692 ,
1810 2625 1901 2681 20.
1935 2644 2048 2682 eru-

461 2718 673 2772 ditorem
695 2717 1036 2788 insipientium
1056 2759 1071 2782 ,
1105 2718 1400 2788 magistrum
1430 2718 1704 2788 infantium
1731 2759 1746 2783 ,
1778 2719 2038 2774 habentem

461 2815 679 2881 formam
706 2811 928 2863 scientia:
956 2821 1002 2864 et
1030 2811 1250 2864 veritatis
1275 2810 1327 2862 in
1352 2810 1480 2880 lege.
1511 2810 1625 2864 Non
1653 2810 1787 2864 dixit
1814 2812 2004 2866 iterum
2030 2854 2045 2877 ,

463 2899 517 2954 lu
544 2900 870 2955 conscientia
901 2909 957 2955 et
994 2901 1046 2954 in
1075 2900 1327 2970 Operibus
1351 2942 1366 2966 ,
1403 2901 1454 2954 in
1484 2909 1631 2956 recte
1673 2902 1860 2967 factis;
1910 2903 2002 2958 sed
2029 2943 2044 2970 ,

463 2991 528 3045 In
556 2991 683 3062 lege.
719 2991 783 3044 Et
812 2991 896 3045 his
920 2991 1099 3056 dictis,
1127 2990 1269 3061 quod
1299 2992 1438 3044 circa
1466 2991 1694 3061 gentiles
1741 2992 1866 3046 fecit
1890 3033 1906 3059 ,
1961 2993 2048 3048 hie

462 3081 605 3135 facit.
640 3081 786 3136 Sicut
811 3081 953 3134 cuitu
988 3080 1096 3136 illic
1125 3083 1200 3134 ait
1230 3099 1242 3135 :
1273 3081 1339 3134 In
1363 3099 1462 3151 quo
1492 3083 1622 3136 enim
1636 3083 1847 3152 judiras
1867 3085 2047 3151 alium,

464 3172 678 3241 tcipsum
703 3173 1050 3237 condemnas;
1075 3173 1151 3227 sic
1177 3183 1231 3226 et
1272 3173 1372 3227 hoc
1413 3174 1530 3227 loco
1575 3173 1707 3227 dicit
1742 3190 1761 3227 :
1793 3175 1891 3239 Qui
1929 3192 2050 3246 ergo

466 3263 614 3316 doces
643 3264 822 3330 alium,
852 3264 1066 3334 teipsum
1093 3283 1193 3318 non
1224 3267 1370 3320 dares
1389 3265 1414 3317 ?
1445 3266 1637 3319 Verum
1670 3268 1775 3321 illic
1805 3268 2042 3338 rigidius,

465 3352 556 3406 hic
583 3353 764 3407 mitius
785 3367 1091 3408 sermonem
1123 3363 1400 3426 temperat.
1434 3355 1551 3409 Non
1582 3358 1723 3412 enim
1750 3359 1880 3412 dicit
1906 3377 1920 3413 :
1952 3362 2042 3413 At-

464 3445 554 3515 qui
585 3445 704 3500 ideo
732 3445 923 3514 majori
949 3461 1006 3501 es
1039 3448 1302 3516 supplicio
1333 3449 1545 3518 dignus,
1564 3450 1684 3519 quia
1703 3466 1822 3505 cum
1853 3460 1927 3506 tot
1955 3452 2046 3506 tibi

463 3543 570 3597 sint
598 3543 928 3610 concredita,
963 3544 1107 3597 nullo
1136 3559 1320 3599 eorum
1353 3553 1404 3598 ut
1437 3561 1529 3613 par
1576 3555 1659 3600 est
1698 3557 1866 3601 uteris
1891 3589 1906 3613 ,
1951 3547 2046 3602 sed

465 3650 558 3704 per
591 3635 1062 3705 interrogationem
1091 3636 1220 3705 agit,
1250 3636 1506 3705 pudorem
1539 3637 1804 3692 incutiens
1837 3640 1914 3694 sic
1938 3677 1956 3705 ,
1993 3648 2047 3694 et

462 3723 651 3780 dicens
682 3741 699 3781 :
730 3723 832 3793 Qui
856 3742 976 3796 ergo
1019 3725 1168 3780 doces
1206 3728 1361 3780 alium
1388 3768 1403 3791 ,
1447 3730 1660 3796 teipsum
1707 3747 1808 3783 non
1856 3731 2002 3785 dores
2022 3731 2048 3784 Ρ

464 3816 743 3886 Perpende
771 3827 952 3872 autem
979 3819 1106 3874 mihi
1151 3820 1311 3874 etiam
1350 3821 1564 3876 aliunde
1607 3821 1757 3876 Pauli
1811 3822 2046 3892 pruden-

467 3909 592 3963 tiam
627 3927 641 3962 :
669 3925 763 3965 eas
788 3911 932 3964 enim
959 3910 1264 3968 Judacorum
1297 3914 1676 3984 praerogativas
1705 3916 1890 3984 ponit,
1927 3931 2047 3985 quae

466 4017 572 4058 non
596 4018 664 4059 ex
691 4019 878 4059 eorum
910 4004 1120 4070 studio,
1150 4003 1244 4059 sed
1273 4021 1337 4059 ex
1383 4021 1618 4075 superno
1666 4006 1810 4061 dono
1857 4016 2042 4073 erant,

463 4095 801 4165 ostenditque
828 4111 933 4152 non
961 4095 1123 4152 modo
1149 4097 1448 4167 superfluas
1493 4113 1613 4153 esse
1633 4139 1646 4162 ,
1699 4099 1829 4170 ipsis
1875 4101 2042 4170 negli-

465 4187 713 4255 gentibus
732 4228 749 4255 ,
780 4187 875 4242 sed
901 4189 1062 4243 ctiam
1087 4189 1334 4259 supplicii
1363 4189 1782 4244 additamentum
1827 4190 2042 4246 afferre.

463 4279 578 4336 Non
608 4280 751 4336 enim
784 4281 978 4335 bonum
1007 4296 1140 4350 Opus
1165 4295 1350 4337 eorum
1381 4291 1497 4347 est,
1545 4281 1685 4351 quod
1733 4281 1902 4336 Judaei
1953 4298 2036 4336 vo-

463 4383 690 4437 centur,
725 4387 897 4441 neque
943 4371 1083 4442 quod
1127 4372 1294 4441 legem
1335 4373 1673 4440 acceperint,
1723 4387 1897 4440 neque
1940 4371 2044 4424 alia

462 4479 579 4531 qua:
607 4462 925 4528 numeravit,
952 4461 1047 4516 sed
1076 4477 1142 4516 ex
1168 4476 1396 4530 superna
1423 4463 1591 4531 gratia
1613 4469 1784 4516 erant.
1806 4462 1880 4516 Ac
1903 4461 2046 4531 prin-

461 4557 602 4626 cipio
626 4554 840 4625 quidem
868 4553 1030 4620 dixit,
1059 4552 1192 4607 nihil
1216 4552 1407 4623 jnvare
1435 4551 1480 4605 si
1513 4552 1594 4606 lex
1629 4551 1903 4615 audiatur,
1943 4551 2042 4606 nisi

461 4663 594 4716 opus
620 4645 846 4700 addatur
875 4662 889 4699 ε
922 4643 1045 4700 Non
1067 4649 1199 4699 etaim
1229 4645 1485 4697 auditores
1513 4643 1658 4714 legis,
1687 4644 1888 4714 inquit,
1910 4644 2043 4715 justi

463 4750 572 4790 :ttnt
593 4739 732 4808 apud
760 4737 921 4792 Deum
950 4754 971 4793 :
1002 4752 1143 4791 nunc
1171 4746 1349 4790 autem
1378 4735 1548 4790 multo
1575 4737 1744 4806 magis
1765 4735 1998 4790 ostendit
2024 4777 2040 4801 ,

460 4846 564 4884 non
597 4830 756 4885 modo
785 4829 1149 4894 auditionem,
1192 4829 1286 4884 sed
1337 4829 1499 4884 etiam
1547 4828 1689 4898 quod
1737 4829 1823 4883 illa
1869 4829 2041 4898 majus

460 4935 573 4986 est,
605 4923 925 4988 doctrinam,
972 4939 1074 4978 non
1120 4937 1281 4994 posse
1324 4921 1538 4977 docenti
1592 4921 1946 4991 patrocinari,
1995 4923 2040 4978 si

459 5034 562 5079 non
596 5017 757 5071 faciat
785 5017 872 5071 illa
902 5031 1023 5086 qua:
1049 5018 1242 5081 docet;
1272 5031 1370 5070 nec
1397 5014 1557 5071 modo
1589 5031 1694 5069 non
1743 5015 2042 5085 patrocina-

460 5107 634 5174 bitur,
663 5107 758 5162 sed
788 5108 948 5162 etiam
977 5106 1234 5175 majorem
1265 5107 1499 5162 attrahet
1539 5107 1816 5162 ultionem.
1867 5107 2034 5162 Recte

454 5210 635 5256 autem
669 5200 774 5255 illis
819 5198 1144 5254 dictionibus
1191 5213 1316 5252 usus
1359 5208 1440 5252 est
1473 5214 1485 5250 :
1522 5215 1626 5252 non
1673 5201 1815 5253 enim
1862 5199 2033 5265 dixit,

456 5293 722 5361 Accepisti
756 5293 948 5360 legem,
979 5288 1095 5353 sed,
1129 5289 1415 5359 Requiescis
1442 5290 1492 5342 in
1524 5289 1654 5359 lege.
1684 5289 1869 5357 Neque
1891 5291 2035 5344 enim

455 5383 718 5439 laboravit
744 5383 960 5439 Iudaeus
989 5380 1371 5436 circumeundo
1395 5423 1410 5446 ,
1447 5391 1502 5434 ut
1530 5391 1795 5450 quaereret
1820 5397 1880 5436 ea
1919 5399 2038 5452 quae

453 5474 657 5544 agenda
679 5485 863 5539 erant;
894 5471 987 5527 sed
1019 5471 1172 5527 facile
1199 5469 1382 5524 habuit
1412 5471 1580 5540 legem
1599 5511 1616 5535 ,
1648 5487 1766 5540 qua:
1793 5488 1930 5527 Viam
1951 5491 2038 5529 os-

458 5567 696 5622 tenderet
726 5566 790 5621 ad
841 5565 1110 5620 virtutem.
1163 5562 1383 5618 Etiamsi
1425 5562 1567 5616 enim
1607 5573 1795 5632 gentes
1834 5574 2036 5620 natura:

459 5658 792 5713 ratiocinium
825 5657 1088 5722 habeant,
1119 5654 1261 5710 unde
1289 5653 1406 5708 illos
1433 5663 1706 5722 superant,
1741 5663 1924 5724 utpote
1945 5658 2032 5724 qui

460 5751 575 5806 sine
607 5751 874 5808 auditione
899 5751 1076 5808 omnia
1107 5749 1300 5805 faciant
1328 5765 1341 5813 ;
1375 5758 1603 5804 attamen
1640 5748 1746 5803 illic
1772 5747 1941 5818 major
1969 5751 2030 5802 t'a

1567 308 1628 363 IN
1671 309 1884 365 El‘lST.
1927 311 2018 366 AD
2057 311 2219 368 R03].
2266 314 2493 372 llOlllL.
2537 317 2622 372 Ἦ.

3635 328 3736 383 43b

2156 425 2330 484 cilitus
2359 442 2494 484 erat.
2530 430 2682 499 Quod
2719 433 2762 486 si
2801 435 2947 490 dicas
2971 478 2984 500 ,
3019 437 3134 492 Non
3188 439 3362 495 solum
3403 441 3563 496 audio
3586 484 3601 507 ,
3642 447 3736 499 sed

2157 519 2316 572 etiam
2343 521 2510 577 doceo
2537 539 2552 588 ;
2581 522 2710 579 illud
2756 541 2970 595 quoque
3015 528 3438 588 additamentum
3487 536 3736 606 supplicii

2156 617 2258 662 est.
2293 610 2425 674 Quia
2453 628 2581 681 ergo
2614 614 2712 668 hac
2741 615 2791 669 in
2818 632 2876 670 re
2903 617 3070 672 altum
3093 621 3372 689 sapiebant
3394 665 3408 687 ,
3460 625 3583 680 hinc
3624 640 3737 681 ma-

2158 699 2300 753 xime
2334 700 2454 754 illos
2483 702 2737 758 ridiculos
2762 707 3020 761 ostendit.
3053 707 3187 764 Cum
3214 727 3342 767 vero
3371 713 3517 778 dicit,
3546 713 3739 772 Ducem

2155 808 2401 846 caecorum
2423 835 2437 859 ,
2472 797 2777 851 eruditorem
2805 799 3187 868 insipientium,
3228 806 3526 874 magistrum
3569 809 3740 878 infan—

2155 884 2322 948 tium,
2374 885 2582 939 illorum
2638 887 2828 942 fastum
2880 891 3176 960 exprimit:
3212 909 3535 964 magnopere
3592 898 3735 952 enim

2159 975 2444 1046 proselytis
2471 976 2848 1045 abutebantur,
2872 979 3044 1036 ethoc
3070 983 3187 1036 illos
3214 984 3429 1039 nurnine
3455 986 3734 1041 vocabant.

2227 1067 2280 1119 2.
2315 1066 2436 1120 Ideo
2464 1068 2660 1124 Paulus
2684 1072 2828 1126 varie
2856 1071 2974 1126 illas
2999 1088 3117 1142 qua:
3145 1074 3459 1129 videbantur
3481 1091 3600 1131 8:56
3626 1078 3740 1132 lau-

2157 1158 2254 1213 des
2279 1175 2464 1214 eorum
2492 1162 2688 1226 refert,
2721 1165 2901 1219 sciens
2950 1165 3068 1219 illas
3115 1167 3332 1236 majoris
3385 1170 3738 1226 accusationis

2155 1265 2277 1305 esse
2303 1266 2538 1306 causam.
2572 1253 2854 1310 [lubentem
2886 1258 3103 1328 formam
3129 1261 3351 1315 scientiis
3377 1271 3422 1315 et
3447 1264 3668 1316 veritatis
3683 1264 3738 1318 in

2157 1341 2285 1411 lege.
2319 1344 2396 1396 Ac
2421 1344 2464 1397 si
2490 1346 2608 1413 quis
2641 1347 2842 1415 regiam
2885 1349 3170 1419 imaginem
3223 1351 3458 1420 habens,
3507 1355 3634 1409 nihil
3686 1357 3737 1411 in

2155 1432 2245 1485 illa
2276 1433 2547 1505 depingit;
2579 1437 2612 1490 ii
2644 1453 2771 1492 vero
2799 1439 2992 1507 quibus
3020 1441 3104 1494 illa
3136 1445 3440 1500 concredita
3474 1463 3577 1501 non
3617 1457 3736 1514 est,

2153 1523 2270 1577 sine
2299 1537 2582 1597 prototypo
2631 1538 2878 1584 accurate
2918 1530 3058 1584 illam
3107 1533 3402 1590 imitantur.
3450 1537 3736 1608 Postquam

2153 1618 2419 1670 enarravit
2452 1621 2830 1688 praerogativas
2855 1661 2870 1684 ,
2903 1637 3036 1691 quas
3064 1640 3091 1676 a
3125 1623 3237 1678 Deo
3267 1625 3533 1681 habebant
3555 1669 3569 1689 .
3622 1629 3737 1682 illo-

2155 1721 2270 1758 rum
2307 1707 2431 1759 vitia
2465 1718 2708 1764 rect-nset
2733 1751 2747 1772 ,
2776 1711 2963 1766 eadem
2996 1713 3108 1781 ipsa
3141 1714 3191 1768 in
3225 1716 3455 1770 medium
3484 1717 3734 1786 all‘erens,

2152 1797 2219 1851 de
2240 1798 2433 1866 quibus
2451 1800 2724 1868 propheta:
2744 1804 3067 1859 accusabant
3088 1823 3102 1860 :
3130 1807 3230 1873 Qui
3252 1824 3370 1878 ergo
3387 1810 3534 1863 doces
3553 1811 3734 1877 alium,

2154 1888 2367 1955 teipsmn
2396 1906 2494 1943 non
2525 1890 2713 1956 doces;
2738 1896 2824 1962 qui
2850 1897 3099 1963 praedicas
3124 1914 3224 1950 non
3249 1899 3560 1969 furandum,
3592 1905 3737 1972 fura-

2152 1977 2374 2045 ris;9‘2.
2425 1981 2510 2049 qui
2558 1980 2683 2034 dicis
2724 2000 2824 2036 non
2873 1986 3262 2054 ntmchandum,
3310 1989 3614 2052 mwclmris;
3652 1993 3738 2061 qui

2151 2068 2458 2124 abominaris
2478 2070 2638 2134 idola,
2663 2074 2985 2144 sacrilegium
3007 2077 3176 2145 facis?
3200 2077 3410 2133 Etenim
3434 2080 3586 2134 valde
3615 2097 3737 2150 pro-

2153 2160 2378 2216 hibitum
2405 2173 2554 2227 erat,
2585 2179 2653 2220 ne
2696 2166 2816 2234 quis
2859 2182 2942 2221 res
2987 2168 3248 2223 idolorum
3288 2171 3616 2240 contingent
3669 2175 3738 2228 ob

2149 2255 2688 2311 exsecrationemzet
2729 2267 2920 2312 amata:
2967 2263 3205 2328 pecunia:
3236 2264 3494 2332 tyrannis,
3543 2265 3730 2333 inquit,

2152 2345 2506 2418 hancquoque
2527 2349 2840 2406 conculcare
2867 2352 3034 2421 legem
3058 2353 3206 2408 vobis
3230 2356 3514 2423 persuasit.
3535 2357 3736 2411 Deinde

2151 2438 2293 2506 quod
2323 2439 2538 2506 gravius
2559 2449 2678 2494 erat
2698 2483 2712 2507 ,
2745 2441 2960 2496 demum
2993 2443 3203 2510 intulit,
3231 2447 3415 2500 dicens
3450 2464 3462 2500 :
3493 2447 3582 2500 25.
3635 2448 3737 2510 Qui

2149 2530 2204 2581 in
2231 2529 2339 2600 lege
2362 2531 2618 2599 gloriaris,
2648 2549 2736 2597 per
2763 2535 3228 2602 pra'varicationem
3256 2537 3378 2608 legis
3404 2536 3568 2591 Deum
3596 2540 3736 2591 iulio-

2152 2622 2350 2675 noras?
2388 2623 2503 2676 Duo
2535 2624 2756 2678 crimina
2786 2627 3000 2694 posuit,
3035 2627 3142 2682 imo
3181 2631 3356 2697 potius
3407 2631 3538 2696 tria,
3589 2632 3732 2700 quod

2149 2710 2539 2777 dehonestent,
2595 2714 2734 2782 quod
2783 2731 2878 2784 per
2921 2731 3024 2782 ea,
3073 2719 3226 2784 queis
3273 2719 3518 2772 honorati
3568 2731 3734 2785 sunt,

2149 2803 2292 2876 quod
2321 2821 2380 2859 se
2428 2805 2779 2859 honorantem
2824 2806 3147 2861 inhonoreot
3176 2825 3188 2860 :
3222 2809 3364 2877 quod
3411 2819 3527 2863 erat
3571 2811 3735 2863 animi

2149 2909 2359 2950 summe
2388 2895 2594 2963 ingrati.
2635 2895 2837 2951 Deinde
2869 2913 2934 2951 ne
2965 2898 3235 2953 videretur
3261 2916 3325 2953 ex
3355 2915 3414 2954 se
3444 2916 3696 2956 accusare
3716 2943 3732 2968 ,

2151 2988 2462 3056 prophetam
2493 2995 2859 3044 accusatorem
2880 2989 3112 3055 inducit;
3142 3006 3280 3044 nunc
3305 2993 3516 3061 quidem
3553 2996 3736 3062 paucis

2149 3079 2550 3144 etsummatim,
2582 3079 2774 3134 deinde
2805 3097 2932 3135 vero
2960 3097 3054 3150 per
3084 3095 3262 3151 partes
3293 3100 3306 3136 :
3337 3099 3477 3139 nunc
3504 3084 3690 3139 Isaiam
3717 3127 3733 3151 ,

2147 3180 2333 3239 postea
2361 3172 2636 3240 Davidcm,
2659 3173 2871 3243 quando
2895 3175 3078 3243 plttrcs
3106 3175 3287 3230 retulit
3315 3177 3730 3232 conl'utationes.

2147 3259 2304 3326 Quod
2327 3264 2469 3320 enim
2500 3281 2603 3318 non
2628 3282 2726 3336 ego
2749 3267 2901 3321 vobis
2922 3268 3255 3337 exprobrans
3286 3268 3402 3324 haec
3424 3269 3689 3340 proferam
3715 3312 3730 3336 ,

2145 3353 2353 3426 inquit,
2395 3358 2518 3412 audi
2571 3358 2696 3428 quid
2741 3359 2879 3412 dicat
2910 3359 3071 3413 Isaias
3101 3378 3115 3418 ;
3143 3361 3232 3415 21.
3266 3360 3466 3415 Nomen
3495 3361 3589 3415 Dei
3616 3379 3735 3431 pro-

2149 3460 2258 3519 pter
2281 3466 2368 3505 vos
2405 3450 2785 3520 blasphematur
2812 3453 2862 3505 in
2889 3453 3119 3523 gentibus
3146 3453 3165 3526 (
3192 3454 3313 3510 lsai.
3343 3454 3431 3509 5‘2.
3462 3455 3494 3509 5
3516 3455 3554 3526 ).
3595 3455 3734 3510 Ecce

2148 3543 2307 3597 aliam
2335 3542 2603 3613 duplicem
2631 3545 3053 3600 accusationem.
3079 3543 3193 3600 Non
3226 3547 3400 3602 solum
3421 3547 3565 3602 enim
3609 3548 3730 3616 ipsi,

2149 3635 2350 3703 inquit,
2383 3636 2709 3692 contumelia
2737 3636 3005 3703 afﬁciunt,
3035 3638 3129 3693 sed
3156 3651 3210 3694 et
3233 3641 3366 3696 alios
3393 3640 3458 3694 ad
3485 3640 3534 3693 id
3560 3656 3730 3709 appa-

2149 3737 2286 3782 rant.
2315 3727 2446 3795 Qua:
2479 3729 2634 3798 igitur
2662 3729 2920 3785 doctrinae
2944 3732 3174 3797 utilitas,
3210 3733 3424 3802 quando
3452 3749 3552 3788 vos
3586 3733 3731 3802 ipsos

2148 3835 2254 3873 non
2285 3819 2528 3876 docetis?
2567 3819 2764 3875 Verum
2792 3820 2895 3876 hoc
2922 3831 3124 3876 tantum
3150 3824 3396 3893 superius
3435 3824 3602 3888 dixit,
3648 3823 3734 3878 hic

2146 3928 2275 3967 vero
2303 3913 2352 3966 in
2382 3913 2707 3967 contrarium
2740 3914 2918 3968 vertit.
2950 3913 3064 3968 Non
3092 3915 3264 3970 solum
3304 3915 3446 3969 enim
3492 3931 3596 3968 non
3636 3930 3735 3970 vos

2147 4004 2320 4074 ipsos,
2355 4005 2447 4060 sed
2479 4021 2576 4061 nec
2621 4006 2759 4061 alios
2803 4005 3007 4060 docetis
3046 4022 3109 4061 ea
3155 4023 3272 4077 quze
3307 4007 3510 4076 agenda
3559 4015 3683 4059 sunt
3714 4025 3728 4060 :

2146 4106 2198 4152 et
2225 4097 2366 4168 quod
2395 4098 2550 4167 longe
2572 4098 2784 4167 gravius
2813 4107 2894 4152 cst
2916 4139 2930 4161 ,
2969 4112 3075 4151 non
3107 4099 3278 4152 solum
3308 4113 3368 4151 ea
3387 4137 3402 4160 ,
3435 4112 3554 4164 quae
3597 4094 3730 4164 legis

2146 4199 2292 4256 sunt,
2319 4205 2422 4242 non
2445 4189 2683 4253 docetis;
2709 4189 2801 4242 sed
2823 4189 3086 4242 contraria
3112 4187 3336 4252 docetis,
3362 4186 3732 4256 blasplirntare

2145 4276 2223 4332 De
2244 4295 2310 4331 nn
2333 4319 2348 4343 ,
2378 4277 2520 4347 quod
2553 4279 2652 4346 legi
2679 4277 3005 4331 contrarium
3037 4285 3137 4332 est.

2230 4367 2356 4422 Vera
2383 4369 2716 4432 circumcisio,
2749 4382 2883 4437 quis.
2907 4395 2979 4407 —
3005 4370 3072 4421 At
3095 4367 3453 4435 circumcisio,
3489 4369 3722 4438 inquies,

2147 4474 2337 4529 magna
2369 4474 2455 4514 res
2482 4467 2583 4512 est.
2633 4457 2688 4513 ld
2734 4457 2938 4523 fateor;
2988 4458 3081 4512 sed
3129 4468 3286 4525 tunc,
3329 4473 3450 4514 cum
3498 4460 3728 4514 circum-

2145 4551 2280 4606 cisio
2310 4550 2454 4605 intus
2479 4548 2729 4605 habetur.
2765 4549 2830 4604 Et
2860 4549 2979 4604 vide
3012 4549 3382 4619 prudentiam,
3429 4566 3588 4620 quam
3634 4568 3732 4619 opo-

2148 4655 2372 4714 portunc
2395 4642 2511 4712 ejus
2543 4642 2870 4697 mentionem
2912 4643 3169 4696 intulerit.
3211 4642 3324 4696 Non
3363 4643 3504 4696 enim
3547 4643 3724 4694 statim

2143 4738 2212 4792 ab
2241 4737 2326 4792 illa
2349 4752 2506 4792 orsus
2523 4745 2607 4791 est
2630 4777 2646 4802 ,
2673 4736 2925 4806 quoniam
2953 4751 3142 4807 magna
3165 4744 3281 4791 erat
3306 4736 3373 4791 de
3396 4736 3484 4790 illa
3507 4735 3722 4806 Opinio;

2144 4830 2237 4885 sed
2267 4839 2549 4900 postquam
2574 4830 2812 4886 ostendit
2843 4829 2961 4884 illos
2991 4845 3018 4880 a
3068 4828 3257 4898 majori
3305 4827 3627 4891 ochndisse,
3671 4836 3726 4880 et

2143 4923 2490 4992 blaSphemim
2520 4922 2571 4976 in
2599 4922 2762 4976 Deum
2785 4935 2999 4974 causam
3023 4935 3142 4975 esse
3166 4935 3180 4972 :
3208 4929 3333 4974 tunc
3367 4919 3581 4973 demum
3623 4934 3722 4971 au-

2141 5015 2368 5070 ditorem
2398 5013 2598 5067 habens
2621 5012 2732 5082 jam
2764 5011 2880 5065 illos
2908 5012 3250 5065 damnantem
3271 5052 3288 5078 ,
3315 5020 3368 5064 et
3396 5010 3498 5064 illis
3540 5024 3570 5063 a
3616 5009 3725 5078 pri-

2143 5115 2287 5160 matu
2310 5105 2540 5159 exclusis
2559 5145 2575 5170 ,
2606 5104 2673 5158 de
2703 5103 3110 5158 circumcisione
3134 5102 3274 5172 agit,
3307 5099 3585 5155 conlidens
3629 5113 3725 5154 nc-

2143 5199 2342 5253 minem
2370 5196 2481 5251 fore
2506 5196 2594 5263 qui
2626 5195 2699 5248 illi
2727 5194 3077 5264 suffragetur;
3109 5203 3163 5248 et
3205 5195 3281 5246 ait
3310 5208 3325 5244 :
3352 5191 3442 5247 25.
3494 5191 3726 5245 Circuit:-

2141 5292 2266 5345 cisio
2293 5289 2494 5357 quidem
2519 5289 2758 5359 prodest,
2794 5289 2838 5341 si
2868 5286 3023 5359 legem
3050 5287 3294 5340 observes.
3330 5283 3487 5353 Atqui
3518 5291 3725 5352 poterat

2141 5384 2296 5438 aliter
2323 5382 2468 5436 illam
2500 5381 2698 5448 ejicere
2719 5420 2732 5444 .
2763 5380 3052 5448 dicereque
3083 5396 3096 5430 :
3126 5377 3262 5442 Quid
3294 5376 3436 5430 enim
3484 5384 3566 5428 est
3611 5375 3721 5428 eir-

2139 5473 2438 5529 eumcisio?
2469 5487 2596 5526 num
2625 5487 2759 5539 Opus
2789 5471 2984 5523 bonum
3015 5478 3096 5522 est
3123 5467 3270 5534 ejus,
3301 5465 3389 5534 qui
3436 5465 3577 5519 illam
3628 5464 3721 5517 ha-

2142 5562 2353 5619 buerit?
2382 5578 2506 5617 num
2535 5560 2658 5614 boni
2688 5559 2946 5628 propositi
2995 5555 3413 5626 argumentum?
3461 5554 3616 5623 Atqui
3667 5554 3720 5607 in

2140 5665 2297 5710 :rtatc
2327 5655 2382 5708 lit
2413 5654 2698 5708 immatura
2731 5665 2746 5704 :
2776 5657 2831 5703 et
2857 5648 2945 5718 qui
2980 5649 3030 5701 in
3063 5647 3277 5701 deserto
3318 5655 3465 5701 erant
3489 5687 3503 5712 ,
3551 5645 3720 5699 multo

2142 5760 2378 5817 tempore
2408 5751 2719 5800 utzmscrunt
2744 5740 3101 5798 ineircumeisi
3135 5756 3148 5792 :
3175 5749 3328 5810 atque
3349 5738 3561 5794 aliunde
3583 5737 3716 5793 ntul-
