4122 6150
406 328 513 386 ιδε
1153 322 1208 378 5.
1249 317 1526 377 JOANNIS
1564 313 2031 374 CllllYSOSTUMl
2071 315 2392 375 ARCHIEP.
2431 319 2964 380 CONSTANTINOP.
3581 338 3686 390 ‘35

405 448 582 517 lisque
604 458 668 499 es
697 439 831 497 locis
858 437 1041 494 videre
1069 445 1153 492 est
1176 479 1192 504 ,
1220 437 1365 492 illam
1395 450 1499 490 non
1529 433 1694 490 fuisse
1721 430 1876 488 valde
1904 445 1991 488 ne-

404 535 713 592 cessariam.
746 534 992 586 Attamen
1022 544 1128 583 non
1154 528 1274 583 ideo
1300 527 1446 582 illam
1472 525 1644 596 rejicit
1662 566 1677 591 ,
1706 523 1799 580 sed
1849 522 1990 578 unde

405 629 638 683 maxime
666 624 982 696 oportebat,
1016 621 1082 677 ab
1110 619 1437 676 Abrahamo.
1467 619 1598 674 Nam
1647 617 1772 672 hinc
1818 617 1988 672 victo-

403 721 479 774 ria
507 717 771 774 celebrior
793 724 908 781 est,
937 715 984 770 si
1013 713 1134 768 inde
1157 711 1498 782 deSpicabilis
1524 710 1799 777 videatur,
1849 709 1989 765 unde

404 810 534 879 ipsis
582 808 902 864 venerabilis
942 816 1076 864 erat.
1122 805 1456 876 Quamquam
1501 803 1682 858 dicere
1743 809 1985 872 poterat,

403 900 692 970 prophetas
719 899 932 956 Judaros
963 912 1154 953 vocare
1179 895 1618 961 incircumcisos;
1653 910 1836 950 verum
1879 909 1985 948 non

399 1005 485 1050 est
517 995 618 1049 hoc
647 992 1068 1048 circmncisionis
1094 991 1279 1046 vitium
1302 1033 1316 1054 ,
1348 989 1443 1045 sed
1492 1004 1713 1056 eorum,
1762 989 1851 1060 qui
1897 988 1984 1043 illa

403 1085 544 1139 male
575 1085 879 1140 utebantur.
908 1083 963 1139 ld
993 1080 1135 1153 quod
1165 1081 1420 1152 quaeritur
1447 1089 1561 1146 est,
1593 1090 1651 1134 ut
1677 1079 1989 1134 ostendatur
2016 1145 2018 1154 Ι

402 1174 547 1228 illam
575 1173 631 1228 ln
659 1174 860 1245 Optima
891 1173 996 1226 vita
1029 1171 1156 1226 nihil
1186 1171 1396 1226 roboris
1413 1169 1609 1225 habere
1641 1185 1654 1224 :
1681 1170 1781 1224 hoc
1808 1178 1986 1223 autem

403 1265 497 1318 ille
519 1263 770 1334 deinceps
804 1263 1016 1334 probat.
1041 1263 1109 1318 Et
1138 1261 1226 1317 hic
1255 1261 1467 1332 quidem
1495 1260 1852 1331 patriarcham
1879 1276 1984 1315 non

402 1355 775 1419 adducit,sed
826 1355 926 1408 alia
977 1369 1045 1408 ex
1098 1362 1248 1424 parte
1301 1353 1449 1422 prius
1492 1351 1634 1406 illam
1688 1350 1982 1420 dejiciens,

403 1457 586 1517 postea
619 1446 770 1500 illum
798 1446 1082 1510 observat,
1111 1459 1233 1500 cum
1260 1443 1328 1498 de
1354 1442 1459 1498 ﬁde
1483 1441 1648 1498 verba
1695 1442 1821 1496 facit
1849 1484 1862 1506 ,
1909 1442 1987 1497 sic

403 1539 632 1594 dicens:
668 1535 934 1604 Quomodo
959 1537 1115 1608 igitur
1143 1537 1395 1607 imputata
1434 1544 1508 1590 est
1555 1535 1682 1605 ﬁdes
1727 1534 1988 1589 Abrahae?

403 1646 519 1684 cum
548 1638 674 1684 esset
698 1629 749 1683 in
773 1629 1150 1683 circumcisione
1173 1671 1189 1696 ,
1219 1644 1286 1682 an
1314 1643 1430 1681 cum
1475 1636 1602 1681 esset
1642 1627 1694 1681 in
1738 1627 1988 1697 prceputio

402 1719 592 1792 (Rom.
625 1721 678 1776 4.
711 1720 780 1776 10
803 1720 868 1791 )l
901 1721 1078 1776 Donec
1104 1719 1249 1774 enim
1281 1719 1396 1774 haec
1425 1717 1684 1773 adversus
1731 1718 1983 1787 gentilem

402 1823 456 1870 et
488 1814 858 1884 praeputiatum
885 1812 1161 1880 decertat,
1201 1810 1335 1866 nihil
1365 1810 1556 1866 horum
1604 1809 1718 1864 vult
1763 1809 1944 1864 dicere
1965 1850 1980 1876 ,

401 1921 471 1962 ne
495 1904 649 1960 valde
672 1919 934 1960 onerosus
962 1904 1032 1959 sit
1064 1922 1079 1958 :
1109 1918 1232 1958 cum
1281 1911 1462 1956 autem
1509 1899 1844 1955 circumcisio
1885 1899 1982 1953 ad-

400 2013 590 2055 versus
617 1997 777 2054 ﬁdem
812 2006 1043 2068 pugnat,
1077 2008 1203 2052 tunc
1229 2006 1416 2052 contra
1467 1993 1612 2048 illam
1661 1993 1978 2063 accingitur.

401 2089 617 2145 Interim
663 2090 922 2144 adversus
953 2087 1269 2160 praeputium
1301 2101 1474 2157 pugna
1503 2095 1584 2140 est
1611 2102 1624 2137 :
1657 2093 1982 2155 quapropter

401 2182 584 2238 mitius
611 2182 872 2253 loquitur,
900 2191 956 2236 et
991 2182 1068 2235 ait
1103 2201 1114 2232 :
1147 2180 1473 2234 Circumcisio
1511 2178 1712 2249 quidem
1741 2179 1975 2248 prodest,

399 2275 444 2326 si
467 2274 628 2345 legem
657 2275 886 2327 observes
908 2289 929 2335 ;
953 2275 998 2327 si
1025 2281 1192 2325 autem
1223 2272 1582 2340 prwvaricator
1610 2271 1733 2340 legis
1779 2271 1937 2341 fueris
1959 2310 1976 2336 ,

397 2365 712 2418 circumcisio
739 2373 824 2417 tua
858 2364 911 2417 in
941 2364 1242 2433 praeputium
1269 2379 1409 2417 versa
1433 2373 1522 2416 est.
1555 2361 1692 2416 Duas
1721 2361 1864 2416 enim
1894 2360 1978 2415 hic

395 2455 468 2508 ait
501 2455 938 2510 circumcisioncs
962 2465 1015 2511 et
1041 2455 1148 2510 duo
1175 2457 1461 2527 prmputia,
1490 2466 1548 2510 ut
1572 2463 1626 2511 et
1651 2461 1781 2509 duas
1811 2455 1973 2523 leges.

399 2545 494 2600 Est
521 2547 662 2601 enim
695 2546 777 2603 lex
807 2548 1095 2613 naturalis,
1130 2556 1185 2601 et
1210 2547 1294 2603 lex
1323 2546 1516 2616 scripta
1542 2563 1557 2611 ;
1586 2546 1680 2602 sed
1708 2555 1790 2602 est
1814 2547 1974 2600 etiam

394 2638 567 2693 media
601 2639 740 2694 inter
766 2639 898 2694 duas
920 2681 935 2705 ,
965 2639 1047 2697 lex
1080 2653 1175 2708 per
1200 2654 1383 2709 Opera.
1429 2637 1496 2691 Et
1542 2637 1661 2692 vide
1707 2636 1975 2708 quomodo

395 2729 491 2784 has
548 2738 660 2785 tres
707 2730 850 2800 leges
896 2730 1142 2784 ostendat
1173 2771 1187 2792 .
1233 2739 1284 2783 et
1334 2729 1386 2782 in
1435 2729 1664 2783 medium
1721 2728 1970 2782 adducat.

391 2823 519 2883 Cum
548 2825 678 2877 enim
700 2834 890 2895 gentes,
917 2841 1029 2892 qua:
1050 2824 1206 2896 legem
1229 2841 1326 2877 non
1349 2823 1549 2888 habent,
1568 2822 1754 2892 inquit.
1777 2822 1968 2890 Quam,

389 2931 573 2984 quaeso
593 2959 607 2982 ,
639 2915 847 2986 legem?
874 2915 1157 2986 Scriptatn.
1197 2914 1518 2970 Naturaliter
1551 2932 1610 2970 ea
1634 2958 1650 2982 ,
1690 2932 1803 2986 qua:
1845 2916 1971 2985 legis

389 3017 505 3063 sunt
547 3010 758 3080 faciunt.
803 3008 1005 3074 Cujus?
1034 3009 1162 3077 Ejus
1186 3050 1201 3073 ,
1230 3024 1350 3077 quae
1375 3023 1471 3077 per
1495 3022 1680 3077 opera.
1713 2991 1783 3059 Ili
1812 3009 1972 3078 legem

387 3119 488 3156 non
524 3103 777 3156 habentes.
811 3101 1021 3169 Quam?
1050 3103 1335 3170 Scriptum.
1371 3101 1483 3156 Sibi
1526 3101 1651 3171 ipsis
1696 3109 1813 3154 sunt
1863 3102 1966 3156 lex.

388 3193 714 3261 Quomodo?
743 3193 980 3248 Naturali
1010 3195 1122 3262 lege
1139 3193 1237 3246 usi.
1262 3192 1360 3258 Qui
1387 3191 1654 3246 ostendunt
1675 3207 1801 3262 opus
1821 3191 1966 3262 legis.

392 3285 590 3355 Cujus?
622 3285 749 3355 Ejus
774 3327 787 3348 ,
821 3300 941 3355 quae
973 3301 1068 3354 per
1093 3298 1253 3352 opera
1281 3293 1382 3339 est.
1417 3283 1527 3337 Lex
1562 3281 1730 3337 literis
1773 3281 1969 3351 scripta

389 3378 632 3432 exterior
657 3387 779 3442 est;
810 3377 922 3431 lucc
949 3387 1124 3431 autem
1159 3377 1380 3431 interior
1403 3417 1417 3440 ,
1457 3391 1576 3446 quae
1605 3389 1699 3444 per
1721 3383 1966 3430 naturam

390 3478 473 3524 est
493 3485 509 3535 ;
531 3469 634 3524 alia
663 3484 792 3524 vero
819 3469 870 3522 in
902 3469 1109 3523 actibus
1136 3485 1150 3521 :
1184 3477 1238 3523 et
1259 3468 1405 3521 illam
1435 3467 1650 3537 quidem
1679 3468 1847 3522 literas
1881 3467 1965 3522 di-

389 3568 566 3624 etant,
599 3560 754 3613 aliam
788 3569 998 3624 natura,
1030 3559 1238 3612 tertiam
1266 3565 1433 3613 actus.
1471 3558 1582 3614 llac
1609 3566 1786 3614 autem
1813 3560 1966 3615 tertia

385 3660 468 3705 est
495 3665 630 3720 opus
651 3690 666 3716 ,
697 3659 913 3719 prepter
939 3665 1098 3719 quam
1124 3651 1240 3704 aliae
1266 3651 1418 3715 duae,
1452 3652 1709 3706 naturalis
1738 3661 1792 3707 et
1844 3652 1966 3707 lite-

389 3745 538 3800 ralis.
572 3743 722 3811 Quod
755 3745 797 3799 si
837 3743 951 3800 hanc
997 3761 1103 3800 non
1146 3744 1315 3812 adsit,
1355 3745 1566 3800 illarum
1616 3747 1794 3802 nullus
1839 3762 1968 3802 usus

390 3843 510 3899 est,
543 3835 637 3890 sed
669 3845 1046 3890 nocumentum
1078 3838 1386 3892 maximum.
1433 3838 1499 3892 Et
1547 3838 1649 3894 hoc
1692 3840 1964 3906 ostendit,

385 3928 455 3984 de
473 3928 698 3983 naturali
716 3927 930 3999 quidem
955 3928 1136 3983 dicens
1169 3948 1184 3984 :
1216 3927 1278 3982 In
1298 3945 1396 3998 quo
1417 3931 1549 3983 enim
1557 3930 1765 3997 judicas
1785 3931 1963 3999 alium,

389 4019 606 4088 teipsum
627 4018 970 4082 condemnas;
997 4017 1064 4072 de
1086 4019 1281 4087 scripta
1310 4034 1458 4084 vero,
1483 4019 1582 4086 Qui
1597 4021 1848 4089 praedicas
1864 4038 1964 4075 non

387 4109 704 4181 furandum,
753 4107 964 4179 [urat-is.
1014 4109 1101 4164 Sic
1149 4119 1200 4164 et
1247 4111 1502 4179 pra-pulla
1540 4109 1691 4165 duo:
1725 4112 1968 4166 naturale

354 4219 553 4258 ,unum
581 4245 596 4270 ,
640 4203 865 4258 alterum
917 4217 980 4256 ex
1036 4216 1202 4272 opere
1235 4219 1249 4256 :
1279 4210 1334 4257 et
1374 4202 1708 4257 circumcisio
1761 4217 1863 4256 una
1913 4201 1964 4256 in

388 4309 584 4357 carne,
613 4294 779 4347 altera
811 4308 840 4345 a
870 4293 1158 4346 voluntate.
1191 4292 1428 4361 Exempli
1455 4307 1614 4346 causa
1640 4334 1654 4357 ,
1686 4292 1967 4348 circumci-

385 4398 482 4442 sus
504 4387 622 4458 quis
644 4394 727 4442 est
741 4395 928 4441 octavo
952 4387 1039 4441 die
1062 4402 1078 4451 ;
1103 4387 1215 4441 hzec
1240 4395 1322 4441 est
1345 4387 1573 4440 carnalis
1589 4387 1924 4443 circumcisio
1949 4405 1962 4442 :

382 4491 716 4549 exsequutus
746 4489 831 4534 est
858 4479 979 4549 quis
1005 4478 1190 4548 lcgalia
1214 4479 1426 4544 omnia;
1457 4478 1570 4533 haec
1608 4489 1690 4534 est
1712 4480 1963 4550 spiritua-

385 4575 451 4628 lis
477 4572 837 4637 circumcisio,
867 4585 1024 4640 quam
1051 4571 1280 4625 maxime
1307 4571 1498 4639 quaerit
1527 4571 1720 4626 Paulus
1739 4612 1754 4637 ,
1779 4573 1886 4626 imo
1912 4581 1966 4628 et

383 4664 495 4735 ipsa
527 4664 631 4718 lex.

453 4755 507 4809 3.
539 4753 673 4808 Vide
701 4753 887 4822 igitur,
917 4761 977 4808 ut
1006 4753 1168 4808 verbo
1199 4752 1341 4807 illam
1379 4749 1702 4818 concedens,
1735 4767 1792 4807 rc
1820 4752 1963 4808 illam

389 4844 684 4900 sustulerit.
715 4844 831 4899 Non
854 4843 996 4900 enim
1013 4844 1165 4910 dixit,
1188 4843 1465 4914 Superﬁua
1492 4852 1575 4899 est
1604 4841 1959 4911 circumcisio,

390 4927 612 5002 inutilis,
637 4935 993 5002 infructuosa;
1021 4934 1114 4990 sed
1151 4935 1277 5005 quid
1299 4935 1322 4989 ?
1343 4934 1672 4990 Circumcisio
1710 4936 1843 4989 enim
1864 4936 1964 4989 uti-

386 5028 450 5083 lis
475 5037 568 5094 est,
590 5029 632 5082 si
657 5027 817 5098 legem
837 5043 1020 5082 serves.
1051 5026 1283 5080 Admisit
1326 5027 1540 5082 interim
1580 5027 1725 5082 illam
1749 5026 1957 5095 dicens,

387 5119 669 5184 conﬁteor,
701 5128 756 5174 et
795 5135 902 5175 non
940 5118 1249 5174 contradico
1291 5119 1486 5174 bonam
1526 5133 1647 5175 esse
1682 5119 1963 5174 circumci-

382 5213 624 5277 sionem;
655 5211 748 5267 sed
794 5212 1045 5282 quando?
1091 5211 1225 5268 Cum
1256 5213 1386 5283 legis
1411 5212 1839 5267 observationem
1862 5211 1959 5266 ha-

382 5303 488 5357 bet.
523 5303 584 5359 Si
601 5319 716 5358 vero
757 5303 1113 5374 praearicator
1139 5303 1262 5373 legis
1293 5303 1470 5373 fueris,
1518 5304 1830 5358 circumcisio
1874 5313 1961 5356 tua

379 5399 682 5466 prteputium
703 5400 842 5470 facta
869 5405 962 5452 est.
997 5394 1110 5452 Non
1133 5396 1287 5462 dixit,
1313 5396 1426 5450 Non
1468 5397 1604 5450 ultra
1630 5396 1865 5465 prodest,
1891 5411 1959 5451 nc

387 5486 634 5541 videatur
680 5487 823 5541 illam
865 5487 1186 5543 contumelia
1227 5486 1473 5552 afﬁcere;
1517 5486 1610 5540 sed
1633 5487 1723 5540 ubi
1758 5485 1844 5540 illa
1865 5485 1958 5540 Ju-

381 5579 556 5632 durum
588 5579 914 5647 denudavit,
947 5591 1074 5637 tunc
1117 5581 1332 5636 demum
1363 5582 1503 5636 illam
1538 5581 1745 5650 impetit
1776 5579 1954 5650 :quod

379 5683 485 5722 non
511 5669 618 5736 jam
643 5679 726 5724 est
747 5673 1168 5727 circumcisionis
1194 5673 1538 5739 contumelia,
1572 5669 1665 5726 sed
1696 5670 1832 5740 ejus,
1863 5670 1953 5740 qui

374 5758 444 5813 ob
472 5759 735 5827 ignaviam
773 5761 913 5816 illam
952 5763 1152 5822 amisit.
1197 5761 1347 5819 Sicut
1395 5763 1555 5832 igitur
1596 5762 1739 5817 viros
1795 5761 1946 5815 indi-

2091 431 2384 499 gnitatibus
2419 435 2739 491 constitutos
2764 479 2778 503 ,
2810 437 3005 494 deinde
3058 439 3109 493 in
3141 443 3347 512 magnis
3383 445 3685 506 sceleribus

2092 522 2479 594 deprehensos.
2509 528 2722 597 judices
2765 529 2912 600 prius
2945 531 3129 587 ablato
3152 533 3474 605 dignitatum
3509 538 3684 595 hono—

2093 631 2176 682 re,
2211 626 2337 673 tunc
2360 621 2626 690 supplicio
2649 620 2864 677 tradunt
2895 641 2906 677 :
2941 623 3017 677 sic
3039 632 3094 678 et
3116 625 3312 680 Paulus
3357 627 3506 684 fecit.
3542 631 3679 687 Cum

2090 710 2233 762 enim
2263 707 2516 777 dixisset,
2543 711 2605 766 Si
2628 721 2794 766 autem
2824 717 3188 782 prwvnricator
3218 717 3344 786 legis
3367 722 3546 791 fueris,
3575 725 3671 779 ad-

2089 799 2244 867 didit,
2300 801 2631 859 Circumcisio
2679 815 2767 860 tua
2815 809 3125 877 prteputium
3151 814 3288 880 facta
3315 824 3428 880 est;
3457 826 3513 872 et
3556 834 3679 875 cum

2092 891 2523 949 incircumcisum
2548 897 2894 962 ostendisset,
2925 900 3072 954 illum
3103 902 3220 957 sine
3250 915 3394 959 metu
3425 907 3670 966 damnat.

2089 982 2179 1038 26.
2210 983 2336 1040 Cum
2361 987 2516 1057 igitur
2547 990 2852 1058 pra'putinrn
2894 992 3288 1061 justi/icationes
3321 995 3445 1068 legis
3472 1013 3635 1054 servat
3660 1045 3676 1068 ,

2090 1091 2258 1130 nonne
2303 1080 2617 1148 pt'wputium
2640 1081 2749 1151 ejus
2772 1081 2823 1135 in
2849 1083 3282 1138 circumcisionem
3322 1096 3678 1147 convertetur?

2093 1165 2225 1221 Vide
2251 1168 2375 1237 quid
2407 1169 2716 1226 faciat:non
2734 1172 2882 1238 dicit,
2915 1174 3058 1243 quod
3090 1179 3408 1247 praeputium
3438 1183 3674 1238 circnm-

2088 1257 2348 1314 cisionem
2376 1260 2586 1326 vincat;
2618 1262 2721 1317 hoc
2745 1264 2888 1318 enim
2913 1265 3066 1320 valde
3095 1267 3380 1323 molestum
3414 1272 3671 1327 auditori-

2090 1351 2188 1404 bus
2212 1361 2388 1416 esset;
2436 1352 2529 1407 sed
2560 1353 2700 1423 quod
2731 1357 3048 1424 praeputium
3093 1358 3436 1417 circumcisio
3475 1363 3672 1419 factum

2087 1445 2174 1499 sit.
2196 1446 2274 1499 Ac
2296 1444 2490 1501 deinde
2515 1447 2724 1516 qumrit,
2744 1449 2870 1518 quid
2903 1449 2974 1504 sit
3001 1450 3364 1521 circumcisio,
3383 1456 3510 1524 quid
3537 1472 3671 1526 prm-

2091 1537 2294 1605 putium
2319 1552 2335 1601 ;
2361 1544 2414 1591 et
2452 1537 2581 1592 dicit
2605 1537 3072 1594 circumcisionem
3101 1557 3224 1598 esse
3270 1559 3405 1614 opus
3438 1548 3632 1602 bonum
3655 1593 3668 1612 ,

2089 1637 2144 1682 ct
2179 1645 2323 1699 pi-zep
2349 1631 2494 1682 'littm
2532 1648 2644 1686 rem
2675 1633 2902 1688 malam:
2935 1644 3134 1690 etcum
3166 1639 3316 1707 prius
3348 1642 3398 1696 in
3438 1644 3667 1698 circum-

2086 1723 2341 1778 cisionem
2381 1732 2640 1780 mutasset
2678 1727 3050 1797 praeputiatum
3094 1730 3252 1787 bonis
3293 1736 3545 1805 operibus
3582 1726 3668 1790 in-

2085 1822 2367 1882 structum,
2393 1823 2447 1870 et
2467 1815 2841 1873 circumcisum
2873 1830 3126 1891 corrupte
3148 1824 3408 1881 viventem
3440 1829 3490 1880 in
3517 1845 3662 1898 prac-

2090 1906 2294 1974 putium
2343 1907 2794 1977 impulissctzsic
2849 1911 3128 1968 victoriam
3189 1915 3273 1970 dat
3323 1921 3661 1986 pra'putiato.

2083 1996 2192 2052 Nec
2237 1996 2366 2052 dicit
2415 2007 2588 2054 tamen
2620 2040 2636 2063 ,
2667 1999 3029 2070 Prteputiato;
3087 2005 3182 2060 sed
3230 2007 3294 2061 ad
3335 2011 3497 2077 ipsam
3544 2027 3658 2066 rem

2087 2089 2298 2152 transit,
2333 2089 2412 2144 sic
2458 2091 2683 2145 dicens:
2718 2089 2905 2147 Nonne
2953 2098 3264 2166 prrrputium
3313 2109 3459 2151 tuum
3485 2101 3535 2154 in
3556 2104 3661 2154 cir-

2081 2181 2434 2235 cnmcisionem
2483 2185 2846 2236 convcrtetur?
2916 2184 3031 2239 Non
3076 2186 3224 2251 dicit,
3293 2187 3661 2258 lmpntabitur,

2083 2273 2199 2338 sed,
2246 2272 2593 2341 Convertctur,
2635 2275 2776 2346 quod
2828 2279 2950 2341 magi
2975 2294 3090 2333 rem
3139 2280 3436 2349 emphasim
3472 2284 3662 2338 habet:

2081 2364 2217 2421 sicut
2247 2379 2346 2420 nec
2377 2367 2625 2435 superius
2655 2367 2810 2435 deit,
2841 2370 3193 2424 Circumcisio
3227 2381 3312 2430 tua
3340 2377 3660 2444 praeputium

2081 2465 2382 2525 reputatur,
2407 2457 2500 2511 sed
2533 2455 2696 2511 Facta
2723 2471 2816 2512 est.
2845 2459 2937 2513 27.
2970 2459 3039 2514 Et
3055 2463 3311 2532 judicabit
3336 2465 3474 2531 quod
3496 2475 3569 2519 est
3590 2484 3652 2521 ea:

2078 2555 2260 2600 natura
2285 2547 2608 2618 prteputium.
2645 2549 2825 2604 Viden’
2867 2552 3013 2606 illum
3050 2553 3156 2606 duo
3193 2571 3351 2610 nosse
3378 2558 3656 2626 prmputia,

2077 2637 2223 2692 aliud
2251 2654 2315 2693 ex
2348 2647 2534 2693 natura
2554 2682 2568 2707 ,
2598 2640 2738 2694 aliud
2771 2657 2835 2696 ex
2877 2643 3186 2699 voluntate?
3213 2645 3310 2698 llic
3338 2662 3465 2701 vero
3505 2648 3653 2709 illud.

2077 2731 2216 2800 quod
2247 2748 2309 2784 ex
2356 2740 2542 2786 natura
2578 2741 2680 2798 est,
2710 2732 2858 2800 dicit,
2909 2748 3082 2805 neque
3117 2735 3200 2791 hic
3243 2737 3468 2806 gradum
3489 2739 3649 2806 sistit,

2075 2822 2169 2877 sed
2194 2823 2342 2879 addit
2375 2846 2387 2881 :
2417 2824 2600 2894 Legem
2649 2841 3025 2892 consummans,
3059 2839 3106 2882 te
3129 2831 3214 2898 qui
3257 2847 3344 2899 per
3385 2832 3584 2884 literam
3612 2844 3660 2886 et

2074 2917 2500 2972 circumcisionem
2533 2928 2874 2989 transgressor
2910 2937 2963 2975 es
2989 2922 3112 2992 legis
3133 2923 3159 2976 ?
3206 2922 3338 2978 Vide
3368 2924 3656 2978 subtilissi-

2075 3023 2215 3062 mam
2241 3009 2358 3079 ejus
2389 3010 2747 3079 prudentiam.
2790 3011 2904 3065 Non
2953 3012 3102 3079 dicit,
3157 3015 3473 3083 praeputium
3513 3015 3657 3085 quod

2074 3110 2138 3151 ex
2185 3109 2372 3153 natura
2422 3106 2527 3164 est,
2585 3100 3049 3156 circumcisionem
3096 3102 3455 3172 judicaturum
3498 3121 3655 3171 esse;

2072 3204 2258 3245 verum
2283 3191 2367 3244 uhi
2415 3191 2635 3244 vietoria
2682 3201 2820 3258 erat,
2865 3207 2930 3246 eo
2959 3194 3275 3263 prmputium
3321 3195 3652 3260 introducit;

2072 3281 2160 3337 ubi
2188 3297 2316 3337 vero
2353 3282 2609 3347 vincitur,
2645 3300 2749 3338 non
2786 3285 2922 3339 ultra
2962 3284 3428 3343 circumcisionem
3457 3289 3651 3344 vietam

2076 3387 2197 3427 esse
2221 3373 2377 3438 dicit,
2400 3373 2493 3428 sed
2527 3375 2901 3430 circumcisum
2938 3374 3202 3441 Judaeum,
3237 3393 3436 3434 cavens
3462 3395 3528 3434 ne
3559 3395 3655 3433 au-

2072 3462 2301 3518 ditorem
2333 3464 2607 3532 percellat.
2638 3465 2745 3520 Nec
2771 3465 2906 3519 dixit
2935 3483 2948 3520 :
2979 3465 3054 3522 Te
3083 3467 3172 3536 qni
3205 3468 3374 3539 legem
3408 3470 3572 3525 habes
3599 3482 3652 3525 et

2073 3553 2564 3619 circumcisionem,
2612 3555 2707 3610 sed
2751 3555 2925 3610 adhuc
2964 3557 3146 3612 mitius
3176 3575 3192 3613 :
3222 3557 3295 3613 Te
3314 3562 3402 3629 qui
3421 3577 3510 3631 per
3537 3561 3651 3616 lite-

2072 3661 2184 3698 ram
2207 3656 2251 3699 et
2276 3645 2712 3700 circumcisionem
2761 3657 3104 3718 transgressor
3145 3666 3197 3703 es
3227 3650 3352 3721 legis
3383 3667 3402 3716 ;
3427 3652 3528 3708 hoc
3548 3661 3650 3719 est,

2071 3745 2126 3790 et
2163 3736 2629 3790 circumcisionem
2679 3736 2956 3792 ulciscitur
3002 3739 3105 3793 tale
3131 3741 3487 3812 przrputium;
3530 3757 3652 3797 nam

2072 3828 2160 3882 illa
2188 3828 2314 3882 lmsa
2340 3837 2423 3883 cst
2453 3845 2466 3881 :
2499 3839 2553 3882 et
2579 3828 2872 3882 auxiliatur
2896 3828 3029 3898 legi;
3080 3829 3476 3886 incommodum
3507 3832 3651 3886 enim

2073 3933 2226 3988 passa
2255 3928 2379 3987 est;
2421 3918 2873 3989 splendidumque
2907 3920 3066 3990 erigit
3109 3929 3390 3989 tropaeum.
3417 3921 3651 3978 Victoria

2069 4013 2214 4066 enim
2245 4020 2368 4064 tunc
2397 4010 2674 4082 splendida
2700 4020 2802 4076 est,
2831 4027 2952 4066 cum
2990 4028 3098 4067 non
3121 4027 3150 4067 a
3184 4013 3372 4069 Judteo
3410 4013 3648 4077 Judmus,

2071 4104 2166 4159 sed
2189 4119 2220 4159 a
2251 4103 2572 4173 praeputiato
2619 4103 2882 4169 vincitur;
2930 4112 2988 4158 ut
3015 4119 3136 4159 cum
3158 4105 3232 4160 ait
3266 4124 3280 4160 :
3313 4105 3423 4160 Viri
3447 4106 3651 4160 Ninivi-

2072 4203 2137 4248 ιω
2184 4204 2430 4265 surgent,
2487 4204 2535 4248 et
2587 4194 2994 4249 condemnabunt
3054 4197 3426 4265 generationem
3499 4199 3628 4252 hanc

2075 4285 2286 4356 (ΜαιιΙι.
2341 4285 2428 4338 12.
2451 4285 2564 4356 ll).
2593 4285 2775 4356 Itaque
2821 4302 2926 4340 non
2949 4286 3122 4356 legem
3160 4287 3648 4352 inhonorat;illam

2069 4375 2214 4430 enim
2261 4390 2585 4445 magnOpere
2629 4386 2916 4431 veneratur
2973 4395 2986 4432 :
3033 4377 3126 4432 sed
3149 4393 3294 4446 eum,
3342 4380 3432 4449 qui
3477 4380 3648 4450 legem

2070 4470 2392 4523 contumelia
2423 4468 2610 4522 afﬁcit.
2639 4468 2842 4524 Deinde
2886 4478 3169 4540 postquam
3204 4471 3319 4526 haec
3357 4473 3503 4527 clare
3526 4488 3649 4543 pro-

2070 4559 2234 4626 bavit,
2263 4561 2490 4616 ﬁdenter
2516 4561 2700 4615 delinit
2748 4560 2876 4631 quid
2902 4561 2974 4616 sit
3000 4559 3219 4617 Judazus
3243 4578 3259 4629 ;
3310 4563 3651 4633 ostenditque

2069 4669 2174 4708 non
2198 4671 2256 4708 se
2276 4653 2519 4708 Judaeum
2545 4669 2640 4708 nec
2658 4653 3141 4722 circumcisionem,
3165 4655 3261 4711 sed
3283 4671 3388 4711 non
3405 4656 3648 4712 ludatum

2068 4756 2122 4800 ct
2149 4745 2576 4800 incircumcisum
2614 4745 2825 4814 ejicere.
2867 4745 2946 4803 Ac
2987 4745 3198 4801 videtur
3239 4746 3455 4817 quidem
3502 4747 3647 4801 illam

2067 4839 2374 4906 defendere,
2395 4838 2487 4894 sed
2510 4838 2626 4908 ejus
2653 4838 3100 4893 existimationem
3129 4839 3305 4903 solvit,
3333 4854 3364 4893 a
3389 4839 3464 4894 rei
3485 4853 3652 4892 even-

2065 4939 2122 4986 tu
2148 4931 2410 4986 calculum
2431 4929 2629 4985 ferens.
2653 4929 2898 4984 Ostendit
2926 4930 3069 4984 enim
3110 4945 3217 4984 non
3244 4928 3404 4986 modo
3444 4929 3647 4983 nullum

2067 5036 2188 5077 esse
2227 5021 2514 5077 discrimen
2559 5021 2698 5074 inter
2737 5019 2980 5074 Judaeum
3009 5029 3064 5076 et
3111 5020 3482 5092 praeputiatum
3512 5035 3528 5086 ;
3557 5018 3649 5072 sed

2066 5113 2225 5168 etiam
2251 5112 2581 5181 superiorem
2601 5126 2720 5167 esse
2749 5111 3118 5181 praeputiatuni
3142 5154 3157 5177 ,
3190 5113 3234 5165 si
3261 5112 3359 5166 sibi
3383 5109 3646 5174 attendat,

2065 5204 2419 5275 eumdemque
2445 5220 2568 5259 vere
2583 5219 2702 5259 esse
2719 5203 2961 5258 Judaeum
2981 5221 2994 5257 :
3022 5204 3139 5259 ideo
3161 5205 3234 5258 ait
3252 5203 3367 5258 :28.
3383 5201 3503 5256 Non
3515 5202 3650 5254 enim

2062 5299 2147 5364 qui
2172 5299 2224 5351 in
2253 5298 2515 5364 manifesto
2535 5339 2549 5362 ,
2575 5297 2790 5351 Judwus
2817 5306 2910 5363 est,
2933 5313 3023 5351 nec
3034 5313 3148 5368 qua:
3172 5297 3440 5366 manifesto
3461 5296 3513 5348 in
3535 5311 3648 5347 car-

2065 5408 2146 5456 ne,
2176 5400 2248 5444 est
2274 5389 2606 5443 circumcisio.
2637 5389 2732 5444 llic
2752 5391 2868 5443 illos
2898 5388 3227 5458 perstringit,
3257 5395 3440 5456 utpote
3462 5386 3551 5456 qui
3579 5385 3645 5439 ad

2061 5484 2469 5539 ostentationem
2486 5482 2660 5536 onmia
2685 5482 2914 5536 facerent
2927 5481 3082 5536 ,(29.3
3089 5481 3155 5534 ed
3165 5480 3249 5546 qui
3263 5481 3314 5532 in
3328 5477 3644 5539 abscondito,

2059 5573 2275 5629 Judwus
2298 5583 2407 5639 est;
2437 5584 2482 5628 el
2509 5573 2824 5627 circumcisio
2851 5573 3016 5626 cordis
3052 5572 3101 5624 in
3131 5570 3332 5638 spiritu,
3360 5586 3460 5623 non
3475 5570 3640 5622 litem.

2130 5669 2184 5723 4.
2219 5669 2312 5723 His
2335 5667 2570 5723 excludit
2598 5666 2894 5736 corporalia
2925 5664 3122 5718 otnnia.
3153 5663 3285 5717 Nam
3308 5659 3644 5717 circumcisio

2060 5763 2114 5816 in
2139 5761 2426 5816 manifesto
2448 5769 2585 5826 erat,
2619 5774 2824 5813 necnon
2849 5757 3066 5811 sabbata
3089 5796 3103 5822 ,
3127 5754 3413 5819 sacriﬁcia,
3445 5765 3638 5822 purga-

4107 151 4122 200 I

4108 205 4122 244 ι,

4107 885 4122 1062 4‘

4108 1065 4122 1097 Η

4119 1131 4122 1164 |
