4122 6150
439 283 549 343 Ιιῧῧ
1550 276 1613 331 ΙΝ
1654 272 1845 333 EPIS'I
1861 314 1878 330 .
1917 277 2005 327 All

2109 276 2205 330 LI.
2233 275 2468 333 HOMIL.
2514 277 2601 335 Vl.
3596 294 3700 350 ιτα

441 398 733 471 φρόνητον.
763 393 886 449 ὅθεν
912 392 1096 456 αὐτοῖς
1124 392 1403 464 αἰδέσιμος
1436 388 1524 465 ἦν.
1554 392 1749 448 Καίτοι
1790 405 1853 459 γε
1891 385 2020 458 ήδύ-

439 498 574 537 νατο
599 481 799 549 λέγειν,
838 478 921 532 ὃτι
950 478 1043 531 καὶ
1075 477 1126 549 οί
1160 478 1437 549 προφῆται
1475 475 1882 548 άπεριτμήτους
1926 487 2022 523 κα-

438 565 626 620 λοῦσιν
679 561 981 624 Ἰουδαίους’
1015 560 1131 614 ἀλλ’
1171 558 1325 613 οῦπω
1373 559 1529 613 τοῦτο
1572 559 1673 631 τῆς
1712 552 2020 627 περιτομῆς

440 650 591 702 ἐστιν
616 644 926 715 έλάττωμα,
948 642 1087 697 ἀλλὰ
1123 640 1233 696 τῶν
1274 642 1461 705 κακῶς
1486 642 1661 719 αὐτὴν
1699 637 2015 711 μετιόντων.

440 730 516 783 Τὸ
539 729 595 781 δὲ
620 726 977 799 ζητούμενον,
1007 724 1178 791 δεῖξαι
1202 726 1284 778 ὄτι
1311 726 1406 778 καὶ
1431 726 1489 778 ἐν
1514 725 1722 795 ἀρίστῳ
1748 722 1849 794 βίῳ
1871 720 2020 775 οὐδε-

443 815 574 885 μίαν
609 812 763 882 ἰσχὺν
792 810 927 881 ἔχει*
956 808 1119 863 τοῦτο
1149 809 1213 880 δὴ
1240 809 1641 874 κατασκευάζει
1671 806 1876 862 λοιπόν.
1907 803 2019 859 Kal

438 894 673 950 ἐνταῦθα
705 894 803 965 μὲν
834 892 893 945 οὐ
923 892 1158 963 παράγει
1188 891 1279 945 τὸν
1312 891 1690 963 πατριάρχην,
1723 889 1858 945 ἀλλὰ
1884 887 2017 960 πρό-

436 995 597 1050 τερον
620 976 883 1046 ἑτέρωθεν
900 974 1069 1045 αὐτὴν
1096 973 1549 1044 προκαταϐαλὼν,
1572 972 1796 1045 ὕστερον
1808 972 2017 1025 ἐκεῖνον

436 1063 613 1132 τηρεῖ,
645 1060 773 1114 ὅταν
804 1057 896 1112 τὸν
937 1057 1067 1128 περὶ
1096 1058 1194 1128 τῆς
1221 1057 1458 1121 πίστεως
1480 1069 1506 1098 ι
1537 1056 1811 1127 εἰσαγάγῃ
1834 1054 2013 1122 λόγον,

437 1143 581 1198 οὕτω
607 1141 759 1215 [475]
782 1142 956 1211 λέγων
976 1158 991 1172 ·
1024 1139 1155 1208 Πῶς
1183 1136 1298 1196 οὖν
1318 1139 1671 1210 ἐλογίσθηεή
1702 1139 1907 1203 πίστις
1934 1134 2016 1200 τῷ

451 1226 734 1295 Ἆϐραάμ;
770 1224 840 1278 ὲν
881 1222 1168 1293 περιτομῇ
1214 1222 1362 1290 ὄντι,
1418 1221 1457 1292 ἢ
1497 1221 1567 1275 ἐν
1615 1219 2016 1289 ἀκροϐι·στίᾳ;

440 1309 587 1374 Ἕως
636 1309 736 1380 μὲν
778 1308 889 1379 γάρ
928 1307 994 1362 ἂν
1028 1308 1166 1378 πρὸς
1210 1306 1303 1361 τὸν
1348 1305 1562 1359 ἐθνικδν
1606 1303 1745 1376 αῦτη
1789 1304 1885 1357 καὶ
1924 1302 2015 1356 τὸν

438 1391 774 1465 άκρόϐυστον
815 1389 1151 1460 ἀγωνίζηται
1172 1430 1187 1457 ,
1222 1389 1374 1443 οὐδὲν
1406 1388 1657 1458 βούλεται
1691 1386 1899 1441 τούτων
1939 1388 2016 1439 el-

438 1479 581 1541 πεῖν,
612 1474 700 1529 ἵνα
739 1474 815 1545 μὴ
847 1472 1055 1543 σφόδρα
1087 1472 1346 1544 φορτικὸς
1481 1470 1611 1525 ὅταν
1639 1470 1697 1524 δὲ
1735 1469 1873 1540 πρὸς
1914 1468 2013 1539 τὴν

438 1556 619 1610 πίστιν
651 1554 1028 1625 ἀπομάχηται,
1060 1555 1183 1607 τότε
1214 1553 1477 1625 μειζόνως
1508 1553 1644 1624 πρὸς
1679 1552 1849 1622 αὐτὴν
1874 1552 2012 1605 ἀπο-

436 1641 641 1695 δύεται.
677 1639 830 1701 Τέως
864 1639 1047 1709 μέντοι
1077 1638 1212 1709 πρὸς
1241 1638 1342 1708 τὴν
1367 1637 1735 1709 ἀκροϐυστίαν
1762 1636 1796 1707 ἡ
1840 1635 2008 1707 μάχη·

433 1724 515 1778 διὸ
539 1724 632 1778 καὶ
658 1721 967 1792 ὑφειμένως
996 1721 1231 1792 προάγει
1256 1721 1348 1774 τὸν
1375 1720 1553 1790 λόγον,
1588 1721 1681 1775 καί
1713 1735 1867 1791 φησιο
1899 1722 2012 1772 118-

432 1804 641 1875 ριτομὴ
658 1805 775 1873 μὲν
797 1803 906 1874 γὰρ
934 1803 1172 1873 ὠφελεῖ,
1204 1804 1316 1857 ἐὰν
1342 1805 1628 1872 πράσσῃς
1666 1802 1774 1857 τὸν
1801 1803 2010 1872 νόμον·

433 1889 542 1944 ἐὰν
585 1888 654 1943 δὲ
699 1886 1045 1957 παραϐάτης
1093 1888 1281 1957 νόμου
1325 1883 1431 1959 ᾖς,
1472 1888 1511 1955 ὴ
1568 1886 1852 1956 περιτομή
1894 1902 2011 1941 σου

434 1971 799 2040 ἀκροϐυστία
833 1968 1061 2042 γέγονε.
1099 1970 1203 2023 Δύο
1230 1969 1339 2041 γὰρ
1371 1968 1605 2023 ἐνταῦθα
1646 1969 2012 2040 ἀκροϐυστίας

436 2055 655 2112 καὶδύο
688 2056 993 2128 περιτομάς
1034 2073 1231 2127 φησιν,
1280 2056 1469 2129 ὥσπερ
1512 2059 1606 2112 καὶ
1650 2057 1744 2111 δύο
1790 2057 2008 2128 νόμους.

439 2143 595 2196 Ἐστι
639 2141 748 2213 γάρ
792 2142 957 2212 νόμος
995 2143 1025 2195 6
1069 2141 1322 2211 φυσικὸς,
1369 2142 1462 2195 καὶ
1500 2141 1646 2195 ἐστιν
1673 2143 1701 2194 ό
1742 2140 2007 2211 γραπτός·

434 2225 571 2279 ἀλλὰ
599 2226 691 2279 καὶ
717 2226 879 2296 μέσος
904 2223 1109 2281 τούτων
1141 2226 1172 2279 ό
1197 2223 1288 2278 διὰ
1317 2224 1423 2279 τῶν
1452 2224 1650 2295 ἔργων.
1678 2225 1789 2277 Kal
1819 2223 2011 2277 σκόπει

435 2306 555 2371 πῶς
586 2308 710 2371 τοὺς
740 2311 889 2379 τρεῖς
912 2308 1132 2371 τούτους
1157 2307 1417 2369 δείκνυσι,
1450 2307 1544 2360 καὶ
1567 2308 1647 2370 είς
1676 2305 1841 2378 μέσον
1862 2306 2007 2373 ἄγει.

433 2391 621 2447 Ὅταν
646 2390 756 2461 γὰρ
777 2390 922 2459 ἔθνη
950 2391 1023 2445 τὰ
1044 2390 1133 2459 μὴ
1171 2391 1362 2460 νόμον
1394 2390 1613 2458 ἔχοντα
1632 2430 1647 2456 ,
1671 2389 1825 2461 φησί.
1854 2392 2010 2444 Ποῖον

429 2474 494 2546 δὴ
526 2474 709 2544 νόμον,
742 2475 863 2527 είπέ
893 2490 986 2543 μοι
1008 2490 1022 2538 ;
1048 2473 1153 2526 Τὸν
1180 2475 1451 2544 γραπτόν.
1477 2475 1661 2528 Φύσει
1683 2474 1754 2527 τὰ
1778 2472 1884 2527 τοῦ
1911 2474 2011 2527 νό-

426 2574 545 2626 μου
576 2554 744 2625 ποιῇ.
772 2555 969 2622 Ποίου;
1000 2555 1109 2609 Τοῦ
1137 2555 1224 2609 διὰ
1250 2555 1359 2610 τῶν
1389 2555 1586 2626 ἔργων.
1619 2551 1794 2610 Οὗτοι
1822 2558 2012 2625 νόμον

425 2639 511 2710 μὴ
537 2638 805 2708 ἔχοντες.
838 2640 996 2693 Ποῖον
1018 2656 1033 2705 ;
1058 2638 1162 2692 Τὸν
1184 2640 1449 2709 γραπτὸν.
1486 2639 1757 2705 Ἑαυτοῖς
1778 2641 1897 2693 εισι
1918 2640 2011 2693 νό-

425 2738 561 2793 μος.
593 2722 751 2789 Πῶ;;
783 2721 875 2793 Τῷ
910 2721 1124 2792 φυσικῷ
1157 2724 1509 2795 κεχρημένοι.
1547 2724 1779 2789 Οῖτινες
1816 2721 2009 2777 ἐνδεί-

429 2823 680 2863 κνυνται
714 2806 782 2862 τὸ
815 2806 995 2876 ἔργον
1026 2807 1131 2861 τοῦ
1162 2807 1373 2876 νόμου.
1406 2806 1606 2871 Ποίου;
1636 2805 1742 2859 Τοῦ
1772 2805 1863 2860 διὰ
1900 2805 2009 2858 τῶν

430 2889 701 2963 πράξεων.
761 2891 997 2952 Ἐκεῖνος
1044 2890 1143 2959 μὲν
1173 2888 1281 2961 γάρ
1320 2888 1425 2954 ἔξω
1471 2893 1647 2944 κεῖται
1691 2888 1720 2941 6
1762 2889 1852 2943 διὰ
1898 2887 2008 2941 τῶν

431 2991 534 3044 γρσ
545 2974 797 3046 μμάτων,
832 2967 987 3036 οὗτος
1009 2971 1064 3025 δὲ
1092 2971 1240 3025 ἔνδον
1261 2974 1290 3025 6
1315 2973 1404 3026 διὰ
1430 2972 1529 3042 τῆς
1559 2971 1795 3041 φύσεως,
1819 2972 1848 3024 6
1872 2969 1927 3022 δὲ
1948 2971 2008 3023 ὲν

428 3060 547 3121 ταῖς
568 3055 801 3127 πράξεσι
824 3072 840 3088 ο
869 3058 961 3110 καὶ
991 3056 1082 3109 τὸν
1114 3056 1212 3126 μὲν
1237 3056 1305 3108 τὰ
1328 3055 1635 3127 γράμματα
1655 3053 2004 3125 ὑπαγορεύει,

427 3139 522 3197 τὸν
546 3139 604 3194 δὲ
629 3141 663 3210 ή
694 3138 875 3207 φύσις,
903 3138 993 3192 τὸν
1016 3138 1072 3193 δὲ
1100 3140 1157 3192 al
1183 3138 1429 3209 πράξεις.
1458 3137 1660 3191 Τούτου
1690 3137 1755 3209 δὴ
1783 3136 1876 3190 τοῦ
1898 3136 2008 3208 τρί-

428 3240 524 3277 του
544 3223 721 3293 χρεία,
755 3222 821 3275 δι’
848 3221 906 3275 δν
939 3224 1034 3276 καὶ
1058 3223 1257 3278 ἐκεῖνοι
1282 3224 1331 3276 οί
1360 3222 1472 3287 δύο,
1496 3222 1525 3276 ὃ
1551 3239 1610 3275 τε
1634 3222 1743 3276 άπὸ
1770 3221 1873 3293 τῆς
1906 3220 2007 3291 φύ-

434 3321 590 3369 σεως,
622 3305 650 3359 ὅ
669 3322 727 3359 τε
747 3304 855 3359 ἀπὸ
881 3305 989 3359 τῶν
1024 3307 1368 3377 γραμμάτων
1389 3321 1403 3338 ⁸
1426 3305 1527 3361 κᾶν
1547 3300 1700 3368 οὗτος
1724 3305 1799 3375 μή
1829 3307 2002 3375 παρῇ,

427 3387 579 3443 οὐδὲν
599 3388 789 3457 δφελος
809 3387 1057 3453 ἐκείνων,
1084 3388 1221 3442 άλλά
1242 3388 1336 3441 καὶ
1364 3388 1560 3458 βλάϐος
1588 3389 1862 3459 μέγιστον.
1897 3388 2006 3442 Kal

426 3470 584 3524 τοῦτο
620 3470 895 3525 δείκνυσιν
936 3471 1029 3525 ἐπὶ
1057 3470 1151 3525 τοῦ
1187 3470 1417 3541 φυσικοῦ
1457 3472 1554 3541 μὲν
1585 3471 1781 3539 λέγων·
1831 3470 1927 3523 Ἐν
1956 3462 2006 3537 ᾧ

427 3554 536 3625 τὰρ
559 3555 781 3624 κρίνεις
811 3556 920 3611 τὸν
939 3554 1164 3623 ἕτερον,
1194 3555 1457 3611 σεαυτὸν
1485 3555 1885 3623 κατακρίνεις
1912 3555 2004 3609 ἐπὶ

426 3637 485 3691 δὲ
518 3638 614 3693 τοῦ
652 3636 899 3711 γραπτοῦ
924 3653 940 3670 ο
992 3638 1053 3693 ’0
1076 3639 1403 3706 κηρύσσων
1426 3637 1513 3707 μὴ
1542 3636 1844 3702 κλέπτειν,
1870 3638 2005 3692 κλέ-

427 3737 614 3788 πτεις;
638 3719 794 3776 Οὕτω
822 3721 918 3775 καὶ
946 3721 1302 3791 άκροϐυστίαι
1323 3720 1437 3784 δύο,
1472 3720 1572 3790 μία
1604 3721 1702 3790 μὲν
1720 3722 1754 3791 ή
1777 3720 2000 3792 φυσικὴ,

426 3805 655 3876 δευτέρα
682 3804 739 3859 δὲ
766 3804 801 3874 ἡ
826 3803 935 3859 ἀπὸ
968 3803 1244 3876 πράξεως·
1276 3804 1372 3858 καὶ
1397 3803 1671 3874 περιτομὴ
1707 3802 1806 3873 μία
1843 3803 1942 3874 μὲν
1965 3807 2000 3874 ή

427 3888 485 3940 ἐν
518 3890 584 3959 τῇ
635 3886 820 3957 σαρκὶ,
863 3886 1093 3957 δευτέρα
1128 3886 1185 3940 δὲ
1211 3889 1245 3958 ή
1290 3886 1402 3940 άπὸ
1439 3885 1835 3956 προαιρέσεως.
1876 3882 2001 3941 Οἷόν

426 3986 479 4022 τι
515 3969 678 4039 λέγω·
710 3969 1063 4043 Περιετμήοη
1090 3986 1175 4033 τις
1203 3969 1566 4039 ὀκταήμεροςο
1596 3967 1734 4040 αῦτη
1761 3970 1999 4042 σαρκική

428 4050 985 4123 περιτομή.Ἐπραξέ
1009 4068 1093 4115 τις
1120 4052 1189 4106 τι
1220 4051 1428 4121 νόμιμα
1452 4050 1687 4107 ἅπαντα-
1719 4052 1860 4122 αῦτη
1885 4052 2001 4108 δια·-

426 4137 572 4198 νοίας
598 4133 892 4209 περιτομὴ,
923 4134 990 4205 ἢν
1026 4134 1264 4207 μάλιστα
1290 4134 1319 4187 ό
1342 4134 1551 4199 Παῦλος
1591 4136 1766 4207 ζητεῖ,
1801 4136 2002 4207 μᾶλλον

424 4216 482 4270 δὲ
506 4216 600 4271 καὶ
620 4218 649 4270 ό
673 4217 859 4287 νόμος.

495 4306 564 4368 γ’.
608 4299 751 4370 Ὀρα
785 4299 965 4354 τοίνυν
994 4297 1112 4361 πῶς
1147 4300 1508 4371 συγχωρήσας
1535 4299 1705 4370 αὐτὴν
1733 4298 1811 4369 τῷ
1835 4299 1997 4371 λόγῳ,

425 4381 638 4434 καθεῖλε
668 4380 747 4451 τῷ
773 4381 1077 4452 πράγματι.
1109 4382 1182 4435 Οὐ
1213 4382 1323 4451 γὰρ
1357 4378 1498 4445 εἷπε,
1534 4382 1793 4451 Περιττὸν
1822 4384 1854 4452 ή
1903 4398 2002 4435 πε-

426 4463 641 4535 ριτομὴ.
670 4466 926 4537 ἀνόνητον
974 4467 1007 4536 ή
1042 4464 1335 4535 περιτομὴ,
1371 4465 1673 4534 ἄχρηστον·
1728 4463 1865 4518 ἀλλά
1911 4465 1998 4532 τί;

423 4547 712 4616 Περιτομὴ
746 4547 862 4618 μὲν
898 4550 1009 4617 γὰρ
1040 4547 1275 4618 ὠφελεῖ,
1316 4545 1423 4602 ἐὰν
1471 4547 1660 4615 νόμον
1690 4546 1996 4615 πράσσῃς.

423 4629 762 4695 Κατεδέξατο
780 4631 950 4702 αὐτὴν
974 4631 1110 4694 τέως
1137 4630 1333 4699 λέγων’
1351 4628 1751 4699 Ὀμολογῶ,καὶ
1780 4631 1882 4685 οὐκ
1908 4633 2000 4684 άν-

421 4713 636 4783 τιλέγω,
662 4715 743 4768 ὃτι
770 4714 907 4784 καλὴ
935 4717 968 4785 ή
1008 4713 1277 4784 περιτομή
1296 4729 1309 4743 ⁸
1343 4711 1478 4769 ἀλλὰ
1503 4713 1633 4766 πότε
1660 4730 1675 4779 ;
1710 4712 1877 4766 Ὅταν
1902 4714 1998 4768 καὶ

421 4800 518 4867 τὴν
543 4797 639 4849 τοῦ
665 4797 830 4867 νόμου
858 4795 1101 4866 φυλακὴν
1127 4796 1247 4870 ἔχῃ.
1284 4796 1419 4849 Ἐὰν
1437 4795 1506 4849 δὲ
1536 4795 1879 4863 παραϐάτης
1897 4796 1999 4850 νόο

415 4898 535 4949 μου
580 4874 677 4950 ᾖς.
719 4881 756 4948 ἡ
807 4878 1090 4947 περιτομή
1141 4894 1257 4933 σου
1305 4879 1672 4947 ἀκροϐυστία
1728 4879 1993 4949 γέγονεν.

420 4963 532 5015 υύκ
558 4958 729 5017 εἶπεν·
768 4962 1201 5030 Οὐκέτιώφελεῖο
1237 4962 1325 5016 ἵνα
1362 4962 1438 5034 μὴ
1471 4962 1596 5034 δόξῃ
1621 4963 1790 5034 αὐτὴν
1842 4962 1996 5033 ὑϐρί-

420 5047 476 5109 ξε
486 5063 532 5097 ιν
552 5061 568 5076 ο
608 5044 745 5099 ἀλλὰ
773 5043 1067 5115 γυμνώσας
1095 5045 1264 5116 αὐτῆς
1282 5045 1373 5100 τὸν
1397 5046 1668 5110 Ἰουδαῖον,
1688 5047 1811 5100 τότε
1835 5048 1996 5102 αὐτὸν

419 5128 604 5198 βάλλει
623 5127 830 5182 λοιπόν.
870 5129 1048 5199 Ὀπερ
1066 5128 1251 5181 οὐκέτι
1280 5128 1378 5198 τῆς
1408 5129 1711 5201 περιτομῆς
1728 5126 1797 5202 ἦν
1814 5131 1993 5202 ῦϐρις,

418 5211 552 5266 ἀλλὰ
568 5210 664 5265 τοῦ
684 5210 773 5265 διὰ
794 5211 894 5280 τῆς
923 5210 1191 5282 ῥᾳθυμίας
1211 5211 1380 5281 αὐτὴν
1395 5212 1991 5284 άπολέσαντος.”οσπερ

418 5291 509 5349 οὖν
536 5297 662 5359 τοὺς
714 5297 773 5349 ἐν
798 5295 1103 5365 ἀξιώμασιν
1135 5294 1315 5359 ὄντας,
1339 5292 1458 5349 εῐτα
1487 5296 1873 5365 ἁλισκομένους
1902 5299 1994 5352 ἐπὶ

421 5383 698 5452 μεγίστοις
744 5382 1103 5452 ἐγκλήμασιν,
1134 5383 1183 5434 οί
1211 5381 1519 5446 δικάζοντες
1547 5383 1869 5453 ἀφελόμενοι
1892 5385 1993 5455 τῆς

417 5467 524 5520 τῶν
553 5466 881 5533 ἀξιωμάτων
929 5464 1116 5534 τιμῆς,
1152 5464 1273 5518 τότε
1323 5466 1672 5529 κολάζουσινο
1718 5468 1858 5522 οὕτω
1900 5471 1994 5523 καὶ

418 5548 626 5612 Παῦλος
658 5549 934 5617 ἐποίησεν.
969 5546 1152 5601 Εἰπὼν
1188 5547 1318 5618 γὰρ,
1358 5549 1493 5603 Ἐὰν
1533 5548 1601 5602 δὲ
1648 5550 1993 5619 παραϐάτης

418 5631 603 5699 νόμου
626 5628 721 5703 ᾖς,
754 5634 1050 5704 ἐπήγαγεν·
1086 5630 1154 5684 Ἡ
1170 5630 1451 5699 περιτομή
1480 5647 1598 5685 σου
1628 5633 1992 5701 ἀκροϐυστία

419 5716 623 5784 γέγονε
641 5734 654 5747 ·
692 5716 785 5769 καὶ
805 5715 979 5780 δείξας
1000 5712 1392 5784 ἁπερίτμητον,
1434 5715 1784 5779 καταδικάζει
1807 5718 1990 5771 λοιπὸν

417 5798 608 5860 ἀδεῶς.
642 5797 820 5851 Ὅταν
864 5794 975 5852 οὖν
1010 5799 1046 5866 ἡ
1076 5798 1443 5865 ἀκροϐυστία
1510 5799 1577 5853 τὰ
1629 5799 1987 5870 δικαιώματα

480 5910 508 5941 ⁸
528 5910 645 5963 Alii.
672 5912 751 5959 τὸν
774 5918 856 5970 τῆς
877 5912 1099 5965 πίστεως,

2124 385 2231 473 τοῦ
2246 390 2433 459 νόμου
2446 392 2742 463 φυλάττῃ,
2754 396 2889 466 οὐχί
2909 397 3059 473 [476]
3072 400 3111 469 ἡ
3125 401 3489 469 ἀκροϐυστία
3509 405 3696 462 αι’-τοῦ

2123 472 2211 558 είς
2237 479 2563 558 περιτομὴν
2590 472 3089 548 περιτραπήσεται
3121 485 3186 545 b:
3236 488 3376 558 Ὅρα
3417 489 3470 541 τί
3514 494 3658 545 ποιεί
3676 511 3689 523 ·

2126 554 2215 645 Οὐ.
2240 554 2417 645 λέγει,
2471 559 2613 645 ὄτιᾼή
2662 560 2997 645 ἀκροϐυστία
3043 567 3142 637 τὴν
3198 554 3498 641 περιτομὴν
3532 575 3692 645 νικᾷ·

2120 635 2282 692 τοῦτο
2318 639 2427 712 γὰρ
2455 641 2660 715 σφόδρα
2704 639 2775 715 ἦν
2808 646 3045 717 ἐπαχθὲς
3081 635 3194 713 τοῖς
3221 635 3342 706 τότε
3371 635 3691 712 ἀκούουσιν·

2122 720 2259 811 άλλί
2280 724 2439 811 ὃτιᾼή
2487 727 2821 800 ἀκροϐυστία
2851 732 3121 803 περιτομὴ
3150 734 3360 803 γέγονε.
3406 740 3513 792 Kal
3541 738 3696 811 ζητεῖ

2119 801 2304 860 λοιπὸν
2337 807 2391 861 τί
2422 810 2538 864 ἐστι
2561 813 2853 885 περιτομή,
2879 801 2972 868 καὶ
2996 816 3049 868 τί
3075 801 3408 887 ἀκροϐυστία
3429 836 3440 849 ·
3490 801 3698 878 καὶλέ-

2119 903 2226 975 γει,
2255 890 2336 975 δτι
2374 896 2648 967 περιτομὴ
2678 896 2876 968 πρᾶξίς
2919 900 3068 952 ἐστιν
3106 901 3306 972 ἀγαθὴ,
3342 904 3494 975 καὶή
3530 906 3697 973 ἀκρο·

2118 968 2313 1058 ϐυστία
2351 975 2549 1045 πρᾶξις
2599 981 2844 1050 πονηράο
2902 968 3296 1054 καὶπρότερον
3352 968 3696 1058 μετα-στήσας

2117 1055 2197 1117 είς
2219 1054 2319 1140 τὴν
2348 1062 2646 1132 περιτομὴν
2667 1062 2759 1116 τὸν
2786 1064 3124 1134 άκρόϐυστον
3145 1065 3235 1119 τδν
3259 1067 3482 1137 πράξεις
3503 1054 3697 1140 ἔχοντα

2119 1138 2382 1222 χρηστὰς,
2410 1143 2505 1194 καὶ
2536 1143 2626 1198 τόν
2664 1145 3035 1217 ἐμπερίτομον
3082 1147 3176 1201 τὸν
3220 1148 3279 1201 ἐν
3321 1138 3697 1222 διεφθαρμένῳ

2255 1221 2336 1285 είς
2362 1222 2462 1294 τὴν
2490 1225 2858 1296 ἀκροϐυστίαν
2882 1228 3184 1302 ἐξωθήσας,
3218 1230 3361 1285 οὕτω
3401 1217 3500 1303 τήν
3519 1217 3696 1305 ⁷νίκην

2115 1303 2299 1388 δίδωσι
2320 1307 2397 1378 τῷ
2421 1308 2761 1383 άκροϐύστῳ.
2802 1314 2911 1366 Kal
2941 1313 3003 1366 ού
3024 1313 3193 1383 λέγει,
3225 1315 3316 1385 Τῷ
3344 1303 3691 1388 άκροϐύστῴ,

2116 1386 2230 1439 ἀλλ’
2255 1389 2348 1442 ἐπὶ
2372 1390 2434 1444 τὸ
2466 1394 2699 1464 πρᾶγμα
2735 1395 2980 1465 μέτεισιν
3012 1396 3156 1450 οῦτω
3192 1396 3401 1467 λέγων·
3428 1386 3435 1387 ί
3458 1399 3606 1468 Οὐχί
3643 1386 3693 1469 ήή

2115 1469 2482 1538 ἀκροϐυστία
2506 1489 2624 1529 σου
2648 1478 2737 1542 εις
2781 1477 3109 1549 περιτομὴν
3140 1480 3695 1549 μετατραπήσεται;

2116 1553 2227 1606 Kal
2266 1553 2365 1609 οὐκ
2405 1552 2548 1622 εἷπε,
2599 1558 3024 1630 Δογισθήσεται,
3074 1560 3230 1628 ἀλλὰ,
3298 1562 3692 1632 Τραπήσεται,

2116 1632 2253 1717 ὅπερ
2284 1637 2765 1712 ἐμφαντικώτερον
2796 1637 2865 1713 ἦν
2884 1657 2900 1672 ’
2939 1642 3131 1715 ὥσπερ
3175 1645 3269 1697 καὶ
3295 1645 3551 1717 ἀνωτέρω
3595 1645 3696 1699 οὐκ

2115 1709 2288 1796 εἶπεν,
2320 1718 2384 1772 Ἥ
2410 1709 2685 1794 περιτομή
2722 1709 3184 1796 σουάκροϐυστία
3208 1709 3505 1791 λογίζεταί,
3535 1727 3693 1794 ἀλλὰ,

2114 1795 2356 1866 Γέγονε.
2417 1804 2529 1858 Καὶ
2568 1806 2763 1874 κρινεῖ
2808 1808 2848 1876 ἡ
2895 1795 2963 1863 ἐκ
3018 1810 3260 1879 φύσεως
3302 1811 3690 1879 ἀκροϐυστία.

2126 1878 2404 1965 Ὀρξςβτι
2425 1883 2517 1938 δύο
2530 1882 2671 1941 οἶδεν
2686 1878 3079 1961 ἀκροϐυστίας,
3097 1893 3197 1965 τὴν
3232 1893 3331 1964 μὲν
3360 1878 3429 1946 ἔκ
3457 1893 3689 1964 φύσεως,

2113 1963 2211 2047 τήν
2222 1963 2354 2016 δὲέκ
2377 1970 2769 2039 προαιρέσεως;
2789 1972 3053 2027 Ἐνταῦθα
3072 1963 3365 2047 μέντοιτὴν
3387 1978 3452 2029 ἐκ
3479 1976 3692 2046 φύσεως

2113 2045 2280 2113 λέγει,
2298 2047 2526 2121 ἀλλὀὐχ
2545 2051 2757 2108 ἵσταται
2782 2057 2941 2129 μέχρι
2970 2045 3547 2129 τούτου,άλλ’ἐπάγει·
3581 2061 3694 2115 Τὸν

2112 2133 2303 2214 νόμον
2328 2131 2595 2190 τελοῦσά
2645 2153 2719 2191 σε
2765 2139 2873 2193 τὸν
2900 2140 2996 2195 διὰ
3036 2142 3376 2214 γράμματος
3409 2145 3507 2197 καί
3531 2159 3692 2214 περι-

2113 2213 2299 2300 τομῆς
2319 2216 2879 2300 παραϐάτηνᾼνόμου
2893 2239 2914 2287 ;
2935 2224 3077 2295 Ὅρα
3106 2213 3201 2298 τὴν
3229 2228 3567 2300 λεπτοτάτην
3591 2213 3689 2281 αύ-

2112 2295 2207 2349 τοῦ
2238 2298 2473 2354 σύνεσιν,
2505 2302 2621 2355 Οὐκ
2649 2297 2826 2369 εἶπεν,
2857 2305 2993 2387 ὅτιή
3030 2310 3094 2362 ἐκ
3122 2295 3335 2378 φύσεως
3357 2295 3692 2380 ἀκροϐυστία

2111 2379 2209 2466 τὴν
2229 2383 2530 2466 περιτομήν
2562 2390 2758 2457 κρινεῖ,
2788 2389 2945 2456 ἀλλὰ,
2969 2379 3097 2446 ἔνθα
3127 2395 3227 2462 μὲν
3255 2394 3286 2463 ή
3313 2379 3444 2464 νίκη
3470 2412 3560 2465 ην,
3592 2395 3691 2466 τὴν

2111 2464 2479 2534 ἀκροϐυστίαν
2512 2470 2720 2540 εἰσάγει
2740 2489 2753 2502 ·
2787 2472 2917 2528 ἔνθα
2942 2475 3000 2528 δὲ
3039 2477 3072 2545 ή
3092 2471 3233 2547 ἧττα
3263 2473 3351 2547 ἦν,
3382 2464 3565 2531 οὐκέτι
3592 2464 3692 2548 τήν

2114 2550 2415 2632 περιτομὴν
2463 2551 2735 2608 δείκνυσιν
2784 2558 3126 2629 ἡττωμένην,
3178 2560 3314 2614 ἀλλὰ
3373 2560 3464 2615 τὸν
3519 2561 3691 2632 αὐτὴν

2111 2630 2302 2715 έχοντα
2334 2634 2599 2701 Ἰουδαῖον,
2631 2639 2947 2710 φειδόμενος
2981 2642 3070 2697 διὰ
3108 2642 3217 2696 τῶν
3242 2644 3505 2715 ῥημάτων
3548 2630 3691 2715 πλῆ-

2113 2713 2199 2779 ξαι
2218 2716 2309 2770 τὸν
2335 2719 2635 2792 ἀκροατήν.
2661 2723 2773 2777 Kal
2801 2724 2901 2778 οὐκ
2926 2719 3067 2791 εἶπε,
3102 2726 3169 2779 Σὲ
3199 2713 3478 2797 τδννόμον
3499 2713 3691 2797 ἔχοντα

2111 2799 2205 2852 καὶ
2252 2802 2571 2875 περιτομὴν,
2615 2804 2729 2859 ἀλλ’
2786 2805 2867 2860 ἔτι
2910 2806 3284 2878 ἡμερώτερον,
3321 2810 3401 2862 Σὲ
3451 2808 3558 2863 τὸν
3592 2808 3692 2865 διὰ

2110 2882 2448 2953 γράμματος
2524 2887 2624 2941 καί
2685 2888 3011 2959 περιτομῆς
3062 2889 3411 2961 παραϐάτην
3458 2896 3648 2963 νόμου
3674 2911 3687 2924 ·

2108 2967 2374 3029 τουτέστι,
2431 2968 2527 3022 xal
2552 2970 2753 3040 ἀμύνει
2803 2976 2867 3043 τῇ
2900 2978 3169 3045 περιτομῇ
3201 2977 3234 3046 ή
3267 2975 3491 3047 τοιαύτη
3521 2979 3691 3048 ἀκρο-

2111 3048 2325 3117 ϐυστία,
2355 3053 2611 3125 ἠδίκηται
2637 3056 2776 3127 γάρ’
2805 3059 2901 3111 καὶ
2936 3057 3123 3129 βοηθεῖ
3149 3059 3227 3129 τῷ
3260 3059 3431 3130 νόμῳ,
3455 3062 3690 3131 ἐπηρέα-

2112 3150 2232 3219 σται
2267 3137 2405 3219 γάρ’
2446 3137 2541 3191 καὶ
2584 3140 2885 3209 περιφανὲς
2925 3141 3109 3211 ἵστησι
3136 3144 3420 3213 τρόπαιον.
3463 3145 3528 3198 Ἡ
3579 3145 3689 3219 γὰρ

2110 3216 2233 3285 νίκη
2267 3218 2388 3272 τότε
2446 3220 2565 3274 ἐστὶ
2614 3221 2865 3294 λαμπρὰ,
2900 3224 3029 3278 ὅταν
3074 3225 3150 3297 μὴ
3179 3226 3330 3297 παρὰ
3360 3226 3616 3283 Ἰουδαίου
3657 3216 3693 3283 ό

2121 3300 2389 3383 Ἰουδαῖος,
2415 3302 2553 3357 ἀλλὰ
2582 3304 2735 3375 παρὰ
2777 3306 3118 3376 ἀκροϐύστου
3169 3309 3448 3379 κρίνηταν
3498 3309 3693 3383 ὥσπερ

2108 3381 2234 3436 ὅταν
2275 3381 2408 3456 λέγῃ
2432 3401 2446 3414 ·
2491 3385 2743 3454 ιἌνδρες
2783 3390 3083 3444 Νινευῗται
3113 3391 3556 3460 ἐγερθήσονται,
3584 3381 3688 3448 καί

2108 3469 2535 3536 κατακρινοῦσι
2573 3470 2688 3539 τὴν
2731 3472 2945 3540 γενεὰν
2976 3474 3220 3541 ταύτην.
3257 3475 3465 3529 Οὐκοῦν
3496 3477 3556 3530 οὐ
3595 3479 3688 3531 τὸν

2108 3548 2269 3619 νόμον
2310 3551 2599 3622 ἀτιμάζειο
2646 3555 2852 3626 σφόδρα
2897 3555 3005 3627 γάρ
3057 3557 3217 3610 αὑτὸν
3251 3557 3515 3612 αἰδεῖται·
3549 3559 3686 3614 ἀλλὰ

2106 3630 2196 3682 τὸν
2223 3632 2305 3695 είς
2335 3632 2426 3686 τὸν
2458 3634 2622 3705 νόμον
2662 3635 2973 3707 ὑϐρίζοντα.
3026 3634 3161 3691 Εἶτα
3194 3640 3283 3692 ὅτε
3312 3640 3683 3695 κατεσκεύασε

2105 3712 2278 3767 ταῦτα
2307 3716 2517 3784 σαφῶς,
2549 3718 2770 3789 θαρρῶν
2801 3719 2989 3773 λοιπὸν
3025 3721 3263 3791 ὁρίζεται
3290 3722 3344 3775 τί
3374 3724 3505 3777 ποτέ
3536 3726 3684 3779 ἐστιν

2105 3797 2134 3849 6
2158 3797 2428 3865 Ἰουδαῖος,
2448 3802 2542 3853 καὶ
2565 3801 2858 3869 δείκνυσιν,
2893 3804 2974 3857 ὅτι
2995 3804 3235 3875 οὐχὶ’τὸν
3268 3806 3516 3861 Ἰουδαῖον
3558 3809 3680 3864 οὐδὲ

2106 3878 2203 3950 τὴν
2228 3883 2552 3953 περιτομήν,
2579 3883 2718 3939 ἀλλὰ
2757 3885 2850 3939 τὸν
2886 3886 3007 3956 οὐχὶ
3036 3886 3285 3941 Ἰουδαῖον
3314 3891 3405 3943 καὶ
3430 3891 3522 3943 τὸν
3552 3892 3682 3945 άπε-

2109 3964 2370 4036 ρίτμητον
2405 3967 2680 4021 ἐκϐάλλει.
2739 3969 2850 4023 Kal
2877 3968 3026 4023 δοκεῖ
3073 3970 3171 4041 μὶν
3231 3971 3461 4042 ἀμύνειν
3516 3974 3677 4044 αὐτῇ.

2105 4047 2364 4103 καταλύει
2401 4049 2459 4103 δὲ
2503 4050 2673 4121 αὐτῆς
2714 4052 2812 4123 τήν
2840 4052 3127 4123 ὑπόληψιν,
3162 4054 3270 4108 άπὸ
3299 4055 3393 4107 τοῦ
3443 4057 3677 4125 συμϐαίο

2104 4148 2283 4196 νοντος
2302 4131 2438 4201 ἔχων
2464 4133 2563 4196 τὰς
2584 4132 2817 4204 ψήφους.
2847 4135 3097 4188 Δείκνυσι
3120 4136 3227 4205 γὰρ
3253 4137 3314 4188 οὐ
3341 4137 3500 4205 μόνον
3527 4138 3677 4191 οὐδὲν

2107 4212 2274 4282 μέσον
2308 4213 2561 4267 Ἰουδαίου
2588 4216 2682 4269 καὶ
2714 4216 3074 4285 άκροϐύστου.
3107 4216 3244 4270 ἀλλὰ
3270 4218 3365 4269 καὶ
3405 4218 3676 4287 ἀνώτερον

2102 4295 2231 4349 ὄντα
2253 4295 2343 4349 τόν
2370 4296 2724 4367 άκρόϐυστον,
2758 4296 2853 4350 ἐὰν
2885 4298 3062 4368 ἐαυτῷ
3108 4299 3371 4370 προσέχῃ,
3424 4302 3517 4355 καὶ
3547 4304 3675 4359 τοῦ..

2101 4394 2191 4431 τον
2216 4377 2345 4431 ὅντα
2373 4377 2615 4448 ἀκριϐῶς
2633 4378 2724 4432 τὸν
2753 4381 3003 4432 Ἰουδαῖον
3023 4397 3036 4410 ·
3067 4380 3145 4434 διό
3173 4398 3337 4451 φησι·
3391 4386 3473 4438 Οὐ
3504 4385 3612 4456 γὰρ
3641 4392 3681 4443 δ

2100 4460 2169 4513 ἐν
2204 4458 2285 4525 τῷ
2305 4457 2538 4529 φανερῷ
2552 4460 2827 4527 Ἰουδαῖός
2851 4461 3038 4526 ἐστιν,
3077 4464 3219 4516 οὐδὲ
3244 4466 3281 4532 ἡ
3307 4464 3378 4517 ἐν
3403 4465 3482 4530 τῷ
3496 4485 3682 4537 aurea

2092 4538 2201 4609 ρῷ,
2226 4541 2296 4594 ἐν
2321 4542 2522 4609 σαρκὶ,
2547 4541 2853 4611 περιτομή.
2889 4543 3153 4598 Ἐνταῦθα
3183 4545 3381 4611 αὐτοὺς
3416 4547 3678 4618 πλήττει,

2099 4624 2175 4687 ώς
2211 4623 2348 4695 πρὸς
2384 4623 2640 4692 ἐπίδειξιν
2679 4625 2894 4680 ἅπαντα
2930 4627 3285 4698 πράττοντας.
3331 4630 3492 4684 Ἀλλ’
3538 4633 3571 4684 ό
3603 4632 3672 4684 ἐν

2098 4704 2180 4770 τῷ
2217 4706 2456 4774 κρυπτῷ
2488 4706 2785 4774 Ἰουδαῖος,
2816 4709 2913 4764 καὶ
2961 4711 3247 4782 περιτομὴ
3309 4712 3558 4781 καρδίας
3601 4714 3684 4768 ἐν

2098 4789 2409 4859 πνεύματι,
2438 4791 2510 4844 οὐ
2540 4790 2849 4861 γράμματι.

2165 4874 2227 4928 δ’.
2270 4873 2439 4928 Τοῦτο
2465 4874 2523 4927 δὲ
2556 4876 2744 4945 εἰπὼν,
2778 4877 2996 4942 ἐξέϐαλε
3019 4877 3086 4932 τὰ
3110 4881 3396 4949 σωματικά
3431 4880 3669 4936 ἅπαντα.

2101 4958 2212 5011 Kal
2230 4957 2337 5029 γὰρ
2352 4959 2386 5029 ή
2402 4958 2673 5032 περιτομὴ
2693 4960 2750 5013 ἐν
2765 4960 2842 5030 τῷ
2861 4960 3099 5031 φανερῷ,
3121 4962 3295 5016 καὶτὰ
3314 4963 3557 5018 σάϐϐατα
3576 4967 3669 5017 καὶ

2099 5042 2154 5092 al
2184 5040 2362 5094 θυσίαι
2385 5043 2481 5095 καὶ
2523 5043 2573 5095 οί
2610 5042 2941 5114 καθαρισμοί
2960 5060 2972 5073 ·
3003 5043 3152 5117 [4Ἱ7]
3186 5045 3327 5116 άπερ
3356 5046 3570 5100 ἅπαντα
3596 5046 3669 5099 δι’

2098 5123 2214 5187 ἐνὸς
2237 5123 2457 5195 ᾐνίξατο
2483 5125 2725 5196 ῥήματος
2751 5126 2939 5191 εἰπὼν,
2978 5130 3060 5181 Οὺ
3089 5128 3197 5197 γὰρ
3220 5129 3290 5181 ἐν
3314 5127 3394 5193 τῷ
3431 5129 3667 5198 φανερῷ

2110 5205 2384 5273 Ἰουδαῖός
2426 5206 2614 5263 ἐστιν.
2651 5209 2789 5263 ’Δλλ’
2819 5211 3005 5282 ἐπειδὴ
3039 5212 3137 5283 τῆς
3168 5215 3468 5283 περιτομῆς
3500 5213 3675 5276 πολὺς

2094 5286 2163 5363 ἦν
2187 5293 2215 5344 6
2244 5290 2398 5360 λόγος
2417 5330 2433 5357 ,
2459 5292 2593 5346 ὅπου
2620 5310 2683 5362 γε
2714 5295 2809 5346 καὶ
2848 5298 2911 5349 τὸ
2940 5295 3215 5350 Σάϐϐατον
3244 5296 3378 5366 αὐτῇ
3409 5295 3672 5366 παρεχώσι

2097 5392 2202 5445 ρει,
2246 5374 2469 5439 εἰκότως
2514 5376 2584 5430 τὰ
2641 5376 2863 5432 πλείονα
2917 5379 3050 5447 πρὸς
3099 5380 3269 5447 αὐτὴν
3297 5379 3661 5436 ἀποτείνεται.

2095 5455 2279 5510 Εἰπὼν
2304 5457 2382 5522 δὲ,
2415 5457 2512 5513 Ἐν
2544 5460 2853 5529 πνεύματι,
2887 5461 3230 5530 προοδοποιεῖ
3250 5459 3434 5514 λοιπὸν
3467 5464 3534 5532 τῇ
3564 5462 3665 5533 τῆς

2108 5539 2430 5608 Ἐκκλησίας
2479 5540 2742 5611 πολιτεία,
2793 5542 2886 5595 καὶ
2921 5542 3017 5612 τὴν
3053 5543 3232 5596 πίστιν
3282 5543 3528 5610 είσάγειυ
3568 5546 3703 5598 καὶ.

2095 5622 2202 5691 γὰρ
2232 5622 2371 5693 αῦτη
2406 5624 2463 5675 ἐν
2499 5622 2693 5693 καρδίᾳ
2741 5625 2833 5676 καὶ
2868 5624 3140 5692 πνεύματι
3176 5625 3268 5679 τὸν
3308 5625 3527 5679 ἔπαινον
3554 5627 3667 5680 ἀπὸ

2095 5705 2187 5758 τοῦ
2212 5705 2351 5758 Θεοῦ
2371 5705 2505 5775 ἔχει.
2538 5706 2647 5758 Kal
2677 5704 2764 5758 διὰ
2788 5707 2840 5758 τί
2869 5706 2944 5778 μὴ
2971 5707 3187 5774 ἔδειξεν,
3214 5710 3294 5764 ὅτι
3326 5712 3354 5763 ό
3383 5709 3663 5781 κατορθῶν

2154 5851 2188 5922 b.
2213 5851 2374 5922 Ullus,
2404 5852 2918 5922 uagatpasgﬁgatat,_et
2955 5855 3172 5922 εἰσίητε-α
3219 5858 3418 5922 Ιοιςὶὶυικ
3451 5858 3502 5907 In
3532 5857 3652 5906 edit.

2103 5911 2430 5972 Epistolanun
2465 5911 2606 5961 l‘auli
2625 5913 2836 5963 habetur
2859 5916 3210 5976 λογισθήσεται.
