4144 6146
400 266 506 323 437

399 383 602 452 Ἕλλην
632 379 887 434 Ἰουδαίου
947 380 1341 452 κατορθοῦντος
1376 383 1476 437 οὐκ
1525 383 1675 436 ἐστιν
1708 381 1950 436 ἐλάττων
1971 421 1986 445 ,

401 465 518 521 ἀλλ’
554 466 636 519 ὅτι
689 462 968 536 κατορθῶν
1013 463 1214 535 Ἕλλην
1250 464 1499 518 Ἰουδαίου
1556 464 1987 536 παραϐαίνοντος

400 548 665 621 κρείττων
688 547 871 611 ἐστίν;
913 547 1009 600 ’Ίν’
1049 546 1419 618 ἀναμφίϐολον
1447 551 1646 621 ποιήσῃ
1677 548 1774 621 τὴν
1803 548 1979 619 νίκην.

400 632 604 687 Τούτου
629 631 739 703 γάρ
769 630 1215 702 ὁμολογηθέντος,
1248 632 1306 699 ἐξ
1352 633 1655 704 άνάγκηςή
1706 631 1982 704 περιτομὴ

398 714 503 787 τῆς
530 710 732 785 σαρκὸς
764 714 1111 777 ἐκϐάλλεται,
1139 715 1233 768 καὶ
1255 714 1549 777 δείκνυται,
1582 715 1665 769 ὅτι
1707 714 1982 785 πανταχοῦ

402 799 519 869 βίου
565 796 740 868 χρεία.
795 796 965 850 Ὅταν
994 795 1103 867 γάρ
1150 798 1179 848 6
1212 797 1311 867 μὲν
1348 797 1547 868 Ἕλλην
1575 799 1745 869 χωρὶς
1778 797 1983 852 τούτων

401 880 665 951 σώζηται,
723 881 753 933 6
807 878 866 932 δὲ
909 878 1163 942 Ἰουδαῖος
1205 879 1344 950 μετά
1397 880 1604 934 τούτων
1663 879 1981 950 κολάζηται,

399 965 630 1036 ἕστηκεν
682 961 868 1034 ἀργῶν
899 965 928 1017 6
965 962 1318 1033 Ἰουδαῖσμὸς.
1355 962 1597 1029 Ἕλληνα
1623 963 1681 1017 δὲ
1716 962 1878 1017 πάλιν
1919 963 1980 1015 οὐ

399 1047 494 1102 τὸν
544 1045 960 1119 εἰδωλολάτρην,
1003 1045 1139 1099 ἀλλὰ
1185 1046 1281 1098 τὸν
1339 1045 1572 1116 θεοσεϐῆ
1630 1046 1726 1099 καὶ
1791 1046 1985 1116 ἐνάρε-

399 1148 493 1186 τον
517 1132 612 1185 καὶ
645 1129 756 1183 τῶν
813 1128 1055 1200 νομικῶν
1091 1129 1532 1201 παρατηρήσεων
1563 1128 1983 1200 ἀπηλλαγμένον

402 1214 561 1286 φησί.
593 1214 656 1269 Τί
677 1208 792 1269 οὖν
818 1212 887 1268 τὸ
923 1212 1223 1281 περισσὸν
1250 1213 1358 1267 τοῦ
1387 1211 1715 1276 Ἰουδαίου;
1761 1211 1981 1282 Ἐπειδὴ

401 1298 581 1353 πάντα
632 1294 876 1362 ἐξέϐαλε,
906 1296 1006 1366 τὴν
1039 1295 1325 1366 ἀκρόασιν,
1365 1295 1465 1366 τὴν
1515 1294 1888 1362 διδασκαλίαν,
1920 1295 1983 1349 τὸ

399 1384 572 1455 δνομα
598 1380 695 1435 τοῦ
722 1378 1002 1443 Ἰουδαίου,
1031 1380 1130 1450 τὴν
1160 1378 1484 1451 περιτομήν,
1514 1378 1584 1433 τὰ
1610 1378 1746 1433 ἄλλα
1778 1378 1978 1446 πάντα,

400 1468 490 1523 διά
515 1465 610 1520 τοῦ
642 1464 845 1533 λέγειν,
866 1464 947 1516 δτι
990 1463 1052 1517 '0
1075 1463 1145 1517 ἐν
1174 1461 1254 1528 τῷ
1282 1460 1520 1532 φανερῷ
1554 1461 1842 1530 Ἰουδαῖος
1869 1464 1982 1518 οὐκ

401 1551 593 1614 ἐστιν,
623 1548 764 1603 w'
787 1548 821 1601 ό
848 1546 918 1600 ἐν
947 1543 1028 1611 τῷ
1074 1544 1336 1614 κρυπτῷ,
1367 1546 1469 1617 ὁρᾷ
1498 1545 1685 1599 λοιπὸν
1711 1545 1983 1599 ἀντίθεσιν

401 1631 817 1688 ἀνακύπτουσαν
838 1646 852 1661 ·
891 1628 986 1683 καὶ
1011 1627 1148 1701 πρὸς
1174 1628 1345 1700 αὐτὴν
1368 1628 1604 1683 ἵσταται.
1634 1627 1728 1692 Τίς
1757 1627 1814 1681 δέ
1835 1629 1983 1682 ἐστιν

403 1719 438 1789 ἡ
471 1714 780 1780 ἀντίθεσιςῖ
826 1713 889 1766 Et
933 1710 1120 1782 μηδὲν,
1154 1711 1341 1782 φησὶν,
1364 1710 1571 1781 ὠφελεί
1600 1710 1795 1775 ταῦτα,
1840 1705 2009 1776 τίνος

401 1800 587 1855 ἕνεκεν
631 1796 731 1853 καὶ⁸
788 1794 992 1866 ἐκλήθη
1038 1794 1100 1849 τὸ
1146 1794 1319 1861 ἔθνος,
1355 1795 1451 1849 καὶ
1483 1795 1756 1866 περιτομὴ
1789 1794 1982 1865 ἐδόθη;

402 1884 468 1938 Τί
499 1878 593 1938 οῦν
621 1880 787 1945 ποιεῖ,
823 1880 919 1933 καὶ⁵
957 1877 1075 1943 πῶς
1104 1878 1275 1946 αὐτὴν
1302 1878 1455 1944 λύει;
1489 1877 1568 1930 Δι’
1599 1870 1674 1930 ὧν
1699 1876 1857 1930 ἔλυσε
1889 1878 1987 1932 καὶ

401 1969 470 2023 τά
498 1965 780 2038 ἀνωτέρω.
818 1964 1030 2034 ’Ὥσπερ
1058 1962 1167 2034 γὰρ
1191 1964 1309 2016 ἐκεῖ
1337 1961 1400 2015 οὐ
1431 1960 1502 2014 τά
1529 1958 1782 2032 ἐγκώμια
1810 1959 1987 2014 αὐτῶν

401 2048 577 2116 εἶπεν,
611 2048 747 2104 ἀλλά
775 2046 868 2102 τοῦ
896 2044 1032 2100 Θεοῦ
1065 2046 1166 2108 τάς
1205 2043 1547 2116 εὐεργεσίας,
1599 2044 1660 2097 οὐ
1707 2043 1777 2096 τὸ.
1806 2044 1988 2100 αὐτῶν

403 2131 836 2205 κατορθώματα·
891 2128 955 2183 τὸ
1005 2126 1115 2198 γὰρ
1165 2127 1418 2181 Ἰουδαῖον
1466 2125 1853 2197 ὀνομάζεσθαι,
1891 2126 1987 2181 καὶ

402 2217 695 2287 γινώσκειν
716 2215 778 2267 τὸ
799 2211 1035 2283 θέλημα,
1069 2212 1164 2265 καὶ
1186 2208 1502 2281 δοκιμάζειν
1536 2210 1606 2264 τά
1638 2210 1984 2282 διαφέροντα,

403 2301 505 2355 οὐκ
527 2298 707 2353 αὐτῶν
731 2292 800 2366 ῆν
833 2293 1189 2366 κατόρθωμα,
1229 2292 1366 2346 ἀλλά
1396 2292 1499 2362 τῆς
1536 2291 1631 2345 τοῦ
1663 2291 1799 2346 Θεοῦ
1833 2293 1990 2365 χάρι-

403 2400 525 2449 τος·
558 2383 698 2452 ὅπερ
730 2379 824 2434 καὶ
850 2376 1124 2442 ὀνειδίζων
1156 2377 1341 2439 αὐτοῖς
1364 2377 1393 2430 6
1422 2376 1712 2448 προφήτης
1761 2375 1947 2445 ἔλεγεν
1971 2391 1986 2407 ο

408 2470 533 2523 Οὐκ
581 2464 874 2531 ἐποίησεν
906 2460 1059 2515 οὕτω
1101 2460 1281 2514 παντί
1307 2459 1488 2525 ἔθνει,
1508 2460 1606 2514 καί
1633 2460 1705 2515 τὰ
1738 2460 1991 2528 κρίματα

404 2548 595 2606 αὐτοῦ
617 2549 730 2602 οὐκ
758 2542 1069 2612 ἐδήλωσεν
1096 2542 1301 2609 αὐτοῖς
1323 2558 1339 2574 ο
1365 2543 1460 2596 καὶ
1482 2544 1510 2596 6
1535 2543 1778 2612 Μωῡσῆς
1802 2542 1987 2606 πάλιν,

416 2628 806 2703 Ἐρωτήσατε,
849 2628 902 2681 ει
932 2625 1140 2695 γέγονε
1169 2625 1321 2679 κατὰ
1350 2625 1418 2679 τὸ
1446 2622 1612 2694 ῥῆμα
1648 2624 1845 2690 τοῦτο,
1881 2643 1988 2696 φη-

405 2717 514 2781 σὶν,
561 2715 614 2768 εί
650 2710 923 2781 ἤκουσεν
978 2708 1155 2775 ἔθνος
1192 2706 1403 2778 φωνὴν
1456 2704 1605 2762 Θεοῦ
1657 2706 1873 2775 ζῶντος
1920 2707 1990 2762 ἐκ

397 2799 595 2871 μέσον
623 2794 730 2850 τοῦ
752 2792 966 2863 πυρὸς,
989 2791 1089 2847 καί
1114 2788 1290 2859 ἔζησε
1309 2808 1323 2822 ·
1362 2789 1521 2845 τοῦτο
1548 2790 1613 2861 δὴ
1640 2791 1734 2845 καὶ
1754 2789 1990 2844 ἐνταῦθα

404 2884 569 2938 ποιεῖ.
604 2880 817 2949 Ὠσπερ
843 2875 978 2949 γὰρ,
1027 2877 1116 2930 ὅτε
1148 2876 1300 2945 ἔλεγε
1351 2877 1481 2947 περὶ
1520 2875 1621 2945 τῆς
1664 2876 1986 2947 περιτομῆς,

402 2968 507 3020 οὐκ
554 2959 734 3024 εἶπεν,
762 2961 847 3014 ὅτι
896 2960 964 3012 Ἦ
987 2958 1045 3012 δέ
1079 2958 1351 3029 περιτομὴ
1384 2958 1537 3011 οὐδὲν
1564 2957 1766 3027 ὠφελεῖ
1821 2957 1991 3029 χωρὶς

403 3049 545 3111 βίου,
577 3044 741 3109 ἀλλά,
770 3041 1049 3111 Περιτομὴ
1077 3025 1288 3110 ὦφελεί
1309 3025 1449 3110 μετά
1476 3025 1699 3109 βίουξτὸ
1725 3025 1859 3092 αὐτὸ
1892 3025 1991 3108 μὲν

401 3128 603 3200 δηλῶν,
631 3121 980 3197 ἡμερώτερον
1006 3122 1061 3176 δέ
1079 3139 1095 3155 ο
1152 3122 1246 3176 καὶ
1275 3120 1460 3183 πάλιν,
1527 3120 1671 3174 Ἐὰν
1698 3120 1767 3173 δὲ
1806 3135 1992 3189 παρα-

403 3215 589 3281 ϐάτης
607 3211 799 3280 νόμου
816 3201 914 3278 ᾖς,
941 3206 1042 3259 οὐκ
1067 3200 1241 3270 εἶπεν,
1268 3204 1432 3258 Οὐδὲν
1455 3203 1641 3275 ὠφελῇ
1669 3204 1733 3257 σὺ
1756 3206 1784 3257 6
1815 3204 1991 3274 ἐμπε-

406 3296 641 3369 ρίτομος,
667 3291 807 3358 ἀλλ’,
825 3291 888 3345 Ἠ
909 3287 1192 3359 περιτομή
1219 3304 1337 3353 σου
1359 3286 1729 3355 ἀκροϐυστία
1757 3285 1989 3356 γέγονεο

402 3378 500 3432 καὶ
526 3376 645 3448 μετ’
676 3377 851 3429 ἐκεῖνο
875 3373 934 3427 δὲ
973 3372 1156 3436 πάλιν,
1212 3370 1435 3440 Κρινεῖ,
1495 3371 1683 3438 φησὶν,
1733 3371 1774 3439 ἠ
1823 3371 1994 3440 ἀκρο-

403 3460 625 3516 ϐυστία
648 3457 784 3528 οὐχί
830 3455 946 3524 τὴν
978 3452 1328 3523 περιτομὴν,
1364 3453 1526 3507 ἀλλὰ
1564 3451 1641 3506 σὲ
1673 3452 1782 3506 τὸν
1805 3466 1993 3522 παρα-

404 3541 594 3608 ϐάτην
618 3540 830 3609 νόμου,
880 3536 991 3590 τῶν
1019 3536 1121 3606 μὲν
1153 3535 1401 3607 νομίμων
1433 3534 1766 3606 φειδόμενος,
1786 3537 1912 3600 τοὺς
1935 3536 1993 3590 δέ

403 3623 725 3694 ἀνθρώπους
756 3619 964 3690 βάλλων
986 3633 1001 3648 ⁰
1042 3616 1186 3672 οὕτω
1213 3617 1310 3675 καὶ
1348 3618 1583 3672 ἐνταῦθα
1613 3621 1777 3672 ποιεῖ.
1818 3618 1992 3673 Ἀντι-

404 3705 520 3769 θεὶς
546 3703 657 3775 γάρ
681 3701 859 3773 ἑαυτῷ
895 3698 1075 3766 τοῦτο,
1109 3699 1206 3756 καὶ
1237 3699 1430 3766 εἰπὼν,
1468 3702 1528 3755 Τί
1556 3695 1757 3757 οὖντὸ
1793 3717 1996 3772 περισ-

404 3788 524 3843 σὸν
557 3785 665 3841 τοῦ
693 3783 991 3841 Ἰουδαίου
1013 3800 1034 3849 ;
1066 3782 1167 3837 οὐκ
1203 3780 1377 3851 εἶπεν,
1397 3784 1479 3838 ὅτι
1504 3783 1690 3851 Οὐδὲν,
1713 3784 1851 3839 ἀλλά
1870 3802 1994 3839 συν-

407 3872 615 3943 έδραμε
646 3870 726 3942 τῷ
754 3869 920 3940 λόγῳ,
961 3868 1057 3922 καὶ
1091 3866 1179 3921 διὰ
1204 3866 1315 3921 τῶν
1348 3866 1474 3937 ἑξῆς
1519 3868 1682 3922 πάλιν
1731 3869 1864 3921 αὐτὸ
1905 3870 1995 3923 ἀν-

404 3955 538 4019 εἷλε,
594 3953 691 4008 καὶ
738 3950 906 4016 ἔδειξε
952 3951 1046 4005 καὶ
1076 3950 1469 4021 κολαζομένους
1503 3951 1613 4004 ἀπὸ
1660 3949 1865 4021 ταύτης
1893 3952 1994 4023 τῆς

402 4035 716 4112 προεδρίας.
761 4035 871 4089 Καὶ
893 4032 1039 4099 πῶς;
1077 4032 1221 4103 Ἐγὼ
1253 4031 1417 4102 λέγω,
1449 4030 1546 4104 τὴν
1590 4032 1864 4087 ἀντίθεσιν
1912 4035 1994 4099 είς

405 4120 571 4194 μέσον
600 4117 845 4189 ἀγαγών.
883 4115 952 4172 Τί
975 4112 1093 4172 οὖν
1116 4116 1184 4169 τὸ
1222 4116 1520 4182 περισσὸν
1540 4115 1647 4171 τοῦ
1675 4116 1991 4185 Ἰουδαίου,

403 4205 588 4275 φησιν,
635 4201 675 4271 ἢ
729 4201 821 4268 τίς
872 4199 912 4269 ἠ
945 4195 1205 4270 ὠφέλεια
1251 4196 1362 4268 τῆς
1407 4198 1771 4270 περιτομῆςὶ
1828 4201 1993 4256 Πολὺ

402 4299 556 4355 κατὰ
587 4297 784 4353 πάντα
813 4297 1055 4367 τρόπον.
1090 4295 1332 4364 Πρῶτον
1362 4295 1499 4364 μὲν,
1528 4295 1617 4350 ὅτι
1641 4296 1994 4366 ἐπιστεύθη·

402 4400 526 4439 σαν
545 4382 620 4437 τὰ
633 4382 809 4453 λόγια
825 4378 934 4435 τοῦ
955 4380 1125 4435 Θεοῦ.
1149 4375 1322 4445 Εἶδες,
1341 4379 1479 4450 ὅπερ
1500 4378 1671 4451 ἔφθην
1691 4379 1882 4445 εἰπὼν,
1902 4382 1994 4433 οὐ-

401 4464 576 4535 δαμοῦ
593 4464 661 4519 τά
677 4463 1070 4535 κοτορθώματα
1087 4460 1287 4527 αὐτῶν,
1305 4461 1443 4514 ἀλλά
1460 4464 1555 4515 τοῦ
1571 4461 1707 4515 Θεοῦ
1721 4461 1821 4526 τὰς
1840 4463 1928 4515 εὐε
1935 4481 1994 4534 ρ-

406 4549 599 4617 γεσίας
619 4544 1059 4618 ἀπαριθμοῦντας
1091 4543 1158 4597 Τί
1183 4542 1241 4596 δέ
1266 4544 1438 4607 ἐστιν,
1472 4544 1992 4612 Ἑπιστεύθησαν;

404 4633 529 4686 Ὅτι
574 4630 727 4684 αὐτοὶ
768 4624 1215 4697 ἐνεχειρίσθησαν
1255 4623 1349 4678 τὸν
1386 4624 1572 4696 νόμον,
1612 4626 1693 4680 ὅτι
1733 4627 1991 4681 τοσούτου

404 4713 561 4787 ιιγδῑ
602 4711 787 4776 ἀξίους
815 4707 952 4763 εἶναι
987 4707 1255 4777 ἐνόμιζεν,
1283 4706 1360 4770 ὡς
1389 4708 1676 4787 πιστεῦσαι
1709 4712 1993 4780 χρησμοὺς

402 4781 587 4859 αὐτοξς
609 4793 815 4849 ἀνωθεν
837 4791 1278 4862 κατενεχθέντας.
1312 4789 1422 4843 Καὶ
1447 4785 1566 4845 οἶδα
1593 4791 1711 4862 μὲν,
1742 4793 1824 4846 ὅτι
1847 4792 1993 4859 τινὲς

401 4881 487 4945 τὸ,
504 4877 1006 4944 Ἐπιστεύθησαν,
1028 4875 1129 4927 οὐκ
1154 4873 1247 4926 ἐπὶ
1278 4871 1387 4926 τῶν
1422 4872 1694 4927 Ἰουδαίων
1714 4873 1989 4944 λέγουσιν,

401 4963 519 5018 ἀλλ’
542 4964 634 5016 ἐπὶ
656 4960 763 5014 τῶν
782 4957 1305 5028 λογίων,τουτέστιν,
1327 4956 1409 5010 ὅτι
1436 4955 1730 5029 ἐπιστεύθη
1751 4960 1779 5012 6
1804 4959 1987 5030 νόμος·

401 5047 541 5103 ἀλλά
585 5048 648 5101 τὸ
688 5045 817 5116 ἑξῆς
858 5044 958 5099 οὐκ
1003 5041 1198 5113 ἀφίησι
1219 5039 1375 5094 τοῦτο
1398 5039 1734 5112 νομίζεσθαι.
1767 5044 1991 5116 Πρῶτον

404 5131 507 5204 μὲν
543 5129 654 5201 γάρ
685 5123 1008 5199 κατηγορῶν
1034 5123 1216 5179 αὐτῶν
1251 5123 1428 5177 ταῦτα
1457 5122 1626 5192 λέγει,
1658 5124 1752 5179 καὶ
1778 5126 1989 5192 δεικνὺς

402 5212 606 5285 πολλῆς
633 5212 734 5284 μὲν
760 5209 970 5264 ἀνωθεν
991 5206 1406 5272 ἀπολαύσαντας
1427 5207 1767 5278 εὐεργεσίας,
1791 5209 1992 5282 πολλὴν

399 5297 460 5353 δέ
485 5293 929 5366 ἐπιδειξαμένους
955 5288 1366 5362 ἀγνωμοσύνην.
1408 5290 1642 5345 Ἔπειτα
1670 5292 1727 5345 δὲ
1777 5293 1874 5347 καὶ
1921 5292 1991 5348 τά

402 5379 531 5451 ἐξῆς
549 5378 708 5434 τοῦτο
730 5375 880 5448 δηλοῖ
898 5392 910 5405 ’
949 5377 1193 5447 ἐπήγαγε
1223 5374 1333 5445 γάρ
1350 5390 1364 5405 ·
1408 5373 1470 5428 Τί
1500 5373 1630 5443 γὰρ,
1653 5377 1707 5429 εί
1729 5375 1991 5445 ἠπίστη-

402 5466 528 5519 σάν
552 5480 714 5528 τινες
731 5478 750 5527 ;
794 5463 856 5515 Εἰ
890 5460 947 5515 δὲ
972 5460 1302 5531 ἠπίστησαν,
1335 5457 1475 5521 πῶς,
1503 5459 1649 5522 τινές
1695 5475 1880 5527 φασιν,
1908 5461 1989 5516 ὅτι

403 5544 803 5613 ἐπιστεύθησαν
832 5544 902 5597 τά
932 5543 1125 5612 λόγια;
1184 5542 1227 5595 Τ
1234 5541 1249 5594 ί
1284 5538 1378 5597 οῦν
1402 5558 1603 5613 φησιν;
1636 5543 1760 5595 Ὅτι
1793 5545 1822 5596 6
1857 5543 1990 5609 Θεὸς

405 5628 590 5690 αὐτοῖς
612 5626 786 5679 ταῦτα
817 5626 1162 5688 ἐπίστευσεν,
1205 5625 1305 5695 οὐχ
1346 5625 1430 5678 ὅτι
1475 5625 1631 5679 αὐτοὶ
1662 5628 1774 5688 τοῖς
1805 5625 1987 5696 λόγοις

405 5707 764 5761 ἐπίστευσανο
806 5708 928 5759 ἐπεὶ
956 5708 1072 5769 πῶς
1100 5707 1210 5777 ἔχει
1235 5706 1391 5774 λόγον
1429 5708 1488 5760 τὸ
1522 5707 1681 5777 ἐξῆς;
1728 5708 1824 5761 καὶ
1879 5710 1990 5779 γάρ

409 5789 686 5858 ἐπήγαγι’
715 5789 776 5840 Τί
794 5788 928 5855 γὰρ,
956 5791 1008 5842 εὶ
1044 5788 1394 5855 ἠπίστησάν
1424 5806 1612 5855 τινες;
1663 5792 1771 5843 Καὶ
1801 5792 1860 5845 τὸ
1893 5811 1989 5861 με-

406 5874 474 5927 τὰ
508 5868 667 5923 τοῦτο
707 5866 764 5920 δέ
812 5867 872 5920 τὸ
925 5868 1056 5924 αὐτό
1102 5868 1275 5939 δηλοῖ·
1325 5871 1635 5942 προσέθηκε
1684 5873 1790 5945 γὰρ
1826 5875 1987 5932 πάλιν

1137 263 1196 319 S.
1234 232 1523 320 JOANNI‘S
1560 261 2059 320 CIIRYSOSTOMI
2101 263 2422 321 ARCHIEP.
2464 266 3027 324 CONSTANTINOP.

3576 276 3598 325 σί
3609 272 3682 325 88

2096 377 2268 452 λέγων
2290 401 2303 413 ·
2342 387 2439 455 Μὴ
2473 387 2584 457 γὰρ
2619 375 2657 455 ἦ
2688 387 2938 442 ἀπιστία
2966 384 3163 440 αὐτῶν
3186 385 3299 451 τὴν
3323 386 3534 439 πίστιν
3577 390 3683 441 τοῦ

2096 468 2245 522 Θεοῦ
2297 470 2702 539 καταργήσας
2757 470 2853 539 Μὴ
2909 469 3161 541 γένοιτο.
3197 469 3368 522 Τοῦτο
3397 471 3599 533 τοίνυν,
3655 474 3685 526 6

2092 551 2506 624 ἐπιστεύθησαν,
2553 551 2647 607 τοῦ
2705 553 2841 606 Θεοῦ
2889 554 2989 623 τὴν
3037 551 3247 624 δωρεὰν
3292 553 3681 624 ἀνακηρύττει.

2092 634 2165 688 Σὺ
2216 635 2274 689 δέ
2328 653 2419 705 μοι
2468 637 2663 691 σκόπει
2713 637 2810 691 καλ⁵
2867 636 3104 692 ἐνταῦθα
3158 636 3396 690 σύνεσιν.
3432 636 3545 707 Τὴν
3571 639 3684 707 γὰρ

2091 718 2426 788 κατηγορίαν
2475 719 2655 773 αὐτῶν
2687 720 2749 773 οὐ
2794 721 2924 790 παρ’
2975 718 3169 773 ἐαυτοῦ
3228 720 3388 773 πάλιν
3448 722 3680 789 εἰσάγει,

2090 799 2204 853 ἀλλ’
2241 801 2318 865 ὡς
2367 802 2425 869 ἐξ
2473 802 2800 866 ἀντιθέσεως
2823 819 2836 832 ·
2874 803 3076 856 ὡσανεὶ
3114 801 3320 871 ἐλεγεψ
3375 801 3516 855 Ἀλλ’
3549 803 3684 865 ἴσως

2091 884 2235 954 ἐρεῖς
2257 900 2271 914 ⁸
2311 885 2422 939 Καὶ
2461 885 2512 938 τί
2541 885 2601 938 τὸ
2629 885 2818 954 δφελος
2851 886 2950 956 τῆς
2978 885 3284 956 περιτομῆς
3332 885 3570 954 ταῦτηςς
3618 887 3682 938 οὐ

2089 965 2198 1036 γάρ
2223 967 2525 1038 ἐχρήσαντο
2551 969 2687 1038 αὐτῇ
2723 970 2802 1029 είς
2825 967 2944 1020 δέον
2965 986 2976 996 ·
3013 967 3418 1039 ἐπιστεύθησαν
3448 968 3560 1036 γὰρ
3590 968 3685 1021 τὸν

2089 1048 2275 1118 νόμον,
2331 1049 2423 1103 καὶ
2469 1050 2800 1121 ἠπίστησαν.
2867 1052 2980 1104 Καὶ
3016 1051 3151 1113 τέως
3184 1051 3245 1103 οὐ
3304 1051 3531 1122 σφοδρός
3567 1050 3685 1103 ἐστι

2091 1133 2411 1205 κατήγορος,
2461 1133 2576 1188 ἀλλ’
2602 1133 2678 1198 ὡς
2703 1133 2796 1187 τὸν
2845 1134 2978 1188 Θεὸν
3009 1134 3367 1188 ἀπαλλάττων
3398 1135 3686 1206 ἐγκλημὼ

2088 1231 2218 1277 των,
2278 1214 2423 1269 οὕτω
2475 1217 2792 1289 περιτρέπει
2842 1217 2922 1281 είς
2969 1217 3167 1281 αὐτοὺς
3194 1218 3295 1287 τὴν
3350 1219 3686 1289 κατηγορίαν

2089 1296 2330 1351 ἃπασαν.
2390 1297 2457 1351 Τί
2502 1299 2612 1370 γάρ
2662 1299 2937 1368 ἐγκαλεῖς,
2991 1301 3178 1370 φησὶν,
3218 1301 3301 1353 ὅτι
3336 1301 3684 1370 ὴπίστησαν;

2089 1381 2185 1434 καὶ
2237 1379 2290 1432 τί
2324 1378 2481 1433 τοῦτο
2507 1380 2645 1452 πρὸς
2677 1380 2768 1434 τὸν
2796 1381 2964 1446 Θεόν;
3002 1381 3076 1452 μὴ
3108 1382 3216 1452 γάρ
3242 1383 3339 1452 τὴν
3365 1382 3687 1452 εὐεργεσίαν

2090 1462 2254 1517 αὐτοῦ
2276 1463 2572 1533 ἀνατρέπει
2598 1464 2703 1517 τῶν
2732 1464 3203 1535 εὐεργετηθέντων
3223 1467 3257 1535 ή
3283 1466 3648 1537 ἀγνωμοσύνη
3669 1485 3684 1532 ;

2090 1546 2122 1617 ἦ
2156 1548 2256 1617 τὴν
2286 1545 2452 1619 τιμήν
2480 1550 2628 1601 ποιεί
2661 1547 2738 1619 μὴ
2790 1546 2932 1601 εἶναι
2984 1550 3179 1619 τιμήνς
3229 1549 3402 1603 Τοῦτο
3428 1550 3538 1620 γάρ
3571 1552 3687 1603 ἐστι

2094 1629 2176 1693 τὸ,
2234 1628 2331 1696 Μὴ
2367 1631 2405 1697 ἡ
2455 1630 2710 1683 ἀπιστία
2755 1628 2957 1684 αὐτῶν
2988 1629 3105 1697 τὴν
3132 1631 3343 1685 πίστιν
3373 1633 3482 1686 τοῦ
3537 1632 3687 1687 Θεοῦ

2090 1711 2452 1780 καταργήσει
2472 1728 2490 1776 ;
2512 1715 2569 1766 Μ
2575 1715 2607 1780 ἡ
2636 1712 2890 1782 πένοιτο.
2926 1713 3013 1777 Ὠς
3036 1714 3103 1767 ἂν
3126 1714 3175 1766 εἰ
3202 1713 3356 1782 ἐλεγέ
3382 1729 3497 1778 τις·
3544 1714 3689 1779 Ἐγὼ

2090 1794 2182 1846 τὸν
2210 1795 2359 1848 δεῖνα
2407 1795 2680 1866 ἐτίμησα·
2716 1796 2850 1849 εἰδὲ
2893 1794 2983 1868 μὴ’
3025 1800 3345 1869 προσήκατο
3373 1799 3469 1870 τὴν
3518 1799 3688 1869 τιμὴν

2091 1879 2323 1942 ἐκεῖνος,
2377 1877 2538 1932 τοῦτο
2594 1880 2719 1950 ἐμοὶ
2766 1881 3102 1951 κατηγορίαν
3150 1881 3212 1935 οὐ
3250 1882 3420 1952 φέρει,
3446 1882 3565 1935 οὐδὲ
3590 1882 3689 1934 λυ-

2094 1960 2346 2031 μαίνεται
2399 1979 2501 2032 μου
2536 1962 2635 2033 τὴν
2661 1962 3077 2033 φιλανθρωπίαν
3099 1977 3150 2028 α,
3193 1964 3307 2018 ἀλλ’
3331 1965 3537 2018 ἐκείνου
3571 1965 3685 2018 δεί-

2092 2060 2248 2098 κνυσι
2279 2044 2376 2116 τὴν
2404 2046 2780 2116 ἀναισθησίαν.
2819 2046 2876 2099 ὐ
2903 2046 2961 2099 δὲ
3008 2047 3218 2112 Παῦλος
3251 2048 3313 2100 οὐ
3341 2047 3497 2101 τοῦτο
3524 2047 3687 2117 μόνο)

2093 2127 2264 2196 λέγει,
2305 2127 2442 2182 ἀλλά
2490 2129 2587 2182 καὶ
2628 2129 2690 2182 τὸ
2735 2129 2917 2200 πολλῷ
2969 2130 3162 2184 πλέον·
3213 2132 3296 2184 ὅτι
3329 2133 3390 2184 οὐ
3422 2131 3580 2201 μόνον
3624 2134 3686 2184 οὐ

2095 2211 2483 2282 προστρίϐεται
2509 2210 2761 2281 ἔγκλημα
2802 2211 2881 2283 τῷ
2924 2212 3045 2284 Θεῷ
3079 2216 3112 2284 ή
3157 2215 3388 2267 ἀπιστία
3442 2214 3688 2273 ἐκείνων.

2094 2292 2231 2346 ἀλλά
2254 2295 2347 2347 καὶ
2377 2295 2600 2362 μείζονα
2625 2295 2899 2348 δείκνυσιν
2934 2296 3098 2348 αὐτοῦ
3130 2296 3230 2367 τὴν
3262 2296 3431 2367 τιμὴν
3459 2298 3554 2350 καὶ
3589 2298 3692 2367 τὴν

2095 2375 2530 2446 φιλανθρωπίαν,
2563 2377 2692 2430 ὅταν
2719 2377 2816 2430 καὶ⁸
2843 2378 2935 2432 τὸν
2977 2377 3246 2449 μέλλοντα
3295 2379 3460 2432 αὐτὸν
3487 2380 3692 2450 ἀτιμά-

2097 2457 2211 2524 ζειν
2246 2461 2506 2530 φαίνηται
2529 2460 2728 2530 τιμῶν.

2176 2548 2238 2595 ε’.
2276 2537 2430 2604 Εἶδες
2471 2541 2585 2606 πῶς
2611 2544 2809 2607 αὐτοὺς
2839 2543 3092 2615 ἐποίησεν
3130 2543 3467 2609 ὑπευθύνους
3492 2544 3694 2615 ἐγκλη-

2107 2626 2315 2694 μάτων,
2339 2624 2432 2696 ἀφ’
2456 2619 2531 2680 ὧν
2556 2626 3022 2692 ἐκαλλωπίζοντος
3054 2628 3213 2699 εἴπερ
3231 2631 3258 2680 6
3282 2630 3381 2699 μὲν
3402 2628 3535 2693 Θεὸς
3566 2645 3694 2682 τοσ-

2095 2707 2235 2780 αύτῃ
2290 2710 2417 2781 περὶ
2460 2710 2659 2773 αὐτοὺς
2709 2711 2982 2782 ἐχρήσατο
3009 2713 3076 2782 τῇ
3125 2713 3281 2783 τιμῇ,
3328 2711 3406 2775 ὡς
3442 2712 3578 2783 μηδέ
3629 2711 3693 2764 τὸ

2098 2790 2289 2862 μέλλον
2317 2791 2565 2863 προορῶν
2593 2792 2930 2863 ἀποσχέσθαι
2955 2792 3056 2863 τῆς
3083 2794 3227 2864 περὶ.
3241 2793 3439 2858 αὐτοὺς
3455 2793 3689 2855 εὐνοίας·

2095 2874 2251 2928 αὐτοὶ
2283 2873 2341 2927 δὲ
2375 2873 2468 2928 τὸν
2493 2877 2825 2946 τιμήσαντα,
2851 2875 2918 2929 δι’
2942 2868 3017 2931 ὧν
3044 2876 3405 2947 ἐτιμήθησαν,
3435 2876 3687 2948 ὕϐρισαν.

2096 2954 2230 3011 Εἶτα
2265 2957 2452 3028 ἐπειδὴ
2489 2954 2635 3025 εἷπε,
2676 2960 2737 3013 Τί
2788 2959 2923 3030 γὰρ.
2985 2961 3037 3012 ει
3087 2958 3447 3028 ἠπίστησάν
3495 2977 3691 3027 τινεςς

2097 3040 2379 3110 φαίνονται
2443 3041 2502 3095 δὲ
2560 3043 2763 3105 πάντες
2808 3041 3212 3113 ήπιστηκότες·
3265 3041 3354 3095 ἴνα
3410 3044 3484 3114 μὴ
3526 3044 3693 3098 πάλιν

2096 3123 2239 3178 κατά
2266 3123 2365 3196 τὴν
2399 3124 2637 3195 ἱστορίαν
2664 3123 2860 3192 λέγων,
2891 3123 3019 3197 δόξῃ
3054 3123 3282 3195 σφοδρὸς
3321 3126 3502 3180 αὐτῶν
3547 3122 3693 3182 εἶναι

2097 3207 2403 3278 κατήγορος
2451 3206 2528 3270 ὡς
2562 3206 2777 3278 ἐχθρὸς,
2808 3207 2868 3260 ἐν
2889 3206 3041 3273 τάξει
3069 3206 3335 3278 λογισμοῦ
3370 3209 3467 3262 καὶ
3502 3210 3692 3264 συλλο-

2096 3288 2297 3360 γισμοῦ
2323 3288 2508 3359 τίθησι
2527 3289 2587 3342 τὸ
2608 3289 2702 3342 ἐπὶ
2721 3290 2822 3360 τῆς
2841 3288 3099 3359 ἀληθείας
3124 3292 3517 3362 γεγενημένον,
3544 3292 3692 3348 οὕτω

2096 3370 2304 3439 λέγων’
2350 3371 2630 3425 Γενέσθω
2666 3371 2736 3426 δὲ
2771 3375 2805 3426 ό
2840 3370 2985 3437 Θεὸς
3038 3371 3293 3440 ἀληθὴς,
3332 3373 3454 3442 πᾶς
3489 3374 3559 3429 δὲ
3581 3375 3690 3429 ἇν-

2098 3457 2329 3524 θρωπος
2364 3454 2659 3523 ψεύστης.
2698 3456 2764 3508 Ὅ
2796 3453 2855 3508 δέ
2898 3453 3068 3523 λέγει,
3103 3455 3348 3509 τοιοῦτον
3372 3460 3521 3512 ἐστιν
3545 3475 3559 3490 ·
3612 3460 3689 3514 οὐ

2096 3535 2261 3605 λέγω,
2314 3538 2499 3607 φησὶν,
2534 3537 2617 3590 ὅτι
2653 3537 2800 3600 τινὲς
2847 3537 3182 3609 ἠπίστησαν,
3237 3538 3352 3593 ἀλλ’
3392 3542 3441 3593 εί
3484 3540 3690 3612 βούλει,

2098 3619 2234 3672 τίθει
2265 3618 2473 3683 πάντας
2522 3620 2886 3691 ήπιστηκέναι
2909 3637 2923 3652 ο
2958 3620 3019 3674 τὸ
3071 3620 3268 3693 ἀληθὲς
3321 3625 3691 3696 γεγενημένον

2099 3702 2237 3755 κατὰ
2278 3699 2586 3773 συνδρομὴν
2616 3702 2935 3773 συγχωρῶν,
2963 3704 3051 3756 ἵνα
3080 3704 3395 3777 ἀνεπαχθὴς
3423 3702 3561 3760 εῖναι
3597 3708 3688 3761 δό-

2098 3784 2165 3857 ξῃ
2187 3786 2282 3838 καὶ¹
2310 3785 2644 3849 ἀνύποπτος.
2674 3786 2785 3838 Καὶ
2824 3786 2934 3858 γὰρ
2956 3786 3101 3841 οῦτω
3132 3788 3332 3858 μᾶλλον
3357 3788 3688 3857 δικαιοῦται,

2099 3867 2286 3937 φησὶν,
2311 3870 2340 3922 6
2375 3867 2528 3930 Θεὸς.
2566 3867 2632 3921 Τί
2661 3869 2800 3931 ἐστι,
2836 3867 2985 3942 [479]
3017 3871 3365 3939 Δικαιοῦται;
3400 3871 3460 3925 El
3499 3873 3690 3943 κρίσις

2100 3952 2312 4019 γένοιτο
2341 3950 2438 4004 καὶ
2462 3950 2711 4015 ἐξέτασις
2737 3949 2846 4005 τῶν
2870 3951 3244 4025 ὑπηργμένων
3266 3955 3378 4017 τοῖς
3409 3954 3688 4019 Ἰουδαίοις

2099 4031 2232 4103 παρ’
2260 4031 2449 4099 αὐτοῦ,
2496 4033 2593 4088 καὶ
2647 4034 2758 4089 τῶν
2788 4036 2919 4108 παρ’
2951 4036 3132 4091 αὐτῶν
3159 4039 3240 4100 είς
3270 4038 3433 4091 αὐτὸν
3461 4054 3692 4111 γεγενησ

2103 4114 2303 4186 μένων,
2333 4114 2404 4169 τά
2452 4117 2747 4189 νικητήρια
2788 4116 2943 4172 ἔσται
2999 4119 3151 4190 παρὰ
3204 4119 3284 4191 τῷ
3314 4120 3455 4190 Θεῷ,
3493 4122 3591 4176 καὶ
3618 4124 3691 4176 τὰ

2099 4197 2444 4269 δικαιώματα
2473 4199 2635 4254 αὐτοῦ
2686 4201 2883 4257 πάντα.
2926 4203 3037 4257 Καὶ
3082 4202 3262 4271 δείξας
3294 4205 3455 4258 τοῦτο
3504 4205 3691 4275 σαφῶς

2098 4283 2165 4337 ἐκ
2187 4282 2295 4338 τῶν
2319 4282 2630 4356 ἔμπροσθεν
2649 4286 2979 4358 εἰρημένων,
3005 4285 3129 4339 τότε
3159 4289 3253 4340 καλ⁵
3281 4287 3375 4340 τὸν
3400 4291 3690 4359 προφήτην

2099 4368 2366 4437 εἰσήγαγε
2386 4367 2601 4430 τούτοις
2627 4367 3000 4439 ψηφιζόμενον
3029 4370 3125 4422 καὶ
3172 4370 3399 4438 λέγοντα
3423 4389 3438 4404 ·
3490 4372 3693 4438 Ὅπως

2099 4449 2179 4504 ἂν
2206 4448 2527 4518 δικαιωθῇς
2548 4449 2620 4504 ἐν
2643 4449 2766 4517 τοῖς
2793 4452 2999 4522 λόγοις
3023 4466 3163 4516 σου,
3205 4453 3304 4508 καί
3330 4452 3590 4523 νικήσῃς
3617 4455 3691 4508 ἐν

2097 4532 2181 4598 τῷ
2221 4533 2534 4602 κρίνεσθαί
2581 4546 2678 4588 σε.
2730 4533 2903 4597 Αὐτὸς
2957 4534 3056 4605 μὲν
3086 4535 3197 4606 γὰρ
3224 4535 3293 4589 τὰ
3331 4535 3463 4605 παρ’
3491 4535 3689 4590 ἐαυτοῦ

2100 4617 2277 4671 πάντα
2299 4616 2577 4688 ἐποίησεν,
2608 4618 2805 4671 ἐκεῖνοι
2837 4618 2895 4671 δέ
2928 4619 3049 4672 οὐδὲ
3089 4617 3266 4683 οὕτως
3289 4618 3538 4687 ἐγένοντο
3567 4619 3691 4688 βελ-

2098 4699 2266 4763 τίους.
2320 4695 2458 4753 Εἶτα
2507 4700 2571 4752 ἐκ
2599 4698 2790 4754 τούτου
2827 4700 2990 4755 πάλιν
3028 4702 3302 4756 ἀντίθεσιν
3328 4703 3526 4773 ἑτέραν
3553 4703 3689 4757 ἀνα-

2099 4782 2414 4837 κύπτουσαν
2447 4784 2527 4846 είς
2559 4783 2723 4852 μέσον
2745 4785 2890 4852 ἄγει,
2921 4784 3016 4839 καί
3045 4801 3210 4855 φησιν
3231 4801 3244 4815 ·
3290 4786 3360 4838 El
3393 4783 3464 4838 δὲ
3494 4785 3533 4852 ἠ
3563 4784 3690 4839 ἁδι-

2099 4867 2200 4921 κίιι
2236 4864 2404 4936 ἡμῶν
2438 4866 2585 4920 Θεοῦ
2615 4866 3012 4937 δικαιοσύνην
3045 4873 3400 4937 συνίστησι,
3440 4869 3499 4922 τί
3518 4867 3690 4936 ἐροῦ-

2093 4964 2243 5021 ιιενς
2286 4949 2374 5018 μὴ
2408 4949 2615 5017 ἄδικος
2663 4953 2696 5005 ὁ
2748 4951 2893 5019 Θεὸς
2922 4957 2955 5007 ό
2991 4952 3291 5022 ἐπιφέρων
3313 4952 3432 5020 τὴν
3461 4954 3693 5021 ὀργήν;

2098 5033 2249 5087 κατά
2282 5032 2599 5101 ἄνθρωπον
2630 5034 2803 5104 λέγω.
2848 5036 2945 5104 Μὴ
2996 5036 3250 5106 γένοιτο.
3287 5037 3524 5091 ’Ἄτοπον
3558 5037 3685 5090 ἀτύ⁴

2099 5135 2186 5189 πιρ
2218 5116 2336 5171 λύει
2364 5117 2570 5171 λοιπόν.
2589 5118 2806 5189 Ἐπειδὴ
2840 5119 2896 5171 δέ
2927 5118 3086 5173 τοῦτο
3111 5121 3341 5189 ἀσαφὲς,
3394 5122 3694 5189 ἀναγκαῖον

2097 5201 2230 5256 αὐτὸ
2281 5200 2613 5272 σαφέστερον
2657 5203 2855 5257 εἰπεῖν.
2906 5203 2972 5256 Τί
3022 5198 3117 5257 οὖν
3177 5205 3347 5268 ἐστιν,
3398 5204 3429 5258 ὃ
3484 5221 3692 5275 φησιν;

2110 5285 2370 5355 Ἑτίμησε
2419 5285 2546 5347 τοὺς
2596 5285 2885 5350 Ἰουδαίους
2942 5287 2972 5339 6
3026 5287 3181 5351 Θεὸς,
3242 5286 3474 5359 ὕϐρισαν
3526 5288 3693 5341 αὐτὸι

2097 5369 2317 5422 ἐκεῖνοι.
2352 5366 2522 5421 Τοῦτο
2545 5368 2711 5422 αὐτὸν
2735 5372 2879 5422 ποιεί
2902 5369 3145 5441 νικῆσαι,
3175 5371 3269 5424 καὶ
3288 5371 3494 5442 πολλὴν
3523 5370 3693 5424 αὐτοῦ

2094 5451 2341 5505 δείκνυσι
2384 5451 2482 5522 τὴν
2510 5450 2946 5523 φιλανθρωπίαν,
2973 5453 3057 5506 ὃτι
3106 5452 3201 5507 καὶ
3226 5454 3505 5515 τοιούτους
3529 5454 3695 5517 ὄντας

2096 5533 2377 5605 ἐτίμησεν.
2435 5532 2649 5587 Οὐκοῦν
2705 5534 2918 5606 ἐπειδὴ,
2972 5536 3057 5589 ὅτι
3119 5535 3446 5608 ὐϐρίσαμεν,
3497 5535 3689 5605 φησὶν,

2095 5619 2258 5687 ἡμεῖς
2316 5618 2411 5671 καὶ
2467 5615 2831 5688 ἠδικήσαμεν,
2886 5618 2975 5672 διά
3019 5618 3182 5672 τοῦτο
3214 5620 3243 5671 6
3285 5619 3420 5684 Θεὸς
3464 5619 3691 5689 ἐνίκησε

2096 5700 2192 5755 καὶ
2216 5702 2248 5768 ή
2278 5698 2589 5769 δικαιοσύνη
2614 5701 2777 5754 αὐτοῦ
2805 5701 3033 5774 λαμπρά
3084 5703 3283 5772 ἐφάνη,
3331 5702 3474 5767 τίνος
3500 5702 3689 5755 ἕνεκεν

2097 5784 2418 5854 κολάζομαι,
2448 5786 2602 5853 φησὶ,
2634 5784 2805 5848 αἴτιος
2834 5786 2982 5856 αὐτῷ
3013 5785 3107 5840 τοῦ
3139 5787 3361 5856 νικῆσαι
3391 5784 3686 5854 γενόμενος

2174 5910 2197 5937 ⁸
2228 5907 2329 5967 AL,
2354 5913 2410 5965 τῇ
2442 5906 2777 5967 φύσινθρωπία.
