4122 6150
463 260 563 319 437

452 924 640 994 spiritu
665 921 876 977 laudem
906 937 934 973 a
967 921 1077 975 Deo
1109 919 1289 976 habet.
1318 920 1382 973 Et
1407 935 1504 974 cur
1533 935 1640 974 non
1669 921 1900 976 ostendit
1939 920 2035 974 be-

455 1032 520 1072 ne
547 1025 792 1086 agentem
833 1015 1087 1085 gentitem
1141 1011 1278 1068 bene
1327 1022 1516 1083 agente
1542 1012 1727 1069 Judaeo
1759 1030 1866 1068 non
1915 1029 2036 1069 esse

453 1111 791 1174 inferiorem;
819 1108 910 1162 sed
938 1107 1072 1162 bene
1093 1114 1337 1177 agentem
1368 1107 1620 1176 gentilem
1642 1114 2034 1175 transgressore

451 1201 633 1256 .ludaao
658 1215 778 1256 esse
822 1197 1140 1254 meliorem?
1165 1195 1233 1252 Ut
1269 1196 1618 1252 indubitatam
1675 1196 1920 1252 redderet
1948 1198 2031 1252 vi-

448 1293 691 1347 ctoriam.
721 1291 832 1346 Hoc
861 1291 1000 1344 enim
1027 1303 1147 1344 cum
1173 1289 1224 1342 in
1252 1287 1494 1343 confesso
1524 1296 1610 1342 est
1634 1327 1649 1354 ,
1693 1288 2030 1343 circumcisio

448 1385 626 1439 carnis
669 1383 974 1438 necessario
1019 1379 1355 1443 excluditur,
1399 1387 1455 1435 et
1497 1379 1797 1434 ostenditur
1837 1380 2030 1448 ubique

451 1491 570 1532 esse
594 1477 731 1532 bona
762 1475 866 1528 vita
890 1489 1044 1543 opus.
1073 1470 1204 1526 Cum
1232 1471 1376 1525 enim
1404 1471 1618 1541 gentilis
1663 1471 1778 1525 sine
1812 1470 1894 1524 his
1919 1471 2026 1525 sal—

447 1581 543 1621 vus
587 1567 656 1620 sit
683 1606 697 1629 ,
728 1575 782 1620 et
806 1563 1021 1620 Judacus
1049 1579 1167 1617 cum
1201 1561 1284 1616 his
1313 1560 1582 1632 puniatur,
1631 1569 1803 1616 cessat
1843 1560 2027 1615 Judai—

444 1673 612 1714 smus.
644 1656 907 1713 Gentilem
932 1669 1060 1710 vero
1087 1653 1216 1708 dicit
1245 1667 1347 1706 non
1377 1651 1732 1717 idololatram,
1766 1651 1857 1707 sed
1883 1653 2023 1721 pium

444 1758 498 1803 et
524 1749 721 1803 virtute
771 1747 1050 1816 pratditum
1073 1785 1086 1808 ,
1117 1759 1145 1798 a
1179 1743 1437 1813 legalibus
1466 1743 1932 1797 observationilms
1961 1743 2024 1797 li-

445 1843 650 1898 berum.
684 1837 829 1908 (Cap.
858 1833 933 1903 3.)
971 1839 1019 1891 1.
1073 1835 1210 1902 Quid
1261 1852 1376 1906 ergo
1423 1835 1642 1904 amplius
1665 1833 1853 1889 Iudaeo
1904 1837 2022 1890 est?

449 1933 581 1999 Quia
605 1930 782 1985 omnia
814 1928 1058 1992 exclusit,
1105 1927 1412 1992 conciones,
1466 1926 1786 1991 doctrinam,
1817 1942 2012 1982 nomen

440 2022 632 2085 Judaei,
663 2019 1124 2074 eireumcisionem
1149 2026 1202 2071 et
1229 2026 1422 2072 caetera
1464 2019 1664 2083 omnia,
1712 2034 1833 2072 cum
1861 2019 2016 2088 dixit,

443 2114 542 2179 Qui
570 2113 620 2165 in
653 2111 938 2180 manifesto,
985 2109 1201 2163 Judtvus
1223 2125 1320 2162 non
1351 2118 1444 2175 est,
1475 2109 1563 2163 sed
1598 2111 1684 2180 qui
1726 2111 1779 2163 in
1808 2112 2018 2166 abscon-

441 2204 586 2264 dito;
628 2202 773 2257 videt
822 2201 1074 2270 deinceps
1120 2200 1474 2268 objectionem
1519 2211 1930 2270 exsurgentem,
1962 2213 2018 2259 et

439 2293 690 2348 adversus
708 2293 848 2346 illam
878 2300 1001 2346 stat.
1023 2292 1275 2358 Quantam
1306 2292 1388 2344 illa
1415 2292 1684 2360 ohjectio?
1711 2291 1766 2348 Si
1798 2293 1910 2348 lucc
1936 2295 2017 2348 ni-

439 2387 509 2440 hil
529 2387 740 2456 juvant,
768 2400 864 2439 cur
888 2393 1073 2439 vocata
1095 2399 1226 2454 gens
1253 2385 1368 2450 fuit,
1390 2399 1487 2439 cur
1515 2387 1847 2440 circumcisio
1859 2386 2014 2441 data?

435 2477 567 2544 Quid
595 2491 721 2547 ergo
758 2475 883 2530 facit
903 2476 926 2528 ?
947 2484 997 2530 et
1016 2475 1283 2545 quomodo
1303 2475 1449 2528 illam
1468 2475 1662 2528 solvit?
1686 2476 1747 2530 Ut
1774 2477 1988 2546 superio

436 2588 488 2624 ra
516 2571 699 2625 solvit.
725 2569 873 2624 Sicut
893 2568 1034 2622 enim
1054 2567 1159 2621 illic
1181 2582 1284 2620 non
1315 2567 1523 2620 illorum
1550 2567 1730 2621 laudes
1760 2569 2010 2636 pra-diea-

435 2662 525 2725 vit,
553 2660 646 2714 sed
672 2660 762 2713 Dei
787 2657 1065 2721 beneﬁcia,
1102 2673 1207 2711 non
1249 2658 1459 2711 illorum
1507 2665 1652 2711 recte
1685 2655 1818 2710 facta
1845 2674 1859 2722 ;
1891 2674 2008 2711 nam

432 2752 570 2820 quod
594 2750 762 2805 .luda-i
789 2757 1128 2816 vocarentur,
1152 2748 1293 2819 quod
1313 2748 1637 2802 voluntatem
1660 2748 1749 2802 Dei
1769 2759 2007 2817 nossent,

430 2843 568 2913 quod
591 2843 956 2897 examinarent
977 2841 1146 2907 utilia,
1178 2856 1280 2894 non
1307 2840 1539 2906 illorum,
1579 2839 1672 2895 sed
1714 2841 1803 2896 Dei
1824 2843 2010 2911 gratia:

429 2949 559 3003 opus
585 2943 731 2988 erat:
777 2934 918 3004 quod
955 2933 1056 2988 illis
1095 2932 1427 3001 exprobrans
1460 2931 1714 3002 propheta
1753 2932 2006 2993 dicebat:

432 3026 551 3080 Non
575 3028 690 3097 fecit
725 3027 891 3079 taliter
911 3026 1047 3078 omni
1063 3025 1272 3089 nationi,
1297 3033 1342 3076 et
1371 3023 1561 3090 judicia
1588 3041 1682 3077 sua
1723 3041 1820 3078 non
1847 3026 2011 3079 mani-

430 3119 624 3189 festarit
641 3118 710 3170 eis
730 3116 1026 3188 (PsalJH.
1053 3114 1111 3184 9)
1129 3132 1144 3177 ,°
1161 3123 1215 3168 et
1236 3114 1443 3185 Moyses
1460 3130 1686 3178 rursum,
1718 3112 2008 3186 Interroga-

430 3219 495 3274 te,
528 3209 714 3278 inquit,
745 3208 786 3262 si
814 3209 908 3278 fuit
931 3207 1205 3261 secundum
1221 3205 1421 3260 verbum
1452 3205 1564 3270 hoc,
1596 3207 1638 3260 si
1658 3208 1847 3261 audivit
1885 3225 2006 3278 gens

430 3317 593 3354 vocem
619 3300 708 3354 Dei
729 3300 929 3354 viventis
955 3316 1015 3353 ea:
1038 3299 1203 3353 medio
1220 3299 1369 3368 ignis,
1394 3307 1441 3352 et
1461 3299 1583 3352 vixit
1611 3298 1787 3369 (Deut.
1817 3301 1868 3355 5.
1887 3300 1999 3370 26):

429 3393 528 3447 hoc
546 3393 713 3460 ipsum
737 3392 819 3445 hic
841 3407 1051 3460 quoque
1075 3390 1214 3443 facit.
1230 3389 1376 3445 Sicut
1401 3390 1541 3444 enim
1557 3405 1676 3443 cum
1703 3385 1768 3444 de
1785 3390 2005 3445 cireum-

425 3485 622 3538 cisione
649 3482 973 3552 loqueretur,
1019 3497 1123 3535 non
1145 3480 1298 3544 dixit,
1335 3481 1458 3534 llaec
1506 3481 1844 3535 circumcisio
1885 3482 2002 3536 sine

427 3577 560 3630 bona
583 3576 684 3629 vita
705 3575 835 3628 nihil
859 3573 1092 3642 prodest;
1113 3571 1228 3636 sed,
1247 3571 1588 3626 Circumcisio
1604 3586 1722 3625 cum
1743 3571 1878 3625 bona
1899 3573 1999 3626 vita

426 3666 656 3734 prodest,
681 3666 909 3735 idipsum
930 3663 1254 3732 signiﬁcans,
1270 3661 1362 3716 sed
1382 3662 1595 3725 mitius;
1623 3677 1685 3715 ac
1700 3662 2002 3728 rursum,Si

425 3767 585 3810 autem
611 3755 966 3826 prazraticator
991 3754 1114 3824 legis
1139 3755 1316 3823 fueris,
1339 3767 1442 3806 non
1469 3751 1690 3814 addidit,
1710 3752 1850 3806 Nihil
1878 3769 1999 3822 pro-

427 3850 535 3905 ﬁcis
559 3859 631 3912 tu,
651 3849 739 3919 qui
763 3848 1199 3908 circumcisuses;
1221 3846 1313 3900 sed
1342 3845 1665 3900 Circumcisio
1685 3856 1773 3898 tua
1797 3863 2000 3916 prwpu-

425 3941 548 3994 tium
578 3941 712 4009 facta
740 3948 849 4002 est;
879 3947 932 3992 ct
960 3946 1078 4006 post
1114 3937 1238 3990 illud
1270 3952 1476 4000 rursus,
1500 3935 1780 4002 Judicabit,
1806 3937 1996 4007 inquit,

425 4033 726 4100 pra'putium
751 4045 848 4082 non
872 4028 1320 4092 circumcisionem,
1366 4027 1454 4080 sed
1478 4036 1525 4080 te
1569 4030 1999 4097 prrrvaricatoretn

427 4122 568 4193 legis,
597 4122 853 4191 legalibus
900 4135 1145 4190 parcens,
1191 4128 1244 4174 et
1275 4119 1518 4174 homines
1562 4119 1760 4173 feriens
1793 4138 1806 4175 :
1844 4121 1911 4174 ita
1943 4131 1998 4174 et

425 4214 508 4268 hic
541 4214 684 4269 facit.
713 4213 842 4268 Cum
895 4213 1036 4265 enim
1071 4212 1171 4264 hoc
1197 4210 1482 4278 objecisset
1507 4209 1606 4264 sibi
1634 4252 1648 4273 ,
1680 4220 1733 4264 et
1755 4211 1992 4272 dixisset,

425 4305 559 4371 Quid
587 4304 808 4372 amplius
838 4303 980 4356 habet
1010 4302 1268 4355 Juda‘us?
1315 4317 1420 4353 non
1448 4300 1600 4363 dixit,
1628 4299 1791 4363 Nihil,
1822 4299 1914 4352 sed
1946 4300 1994 4352 id

423 4411 672 4450 sermone
702 4396 889 4454 innuit,
919 4404 968 4448 et
1002 4408 1099 4461 per
1120 4391 1397 4460 sequentia
1429 4390 1530 4443 hoc
1561 4391 1730 4458 ipsum
1757 4390 1994 4456 sustulit,

421 4486 758 4556 ostenditque
786 4486 906 4540 illos
945 4485 1015 4540 0b
1046 4483 1344 4551 lmjusmodi
1373 4481 1778 4550 prmrogativam
1816 4482 1997 4550 plexos

421 4577 601 4630 fuisse.
632 4577 697 4630 Et
721 4575 1031 4646 quomodo?
1078 4575 1190 4643 Ego
1210 4573 1420 4635 dicam,
1463 4572 1572 4639 ipsa
1613 4570 1993 4639 objectionein

420 4669 649 4723 medium
706 4669 952 4723 adducta.
1011 4666 1148 4731 Quid
1207 4665 1340 4719 enim
1399 4663 1620 4734 amplius
1662 4663 1845 4716 Judwo
1901 4673 1993 4729 est,

419 4774 503 4815 aut
533 4779 643 4832 qua:
671 4763 867 4815 utilitas
911 4757 1351 4814 circumcisionis?
1395 4756 1449 4810 2.
1498 4755 1716 4808 Multum
1762 4772 1851 4822 per
1879 4770 1990 4807 etn-

420 4874 532 4911 nem
559 4858 785 4912 modum.
817 4855 996 4910 Primo
1023 4855 1142 4924 quia
1169 4851 1458 4906 concredita
1495 4856 1612 4903 sunt
1639 4849 1742 4902 illis
1793 4847 1991 4917 eloquia

418 4945 535 5001 Dei.
564 4945 770 5011 Viden',
804 4955 862 4999 ut
882 4945 985 5014 iam
1010 4945 1140 5010 dixi,
1173 4944 1318 4997 illum
1350 4956 1607 5010 nusquam
1636 4953 1819 4993 eorum
1850 4948 1996 4992 recte

419 5039 552 5093 facta
575 5081 588 5102 ,
621 5038 716 5093 scd
759 5037 854 5092 Dei
902 5035 1160 5091 beneﬁcia
1197 5033 1560 5089 enumerare?
1588 5032 1723 5100 Quid
1755 5031 1854 5085 sibi
1885 5031 1997 5084 vult

418 5131 565 5196 illud,
597 5128 896 5185 Concredita
919 5137 1034 5182 sunt
1060 5127 1086 5180 ?
1113 5127 1245 5193 Quia
1278 5126 1381 5180 illis
1408 5125 1595 5178 tradita
1620 5125 1825 5188 estlex,
1848 5123 1988 5193 quod

419 5222 547 5275 tanti
572 5221 690 5275 illos
720 5220 902 5275 fecerit
926 5219 1086 5284 Deus,
1141 5227 1197 5272 ut
1226 5232 1456 5287 superna
1491 5217 1593 5269 illis
1622 5217 1838 5269 oracula
1864 5232 1994 5270 con-

419 5311 684 5366 crederet.
725 5311 792 5364 Et
836 5310 949 5363 scio
996 5307 1278 5378 quosdam,
1335 5306 1480 5370 illud,
1530 5305 1830 5359 Concredita
1854 5316 1991 5370 sunt,

418 5421 522 5459 non
552 5405 620 5459 de
647 5404 847 5459 Judmis
874 5445 889 5471 ,
919 5401 1013 5456 sed
1044 5401 1110 5455 de
1135 5399 1366 5469 eloquiis
1411 5397 1609 5452 dictum
1639 5409 1861 5468 putare;
1894 5398 1994 5452 hoc

418 5507 522 5563 est,
556 5498 677 5567 quia
701 5495 988 5551 commissa
1035 5500 1119 5548 est
1155 5493 1238 5546 lex
1273 5509 1287 5544 :
1321 5489 1414 5545 sed
1441 5489 1580 5558 quod
1624 5488 1861 5557 sequitur
1888 5504 1992 5542 non

418 5590 698 5659 permittit,
732 5597 790 5642 ut
819 5588 897 5642 sic
947 5585 1288 5654 intelligatur.
1321 5582 1501 5636 Primo
1531 5580 1694 5644 enim,
1735 5594 1992 5635 accusans

420 5683 541 5739 illos
567 5683 668 5737 hoc
691 5682 841 5746 dicit,
876 5690 930 5735 et
959 5677 1247 5734 ostendens
1289 5675 1408 5730 illos
1437 5673 1599 5728 multa
1631 5689 1658 5727 a
1700 5672 1804 5726 Ι)ρο
1834 5671 1991 5727 bene-

1566 253 1627 310 ΙΝ
1668 255 1882 311 El’iST.
1925 257 2014 311 AD
2054 257 2216 313 R051.
2260 259 2490 316 IJOMIL.
2536 262 2620 318 γι.

464 380 635 429 tiones
658 391 674 439 ;
706 388 823 443 qua:
851 369 1024 426 omnia
1049 387 1154 425 ttno
1181 371 1342 426 verbo
1365 371 1714 427 subindicavit
1735 391 1746 424 :
1771 371 1888 428 Non
1910 373 2043 426 enim

459 469 544 538 qui
569 467 621 519 in
643 463 930 534 manifesto,
954 460 1170 516 Juda’tts
1197 472 1287 516 est.
1314 462 1504 517 Verum
1533 464 1655 533 quia
1682 463 2046 518 circumcisio-

461 560 542 612 nis
585 569 774 625 magna
796 555 932 607 ratio
979 563 1114 620 erat,
1163 553 1592 624 quandoquidem
1637 555 1735 624 ipsi
1763 555 2040 609 sabbatum

455 648 696 712 cedebat,
717 645 837 715 jure
869 644 1107 713 pluribus
1135 645 1278 700 circa
1300 647 1442 700 illam
1461 645 1785 700 extenditur.
1809 645 1942 701 Cum
1963 648 2042 701 di-

453 742 524 794 cit
543 748 745 804 autem,
769 736 793 789 1
800 755 831 790 u
851 736 1056 805 spiritu,
1075 737 1212 790 viam
1232 748 1491 806 praeparat
1510 737 1762 806 deinceps
1778 737 1842 792 ad
1861 738 2042 792 Eccle-

453 832 544 886 sia.-
565 830 887 895 institutum,
907 837 960 883 et
979 827 1134 882 ﬁdem
1157 827 1388 882 inducit:
1408 828 1606 883 ctenim
1628 829 1712 882 illa
1732 828 1783 882 in
1806 829 1970 883 corde
1987 839 2039 884 et

3629 277 3732 336 I38

2157 375 2272 429 ﬁcia
2313 379 2616 446 accepisse,
2667 379 2761 434 sed
2815 381 3076 451 ingratum
3123 384 3278 440 valde
3315 388 3546 444 animum
3579 393 3730 448 exhi-

2151 465 2354 521 buisse.
2388 469 2589 524 Deinde
2616 473 2892 540 sequentia
2916 490 3128 545 quoque
3155 477 3281 533 illttd
3313 480 3578 549 indicant;
3604 501 3724 540 nam

2153 559 2446 632 subjungit,
2471 563 2523 614 5.
2561 562 2700 628 Quid
2723 565 2855 617 enim
2881 606 2895 629 ,
2925 569 2967 618 si
2993 568 3198 635 quidam
3228 586 3331 624 non
3353 573 3674 630 crediderunt
3702 579 3726 614 ν

2143 648 2197 705 Si
2229 666 2334 705 non
2365 653 2726 722 crediderunt,
2752 672 2859 725 quo
2890 667 3066 725 pacto,
3110 659 3296 717 dicunt
3338 663 3572 734 quidam,
3599 665 3724 733 ipsis

2142 745 2451 798 concredita
2491 758 2617 800 sunt
2643 748 2894 818 eloquia?
2929 749 3064 817 Quid
3097 767 3224 821 ergo
3263 754 3374 808 ait?
3401 756 3552 824 Quod
3584 756 3723 810 Deus

2143 833 2272 902 ipsis
2295 835 2380 889 illa
2414 837 2751 893 crediderit:
2787 855 2890 894 non
2937 841 3077 910 quod
3120 841 3220 910 ipsi
3265 845 3444 899 verbis
3483 847 3723 902 credide-

2139 923 2285 977 rint:
2335 942 2454 979 nam
2530 928 2798 997 quomodo
2865 938 3032 986 staret
3101 932 3153 986 id
3230 935 3369 1003 quod
3441 938 3721 1007 sequitur?

2141 1014 2310 1080 Quid,
2369 1016 2412 1069 si
2460 1017 2668 1086 quidam
2711 1035 2813 1073 non
2856 1020 3215 1077 crediderunt?
3277 1023 3390 1078 Hoc
3438 1028 3600 1079 etiam
3651 1041 3714 1080 ex

2136 1107 2486 1174 sequentibus
2546 1108 2891 1176 declaratur;
2945 1111 3130 1181 adjicit
3179 1113 3324 1166 enim
3387 1132 3402 1170 :
3453 1114 3718 1187 Numquid

2135 1197 2464 1252 incredulitas
2515 1215 2690 1253 eorum
2717 1201 2846 1253 iram
2894 1201 2988 1255 Dei
3042 1203 3342 1256 evacuabit?
3397 1204 3555 1259 Absit.
3605 1207 3718 1262 lloc

2135 1285 2295 1355 igitur
2351 1288 2547 1358 ipsum,
2599 1289 2740 1359 quod
2792 1291 2897 1346 illis
2935 1293 3301 1347 conereditmn
3357 1303 3477 1361 est,
3518 1296 3714 1351 Christi

2132 1379 2330 1434 donum
2381 1382 2653 1450 pra-dicat.
2710 1381 2790 1437 Tu
2853 1399 2982 1438 vero
3033 1385 3160 1438 mihi
3223 1386 3384 1440 etiam
3431 1386 3518 1441 hic
3568 1387 3712 1444 Pauli

2133 1471 2469 1539 prudentiam
2521 1473 2811 1541 perpende.
2864 1474 3274 1528 Accusationem
3303 1477 3445 1530 enim
3502 1476 3713 1532 illorum

2129 1576 2340 1616 rursum
2385 1578 2488 1616 non
2518 1578 2546 1616 a
2578 1564 2757 1632 seipso
2815 1563 3056 1632 inducit,
3101 1565 3194 1619 sed
3245 1570 3395 1635 quasi
3447 1582 3512 1621 ex
3558 1569 3712 1638 obje-

2126 1655 2342 1714 Ctione:
2397 1669 2460 1709 ac
2522 1656 2566 1708 si
2612 1655 2820 1710 diceret
2873 1674 2887 1712 :
2937 1656 3007 1710 At
3059 1657 3286 1711 fortasse
3330 1658 3478 1713 dices
3534 1675 3548 1712 :
3609 1660 3711 1715 Ec-

2126 1759 2228 1812 qua
2260 1744 2459 1798 utilitas
2501 1745 2926 1800 circumcisionis
2969 1745 3370 1816 hujus?neque
3415 1749 3557 1803 enim
3598 1750 3709 1816 illa,

2128 1845 2182 1890 ut
2206 1852 2301 1906 par
2326 1847 2462 1903 erat,
2496 1839 2576 1891 usi
2605 1847 2763 1893 sunt:
2795 1839 3103 1894 concredita
3130 1839 3237 1894 illis
3266 1840 3351 1895 lex
3377 1851 3481 1908 est,
3522 1852 3577 1896 et
3602 1857 3707 1897 non

2123 1928 2490 1984 crediderunt.
2543 1931 2718 1999 Atque
2773 1930 2989 1985 interim
3034 1947 3137 1986 non
3167 1932 3456 1988 vehemens
3483 1948 3703 1989 accusa-

2126 2028 2209 2073 tor
2233 2027 2334 2083 cst,
2367 2018 2461 2073 sed
2505 2019 2654 2089 quasi
2711 2019 2879 2074 Deum
2910 2035 2940 2074 a
2969 2021 3342 2078 criminatione
3392 2023 3701 2088 vindicans,

2123 2119 2286 2164 totam
2318 2110 2462 2164 illam
2497 2109 2548 2163 in
2590 2111 2734 2179 ipsos
2756 2112 3038 2166 convertit.
3074 2112 3184 2166 Cur
3228 2127 3469 2178 accusas,
3511 2114 3699 2184 inquit,

2118 2201 2261 2271 quod
2287 2217 2391 2256 non
2414 2201 2780 2256 crediderint?
2825 2211 2880 2256 et
2918 2203 3041 2271 quid
3090 2202 3191 2257 hoc
3219 2204 3282 2258 ad
3315 2204 3525 2259 Deum?
3575 2221 3699 2258 num

2118 2293 2234 2362 ejus
2282 2293 2688 2348 beneﬁcentiam
2740 2293 2999 2348 subvertit
3045 2295 3258 2348 illormn
3307 2296 3395 2365 qui
3441 2296 3698 2350 be:.elicia

2118 2396 2440 2456 acceperunt
2469 2387 2704 2456 ingratus
2731 2387 2988 2440 animus?
3018 2397 3110 2442 aut
3140 2387 3284 2453 facit,
3310 2396 3366 2441 ut
3395 2387 3565 2440 honor
3591 2404 3695 2440 non

2117 2478 2182 2530 sit
2205 2475 2500 2530 honor?ld
2540 2477 2683 2530 enim
2733 2477 2931 2530 indicat
2959 2477 3086 2531 illud
3116 2493 3130 2531 :
3167 2477 3430 2548 Numquid
3464 2478 3701 2531 increduo

2116 2568 2230 2620 litus
2259 2582 2431 2619 eorum
2460 2565 2611 2632 ﬁdem
2646 2565 2737 2618 Dei
2756 2569 3061 2620 evacuabit?
3089 2567 3251 2621 Absit.
3286 2569 3362 2622 Ac
3389 2570 3432 2622 si
3465 2568 3584 2638 quis
3610 2568 3694 2622 di-

2115 2664 2262 2710 ceret
2283 2675 2296 2710 :
2319 2655 2430 2724 Ego
2458 2655 2601 2707 illum
2632 2657 2789 2708 talem
2841 2654 3045 2709 honore
3089 2656 3273 2720 alfeci;
3303 2657 3347 2710 si
3378 2672 3506 2712 vero
3523 2657 3688 2710 bono.

2116 2761 2227 2800 rem
2259 2745 2348 2799 ille
2375 2760 2480 2798 non
2518 2744 2752 2809 admisit,
2810 2745 2932 2798 hinc
2977 2745 3310 2800 accusandus
3369 2762 3474 2800 non
3528 2764 3645 2801 sum
3678 2766 3694 2813 ;

2115 2853 2290 2909 neque
2322 2839 2371 2892 id
2404 2837 2791 2906 benignitatem
2844 2853 3015 2892 meam
3057 2837 3221 2900 laedit,
3271 2838 3364 2893 sed
3408 2839 3550 2894 illius
3579 2851 3695 2895 stu-

2116 2930 2388 3000 piditatem
2417 2931 2610 3000 arguit.
2665 2929 2860 2984 Paulus
2887 2945 3014 2984 vero
3057 2945 3161 2984 non
3191 2929 3291 2984 hoc
3325 2931 3496 2985 solum
3537 2931 3689 2998 dicit,

2112 3024 2205 3078 sed
2239 3025 2398 3092 longe
2423 3023 2673 3091 amplius,
2727 3022 2869 3091 quod
2923 3039 3032 3076 non
3077 3023 3235 3077 modo
3261 3023 3712 3091 criminationem.

2115 3113 2224 3168 Deo
2272 3128 2378 3167 non
2408 3111 2601 3167 inferat
2634 3111 2982 3167 incredulitas
3007 3127 3231 3177 eorum,
3287 3113 3382 3168 sed
3431 3115 3686 3183 majorem

2111 3204 2356 3260 ostendat
2377 3205 2492 3272 ejus
2518 3203 2775 3259 honorem
2800 3213 2854 3258 et
2878 3203 3279 3273 benignitatem,
3309 3219 3430 3259 cum
3449 3220 3570 3259 eum
3601 3205 3692 3274 qui

2110 3311 2170 3352 se
2201 3288 2617 3350 inhonoratuﬂts
2633 3306 2711 3350 est
2745 3296 2952 3350 honore
2979 3296 3163 3351 afﬁcit.

2179 3390 2232 3444 5.
2289 3389 2532 3443 Vidistin’
2578 3387 2845 3458 quomodo
2894 3388 3013 3442 illos
3063 3388 3375 3443 criminibus
3421 3389 3686 3444 obnoxios

2105 3480 2345 3536 effecerit
2391 3496 2456 3533 ex
2503 3479 2569 3532 iis
2593 3521 2607 3544 ,
2636 3479 2704 3533 de
2742 3478 2932 3548 quibus
2972 3479 3380 3548 gloriabantur?
3423 3480 3684 3550 siquidem

2111 3572 2250 3626 Deus
2290 3578 2492 3624 tantum
2541 3570 2648 3623 illis
2687 3569 2865 3622 intulit
2907 3568 3198 3632 honorem,
3254 3577 3312 3623 ut
3360 3570 3457 3624 etsi
3512 3569 3687 3624 futura

2106 3660 2410 3732 prazvidens
2437 3702 2451 3724 _,
2503 3675 2532 3712 a
2582 3659 2950 3713 benevolentia
2983 3673 3076 3712 sua
3111 3674 3213 3712 non
3243 3658 3565 3714 desisteret:
3612 3660 3688 3714 illi

2107 3767 2234 3804 vero
2261 3766 2319 3806 se
2351 3751 2553 3804 honore
2579 3748 2924 3825 afﬁcientcm,
2957 3764 3050 3817 per
3082 3749 3254 3818 ipsum
3287 3751 3491 3805 illattttn
3520 3749 3689 3805 hono-

2107 3859 2217 3897 rem
2247 3841 2566 3898 contumelia
2596 3840 2908 3894 aﬁ‘eccrunt.
2961 3839 3160 3895 Deimlc
3187 3840 3306 3909 quia
3337 3841 3505 3906 dixit,
3552 3843 3686 3907 Quid

2104 3951 2242 4003 ergo,
2273 3935 2316 3988 si
2344 3933 2549 4004 quidam
2580 3949 2680 3986 non
2707 3930 3072 3985 crediderunt?
3101 3941 3152 3984 et
3198 3946 3385 3984 omnes
3423 3947 3526 3984 non
3564 3947 3685 3986 cre-

2104 4027 2302 4081 didisse
2334 4025 2609 4087 videntur;
2658 4041 2724 4077 ne
2769 4023 3060 4078 secundum
3101 4021 3377 4076 historiam
3425 4023 3682 4091 loquens,

2104 4118 2394 4171 vehemens
2432 4117 2644 4168 illorum
2676 4125 2951 4168 accusator
2989 4124 3235 4180 tanquam
3280 4112 3522 4165 inimicus
3561 4126 3682 4165 esse

2102 4207 2362 4269 videatur,
2395 4205 2551 4258 modo
2580 4203 2840 4258 ratiocinii
2869 4210 2922 4256 et
2949 4201 3238 4271 syllogismi
3267 4201 3412 4268 ponit
3437 4200 3486 4254 id
3539 4201 3678 4268 quod

2105 4299 2157 4352 in
2185 4296 2259 4350 rei
2293 4295 2516 4349 veritate
2544 4293 2738 4346 factum
2767 4299 2877 4356 est,
2913 4289 2995 4342 his
3025 4289 3240 4342 verbis:
3286 4290 3340 4342 4.
3387 4288 3468 4343 Sit
3511 4303 3678 4341 autem

2105 4389 2237 4442 Deus
2263 4401 2446 4448 verax,
2482 4385 2645 4437 omnis
2677 4391 2846 4435 autem
2878 4381 3025 4434 homo
3061 4380 3296 4432 mendax.
3329 4379 3382 4433 Id
3412 4388 3532 4434 est:
3566 4379 3679 4434 Non

2102 4482 2243 4544 dico,
2274 4477 2413 4548 quod
2445 4476 2662 4547 quidam
2696 4491 2801 4529 non
2829 4473 3176 4536 crediderint,
3209 4471 3303 4525 scd
3331 4473 3374 4527 si
3407 4472 3509 4538 vis,
3542 4487 3681 4540 pone

2102 4586 2290 4628 omnes
2319 4570 2480 4624 fuisse
2507 4565 2986 4634 incredulos,quod
3017 4565 3100 4618 vix
3130 4563 3325 4617 factum
3359 4562 3532 4617 fuerat
3553 4578 3682 4616 con-

2100 4662 2319 4729 cedens,
2343 4669 2518 4714 utnec
2545 4658 2799 4713 molestus
2827 4670 2925 4711 nec
2945 4664 3221 4725 suspectus
3247 4669 3365 4708 esse
3390 4653 3678 4710 videretur.

2102 4754 2232 4808 Nam
2263 4754 2360 4816 sic,
2393 4750 2583 4819 inquit,
2617 4748 2785 4818 magis
2809 4747 3134 4818 justillcatur
3165 4746 3324 4800 Deus.
3369 4745 3506 4815 Quid
3551 4753 3634 4800 est
3663 4786 3678 4812 ,

2100 4843 2463 4899 Justiﬁcatur?
2483 4841 2541 4896 Si
2566 4839 2822 4909 judicium
2851 4846 3112 4892 statuatur
3139 4845 3191 4890 et
3219 4852 3444 4891 examen
3470 4852 3678 4901 eorum,

2101 4954 2219 5008 quae
2251 4939 2364 5006 ipse
2404 4935 2605 4990 Judaeis
2643 4932 2867 4987 contulit
2909 4940 2964 4985 et
2990 4947 3108 5000 quae
3149 4930 3318 4984 Juda-i
3350 4930 3448 5000 ipsi
3481 4931 3679 4984 retule-

2101 5038 2243 5093 runt,
2275 5027 2494 5082 victoria
2522 5039 2684 5096 penes
2712 5025 2880 5079 Deum
2909 5023 3040 5089 crit,
3071 5030 3126 5077 et
3154 5023 3204 5076 in
3234 5021 3481 5076 on'mibus
3502 5021 3681 5088 justus

2102 5121 2192 5174 ille
2230 5117 2529 5188 apparebit.
2572 5120 2650 5170 Ac
2688 5129 2808 5169 eum
2841 5113 2892 5169 id
2919 5113 3062 5169 clare
3102 5111 3424 5167 ostendisset
3463 5129 3529 5166 ex
3573 5114 3635 5165 iis
3663 5151 3677 5173 .

2101 5227 2219 5281 qua:
2250 5210 2394 5279 prius
2422 5207 2563 5262 dicta
2591 5213 2736 5270 sunt,
2763 5213 2885 5260 tunc
2915 5204 3225 5274 prophetam
3251 5203 3426 5256 attulit
3459 5202 3542 5256 his
3567 5203 3675 5254 suf-

2102 5306 2396 5374 fragantem
2427 5309 2481 5356 et
2509 5301 2773 5355 dicentem
2799 5317 2812 5353 :
2863 5297 2930 5352 Ut
2963 5297 3258 5368 justi/iceris
3288 5296 3338 5348 in
3367 5293 3677 5348 sermonibus

2103 5397 2222 5460 tuis,
2252 5403 2299 5447 et
2325 5394 2493 5446 vincas
2520 5407 2634 5443 cum
2652 5389 2902 5459 judicaris
2934 5388 2950 5456 (
2973 5387 3118 5440 Psal.
3147 5386 3235 5440 50.
3267 5387 3300 5438 5
3319 5385 3356 5455 ).
3393 5385 3508 5453 Ipse
3535 5386 3675 5439 enim

2103 5486 2278 5541 omnia
2309 5499 2402 5539 sua
2431 5482 2589 5537 fecit:
2620 5482 2692 5535 illi
2719 5496 2845 5534 vero
2874 5494 3043 5548 neque
3068 5478 3143 5531 sic
3166 5479 3416 5531 meliores
3436 5491 3674 5532 evasere.

2105 5575 2307 5633 Deinde
2346 5573 2698 5642 objectiouem
2729 5571 2886 5624 aliam
2915 5570 3039 5623 hinc
3067 5575 3437 5637 exsurgentem
3475 5567 3527 5621 iu
3559 5583 3676 5621 me-

2103 5671 2247 5724 dium
2277 5667 2527 5732 adducit,
2574 5674 2627 5719 et
2674 5663 2786 5718 ait:
2835 5662 2889 5718 5.
2924 5661 2984 5716 Si
3011 5670 3177 5713 autent
3215 5659 3452 5730 iniquitas
3491 5669 3665 5713 nostra
