4122 6150
411 284 511 342 559

400 394 648 466 justitiam
682 390 773 444 Dei
802 387 1139 451 commendat,
1166 386 1287 457 quid
1314 385 1579 439 dicemus?
1609 381 1852 451 numquid
1882 380 1984 433 ini-

406 503 535 555 quus
549 494 617 539 est
639 482 776 536 Deus
795 482 877 551 qui
900 481 1051 552 infert
1071 478 1228 531 iram?
1248 476 1545 545 (secundum
1561 474 1809 527 hominem
1831 473 1992 541 dico.)

423 579 583 631 Absit.
626 572 924 627 Ahsurdum
959 587 1053 640 per
1077 568 1361 623 absurdum
1391 568 1606 621 demum
1638 565 1812 619 solvit.
1859 564 1991 630 Quia

416 682 542 720 vero
570 666 669 719 hoc
694 665 977 718 obscurum
1009 668 1109 724 est,
1132 674 1351 713 necesse
1374 667 1457 713 est
1484 659 1677 711 clarius
1703 671 1988 725 exponere.

413 759 522 811 Iloc
553 767 633 810 est
660 766 835 808 autem
869 753 916 807 id
936 752 1073 823 quod
1095 752 1223 804 dicit
1245 769 1255 802 :
1281 750 1493 803 .Iudzros
1514 751 1650 804 Deus
1677 746 1952 801 honoravit
1975 761 1990 799 :

411 848 560 901 illum
594 848 690 916 ipsi
723 844 1045 900 contumelia
1075 843 1387 897 affecerunt.
1440 839 1550 894 lloc
1594 839 1668 892 illi
1713 838 1991 891 victoriam

411 949 593 1011 parat,
641 949 695 993 et
744 952 989 1006 magnam
1033 935 1149 1003 ejus
1198 934 1580 1002 benignitatem
1625 930 1991 992 demonstrat,

411 1032 554 1101 quod
597 1031 730 1084 tales
760 1044 881 1083 cum
914 1035 1095 1081 essent
1141 1024 1504 1078 houoraverit.
1554 1022 1712 1091 Igitur
1751 1019 1993 1090 quando-

412 1120 628 1190 quidem
660 1119 730 1173 ait
756 1160 771 1184 ,
802 1119 922 1187 quia
952 1132 1049 1169 nos
1080 1114 1428 1169 contumelias
1456 1123 1508 1167 et
1540 1112 1757 1182 injurias
1783 1110 1878 1179 ipsi
1909 1113 1994 1163 in.

413 1213 665 1274 tulimus,
702 1211 820 1264 ideo
852 1210 992 1263 Deus
1028 1209 1188 1272 vicit,
1230 1217 1283 1260 et
1318 1206 1521 1275 justitia
1564 1206 1681 1273 ejus
1720 1202 1993 1272 splendida

413 1305 507 1358 fuit
540 1322 553 1357 :
596 1320 724 1368 cur,
756 1304 920 1372 inquit
947 1343 962 1366 ,
998 1302 1209 1370 punior,
1240 1301 1330 1370 qui
1365 1316 1458 1368 per
1486 1298 1862 1353 contumeliam
1896 1297 1994 1366 ipsi

412 1398 647 1451 victoria:
673 1411 832 1449 causa
864 1396 979 1448 fui?
1005 1394 1282 1461 Quomodo
1312 1393 1469 1462 igitur
1498 1392 1655 1446 solvit
1687 1391 1852 1444 illud?
1880 1391 1994 1443 Alia

414 1503 623 1541 rursum
650 1529 665 1553 ,
712 1498 769 1540 ut
806 1487 948 1549 dixi,
996 1485 1342 1540 absurditate.
1383 1485 1437 1539 Si
1467 1485 1609 1539 enim
1649 1493 1700 1537 tu
1728 1526 1743 1551 ,
1790 1483 1993 1553 inquit,

414 1578 650 1631 victorim
672 1592 829 1631 causa
858 1576 1025 1639 fuisti,
1054 1590 1108 1632 et
1135 1586 1315 1646 postea
1343 1577 1567 1645 puniris,
1592 1577 1842 1644 injustum
1866 1574 1995 1629 illud

414 1678 533 1723 est:
565 1671 607 1724 si
636 1678 811 1723 autem
842 1671 928 1723 ille
957 1687 1061 1723 non
1095 1670 1320 1738 iujustus
1349 1678 1450 1735 est,
1481 1681 1532 1723 et
1564 1680 1737 1723 tamen
1773 1668 1993 1738 punit-is,

409 1760 520 1829 jam
565 1777 667 1813 non
710 1762 781 1814 illi
825 1762 1061 1815 victori:e
1088 1776 1244 1814 causa
1280 1762 1442 1815 fuisti.
1477 1761 1542 1814 Et
1585 1761 1704 1813 vide
1750 1761 1995 1829 pietatem

412 1856 781 1921 apostolicam.
834 1853 966 1907 Cum
1016 1854 1157 1908 enim
1199 1854 1449 1918 dixisset,
1499 1853 1640 1907 Num
1680 1854 1881 1921 iniquus
1924 1860 1996 1905 est

418 1943 551 1997 Deus
578 1945 664 2013 qui
690 1946 841 2013 infert
868 1944 1041 1998 iram?
1069 1945 1284 2009 adjecit,
1317 1944 1608 1998 Secundum
1639 1944 1890 1995 hominem
1915 1943 1995 1995 lo—

410 2055 556 2107 quor.
582 2040 655 2093 Ac
681 2038 724 2091 si
755 2038 893 2107 quis,
917 2038 1008 2097 ait.
1036 2037 1328 2092 secundum
1354 2038 1637 2089 humanum
1661 2035 1994 2089 ratiocinium

413 2130 704 2184 dissereret
733 2147 745 2182 :
773 2130 972 2199 justum
995 2129 1190 2199 quippe
1215 2129 1304 2183 Dei
1320 2128 1574 2197 judicium
1598 2143 1680 2192 ea,
1698 2143 1815 2195 quze
1846 2128 1998 2181 nobis

407 2220 549 2287 justa
578 2235 699 2274 esse
726 2220 972 2275 videntur
992 2261 1005 2281 ,
1039 2220 1194 2289 longe
1225 2229 1437 2287 superat
1458 2259 1471 2280 ,
1502 2227 1554 2272 et
1581 2220 1712 2272 alias
1740 2217 1994 2286 quasdam

412 2325 740 2379 arcanasque
759 2312 993 2364 rationes
1013 2311 1186 2363 habet.
1207 2310 1406 2364 Deinde
1423 2312 1541 2380 quia
1564 2309 1689 2363 illud
1708 2309 1993 2362 obscurum

412 2413 548 2466 erat,
581 2404 815 2457 secundo
846 2404 1073 2472 idipsum
1099 2404 1225 2456 dicit
1254 2422 1266 2457 :
1298 2405 1348 2456 'i.
1378 2404 1438 2458 Si
1467 2403 1596 2456 enim
1619 2404 1800 2455 raritas
1829 2402 1919 2455 Dei
1944 2404 1993 2455 in

412 2509 521 2547 meo
553 2494 811 2547 mendacio
840 2495 1111 2548 abundavit
1140 2496 1192 2547 in
1223 2496 1436 2562 gloriam
1466 2496 1645 2563 ipsius,
1677 2494 1799 2563 quid
1829 2494 1995 2546 adhuc

418 2594 467 2636 et
497 2600 587 2654 ego
620 2594 873 2653 tamquam
906 2594 1140 2653 peccator
1158 2585 1410 2655 judicor?
1450 2584 1501 2639 Si
1535 2590 1674 2638 enim
1706 2585 1842 2638 Deus
1868 2626 1883 2648 ,
1910 2585 1994 2635 iu-

410 2676 546 2744 quit,
581 2674 860 2744 benignus.
884 2676 1060 2743 justus
1087 2685 1141 2731 et
1172 2678 1341 2730 bonus
1372 2676 1516 2729 visus
1536 2686 1615 2728 est
1645 2675 1713 2728 ob
1741 2674 1991 2744 idipsum,

412 2764 552 2833 quod
589 2776 641 2817 tu
675 2780 777 2818 non
808 2766 1208 2834 obtemperasti,
1243 2781 1345 2818 nou
1380 2766 1537 2817 modo
1563 2765 1727 2819 debes
1758 2781 1859 2817 non
1894 2779 1993 2832 pu-

414 2857 550 2919 niri,
597 2857 688 2911 sed
721 2858 878 2911 etiam
909 2859 1156 2913 mercede
1184 2858 1387 2912 donari.
1436 2861 1489 2914 Si
1536 2869 1712 2911 autem
1756 2858 1854 2912 hoc
1883 2858 1990 2921 sit,

412 2948 537 3001 illud
560 2949 848 3003 absurdum
879 2960 1151 3019 sequetur,
1182 2952 1320 3018 quod
1345 2970 1370 3003 a
1396 2951 1576 3003 multis
1596 2949 1990 3014 circumfertur;

411 3054 477 3094 ex
509 3041 663 3093 malis
692 3056 881 3107 nempe
913 3041 1049 3093 bona
1082 3041 1193 3093 fieri
1219 3082 1232 3103 ,
1266 3050 1320 3094 et
1358 3040 1494 3092 mala
1522 3054 1711 3093 causas
1740 3054 1859 3093 esse
1898 3040 1995 3093 bo-

412 3146 620 3185 norum.
658 3132 731 3184 Ex
763 3132 971 3185 duobus
999 3141 1177 3185 autem
1211 3132 1435 3186 alterum
1468 3134 1769 3185 necessario
1800 3146 1989 3185 conse-

410 3234 603 3292 quetur
623 3266 637 3289 ,
675 3236 766 3277 aut
794 3240 915 3278 eum
943 3264 959 3289 ,
990 3225 1033 3277 si
1067 3225 1249 3294 punit,
1281 3225 1530 3292 injustum
1559 3224 1759 3285 videri;
1792 3224 1836 3278 si
1865 3238 1995 3278 vero

412 3329 517 3369 noo
564 3315 751 3383 punit,
801 3330 865 3368 ex
900 3315 1053 3368 malis
1094 3316 1291 3369 nostris
1335 3315 1607 3368 victoriam
1651 3315 1991 3369 obtinuisse:

410 3405 551 3475 quod
580 3414 861 3475 utrumque
888 3422 1044 3475 supra
1075 3407 1288 3459 modum
1317 3405 1605 3458 absurdum
1630 3416 1733 3460 est.
1770 3404 1820 3458 Id
1851 3404 1990 3472 quod

410 3509 461 3551 ct
507 3500 619 3567 ipse
652 3499 931 3552 declarans
956 3539 968 3559 ,
1005 3497 1311 3565 hujusmodi
1344 3496 1651 3566 doguzatmn
1687 3507 1862 3565 patres
1907 3496 1989 3549 iu-

411 3592 564 3643 duxit
606 3591 822 3645 Grmcos
847 3632 860 3649 ,
904 3592 1032 3643 satis
1062 3605 1180 3643 esse
1208 3599 1397 3659 putans
1427 3590 1490 3642 ad
1519 3591 1779 3644 dictorum
1806 3589 1993 3643 contu.

415 3681 666 3735 tationem
692 3696 1037 3750 personarum
1065 3682 1176 3733 hare
1196 3681 1479 3735 dicentium
1499 3683 1826 3749 qualitatem.
1845 3681 1993 3735 Tunc

414 3772 555 3825 enim
590 3771 664 3824 illi
694 3772 849 3825 nobis
880 3772 1164 3827 illudentes
1192 3772 1442 3829 dicebant
1468 3793 1479 3827 :
1511 3774 1791 3828 Faciamus
1818 3774 1952 3827 mala
1972 3815 1987 3837 ,

416 3876 474 3918 ut
512 3866 729 3919 veniant
760 3865 919 3919 bona.
957 3865 1187 3935 Ideoque
1215 3866 1358 3920 clare
1391 3867 1515 3920 illud
1548 3868 1760 3934 posuit,
1807 3867 1876 3919 ita
1905 3866 1990 3919 di-

412 3970 541 4009 Cens
567 3972 579 4006 :
610 3956 663 4011 8.
698 3954 763 4008 Ει
803 3972 901 4009 non
928 3998 942 4021 ,
986 3957 1112 4009 sicut
1154 3957 1582 4025 blasphemmnur,
1613 3967 1657 4008 et
1696 3959 1823 4010 sicut
1852 3958 1993 4009 aiunt

412 4049 616 4117 quidam
662 4066 751 4102 nos
793 4048 958 4101 dicere
976 4090 989 4111 ,
1023 4047 1298 4101 Faciamus
1325 4049 1459 4101 mala
1480 4090 1494 4111 ,
1526 4059 1578 4102 ut
1604 4051 1803 4102 ueniant
1829 4049 1957 4102 bona
1976 4065 1995 4103 :

411 4158 620 4210 quorum
652 4141 909 4193 damnatio
931 4141 1073 4210 juxta
1102 4151 1197 4195 est.
1222 4142 1350 4207 Quia
1374 4143 1512 4195 enim
1536 4142 1744 4196 dicebat
1769 4143 1990 4196 Paulus:

417 4233 516 4289 Ubi
545 4235 814 4287 abundavit
840 4245 1094 4303 peccatum
1117 4277 1130 4296 ,
1163 4235 1583 4305 superabundavit
1604 4237 1765 4305 gratia
1803 4236 1990 4309 (Rom.

415 4326 469 4378 5.
495 4325 585 4389 20')
612 4369 625 4389 ,
655 4326 994 4379 traducentes
1025 4326 1170 4379 illum
1199 4368 1213 4390 ,
1247 4334 1300 4379 et
1328 4326 1391 4378 ad
1423 4327 1582 4380 alimn
1612 4342 1825 4380 sensum
1856 4327 1993 4380 dicta

413 4415 813 4484 detorqucntes,
849 4415 1114 4480 dicebant,
1148 4426 1395 4484 oportere
1424 4417 1672 4470 malitiam
1703 4418 1914 4480 sectari,
1940 4426 1995 4470 ut

416 4507 653 4561 fruamur
680 4508 854 4561 bonis.
886 4507 1081 4561 Paulus
1108 4522 1235 4561 vero
1260 4522 1362 4559 non
1396 4508 1464 4560 ita
1488 4508 1837 4577 loquebatur:
1870 4508 1993 4561 illud

415 4610 594 4652 autem
625 4599 901 4664 corrigens
930 4597 1140 4651 dicebat
1169 4614 1182 4648 :
1218 4598 1353 4662 Quid
1387 4615 1504 4666 ergo
1523 4598 1549 4651 Ρ
1576 4600 1996 4666 perseverabimus

413 4689 465 4743 in
495 4699 717 4760 peccato,
750 4699 804 4742 ut
833 4690 996 4758 gratia
1021 4689 1239 4742 abundet
1266 4691 1290 4743 ἰ)
1322 4691 1459 4742 Absit
1502 4690 1520 4761 (
1546 4688 1695 4743 Rom.
1728 4691 1780 4744 6.
1816 4693 1868 4745 l.
1898 4692 1932 4745 9.
1954 4694 1994 4761 ).

414 4780 548 4835 Nam
580 4780 647 4833 de
680 4780 964 4849 praeteritis
997 4780 1326 4849 temporibus
1353 4781 1459 4834 divi
1481 4821 1495 4847 ,
1526 4796 1629 4833 non
1658 4792 1715 4834 ut
1745 4783 1858 4836 lure
1887 4799 1999 4838 mc-

415 4872 648 4927 ditcmur
669 4881 723 4926 et
748 4887 1112 4926 exerceamus.
1134 4873 1214 4926 Ab
1243 4874 1340 4926 hac
1363 4874 1521 4942 igitur
1546 4890 1795 4928 amovens
1827 4876 1997 4945 suspi-

415 4967 589 5029 cionc,
626 4965 758 5019 dixit
789 4965 913 5018 illud
949 4965 1278 5034 impossibile
1306 4982 1445 5021 esse.
1481 4966 1582 5034 Qui
1611 4968 1765 5032 enim,
1796 4968 1995 5037 inquit,

417 5057 602 5110 mortui
630 5073 803 5111 sumus
838 5066 1043 5127 peccato
1067 5100 1079 5122 ,
1108 5058 1358 5126 quomodo
1380 5060 1546 5111 adhuc
1584 5061 1635 5112 in
1662 5075 1716 5112 eo
1744 5060 2000 5114 vivemus?

488 5147 542 5202 6.
587 5147 641 5200 In
687 5147 912 5217 gentiles
958 5164 1085 5217 ergo
1133 5148 1289 5203 facile
1327 5149 1569 5203 invectus
1614 5159 1733 5212 est;
1784 5149 1997 5203 illorum

416 5240 611 5310 quippe
631 5241 736 5295 vita
760 5240 1042 5295 admodum
1070 5251 1318 5311 corrupta
1341 5251 1487 5297 erat:
1518 5242 1824 5296 Judzeorum
1848 5258 1995 5307 vero,

417 5329 517 5385 etsi
544 5331 648 5384 vita
680 5332 917 5401 neglecta
933 5331 1233 5397 videretur,
1254 5341 1307 5385 at
1324 5333 1426 5385 illis
1453 5334 1682 5402 tegmina
1709 5342 1864 5387 erant
1888 5348 1998 5387 ma-

419 5436 518 5491 gna
542 5462 556 5484 ,
589 5421 673 5475 lex
700 5432 755 5477 et
782 5423 1116 5477 circumcisio
1138 5464 1153 5485 ,
1188 5432 1242 5478 et
1268 5424 1410 5492 quod
1440 5424 1579 5477 Deus
1604 5438 1722 5478 cum
1751 5425 1853 5479 illis
1882 5441 1999 5480 ver-

418 5520 567 5567 satus
595 5521 651 5566 et
678 5513 1012 5583 colloquutus
1040 5522 1184 5569 esset
1203 5556 1219 5581 ,
1266 5514 1513 5585 quodque
1543 5515 1778 5570 omnium
1818 5524 1999 5571 esseut

418 5602 684 5659 doctores.
729 5604 852 5660 Ideo
879 5605 983 5659 illis
1036 5607 1149 5661 hare
1174 5607 1469 5661 velamenta
1499 5606 1754 5673 abstulit,
1800 5615 1854 5662 et
1882 5606 2001 5661 illos

422 5696 592 5764 magis
618 5710 680 5751 ea
708 5700 775 5751 de
810 5710 968 5751 causa
995 5698 1152 5767 plecti
1186 5698 1586 5763 demonstravit,
1617 5711 1720 5766 qua
1752 5697 1804 5751 in
1833 5712 1889 5753 re
1916 5697 2002 5751 hic

1145 276 1201 332 S.
1240 272 1517 331 .IOANNIS
1553 263 2018 324 CIIRYSOSTOMI
2057 264 2367 322 ARCIIIEP.
2411 267 2937 326 CONSTANTINOP.

3581 264 3689 321 “0

2100 395 2402 435 sermonem
2434 382 2713 436 conclusit.
2747 382 2876 437 Nam
2904 383 2948 437 si
2981 381 3177 437 talibus
3214 381 3460 451 patratis,
3489 380 3683 451 inquit,

2100 486 2205 525 non
2252 474 2577 540 puniuntur,
2611 489 2829 529 necesse
2871 484 2991 542 est,
3038 484 3094 528 ut
3136 473 3511 544 blasphemum
3555 475 3684 529 illud

2096 560 2294 615 dictum
2318 562 2722 618 circumferatur
2742 582 2755 619 :
2776 564 3047 618 Faciamus
3065 565 3220 626 mala,
3235 575 3288 619 ut
3309 566 3510 619 veniant
3531 567 3684 619 bona.

2096 650 2151 706 Si
2179 663 2355 707 autem
2388 655 2510 709 illud
2538 655 2757 725 impium
2788 666 2905 721 est,
2934 666 2987 710 et
3013 657 3056 711 si
3082 658 3170 726 qui
3199 657 3326 710 illud
3353 656 3538 711 dicunt
3566 669 3684 726 poe-

2099 757 2193 795 nas
2235 743 2439 798 dabunt
2467 746 2483 814 (
2509 746 2559 800 id
2588 748 2730 801 enim
2760 748 3053 802 declaravit
3093 748 3176 802 his
3206 749 3382 802 verbis
3404 791 3419 812 ,
3458 749 3686 813 Quorum

2098 831 2357 887 damnatio
2404 838 2549 907 justo
2605 836 2759 909 est);
2812 840 2984 906 palam
3028 848 3109 893 est
3146 839 3265 895 illos
3308 840 3505 909 puniri.
3550 841 3683 894 Nam

2100 924 2142 977 si
2176 927 2263 994 qui
2294 925 2394 979 hoe
2438 929 2622 983 dicunt
2671 929 2934 999 supplicio
2958 932 3100 1001 digni
3130 942 3289 999 sunt,
3321 934 3488 987 multo
3516 935 3687 1002 magis

2098 1019 2186 1086 qui
2236 1019 2431 1073 faciunt
2461 1039 2474 1074 :
2517 1022 2560 1075 si
2600 1034 2776 1077 autem
2822 1025 3084 1095 supplicio
3112 1025 3254 1096 digni
3282 1068 3298 1093 ,
3328 1028 3513 1096 utique
3540 1030 3685 1098 quod

2101 1110 2460 1176 peccaverint.
2520 1111 2705 1181 Neque
2744 1118 2886 1168 enim
2930 1118 3089 1169 homo
3136 1127 3218 1170 est
3258 1118 3345 1186 qui
3392 1120 3577 1187 punit,
3630 1130 3687 1174 ut

2100 1199 2219 1265 quis
2250 1199 2316 1253 de
2343 1201 2532 1257 calculi
2566 1204 2790 1259 veritate
2819 1205 3059 1271 dubitet;
3086 1207 3177 1261 sed
3202 1208 3361 1273 Deus,
3392 1209 3480 1279 qui
3507 1211 3686 1265 omnia

2096 1290 2241 1357 juste
2269 1292 2411 1346 facit.
2437 1293 2490 1349 Si
2525 1310 2655 1350 vero
2678 1296 2822 1365 justo
2852 1298 3164 1366 puniuntur,
3196 1299 3392 1367 injuste
3420 1301 3494 1355 illi
3524 1318 3686 1373 supra

2103 1393 2397 1437 memorata
2446 1384 2732 1453 dicebant,
2764 1403 2863 1443 nos
2894 1389 3237 1445 traducentes
3265 1408 3278 1445 :
3313 1394 3491 1447 omnia
3537 1395 3684 1449 enim

2106 1473 2244 1527 Deus
2294 1473 2524 1530 faciebat
2569 1487 2624 1532 et
2660 1478 2814 1545 facit,
2851 1490 2908 1534 ut
2937 1482 3057 1535 vita:
3100 1482 3398 1536 institutum
3444 1497 3687 1542 nostrum

2102 1564 2370 1620 eluceseat
2411 1576 2465 1622 et
2507 1570 2739 1640 undique
2777 1582 2980 1627 rectum
3023 1573 3113 1627 sit.
3164 1575 3238 1629 Ne
3286 1577 3464 1647 itaque
3512 1578 3689 1650 ignavi

2101 1655 2266 1709 simus
2290 1675 2302 1721 ;
2339 1659 2406 1712 ita
2435 1660 2577 1714 enim
2608 1663 2839 1731 gentiles
2868 1666 3163 1733 poterimus
3198 1667 3266 1721 ab
3295 1684 3479 1724 errore
3507 1688 3689 1727 remo-

2102 1762 2248 1801 vere.
2290 1748 2421 1802 Nam
2450 1752 2492 1804 si
2523 1753 2701 1808 verbis
2728 1754 3189 1825 phiIoSOphemur,
3222 1768 3275 1812 et
3300 1761 3551 1829 operibus
3579 1775 3689 1818 tur-

2104 1838 2239 1905 piter
2263 1855 2481 1906 agamus
2503 1884 2515 1903 ,
2544 1845 2736 1913 quibus
2763 1848 2931 1901 oculis
2962 1849 3108 1917 ipsiis
3146 1853 3536 1919 reSpieiemus?
3577 1872 3687 1926 quo

2101 1944 2195 1983 ore
2225 1932 2289 1983 de
2316 1932 2653 2002 dogmatibus
2680 1938 3103 2006 disputabimus?
3130 1944 3275 1998 Dicet
3297 1946 3434 1999 enim
3457 1947 3685 2017 singulis

2102 2032 2340 2075 nostrum
2369 2043 2381 2077 :
2416 2027 2513 2091 Qui
2545 2043 2611 2081 ne
2638 2031 2915 2084 minimum
2942 2033 3158 2100 quidem
3191 2050 3323 2104 opus
3360 2036 3554 2091 bonum
3602 2038 3682 2093 fe-

2100 2112 2239 2175 cisti,
2270 2120 2537 2183 quomodo
2569 2120 2731 2175 audes
2755 2122 2823 2177 de
2851 2124 3037 2191 majori
3062 2124 3306 2178 erudire?
3334 2128 3421 2196 qui
3448 2129 3685 2183 noudum

2102 2203 2330 2258 didicisti
2364 2210 2640 2262 avaritiam
2671 2226 2790 2267 esse
2819 2215 3038 2280 malum,
3069 2217 3335 2285 quomodo
3364 2218 3429 2273 de
3459 2220 3690 2275 ca-Iesti-

2103 2296 2198 2349 bus
2227 2298 2658 2368 philoSOpharis?
2686 2306 2752 2357 At
2772 2307 2968 2360 malmn
2997 2322 3116 2362 esse
3147 2310 3328 2363 nosti?
3352 2310 3492 2379 Ergo
3519 2312 3689 2380 majus

2101 2387 2302 2440 crimen
2336 2398 2436 2451 est,
2470 2393 2588 2459 quia
2620 2409 2817 2461 gnarus
2850 2411 3059 2463 peccas.
3094 2397 3293 2466 Ecquid
3326 2401 3576 2468 gentilcm
3603 2402 3689 2455 di-

2099 2478 2207 2531 co?
2250 2477 2433 2548 Neque
2473 2483 2616 2535 enim
2650 2484 2795 2555 leges
2841 2498 3035 2541 uostrm
3075 2491 3256 2543 sinunt
3299 2506 3397 2544 nos
3444 2492 3541 2546 frui
3588 2493 3688 2549 hac

2100 2566 2309 2623 dicendi
2346 2572 2591 2627 libertate
2616 2617 2630 2636 ,
2673 2577 2886 2644 quando
2916 2580 3019 2631 vita
3053 2589 3231 2635 nostra
3271 2593 3523 2655 corrupta
3556 2595 3641 2641 est
3670 2608 3684 2641 :

2098 2658 2228 2712 Nam
2257 2662 2330 2715 ait
2358 2680 2371 2717 :
2403 2662 2663 2720 I’eccatori
2692 2681 2861 2722 autem
2892 2671 3021 2725 dixit
3055 2672 3188 2727 Deus
3212 2690 3230 2728 :
3259 2675 3428 2742 Quare
3454 2687 3506 2731 tu
3533 2696 3685 2732 enar-

2099 2766 2184 2802 ras
2206 2753 2436 2822 justitias
2464 2773 2599 2810 meas
2626 2757 2794 2827 (l’sal.
2829 2762 2918 2816 49.
2951 2762 3082 2831 lli)?
3120 2765 3288 2820 Judwi
3321 2768 3529 2824 abducti
3559 2780 3688 2826 suut

2098 2843 2385 2911 aliquando
2403 2849 2619 2917 captivi,
2639 2860 2692 2905 et
2711 2851 3026 2908 instantibus
3046 2858 3459 2930 rogantibusque
3483 2861 3683 2929 Persis,

2101 2944 2156 2987 ut
2185 2937 2273 2992 illa
2314 2939 2490 2994 divina
2533 2945 2737 2999 cantica
2770 2959 3058 3015 canerent,
3087 2950 3373 3007 dicebant:
3418 2955 3687 3020 Quomodo

2097 3030 2412 3085 cantabimus
2438 3037 2687 3089 canticum
2708 3037 2913 3093 Domini
2939 3042 2991 3094 in
3014 3052 3146 3096 terra
3171 3046 3336 3098 aliena
3359 3044 3532 3118 (Psal.
3559 3048 3683 3103 156.

2097 3118 2190 3186 4)?
2218 3120 2368 3185 Quod
2401 3125 2444 3177 si
2489 3126 2539 3178 in
2570 3126 2919 3183 barbarorum
2952 3143 3092 3186 terra
3120 3149 3225 3187 non
3257 3135 3447 3191 licebat
3473 3138 3683 3208 eloquia

2100 3211 2307 3267 Domini
2332 3231 2548 3283 canere,
2569 3231 2770 3289 quanto
2793 3225 2965 3277 minus
2991 3224 3185 3280 licebat
3206 3228 3398 3283 animae
3420 3230 3685 3285 barbara?

2099 3306 2322 3362 barbara
2346 3310 2487 3363 enim
2514 3321 2598 3365 est
2625 3313 3006 3370 immiscricors
3035 3319 3232 3377 anima.
3258 3318 3312 3374 Si
3341 3322 3482 3374 enim
3515 3322 3685 3392 capti-

2098 3416 2191 3452 vos
2223 3408 2277 3454 et
2304 3416 2487 3455 servos
2518 3402 2787 3458 hominum
2822 3407 2875 3461 in
2902 3408 3071 3461 aliena
3106 3420 3244 3463 terra
3278 3413 3356 3465 lex
3389 3413 3439 3465 in
3470 3413 3683 3467 silentio

2098 3491 2285 3545 Sedere
2309 3492 2496 3560 jussit;
2522 3496 2689 3549 multo
2713 3501 2878 3568 magis
2900 3515 3086 3555 servos
3114 3503 3335 3569 peccati,
3353 3513 3401 3556 et
3432 3504 3481 3557 iu
3509 3505 3684 3559 alieno

2098 3582 2219 3635 vitm
2260 3583 2499 3637 instituto
2539 3596 2816 3641 versantes
2837 3631 2851 3655 ,
2880 3604 2941 3644 os
2970 3591 3219 3645 claudere
3251 3608 3344 3661 par
3372 3604 3477 3649 est.
3524 3596 3681 3666 Atqui

2099 3684 2149 3727 et
2181 3690 2376 3744 Organa
2412 3685 2536 3731 llIllC
2564 3678 2635 3730 illi
2665 3678 2967 3736 habebant:
2997 3699 3116 3736 nam
3146 3681 3212 3736 In
3240 3684 3477 3740 salicibus
3501 3687 3551 3739 in
3580 3704 3684 3741 me-

2099 3768 2182 3821 dio
2207 3770 2334 3834 eius,
2357 3769 2545 3839 inquit,
2578 3774 2935 3841 suspendimus
2962 3791 3152 3845 organa
3173 3777 3530 3847 nostra(Psa!.
3555 3779 3681 3834 158.

2098 3860 2191 3930 9.);
2225 3863 2316 3915 sed
2350 3879 2522 3929 neque.
2552 3865 2619 3916 ita
2658 3864 2868 3919 licebat.
2900 3866 3061 3935 Igitur
3094 3884 3266 3937 neque
3296 3870 3467 3933 nobis,
3499 3872 3596 3926 etsi
3626 3882 3683 3927 et

2100 3970 2159 4004 os
2209 3953 2497 4009 habeamus
2536 3966 2590 4010 et
2630 3957 2860 4027 linguam
2887 4000 2903 4023 ,
2934 3975 3053 4029 qua:
3096 3971 3219 4016 sunt
3264 3978 3456 4033 organa
3489 3964 3680 4029 verbi,

2103 4046 2223 4098 licet
2267 4062 2388 4100 cuin
2424 4048 2612 4102 fiducia
2647 4050 2823 4119 loqui,
2856 4053 3108 4121 quamdiu
3140 4067 3395 4124 peccato,
3429 4057 3684 4113 barbaro-

2102 4155 2216 4192 rum
2247 4142 2481 4193 omnium
2514 4144 2744 4207 smviori,
2778 4146 3059 4201 servimus.

2173 4233 2369 4283 Avarus
2400 4243 2469 4285 cst
2502 4234 2970 4292 idololatra.—Dic
2999 4240 3140 4292 enim
3173 4238 3323 4305 mihi,
3348 4239 3683 4310 quidgentili

2101 4320 2246 4375 dices
2272 4364 2285 4383 ,
2315 4322 2441 4376 dum
2475 4326 2675 4391 rapime
2712 4324 2924 4381 deditus
2964 4343 3021 4381 es
3049 4338 3104 4383 et
3132 4331 3409 4383 avaritia)?
3440 4332 3684 4388 Abscede

2101 4413 2167 4465 ab
2190 4414 2508 4479 idololatria,
2539 4417 2702 4470 Deum
2736 4434 2986 4487 agnosce,
3016 4436 3083 4474 ne
3111 4430 3389 4491 argentum
3415 4433 3682 4478 claurum

2102 4507 2344 4573 quaeras?
2375 4509 2565 4561 Annon
2596 4510 2682 4563 ille
2715 4510 2915 4564 ridebit
2937 4511 3182 4582 dicetque
3213 4530 3225 4566 :
3271 4513 3394 4567 lliec
3421 4514 3512 4568 tibi
3539 4515 3685 4583 prius

2101 4596 2305 4652 dicito?
2350 4615 2523 4663 neque
2552 4601 2695 4655 enim
2728 4617 2823 4669 par
2847 4618 2937 4659 res
2965 4614 3045 4658 est
3073 4606 3323 4674 gentilcm
3350 4622 3470 4662 esse
3511 4608 3683 4663 idolo-

2103 4688 2310 4753 latram,
2339 4698 2391 4743 et
2414 4688 2774 4745 Chrisdauom
2804 4690 2942 4748 idem
2970 4693 3141 4761 ipsum
3174 4697 3350 4750 scelus
3378 4696 3678 4754 admittere.

2103 4780 2380 4843 Quomodo
2434 4782 2574 4833 enim
2629 4783 2923 4849 poterimus
2964 4784 3099 4838 alios
3141 4786 3208 4840 ab
3252 4786 3551 4842 idololatria
3595 4788 3682 4843 illa

2104 4869 2389 4932 abducere,
2419 4870 2545 4923 dum
2574 4888 2672 4925 nos
2698 4873 2765 4927 ab
2796 4873 2881 4926 illa
2913 4890 3016 4928 non
3046 4876 3356 4932 rcsilinms?
3400 4895 3497 4933 nos
3538 4881 3682 4937 enim

2104 4962 2257 5015 nobis
2300 4963 2701 5032 propinquiores
2738 4980 2897 5033 quam
2938 4967 3181 5035 proximo
3207 4984 3408 5024 sumus.
3456 4970 3512 5024 Si
3555 4986 3686 5038 ergo

2104 5057 2258 5109 nobis
2287 5056 2414 5123 ipsis
2438 5072 2540 5109 nou
2567 5056 3003 5125 persuadeamus,
3030 5061 3299 5128 quomodo
3322 5061 3441 5115 aliis
3468 5076 3689 5130 persua-

2104 5147 2382 5201 debimus?
2399 5148 2454 5202 Si
2474 5148 2616 5203 enim
2646 5148 2711 5213 is,
2730 5150 2818 5219 qui
2840 5150 3021 5204 domui
3045 5166 3157 5206 sum
3182 5167 3289 5206 non
3307 5152 3444 5207 bene
3466 5161 3683 5222 praeest,

2104 5254 2276 5307 neque
2302 5238 2555 5293 Ecclesia:
2576 5254 2757 5293 curam
2784 5240 3029 5307 habebit;
3050 5243 3319 5312 quomodo
3344 5244 3451 5302 ille.
3475 5243 3562 5311 qui
3586 5257 3690 5297 nec

2105 5332 2297 5387 anima:
2331 5347 2441 5386 sure
2463 5343 2693 5403 praeest,
2719 5334 2855 5387 alios
2881 5335 3165 5391 emendare
3196 5334 3431 5405 poterit?
3456 5333 3531 5388 Ne
3558 5333 3687 5387 mihi

2105 5422 2324 5487 dixeris,
2357 5432 2407 5478 te
2436 5440 2541 5477 non
2571 5439 2791 5477 aureum
2822 5424 3017 5480 idolum
3043 5426 3265 5480 adorare
3287 5443 3298 5478 :
3318 5425 3411 5479 sed
3436 5424 3537 5478 hoc
3558 5422 3691 5477 mibi

2108 5515 2367 5583 probato,
2414 5524 2465 5570 te
2498 5531 2601 5568 non
2632 5515 2718 5569 illa
2748 5515 2956 5583 facere,
2986 5533 3104 5588 qnze
3127 5532 3316 5570 aurum
3340 5515 3510 5584 jubet.
3558 5514 3691 5569 Nam

2104 5605 2299 5660 diversi
2337 5615 2461 5659 sunt
2516 5606 2829 5659 idololatria:
2877 5607 3019 5663 modi
3047 5624 3063 5662 :
3090 5618 3144 5662 et
3171 5608 3309 5663 alios
3347 5606 3563 5678 quidem
3597 5622 3694 5675 pu-

2112 5708 2184 5753 tat
2212 5713 2514 5753 mamonam
2567 5714 2686 5753 esse
2730 5699 3046 5765 dominum,
3099 5702 3237 5756 alius
3290 5710 3529 5757 ventrem
3573 5713 3696 5754 esse
