4144 6146
428 254 467 312 4
480 256 529 311 ﬂ

431 364 561 419 στοῦ
598 364 734 437 μέλη
785 364 988 437 πόρνης
1026 363 1217 425 ποιῶν,
1260 363 1356 418 καὶ
1403 364 1521 426 ταῖς
1565 363 1750 426 ἄλλαις
1779 360 2002 414 σεαυτὸν

430 448 644 501 πλύνων
688 447 1074 519 παρανομίαις.
1128 446 1218 500 Διὸ
1269 445 1574 515 παρακαλῶ
1623 449 1724 516 τῆς
1769 443 2000 507 ἀτοπίας

428 532 531 599 τὴν
564 530 867 602 ὑπερϐολὴν
911 531 1269 600 ἐννοήσαντας
1319 528 1544 598 φεύγειν
1579 530 1679 600 τὴν
1720 527 2003 582 εἰδωλολα-

429 612 637 685 τρείαν·
668 613 811 667 οῦτω
839 613 949 686 γάρ
993 616 1023 667 6
1068 611 1280 675 Παῦλος
1325 612 1482 666 καλεῖ
1524 613 1625 683 τὴν
1655 609 1997 675 πλεονεξίαν·

432 693 655 764 φεύγειν
699 697 757 750 δέ
802 696 875 767 μὴ
922 694 1020 767 τὴν
1064 697 1123 748 ἐν
1172 696 1419 766 χρήμασι
1452 694 1767 762 πλεονεξίαν
1815 694 1996 763 μόνον,

391 793 400 803 ·
429 777 566 832 ἀλλά
595 779 690 833 καὶ
725 778 825 850 τὴν
855 780 914 832 ἐν
942 778 1209 849 ἐπιθυμίᾳ
1241 778 1456 848 πονηρᾷ
1492 777 1586 832 καί
1627 778 1726 849 τὴν
1774 779 1833 831 ἐν
1871 778 2003 845 ίμα-

430 861 565 926 τίοις
594 862 689 916 καὶ
721 862 819 932 τὴν
868 862 928 915 ἐν
975 861 1222 933 τραπέζῃ
1272 862 1363 915 καὶ
1406 862 1507 932 τὴν
1558 862 1618 914 ἐν
1669 862 1780 925 τοῖς
1824 860 2004 924 ἄλλοις

431 945 623 999 ἀπασι.
668 944 780 998 Καὶ
811 944 920 1015 γάρ
954 943 1133 1014 πολλῷ
1159 943 1545 1015 χαλεπωτέραν
1577 942 1822 1014 δώσομεν
1847 942 2003 1014 δίκην

430 1026 591 1095 ἡμεῖς
619 1025 693 1095 μὴ
722 1024 1029 1095 πειθόμενοι
1054 1029 1165 1091 τοῖς
1192 1025 1287 1080 τοῦ
1322 1026 1528 1098 Κυρίου
1556 1026 1761 1097 νόμοις.
1804 1026 1857 1078 '0
1894 1024 2003 1097 γὰρ

429 1106 669 1174 δοῦλος,
720 1109 906 1177 φησὶν,
943 1109 975 1162 6
1026 1107 1197 1175 εἰδὼς
1239 1109 1303 1163 τὸ
1347 1108 1577 1178 θέλημα
1624 1109 1729 1163 τοῦ
1780 1108 2003 1175 Κυρίου

1131 250 1189 308 S.
1230 248 1516 305 JOANNIS
1552 244 2042 305 CIIRYSOSTOMI
2083 244 2400 303 ARCIIIEP.
2443 246 2991 302 CORSTANTINOP.

3577 248 3684 304 λίίῖ

2109 359 2296 414 αὑτοῦ
2327 359 2423 415 καί
2456 359 2544 429 μὴ
2593 361 2875 427 ποιήσας,
2920 360 3244 427 δαρήσεται
3290 358 3548 424 πολλάς.
3583 358 3687 413 Ἶν’

2105 440 2201 497 οὖν
2229 444 2325 502 καὶ
2377 444 2477 515 τὴν
2506 443 2726 497 κόλασιν
2759 446 2965 515 ταύτην
2995 442 3369 512 διαφύγωμεν,
3422 443 3515 496 καὶ
3561 444 3683 497 ἐτέ-

2107 541 2224 595 ροις
2248 526 2344 583 καὶ
2375 527 2589 590 ἑαυτοῖς
2618 525 2906 597 γενώμεθα
2946 527 3230 596 χρήσιμοι,
3264 526 3446 578 πᾶσαν
3482 524 3683 579 κακίαν

2103 606 2214 661 ἀπὸ
2263 608 2372 678 τῆς,
2407 609 2586 679 ψυχῆς
2639 609 2981 672 ἐκϐαλόντες.
3032 606 3285 679 ἑλώμεθα
3327 607 3423 677 τὴν
3454 608 3681 679 ἀρετήν.

2104 688 2262 742 Οῦτω
2286 690 2394 762 γὰρ
2419 692 2513 744 καὶ
2542 691 2650 745 τῶν
2681 691 2983 762 μελλόντων
3012 688 3410 759 ἐπιτευξόμεθα
3434 689 3679 756 ἀγαθῶν·

2102 766 2178 825 ὧν
2224 772 2434 841 γένοιτο
2461 772 2671 838 πάντας
2700 775 2848 845 ἡμᾶς
2875 775 3174 843 ἐπιτυχεῖν,
3214 772 3399 842 χάριτι
3431 772 3526 825 καὶ
3555 771 3680 840 φιλ-

2100 854 2388 927 ανθρωπίᾳ
2417 856 2511 909 τοῦ
2542 858 2748 928 Κυρίου
2779 856 2938 926 ἡμῶν
2974 854 3152 923 Ἰησοῦ
3186 853 3446 924 Χριστοῦ.
3477 854 3593 925 μεθ’
3614 845 3679 907 οῦ

2099 939 2178 1011 τῷ
2209 940 2385 1011 Πατρί
2428 940 2543 1010 ἅμα
2570 940 2648 1010 τῷ
2693 939 2837 1009 ἁγίῳ
2866 937 3147 1008 Πνεύματι
3175 937 3323 1002 δόξα,
3348 935 3504 1006 τιμὴ,
3539 937 3679 1008 κρά-

2100 1040 2212 1086 τος,
2244 1022 2339 1076 νῦν
2369 1024 2460 1077 καὶ
2491 1023 2597 1089 ἀεὶ,
2630 1022 2726 1076 καὶ
2755 1024 2836 1087 εἰς
2884 1021 3010 1085 τοὺς
3042 1020 3246 1084 αἰῶνας
3285 1021 3394 1073 τῶν
3445 1019 3675 1073 αἰώνων.

2113 1106 2312 1177 Ἀμήν.

1800 1396 1951 1471 [482]
1992 1397 2236 1451 omum
2266 1399 2340 1451 z'.

435 1514 499 1570 Τί
534 1508 689 1578 οὖν;
743 1512 1149 1581 προεχόμεθα;
1184 1512 1265 1565 οὐ
1297 1511 1534 1579 πάντως
1563 1528 1577 1541 ·
1636 1508 1997 1581 προῃτιασά-

495 1587 649 1654 μεθα
671 1652 681 1654 μ
704 1578 813 1652 γὰρ
856 1578 1176 1654 Ἰουδαίους
1204 1597 1269 1634 τε
1305 1582 1402 1654 καί
1430 1578 1732 1654 Ἕᾷληνας
1759 1578 1997 1654 πάντας

498 1648 602 1722 650’
650 1648 942 1722 ἁμαρτίαν
988 1648 1139 1722 εἶναι
1158 1667 1173 1681 ·
1223 1650 1416 1722 καθῲς
1451 1650 1811 1722 γέγραπται-ο
1872 1650 1997 1722 06x

499 1718 631 1777 ἔστι
656 1718 885 1786 δίκαιος
911 1720 1053 1775 οὐδὲ
1075 1718 1182 1786 εἷς,
1209 1721 1320 1774 οὐκ
1349 1718 1583 1775 ἐστινὸ
1610 1719 1859 1780 συνιῶν.
1884 1719 1996 1773 οὐκ

498 1794 670 1846 ἐστιν
696 1795 728 1845 ό
759 1787 1018 1855 ἐκζητῶν
1045 1789 1151 1843 τὸν
1189 1792 1357 1844 Θεόν.
1397 1788 1626 1855 Πάντες
1654 1788 1994 1853 ἐξέκλιναν,

498 1861 620 1931 ἅμα
645 1858 1080 1931 ἠχρεώθησαν·
1117 1861 1229 1931 οὐκ
1264 1860 1399 1931 ἔστι
1438 1858 1626 1931 ποιῶν
1664 1858 1998 1931 χρηστότητ

499 1924 592 1996 τα,
624 1924 742 1985 οὗὶἱ
762 1924 933 1985 ἐστιν
971 1928 1078 1994 ἕως
1124 1928 1284 1993 ἑνός.
1321 1926 1515 1996 Τάφος
1559 1924 2000 1996 ἀνεῴγμένοςο

497 1994 732 2069 λάρυγξ
758 1999 973 2069 αὐτῶν,
1007 1997 1137 2063 ταῖς
1167 1994 1475 2069 γλώσσαις
1506 1997 1705 2069 αὐτῶν
1727 1994 1994 2069 ἐδοθιοῦτ

497 2056 639 2131 σαν.
666 2056 757 2135 ἰός
783 2056 1060 2123 ἀσπίδων
1087 2056 1207 2121 ὗπῦ
1236 2067 1306 2120 τά
1337 2056 1509 2135 χείλη
1544 2065 1742 2120 αὐτῶν
1761 2083 1774 2097 ·
1820 2056 1998 2135 ὧνΑτό

497 2139 691 2208 στόμα
716 2132 868 2208 ἀρᾶς
900 2135 1269 2208 καί-πικρίας
1315 2132 1506 2203 γέμει,
1532 2136 1689 2208 ὀξεῖς
1733 2132 2001 2208 οἰγπόδες

495 2201 696 2287 αῦτὶῦν
724 2201 1140 2287 ἐκχέαιλαζμαξ
1185 2201 1548 2287 σύντριμμα.
1568 2205 1670 2287 καί
1705 2207 2001 2287 ταλαιπω-

492 2278 596 2345 ρία
618 2278 689 2330 ἐν
717 2271 846 2341 ta}?
878 2271 1040 2345 ὁδοῖζ
1071 2271 1288 2345 αὐτῶν,
1319 2271 1419 2327 καὶ
1441 2271 1595 2345 ’ὁδὸν
1619 2272 1862 2345 εἰρήνης
1888 2273 1999 2345 οῦκ

498 2339 796 2414 ἔγνωσαν·
821 2339 949 2397 ὀὐκ
980 2339 1130 2414 ⁸ἔστι
1160 2341 1343 2411 φόϐος
1373 2344 1523 2399 Θεοῦ
1559 2339 1849 2398 ἀπέναντι
1882 2339 2002 2395 τῶν

499 2409 827 2483 όέρθαιμῶν
852 2409 1070 2467 αὐτῶν.

499 2553 567 2602 α’.
591 2547 983 2619 Κατηγόρησεν
1000 2547 1290 2619 Ἐλλήνων,
1307 2547 1684 2620 κατηγόρησεν
1711 2546 1996 2601 Ἰουδαίων·

428 2634 720 2688 ἀκόλουθον
749 2629 817 2704 ἦν
856 2633 1030 2687 εἰπεῖν
1063 2634 1162 2705 τὴν
1197 2632 1539 2705 δικαιοσύνην
1572 2633 1757 2686 λοιπὸν
1784 2631 1883 2704 τὴν
1911 2630 2000 2685 διὰ

426 2716 529 2786 τῆς
560 2715 812 2780 πίστεως.
856 2716 919 2769 Εἰ
944 2716 1051 2789 γὰρ
1096 2718 1231 2788 μήτε
1260 2720 1289 2770 6
1328 2716 1425 2787 τῆς
1460 2716 1675 2787 φύσεως
1714 2714 1888 2785 ὤνησε
1917 2714 2002 2767 νό-

429 2815 549 2869 μος,
591 2800 729 2871 μήτε
772 2797 801 2850 6
833 2799 1077 2871 γραπτὸς
1116 2798 1341 2870 ἐποίησέ
1378 2816 1431 2851 τι
1467 2798 1646 2863 πλέον,
1677 2797 1792 2852 ἀλλ’
1824 2795 2001 2867 ἀμφό-

425 2898 575 2953 τεροι
602 2882 730 2945 τοὺς
755 2881 854 2935 ούκ
888 2883 969 2945 εἰς
1009 2881 1125 2935 δέον
1170 2883 1353 2945 αὐτοῖς
1381 2881 1763 2952 χρησαμένους
1796 2879 2000 2950 ἐδάρη-

429 2980 551 3029 σαν,
599 2965 695 3018 καὶ
746 2962 992 3034 μείζονος
1044 2964 1252 3028 ἔδειξαν
1281 2964 1557 3026 κολάσεως
1588 2964 1748 3024 ὂντας
1793 2961 1997 3028 ἀξίους,

425 3047 700 3116 ἀναγκαία
732 3047 917 3100 λοιπὸν
962 3049 996 3117 ἡ
1051 3046 1141 3100 διὰ
1169 3047 1270 3117 τῆς
1298 3046 1519 3117 χάριτος
1553 3045 1815 3115 σωτηρία.
1869 3044 2002 3097 Εἰπέ

425 3127 603 3184 τοίνυν
654 3128 844 3200 αὐτὴν,
899 3122 944 3183 ὧ
989 3129 1189 3192 Παῦλε,
1224 3128 1317 3180 καὶ
1364 3127 1553 3191 δεῖξον.
1599 3127 1737 3180 Ἀλλ’
1792 3125 2003 3179 οὐδέπω

425 3213 644 3285 θαρρεῖ,
678 3212 739 3265 τὸ
782 3212 974 3282 ἰταμὸν
1013 3210 1122 3264 τῶν
1164 3209 1436 3264 Ἰουδαίων
1474 3209 1844 3283 ὑφορώμενος.
1885 3206 2001 3261 ἀλλ’

426 3296 520 3349 ἐπὶ
546 3294 646 3368 τὴν
676 3294 1014 3367 κατηγορίαν
1039 3293 1219 3347 αὐτῶν
1255 3292 1416 3347 πάλιν
1441 3293 1562 3360 ἄγει
1590 3292 1681 3346 τὸν
1708 3290 1885 3359 λόγον,
1910 3292 2002 3345 καὶ

424 3376 691 3449 πρότερον
721 3378 930 3446 εἰσάγει
959 3377 1266 3451 κατήγορον
1292 3376 1379 3429 τὸν
1399 3374 1558 3429 Δαυτδ
1584 3374 1759 3429 ταῦτα
1776 3374 2002 3443 λέγοντα

424 3461 514 3515 διὰ
568 3462 797 3526 πολλῶν,
831 3462 971 3532 άπερ
1024 3463 1082 3514 ἐν
1135 3459 1326 3530 βραχεῖ
1354 3460 1533 3513 πάντα
1571 3456 1721 3512 εἶπεν
1746 3458 1997 3523 Ἡσαΐας,

429 3544 649 3614 ἰσχυρὸν
679 3543 1107 3605 κατασκευάζων
1133 3543 1314 3604 αὐτοῖς
1342 3541 1577 3612 χαλινὸν,
1601 3541 1741 3595 ὥστε
1770 3540 1845 3612 μὴ
1867 3542 2000 3595 ἀπο-

425 3624 668 3695 πηδῆσαι
697 3625 829 3694 μηδὲ
872 3625 981 3676 τῶν
1016 3625 1145 3695 περί⁸
1175 3626 1273 3696 τῆς
1311 3623 1548 3689 πίστεως
1569 3623 2001 3694 γυμναζομένων

425 3706 598 3775 λόγων
632 3706 817 3760 λοιπὸν
867 3707 1270 3777 ἀποσκιρτῆσαί
1305 3718 1330 3747 ι
1356 3723 1479 3761 τινα
1526 3705 1637 3760 τῶν
1671 3705 1993 3771 ἀκουόντων,

428 3789 632 3853 ἰκανῶς
660 3793 780 3854 ταῖς
807 3789 915 3844 τῶν
960 3791 1254 3863 προφητῶν
1289 3790 1829 3863 προκατειλημμένον
1864 3806 1997 3843 κατ-

424 3873 692 3946 ηγορίαις.
741 3874 850 3927 Καὶ
879 3873 986 3945 769
1038 3877 1190 3945 τρεῖς
1228 3875 1440 3945 τίθησιν
1472 3873 1776 3944 ὑπερϐολάς
1804 3877 1832 3927 6
1860 3889 1997 3943 προ-

426 3958 628 4029 φήτης.
658 3957 740 4011 ὅτι
783 3973 841 4010 τε
886 3956 1088 4019 πάντες
1133 3956 1269 4027 ὁμοῦ
1299 3956 1370 4010 τά
1417 3957 1562 4011 κακά
1597 3957 1886 4026 ἔπραττον,
1912 3955 1998 4008 λέ-

422 4056 557 4109 γων,
576 4041 671 4094 καλ⁸
702 4043 784 4096 ὅτι
813 4039 915 4093 οὐκ
934 4038 1200 4109 άνέμιξαν
1218 4038 1287 4092 τά
1312 4038 1456 4093 καλά
1478 4041 1589 4102 τοῖς
1619 4043 1831 4105 κακοῖς,
1860 4038 1996 4094 ἀλλά

419 4124 520 4196 τὴν
562 4123 829 4194 πονηρίαν
874 4123 1041 4195 μόνην
1076 4121 1369 4193 μετῄεσαν,
1396 4123 1491 4176 καὶ
1535 4123 1616 4177 ὅτι
1658 4125 1773 4194 μετ’
1806 4124 1997 4177 ἐπιτά-

422 4223 561 4270 σεως
589 4206 798 4277 ταύτην
822 4205 1061 4277 ἀπάσης,
1091 4201 1223 4259 Εἶτα
1250 4207 1337 4259 ἵνα
1374 4206 1448 4277 μὴ
1469 4206 1691 4275 λέγωσι,
1712 4206 1777 4259 Τί
1803 4204 1919 4272 οὖν,
1946 4208 1995 4261 εἰ

423 4289 558 4361 πρὸς
590 4290 809 4358 ἐτέρους
856 4289 1027 4343 ταῦτα
1080 4289 1324 4362 είρηται;
1382 4292 1679 4361 ἐπήγαγεν·
1737 4290 1997 4359 Οἴδαμεν

418 4371 509 4439 δὲ,
536 4370 625 4426 ὅτι
660 4372 779 4427 ὅσα
815 4376 848 4427 ό
879 4375 1062 4444 νόμος
1092 4373 1276 4443 λέγει,
1328 4373 1452 4440 τοῖς
1478 4374 1548 4428 ἐν
1586 4373 1663 4440 τῷ
1688 4377 1851 4445 νόμῳ
1886 4378 1995 4428 .Za-

418 4455 532 4509 λεῖ.
563 4456 661 4508 Διά
700 4473 780 4509 τοι
822 4455 978 4510 τοῦτο
1013 4456 1149 4527 μετά
1192 4456 1284 4509 τὸν
1312 4456 1542 4510 Ἡσαΐαν
1589 4458 1679 4511 τὸν
1709 4457 1993 4528 ὡμολογη-

424 4538 602 4610 μένως
633 4540 770 4610 πρὸς
820 4541 1017 4602 αὐτοὺς
1058 4537 1496 4608 ἀποτεινόμενον,
1533 4540 1866 4610 ἐπεισήγαγε
1899 4541 1992 4593 τὸν

417 4620 601 4686 Δαυῒδ,
646 4623 733 4675 ἴνα
761 4620 910 4693 δείξῃ
954 4622 1048 4673 καὶ
1074 4620 1245 4673 ταῦτα
1274 4620 1374 4691 τῆς
1410 4620 1578 4690 αὐτῆς
1609 4621 1738 4674 ὄντα
1770 4621 1993 4675 ἀκολου-

419 4701 563 4766 θίας.
598 4703 733 4757 Ποία
761 4703 870 4773 γὰρ
917 4698 985 4774 ἦν
1022 4703 1258 4773 ἀνάγκη,
1312 4702 1496 4772 φησὶν,
1527 4703 1730 4774 ἐτέρων
1758 4720 1993 4774 κατηγο-

420 4789 536 4859 ρεῖν
585 4787 676 4839 τὸν
716 4788 796 4850 είς
824 4786 922 4858 τὴν
972 4786 1247 4857 ὑμετέραν
1294 4786 1580 4858 διόρθωσιν
1615 4789 1992 4844 ἀποσταλέντα

417 4872 739 4941 προφήτηνς
765 4869 885 4922 ούδέ
907 4870 1014 4938 γάρ
1037 4872 1066 4923 6
1090 4872 1252 4940 νόμος
1272 4871 1478 4943 ἐτέροις
1506 4871 1680 4942 ἐδόθη,
1697 4871 1811 4925 ἀλλ’
1834 4874 1984 4944 ύμῖν.

417 4955 576 5019 Τίνος
597 4954 654 5008 δὲ
682 4954 869 5009 ἐνεκεν
894 4956 993 5009 οὐκ
1019 4950 1194 5019 εἶπεν,
1225 4957 1480 5027 υίδαμεν,
1505 4958 1586 5011 ὅτι
1609 4958 1707 5011 ὅσα
1727 4961 1755 5012 6
1783 4962 1990 5034 προφήο

414 5055 516 5110 της
545 5037 715 5109 λέγει,
744 5038 1037 5104 ἀλλ’,Ὄσα
1078 5042 1111 5093 ό
1142 5039 1327 5109 νόμος
1353 5041 1565 5105 λαῖεῖ;
1606 5042 1729 5097 Ὅτι
1755 5043 1854 5115 τὴν
1885 5046 1989 5101 Πα-

415 5120 574 5177 λαιὰν
604 5123 784 5175 πᾶσαν
811 5121 974 5192 νόμον
1005 5121 1191 5176 καλεῖν
1215 5122 1404 5177 εἴωθεν
1433 5126 1462 5178 6
1485 5124 1714 5190 Παῦλος.
1744 5128 1854 5183 Καὶ
1879 5130 1985 5202 γάρ

413 5204 649 5276 ἀλλαχοῦ
718 5221 890 5274 φησι·
964 5204 1076 5259 Τὸν
1125 5209 1317 5273 νόμον
1368 5209 1479 5262 οὐκ
1541 5209 1821 5274 ἀκούετε,
1895 5213 1986 5268 ὅτι

426 5289 675 5359 Ἀϐραὰμ
720 5288 831 5344 δύο
865 5288 1037 5354 υιοὺς
1075 5288 1258 5358 ἔσχε;
1290 5292 1381 5345 καὶ
1423 5291 1655 5347 ἐνταῦθα
1683 5295 1810 5358 τοὺς
1846 5296 1983 5364 ψαλ-

417 5373 552 5443 μοὺς
593 5372 757 5443 νόμον
788 5370 1070 5436 ἐκάλεσεν,
1106 5372 1295 5426 εἰπών·
1348 5373 1624 5444 Οἴδαμεν,
1666 5377 1755 5431 ὅτι
1803 5377 1923 5434 ὅσα
1953 5382 1987 5434 ό

411 5454 598 5524 νόμος
620 5453 799 5524 λέγει,
828 5455 953 5521 τοῖς
983 5455 1053 5509 ἐν
1082 5454 1161 5522 τῷ
1187 5457 1349 5525 νόμῳ
1378 5458 1572 5513 λαλεῖ.
1612 5456 1746 5514 Εἶτα
1776 5460 1987 5516 δείκνυ-

414 5551 500 5587 σιν
527 5536 647 5589 ούδέ
690 5536 876 5600 ἁπλῶς
914 5537 1088 5592 ταῦτα
1118 5537 1386 5609 λεγόμενα
1412 5542 1747 5614 κατηγορίας
1774 5543 1982 5611 ἕνεκεν,

411 5615 527 5698 ἀλλ’
551 5616 638 5698 {va
660 5620 726 5688 τῇ
750 5619 929 5672 πίστει
960 5622 1358 5695 προοδοποιήσῃ
1387 5623 1538 5697 [όὸὃῖ
1560 5626 1717 5680 πάλιν
1744 5630 1772 5681 6
1796 5628 1979 5698 νόμος.

412 5695 662 5765 Τοσαύτη
704 5699 801 5768 τῆς
850 5702 1092 5766 Παλαιᾶς
1129 5706 1264 5775 1:96;
1299 5695 1406 5777 τὴν
1437 5709 1645 5778 Καινὴν
1677 5710 1709 5780 ἡ
1744 5695 1972 5781 συμφω-

487 5814 510 5842 ⁸
540 5807 634 5859 ΑΜ
677 5825 941 5877 σκιρτῆσαι.

2099 1507 2186 1561 νία
2216 1507 2267 1573 δ,
2303 1508 2385 1562 ὃτι
2409 1508 2505 1562 καὶ
2535 1509 2590 1562 αἰ
2627 1506 2951 1578 κατηγορίαι
2979 1506 3072 1560 καὶ
3098 1506 3146 1559 οί
3176 1504 3386 1577 ἔλεγχοι
3410 1506 3499 1561 διά
3522 1508 3680 1564 τοῦτο

2098 1592 2316 1655 πάντως
2349 1591 2617 1660 ἐγένοντο,
2648 1591 2737 1645 ἴνα
2778 1589 3011 1661 λαμπρά
3052 1590 3205 1658 παρά
3237 1594 3353 1655 τοῖς
3384 1591 3678 1648 ἀκούουσιν

2099 1676 2288 1746 ἀνοιγῇ
2317 1674 2418 1744 τῆς
2443 1674 2679 1737 πίστεως
2707 1675 2739 1744 ἡ
2777 1672 2939 1744 θύρα.
2987 1671 3205 1744 Ἐπειδὴ
3247 1673 3357 1745 769
3381 1674 3541 1729 τοῦτο
3573 1678 3679 1748 μά-

2099 1759 2255 1814 λιστα
2295 1758 2582 1821 Ἰουδαίους
2611 1756 2862 1811 ἀπώλεσε
2898 1756 2960 1810 τὸ
3005 1756 3148 1826 μέγα
3178 1760 3395 1826 φρονεῖν
3434 1760 3519 1828 ἐφ’
3549 1762 3679 1814 ἐαυ-

2098 1845 2230 1907 τοῖς·
2264 1843 2404 1912 ὄπερ
2435 1837 2528 1895 οὖν
2561 1841 2657 1895 καὶ
2697 1838 2907 1911 προῖὼν
2950 1838 3158 1908 ἐλεγεν,
3189 1840 3271 1893 ὃτι
3297 1841 3677 1911 Ἅγνοοῦντες

2099 1924 2207 1978 τοῦ
2238 1923 2388 1978 Θεοῦ
2417 1922 2534 1991 τὴν
2560 1922 2986 1991 δικαιοσύνην,
3004 1921 3103 1976 καί
3132 1922 3251 1990 τὴν
3278 1921 3432 1976 ἰδίαν
3451 1924 3675 1979 δικαιο-

2100 2009 2302 2075 σύνην
2358 2005 2671 2075 ζητοῦντες
2733 2004 2982 2075 στῆσαι,
3034 2004 3109 2074 τῇ
3156 2006 3512 2076 δικαιοσύνῃ
3565 2007 3674 2062 τοῦ

2102 2089 2249 2144 Θεοῦ
2275 2091 2387 2159 οὐχ
2410 2087 2835 2158 ὑπετάγησαν·
2870 2087 3157 2160 προλαϐὼν
3186 2089 3283 2142 καὶ
3318 2090 3348 2142 6
3375 2088 3538 2160 νόμος
3576 2089 3672 2144 καὶ

2103 2176 2132 2228 6
2150 2174 2456 2245 προφήτης,
2487 2171 2897 2245 προκατέόαλον
2922 2171 3104 2226 αὐτῶν
3117 2170 3187 2225 τά
3211 2171 3558 2243 φρονήματα,
3581 2176 3681 2228 καὶ

2100 2254 2453 2309 κατέστειλαν
2481 2255 2661 2310 αὐτῶν
2700 2254 2760 2309 τὸ
2804 2252 3054 2325 φύσημα,
3087 2253 3175 2308 ἵνα
3204 2255 3287 2317 εἰς
3330 2253 3543 2309 ἔννοιαν
3570 2256 3680 2308 τῶν

2100 2339 2316 2393 οἰκείων
2361 2338 2604 2403 ἐλθόντες
2652 2338 3091 2410 ἁμαρτημάτων,
3135 2335 3232 2391 καλ⁵
3275 2336 3378 2409 τὴν
3420 2338 3679 2393 ἀπόνοιαν

2101 2423 2281 2476 πᾶσαν
2334 2421 2839 2487 κατακενώσαντες,
2890 2422 2985 2475 καὶ
3039 2420 3239 2486 ἰδόντες
3289 2422 3518 2487 ἐαυτοῦς
3551 2424 3681 2495 περὶ

2101 2504 2208 2559 τῶν
2229 2504 2474 2576 ἐσχάτων
2503 2504 2937 2570 κινδυνεύοντας,
2983 2504 3123 2576 μετά
3175 2505 3377 2577 πολλῆς
3406 2506 3510 2577 τῆς
3541 2525 3678 2580 προ-

2103 2587 2303 2660 θυμίας
2360 2587 2749 2660 προσδράμωσι
2805 2587 2884 2659 τῷ
2930 2587 3028 2660 τὴν
3082 2587 3277 2656 ἄφεσιν
3327 2590 3513 2654 αὐτοῖς
3572 2590 3681 2644 τῶν

2105 2671 2517 2742 ἁμαρτημάτων
2546 2671 2858 2741 παρέχοντι,
2898 2671 2992 2725 καὶ
3021 2670 3120 2742 τὴν
3145 2671 3305 2743 χάριν
3330 2671 3417 2725 διὰ
3452 2672 3555 2742 τῆς
3587 2674 3678 2726 πί-

2104 2771 2275 2818 στεως
2300 2753 2723 2818 καταδέξωνται.
2751 2753 2922 2807 Τοῦτο
2950 2754 3082 2823 γοῦν
3110 2756 3206 2809 καὶ
3238 2755 3473 2810 ἐνταῦθα
3511 2759 3680 2811 αἰνιτο

2100 2838 2328 2910 τόμενος
2354 2840 2384 2892 6
2418 2836 2631 2901 Παῦλος
2665 2837 2869 2906 ἔλεγεν·
2915 2837 3195 2907 Οἰδαμεν,
3235 2837 3325 2892 ἔτι
3356 2838 3476 2893 ὅσα
3509 2842 3542 2893 ὁ
3578 2840 3680 2893 νό-

2095 2938 2213 2991 μος
2243 2920 2424 2989 λέγει,
2449 2920 2574 2985 τοῖς
2597 2921 2667 2973 ἐν
2693 2917 2772 2985 τῷ
2799 2920 2960 2989 νόμῳ
2986 2918 3178 2975 λαλεῖ·
3212 2922 3315 2976 ινα
3338 2921 3464 2978 πᾶν
3483 2924 3680 2992 στόμα

2102 3002 2322 3073 φραγῇ.
2358 3003 2455 3058 καί
2510 3002 2801 3069 ὑπόδικος
2846 3002 3089 3074 γένηται
3134 3001 3255 3071 πᾶς
3281 3006 3315 3058 ό
3339 3005 3570 3075 κόσμος
3596 3003 3679 3071 τῷ

2104 3085 2245 3152 Θεῷ.
2276 3086 2542 3141 Ἐνταῦθα
2590 3085 2700 3158 γάρ
2729 3085 3005 3140 δείκνυσιν
3046 3086 3245 3151 αὐτοὺς
3291 3086 3393 3158 τῆς
3435 3088 3535 3159 μὲν
3569 3087 3679 3142 61:6

2099 3168 2210 3223 τῶν
2242 3169 2418 3239 ἔργων
2446 3170 2759 3242 παρρησίας
2787 3169 3030 3241 ἐρήμους
3053 3168 3234 3233 ὄντας,
3270 3169 3329 3223 ἐν
3360 3169 3417 3224 δέ
3443 3173 3555 3235 τοῖς
3583 3171 3676 3243 ῥή-

2104 3268 2271 3322 μασιν
2318 3251 2810 3321 ἁλαζονευομένους
2844 3252 3005 3323 μόνον
3038 3251 3133 3306 καὶ
3164 3251 3675 3323 ἀναισχυντοῦντας.

2101 3334 2193 3387 Διὸ
2215 3334 2307 3386 καὶ
2335 3334 2541 3405 κυρίως
2572 3335 2846 3405 ἐχρήσατο
2879 3337 2945 3407 τῇ
2978 3334 3144 3402 λέξει,
3177 3335 3368 3400 εἰπὼν,
3393 3337 3521 3391 Ἵνα
3553 3336 3680 3391 πᾶν

2100 3416 2292 3485 στόμα
2318 3417 2537 3485 φραγῇ,
2570 3417 2669 3488 τὴν
2710 3417 3064 3489 ἀναίσχυντον
3087 3416 3267 3472 αὐτῶν
3306 3419 3401 3472 καὶ
3442 3419 3677 3474 δυσκάθ-

2100 3517 2257 3554 εκτον
2306 3499 2711 3572 μεγαληγορίαν
2750 3500 2945 3572 δηλῶν.
2972 3500 3068 3555 καὶ
3093 3500 3192 3573 τὴν
3221 3501 3359 3573 μετὰ
3389 3502 3676 3574 ἀκριϐείας

2099 3584 2593 3656 ἐπιστομιζομένην
2626 3584 2806 3639 αὐτῶν
2831 3585 3099 3655 γλῶτταν·
3140 3585 3395 3658 καθάπερ
3416 3587 3527 3659 γάρ
3552 3586 3676 3658 ῥεῦ-

2102 3685 2181 3738 μα
2212 3668 2503 3739 ἀφόρητον,
2551 3667 2725 3732 οὕτως
2767 3666 2907 3740 αῦτη
2946 3667 3193 3741 ἐφέρετο·
3233 3667 3347 3723 ἀλλ’
3381 3669 3676 3742 ἐνέφραξεν

2098 3750 2269 3821 αὐτὴν
2292 3752 2322 3804 6
2352 3751 2663 3822 προφήτης.
2690 3751 2863 3806 Ὅταν
2888 3751 2946 3806 δέ
2976 3753 3109 3824 λέγῃ
3132 3752 3364 3820 Παῦλος,
3390 3753 3515 3806 Ἵνα
3549 3752 3676 3807 πᾶν

2097 3835 2293 3903 στόμα
2319 3832 2540 3904 φραγῇ,
2567 3834 2629 3888 οὐ
2670 3835 2827 3889 τοῦτό
2856 3852 3043 3906 φησιν,
3074 3836 3158 3889 ὅτι
3193 3835 3283 3889 διά
3308 3835 3464 3891 τοῦτο
3488 3836 3668 3905 ἧμαρο

2097 3934 2209 3977 τον.
2244 3917 2330 3971 ἵνα
2389 3920 2574 3989 φραγῇ
2609 3917 2791 3971 αὐτῶν
2838 3917 2898 3972 τὸ
2948 3918 3143 3990 στόμα,
3195 3918 3330 3973 ἀλλᾶ
3372 3917 3463 3971 διὰ
3509 3915 3669 3973 τοῦτο

2097 3999 2408 4070 ⁴ὴλέγχοντο,
2435 4000 2523 4053 ἵνα
2561 3999 2637 4072 μὴ
2666 4001 2934 4068 άγνοῶσιν
2961 4001 3368 4072 ἁμαρτάνοντες
3394 4001 3549 4055 τοῦτο
3573 4001 3672 4056 αύ-

2095 4084 2177 4139 τό.
2212 4083 2320 4137 Καὶ
2359 4082 2650 4150 ὑπόδικος
2681 4082 2922 4153 γένηται
2955 4083 3076 4151 πᾶς
3108 4087 3142 4139 ὁ
3169 4086 3402 4155 κόσμος
3424 4084 3505 4151 τῷ
3526 4084 3671 4150 Θεῷ.

2096 4166 2210 4220 Ούκ
2239 4161 2411 4228 εἶπεν,
2445 4166 2501 4219 '0
2540 4165 2811 4231 Ἰουδαῖος,
2843 4166 2999 4231 ἀλλὰ,
3030 4169 3184 4221 Πᾶσα
3207 4170 3241 4239 ἠ
3271 4168 3452 4237 φύσις.
3475 4169 3549 4223 T6
3571 4169 3672 4240 μέν

2094 4250 2224 4318 γάρ,
2249 4248 2384 4303 Ἵνα
2415 4246 2537 4303 πᾶν
2560 4250 2756 4320 στόμα
2783 4249 3003 4321 φραγῇ,
3043 4252 3287 4317 ἐκείνους
3323 4253 3475 4307 ἐστὶν
3504 4254 3672 4307 αἰνιτ-

2093 4333 2338 4402 τόμενον,
2376 4333 2422 4385 εἰ
2444 4331 2537 4385 καὶ
2568 4333 2642 4402 μὴ
2678 4332 2926 4405 φανερῶς
2964 4333 3098 4387 αύτδ
3116 4334 3376 4398 τέθειται,
3416 4334 3559 4389 ῶστε
3596 4334 3670 4406 μὴ

2093 4413 2426 4486 τραχύτερον
2451 4413 2702 4483 γενέσθαι
2739 4414 2831 4469 τὸν
2864 4415 3045 4484 λόγον·
3078 4416 3140 4471 τὸ
3179 4416 3257 4479 δέ,
3292 4419 3426 4473 Ἵνα
3462 4417 3669 4473 ὑπόδι-

2093 4518 2201 4566 κος
2226 4500 2469 4570 γένηται
2495 4497 2616 4566 πᾶς
2646 4502 2679 4554 ό
2704 4500 2934 4570 κόσμος
2966 4500 3046 4566 τῷ
3070 4500 3213 4567 Θεῷ,
3245 4502 3382 4573 ὁμοῦ
3412 4503 3508 4557 καὶ
3541 4503 3670 4571 περὶ

2105 4583 2376 4637 Ἰουδαίων
2407 4583 2503 4637 καὶ
2530 4583 2799 4655 Ἑλλήνιον
2832 4584 3071 4657 εῖρηται.
3103 4586 3178 4639 Ού
3212 4585 3407 4657 μικρὸν
3434 4586 3490 4640 δέ
3511 4586 3669 4640 τοῦτο

2092 4667 2171 4729 εἰς
2212 4664 2275 4718 τὸ
2312 4666 2666 4720 καταστεῖλαι
2702 4666 2801 4737 τὴν
2842 4666 3065 4721 ἐκείνων
3102 4669 3381 4732 ἀπόνοιαν,
3412 4670 3542 4723 ὅταν
3572 4670 3667 4723 καὶ

2094 4747 2327 4802 ἐνταῦθα
2393 4748 2559 4818 μηδὲν
2606 4748 2770 4819 ἔχωσι
2832 4749 2995 4804 πλέον
3057 4750 3168 4805 τῶν
3210 4751 3497 4824 Ἑλλήνων,
3549 4750 3667 4805 ἀλλ’

2089 4831 2289 4900 ὁμοίως
2320 4824 2422 4885 ὦσι
2453 4831 2834 4903 προδεδομένοι
2864 4835 3006 4888 κατά
3037 4834 3128 4889 τὸν
3155 4836 3253 4904 τῆς
3277 4836 3555 4909 σωτηρίας
3582 4835 3666 4889 λό-

2089 4930 2203 4983 γον.
2224 4914 2281 4968 ὐ
2308 4914 2415 4989 γάρ
2442 4915 2694 4979 ὑπόδικος
2720 4917 2925 4989 κυρίως
2948 4918 3014 4972 ἂν
3044 4920 3250 4984 ἐκεῖνος
3274 4919 3506 4988 λέγοιτο,
3525 4920 3555 4972 6
3587 4920 3661 4988 μὴ

2088 4997 2384 5068 δυνάμενος
2434 5000 2626 5070 ἀρκεῖν
2654 4999 2833 5069 ἐαυτῷ
2876 4999 3013 5071 πρὸς
3060 5002 3379 5069 ἀπολογίαν,
3403 5002 3539 5057 ἀλλά
3564 5004 3663 5072 τῆς

2089 5083 2275 5153 ἐτέρου
2324 5082 2577 5153 δεόμενος
2624 5082 2909 5155 βοηθείας·
2963 5080 3051 5140 οἶα
3078 5082 3145 5157 ἦν
3174 5088 3266 5141 καὶ
3310 5089 3378 5141 τά
3417 5086 3659 5158 ἡμέτερα

2088 5165 2284 5227 πάντα,
2312 5164 2733 5220 ἀπολωλεκότων
2772 5168 2805 5237 ἡ
2814 5166 2931 5237 μῶν
2962 5169 3030 5221 τά
3064 5169 3203 5240 πρὸς
3232 5170 3505 5241 σωτηρίαν
3535 5185 3656 5222 συν-

2084 5247 2349 5301 τείνοντα.
2372 5247 2476 5300 Διὰ
2504 5249 2615 5317 γὰρ
2637 5250 2826 5317 νόμου
2853 5250 3178 5320 ἐπίγνωσις
3216 5251 3521 5321 ἁμαρτίας.
3549 5251 3655 5304 Πά·

2082 5328 2165 5383 λιν
2194 5330 2432 5401 ἐφήλατο
2457 5330 2534 5395 τῷ
2562 5331 2733 5402 νόμῳ,
2764 5332 2901 5403 μετὰ
2937 5333 3153 5403 φειδοῦς
3176 5333 3294 5405 μέν·
3326 5334 3388 5387 ού
3416 5333 3526 5404 γάρ
3557 5332 3654 5388 αύ-

2080 5411 2176 5466 τοῦ
2234 5413 2539 5483 κατηγορία
2580 5413 2641 5466 τὸ
2686 5415 2997 5485 εἰρημένον.
3049 5415 3187 5471 ἀλλά
3236 5416 3336 5486 τῆς
3385 5415 3495 5469 τῶν
3525 5416 3655 5470 Ἰου-

2080 5494 2245 5549 δαίων
2263 5494 2553 5566 ρςιθυμίας
2587 5495 2725 5567 πλὴν
2740 5496 2855 5551 ἀλλ’
2871 5497 3021 5569 ὅμως
3042 5497 3375 5552 ἐσπούδακεν
3399 5497 3652 5557 ἐνταῦθα,

2082 5576 2268 5647 ἐπειδὴ
2297 5578 2480 5647 μέλλει
2517 5578 2609 5632 τὸν
2656 5580 2784 5652 περὶ
2812 5584 2912 5653 τῆς
2938 5581 3175 5646 πίστεως
3204 5581 3448 5652 εἰσάγειν
3471 5581 3652 5651 λόγον,

2150 5833 2180 5871 ι
2206 5835 2314 5880 Duo
2338 5844 2454 5882 mss.
2482 5835 2512 5891 ἡ
2537 5837 2799 5898 συγγένεια.
