4122 6150
418 255 518 312 Ml

418 378 605 440 deum,
628 370 766 426 alius
791 369 951 425 aliam
982 364 1325 436 cupiditatem
1352 360 1742 431 gravissimam.
1771 357 1878 413 Sed
1899 371 2001 410 non

422 465 670 522 immolas
696 461 825 532 ipsis
855 459 1038 521 boves,
1067 467 1118 509 ut
1146 453 1411 526 gentiles?
1446 452 1662 513 Verum,
1684 447 1825 519 quod
1849 448 2005 516 longe

419 555 662 613 deterius
689 562 805 617 est,
843 559 986 604 tuam
1017 556 1217 600 mactas
1244 543 1498 598 animam.
1541 539 1647 595 Sed
1691 554 1797 592 non
1836 535 2006 592 ﬂectis

417 665 588 724 genua
610 689 626 715 ,
669 659 768 702 nec
803 642 1030 698 adoras?
1069 637 1420 710 Verumeum
1447 631 1634 702 majori
1661 629 2004 698 obsequentia

418 719 598 797 omnia
637 736 790 799 facis,
823 749 942 804 qua:
969 739 1159 785 venter
1185 739 1239 783 et
1265 740 1452 780 aurum
1479 733 1533 778 et
1559 719 2005 789 concupiscentia:

419 832 662 905 tyrannis
707 830 993 897 imperant.
1043 821 1256 878 Etenim
1286 817 1459 875 Graeci
1505 815 1627 870 ideo
1663 811 2003 882 abominandi

417 937 576 991 sunt,
620 923 747 995 quia
791 918 958 974 animi
1002 915 1221 971 morbos
1259 913 1393 968 deos
1433 909 1693 970 fecerunt,
1739 905 2002 974 cupidita-

419 1031 523 1073 tem
569 993 834 1069 V’encrcm
860 1052 875 1075 ,
909 1010 1042 1062 iram
1080 1005 1298 1060 Martem
1323 1043 1340 1066 ,
1384 999 1694 1055 ebrietatem
1737 993 2002 1049 Bacchum

415 1106 767 1176 appellantes.
817 1097 970 1168 Quod
1014 1096 1058 1150 si
1091 1105 1143 1147 tu
1182 1107 1288 1146 non
1318 1089 1458 1146 idola
1489 1083 1690 1156 sculpis
1714 1094 1772 1138 ut
1801 1083 1908 1168 illi,
1951 1092 2006 1136 at

418 1174 541 1251 cuin
577 1193 756 1249 studio
779 1190 948 1246 multo
977 1185 1163 1241 iisdem
1194 1182 1324 1252 ipsis
1353 1191 1405 1236 te
1429 1175 1650 1248 subjicis
1675 1174 1835 1229 animi
1864 1189 2005 1227 mor-

418 1291 522 1357 bis,
555 1287 794 1343 ntembra
814 1280 1013 1339 Christi
1040 1276 1282 1333 membra
1306 1271 1603 1328 meretricis
1632 1259 1856 1332 faciens,
1872 1274 1926 1318 et
1952 1263 2002 1318 in

417 1355 554 1438 alias
596 1390 648 1436 te
687 1379 1012 1444 immergens
1039 1369 1370 1438 iniquitates.
1401 1355 1526 1418 ldeo
1551 1370 1732 1430 quarso
1759 1367 1818 1411 ut
1845 1359 2006 1410 tautze

418 1468 767 1526 absurditatis
809 1476 1090 1520 excessum
1137 1457 1434 1527 cogitantes
1459 1495 1474 1518 ,
1531 1451 1792 1521 fugiamus
1833 1446 2005 1500 idolo-

419 1565 630 1620 latriam
655 1579 670 1625 ;
714 1561 786 1615 ita
807 1558 949 1614 enim
975 1553 1172 1610 Paulus
1192 1541 1348 1606 vocat
1369 1545 1645 1602 avaritiam
1688 1540 1821 1610 (Col.
1845 1528 1899 1595 ⁵5.
1926 1539 2003 1607 5).

1542 234 1604 298 IN
1645 239 1858 298 Ευεετ.
1903 240 1993 299 ιιι)
2036 239 2198 294 non.
2244 226 2470 294 nonIL.
2517 235 2624 292 vn.

3591 244 3691 302 “:2

2116 353 2382 422 Fugienda
2411 365 2588 408 autem
2615 364 2696 409 cst
2729 372 2832 411 non
2861 357 3018 413 modo
3047 373 3108 413 ea
3135 359 3352 415 avaritia
3375 403 3390 426 ,
3412 376 3530 430 qua:
3554 361 3695 418 circa

2116 446 2370 513 pecunias
2399 456 2662 514 versatur,
2695 447 2788 502 sed
2811 449 2972 504 etiam
3001 465 3084 515 ea,
3103 457 3223 522 qua:
3249 452 3697 523 ineant-apiscen-

2114 537 2183 590 tia
2215 537 2374 603 mala,
2405 553 2523 606 qua:
2550 539 2601 592 in
2628 540 2886 603 vestibus.
2914 557 3033 610 quae
3059 543 3110 597 in
3139 559 3345 607 mensa.
3367 560 3487 615 qua:
3507 545 3558 599 in
3580 546 3701 600 aliis

2113 627 2384 680 omnibus.
2417 627 2550 682 Nam
2577 629 2748 684 multo
2773 634 3047 700 graviores
3074 633 3317 690 dabimus
3347 649 3533 704 poenas
3564 651 3697 700 nos,

2111 719 2154 771 si
2187 735 2290 772 non
2321 735 2601 788 parcamus
2625 716 2823 778 Christi
2851 724 3078 794 lcg‘ihus.
3109 723 3297 782 Servus
3317 728 3481 794 enim,
3505 727 3697 798 inquit,

2109 812 2196 880 qui
2226 813 2320 865 scit
2356 811 2660 869 voluntatem
2687 812 2882 871 domini
2906 819 3020 886 sui,
3049 829 3096 872 et
3126 828 3227 884 non
3259 822 3410 891 facit,
3442 822 3701 893 vapulabit

2110 901 2283 955 multis
2315 899 2471 971 (Luc.
2507 901 2593 958 12.
2628 903 2753 976 b7).
2787 899 2856 963 Ut
2887 904 3016 978 ergo
3052 909 3262 979 pinnam
3291 910 3433 965 illam
3477 911 3700 982 ell‘ugia-

2111 1007 2251 1058 mus,
2279 1002 2331 1048 et
2357 994 2477 1050 aliis
2507 1005 2560 1050 et
2585 998 2738 1052 nobis
2768 1000 2926 1056 utiles
2952 994 3140 1069 simus,
3171 1003 3459 1073 nequitiam
3486 1020 3699 1060 onmem

2110 1086 2178 1140 ab
2217 1087 2393 1141 anima
2429 1088 2731 1158 ejicientes,
2775 1090 3024 1148 virtutem
3067 1094 3386 1165 deligamus.
3437 1095 3513 1150 ita
3557 1099 3700 1151 enim

2111 1189 2166 1233 et
2207 1179 2380 1234 futura
2422 1197 2818 1253 consequemur
2861 1187 3038 1253 bona,
3083 1203 3202 1257 qua:
3255 1187 3457 1243 utinam
3511 1203 3703 1244 omnes

2110 1269 2492 1340 adipiscamur,
2515 1277 2686 1344 gratia
2709 1287 2763 1332 et
2790 1269 3116 1349 benignitate
3144 1280 3351 1334 Domini
3379 1279 3547 1334 nostri
3576 1280 3702 1336 .lesu

2110 1357 2308 1417 Christi
2331 1403 2346 1429 ,
2379 1367 2594 1435 quicum
2628 1369 2771 1425 Patri
2805 1363 2860 1425 et
2904 1371 3126 1442 Spiritui
3153 1381 3340 1428 sancto
3366 1373 3567 1443 gloria,
3607 1371 3704 1426 lio—

2114 1466 2230 1514 nor,
2263 1451 2568 1524 imperium,
2599 1463 2742 1516 nunc
2763 1471 2822 1518 et
2849 1463 3080 1533 semper,
3106 1463 3162 1519 et
3187 1463 3240 1518 in
3267 1462 3459 1518 secula
3482 1463 3704 1519 szeculo-

2115 1558 2254 1598 rum.
2285 1547 2478 1604 Amen.

420 1661 3700 1697 Μ

1790 1703 2131 1781 HOMILIA
2177 1712 2315 1787 Vl].

417 1871 548 1927 Car.
588 1871 640 1924 ’5.
683 1884 735 1924 v.
775 1868 829 1924 9.
889 1865 1026 1932 Quid
1074 1862 1228 1934 ergo?
1279 1856 1614 1930 prarcellimus
1662 1850 1790 1906 nos?
1838 1845 1999 1901 Nullo

491 1963 674 2026 modo;
699 1961 864 2015 causis
885 1959 1018 2012 enim
1041 1965 1160 2010 ante
1186 1952 1358 2007 allatis
1379 1948 1699 2021 probavimus
1723 1943 1934 1996 Judteos
1953 1949 2000 1994 et

493 2057 699 2128 gentiles
726 2068 900 2108 omnes
928 2051 1018 2105 sub
1047 2056 1250 2118 peccato
1277 2059 1412 2108 esse;
1462 2041 1550 2096 10.
1585 2039 1715 2094 sicut
1755 2037 1998 2102 scriptum

491 2125 562 2202 est
580 2165 598 2202 :
631 2145 750 2200 Non
779 2156 850 2198 cst
869 2144 1063 2213 justus,
1092 2155 1249 2208 neque
1268 2151 1397 2190 unus
1420 2150 1438 2187 :
1466 2133 1552 2188 11.
1583 2147 1682 2184 non
1711 2137 1782 2182 est
1808 2125 1893 2194 qui
1921 2125 2001 2176 iu-

494 2239 703 2309 tclligat,
725 2246 812 2289 aut
831 2216 1048 2304 requirat
1072 2230 1254 2284 Deum.
1284 2227 1372 2283 12.
1399 2224 1583 2278 Omnes
1604 2221 1998 2278 declinaverunt,

495 2328 648 2384 simul
675 2328 879 2380 inutiles
921 2325 1039 2396 [acti
1083 2331 1234 2384 stmt;
1275 2335 1375 2372 non
1405 2327 1476 2370 cst
1505 2314 1590 2383 qui
1616 2313 1769 2384 faciat
1800 2311 2002 2366 bonum,

495 2438 596 2474 non
639 2405 708 2472 est
748 2431 904 2486 usque
929 2416 997 2467 ad
1024 2428 1200 2467 unum.
1247 2411 1332 2465 15.
1379 2399 1680 2478 Sepulcru'ut
1723 2411 1898 2472 patens
1935 2405 2007 2451 est

495 2523 668 2584 guttur
695 2524 870 2564 coruus
894 2522 909 2560 ε
933 2505 1118 2576 linguis
1148 2502 1254 2556 suis
1278 2500 1450 2554 dolose
1493 2503 1738 2565 egerunt:
1765 2505 2006 2545 venenum

494 2580 724 2671 uspiduin
740 2599 829 2654 sub
848 2597 994 2651 labiis
1013 2610 1186 2649 eorum
1206 2608 1224 2646 :
1246 2591 1329 2646 14.
1354 2605 1569 2660 quorum
1589 2603 1643 2640 os
1661 2580 2011 2638 maledictioue

497 2707 539 2750 et
579 2692 915 2747 aumritudiue
955 2693 1160 2758 plenum
1185 2695 1257 2740 est
1282 2700 1298 2738 :
1327 2683 1417 2738 15.
1447 2683 1639 2736 veloces
1663 2678 1812 2745 pedes
1837 2686 2010 2728 eorum

497 2786 562 2838 ad
590 2783 950 2851 eﬂ'uudendum
976 2793 1272 2849 sanguinem
1297 2791 1316 2829 :
1340 2774 1425 2829 16.
1456 2771 1691 2826 contritio
1719 2779 1766 2823 et
1795 2765 2012 2836 infelici-

499 2888 577 2931 tas
595 2879 650 2929 iu
672 2877 762 2929 viis
785 2887 992 2934 eorum;
1023 2873 1110 2924 17.
1133 2879 1179 2923 et
1205 2869 1336 2922 viam
1362 2866 1502 2936 pacis
1528 2879 1627 2917 nou
1651 2865 2010 2931 cognouerunt;

501 2969 586 3024 18.
629 2985 726 3021 nou
758 2977 830 3020 est
860 2965 1012 3018 timor
1042 2962 1132 3015 Dei
1161 2971 1280 3014 ante
1304 2959 1475 3012 oculos
1501 2971 1692 3010 eorum.

505 3063 552 3115 1.
599 3059 878 3114 Accusavit
919 3056 1167 3128 gentiles,
1223 3051 1491 3108 accusavit
1532 3047 1777 3126 Judatos;
1825 3058 2016 3100 conse-

430 3167 602 3221 quens
627 3160 738 3204 erat
771 3157 829 3203 ut
876 3147 1131 3215 deinceps
1163 3147 1475 3213 loqueretur
1513 3139 1580 3194 de
1617 3137 1844 3208 justitia,
1891 3149 2010 3204 quae

432 3251 515 3297 est
543 3257 637 3311 per
681 3240 864 3294 fidem.
894 3237 948 3293 Si
978 3237 1120 3292 enim
1157 3237 1240 3290 lex
1270 3232 1526 3288 naturalis
1557 3230 1687 3284 nihil
1721 3227 1878 3297 juvit.
1915 3240 2015 3280 nec

433 3332 561 3401 quid
592 3329 820 3400 amplius
852 3328 975 3383 fecit
1006 3327 1091 3381 lex
1122 3326 1354 3394 scripta;
1403 3322 1495 3378 sed
1528 3330 1752 3389 utraque
1792 3319 1876 3382 iis,
1923 3316 2015 3386 qui

437 3423 543 3477 illis
573 3438 675 3476 ιιοιι
707 3431 763 3475 ιιι
794 3436 888 3490 par
915 3429 1030 3474 erat
1059 3419 1140 3472 usi
1183 3426 1330 3480 sunt,
1377 3413 1527 3470 oneri
1570 3412 1688 3477 fuit,
1730 3419 1784 3464 et
1828 3410 2014 3478 majori

435 3515 622 3583 dignos
665 3511 931 3580 supplicio
985 3509 1105 3563 illos
1150 3506 1419 3561 ostendit:
1449 3503 1752 3560 necessaria
1795 3501 2013 3555 demum

436 3616 520 3660 est
546 3604 693 3659 salus
722 3604 830 3668 illa,
859 3616 978 3670 qua:
1007 3616 1102 3668 per
1126 3599 1351 3669 gratiam
1385 3596 1608 3666 paritur.
1645 3594 1738 3648 Die
1767 3593 1928 3662 igitur
1955 3591 2017 3644 il~

436 3696 562 3757 lam,
595 3691 777 3759 Paule,
811 3702 863 3746 ct
891 3691 1181 3746 ostendito.
1210 3689 1315 3745 Sed
1345 3687 1578 3743 nondum
1601 3685 1780 3750 audet,
1807 3683 2018 3738 Iudaeo-

438 3802 554 3840 rum
583 3785 931 3855 petulantiam
959 3790 1260 3852 suspeetam
1290 3779 1528 3841 habens;
1559 3792 1744 3831 verum
1787 3774 1852 3829 ad
1899 3774 2019 3828 illos

438 3875 766 3930 accusaudos
812 3888 998 3928 rursus
1049 3885 1354 3926 sermonem
1403 3866 1667 3922 convertit
1706 3882 1719 3918 :
1769 3874 1822 3918 et
1851 3863 2020 3933 primo

444 3967 696 4022 Davidem
725 3965 840 4020 haec
872 3964 1051 4018 multis
1100 3963 1366 4017 dicentem
1395 3970 1762 4014 accusatorem
1795 3955 2016 4019 inducit,

440 4075 558 4127 qua:
585 4058 761 4112 omnia
788 4057 974 4126 paucis
1003 4056 1174 4126 tetigit
1199 4055 1381 4116 lsaias,
1401 4053 1632 4106 validum
1653 4051 1786 4121 ipsis
1812 4048 2020 4104 frenum

441 4165 725 4220 apparans,
759 4159 818 4204 ut
847 4164 914 4203 ne
944 4148 1206 4213 resiliant,
1238 4163 1376 4202 neve
1397 4161 1426 4199 a
1455 4145 1793 4200 sermonibus
1821 4143 1890 4197 de
1917 4141 2023 4196 fide

443 4244 655 4312 quidam
703 4243 975 4296 auditores
1021 4239 1326 4302 abscedant,
1357 4239 1466 4307 jam
1497 4237 1643 4306 prius
1670 4252 1700 4290 a
1734 4233 2024 4304 proiilieta-

447 4351 564 4389 rum
608 4333 1038 4388 accusationibus
1068 4330 1368 4402 praepediti.
1412 4329 1626 4383 Etenim
1674 4329 1772 4381 tria
1814 4339 2024 4380 summe

445 4427 621 4494 gravia
664 4427 809 4494 ponit
840 4424 1121 4494 propheta,
1154 4422 1294 4492 quod
1327 4436 1514 4476 omnes
1560 4420 1697 4473 mala
1746 4427 2023 4488 perpetra-

449 4526 567 4569 rent
606 4516 811 4580 dicens,
859 4525 912 4570 et
955 4513 1098 4586 quod
1149 4524 1253 4567 non
1297 4511 1656 4566 admiscercnt
1681 4510 1818 4565 bona
1848 4509 2021 4576 malis,

445 4605 538 4658 sed
571 4606 858 4674 nequitiam
888 4607 1059 4659 SUIUIII
1088 4612 1423 4669 exercerent,
1453 4601 1700 4670 quodque
1726 4600 1869 4654 illam
1900 4615 2024 4654 cum

448 4696 631 4761 grandi
658 4707 871 4750 conatu.
921 4696 1119 4749 Deinde
1150 4710 1217 4749 ne
1239 4695 1514 4748 dicerent:
1544 4692 1680 4759 Quid
1711 4707 1841 4761 ergo
1867 4693 1910 4746 si
1939 4691 2026 4746 ad-

450 4803 633 4840 Versus
662 4789 795 4842 alios
825 4788 941 4851 hare
980 4787 1118 4841 dicta
1165 4788 1323 4841 sunt?
1353 4785 1661 4854 subjunxit:
1694 4782 1783 4838 19.
1817 4782 2022 4837 Scimus

449 4889 616 4932 (ιιιιιιηι
637 4879 772 4948 quod
796 4895 1120 4948 quocumque
1137 4879 1218 4932 lca:
1243 4878 1484 4942 loquitur,
1513 4877 1577 4929 iis
1605 4876 1690 4946 qui
1710 4875 1762 4928 in
1783 4877 1892 4943 lege
1909 4883 2027 4927 sunt

451 4972 590 5024 dicit.
623 4971 823 5025 Idcirco
851 4979 968 5039 post
991 4970 1199 5032 Isaiam.
1231 4971 1343 5040 qui,
1372 4981 1429 5024 ut
1455 4969 1506 5023 in
1537 4969 1786 5025 confesso
1809 4979 1946 5034 erat,
1971 4967 2028 5021 il-

452 5063 532 5117 los
555 5062 895 5130 respiciebat,
929 5060 1190 5115 Davidem
1224 5061 1451 5126 induxit,
1491 5071 1548 5115 ut
1576 5061 1880 5116 ostemleret
1910 5060 2027 5114 lure

449 5169 658 5221 quoque
699 5153 805 5206 illis
851 5164 1058 5205 annecti
1106 5151 1319 5205 debere.
1363 5151 1493 5220 Qua:
1537 5153 1677 5206 enim
1710 5153 2024 5219 necessitas,

451 5245 639 5311 inquit,
669 5244 806 5297 alios
829 5245 1072 5296 incusare
1088 5259 1207 5296 eum
1233 5242 1566 5310 prophetam,
1589 5245 1676 5312 qui
1699 5244 1764 5298 ad
1793 5252 2025 5297 vestram

453 5333 881 5387 emendationem
905 5347 1101 5386 missus
1126 5332 1274 5385 erat?
1301 5347 1472 5401 neque
1493 5333 1634 5386 enim
1660 5333 1745 5387 lex
1767 5333 1884 5387 aliis
1904 5333 2026 5387 data

455 5425 646 5487 fuerat,
699 5440 858 5494 quam
910 5425 1084 5478 vobis.
1138 5423 1244 5477 Cur
1271 5433 1446 5477 autem
1480 5437 1584 5476 non
1615 5423 1770 5487 dixit,
1814 5423 2026 5480 Scimus

450 5517 592 5584 quod
616 5532 968 5585 quareumque
992 5515 1250 5584 propheta
1277 5514 1426 5579 dicit,
1449 5515 1565 5581 sed,
1587 5516 1925 5583 Quacumque
1948 5519 2030 5573 lea:

454 5605 713 5675 loquitur?
734 5607 865 5672 Quia
904 5606 1066 5660 Vetus
1097 5621 1254 5660 omne
1293 5605 1694 5661 Testamentum
1727 5606 1896 5676 legem
1928 5621 2028 5661 vo-

455 5709 578 5751 care
605 5697 741 5754 solet
771 5695 984 5750 Paulus.
1015 5695 1146 5748 Nam
1165 5696 1286 5748 alibi
1311 5697 1437 5750 dicit
1459 5715 1470 5752 :
1493 5696 1671 5768 Legem
1693 5715 1791 5752 uou
1817 5698 2024 5768 auditis,

761 5799 1030 5858 Parnm.
1074 5798 1191 5858 Gn.
1243 5795 1369 5858 LX.

2106 1851 2226 1919 quia
2266 1853 2522 1910 Abraham
2567 1859 2694 1915 duos
2723 1863 2857 1930 ﬁlios
2895 1864 3067 1920 habuit
3111 1853 3254 1936 (Cal.
3287 1867 3340 1922 4.
3369 1864 3459 1922 21.
3491 1863 3618 1935 22)?
3649 1865 3718 1922 ef

2109 1941 2195 1996 hic
2221 1958 2437 2014 quoque
2466 1949 2709 2007 l‘salmos
2750 1954 2922 2022 legem
2963 1957 3193 2021 vocavit,
3231 1958 3453 2014 dit-ens:
3479 1959 3702 2023 Scimus,

2106 2037 2240 2103 quod
2278 2053 2606 2111 quazcumque
2647 2043 2730 2097 lca:
2763 2045 2904 2110 dicit,
2951 2048 3013 2100 iis
3042 2051 3142 2122 qui
3183 2049 3237 2103 in
3280 2050 3389 2120 lege
3416 2060 3531 2103 sunt
3559 2051 3702 2103 dicit.

2119 2125 2322 2181 Deinde
2352 2130 2592 2187 ostemlit
2633 2148 2739 2188 non
2789 2137 3075 2192 accusandi
3118 2147 3323 2195 tantum
3377 2155 3537 2195 causa
3585 2140 3703 2194 haec

2113 2217 2239 2284 diei,
2273 2219 2366 2273 sed
2393 2221 2554 2302 etiam
2587 2232 2645 2277 ut
2668 2224 2795 2307 fidei
2829 2227 2913 2282 lex
2940 2224 3080 2282 viam
3105 2232 3338 2298 pararet.
3370 2217 3573 2286 Tantus
3599 2229 3706 2285 Ve-

2116 2308 2243 2362 teris
2289 2324 2411 2364 cum
2456 2311 2608 2369 Novo
2651 2315 2998 2373 Testamento
3042 2333 3342 2375 consensus
3387 2333 3531 2386 erat;
3565 2321 3704 2390 quod

2113 2401 2480 2456 accusationes
2501 2413 2554 2458 et
2575 2404 2976 2476 redargutioues
3001 2409 3122 2464 ideo
3142 2395 3283 2466 baud
3309 2410 3472 2466 dubie
3495 2411 3704 2474 fierent,

2117 2499 2172 2542 nt
2200 2491 2340 2559 apud
2369 2493 2650 2550 auditores
2679 2497 2958 2566 splendida
2989 2500 3054 2578 ad
3087 2489 3246 2557 fidem
3274 2502 3435 2572 janua
3472 2503 3706 2572 aperire-

2116 2592 2218 2635 tur.
2243 2582 2376 2648 Quia
2417 2585 2560 2639 enim
2607 2586 2711 2643 hoc
2740 2585 2974 2645 maxime
3021 2590 3238 2647 Judmos
3284 2591 3534 2661 perdidit,
3565 2592 3706 2662 quod

2115 2673 2281 2727 altum
2324 2673 2392 2729 de
2433 2690 2495 2748 se
2542 2689 2815 2761 saperent,
2849 2681 2994 2750 quod
3028 2682 3208 2760 utique
3253 2696 3573 2752 progressus
3618 2679 3707 2736 ille

2115 2761 2268 2828 dixit,
2302 2764 2442 2834 quod
2485 2781 2698 2837 nempe,
2727 2757 3028 2840 lgnarautes
3058 2757 3156 2827 Dei
3176 2773 3450 2842 justitiam,
3491 2783 3535 2826 et
3561 2789 3707 2826 suam

2119 2863 2338 2908 statuere
2351 2856 2610 2924 justitiam
2635 2870 2932 2928 quwrcutes,
2959 2862 3174 2931 justitia:
3200 2850 3299 2916 Dei
3325 2880 3380 2917 se
3399 2881 3498 2917 uou
3519 2863 3709 2918 submi-

2116 2959 2288 3002 seruut
2336 2950 2511 3022 (Rom.
2559 2954 2646 3010 10.
2697 2955 2791 3025 5);
2831 2957 2978 3026 ipsos
3007 2967 3352 3013 antevertens
3382 2957 3466 3012 lex
3493 2966 3548 3012 et
3577 2973 3705 3026 pro-

2119 3039 2302 3108 pheta,
2335 3041 2569 3112 ipsorum
2612 3045 2808 3101 fastum
2834 3047 3103 3118 depressit
3141 3059 3301 3119 atque
3329 3059 3616 3113 tumorem,
3649 3058 3708 3103 ut

2119 3148 2213 3187 sua
2241 3135 2537 3206 cogitantes
2568 3150 2804 3208 peccata,
2835 3148 2891 3194 et
2914 3143 3273 3212 arrogantiam
3303 3158 3516 3198 omnem
3545 3143 3710 3213 depo-

2120 3234 2332 3291 neutes,
2362 3241 2526 3297 seque
2557 3230 2801 3286 videntes
2828 3231 2895 3286 de
2925 3234 3180 3288 extremis
3223 3234 3533 3304 periclitari,
3584 3251 3706 3290 cum

2120 3317 2298 3371 studio
2327 3319 2497 3374 multo
2527 3321 2592 3376 ad
2623 3322 2768 3376 illum
2803 3335 3169 3390 accurrerent,
3201 3327 3291 3396 qui
3322 3327 3421 3382 sibi
3453 3338 3706 3397 peceato-

2122 3423 2239 3462 rum
2271 3411 2642 3467 remissionem
2674 3415 2956 3483 praeberet,
2989 3425 3042 3470 ct
3071 3417 3295 3486 gratiam
3318 3432 3413 3486 per
3436 3417 3594 3472 fidem
3616 3435 3709 3473 ac-

2121 3498 2380 3567 ciperent.
2411 3501 2524 3556 Hoc
2554 3503 2727 3572 ipsum
2754 3504 2950 3560 Paulus
2974 3506 3061 3560 hic
3085 3505 3452 3573 subiudicans,
3475 3507 3704 3564 dicebat:

2124 3589 2329 3644 Scimus
2355 3594 2490 3680 quod
2528 3610 2855 3666 qutecumque
2882 3597 2965 3650 lea:
2989 3597 3130 3662 dicit,
3163 3597 3227 3650 iis
3255 3598 3342 3666 qui
3371 3598 3424 3650 in
3463 3598 3570 3668 lege
3593 3609 3710 3652 sunt

2123 3680 2283 3734 dicit:
2311 3692 2364 3734 ut
2391 3700 2537 3737 omne
2559 3702 2615 3738 os
2635 3685 2949 3751 obstruatur,
2979 3699 3026 3740 et
3055 3697 3187 3742 totus
3213 3690 3432 3743 nucudus
3460 3689 3566 3744 Deo
3590 3688 3711 3745 sub-

2125 3772 2260 3828 ditus
2307 3775 2391 3829 sit.
2443 3774 2541 3831 llic
2582 3777 2727 3831 enim
2769 3779 3002 3834 ostendit
3041 3794 3138 3835 eos
3183 3780 3447 3836 bonorum
3485 3797 3710 3852 operum

2126 3865 2319 3922 fiducia
2351 3867 2657 3936 destitutos,
2709 3870 2996 3941 verbisque
3055 3881 3258 3927 tantum
3304 3883 3615 3945 arrogantes
3660 3886 3714 3930 et

2128 3958 2468 4027 impudentes
2496 3975 2639 4016 esse.
2667 3961 2874 4017 Idcirco
2902 3964 3118 4034 proprie
3162 3964 3452 4021 dictionem
3485 3983 3710 4036 usurpa-

2128 4051 2224 4113 vit,
2255 4051 2334 4104 sic
2365 4051 2612 4120 loquens,
2647 4052 2714 4108 Ut
2743 4070 2892 4107 omne
2917 4071 2974 4108 os
2998 4055 3311 4122 obstruutur,
3344 4056 3710 4124 impudentem

2129 4141 2340 4195 illorum
2369 4151 2420 4196 et
2449 4142 2704 4196 eﬂ'renem
2725 4144 3039 4212 jactantiam
3070 4145 3367 4210 declarans,
3401 4154 3455 4199 et
3478 4146 3709 4215 linguam

2129 4241 2376 4287 accurate
2421 4232 2744 4287 refrenatam
2786 4235 3090 4303 significans
3124 4250 3136 4285 :
3179 4234 3264 4287 illa
3303 4250 3531 4303 namque
3560 4238 3711 4304 quasi

2130 4335 2340 4378 torrens
2370 4323 2633 4376 violentus
2657 4323 2954 4384 ferebatur;
2979 4324 3070 4378 sed
3102 4325 3389 4378 refrenavit
3412 4324 3556 4380 illam
3589 4342 3711 4397 pro-

2129 4417 2310 4488 pheta.
2339 4416 2472 4471 Cum
2502 4433 2631 4470 vero
2659 4416 2789 4470 dicit
2815 4417 3026 4481 Paulus,
3065 4416 3130 4471 Ut
3160 4433 3305 4470 omne
3325 4434 3380 4471 os
3400 4417 3710 4485 obstruetur;

2131 4526 2235 4566 non
2264 4510 2366 4564 hoc
2392 4511 2484 4576 ait,
2520 4509 2665 4579 quod
2711 4509 2831 4564 ideo
2873 4510 3229 4580 peccaverint,
3277 4519 3333 4565 ut
3370 4527 3432 4564 os
3472 4511 3708 4581 ipsorum

2130 4604 2536 4667 obstrueretnr;
2580 4601 2675 4656 sed
2711 4601 2831 4656 ideo
2861 4601 3291 4668 confutabantur,
3315 4611 3371 4655 ut
3401 4617 3468 4657 ne
3499 4603 3714 4672 ignora-

2129 4708 2251 4752 rent
2278 4711 2338 4751 se
2368 4697 2691 4766 peccavisse.
2722 4695 2784 4749 Et
2804 4705 2935 4749 totus
2953 4695 3170 4750 mundus
3200 4695 3306 4749 Deo
3331 4696 3576 4749 obnoxius
3597 4696 3710 4764 ﬁat.

2131 4790 2246 4844 Non
2278 4790 2434 4854 dixit,
2465 4789 2714 4854 Iudaeus;
2745 4787 2858 4850 sed,
2893 4786 3028 4842 Tota
3058 4795 3268 4840 natura.
3299 4786 3431 4841 Illud
3459 4803 3710 4856 namque,

2137 4884 2204 4938 Ut
2228 4900 2283 4938 os
2309 4899 2455 4937 omne
2479 4882 2786 4946 obstruatur,
2817 4880 2936 4934 illos
2965 4879 3290 4942 subimlicat,
3323 4879 3444 4933 licet
3472 4895 3578 4932 non
3602 4895 3714 4933 ma-

2134 4975 2346 5038 nifeste,
2372 4990 2440 5029 ne
2464 4974 2706 5043 asperior
2729 4987 2908 5026 sermo
2925 4981 3102 5026 esset:
3131 4970 3234 5025 hoc
3258 4981 3460 5037 autent,
3488 4969 3554 5024 Ut
3583 4981 3714 5024 totus

2133 5068 2352 5121 nutudus
2378 5065 2622 5119 obnoxius
2653 5066 2743 5132 fiat
2771 5063 2902 5127 Deo,
2935 5063 3092 5118 simul
3123 5073 3177 5116 et
3217 5063 3284 5117 de
3327 5063 3526 5118 Judtcis
3565 5074 3615 5117 et
3645 5063 3715 5118 de

2134 5156 2423 5222 gentilibus
2449 5155 2647 5209 dictum
2692 5161 2794 5208 cst.
2838 5153 2951 5208 Non
2986 5169 3170 5222 parum
3199 5163 3379 5208 autem
3410 5152 3619 5206 confert
3646 5155 3712 5204 ad

2135 5250 2348 5304 illorum
2393 5248 2750 5316 arrogantiam
2781 5245 3262 5314 comprimendam,
3294 5259 3415 5299 eum
3457 5243 3588 5298 nihil
3627 5243 3714 5298 hic

2135 5342 2251 5410 plus
2285 5339 2514 5394 habeant
2545 5354 2703 5406 quam
2729 5337 2981 5406 gentiles,
3009 5336 3103 5390 sed
3135 5336 3296 5390 simul
3324 5335 3601 5390 tradantur
3628 5327 3716 5388 sc-

2135 5430 2369 5485 cundum
2413 5427 2602 5482 salutis
2631 5427 2874 5480 verbum.
2909 5426 3042 5480 Nam
3074 5425 3340 5479 obnoxius
3381 5426 3600 5494 proprie
3627 5424 3712 5480 di-

2134 5529 2286 5574 catur
2312 5519 2375 5584 is,
2401 5517 2488 5584 ιιιιί
2514 5531 2618 5569 non
2641 5516 2741 5570 sibi
2759 5515 2890 5569 satis
2909 5530 3029 5569 esse
3052 5515 3216 5583 possit
3233 5513 3298 5568 ad
3321 5515 3711 5578 defensionem,

2135 5610 2231 5661 sed
2257 5607 2474 5660 alterius
2501 5605 2736 5675 indigeat
2755 5619 2858 5674 ope
2879 5623 2891 5658 :
2914 5604 3088 5674 qualia
3118 5615 3271 5659 erant
3300 5615 3482 5660 nostra
3507 5621 3712 5672 omnia,

2134 5709 2258 5752 cum
2282 5710 2368 5766 ea,
2390 5710 2511 5767 qua:
2534 5695 2601 5751 ad
2630 5696 2854 5752 salutem
2885 5692 3184 5760 tenderent,
3209 5697 3596 5752 amisissemus.
3624 5692 3713 5748 20.

3263 5789 3348 5851 28
