4144 6146
539 278 648 335 ΜΞ

541 387 646 446 Per
675 390 830 460 legem
858 390 987 444 enim
1036 389 1252 462 cegnitio
1282 391 1491 458 peccati.
1523 386 1728 442 Rursus
1751 385 1803 438 in
1830 384 1999 451 legem
2033 380 2115 432 in-

542 482 676 547 silit,
705 480 983 535 remissius
1009 488 1219 541 tamcn;
1251 493 1426 548 neque
1464 478 1604 532 enim
1639 474 1691 530 id
1733 472 1877 545 quod
1920 471 2118 527 dicitur

547 573 720 642 legem
765 571 1011 637 incusat,
1059 571 1154 626 sed
1185 570 1492 624 Judamrum
1540 567 1802 637 ignaviam
1837 571 2114 621 :att'amen

546 664 632 720 bic
678 665 977 730 contendit,
1027 663 1154 733 quia
1180 661 1248 717 de
1276 661 1378 716 fide
1427 660 1744 732 loquuturus
1764 666 1867 723 est,
1896 656 2120 710 demon-

537 766 712 808 strare
745 755 916 823 legem
947 753 1104 808 valde
1133 753 1452 807 infirmatam
1483 763 1625 805 esse.
1665 747 1796 803 Nam
1824 748 1868 802 si
1898 746 1965 802 de
2001 747 2118 816 lege

539 844 812 913 gloriaris,
843 844 1049 914 inquit,‘
1087 844 1198 912 ipsa
1241 853 1292 897 te
1335 842 1504 912 magis
1533 841 1738 912 pudore
1779 837 1976 894 afﬁcit:
2002 837 2117 892 haec

539 947 757 1008 peccata
787 948 874 993 tua
904 937 1151 993 traducit.
1183 936 1379 991 Verum
1407 950 1521 990 non
1546 934 1623 989 ita
1645 948 1842 1003 aspere.
1860 930 2114 1001 loquitur,

539 1031 634 1086 sed
666 1031 892 1086 remisse
919 1044 1125 1093 rursus,
1162 1027 1262 1083 Per
1287 1028 1443 1100 legem
1471 1027 1602 1080 enim
1643 1025 1871 1094 cognitio
1903 1023 2112 1094 peccati.

540 1122 706 1192 igitur
731 1133 784 1177 et
809 1121 1128 1192 supplicium
1153 1120 1345 1190 majus,
1368 1118 1463 1174 sed
1485 1133 1516 1173 a
1540 1113 2112 1173 intimis-subeundum.

538 1215 670 1270 Nam
703 1216 786 1271 lex
810 1213 1023 1285 quidem
1051 1212 1102 1268 id
1131 1213 1329 1278 effecit,
1371 1219 1427 1266 ut
1457 1219 1737 1282 peccatum
1777 1206 1868 1261 tibi
1901 1205 2118 1276 patefie-

539 1316 650 1373 ret;
683 1315 828 1361 tuum
858 1315 973 1362 erat
1002 1304 1275 1375 effugere:
1307 1319 1430 1358 cum
1457 1316 1587 1357 vero
1618 1315 1722 1355 non
1753 1299 1973 1370 fugeris,
2004 1314 2115 1358 nta-

535 1398 623 1468 jus
652 1397 746 1452 tibi
773 1397 1035 1452 attraxisti
1065 1394 1409 1466 supplicium,
1441 1393 1682 1464 legisque
1703 1405 1837 1461 opus
1860 1390 2115 1448 viaticum

540 1488 634 1542 tibi
663 1488 761 1542 fuit
789 1488 854 1542 ad
888 1487 1144 1557 majorem
1179 1485 1458 1541 ultionem.

606 1581 660 1634 2.
699 1580 985 1648 Postquam
1031 1579 1191 1648 igitur
1223 1578 1466 1632 timorem
1508 1573 1675 1637 auxit,
1725 1581 1849 1626 tunc
1881 1585 1970 1636 ea,
1995 1584 2114 1638 quae

535 1673 602 1727 ad
632 1675 854 1743 gratiam
874 1679 1134 1740 Spectant,
1164 1669 1386 1734 inducit,
1412 1668 1636 1721 multum
1655 1665 1902 1734 ingerens
1931 1662 2119 1716 remis-

534 1765 704 1820 sionis
735 1774 1070 1833 peccatorum
1100 1760 1455 1824 desiderium;
1503 1767 1662 1828 atque
1697 1757 1804 1812 ait:
1833 1755 1926 1809 2|.
1962 1751 2114 1807 Nunc

532 1853 700 1912 autem
739 1859 848 1912 sine
893 1856 1001 1926 lege
1032 1855 1236 1925 justitia
1265 1851 1361 1910 Dei
1390 1851 1710 1920 manifestata
1749 1857 1842 1901 est.
1872 1846 2112 1915 Magnam

535 1951 620 2005 hic
650 1965 761 2004 rem
792 1948 1012 2020 profert,
1043 1947 1313 2015 multaque
1329 1943 1641 2014 probatione
1661 1937 2110 2011 epushabentem.

531 2040 585 2096 Si
615 2039 754 2095 enim
783 2041 839 2106 ii,
869 2039 958 2110 qui
992 2040 1043 2093 in
1073 2038 1188 2107 lege
1209 2037 1478 2099 vixerunt,
1498 2049 1603 2088 non
1623 2031 1781 2086 modo
1795 2030 2112 2100 supplicium

535 2148 640 2187 non
671 2131 997 2202 effugerunt,
1024 2129 1118 2184 sed
1147 2138 1200 2183 et
1225 2127 1456 2198 graviori
1501 2125 1652 2200 plexi
1679 2131 1821 2186 sunt,
1844 2122 2114 2193 quomodo

535 2235 709 2293 potest
753 2226 868 2278 sine
919 2223 1035 2293 lege
1083 2237 1188 2276 non
1235 2221 1395 2276 modo
1444 2219 1764 2290 supplicium
1808 2215 1989 2284 etl‘ugi,
2019 2215 2112 2270 sed

536 2315 698 2369 etiam
725 2313 928 2382 iustitia
961 2313 1198 2382 acquiri?
1226 2306 1339 2366 Duo
1367 2311 1453 2364 hic
1483 2323 1689 2365 summa
1722 2308 1917 2378 posuit,
1949 2317 2004 2361 et
2023 2306 2112 2376 ju-

535 2404 776 2471 stilicari,
810 2403 863 2459 et
889 2404 1005 2459 sine
1027 2404 1142 2476 lege
1175 2403 1287 2457 huic
1305 2403 1445 2459 bona
1463 2401 1694 2472 assequi.
1714 2399 1839 2456 ideo
1863 2414 1967 2454 non
1986 2400 2117 2454 sim-

537 2497 764 2563 pliciter,
789 2496 1023 2564 Justitia,
1058 2497 1228 2550 dixit:
1259 2494 1373 2560 sed,
1405 2492 1616 2548 Iustitia
1646 2491 1776 2556 Dei;
1802 2507 1831 2545 a
1860 2490 2114 2561 dignitate

537 2604 780 2658 persona:
808 2587 982 2657 majus
1010 2586 1297 2642 ostendens
1340 2586 1560 2651 donum,
1605 2593 1660 2639 et
1704 2582 2110 2653 promissionem

535 2681 741 2750 impleri
771 2694 930 2751 posse
955 2679 1329 2734 demonstrans
1351 2695 1365 2732 :
1386 2675 1560 2731 omnia
1591 2675 1787 2745 quippe
1817 2672 1916 2743 ipsi
1944 2671 2114 2742 possi-

534 2773 656 2827 bilia
685 2781 828 2828 sunt.
860 2770 1046 2842 Neque
1064 2770 1217 2838 dixit,
1241 2767 1365 2827 Data
1395 2779 1506 2835 est;
1529 2767 1646 2835 sed,
1671 2766 2003 2836 Manifestum
2018 2775 2109 2829 est,

533 2863 894 2918 innovationis
937 2863 1328 2918 accusationem
1361 2872 1613 2916 resecans
1635 2876 1648 2912 :
1671 2873 1795 2915 nam
1825 2855 1965 2927 quod
1994 2871 2110 2909 ma-

531 2956 837 3010 nifestatum
869 2963 969 3018 est,
999 2963 1053 3009 et
1080 2957 1232 3007 vetus
1252 2961 1305 3007 et
1332 2951 1704 3006 absconditum
1742 2949 1904 3004 fuisse
1929 2947 2108 3002 decla-

531 3058 704 3101 ratur.
745 3047 926 3116 Neque
953 3045 1052 3100 hoc
1077 3047 1273 3112 solum,
1306 3043 1400 3097 sed
1440 3045 1600 3098 etiam
1631 3042 1904 3111 sequentia
1932 3051 2110 3096 osten-

530 3139 662 3193 dunt
689 3137 791 3192 hoc
818 3152 1011 3192 novum
1041 3151 1145 3191 non
1174 3149 1314 3190 esse.
1343 3133 1478 3189 Cum
1507 3131 1911 3199 enimdixisset,
1941 3129 2110 3185 Muni-

529 3231 713 3295 festata
754 3238 847 3296 est,
879 3227 1170 3299 sul-junxit,
1205 3226 1496 3294 Testiﬁcata
1533 3242 1566 3279 ιι
1605 3225 1715 3296 lege
1741 3234 1789 3278 et
1829 3223 2104 3294 praphetis.

528 3321 760 3383 Etenim,
794 3334 861 3374 ne
890 3319 1012 3389 quia
1042 3333 1185 3374 nunc
1230 3317 1351 3371 data
1395 3324 1498 3382 est,
1541 3314 1730 3385 inquit,
1771 3329 1908 3370 neve
1953 3313 2106 3382 quasi

524 3427 615 3468 res
642 3428 777 3467 nova
801 3422 852 3467 et
883 3411 1163 3481 peregrina
1193 3410 1281 3471 sit,
1308 3408 1563 3469 turbt-ris;
1589 3406 1698 3476 jam
1726 3406 1851 3460 olim
1873 3406 2016 3461 enim
2041 3405 2106 3459 il-

525 3505 630 3558 lam
659 3513 710 3557 et
740 3503 822 3557 lex
854 3510 908 3557 et
929 3502 1206 3570 pr0phcta:
1237 3499 1618 3570 prmdixcrunt.
1651 3498 1715 3550 Et
1758 3498 1858 3552 alia
1890 3495 2103 3566 quidem

519 3594 632 3666 jam
658 3593 902 3661 probavit
923 3591 1025 3646 hoc
1045 3599 1382 3660 argumento,
1420 3589 1520 3642 alia
1555 3586 1871 3656 probaturus
1901 3595 2016 3651 est;
2049 3586 2100 3640 in

524 3684 889 3754 superioribus
909 3682 1166 3739 ‘Habaeuc
1193 3682 1462 3737 adducens
1489 3679 1794 3737 dicentem:
1824 3677 2008 3732 Justus
2041 3693 2106 3732 ex

522 3776 627 3845 ﬁde
651 3775 766 3829 vivit
811 3773 990 3846 (llam.
1026 3777 1070 3829 l.
1104 3775 1224 3845 l7);
1255 3774 1306 3828 in
1337 3772 1682 3843 sequentibus
1707 3786 1834 3826 vero
1854 3769 2101 3824 Abraha-

523 3882 669 3923 mum
699 3877 751 3921 et
783 3865 1052 3928 Davidem.
1091 3864 1160 3920 de
1188 3864 1378 3920 iisdem
1403 3879 1502 3918 nos
1537 3863 1884 3934 alloquentes.
1916 3860 2099 3930 Magna

521 3959 663 4013 ettim
691 3958 828 4029 apud
863 3958 981 4013 illos
1007 3957 1193 4012 barum
1228 3971 1574 4026 personarum
1601 3964 1727 4009 erat
1768 3953 2096 4014 auctoritas:

521 4051 608 4104 ille
631 4063 860 4120 namque
886 4058 1002 4104 erat
1031 4047 1331 4120 patriarcha
1355 4055 1410 4102 et
1439 4045 1717 4116 propheta,
1745 4043 1830 4100 hic
1851 4059 1983 4099 vero
2005 4060 2098 4098 rex

518 4151 569 4196 et
602 4142 983 4211 propheta:ac
1034 4141 1414 4212 promissiones
1442 4153 1655 4209 quoque
1699 4137 1782 4192 his
1830 4137 1897 4192 de
1939 4139 2098 4194 rebus

515 4235 746 4298 cmissm,
767 4233 831 4287 ad
851 4242 1135 4303 utrumque
1162 4231 1310 4287 facta:
1329 4231 1554 4287 fuerant.
1575 4230 1804 4300 ideoque
1819 4227 2097 4285 Matthmus

517 4323 861 4394 Evangelium
893 4323 1132 4388 ordiens,
1159 4323 1436 4378 amborum
1465 4323 1638 4392 primo
1663 4322 1990 4376 mentionem
2023 4321 2098 4373 la-

511 4416 605 4479 cit,
654 4431 717 4471 ac
745 4415 938 4471 deinde
970 4417 1164 4470 seriem
1204 4431 1267 4470 ac
1306 4415 1677 4485 progenitores
1705 4413 1940 4469 adducit.
1959 4411 2092 4468 Cum

506 4505 733 4560 dixisset
759 4509 925 4570 enim,
953 4503 1104 4559 Liber
1145 4505 1480 4576 generationis
1503 4504 1628 4559 Jesu
1664 4504 1852 4558 (.‘Itristi
1878 4502 2089 4576 (Matth.

508 4600 561 4652 1.
599 4596 689 4668 t);
719 4611 825 4651 non
852 4598 1183 4666 exspectavit
1201 4605 1258 4650 ut
1273 4604 1395 4663 post
1414 4593 1680 4649 Abraham
1699 4594 1925 4660 diceret,
1947 4594 2092 4650 Isaac

505 4697 560 4745 ct
591 4687 785 4753 Jacob;
819 4686 914 4741 sed
953 4701 1071 4742 cum
1104 4686 1408 4740 Abrahamo
1439 4683 1691 4740 Davidem
1737 4687 2090 4744 memoravit:

502 4779 756 4850 quodque
786 4777 1026 4832 mirabile
1052 4787 1153 4840 est.
1186 4789 1310 4834 ante
1339 4777 1698 4830 Abrahamum
1723 4775 1973 4832 Davidem
1995 4793 2091 4848 po-

507 4873 634 4938 suit,
670 4871 740 4927 ita
769 4871 955 4927 dicens
987 4888 1002 4924 :
1049 4869 1173 4925 Filii
1205 4869 1392 4932 David,
1427 4869 1523 4937 ﬁlii
1542 4868 1832 4934 Abraham;
1870 4881 1923 4926 et
1963 4879 2086 4927 tunc

503 4966 666 5035 rtepit
710 4971 1028 5048 enumerare
1058 4963 1224 5028 lsaae,
1270 4962 1448 5030 lacob,
1479 4971 1532 5017 et
1559 4971 1847 5032 sequentes
1873 4977 2083 5022 omnes.

502 5054 1141 5127 QuapropterApostolus
1183 5055 1267 5110 hic
1294 5055 1431 5110 illos
1477 5054 1786 5126 frequenter
1815 5067 1990 5111 versat
2031 5067 2085 5112 et

499 5151 663 5206 dicit:
692 5149 907 5204 Iustitia
937 5158 1104 5203 autem
1139 5147 1232 5203 Dei
1256 5148 1800 5203 testimoniumhabens
1827 5165 1859 5202 a
1901 5149 2008 5219 lege
2035 5158 2082 5202 et

498 5244 778 5314 prophetis.
807 5241 885 5298 Ne
909 5242 1031 5312 quis
1058 5257 1183 5296 vero
1206 5241 1439 5296 diceret:
1467 5241 1533 5295 Et
1552 5241 1642 5311 qui
1665 5241 1775 5294 fieri
1801 5248 1994 5309 potest,
2023 5248 2083 5292 ut

497 5351 618 5389 cum
649 5334 780 5388 nihil
803 5335 868 5388 ad
901 5348 1012 5388 rem
1047 5333 1371 5403 propositam
1414 5332 1821 5396 contulerimus,
1851 5333 2078 5388 salutem

497 5429 932 5500 consequamur?
952 5427 1210 5490 ostendit,
1239 5441 1339 5481 nos
1369 5441 1474 5480 non
1506 5440 1691 5496 parum
1715 5425 1780 5480 ad
1810 5439 1930 5480 eam
1963 5440 2076 5480 rem

496 5521 766 5587 conferre,
817 5520 974 5576 fidem
1020 5520 1294 5576 nimirum.
1351 5517 1481 5574 Cum
1523 5519 1749 5574 dixisset
1790 5535 1952 5588 ergo:
1981 5518 2071 5574 22.

1274 275 1332 332 Β.
1371 269 1650 330 J'O‘ANNIS
1682 263 2155 328 CllﬂYSOSTOMl
2194 264 2506 321 ARClllEP.
2549 265 3082 324 CONSTANTINOP.

3702 268 3811 334 ιη

2226 380 2586 450 pnerogativm
2618 395 2729 450 pne
2756 383 2968 437 emteris
3007 380 3232 449 habens,
3265 389 3471 437 etcum
3519 381 3655 438 orbe
3695 391 3811 438 toto

2225 480 2630 524 annumeratus.
2661 470 2726 526 Ut
2750 472 2913 541 igitur
2939 487 3004 524 ne
3025 470 3129 525 hoc
3162 472 3414 541 patiatur,
3440 471 3588 526 illum
3611 475 3814 532 sititor-0

2222 575 2407 615 rursus
2435 564 2698 632 reprimit,
2732 565 2967 619 addens':
3002 557 3178 635 Neque
3206 565 3341 618 enim
3384 574 3457 618 est
3499 565 3757 618 distinctio
3787 581 3806 620 :

2220 652 2311 705 23.
2343 671 2513 709 omnes
2555 656 2687 709 enim
2730 646 3079 725 peccaverant.
3123 656 3202 711 Ne
3247 657 3378 712 mihi
3429 657 3679 712 dixeris:
3712 657 3808 714 Ille

2222 742 2440 799 Grtecus
2483 755 2587 809 est,
2632 747 2720 801 ille
2747 747 2969 819 Scytha,
3013 749 3106 802 ille
3148 748 3361 804 Thrax:
3391 765 3581 806 omnes
3609 752 3834 822 quippe.

2221 833 2408 889 eadem
2437 837 2744 891 conditione
2769 848 2914 892 sunt.
2945 837 3169 896 Etiamsi
3203 840 3349 895 enim
3378 841 3548 911 legem
3575 857 3806 912 accepe-

2221 927 2323 992 ris,
2349 943 2511 983 unum
2545 919 2803 991 minuma
2847 932 2966 1002 lege
2995 933 3271 1002 accepisti,
3315 943 3372 988 ut
3401 942 3678 1004 peccatum
3713 951 3809 997 co-

2217 1034 2534 1088 gnosceres,
2565 1038 2670 1076 non
2702 1031 2758 1077 ut
2788 1023 2916 1079 illud
2951 1024 3180 1094 fugeres.
3206 1025 3404 1081 Deind’e
3427 1042 3497 1082 ne
3518 1028 3760 1084 dicerent
3790 1047 3805 1082 :

2219 1107 2272 1163 Si
2305 1111 2662 1178 peccavimus,
2695 1123 2745 1166 at
2779 1129 2884 1167 non
2919 1116 3140 1184 peri-nde
3160 1127 3323 1187 atque
3351 1116 3450 1183 iiii,
3481 1119 3803 1191 subjunxit-_:

2220 1196 2289 1254 Et
2309 1200 2648 1256 destituuntur
2686 1219 2716 1254 τι
2755 1202 2920 1274 gloria
2948 1204 3061 1263 Dei.
3106 1206 3288 1276 Itaque
3317 1208 3528 1265 etiamsi
3550 1225 3655 1264 non
3684 1220 3803 1265 tan-

2222 1299 2353 1356 tum,
2381 1301 2636 1362 quantum
2667 1293 2779 1359 alii,
2811 1297 3148 1364 peccaveris;
3179 1307 3412 1353 attamen
3440 1301 3660 1370 perinde
3680 1301 3800 1373 glo-
3881 1293 3884 1296 ’

2219 1384 2294 1437 ria
2324 1383 2582 1452 privaris;
2607 1400 2666 1440 es
2694 1386 2891 1456 quippe
2920 1403 2984 1442 ex
3014 1381 3401 1446 oll‘endentium
3427 1407 3686 1460 numero;
3709 1395 3807 1464 qui

2217 1485 2393 1528 autem
2417 1473 2657 1540 olfendit,
2691 1492 2795 1530 non
2839 1477 2978 1532 inter
3005 1478 3354 1548 glorificatos,
3400 1483 3497 1538 sed
3525 1484 3665 1540 inter
3697 1501 3798 1555 pu-

2217 1564 2348 1620 dore
2377 1565 2608 1622 sull'usos
2638 1569 2941 1625 censendus
2971 1581 3069 1627 est.
3109 1571 3302 1627 Verum
3331 1588 3400 1629 ne
3428 1575 3646 1641 timeas;
3681 1577 3808 1632 ideo

2216 1657 2356 1711 enim
2382 1656 2495 1714 hare
2509 1658 2640 1728 dixi,
2662 1675 2767 1716 non
2790 1670 2844 1716 ut
2869 1671 2918 1716 te
2938 1662 2989 1716 in
3008 1662 3434 1732 desperationem
3452 1667 3796 1737 conjicerem,

2217 1751 2308 1805 sed
2336 1760 2392 1804 ut
2431 1753 2524 1807 tibi
2553 1753 2760 1808 Domini
2808 1754 3188 1826 benignitatem
3219 1759 3582 1815 ostenderem.
3623 1762 3806 1829 Quare

2216 1842 2485 1901 subdidit:
2517 1845 2609 1902 24.
2651 1845 2932 1917 Justiﬁcati
2974 1849 3133 1919 gratis
3175 1867 3267 1919 per
3293 1853 3400 1921 ejus
3435 1853 3672 1922 gratiam,
3706 1871 3802 1923 per

2216 1937 2630 2007 redemptionem,
2658 1956 2771 2010 qua:
2797 1951 2870 1994 est
2897 1941 2950 1996 in
2974 1942 3174 1997 Christo
3193 1944 3338 2010 Iesu,
3366 1944 3455 2000 25.
3491 1962 3638 2014 quens
3671 1965 3797 2016 pro-

2217 2029 2383 2098 posuit
2411 2028 2551 2086 Deus
2589 2033 2995 2102 prapitiationem
3033 2053 3122 2104 per
3146 2037 3298 2105 fidem
3319 2039 3369 2091 iu
3393 2040 3637 2108 sanguine
3658 2041 3790 2110 ejus,

2214 2117 2271 2170 in
2297 2120 2634 2174 astensionem
2653 2122 2872 2192 justitise
2899 2124 3080 2194 ipsius.
3117 2125 3252 2184 Vide
3297 2137 3426 2197 quot
3452 2129 3798 2197 probationes

2215 2207 2402 2263 allerat
2433 2211 2596 2275 illius,
2629 2214 2769 2283 quod
2801 2214 2999 2270 dictum
3027 2225 3127 2271 est.
3147 2217 3328 2273 Primo
3351 2234 3380 2272 a
3398 2219 3654 2290 dignitate
3675 2238 3802 2292 per?

2215 2312 2395 2355 senae:
2419 2316 2532 2357 non
2552 2305 2692 2358 enim
2723 2305 2882 2360 homo
2919 2316 3003 2362 est
3045 2308 3108 2373 is,
3138 2310 3226 2379 qui
3269 2309 3384 2366 inec
3409 2310 3556 2377 facit,
3589 2323 3643 2368 ut
3663 2314 3796 2368 deti-

2215 2391 2351 2456 ciat;
2381 2391 2474 2448 sed
2509 2385 2650 2450 Deus
2677 2397 2769 2466 qui
2799 2399 2976 2452 omnia
3014 2407 3220 2468 potest:
3249 2400 3342 2455 Dei
3370 2413 3442 2456 est
3469 2403 3612 2459 enim
3633 2406 3796 2476 justi,

2214 2482 2306 2548 tia,
2353 2482 2540 2553 inquit.
2572 2483 2824 2542 Secundo
2851 2502 2878 2541 a
2912 2488 3028 2560 lege
3070 2498 3124 2544 et
3169 2491 3466 2561 prophetis,
3512 2510 3580 2548 ne
3625 2495 3790 2566 enim,

2213 2575 2354 2643 quod
2385 2576 2582 2646 Absque
2617 2578 2726 2650 lege
2751 2580 3006 2644 audieris,
3039 2581 3262 2638 timeas:
3293 2594 3416 2640 nam
3447 2587 3546 2656 ipsi
3591 2587 3691 2659 legi
3721 2589 3792 2644 ita
3833 2589 3842 2593 ’

2214 2667 2445 2722 videtur.
2471 2668 2672 2732 Tertio,
2705 2685 2734 2725 a
2765 2671 3047 2728 sacrificiis
3059 2673 3270 2730 Veteris
3289 2676 3615 2734 Testamenti
3638 2698 3651 2733 :
3675 2680 3796 2736 ideo

2216 2774 2444 2830 namque
2469 2761 2548 2818 sic
2569 2761 2723 2829 dixit,
2755 2764 2823 2818 In
2847 2767 3096 2837 sanguine
3123 2769 3254 2838 ejus,
3288 2768 3340 2824 in
3371 2781 3605 2826 mentem
3632 2789 3793 2827 revo-.

2211 2866 2340 2906 cans
2371 2852 2478 2908 illis
2507 2868 2636 2910 oves
2679 2855 2798 2910 illas
2826 2864 2881 2911 et
2908 2856 3125 2912 vitulos.
3175 2858 3291 2914 Etsi
3331 2862 3476 2916 enim
3514 2861 3792 2923 brutornm

2209 2942 2407 3009 (aedes,
2453 2943 2644 3014 inquit,
2695 2956 2911 3016 peccata
2957 2947 3258 3016 solvebant,
3304 2951 3476 3006 multo
3507 2953 3675 3024 magis
3706 2955 3794 3008 hic

2210 3038 2448 3108 sanguis.
2479 3038 2589 3094 Nec
2613 3035 2929 3111 simpliciter
2955 3043 3108 3107 dixit,
3135 3044 3548 3113 Liberationem,
3573 3048 3666 3102 sed
3694 3047 3792 3100 lic-

2209 3128 2580 3198 demptionem;
2611 3138 2668 3186 ut
2694 3147 2800 3186 non
2846 3132 2983 3188 ultra
3014 3133 3298 3190 redeamus
3338 3137 3391 3191 in
3433 3137 3579 3194 illam
3623 3139 3790 3208 ipsam

2209 3217 2521 3277 servitutem
2546 3240 2558 3274 :
2585 3233 2640 3278 et
2667 3223 2789 3279 ideo
2821 3235 2974 3280 vocat
3001 3227 3426 3298 propitiatiOnem,
3477 3230 3787 3296 ostendens,

2206 3312 2251 3366 si
2284 3322 2438 3382 typus
2468 3321 2665 3368 tantam
2695 3315 2801 3370 vim
2823 3315 3088 3384 habuerit,
3112 3320 3287 3375 multo
3308 3322 3474 3392 magis
3500 3324 3788 3385 veritatem

2208 3403 2263 3458 id
2287 3405 2644 3473 praestituram
2674 3421 2814 3462 esse.
2845 3409 2924 3464 Ac
2953 3424 3139 3464 rursus
3161 3408 3453 3468 ostendens
3483 3413 3534 3468 id
3562 3430 3665 3467 non
3690 3429 3788 3468 no~

2207 3513 2331 3552 vum
2366 3513 2462 3552 nec
2496 3514 2683 3554 recens
2721 3515 2864 3568 esse,
2911 3502 3006 3568 ait,
3060 3501 3355 3574 PrOposuit.
3405 3505 3472 3560 Et
3504 3515 3785 3576 postquam

2205 3589 2358 3652 dixit.
2399 3590 2678 3660 PrOposuit
2711 3590 2868 3654 Deus,
2913 3601 2969 3648 et
3005 3594 3241 3649 ostendit
3271 3594 3443 3652 Patris
3478 3612 3598 3652 esse
3625 3614 3784 3666 opus,

2206 3679 2343 3734 idem
2375 3681 2546 3750 ipsum
2575 3682 2814 3737 declarat
2837 3698 2958 3740 esse
2983 3683 3140 3740 Filii:
3165 3701 3284 3739 nam
3305 3685 3463 3742 Pater
3484 3688 3782 3757 proposuit,

2203 3773 2446 3830 Christus
2474 3789 2602 3830 vero
2630 3775 2681 3830 in
2711 3777 2970 3846 sanguine
2997 3791 3097 3832 suo
3123 3786 3291 3832 totum
3321 3779 3564 3849 perfecit.
3586 3780 3678 3837 26.
3712 3781 3786 3836 In

2202 3868 2532 3920 ostensionem
2551 3867 2770 3937 justitia:
2791 3884 2913 3922 saw.
2954 3866 3091 3936 Quid
3123 3878 3237 3936 est,
3265 3870 3499 3926 ostensio
3519 3870 3741 3940 justitiae
3759 3874 3786 3926 1

2203 3957 2271 4014 Ut
2293 3959 2594 4014 divitiarum
2623 3959 2881 4024 ostensio,
2903 3945 3166 4030 quatenus
3194 3975 3297 4016 non
3328 3961 3439 4032 ipse
3464 3962 3786 4019 solusdives

2200 4050 2290 4114 sit,
2319 4049 2412 4104 sed
2439 4050 2579 4106 alios
2595 4066 2810 4120 quoque
2840 4050 3043 4106 divites
3063 4051 3284 4114 reddat;
3312 4063 3369 4108 et
3394 4055 3517 4108 vita:
3549 4055 3777 4127 pariter,

2199 4141 2340 4210 quod
2372 4156 2477 4196 non
2510 4143 2624 4212 ipse
2652 4145 2801 4198 solus
2825 4145 2988 4211 vivat,
3012 4142 3105 4198 sed
3143 4146 3306 4199 etiam
3333 4156 3576 4201 mortuos
3607 4146 3781 4199 viviti-

2197 4244 2312 4299 cet;
2338 4244 2393 4289 et
2412 4236 2720 4306 potestatis,
2735 4237 2875 4307 quod
2902 4251 3014 4292 non
3032 4237 3144 4307 ipse
3164 4238 3334 4293 solum
3363 4248 3550 4310 potens
3570 4239 3658 4301 sit,
3681 4239 3776 4294 sed

2196 4326 2356 4379 etiam
2400 4327 2643 4381 inﬁrmos
2688 4328 3031 4382 corroboret:
3059 4329 3135 4383 sic
3175 4337 3230 4384 et
3275 4331 3514 4385 ostensio
3555 4330 3778 4400 justiti-ae

2195 4428 2301 4484 est,
2329 4417 2471 4488 quod
2501 4433 2605 4474 non
2632 4420 2778 4473 solus
2805 4419 2919 4488 ipse
2941 4420 3016 4473 sit
3036 4420 3234 4489 justus,
3264 4421 3357 4476 sed
3381 4423 3542 4476 etiam
3570 4423 3703 4476 alios
3721 4423 3777 4482 in

2194 4509 2426 4579 peccatis
2451 4517 2754 4578 corruptos,
2783 4510 2960 4564 statim
2985 4509 3161 4579 iustos
3193 4510 3373 4566 faciat.
3401 4511 3514 4567 Hoc
3542 4513 3701 4582 igitur
3719 4525 3776 4567 et

2194 4602 2308 4671 ipse
2337 4601 2717 4669 interpretans,
2750 4600 3025 4668 subjunxit
3052 4616 3173 4670 qua:
3209 4599 3280 4655 sit
3313 4603 3586 4658 ostensio:
3615 4601 3682 4657 Ut
3707 4604 3776 4656 sit

2191 4693 2302 4761 ipse
2320 4693 2510 4762 justus,
2535 4701 2584 4745 et
2603 4691 2898 4761 justi/icon:
2921 4706 3056 4756 enin,
3080 4691 3165 4760 qui
3186 4700 3256 4746 est
3281 4708 3344 4746 ex
3366 4694 3469 4762 ﬁde
3492 4693 3640 4749 Iesu.

2261 4784 2313 4838 5.
2343 4781 2420 4837 Ne
2449 4781 2626 4851 itaque
2667 4781 2880 4837 dubites
2908 4798 2922 4835 :
2951 4796 3061 4835 non
3104 4781 3337 4837 enim-ex
3367 4785 3636 4852 operibus,
3672 4786 3771 4841 sed

2189 4890 2253 4929 ex
2285 4874 2407 4929 tide.
2443 4873 2624 4943 Neque
2652 4889 2683 4926 a
2711 4873 2802 4927 Dei
2825 4873 3028 4943 justitia
3054 4872 3225 4944 fugias
3265 4891 3280 4927 :
3309 4874 3505 4943 duplex
3535 4874 3677 4929 enim
3707 4877 3775 4930 il-

2188 4965 2288 5020 lius
2315 4964 2508 5020 bonum
2530 4973 2633 5028 est,
2662 4963 2803 5032 quOd
2836 4962 3082 5018 videlicet
3103 4973 3158 5018 et
3187 4965 3306 5019 leve
3334 4963 3423 5028 sit,
3445 4973 3500 5019 et
3519 4965 3773 5021 omnibus

2189 5057 2536 5127 propositum.
2577 5055 2653 5110 Ne
2695 5063 2748 5108 te
2794 5055 3011 5124 pudeat,
3062 5069 3160 5110 nec
3201 5055 3492 5110 erubescas
3523 5073 3536 5108 :
3566 5070 3687 5110 nam
3721 5057 3769 5110 si

2186 5149 2301 5217 ipse
2329 5148 2429 5202 hoc
2466 5147 2641 5202 facere
2668 5146 2984 5210 ostenditur,
3027 5155 3082 5201 et
3115 5154 3171 5200 ut
3200 5146 3272 5200 ita
3296 5145 3493 5208 dicam,
3533 5156 3766 5204 ostentat

2184 5253 2266 5304 se,
2293 5249 2345 5292 et
2375 5235 2472 5292 sibi
2503 5237 2815 5308 gratulatur,
2846 5237 3118 5308 quomodo
3145 5247 3198 5292 tu
3222 5237 3497 5292 erubescis
3520 5249 3574 5294 et
3596 5247 3648 5293 te
3673 5255 3767 5292 oc-

2181 5330 2373 5394 cultas,
2417 5330 2468 5383 in
2511 5346 2614 5399 qua
2665 5345 2725 5384 re
2770 5329 3028 5384 Dominus
3074 5340 3194 5384 tuus
3239 5329 3768 5400 glorificatur?Cum

2180 5437 2309 5493 ergo
2338 5423 2598 5477 erexisset
2621 5421 2918 5476 auditorem
2940 5421 3173 5477 dicendo
3193 5436 3276 5484 ea.
3299 5437 3419 5492 (ιο-ὐ
3447 5422 3582 5476 facta
3609 5431 3759 5486 sunt,

2179 5529 2300 5572 esse
2320 5515 2678 5570 ostensionem
2704 5514 2927 5583 iustitiae
2965 5515 3079 5578 Dei,
3110 5528 3318 5569 rursum
3350 5528 3565 5584 segnem
3588 5521 3644 5567 et
3673 5528 3770 5568 re-

495 5608 706 5664 Iustitia
751 5611 866 5675 Dei,
915 5611 1140 5677 addidit,
1172 5611 1276 5666 Per
1311 5611 1484 5680 fidem,
1526 5611 1582 5663 in
1627 5626 1796 5664 omnes
1837 5618 1885 5664 et
1925 5625 2076 5679 super
2175 5614 2452 5661 cusantem
2475 5605 2666 5658 timore
2686 5604 2752 5659 ad
2776 5603 3136 5660 accedendum
3164 5604 3409 5672 impellit,
3440 5603 3522 5658 his
3542 5602 3760 5657 verbis:

499 5717 666 5756 manes
687 5703 771 5772 qui
788 5703 1023 5758 credunt.
1059 5703 1262 5760 Rursus
1289 5702 1376 5758 hic
1402 5702 1646 5757 turbatur
1671 5700 1908 5768 Iudaeus,
1935 5700 2067 5756 nihil

2177 5695 2395 5770 Propter
2423 5697 2763 5754 retttissionem
2787 5698 3177 5770 pra'cedcntium
3199 5705 3543 5768 peccatorum.
3571 5694 3767 5752 Videts‘
