4122 6150
461 316 566 372 H5

452 426 706 499 ἀνωτέρω
758 427 854 498 μὲν
898 425 1105 494 λέγων,
1153 421 1256 477 Διὰ
1304 422 1412 492 γὰρ
1454 420 1640 487 νόμου
1693 412 2013 482 ἐπίγνωσις

450 516 771 585 ἁμαρτίας,
823 513 961 584 μετὰ
1005 510 1176 565 ταῦτα
1214 510 1308 571 δέ,
1347 509 1429 561 ὅτι
1468 505 1692 568 Πάντες
1727 501 2013 569 ἥμαρτον,

454 581 689 657 ἒνει-αῦθα
737 601 795 655 δὲ
826 581 1218 673 σφοδρότερον.
1278 596 1413 650 Οὐδέ
1453 594 1562 664 7&9
1605 588 1759 650 εἶπε,
1803 585 1901 639 Διά
1944 581 2016 635 τά

455 691 864 763 ἁμαρτήματα,
910 672 1079 749 ἀλλὰ,
1131 684 1235 739 Διὰ
1283 683 1398 749 τὴν
1444 680 1721 749 πάρεσιν,
1765 672 2017 763 τουτέστι

456 758 550 848 τὴν
576 758 884 847 νέκρωσιν.
934 774 1135 827 Οὐκέτι
1178 772 1289 841 7&9
1338 768 1523 838 ὑγείας
1569 765 1721 827 ἐλπὶς
1763 758 1853 833 ῆν,
1903 758 2018 812 ἀλλ’

454 847 641 935 ὥσπερ
668 864 826 934 σῶμα
873 861 1184 933 παραλυθέν
1224 860 1324 929 τῆς
1368 856 1573 912 ἀνωθεν
1605 853 1775 906 ἐδεῖτο
1806 847 2017 921 χειρόςε

454 934 723 1004 οὕτωκαὶ
751 952 783 1022 ή
817 950 962 1021 ψυχὴ
1005 946 1362 1021 νεκρωθεῖσα.
1397 944 1508 997 Καὶ
1539 942 1599 994 τὸ
1623 940 1688 1008 δὴ
1720 934 2024 1008 χαλεπώτε-

460 1057 572 1110 ρον,
607 1041 744 1110 ὅπερ
773 1020 841 1091 ἐν
870 1036 1025 1103 τάξει
1070 1036 1186 1096 θεὶς
1226 1032 1425 1096 αίτίας,
1477 1029 1716 1083 δείκνυσι
1750 1023 1934 1094 μεῖζον
1963 1020 2022 1074 δν

458 1106 848 1196 κατηγόρημα.
875 1124 940 1176 Τί
973 1123 1031 1177 δὲ
1072 1121 1228 1175 τοῦτό
1258 1122 1408 1184 ἐστι;
1438 1117 1512 1171 T0
1546 1119 1601 1170 ἐν
1629 1117 1695 1185 τῇ
1722 1113 1890 1181 ἀνοχῇ
1927 1106 2021 1162 τοῦ

458 1212 593 1265 Θεοῦ
630 1212 728 1283 τὴν
770 1211 1002 1282 πάρεσιν
1034 1208 1385 1279 γεγενῆσθαι.
1427 1204 1560 1259 Οὐδὲ
1598 1201 1708 1270 γάρ
1751 1200 1818 1254 ἂν
1848 1199 2024 1267 ἔχοιτε

459 1299 658 1364 εἰπεῖν,
706 1299 893 1367 φησιν,
937 1298 1020 1351 ὅτι
1061 1297 1162 1349 ούκ
1203 1291 1547 1348 άπελαύσατε
1583 1286 1785 1356 πολλῆς
1829 1283 2026 1352 ἀνοχῆς

461 1386 555 1440 καὶ
596 1385 986 1457 χρηστότητος.
1023 1384 1097 1436 Τὸ
1126 1383 1215 1446 δέ,
1255 1382 1358 1435 Ἔν
1389 1377 1468 1444 τῷ
1507 1376 1625 1430 νῦν
1666 1372 1883 1441 καιρῷ,
1927 1368 2025 1438 τὴν

460 1456 662 1544 πολλὴν
706 1471 1011 1534 δεικνύντος
1051 1470 1200 1524 ἐστὶν
1230 1467 1429 1538 ἀνοχὴν
1471 1464 1567 1519 καὶ
1600 1456 2024 1532 φιλανθρωπίαν.

463 1561 594 1614 Ὅτε
639 1560 747 1631 7&9
797 1557 1254 1628 ἀπεγνώσθημεν,
1289 1553 1445 1625 φησὶ,
1476 1551 1572 1605 καὶ
1599 1547 1792 1618 καιρὸς
1817 1543 2028 1612 ἀποφά-

464 1664 600 1712 σεως
622 1644 711 1718 ἦν,
740 1647 834 1701 καὶ
858 1644 1069 1717 ηὐξήθη
1099 1645 1167 1703 τὰ
1199 1643 1365 1702 κακὰ.
1410 1640 1506 1695 καὶ
1544 1634 1942 1706 ἐπληρώθησαν
1971 1631 2027 1683 αἱ

464 1733 747 1803 ἁμαρτίαι,
792 1732 912 1785 τότε
940 1730 1039 1802 τὴν
1068 1728 1266 1784 ἐαυτοῦ
1307 1727 1535 1796 δύναμιν
1568 1720 1900 1786 ἐπεδείξατο,
1942 1718 2029 1770 ἵνα

465 1819 642 1890 μάθῃς
669 1819 809 1888 πόση
838 1818 971 1889 παρ’
990 1816 1140 1887 αύτῷ
1163 1815 1263 1885 τῆς
1290 1809 1634 1879 δικαιοσύνης
1659 1811 1693 1880 ἡ
1723 1806 2027 1875 περιουσία.

463 1905 597 1958 Ούδέ
626 1903 738 1976 γὰρ
779 1906 836 1958 ἐν
865 1904 1006 1976 ἀρχῇ
1050 1901 1340 1972 γενόμενον
1370 1897 1529 1951 τοῦτο
1552 1894 1694 1948 οὕτω
1720 1890 2032 1962 θαυμαστὸν

462 1992 529 2046 ἂν
547 1993 722 2062 ἐφάνη
748 1992 841 2045 καὶ
865 1989 1186 2061 παράδοξον,
1222 1987 1298 2050 ώς
1319 1984 1437 2049 νῦν,
1473 1985 1561 2037 ὅτε
1587 1981 1765 2051 πάσης
1793 1978 2033 2050 ἰατρείας

465 2079 769 2151 ἐξηλέγχθη
812 2079 1012 2150 τρόπος
1028 2090 1079 2130 ι.
1122 2074 1248 2129 Ποῦ
1292 2068 1406 2128 οὖν
1450 2070 1489 2137 ἡ
1525 2069 1861 2138 καύχησις;
1901 2065 2033 2127 Ἔξ-

464 2150 792 2233 εκλείσθη,
842 2164 997 2235 φησί.
1026 2161 1129 2216 Διὰ
1159 2161 1334 2214 ποίου
1379 2157 1604 2226 νόμου;
1648 2150 1768 2207 τῶν
1808 2151 2034 2220 ἔργων-ς

470 2254 640 2322 Οὐχί,
675 2255 837 2309 ἀλλὰ
872 2253 970 2306 διὰ
993 2253 1182 2319 νόμου
1207 2249 1484 2312 πίστεως.
1515 2243 1692 2306 Πολὺς
1722 2242 1750 2293 δ
1781 2239 1931 2309 ἀγὼν
1956 2238 2036 2309 τῷ

468 2341 668 2411 Παύλῳ
692 2340 886 2407 δεῖξαι,
928 2340 1013 2393 ὅτι
1052 2335 1310 2390 τοσοῦτον
1348 2334 1383 2404 ὴ
1425 2330 1606 2394 πίστις
1635 2330 1873 2398 ἴσχυσεν,
1914 2325 2037 2379 ὅσον

469 2428 592 2481 οὐδὲ
639 2408 951 2497 ἐφαντάσθη
983 2423 1115 2477 ποτέ
1160 2424 1191 2476 ὁ
1235 2420 1419 2495 νόμος.
1472 2415 1690 2486 Ἐπειδὴ
1723 2414 1831 2486 7&9
1860 2408 2035 2477 εἶπεν,

469 2515 552 2567 ὅτι
579 2514 833 2567 δικαιοῖὸ
857 2511 990 2575 Θεὸς
1030 2509 1122 2564 τὸν
1165 2507 1452 2579 ἄνθρωπον
1483 2506 1591 2559 ἀπὸ
1627 2503 1726 2572 τῆς
1766 2502 2002 2562 πίστεως
2022 2536 2038 2561 ,

472 2599 905 2671 ἐπιλαμϐάνεται
930 2598 1024 2653 τοῦ
1054 2596 1221 2667 νόμου
1270 2593 1452 2648 πάλιν.
1485 2592 1597 2645 Καὶ
1623 2591 1685 2644 ού
1719 2588 1899 2657 λέγει,
1931 2586 2041 2640 Ποῦ

473 2684 565 2742 οὖν
597 2689 666 2742 τά
693 2687 1093 2758 κατορθώματα
1120 2683 1229 2737 τῶν
1264 2681 1567 2744 Ίουδαίων;
1615 2676 1718 2732 ποῦ
1757 2679 1791 2747 ή
1835 2675 2042 2728 δικαιο-

474 2775 715 2847 πραγία;
748 2773 905 2836 ἀλλά,
939 2773 1063 2827 Ποῦ
1094 2772 1134 2839 ἠ
1169 2770 1502 2840 καύχησις;
1529 2765 1804 2837 πανταχοῦ
1832 2763 2045 2824 δεικνὺς

477 2860 989 2932 μεγαληγοροῦντας
1047 2858 1207 2929 μόνον
1261 2856 1336 2920 ὼς
1389 2855 1551 2907 πλέον
1613 2871 1667 2906 τι
1716 2851 1823 2906 τῶν
1871 2849 2046 2905 ἄλλων

470 2950 717 3020 ¹ἓίχοντας,
749 2949 846 3002 καὶ
881 2946 1046 3018 μηδὲν
1092 2943 1568 3013 ἐπιδεικνυμένους
1609 2939 1791 3011 ἔργον.
1820 2935 1932 2991 Καὶ
1966 2937 2046 2988 εί-

479 3037 616 3100 πὼν,
647 3036 769 3090 Ποῦ
801 3030 915 3090 οὖν
967 3035 1005 3101 ἡ
1045 3033 1378 3100 καύχησις;
1407 3030 1509 3082 οὐκ
1540 3023 1716 3088 εἶπεν,
1743 3022 2047 3092 Ἠφανίσθη

474 3122 575 3175 καὶ
614 3121 895 3183 ἀπώλετο,
944 3118 1057 3173 ἀλλ’
1129 3115 1509 3182 Ἐξεκλείσθη
1533 3152 1550 3178 ,
1604 3114 1741 3184 ὅπερ
1792 3110 2049 3181 ἀκαιρίας

483 3209 685 3281 μᾶλλόν
720 3210 896 3262 ἐστιν’
933 3206 1117 3260 οὐκέτι
1160 3202 1268 3275 γάρ
1298 3202 1412 3273 ἔχει
1452 3200 1662 3271 καιρόν.
1693 3199 1904 3268 Ὥσπερ
1940 3196 2050 3268 γὰρ

478 3298 581 3368 τῆς
625 3297 861 3369 κρίσεως
905 3293 1242 3364 ἐπιστάσης,
1285 3289 1469 3344 οὐκέτι
1507 3287 1700 3360 καιρὸν
1750 3286 1965 3357 ἔχουσιν
2000 3285 2051 3337 οί

486 3385 818 3456 μετανοῆσαι
863 3382 1214 3453 βουλόμενοι·
1256 3377 1400 3430 οὕτω
1444 3377 1540 3429 καὶ
1582 3376 1681 3445 τῆς
1724 3372 2052 3442 ἀποφάσεως

483 3471 856 3542 ἐξενεχθείσης
890 3469 1098 3531 λοιπὸν,
1121 3467 1216 3520 καί¹
1246 3467 1460 3519 πάντων
1495 3462 1796 3533 μελλόντων
1817 3460 2050 3515 ἀπόλλυο

488 3558 643 3620 σθαι,
678 3559 771 3610 καὶ
802 3554 1249 3627 παραγενομένου
1281 3552 1375 3605 τοῦ
1404 3550 1578 3604 ταῦτα
1610 3549 1797 3619 χάριτι
1836 3547 2056 3611 λύοντος

476 3646 555 3717 ¹’τὰ
595 3644 762 3707 δεινά,
806 3642 990 3695 οὐκέτι
1020 3640 1210 3711 καιρὸν
1255 3636 1400 3710 εἶχον
1443 3639 1638 3691 ἐκεῖνοι
1684 3634 2055 3706 προϐαλέσθαι

487 3733 588 3802 τὴν
625 3731 734 3784 ἀπὸ
762 3728 857 3782 τοῦ
887 3729 1054 3799 νόμου
1085 3727 1391 3800 διόρθωσιν.
1415 3726 1479 3779 Εί
1506 3724 1614 3796 γάρ
1647 3724 1812 3796 ἐχρῆν
1844 3722 2056 3794 ίσχυρί-

491 3818 681 3884 ζεσθαι
725 3814 956 3879 τούτοις,
987 3814 1093 3887 πρὸ
1117 3813 1222 3885 τῆς
1249 3812 1552 3883 παρουσίας
1577 3811 1774 3882 ἐχρῆνο
1808 3809 2060 3873 ἐλθόντος

490 3907 548 3959 δὲ
585 3905 682 3959 τοῦ
715 3905 805 3959 διά
847 3904 949 3974 τῆς
981 3904 1218 3965 πίστεως
1246 3891 1529 3966 σώζοντος,
1564 3899 1802 3969 ἀνῄρητο
1826 3898 2060 3951 λοιπδνὸ

491 3993 600 4046 τῶν
629 3991 855 4061 ἀγώνων
887 3989 1077 4062 καιρός
1098 4010 1111 4021 ο
1136 3990 1211 4053 ὼς
1239 3988 1347 4058 γάρ
1374 3986 1750 4058 ἐληλεγμένων
1781 3985 2058 4046 ἁπάντων,

492 4079 636 4134 οὓτω
666 4082 732 4150 τῇ
764 4079 948 4150 χάριτι
976 4077 1160 4142 σώζει.
1184 4075 1274 4128 Διὸ
1311 4075 1405 4129 καὶ
1436 4074 1530 4128 νῦν
1553 4067 1735 4145 ἦλθεν,
1760 4072 1846 4125 ἵνα
1877 4071 1950 4141 μὴ
1974 4070 2061 4124 λέ⁹

492 4183 664 4236 γωσιν
685 4165 806 4221 ’Ἔν
832 4166 974 4239 ἀρχῇ
1016 4163 1481 4235 παραγενομένου,
1515 4162 1596 4216 ὅτι
1621 4159 1845 4215 δυνατὸν
1882 4154 1950 4231 ἦν
1974 4158 2064 4212 διὰ

495 4254 660 4324 νόμου
689 4253 948 4325 σωθῆναι,
976 4251 1070 4305 καὶ
1097 4252 1279 4314 πόνοις
1301 4249 1523 4313 οἰκείοις
1543 4249 1634 4302 καὶ
1654 4245 2062 4318 κατορθώμασι.

497 4341 713 4412 Ταύτην
753 4336 847 4395 οὖν
889 4339 1253 4408 ἐπιστομίζων
1294 4335 1472 4391 αὐτῶν
1522 4334 1618 4406 τὴν
1660 4331 2066 4404 ἀναισχυντίαν,

495 4427 683 4498 ἔμεινε
705 4427 896 4499 χρόνον
926 4426 1117 4489 πολὺν,
1143 4424 1284 4479 ὥστε
1312 4420 1453 4493 μετά
1471 4421 1532 4475 τὸ
1562 4420 1652 4474 διὰ
1670 4419 1821 4492 [487]
1849 4419 2068 4473 πάντων

498 4514 824 4588 ἐλεγχθῆναι
853 4513 1040 4582 σαφῶς
1055 4514 1156 4566 οὐκ
1178 4509 1483 4580 ἀρκοῦντας
1495 4510 1733 4570 ἑαυτοῖς,
1750 4507 1874 4561 τότε
1896 4505 2070 4559 σώσαι

500 4603 590 4657 διὰ
626 4603 728 4674 τῆς
755 4601 920 4656 αὐτοῦ
946 4602 1191 4672 χάριτος.
1216 4598 1316 4661 ⁸Διὸ
1341 4597 1436 4650 καὶ
1461 4594 1718 4665 ἀνωτέρω
1749 4593 1944 4662 λέγων,
1968 4595 2072 4658 Εἲς

496 4689 767 4753 ἔνδειξιν
791 4686 901 4755 τῆς
927 4685 1339 4751 δικαιοσύνης,
1371 4682 1671 4752 ἐπήγαγεν,
1722 4680 1820 4733 Ἐν
1846 4678 1928 4745 τῷ
1956 4678 2075 4734 νῦν

501 4774 708 4844 καιρῷ.
757 4775 821 4828 Ei
862 4774 918 4828 δέ
950 4773 1290 4840 -άντιλέγοιέν
1343 4785 1523 4831 τινες,
1563 4766 1758 4822 ταυτὸν
1806 4765 2073 4830 ποιοῦσιν,

501 4862 699 4933 ὥσπερ
719 4860 785 4915 ἂν
808 4860 861 4914 εί
890 4877 974 4923 τις
1003 4859 1215 4931 μεγάλα
1235 4852 1573 4927 ἡμαρτηκὼς
1598 4850 1694 4907 καὶ
1725 4852 1801 4923 μὴ
1828 4850 2075 4922 δυνηθεὶς

509 4948 957 5020 ἀπολογήσασθαι
979 4949 1038 5001 ἐν
1064 4947 1418 5016 δικαστηρίῳ,
1438 4941 1574 4998 ἀλλά
1599 4939 1954 5013 κατακριθεὶς
1981 4938 2077 4993 καὶ

512 5037 839 5103 κολάζεσθαι
892 5034 1102 5106 μέλλων
1127 5073 1142 5100 ,
1195 5029 1315 5087 εἶτα
1371 5030 1480 5086 άπὸ
1529 5030 1736 5100 δωρεᾶς
1794 5026 2079 5098 βασιλικῆς

514 5121 760 5190 ἀφεθεὶς,
791 5117 1173 5189 ἁναισχυντοίη
1198 5114 1335 5186 μετὰ
1361 5114 1462 5186 τὴν
1482 5114 1677 5181 ἄφεσιν
1702 5110 2078 5181 καυχώμενος,

515 5205 611 5261 καὶ
647 5204 821 5272 λέγων
857 5202 1023 5273 μηδὲν
1061 5198 1462 5270 ἡμαρτηκέναι.
1508 5195 1646 5267 Πρὶν
1687 5195 1720 5266 ἢ
1760 5195 1870 5264 γὰρ
1908 5192 2082 5246 ἐλθεῖν

514 5290 613 5358 τὴν
655 5286 884 5359 δωρεὰν,
919 5284 1195 5351 ἀποδεῖξαι
1238 5281 1377 5336 ἔδειο
1414 5280 1675 5349 ἐλθούσης
1730 5279 1807 5340 δὲ,
1856 5278 1956 5330 οὐκ
2016 5277 2084 5331 ἂν

518 5372 628 5441 ἔχοι
673 5358 864 5441 καιρὸν
906 5365 1212 5437 καυχᾶσθαι
1258 5364 1462 5418 λοιπόν.
1495 5365 1561 5416 Ὃ
1603 5363 1668 5432 δὴ
1713 5362 1808 5414 καὶ
1851 5358 2085 5413 ἐπὶτῶν

531 5454 800 5509 Ἰουδαίων
833 5453 1077 5523 γέγονεν.
1110 5448 1326 5520 Ἐπειδὴ
1350 5448 1460 5518 γάρ
1482 5446 1692 5501 οἴκοθεν
1722 5441 1862 5516 ἦσαν
1894 5444 2086 5514 προδε-

519 5536 757 5605 δομένοι,
789 5536 878 5590 διὰ
903 5534 1063 5590 τοῦτο
1084 5532 1475 5605 παραγέγονεν,
1502 5529 1652 5596 αύτῷ
1676 5527 1753 5598 τῷ
1780 5527 2085 5597 παραγενέ-

525 5618 649 5671 σθαι
675 5617 773 5687 τὴν
794 5618 1062 5688 καύχησιν
1084 5615 1345 5684 ἀναιρῶν.
1363 5614 1422 5667 Ὀ
1446 5612 1554 5683 7&9
1575 5611 1748 5681 λέγων
1772 5609 2090 5670 διδάσκαλος

527 5695 666 5751 εἶναι
708 5699 936 5765 νηπίων,
983 5699 1078 5751 καὶ
1130 5697 1189 5748 ἐν
1236 5696 1314 5766 τῷ
1356 5696 1507 5766 νόμῳ
1556 5692 1941 5762 καυχώμενος,
1998 5691 2094 5743 καί

530 5780 821 5849 παιδευτὴν
843 5781 1093 5849 ἀφρόνων
1112 5780 1302 5832 ἐαυτὸν
1326 5778 1629 5847 ὀνομάζων,
1647 5775 1848 5845 ὁμοίως
1866 5773 2096 5835 ἐκείνοις

600 5909 624 5939 ⁸
656 5906 811 5965 Unus,
837 5909 914 5954 ὅτε
937 5912 1026 5962 πᾶς
1045 5908 1248 5970 ἰατρείας
1267 5909 1513 5970 ἐξηλέγχθη
1538 5907 1721 5969 τρόπος.

1152 312 1207 367 S.
1248 305 1535 364 JOANNIS
1571 292 2049 359 CIIRYSOSTOMI

2154 290 2423 348 IHZIIIEP.
2465 284 3013 345 CONSTANTINOP.

3583 271 3687 327 αθ

2118 408 2327 476 δεηθεὶς
2370 405 2462 459 τοῦ
2514 403 2821 467 διδάξαντος
2868 398 2963 453 καὶ
2998 394 3270 455 σώσαντος
3293 433 3306 455 ,
3342 387 3441 442 οὐκ
3484 386 3550 442 ἂν
3579 386 3694 455 ἔχοι

2120 472 2212 547 τοῦ
2248 491 2557 563 καυχᾶσθαι
2591 489 2880 558 πρόφασιν.
2917 484 2981 536 Εἰ
3010 481 3119 551 γὰρ
3148 478 3240 531 καὶ
3287 476 3394 548 πρὸ
3439 474 3631 527 τούτου
3661 472 3698 541 ή

2122 559 2391 652 περιτομὴ
2441 574 2777 648 ἀκροϐυστία
2825 570 3060 639 ἐγένετο,
3107 563 3288 652 πολλῷ
3334 561 3537 634 μᾶλλον
3562 559 3662 614 νῦν

2121 648 2215 720 καὶ
2251 648 2360 736 7&9
2390 663 2449 729 ἐξ
2480 663 2754 732 ἑκατέρων
2786 651 3151 725 ἐκϐέϐληταιιι
3188 652 3297 705 τῶν
3341 648 3571 718 καιρῶν.
3601 648 3700 701 El—

2122 754 2239 807 πὼν
2267 734 2359 815 δέ,
2393 754 2476 806 ὅτι
2514 748 2905 815 Ἐξεκλείσθη
2930 782 2946 807 ,
2979 741 3220 795 δείκνυσι
3251 737 3348 792 καὶ
3392 736 3532 799 πῶς.
3574 734 3701 797 Πῶς

2120 836 2214 894 οῦν
2249 836 2562 906 ἐξεκλείσθη
2584 874 2597 895 ,
2629 832 2794 904 φησί;
2826 830 2931 884 Διὰ
2968 828 3145 881 ποίου
3178 825 3404 893 νόμου;
3449 821 3570 876 τῶν
3600 820 3701 889 ἕρ-

2123 943 2244 996 ¹χθων
2260 942 2278 990 ;
2303 923 2471 992 Οὐχί,
2502 921 2664 977 ἀλλὰ
2692 918 2788 973 διὰ
2808 918 2998 986 νόμου
3027 912 3307 978 πίστεως.

2193 1112 2254 1166 δ’.
2304 1110 2433 1164 Ἰδοὺ
2458 1110 2553 1163 καὶ
2574 1108 2670 1178 τὴν
2697 1106 2878 1159 πίστιν
2902 1103 3065 1174 νόμον
3090 1099 3366 1159 ἐκάλεσεν,
3394 1093 3700 1167 ἐμφιλοχω-

2126 1201 2234 1272 ρών
2265 1203 2376 1261 τοῖς
2394 1198 2670 1268 ὀνόμασιν,
2697 1195 2837 1247 ὥστε
2863 1188 3302 1261 παραμυθεῖσθαι
3319 1186 3416 1255 τὴν
3438 1182 3704 1248 δοκοῦραν

2126 1269 2267 1341 εἶναι
2295 1285 2665 1355 καινοτομίαν.
2699 1282 2794 1344 Τίς
2823 1280 2879 1333 δέ
2910 1280 2938 1331 ὁ
2976 1276 3076 1346 τῆς
3106 1275 3343 1336 πίστεως
3374 1271 3575 1341 νόμος;
3603 1269 3701 1322 Διά

2126 1375 2351 1444 χάριτος
2385 1370 2677 1435 σώζεσθαι.
2707 1365 2971 1421 Ἐνταῦθα
3000 1363 3061 1416 τὸ
3091 1360 3313 1416 δυνατὸν
3337 1357 3579 1411 δείκνυσι
3608 1355 3703 1408 τοῦ

2127 1442 2286 1524 Θεοῦ,
2317 1461 2400 1514 ὅτι
2436 1460 2498 1513 ού
2534 1458 2694 1527 μόνον
2720 1455 2957 1519 ἔσωσεν,
2993 1448 3131 1505 ἀλλὰ
3158 1449 3253 1502 καί⁵
3289 1445 3576 1498 ἐδικαίωσε
3611 1442 3704 1496 καὶ

2129 1549 2210 1612 είς
2244 1546 2515 1617 καύχησιν
2544 1544 2743 1615 ἤγαγε,
2782 1541 2878 1595 καὶ
2923 1537 3044 1593 ούδέ
3086 1536 3269 1606 ἔργων
3297 1531 3534 1601 δεηθεὶς,
3569 1528 3706 1583 ἀλλὰ

2132 1635 2315 1689 πίστιν
2357 1616 2603 1702 ζητήσας
2638 1629 2818 1701 μόνον.
2853 1625 3039 1679 Ταῦτα
3068 1624 3125 1676 δέ
3151 1622 3320 1690 λέγει,
3364 1620 3461 1672 καὶ
3492 1616 3582 1671 τδν
3611 1633 3706 1668 πι-

2133 1722 2435 1777 στεύσαντα
2471 1717 2723 1771 Ἰουδαῖον
2765 1710 3075 1785 μετριάζειν
3105 1704 3567 1780 παρασκευάζων,
3610 1701 3737 1755 καὶκ

2131 1809 2224 1863 τὸν
2262 1809 2338 1879 μὴ
2371 1803 2740 1859 πιστεύσαντα
2777 1796 3196 1860 καταστέλλων,
3239 1794 3378 1847 ὥστε
3417 1791 3575 1844 αὐτὸν
3609 1789 3704 1855 ἐφσ

2133 1873 2482 1955 ελκύῄσασθαι.
2527 1892 2588 1943 Ὀ
2625 1889 2723 1960 μέν
2751 1887 2860 1958 γὰρ
2889 1884 3100 1946 σωθεὶς,
3139 1881 3205 1936 ἂν
3236 1880 3375 1951 μέγα
3411 1880 3579 1947 ’,φρονῇ
3623 1873 3706 1944 τῷ

2134 1984 2282 2054 νόμῳ
2310 1981 2616 2053 προσέχων,
2646 1976 2938 2036 ἀκούσεται
2963 1974 3046 2027 ὅτι
3076 1970 3239 2033 αὐτὸς
3260 1966 3421 2022 αὑτοῦ
3443 1965 3503 2018 τὸ
3528 1964 3704 2034 στόμα

2137 2050 2452 2143 ἐνέιρραίξεν,
2486 2050 2651 2128 αύτδς
2696 2062 2860 2118 αὑτοῦ
2906 2059 3308 2130 κατηγόρησεν,
3339 2053 3498 2115 αὐτὸς
3536 2050 3706 2105 αὐτοῦ

2136 2136 2537 2228 τὴνσωτηρίαν
2562 2150 2933 2222 ἀπηγόρευσε,
2968 2147 3065 2200 καὶ
3095 2145 3157 2197 τδ
3183 2141 3445 2212 καύχημα
3471 2136 3711 2201 ἐξέκλει-

2141 2223 2251 2299 σένο
2272 2246 2301 2298 ι
2323 2223 2481 2312 δὲμὴ
2519 2238 2816 2300 πιστεύσας
2846 2234 3029 2299 πάλιν,
3054 2231 3143 2285 διά
3163 2229 3275 2284 τῶν
3303 2226 3481 2282 αὐτῶν
3507 2223 3713 2277 τούτων

2138 2306 2519 2392 ταπεινωθεὶς,
2537 2323 2917 2396 προσαχθῆναι
2938 2322 3005 2391 τῇ
3032 2320 3211 2373 πίστει
3236 2316 3545 2385 δυνήσεται.
3563 2306 3716 2372 Εἶδες

2143 2421 2282 2489 πόση
2314 2417 2414 2486 τῆς
2442 2414 2681 2486 πίστεως
2720 2414 2755 2483 ή
2786 2407 3107 2480 περιουσία;
3138 2403 3257 2466 πῶς
3294 2401 3570 2468 ἀπέστησε
3604 2399 3716 2450 τῶν

2143 2485 2465 2577 προτέρων,
2531 2499 2666 2570 μηδέ
2719 2495 3027 2567 καυχᾶσθαι
3089 2491 3175 2546 ἐπ’
3236 2490 3422 2551 αὐτοῖς
3481 2485 3716 2553 ἀςεῖσας

2145 2575 2503 2666 Λογιζόμεθα
2555 2586 2670 2646 οὖν
2723 2588 2923 2641 πίστει
2968 2582 3345 2638 δικαιοῦσθαι
3401 2575 3720 2643 ἄνθρωπον

2145 2661 2321 2753 χωρίς
2352 2661 2541 2750 ἔργων
2571 2677 2783 2745 νόμου.
2818 2673 2951 2727 Ὅτε
3000 2669 3197 2735 ἔδειξεν
3226 2664 3532 2735 ἀνωτέρους
3560 2661 3719 2721 δντας

2429 2746 2685 2825 πίστεως
2726 2762 2833 2815 τῶν
2876 2757 3165 2821 Ἰουδαίων,
3202 2754 3323 2809 τότε
3357 2750 3542 2806 λοιπὸν
3581 2746 3721 2819 μετά

2149 2836 2369 2926 πολλῆς
2392 2855 2492 2923 τῆς
2524 2850 2836 2923 παρρησίας
2865 2847 2963 2901 καὶ
3009 2843 3137 2915 περὶ
3179 2839 3351 2908 αὐτῆς
3391 2836 3719 2904 διαλέγεται,

2149 2945 2245 2999 καὶ
2286 2919 2351 2997 τὸ
2375 2919 2566 2996 δοκοῦν
2607 2919 2845 2992 ἐνταῦθα
2889 2931 3162 3003 θορυϐεῖν,
3205 2927 3366 2981 πάλιν
3398 2925 3565 2979 ἰᾶται.
3612 2919 3724 2974 Καὶ

2152 3033 2262 3102 γὰρ
2283 3029 2376 3084 δύο
2399 3027 2575 3082 ταῦτα
2604 3024 2673 3078 τά
2698 3022 3037 3094 ταράττοντα
3064 3013 3132 3088 ῆν
3169 3011 3486 3076 Ἰουδαίους,
3509 3009 3567 3062 ἐν
3602 3007 3724 3077 μέν,

2152 3095 2202 3174 ἐι
2223 3095 2349 3180 τοὺς
2379 3114 2497 3187 μετ’
2524 3113 2702 3184 ἔργων
2721 3110 2796 3181 μὴ
2821 3108 3092 3168 σωθέντας
3117 3100 3340 3157 δυνατὸν
3361 3097 3528 3171 χωρὶς
3547 3095 3725 3167 ἔργων

2156 3182 2427 3273 σωθῆναι*
2472 3182 2658 3271 ἔτερον
2696 3197 2789 3263 δὲ,
2833 3196 2884 3248 εί
2930 3193 3057 3255 τοὺς
3099 3186 3472 3259 ἀκροϐύστους
3517 3182 3727 3236 δίκαιον

2152 3295 2261 3350 τῶν
2306 3288 2486 3346 αὐτῶν
2522 3285 2828 3342 ἀπολαῦσαι
2872 3284 2987 3345 τοῖς
3030 3280 3088 3332 ἐν
3116 3276 3355 3345 τοσούτῳ
3387 3272 3563 3344 χρόνῳ
3604 3286 3729 3322 συνο

2155 3383 2412 3455 τραφεῖσι
2441 3377 2518 3448 τῷ
2548 3377 2731 3447 νόμιμ’
2786 3374 2815 3426 ὃ
2861 3369 3041 3440 πολλῷ
3084 3365 3179 3420 τοῦ
3230 3363 3495 3436 προτέρου
3528 3357 3731 3431 μᾶλλον

2157 3471 2352 3541 αὐτοὺς
2380 3465 2728 3536 ἐξετάραττε.
2756 3461 2854 3515 Διά
2889 3456 3049 3513 τοῦτο
3076 3456 3253 3509 ἐκεῖνο
3291 3445 3729 3510 κατασκευάσας,

2158 3558 2252 3612 ἐπί
2278 3555 2440 3611 τοῦτο
2465 3553 2652 3607 λοιπὸν
2686 3550 2911 3617 ἔξεισιν·
2945 3547 3080 3615 ὅπερ
3118 3540 3291 3603 οὕτως
3318 3535 3570 3608 ἐθορύϐει
3605 3534 3732 3596 τοὺς

2172 3643 2483 3707 ’Ῐουδαίῦυςν
2522 3641 2599 3703 ὼς
2642 3637 2739 3692 καὶ
2773 3634 2969 3702 Πέτρῳ
3005 3628 3142 3700 μετά
3171 3627 3270 3698 τὴν
3315 3625 3496 3678 πίστιν
3529 3620 3734 3690 ταύτης

2161 3730 2348 3783 ’ένεκεν
2385 3704 2677 3794 ἐγκαλέσαι
2704 3721 2803 3791 τῆς
2828 3716 3159 3777 ὑποθέσεως,
3187 3709 3489 3783 Κορνηλίου
3511 3707 3603 3763 κα)⁵
3625 3704 3736 3759 τῶν

2162 3818 2284 3871 κατ’
2312 3815 2473 3871 αὐτὸν
2502 3812 2688 3866 ἔνεκεν
2720 3804 3083 3880 πραγμάτων.
3126 3801 3193 3853 Τί
3235 3794 3328 3852 οῦν
3357 3812 3522 3869 φησι;
3567 3800 3739 3864 Λογι-

2165 3906 2377 3975 (cipe/Ia
2426 3898 2540 3958 οὖν
2577 3901 2778 3954 πίστει
2811 3893 3186 3950 δικαιοῦσθαι
3224 3885 3374 3960 [488]
3426 3885 3741 3953 ἄνθρωπον

2168 3968 2344 4063 χωρίς
2372 3990 2561 4059 ἔργων
2585 3988 2795 4054 νόμου.
2820 3984 2934 4036 Οὐκ
2956 3976 3109 4032 εἶπεν
3143 3975 3417 4040 Ἰουδαῖον,
3446 3971 3480 4040 ἦ
3510 3970 3602 4024 τὸν
3633 3968 3741 4022 ὑπὸ

2289 4055 2459 4144 νὸμὸν
2483 4074 2633 4132 δντα,
2667 4071 2781 4126 ἀλλ’
2814 4064 3095 4133 ἐξαγαγὼν
3135 4062 3230 4116 τὸν
3257 4060 3415 4128 λόγον
3456 4059 3537 4119 είς
3575 4055 3742 4126 εὐρυ-

2170 4164 2409 4237 χωρίαν,
2451 4163 2545 4216 καὶ
2592 4164 2657 4232 τῇ
2708 4156 3005 4228 οίκουμένῃ
3053 4154 3153 4214 τὰς
3187 4150 3356 4221 θύρας
3388 4144 3606 4210 ἀνοίξας
3641 4144 3744 4213 τῆς

2173 4233 2465 4325 σωτηρίας.
2493 4250 2677 4320 φησὶν,
2706 4247 3069 4313 Ἄνθρωπον,
3097 4239 3157 4294 τὸ
3188 4236 3368 4292 κοινὸν
3396 4234 3498 4304 τῆς
3524 4233 3746 4302 φύσεως

2170 4319 2345 4411 ὄνομα
2387 4338 2520 4400 θείς.
2560 4319 2703 4389 Εἶτα
2748 4332 2857 4387 ἀπὸ
2897 4329 3086 4384 τούτου
3128 4324 3313 4379 λαϐὼν
3349 4320 3627 4411 ἀφορμὴν,
3670 4319 3745 4389 μὴ

2174 4404 2428 4482 τεθεῖσαν
2459 4422 2734 4479 ἀντίθεσιν
2769 4420 2907 4473 λύει.
2950 4415 3169 4485 Ἐπειδὴ
3198 4412 3306 4482 7&9
3330 4410 3476 4472 είκὸς
3502 4404 3590 4480 ἦν
3611 4407 3748 4459 ἰου-

2173 4516 2355 4577 δαίους
2385 4511 2763 4571 ἀκούσαντας,
2806 4507 2890 4559 ὅτι
2937 4502 3116 4557 πάντα
3163 4499 3451 4570 ἄνθρωπον
3486 4497 3521 4565 ἡ
3565 4493 3749 4554 πίστις

2177 4601 2395 4664 δικαιοῖ,
2417 4594 2790 4667 δυσχεραίνειν
2811 4591 2909 4646 καὶ
2935 4584 3400 4651 σκανδαλίζεσθαι,
3432 4582 3711 4652 ἐπήγαγεν
3728 4590 3745 4608 ·

2179 4690 2247 4742 Ἢ
2275 4665 2570 4742 Ἰουδαίων
2587 4665 2627 4737 ’ἀ
2654 4681 2800 4747 Θεὸς
2826 4679 3054 4748 μόνον;
3079 4675 3155 4740 ώς
3185 4674 3251 4728 ἂν
3280 4674 3329 4726 εί
3355 4671 3543 4739 ἔλεγε’
3575 4666 3673 4720 Διά
3697 4665 3751 4718 τι

2179 4773 2287 4845 γάρ
2311 4788 2391 4826 σοι
2419 4769 2580 4824 τοῦτο
2605 4769 2806 4823 ἄτοπον
2833 4762 2973 4819 εἶναι
2998 4764 3166 4826 δοκεῖ,
3183 4759 3244 4813 τδ
3267 4759 3443 4827 πάντα
3467 4754 3752 4825 ἄνθρωπον

2183 4840 2488 4926 σώζεσθαι;
2531 4856 2604 4927 μὴ
2646 4856 2755 4925 γὰρ
2785 4852 3011 4925 μερικός
3039 4851 3188 4903 ἐστιν
3217 4848 3247 4900 ὁ
3275 4845 3442 4911 Θεός;
3471 4844 3536 4897 ἐκ
3560 4840 3752 4895 τούτου

2182 4925 2417 5011 δεικνὺς,
2459 4925 2542 4999 ὅτι
2569 4925 2882 5015 βουλόμενοι
2911 4941 3022 5002 τοῖς
3048 4932 3259 4990 ἔθνεσιν
3282 4930 3632 5003 ἐπηρεάζειν,
3657 4925 3754 4980 τοῦ

2185 5033 2323 5088 Θεοῦ
2349 5032 2447 5103 τὴν
2471 5031 2629 5097 δόξαν
2653 5028 2717 5081 λυ
2727 5026 3006 5100 μαίνονται
3040 5021 3260 5096 μᾶλλον,
3280 5020 3333 5075 εί
3349 5035 3413 5089 γε
3441 5017 3517 5090 μὴ
3541 5031 3758 5085 συγχωο

2189 5123 2331 5192 ροῖεν
2360 5101 2520 5173 αύτδν
2549 5118 2765 5172 πάντων
2793 5109 2932 5168 εἶναι
2965 5112 3119 5166 Θεόν.
3158 5110 3224 5165 El
3253 5108 3311 5162 δέ
3349 5108 3567 5162 πάντων
3615 5101 3757 5165 ἐστὶ,

2188 5190 2285 5261 καὶ
2328 5209 2636 5277 προνοεῖται
2679 5202 2930 5256 πάντων·
2977 5201 3027 5252 εί
3076 5198 3131 5252 δὲ
3179 5196 3490 5266 προνοεῖται
3515 5190 3758 5249 πάντων,

2190 5273 2401 5355 πάντας
2442 5291 2642 5362 ὁμοίως
2689 5288 2852 5352 σώζει
2887 5285 2977 5340 διὰ
3023 5284 3121 5354 τῆς
3159 5282 3418 5344 πίστεως.
3471 5276 3570 5331 Διά
3605 5273 3765 5328 τοῦτό

2192 5396 2383 5451 φησιν’
2423 5359 2494 5432 Ἦ
2529 5376 2823 5432 Ἰουδαίων
2862 5377 2894 5428 ό
2933 5372 3076 5437 Θεὸς
3114 5370 3342 5439 μόνονς
3383 5365 3520 5434 οὐχί
3565 5362 3636 5415 δὲ
3666 5359 3768 5451 καί

2193 5420 2416 5530 ἔδνώνξ
2438 5420 2592 5518 ⁵δίιίῖ
2979 5420 3068 5511 ί).ύὶ
3379 5470 3444 5524 με
3454 5420 3624 5521 ρἰκδς,
3662 5441 3769 5530 ιῇοι
3782 5420 3802 5470 λ

2193 5555 2243 5607 οί
2283 5527 2555 5622 Ἐλλήνων
2590 5549 2748 5621 μῦθοι
2775 5587 2790 5612 ,
2834 5546 2968 5600 ἀλλὰ
2998 5543 3175 5605 κοινὸς
3224 5541 3482 5596 ἁπάντων
3522 5535 3619 5622 καὶ
3647 5527 3765 5622 εἷςς

2194 5639 2276 5693 διὸ
2307 5636 2400 5691 καὶ
2426 5615 2621 5702 ἐπάγει
2640 5650 2653 5664 ·
2696 5632 2971 5699 Ἐπείπερ
3007 5625 3096 5695 εἷς
3124 5630 3157 5682 ὁ
3182 5628 3346 5692 Θεός.
3396 5621 3706 5684 Τουτέστιν,
3736 5615 3771 5673 ὁ

2201 5725 2362 5788 αὐτὸς
2398 5723 2492 5776 καὶ
2520 5721 2725 5774 τούτων
2751 5717 3018 5772 κάκείνων
3042 5712 3342 5784 Δεσπότης.

2269 5901 2295 5939 ιι
2323 5898 2473 5949 Morel
2484 5935 2492 5943 .
2504 5934 2517 5958 ,
2542 5898 2781 5960 βέϐληται.
