4122 6150
467 374 577 437 M5

469 500 631 560 quam
661 482 971 554 frequenter
996 478 1104 537 illis
1129 486 1345 551 peccata
1376 475 1431 533 iu
1461 474 1773 532 memoriam
1801 466 2056 560 revocet?

472 558 726 650 superius
754 573 967 646 quidem
1008 587 1130 628 eum
1158 570 1332 627 dicit:
1368 567 1471 625 Per
1511 567 1671 639 legem
1697 564 1832 620 enim
1861 558 2056 632 peccati

473 669 729 742 cognitio;
774 673 958 737 postea
990 677 1142 729 vero,
1194 662 1328 728 Quia
1364 676 1537 716 omnes
1571 662 1939 728 peccaverunt;
1970 651 2058 706 hic

474 771 652 816 autem
682 754 1078 813 vehementius.
1107 752 1222 808 Non
1253 751 1398 806 enim
1426 749 1581 815 dixit,
1609 748 1835 817 Propter
1870 757 2059 815 pecca-

475 862 526 906 ta
550 867 567 917 ;
589 849 709 917 sed,
739 847 956 917 Propter
989 844 1377 907 relaxationem,
1410 841 1514 896 hoc
1537 849 1642 907 est,
1670 847 1892 909 propter
1915 850 2060 891 mor-

475 941 843 998 tiﬁcationem.
873 936 991 996 Non
1018 936 1162 993 enim
1189 934 1328 989 ultra
1356 945 1483 1003 spes
1507 930 1754 987 sanitatis
1783 937 1933 995 erat;
1961 925 2058 983 sed

474 1032 628 1106 quasi
656 1046 856 1101 corpus
884 1027 1235 1100 paralyticum
1275 1038 1507 1095 superna
1532 1023 1727 1096 egebat
1750 1037 1909 1078 manu
1940 1039 1956 1078 :
1982 1021 2061 1076 sic

476 1134 532 1180 et
555 1124 733 1179 anima
755 1119 1094 1177 mortiﬁcata.
1115 1116 1377 1186 Quodque
1399 1114 1612 1185 gravius
1636 1121 1740 1183 est,
1766 1122 1821 1170 et
1843 1110 1984 1183 quod
2005 1110 2059 1167 iu

478 1229 639 1272 causa
668 1227 790 1270 esse
816 1211 968 1277 dicit,
990 1211 1251 1280 majorem
1276 1207 1672 1263 accusationem
1700 1206 1893 1262 mereri
1920 1204 2061 1260 indi-

478 1318 586 1364 cat.
631 1305 770 1375 Quid
816 1303 945 1360 illud
991 1302 1114 1360 est?
1141 1298 1296 1368 Quod
1336 1298 1388 1352 in
1420 1297 1700 1354 tolerantia
1732 1297 1824 1353 Dei
1855 1295 1944 1351 illa
1972 1309 2059 1350 re-

482 1397 668 1454 missio
693 1398 830 1453 facta
865 1396 959 1451 sit.
989 1394 1173 1464 Neque
1214 1389 1358 1446 enim
1382 1387 1564 1445 dicere
1590 1388 1835 1459 potestis,
1868 1387 2059 1457 inquit,

482 1504 580 1544 vos
607 1501 713 1542 non
739 1485 963 1541 multam
991 1482 1327 1540 tolerantiam
1365 1496 1429 1535 ac
1468 1478 1846 1550 benignitatem
1876 1484 2076 1537 nactos.

485 1593 627 1635 esse.
661 1575 792 1632 Illud
819 1584 1019 1642 autem,
1065 1574 1130 1630 In
1171 1576 1405 1646 praesenti
1427 1584 1668 1645 tempore,
1696 1570 1815 1641 ejus
1838 1577 1941 1633 est,
1973 1565 2065 1638 qui

487 1684 732 1740 magnam
762 1667 1102 1723 tolerantiam
1133 1678 1187 1722 et
1214 1666 1606 1722 humanitatem
1633 1660 1897 1719 exhibuit.
1928 1658 2064 1715 Cum

486 1762 631 1816 enim
674 1760 726 1815 in
756 1757 1184 1828 desperationem
1206 1758 1310 1813 acti
1333 1768 1598 1822 essemus,
1630 1752 1821 1824 inquit,
1852 1765 1917 1806 ac
1940 1762 2067 1805 seu-

491 1854 669 1910 tcntize
692 1860 904 1922 tempus
932 1849 1164 1917 adesset,
1193 1851 1441 1921 malaque
1460 1856 1617 1909 aucta
1645 1851 1826 1901 essent
1851 1857 1916 1898 ac
1939 1856 2069 1913 pec-

488 1957 605 2001 cata
633 1943 701 2000 ad
722 1944 995 1999 cumulum
1019 1941 1429 1999 ascendissent:
1461 1950 1587 1997 tunc
1615 1938 1706 1994 ille
1751 1943 2072 2008 potestatem

490 2052 639 2092 suam
664 2034 927 2101 exhibuit,
959 2033 1218 2089 ut'discas
1243 2041 1437 2104 quanta
1464 2030 1603 2102 apud
1647 2030 1796 2086 illum
1825 2029 1896 2084 sit
1911 2025 2071 2097 justi-

493 2130 581 2183 πίω
605 2126 780 2197 copia.
812 2125 997 2196 Neque
1023 2126 1169 2182 enim
1200 2124 1352 2193 illud,
1398 2125 1444 2180 si
1487 2125 1540 2179 in
1569 2123 1829 2194 principio
1874 2121 2071 2177 factum

497 2219 702 2282 fuisset,
735 2226 842 2272 tam
879 2217 1075 2272 mirqu
1104 2231 1169 2273 ac
1209 2215 1531 2288 stupendum
1561 2216 1732 2271 visum
1778 2215 1985 2278 fuisset,
2017 2220 2077 2267 ut

498 2324 659 2370 nunc.
688 2323 810 2364 cum
834 2306 1111 2363 medicina:
1138 2307 1315 2362 omnis
1335 2308 1525 2363 modus
1548 2316 1830 2377 superatus
1853 2313 1956 2362 est.
1980 2303 2072 2360 27.

502 2402 599 2459 Ubi
621 2402 777 2474 igitur
796 2401 1031 2472 gloriatio
1050 2400 1077 2455 .’
1103 2400 1329 2456 Exclusa
1354 2410 1447 2465 est,
1478 2400 1670 2471 inquit.
1694 2398 1800 2455 Per
1823 2415 1977 2469 quam
1999 2398 2077 2454 le-

492 2495 652 2572 gem?
677 2494 966 2565 factorum?
994 2491 1115 2548 Non
1137 2510 1158 2560 ;
1186 2493 1276 2549 sed
1304 2509 1394 2563 per
1411 2493 1570 2564 legem
1589 2492 1733 2564 fidei.
1761 2490 2079 2563 Maguopere

500 2588 706 2644 laborat
743 2585 941 2641 Paulus
981 2593 1041 2640 ut
1079 2582 1351 2652 ostendat,
1382 2591 1589 2639 tantum
1615 2583 1852 2638 valuisse
1892 2582 2075 2649 ﬁdem,

499 2686 755 2750 quantum
776 2678 860 2733 lex
879 2691 1167 2747 numquam
1185 2676 1267 2732 vel
1285 2676 1562 2747 imaginari
1584 2676 1776 2746 potuit.
1795 2676 2080 2746 Postquam

501 2773 645 2827 enim
669 2769 825 2837 dixit,
854 2768 1000 2840 quod
1030 2769 1174 2825 Deus
1208 2768 1480 2825 hominem
1506 2768 1765 2839 justiﬁcet
1790 2783 1821 2824 a
1847 2766 1973 2835 ﬁde,
2001 2767 2081 2824 le-

502 2876 621 2931 gem
645 2874 828 2917 rursus
851 2859 1092 2915 assumit.
1134 2859 1318 2929 Neque
1342 2859 1509 2916 dicit:
1544 2859 1645 2916 Ubi
1674 2873 1805 2930 ergo
1830 2859 2084 2928 praelara

504 2953 809 3008 Judaeorum
853 2951 1054 3020 Opera?
1082 2950 1170 3007 ubi
1210 2950 1436 3018 iustitiae
1463 2949 1815 3007 exercitium?
1835 2950 1951 3016 sed,
1987 2948 2086 3033 Ubi

506 3043 780 3115 gloriatio?
803 3043 998 3112 ubique
1041 3041 1333 3098 ostendens
1362 3041 1485 3097 illos
1521 3056 1644 3097 sese
1687 3039 1969 3112 magniﬁce
1999 3040 2087 3111 ja-

507 3143 735 3199 ctantes,
763 3134 913 3204 quasi
942 3133 1068 3204 quid
1097 3133 1214 3204 plus
1235 3133 1496 3189 haberent
1522 3148 1679 3205 quam
1706 3133 1828 3201 alii;
1854 3133 1947 3188 sed
1970 3133 2089 3188 uul-

506 3230 621 3283 lum
650 3241 785 3298 opus
811 3227 1066 3296 proferre.
1098 3227 1177 3282 Ae
1201 3242 1323 3282 eum
1345 3226 1570 3283 dixisset
1594 3246 1607 3282 :
1639 3225 1737 3283 Ubi
1757 3243 1875 3297 ergo
1893 3226 2088 3297 gloria-

513 3321 623 3375 tio?
650 3335 752 3375 non
781 3318 1054 3390 respondit
1080 3335 1095 3372 :
1127 3319 1400 3376 Abseessit
1424 3328 1478 3374 et
1504 3318 1694 3389 periit;
1724 3319 1840 3384 sed,
1865 3318 2090 3375 Exclusa

511 3422 619 3466 est:
648 3409 787 3481 quod
808 3418 956 3464 extra
986 3418 1196 3479 tempus
1219 3424 1372 3465 suum
1393 3424 1514 3466 esse
1533 3409 1751 3467 denotat
1776 3426 1791 3475 ;
1818 3426 1923 3467 non
1952 3412 2088 3467 ultra

510 3500 650 3555 enim
697 3508 907 3569 tempus
946 3498 1063 3570 ejus
1109 3509 1211 3554 est.
1263 3498 1332 3556 Ut
1360 3499 1503 3555 enim
1533 3499 1853 3558 adveniente
1890 3501 2092 3571 judicio

513 3610 617 3646 nou
652 3591 787 3646 ultra
821 3600 1034 3660 tempus
1075 3589 1273 3646 habent
1312 3590 1368 3657 ii,
1399 3591 1491 3662 qui
1522 3592 1890 3661 pmnitentiam
1933 3607 2093 3663 agere

512 3684 753 3738 vellent:
795 3681 875 3738 sic
918 3681 1183 3738 sententia
1222 3680 1446 3751 demum
1486 3683 1711 3753 prolata,
1750 3698 1873 3739 cum
1904 3699 2092 3740 omnes

513 3775 734 3845 perituri
761 3783 964 3841 essent,
1012 3774 1210 3842 illeque
1242 3773 1568 3842 advenisset,
1595 3775 1686 3844 qui
1714 3775 1851 3830 mala
1882 3775 1969 3830 illa
1997 3790 2094 3844 per

515 3867 735 3937 gratiam
764 3866 1070 3922 sublaturus
1094 3877 1244 3931 erat;
1276 3879 1382 3920 non
1412 3866 1548 3921 ultra
1567 3875 1774 3936 tempus
1794 3865 2096 3922 habuerunt

518 3957 615 4024 illi,
644 3966 701 4012 ut
724 3956 1154 4013 emendationem
1180 3972 1246 4013 ex
1269 3957 1387 4028 lege
1409 3955 1703 4022 faciendam
1719 3956 2092 4014 obtenderent.

515 4049 569 4103 Si
596 4048 739 4102 enim
764 4047 1092 4118 oportuisset
1117 4046 1202 4102 his
1220 4061 1280 4103 se
1298 4046 1643 4115 conﬁrmare,
1670 4046 1727 4102 id
1748 4055 1874 4103 ante
1896 4046 2097 4104 adven-

518 4148 627 4191 tum
653 4137 770 4208 ejus
798 4137 993 4192 factum
1021 4138 1259 4207 oportuit
1291 4155 1304 4192 :
1335 4138 1583 4196 veniente
1622 4147 1800 4194 autem
1845 4139 1961 4204 illo,
2004 4140 2095 4210 qui

520 4244 612 4298 per
641 4228 798 4284 fidem
825 4236 1026 4296 servat,
1056 4229 1322 4284 sublatum
1352 4229 1564 4286 tandem
1589 4239 1707 4286 erat
1742 4232 2096 4287 certaminum

523 4332 774 4392 tempus:
816 4329 1005 4390 utpote
1048 4322 1194 4376 enim
1242 4321 1532 4378 confutatis
1561 4323 1834 4389 omnibus,
1882 4324 1962 4379 sie
2002 4338 2099 4394 per

517 4411 740 4481 gratiam
767 4412 995 4468 salutem
1031 4410 1143 4468 dat.
1175 4411 1513 4482 Quapropter
1555 4428 1698 4468 nunc
1724 4413 1815 4469 ille
1845 4415 2008 4480 venit,
2043 4423 2100 4471 ut

521 4518 587 4556 ne
613 4502 877 4569 dicerent,
909 4501 966 4558 Si
997 4503 1050 4558 in
1091 4501 1354 4573 principio
1405 4503 1660 4569 venisset,
1703 4504 1940 4573 potuisse
1982 4505 2099 4561 fieri

523 4601 577 4646 ut
606 4607 701 4661 per
727 4593 898 4662 legem
929 4592 1077 4647 salus
1105 4592 1446 4649 obtineretur
1475 4591 1706 4663 propriis
1747 4592 2019 4650 laboribus
2046 4603 2102 4650 et

518 4682 788 4752 operibus.
814 4682 962 4741 lianc
989 4683 1148 4754 igitur
1172 4683 1386 4739 illorum
1409 4682 1791 4753 impudentiam
1817 4684 2096 4753 cohibens,

518 4776 773 4830 diuturno
803 4787 1044 4844 tempore
1069 4776 1292 4843 distulit,
1318 4776 1388 4832 ita
1408 4785 1464 4832 ut
1491 4784 1770 4847 postquam
1801 4792 1897 4848 per
1920 4779 2099 4834 omnia

517 4867 913 4937 deprehensum
941 4876 1086 4923 esset
1116 4868 1260 4939 ipsos
1287 4883 1394 4924 non
1424 4869 1525 4924 sibi
1557 4868 1823 4937 sufﬁcere,
1856 4879 1980 4925 tunc
2006 4859 2103 4939 per

519 4958 744 5027 gratiam
771 4974 923 5015 suam
947 4961 1174 5015 salutem
1205 4960 1309 5015 illis
1337 4959 1508 5016 daret.
1537 4960 1663 5016 Ideo
1690 4976 1811 5017 cum
1837 4977 1996 5032 supra
2023 4962 2103 5016 di-

522 5048 705 5113 xisset,
748 5048 828 5103 Ad
856 5050 1191 5104 ostensionem
1232 5051 1467 5120 justitia,
1509 5052 1706 5121 intulit,
1754 5052 1821 5108 In
1866 5055 2104 5123 praesenti

522 5149 768 5207 tempore.
799 5140 953 5207 Quod
980 5141 1024 5195 si
1051 5140 1266 5211 quidam
1293 5141 1737 5208 eontradixeriut,
1771 5143 1999 5214 idipsutu
2029 5145 2104 5197 fa-

521 5232 688 5296 ciunt,
729 5246 794 5287 ac
836 5233 881 5288 si
920 5233 1042 5304 quis
1080 5242 1199 5304 post
1238 5234 1403 5288 multa
1444 5235 1676 5291 admissa
1710 5247 1947 5306 peccata,
1981 5253 2102 5292 cum

525 5337 629 5376 non
658 5322 830 5391 possit
850 5323 900 5377 in
920 5323 1123 5393 judicio
1151 5338 1269 5378 sese
1296 5339 1538 5393 purgare,
1563 5325 1657 5379 sed
1678 5326 1957 5382 damnatus
1978 5344 2104 5399 sup.

527 5412 685 5479 plicio
714 5412 1008 5473 tradendus
1036 5413 1127 5479 sit,
1155 5412 1352 5468 deinde
1382 5429 1478 5484 per
1504 5416 1643 5484 regis
1671 5420 1899 5484 gratiam
1921 5418 2104 5474 dimis-

526 5518 638 5571 sus,
668 5504 1006 5575 impudeoter
1029 5512 1213 5574 postea
1234 5505 1489 5574 glorietur
1508 5506 1713 5574 dicens,
1743 5522 1803 5562 se
1829 5509 1955 5565 nihil
1984 5526 2103 5581 pec-

527 5596 752 5653 cavisse.
783 5595 1122 5666 Oportuisset
1147 5598 1289 5651 enim
1322 5595 1373 5651 id
1398 5596 1790 5665 demonstrare,
1818 5610 2103 5670 antequam

528 5686 694 5752 gratia
740 5687 994 5753 veniret;
1045 5697 1323 5758 postquam
1370 5685 1517 5742 venit
1560 5696 1760 5755 autem,
1810 5706 1914 5745 non
1968 5694 2102 5748 ultra

531 5783 738 5846 tempus
769 5787 851 5837 est
881 5778 1164 5849 gloriandi.
1215 5777 1273 5834 ld
1315 5777 1457 5849 quod
1501 5778 1660 5833 etiam
1708 5781 1849 5852 apud
1891 5781 2105 5840 inda-os

1568 363 1632 418 IN
1671 358 1888 417 EPIST.
1928 356 2023 413 AD
2061 353 2222 440 non.
2264 357 2493 414 llOMlL.
2538 358 2647 415 \‘il.

3642 366 3753 421 “fi

2158 469 2371 524 accidit.
2404 469 2538 537 Quia
2566 469 2707 525 enim
2736 485 2803 528 ex
2833 485 2894 527 se
2922 472 3024 543 ipsi
3064 474 3258 545 proditi
3284 482 3459 542 erant,
3486 475 3608 532 ideo
3646 491 3742 533 ve-

2160 557 2260 626 nit,
2287 567 2344 615 et
2385 554 2618 616 adventu
2644 576 2745 616 suo
2787 561 2997 618 illorum
3023 563 3335 634 jactantiam
3378 565 3614 624 sustulit.
3643 567 3752 637 Qui

2160 652 2304 706 enim
2330 666 2390 708 se
2415 652 2547 708 dicit
2571 653 2849 709 infantium
2883 665 3287 725 praeceptorem,
3317 667 3372 713 et
3398 659 3449 714 in
3482 660 3598 730 lege
3625 660 3747 729 glo-

2162 742 2350 808 riatur,
2374 758 2439 799 ac
2470 758 2530 800 se
2554 745 2839 801 stultorum
2876 749 3189 818 magistrum
3227 751 3480 820 appellat,
3522 752 3747 822 perinde

2161 843 2322 904 atque
2352 835 2429 890 illi
2454 835 2680 893 doctore
2703 853 2769 893 ac
2793 848 3070 895 servatore
3098 838 3363 910 indigens.
3395 843 3592 898 nullam
3624 844 3745 914 glo-

2163 924 2336 981 riandi
2366 942 2585 983 causam
2624 928 2898 985 habuerit.
2935 930 2993 986 Si
3024 930 3168 987 enim
3209 939 3364 988 antea
3408 934 3750 991 circumcisio

2162 1019 2482 1089 prchutium
2511 1021 2648 1077 facta
2674 1032 2756 1079 est
2781 1037 2797 1089 ;
2827 1022 3001 1080 multo
3020 1023 3191 1096 magis
3215 1040 3357 1081 nunc
3381 1043 3394 1079 :
3425 1042 3546 1081 nam
3573 1027 3660 1082 illa
3682 1028 3751 1084 ab

2164 1108 2407 1179 utrisque
2452 1111 2786 1181 temporibus
2813 1112 2984 1183 ejecta
3012 1123 3113 1170 est.
3148 1114 3280 1171 Cum
3310 1113 3441 1171 dicit
3478 1125 3656 1172 autem
3689 1118 3750 1172 ila

2163 1200 2269 1255 lam
2296 1202 2569 1258 exclusam
2592 1216 2739 1272 esse,
2766 1205 3002 1261 ostendit
3028 1206 3298 1276 quomodo
3340 1208 3391 1261 id
3430 1207 3625 1263 factum
3659 1210 3749 1263 sit.

2164 1291 2444 1359 Quomodo
2469 1309 2597 1365 ergo
2625 1294 2842 1351 exclusa
2877 1297 3004 1354 est?
3035 1295 3136 1352 Per
3178 1313 3332 1369 quant
3357 1299 3559 1371 legem?
3589 1303 3751 1370 facto—

2166 1399 2277 1437 rum
2297 1385 2323 1438 .9
2345 1382 2488 1452 Non,
2518 1385 2607 1439 sed
2636 1403 2726 1457 per
2751 1387 2910 1458 legent
2935 1388 3074 1457 ﬁdei.

2236 1478 2293 1532 4.
2325 1477 2462 1534 Ecce
2504 1478 2664 1535 ﬁdem
2704 1482 2996 1557 appellavit
3040 1482 3235 1554 legem,
3265 1484 3496 1540 libenter
3521 1484 3574 1539 in
3604 1485 3752 1541 hisce

2168 1568 2473 1625 nominibus
2501 1584 2743 1636 versans,
2775 1570 2849 1626 ita
2873 1581 2931 1627 ut
2951 1573 3191 1629 emolliat
3217 1589 3359 1642 eam,
3392 1590 3513 1645 qua:
3541 1577 3750 1632 novitas

2168 1672 2290 1714 esse
2315 1659 2612 1715 videbatur.
2643 1661 2898 1730 Quaznam
2927 1674 3104 1719 autem
3136 1673 3221 1719 est
3252 1664 3374 1720 ﬁdei
3401 1667 3524 1722 lex?
3556 1667 3621 1723 Ut
3656 1683 3753 1739 per

2167 1751 2393 1819 gratiam
2413 1751 2557 1806 salus
2579 1750 2906 1808 obtineatur.
2936 1751 3036 1809 llic
3060 1754 3154 1810 Dei
3184 1757 3476 1825 potentiam
3497 1759 3732 1816 ostendit
3802 1817 3819 1828 ,

2171 1840 2313 1911 quod
2340 1855 2448 1895 non
2477 1841 2659 1925 solum,
2679 1845 2996 1911 servaverit,
3027 1844 3124 1901 sed
3155 1847 3314 1902 etiam
3341 1847 3665 1918 justiﬁcarit,
3701 1861 3756 1905 et

2173 1932 2227 1989 iu
2267 1932 2639 2004 gloriationem
2679 1934 2985 2001 deduxerit,
3028 1952 3134 1993 non
3164 1952 3329 2008 egens
3356 1940 3632 2010 operibus,
3660 1942 3753 1996 sed

2175 2024 2337 2080 ﬁdem
2367 2034 2568 2081 tantum
2604 2028 2908 2098 requirens.
2939 2028 3066 2086 llaec
3089 2041 3269 2088 autem
3308 2032 3440 2089 dicit
3481 2035 3667 2103 etiam,
3698 2045 3758 2091 ut

2174 2115 2483 2172 credentem
2506 2116 2753 2173 Judaeum
2787 2119 2857 2175 ad
2894 2120 3214 2178 modestiam
3242 2137 3526 2196 praeparet,
3555 2138 3609 2183 et
3649 2144 3756 2182 Itutt

2175 2207 2482 2264 credentem
2509 2210 2786 2280 reprimat,
2809 2212 2882 2267 ita
2922 2222 2980 2267 ut
3015 2213 3161 2269 illum
3186 2217 3480 2284 pertraltat.
3507 2217 3638 2272 Nam
3667 2220 3757 2288 qui

2176 2300 2402 2356 salutem
2440 2312 2629 2357 nactus
2658 2311 2764 2371 est,
2804 2303 2851 2359 si
2899 2303 3004 2374 legi
3047 2305 3332 2362 attendens
3371 2308 3537 2363 altum
3564 2309 3758 2378 sapiat,

2178 2390 2381 2458 audiet,
2408 2393 2551 2463 quod
2578 2393 2666 2447 illa
2708 2394 2808 2465 ipsi
2836 2409 2903 2452 os
2922 2396 3159 2465 obturet,
3190 2397 3303 2469 ipsa
3331 2399 3477 2453 illum
3516 2411 3761 2471 accuset,

2182 2483 2294 2555 ipsa
2323 2484 2440 2554 ejus
2468 2486 2697 2541 salutem
2743 2487 3047 2558 impedierit
3075 2500 3130 2545 et
3161 2491 3761 2562 gloriationemcsclu-

2180 2578 2348 2632 serit:
2377 2578 2467 2649 qui
2516 2593 2645 2634 vero
2692 2589 2798 2635 non
2826 2582 3073 2649 credidit,
3120 2598 3218 2653 per
3258 2584 3374 2641 haec
3410 2586 3518 2656 ipsa
3551 2587 3765 2647 humilis

2181 2668 2422 2735 efl‘cetus,
2449 2670 2516 2726 ad
2547 2670 2705 2727 ﬁdem
2735 2672 2993 2730 accedere
3038 2676 3256 2743 p0terit.
3296 2675 3540 2733 Vidistin“
3569 2692 3764 2747 quanta

2186 2761 2308 2818 fidei
2349 2762 2462 2818 vis?
2504 2763 2775 2834 quomodo
2814 2780 2847 2819 a
2893 2767 3160 2835 prioribus
3207 2770 3511 2836 removerit,
3562 2771 3614 2826 in
3662 2772 3766 2826 illis

2183 2854 2398 2925 gloriari
2446 2869 2551 2911 non
2595 2856 2817 2913 sinetis?
2856 2857 2947 2914 28.
2981 2858 3300 2915 Arbitrantur
3335 2877 3457 2932 ergo
3495 2879 3585 2932 per
3613 2865 3765 2932 ﬁdem

2177 2946 2456 3016 justi/icari
2502 2946 2752 3003 hominem
2796 2949 2907 3004 sine
2946 2950 3181 3021 operibus
3219 2952 3363 3024 legis.
3394 2952 3493 3009 Ubi
3535 2955 3767 3012 ostendit

2187 3051 2283 3094 eos
2308 3052 2338 3091 a
2367 3039 2490 3104 ﬁde,
2519 3039 2636 3095 sine
2673 3040 2928 3109 eprribus
2971 3042 3123 3114 legis,
3154 3043 3354 3099 Judmis
3379 3060 3503 3101 esse
3522 3046 3769 3116 superio-

2190 3141 2310 3186 res:
2340 3136 2465 3184 tune
2493 3128 2704 3184 demqu
2735 3146 2857 3187 cum
2887 3132 3051 3187 umlta
3080 3133 3268 3192 ﬁducia
3289 3135 3431 3191 circa
3461 3137 3605 3192 illam
3632 3138 3771 3193 edis-

2190 3218 2341 3284 serit,
2375 3232 2427 3274 et
2457 3220 2528 3285 ei,
2561 3220 2701 3291 quod
2756 3222 2841 3277 hic
2885 3224 3098 3280 turbare
3138 3225 3418 3282 videbatur
3441 3268 3458 3294 ,
3508 3227 3769 3283 medelam

2190 3306 2368 3365 aﬁ'ert.
2423 3309 2633 3369 Etenim
2689 3311 2805 3367 lure
2845 3312 2952 3368 duo
2992 3313 3206 3369 ,Ιιιιιωοε
3253 3317 3577 3385 turbabant;
3610 3335 3771 3375 manu

2191 3398 2429 3473 quidem,
2457 3400 2500 3454 si
2532 3400 2566 3454 ii
2608 3401 2697 3471 qui
2725 3415 2845 3457 cum
2887 3405 3138 3475 operibus
3179 3407 3375 3461 servati
3407 3422 3512 3463 non
3543 3410 3771 3471 fuerant,

2194 3480 2414 3558 possent
2440 3491 2559 3548 sine
2584 3491 2841 3561 operibus
2883 3493 3123 3561 servari;
3151 3494 3296 3551 aliud
3324 3512 3473 3562 vero,
3502 3498 3546 3553 si
3570 3500 3772 3569 justum

2193 3591 2336 3640 esset
2364 3584 2710 3653 praeputiatos
2732 3584 2921 3642 iisdem
2945 3585 3074 3656 ipsis
3100 3586 3221 3654 frui,
3250 3588 3404 3658 queis
3425 3589 3482 3657 ii,
3514 3591 3604 3661 qui
3629 3601 3776 3646 tanto

2196 3679 2437 3743 lampore
2468 3674 2520 3728 in
2549 3674 2665 3744 lege
2692 3675 2910 3731 enutriti
2936 3686 3124 3742 erant;
3166 3677 3217 3732 id
3256 3678 3396 3748 quod
3424 3680 3581 3750 longe
3610 3684 3778 3753 magis

2196 3761 2319 3820 illos
2350 3762 2618 3830 turbabat,
2646 3780 2804 3835 quam
2838 3766 2985 3836 prior
3011 3768 3098 3821 illa
3123 3767 3432 3833 difficultas.
3477 3770 3601 3827 ldro
3627 3783 3775 3844 post-

2195 3870 2353 3927 quam
2399 3856 2531 3912 illud
2580 3856 2916 3927 probaverat,
2961 3859 3028 3914 ad
3081 3857 3184 3915 hoc
3231 3861 3447 3918 demum
3491 3864 3777 3934 preredit:

2196 3946 2338 4015 quod
2365 3947 2444 4004 sic
2478 3946 2692 4005 Judtcos
2736 3950 3004 4018 turbabat,
3049 3958 3109 4006 ut
3152 3964 3273 4022 post
3314 3966 3587 4026 acceptam
3621 3958 3778 4012 fidem

2197 4037 2414 4093 Petrum
2448 4039 2549 4096 hac
2577 4040 2644 4096 de
2673 4056 2832 4096 causa
2860 4041 3188 4110 incusarent,
3220 4044 3290 4099 ob
3309 4044 3616 4101 Cornelium
3643 4057 3692 4102 et
3717 4063 3777 4107 ea

2197 4147 2319 4202 qua:
2345 4131 2410 4186 ad
2442 4133 2614 4202 ipsum
2640 4134 2973 4202 spectabant.
3002 4134 3139 4203 Quid
3162 4151 3291 4206 ergo
3317 4137 3437 4190 ait?
3464 4138 3784 4193 Arbitrantur

2197 4237 2316 4290 ergo
2340 4222 2443 4289 [ide
2477 4223 2752 4291 justiﬁcari
2787 4224 3039 4278 hominem
3082 4225 3191 4278 sine
3231 4227 3464 4296 operibus
3490 4227 3632 4298 legis.
3667 4229 3783 4284 Non

2198 4311 2354 4376 dixit,
2378 4311 2640 4378 Judtcum,
2674 4314 2758 4368 vel
2783 4329 2905 4369 eum
2936 4314 3025 4384 qui
3056 4315 3158 4370 sub
3181 4315 3297 4387 lege
3324 4318 3468 4373 esset
3495 4335 3509 4384 ;
3537 4320 3630 4378 sed
3661 4336 3784 4376 ora-

2202 4404 2399 4459 tionem
2425 4402 2477 4457 iu
2501 4402 2658 4458 latius
2683 4405 2911 4474 spatium
2942 4403 3199 4473 edocens,
3229 4416 3285 4462 et
3309 4407 3422 4464 orbi
3449 4410 3636 4465 salutis
3663 4428 3785 4482 por-

2201 4507 2283 4554 tas
2308 4498 2576 4569 aperiens,
2609 4498 2760 4564 dicit,
2802 4497 3097 4567 Hominem,
3142 4514 3429 4558 commune
3455 4514 3659 4558 natura:
3692 4523 3786 4558 uo-

2202 4609 2324 4649 men
2355 4607 2637 4663 usurpans.
2668 4592 2867 4649 Deinde
2892 4595 3174 4651 occasione
3229 4594 3354 4650 hinc
3394 4606 3628 4667 sumpta,
3680 4614 3785 4652 non

2204 4686 2427 4755 positam
2454 4685 2809 4754 obj;-etionem
2838 4685 3014 4740 solvit.
3043 4687 3175 4754 Quia
3196 4687 3338 4741 enim
3363 4687 3654 4744 verisimile
3671 4699 3789 4742 erat

2202 4778 2437 4846 Juda-os,
2460 4794 2675 4835 omnem
2705 4779 2974 4834 hominem
3003 4795 3031 4834 a
3060 4779 3164 4835 fide
3187 4779 3467 4850 justiﬁcari
3488 4780 3788 4847 audientes,

2205 4870 2256 4924 id
2285 4887 2428 4940 :egre
2458 4871 2597 4926 ferre
2626 4880 2681 4926 et
2709 4870 2836 4926 hinc
2875 4871 3093 4937 ofl'endi,
3136 4872 3331 4943 adjecit
3359 4892 3373 4928 :
3404 4874 3494 4930 29.
3525 4875 3664 4929 Nam
3693 4875 3790 4934 Ju-

2205 4962 2434 5015 dtvorum
2480 4961 2615 5016 Deus
2655 4964 2892 5017 tantum?
2919 4977 2984 5018 ac
3026 4963 3071 5018 si
3111 4963 3350 5020 diceret:
3378 4965 3487 5021 Cur
3514 4968 3656 5021 enim
3692 4967 3794 5023 hoc

2206 5053 2298 5108 tibi
2327 5053 2614 5109 absurdum
2658 5070 2778 5111 esse
2807 5056 3036 5122 videtur,
3066 5057 3206 5126 quod
3235 5058 3411 5114 omnis
3454 5058 3614 5114 homo
3646 5064 3790 5116 salu—

2208 5157 2313 5201 tem
2344 5148 2739 5215 consequatur?
2769 5164 2895 5203 num
2926 5149 3066 5203 Deus
3093 5149 3229 5219 parti
3258 5150 3347 5205 uni
3374 5159 3577 5207 tantum
3610 5153 3793 5206 favet?

2208 5239 2331 5294 hinc
2358 5240 2647 5295 ostendens
2677 5240 2816 5304 illos,
2847 5241 2974 5296 dum
3011 5241 3261 5311 gentibus
3303 5243 3512 5298 molesti
3542 5258 3663 5298 esse
3693 5259 3790 5296 vo-

2208 5330 2342 5397 lunt,
2374 5330 2467 5385 Dei
2488 5330 2710 5400 gloriam
2742 5333 2918 5401 potius
2948 5332 3288 5400 labefactare,
3321 5334 3366 5388 si
3394 5349 3500 5389 non
3524 5334 3706 5389 sinunt
3732 5335 3795 5388 il-

2208 5421 2316 5476 lum
2341 5421 2579 5475 omnium
2606 5435 2726 5476 esse
2755 5422 2942 5478 Deum.
2969 5423 3022 5477 Si
3049 5432 3225 5478 autem
3253 5422 3489 5478 omnium
3519 5423 3657 5479 Deus
3685 5435 3788 5489 est,

2206 5512 2454 5567 omnibus
2477 5512 2634 5564 etiam
2663 5512 2903 5581 providet
2932 5529 2945 5564 :
2970 5509 3015 5567 si
3045 5511 3291 5567 omnibus
3315 5513 3577 5583 providet.
3602 5528 3793 5573 omnes

2207 5602 2452 5657 similiter
2481 5616 2575 5670 per
2603 5602 2762 5656 tidem
2785 5610 2992 5666 servat;
3024 5600 3144 5656 ideo
3172 5602 3248 5655 ait
3275 5619 3288 5654 :
3323 5601 3462 5657 Num
3492 5603 3793 5666 ludo-orum

2211 5695 2347 5750 Deus
2368 5695 2605 5748 tantum?
2635 5710 2801 5749 nonne
2828 5693 3090 5764 gentium?
3112 5693 3212 5747 into
3241 5707 3283 5746 et
3303 5696 3548 5764 gentium.
3570 5694 3684 5751 Non
3712 5705 3796 5751 est

2207 5789 2347 5844 enim
2382 5788 2570 5858 partim
2612 5786 2772 5854 Deus,
2803 5795 2859 5842 ut
2901 5785 3209 5843 Grrccorum
3236 5786 3430 5851 fabula:
3465 5786 3664 5854 ferunt,
3694 5787 3790 5848 sed
