4144 6146
365 310 490 387 ,λεὶ

397 440 550 500 sunt:
572 436 686 511 ipse
708 431 829 492 ante
853 429 973 495 nos,
1000 447 1097 486 nos
1125 439 1304 486 autem
1335 423 1434 484 nec
1460 435 1580 498 post
1609 426 1782 494 ipsum
1811 440 1825 476 :
1855 424 1968 493 ipse

397 550 493 606 pro
515 522 683 587 salute
710 531 912 588 ucstra,
937 539 1034 578 nos
1065 536 1164 577 nec
1189 538 1286 593 pro
1312 529 1492 575 nostra
1515 517 1774 579 utilitate;
1799 528 1972 606 neque

398 603 538 682 enim
565 621 639 675 illi
667 617 950 688 quidquam
973 613 1178 669 accedit
1198 628 1262 668 ex
1293 619 1468 666 nostra
1494 608 1853 678 benignitate;
1875 603 1972 659 sed

398 715 602 770 lucrum
647 719 814 764 totum
853 706 920 760 ad
965 721 1063 759 nos
1111 703 1410 758 revertitur.
1456 696 1854 768 ldeojubemur
1885 695 1971 749 illa

399 781 544 868 dare,
564 816 632 856 ne
649 801 720 856 ab
747 800 853 854 illis
878 797 1206 853 excidamus.
1226 794 1376 850 Sicut
1398 793 1542 847 enim
1563 805 1686 846 cum
1710 788 1976 858 quispiam

397 907 677 967 argentum
702 887 795 947 dat
820 890 1065 960 puerulo,
1108 886 1263 956 jubet
1292 885 1440 939 illum
1465 890 1711 938 accurate
1732 895 1971 945 scrvare,

399 990 483 1044 vel
503 989 698 1042 famulo
721 985 930 1040 tradere
948 979 1379 1041 custodiendum,
1393 984 1450 1031 tit
1469 975 1534 1031 ne
1550 973 1764 1030 cuilibet
1780 969 1977 1027 volenti

397 1081 556 1135 liceat
597 1075 841 1146 abripere
870 1092 883 1128 :
911 1074 988 1128 sic
1016 1081 1070 1126 et
1101 1071 1239 1125 Deus
1270 1067 1414 1122 facit.
1457 1067 1530 1120 Da
1557 1065 1754 1135 egenti,
1783 1061 1974 1132 inquit,

405 1180 460 1222 nt
487 1185 554 1223 ne
575 1166 696 1238 quis
725 1165 813 1220 illa
837 1181 864 1218 a
891 1168 942 1219 te
965 1163 1205 1227 auferat,
1236 1169 1328 1214 aut
1371 1157 1715 1229 schphanta,
1747 1162 1836 1208 aut
1864 1151 1980 1206 dia-

401 1259 577 1324 bolus,
597 1237 701 1314 aut
737 1257 840 1322 fur,
862 1266 950 1310 aut
970 1262 1090 1326 post
1115 1267 1303 1307 omnes
1329 1265 1492 1304 mors.
1522 1249 1699 1301 Donec
1720 1260 1810 1299 eas
1841 1237 1978 1298 deti-

405 1370 520 1420 nes,
540 1368 643 1408 non
668 1358 779 1407 tuto
799 1349 1036 1413 detines;
1058 1347 1101 1401 si
1124 1354 1298 1400 autem
1314 1343 1439 1397 illas
1457 1341 1585 1395 mihi
1611 1356 1704 1408 per
1720 1351 1981 1424 pauperes

403 1445 638 1508 dederis,
680 1457 779 1512 ego
807 1440 899 1495 tibi
928 1437 1105 1495 omnia
1158 1444 1404 1490 accurate
1450 1430 1768 1494 custodiam,
1802 1435 1857 1482 ct
1881 1442 1980 1496 op-

407 1545 636 1606 portuno
664 1540 904 1601 tempore
933 1528 1025 1583 tibi
1066 1527 1184 1582 illas
1213 1541 1404 1594 magno
1440 1538 1560 1577 cum
1591 1521 1791 1576 it'sénore
1824 1517 1980 1572 resti-

406 1636 572 1681 tuam.
602 1623 717 1678 Non
749 1621 892 1678 enim
920 1630 976 1674 ut
1003 1619 1240 1673 auferam
1281 1614 1506 1684 accipio,
1534 1612 1627 1667 sed
1670 1619 1725 1664 ut
1761 1621 1980 1678 augeam

403 1727 458 1771 ct
484 1724 599 1772 tuto
615 1712 910 1770 custodiam
933 1720 986 1765 et
1017 1709 1111 1766 tibi
1140 1707 1208 1764 ad
1229 1706 1358 1763 illud
1384 1720 1550 1776 usque
1575 1711 1784 1772 tempus
1807 1704 1984 1755 asser-

405 1799 546 1872 vem,
581 1819 686 1876 quo
735 1802 912 1859 nullus
938 1801 1062 1868 erit,
1092 1800 1182 1870 qui
1211 1782 1402 1854 frenori
1431 1798 1542 1860 det,
1577 1809 1675 1848 nec
1704 1792 1794 1862 qui
1824 1791 1984 1844 misc-

405 1897 630 1953 ricordia
653 1903 949 1950 moveatur.
971 1890 1110 1959 Quid
1139 1889 1426 1946 immanius
1451 1895 1533 1940 est
1558 1884 1730 1946 nobis,
1756 1883 1843 1952 qui
1869 1891 1988 1950 post

409 1998 488 2042 tot
529 1987 929 2057 promissiones,
966 1997 1034 2037 ne
1065 1979 1281 2050 quidem
1325 1978 1426 2046 ipsi
1468 1986 1650 2030 mutuo
1675 1975 1805 2027 dare
1834 1973 1986 2025 volu-

398 2080 562 2135 inus?
611 2078 734 2132 Ideo
763 2075 964 2130 deserti
991 2115 1007 2139 ,
1042 2072 1164 2127 nudi
1191 2079 1246 2125 et
1277 2071 1538 2140 pauperes
1566 2066 1630 2119 ad
1662 2065 1834 2134 ipsum
1883 2062 1985 2116 mi.

403 2184 640 2240 grauius,
667 2183 730 2222 ea
759 2181 878 2237 quae
907 2165 1061 2219 nobis
1085 2159 1390 2218 concredita
1417 2166 1540 2212 sunt
1567 2173 1672 2211 non
1704 2155 1984 2217 habentes,

407 2264 527 2332 quia
558 2275 664 2314 non
692 2259 779 2312 illa
809 2257 948 2326 apud
975 2269 1121 2318 eum,
1149 2252 1238 2322 qui
1264 2246 1564 2305 accuratius
1592 2245 1841 2300 omnibus
1868 2258 1979 2298 ser-
2003 2262 2007 2266 ·

409 2364 518 2416 vat,
549 2350 914 2420 deposuimus.
965 2346 1196 2414 Ideoque
1217 2351 1484 2397 extremas
1509 2339 1756 2394 dabimus
1780 2340 1984 2408 poenas.

407 2442 549 2512 Quid
602 2442 747 2496 cnim
797 2437 1029 2494 accusnti
1075 2435 1257 2490 dicere
1305 2432 1598 2504 poterimus
1630 2444 1725 2500 pro
1757 2425 1989 2498 pernicie

408 2532 649 2591 vitanda?
679 2532 846 2598 Quam
875 2527 1237 2586 defensionem
1268 2526 1493 2589 afferre,
1526 2521 1682 2594 quam
1717 2521 1987 2592 purgatio-

405 2628 570 2683 nem?
612 2627 722 2681 Cur
745 2623 886 2678 enim
915 2637 1020 2675 non
1050 2613 1280 2674 dedisti?
1331 2613 1528 2670 diffidis
1578 2623 1628 2667 te
1671 2618 1855 2665 rurstis
1897 2625 1990 2666 eas

407 2699 796 2790 accepturum?
848 2714 947 2782 Qui
990 2712 1042 2767 id
1089 2711 1295 2764 ratione
1347 2715 1594 2762 constare
1644 2703 1850 2774 possit?
1898 2702 1986 2771 qui

403 2813 549 2867 cnim
579 2810 664 2866 dat
697 2809 764 2873 ei,
798 2807 886 2876 qui
919 2817 1025 2859 non
1055 2801 1236 2867 dedit,
1269 2801 1467 2869 quanto
1496 2795 1666 2866 magis
1693 2794 1842 2849 dabit
1865 2808 1987 2847 cum

408 2903 708 2974 acceperit?
746 2899 943 2954 Verum
973 2905 1154 2951 carum
1188 2903 1238 2949 te
1268 2897 1514 2961 aspectus
1544 2889 1810 2974 delectat?
1850 2888 1989 2957 Ergo

409 2971 580 3051 multo
628 2991 796 3063 magis
843 2988 963 3044 ideo
1006 2987 1220 3056 largire,
1255 2993 1311 3038 ut
1337 2985 1448 3038 illic
1474 2982 1641 3052 magis
1666 2971 1983 3042 delecteris,

407 3103 532 3144 cum
561 3100 718 3140 nemo
743 3083 860 3136 illas
892 3077 1106 3134 auferre
1136 3075 1361 3146 poterit;
1389 3089 1508 3127 cum
1535 3079 1744 3134 contra,
1773 3071 1818 3124 si
1852 3083 1990 3124 nunc

403 3175 682 3245 retineas,
713 3175 990 3245 innumera
1041 3174 1296 3240 passurus
1334 3167 1410 3220 sis
1453 3164 1614 3218 mala.
1669 3161 1802 3217 Nam
1843 3159 1990 3216 velut

396 3273 557 3330 fczluis
596 3243 840 3326 diabolus
869 3266 918 3320 in
949 3264 1140 3319 divites
1165 3259 1356 3324 insilit,
1385 3271 1450 3313 ac
1480 3257 1524 3312 si
1550 3256 1728 3311 cibum
1754 3263 1847 3309 aut
1872 3254 1986 3326 pla-

398 3374 616 3421 .centam
641 3360 768 3416 velit
795 3358 866 3414 de
895 3367 1054 3410 manu
1085 3352 1246 3424 puelli
1276 3348 1545 3420 abripere.
1593 3347 1787 3402 Demus
1809 3345 1990 3414 itaque

399 3454 496 3512 illa
523 3454 680 3526 patri.
704 3450 855 3520 Quod
879 3450 924 3504 si
950 3448 1001 3503 id
1026 3446 1218 3501 viderit
1242 3443 1503 3504 diabolus,
1523 3439 1700 3496 statim
1718 3439 1987 3509 aufugiet:

401 3547 500 3601 illo
526 3552 704 3598 autem
731 3539 1018 3596 recedente
1041 3576 1058 3604 ,
1088 3543 1216 3590 tunc
1247 3533 1338 3588 tibi
1369 3541 1521 3602 pater
1550 3530 1641 3586 illa
1663 3530 1846 3585 omnia
1875 3537 1988 3584 tuto

405 3635 576 3698 dabit,
597 3647 719 3688 cum
741 3645 850 3685 non
878 3627 1072 3700 poterit
1109 3625 1198 3681 ille
1229 3623 1417 3678 turbas
1443 3623 1573 3679 dare
1597 3621 1650 3679 in
1679 3618 1858 3676 futuro
1887 3626 1989 3677 'sze-

405 3725 548 3782 culo.
567 3722 719 3778 Nunc
742 3734 870 3774 vero
896 3734 925 3772 a
951 3716 1200 3788 puerulis,
1225 3715 1418 3785 quibus
1435 3714 1610 3770 catelli
1641 3711 1816 3769 infesti
1837 3715 1984 3780 s‘unt,

399 3814 541 3870 aiihil
566 3811 817 3868 diﬁ'crunt
836 3809 1050 3872 divites,
1072 3807 1318 3862 omnibus
1337 3808 1476 3862 circa
1499 3807 1619 3862 illos
1645 3807 1983 3874 latrantibus,

395 3901 847 3972 aiisccrpentibus,
889 3899 1237 3962 trahentibus,
1269 3912 1374 3951 non
1417 3897 1720 3952 hominibus
1758 3905 1983 3963 tantum,

399 3994 500 4051 sed
521 3994 682 4049 etiam
704 3990 1004 4054 affectibus,
1019 3989 1166 4059 gula,
1185 3988 1464 4052 ebrietate,
1479 3986 1807 4051 adulatione,
1831 3986 1987 4042 lasci-

402 4088 491 4141 ~via
518 4084 682 4138 omni.
715 4081 829 4138 Jam
859 4079 902 4137 si
928 4080 1256 4152 quidmutuo
1276 4077 1406 4132 dare
1435 4077 1678 4142 velimus,
1700 4075 1987 4146 diligenter

393 4178 740 4247 rexploramus
760 4188 874 4236 eos,
892 4173 980 4242 qui
1010 4173 1232 4225 nmltum
1255 4170 1385 4224 dare
1403 4170 1569 4238 parati
1592 4178 1646 4224 et
1665 4170 1799 4240 grati
1816 4169 1984 4223 animi

393 4269 528 4322 "siut.
581 4266 676 4320 llic
715 4273 844 4320 vero
884 4273 1039 4319 secus
1081 4261 1342 4316 faciams:
1377 4261 1486 4317 Deo
1524 4276 1752 4331 namque
1800 4259 1986 4316 reiieto

394 4350 797 4421 iliberalissimo,
821 4355 908 4424 Qui
932 4368 1035 4408 non
1059 4353 1412 4408 centesimam
1433 4353 1532 4422 (a),
1557 4352 1650 4408 sed
1675 4353 1984 4422 centuplum

391 4452 512 4512 idat.
534 4464 630 4505 eos
651 4447 988 4519 requirimus,
1010 4446 1100 4516 qui
1127 4452 1192 4499 ne
1218 4455 1420 4500 sortem
1440 4445 1652 4514 quidem
1681 4445 1928 4500 reddant.

471 4544 526 4598 8.
559 4541 695 4610 Quid
738 4540 880 4594 enim
921 4538 1074 4592 nobis
1115 4537 1309 4592 reddet
1340 4545 1543 4598 venter,
1569 4537 1658 4607 qui
1700 4538 1984 4591 maximam

391 4631 634 4686 absumit
659 4628 896 4697 partem?
917 4624 1137 4681 Stercus
1157 4641 1221 4678 ac
1244 4627 1661 4694 cerruptionem.
1687 4625 1824 4692 Quid
1851 4641 1984 4679 vana

389 4721 604 4795 gloria?
631 4718 882 4772 Invidiam
905 4727 957 4772 et
981 4716 1222 4770 livorem.
1251 4714 1387 4780 Quid
1409 4714 1767 4783 parcimonia?
1792 4715 1984 4769 Curam

389 4819 453 4869 ἐι
472 4809 904 4865 sollicitudinem.
926 4806 1062 4874 Quid
1084 4805 1295 4860 lascivia
1309 4805 1333 4860 Ἰ
1347 4804 1658 4862 ﬁeliennam
1678 4816 1730 4860 et
1749 4823 1984 4862 vermem

398 4911 740 4961 venenatum.
790 4899 852 4954 ili
893 4907 1016 4953 sunt
1061 4898 1278 4952 divitum
1319 4897 1610 4965 debitores,
1657 4898 1747 4969 qui
1775 4898 1841 4954 de
1873 4901 1987 4970 ipsa

382 5000 543 5053 "Sorte
564 4993 677 5048 inec
697 4989 1067 5047 nobis‘fuznOra
1089 4989 1316 5054 solvent,
1329 4991 1614 5060 praesentia
1627 4992 1883 5049 damnafet
1905 4993 1988 5049 fu-

397 5099 514 5142 tura
537 5085 692 5140 mala.
717 5085 899 5146 llisne,
922 5087 1125 5154 quiest},
1151 5082 1340 5138 faenori
1357 5083 1616 5151 dabimus,
1642 5097 1844 5141 tantum
1866 5105 1986 5158 sup-

397 5179 610 5250 plicium
655 5176 902 5231 relaturis
922 5216 938 5237 ,
965 5176 1018 5230 et
1043 5174 1259 5228 Christo
1289 5187 1392 5228 non
1423 5175 1722 5243 credemus,
1764 5179 1852 5248 qui
1881 5195 1988 5234 ca:-

397 5271 502 5322 lum
528 5268 684 5322 offert
704 5276 758 5322 et
779 5266 1133 5320 immortalem
1157 5264 1339 5331 vitam,
1366 5281 1556 5320 arcana
1594 5268 1681 5321 illa
1725 5269 1862 5324 bona
1881 5273 1983 5327 ?'et

391 5377 548 5429 quam
568 5358 878 5414 habebimus
891 5355 1405 5412 defensionem?an
1420 5359 1560 5412 enim
1580 5375 1684 5413 non
1702 5360 1794 5414 das
1815 5361 1985 5418 reddi-

396 5459 514 5504 turo
539 5459 592 5503 et
611 5449 832 5517 plurima
858 5447 1166 5504 reddituro?
1201 5447 1453 5504 Fortasse
1473 5451 1592 5519 quia
1618 5464 1734 5520 post
1756 5454 1984 5509 multum

377 5541 646 5611 ’tempuris
672 5541 972 5596 redditurus
993 5542 1110 5596 est?
1158 5541 1315 5612 Atqui
1342 5552 1394 5596 et
1422 5541 1473 5596 in
1502 5541 1601 5597 hac
1636 5561 1849 5616 quoquc
1873 5556 1979 5603 Vill

451 5674 848 5746 (a)_§ontcsima,
875 5685 927 5726 ut
950 5675 1064 5746 aiib‘i
1088 5679 1316 5736 diximus,
1333 5693 1498 5746 usura:
1521 5694 1679 5746 genus
1712 5691 1818 5746 erat
1838 5722 1852 5743 ,
1879 5689 1979 5746 quo

377 5735 598 5800 ‘slngulis
619 5740 866 5787 mensibus
881 5743 1149 5789 centesima
1175 5753 1285 5802 pars
1307 5735 1452 5793 sortis
1467 5735 1760 5795 sol‘v‘ebattir-

1060 313 1118 377 s.
1154 296 1430 378 mmsis
1465 292 1931 371 euersosrom
1969 290 2286 364 λειαιιιὲιι.
2324 297 2630 366 CONSTAN
2643 298 2851 368 mea.

2071 419 2196 487 dat;
2214 421 2429 477 mentiri
2453 423 2593 477 enim
2614 426 2796 494 nequit
2819 425 2907 480 ille
2927 427 3012 495 qui
3035 426 3162 482 dicit
3183 445 3194 482 :
3217 423 3440 494 Qum-ne
3454 448 3663 505 regnum

3556 320 3659 375 45?.

2073 512 2332 578 calorum,
2354 523 2399 568 et
2421 516 2526 568 haec
2544 518 2714 569 omnia
2733 518 3034 588 adﬁcientur
3062 521 3198 575 vobis
3223 521 3437 588 (Matth.
3462 530 3517 579 b'.
3545 529 3660 597 35).

2076 603 2261 657 Videu’
2285 605 2650 660 liberalitatem
2683 608 2984 676 ingentem?
3007 609 3120 677 illa,
3151 611 3340 682 inquit,
3366 614 3457 670 tibi
3489 631 3666 672 asser-

2079 703 2286 758 vantur,
2315 711 2414 750 nec
2437 695 2769 763 minuentur;
2801 699 2914 754 inec
2942 717 3066 754 vero
3093 705 3374 771 prmsentia
3399 710 3545 774 quasi
3565 711 3664 762 ad-

2077 786 2425 842 ditamentum
2443 788 2653 858 adjicio.
2673 791 2752 844 Ad
2775 779 2891 846 inec
2909 792 3230 848 diuturnitas
3251 801 3666 864 expectationis

2078 886 2235 947 anget
2260 878 2353 932 tibi
2379 878 2588 934 divitias
2612 898 2626 944 ;
2648 897 2769 934 nam
2799 883 2991 936 crescit
3024 883 3220 938 faenus.
3251 885 3404 955 Apud
3436 889 3666 944 faenera—

2080 976 2222 1026 t'ores
2247 971 2390 1026 enim
2430 972 2482 1027 id
2523 972 2638 1027 fieri
2681 973 2944 1042 videmus,
2976 977 3064 1046 qui
3099 977 3348 1032 libentius
3379 962 3482 1034 illis
3511 997 3665 1037 com-

2079 1061 2434 1132 modam-,qui
2475 1071 2595 1131 poSt
2630 1063 2938 1119 diuturnum
2988 1076 3196 1136 tempus
3245 1070 3470 1124 soluturi
3519 1082 3661 1127 sunt.

2078 1150 2210 1204 Nam
2233 1151 2320 1220 qui
2348 1152 2528 1205 statim
2553 1165 2751 1208 sortem
2775 1153 2971 1217 reddit,
3022 1154 3243 1211 faenoris
3265 1172 3480 1214 cursum
3503 1162 3668 1216 inter-

2081 1241 2209 1309 cipit
2233 1258 2246 1294 :
2272 1241 2363 1310 qui
2391 1257 2516 1296 vero
2544 1243 2848 1298 diuturnius
2872 1245 3085 1311 retinet,
3113 1258 3376 1316 quaestum
3409 1252 3664 1321 majorem

2081 1330 2264 1386 efticit.
2296 1331 2441 1388 Itane
2464 1333 2604 1402 apud
2628 1333 2871 1389 homines
2898 1352 3101 1391 moram
3127 1353 3232 1392 non
3259 1356 3400 1410 :rgre
3418 1341 3665 1412 ferimus,

2082 1420 2174 1474 sed
2205 1421 2460 1490 majorem
2490 1422 2606 1477 fieri
2634 1439 2918 1491 curamus,
2944 1436 2999 1481 et
3022 1429 3166 1497 apud
3197 1429 3361 1484 Deum
3397 1433 3465 1486 ita
3499 1435 3666 1503 pusil-

2083 1512 2305 1568 lanimes
2331 1514 2553 1582 erimus,
2603 1527 2660 1570 ut
2690 1517 2812 1572 ideo
2851 1533 3044 1589 segnes
3071 1520 3239 1576 simus
3267 1533 3320 1576 et
3348 1526 3670 1596 tergiverse-

2085 1621 2236 1671 mur;
2268 1607 2388 1672 etsi,
2420 1615 2478 1660 ut
2506 1606 2651 1674 dixi,
2682 1619 2737 1663 et
2761 1607 2847 1664 hic
2871 1611 2961 1664 det
2987 1615 3082 1677 ea,
3116 1629 3219 1682 qua
3249 1613 3380 1680 dixi,
3413 1617 3482 1672 de
3508 1633 3667 1673 causa

2087 1707 2142 1751 ct
2171 1699 2312 1752 aliud
2343 1699 2592 1768 quiddam
2641 1700 2812 1772 majus
2859 1718 3167 1774 praeparans
3214 1705 3265 1760 in
3317 1708 3451 1762 cailo
3502 1718 3670 1765 totum

2086 1791 2376 1845 recondat?
2427 1792 2730 1862 Magnitudo
2783 1794 2981 1865 quippe
3033 1796 3195 1862 doni,
3228 1809 3280 1852 et
3326 1799 3670 1868 pulchritudo

2086 1881 2381 1950 ejus,vita:
2427 1885 2707 1953 praesentis
2757 1886 3014 1941 vilitatem
3062 1889 3220 1959 longe
3261 1900 3493 1960 superat.
3544 1893 3665 1949 Non

2085 1971 2226 2026 enim
2255 1972 2366 2026 fieri
2397 1982 2569 2042 potest
2592 2015 2605 2036 ,
2635 1983 2694 2029 ut
2723 1975 2773 2028 in
2806 1977 3015 2031 mortali
3042 1987 3096 2032 et
3120 1973 3259 2060 illis?
3287 1995 3512 2051 corpore
3558 1984 3660 2037 im-

2088 2065 2481 2121 Illal'CCSCilliics
2513 2067 2616 2120 illa:
2643 2082 2856 2122 coronae
2885 2068 3212 2140 accipiantur
3240 2111 3255 2136 ,
3288 2087 3460 2142 neque
3487 2074 3538 2126 in
3566 2073 3667 2129 bac

2089 2157 2338 2226 prmsenti
2393 2165 2450 2212 et
2492 2158 2726 2212 tumultu
2784 2160 2940 2229 plena
2996 2161 3122 2229 vita,
3179 2164 3670 2236 mutationibusque

2090 2247 2328 2316 plurimis
2369 2248 2623 2313 obnoxia,
2674 2250 2892 2304 immota
2921 2251 3006 2304 illa
3040 2251 3354 2324 stabilisque
3382 2270 3498 2309 sors
3528 2257 3670 2311 obti«

2089 2338 2201 2392 neri
2235 2346 2428 2406 potest.
2473 2336 2589 2393 Jam
2638 2347 2767 2394 vero
2813 2342 2858 2394 si
2899 2342 3017 2412 quis
3059 2342 3151 2397 tibi
3203 2346 3278 2399 itr-
3304 2345 3479 2400 aliena
3531 2357 3671 2402 terra

2087 2428 2321 2499 degenti,
2354 2429 2441 2483 ubi
2471 2431 2642 2485 nullos
2684 2431 2911 2488 haberes
2961 2434 3213 2501 famulos,
3249 2453 3422 2508 neque
3481 2453 3671 2508 posses

2091 2521 2141 2576 in
2171 2521 2392 2590 patriam
2415 2522 2542 2593 quid
2577 2524 2885 2592 transferre,
2918 2525 3119 2581 fmuora
3150 2527 3280 2583 dare
3306 2530 3667 2599 polliceretur,

2088 2613 2284 2669 obnixe
2331 2616 2656 2684 preeareris,
2691 2632 2756 2669 ne
2783 2616 2834 2670 id
2865 2617 2959 2672 tibi
2987 2618 3038 2672 in
3064 2620 3343 2690 peregrina
3378 2631 3518 2676 terra
3539 2665 3553 2688 ,
3577 2623 3671 2678 sed

2088 2707 2230 2762 domi
2260 2719 2480 2764 reverso
2505 2721 2840 2776 numeraret;
2868 2710 3007 2766 bOna
3034 2716 3160 2768 vero
3185 2713 3273 2769 illa
3296 2716 3592 2786 spiritualia
3619 2731 3675 2772 et

2089 2814 2281 2854 arcana
2314 2801 2401 2856 hic
2429 2803 2508 2856 vis
2539 2803 2812 2872 recipere?
2841 2813 2893 2859 et
2918 2814 3112 2874 quanta
3163 2806 3350 2863 isduec
3395 2809 3671 2864 amentia?

2089 2893 2219 2948 Nam
2248 2893 2291 2948 si
2319 2893 2404 2949 hic
2431 2894 2651 2964 accipis,
2680 2895 2928 2950 mortalia
2957 2910 3176 2966 prorsus
3206 2899 3440 2968 accipis;
3471 2901 3515 2955 si
3545 2909 3672 2956 vero

2091 2995 2299 3055 tempus
2341 2982 2472 3040 illud
2512 2997 2810 3057 exspectes,
2854 2987 3274 3059 incorruptibiiia
3302 3000 3361 3046 ‘et
3391 3007 3495 3046 non
3523 2992 3670 3047 ﬂuxa

2089 3077 2234 3131 dabit
2282 3077 2378 3131 tibi
2412 3093 2426 3130 :
2459 3078 2504 3132 si
2561 3077 2650 3132 hic
2701 3079 2964 3150 accipias,
2998 3079 3271 3148 plumbum
3319 3084 3670 3154 accepisti;si

2091 3168 2219 3236 iliic,
2250 3184 2438 3223 aurum
2496 3170 2798 3239 probatum.
2851 3169 3044 3226 Verum
3098 3188 3272 3243 neque
3322 3179 3675 3244 pra-sentibus

2089 3261 2244 3317 bonis
2280 3270 2334 3316 te
2373 3261 2619 3331 privavit.
2674 3262 2802 3317 Post
2849 3263 2996 3319 illam
3043 3266 3185 3320 enim
3241 3270 3667 3336 promi‘sSionem,

2088 3357 2247 3410 aliam
2288 3349 2494 3410 addidit
2530 3355 2609 3410 sic
2655 3355 2882 3411 dicens:
2912 3357 3164 3429 Quisquis
3200 3363 3438 3417 mtestia
3490 3375 3670 3429 amat,

2086 3448 2390 3517 Centuplum
2415 3448 2640 3517 recipiet
2670 3448 2722 3502 in
2755 3450 2856 3504 hoc
2879 3451 3098 3517 saeculo,
3124 3455 3186 3508 et
3220 3454 3383 3508 vitam
3415 3466 3671 3512 aeternam

2089 3537 2379 3609 possidebit
2409 3538 2427 3607 (
2457 3537 2642 3592 Matth.
2677 3539 2767 3594 19.
2796 3539 2866 3596 29
2889 3539 2932 3614 ).

2161 3621 2422 3685 Νοηϊϊοηῖ
2445 3631 2756 3702 magnitudo,
2774 3633 2861 3686 sed
2889 3632 3088 3688 animus
3111 3638 3516 3704 specimen—Si
3544 3648 3673 3696 vero

2084 3721 2392 3788 centuplum
2423 3736 2528 3776 non
2558 3723 2872 3792 accipinms,
2925 3735 3024 3778 nos
3053 3724 3104 3779 in
3130 3741 3288 3782 causa
3336 3745 3549 3796 sumus,
3580 3737 3672 3802 qui

2084 3817 2193 3867 hon
2236 3819 2420 3868 mutuo
2448 3812 2639 3866 damus
2673 3813 2742 3877 ei,
2772 3814 2862 3883 qui
2887 3821 3086 3868 tantum
3118 3816 3244 3872 dare
3268 3829 3443 3890 potest
3469 3838 3485 3876 :
3513 3836 3672 3893 quot-

2086 3911 2214 3972 quot
2248 3902 2391 3956 enim
2435 3901 2715 3967 dederunt,
2756 3912 2834 3959 tot
2872 3913 3120 3977 tantaque
3156 3916 3506 3980 receperunt,
3548 3915 3673 3971 licet

2085 3988 2252 4064 pauca
2277 3993 2542 4048 dederint.
2591 3993 2727 4061 Quid
2750 3995 2894 4049 enim
2925 3998 3118 4067 tttagni,
3150 4015 3352 4069 qutBSO,
3385 4002 3533 4058 dedit
3565 4006 3668 4059 Pe-

2088 4085 2236 4138 trus?
2259 4098 2434 4140 nonne
2458 4091 2570 4140 rete
2589 4085 2834 4152 scissum,
2860 4096 2915 4143 et
2937 4089 3196 4144 calamum
3217 4101 3272 4146 et
3292 4092 3508 4148 hamum
3524 4096 3546 4149 ?
3561 4094 3668 4151 Sed

2089 4187 2264 4232 tamen
2289 4179 2425 4233 Deus
2449 4179 2546 4249 ipsi
2574 4179 2808 4234 universi
2834 4181 2979 4237 orbis
3008 4181 3197 4239 domos
3223 4187 3451 4254 aperuit,
3473 4197 3668 4244 terram

2087 4277 2140 4321 et
2176 4283 2322 4323 mare
2346 4270 2597 4340 expandit
2623 4280 2678 4324 et
2700 4285 2888 4326 omnes
2943 4273 3090 4327 illum
3117 4275 3183 4329 ad
3213 4291 3308 4330 sua
3339 4279 3666 4346 evocabam;

2087 4357 2196 4413 imo
2221 4374 2314 4414 sua
2353 4361 2642 4416 vendentes
2667 4362 2734 4416 ad
2765 4363 2903 4417 illius
2925 4365 3089 4434 pedes
3115 4366 3427 4436 aﬂ'erebant,
3468 4386 3573 4427 non
3602 4377 3669 4428 ad

2089 4469 2278 4508 manus
2303 4453 2649 4523 conjicientes
2681 4457 2893 4526 (neque
2921 4459 3063 4512 enim
3093 4459 3430 4534 audebant),
3458 4473 3668 4520 tantum

2088 4544 2163 4599 illi
2189 4556 2313 4600 cum
2343 4545 2703 4600 muniﬁcentia
2757 4546 3017 4603 honorem
3073 4551 3388 4607 tribuentes.
3435 4552 3540 4609 Sed
3581 4555 3673 4612 ille

2089 4634 2279 4690 Petrus
2307 4645 2440 4696 erat,
2470 4637 2695 4706 inquies.
2755 4637 2822 4692 Et
2843 4639 2967 4708 quid
3001 4641 3100 4696 hoc
3126 4683 3141 4706 ,
3172 4649 3206 4696 ο
3233 4643 3436 4698 homo?
3486 4645 3671 4716 Neque

2087 4727 2229 4782 enim
2259 4728 2418 4782 l'et‘ro
2443 4737 2645 4782 tantum
2673 4727 2787 4783 haec
2813 4730 3080 4798 pollicitus
3125 4741 3239 4799 est;
3291 4741 3472 4805 neque
3510 4736 3669 4806 dinu-~

2089 4820 2166 4875 Tu
2195 4826 2340 4888 vero,
2368 4819 2529 4877 'Pet're
2547 4863 2564 4889 ,
2588 4823 2898 4891 centuplum
2930 4825 3158 4895 recipies
3187 4827 3356 4890 solus,
3385 4829 3502 4896 sed,
3535 4831 3667 4898 Qui-

2087 4909 2296 4983 cquue
2317 4913 2571 4983 reliquerit
2599 4913 2824 4980 domum,
2850 4915 2928 4968 'vel
2949 4916 3157 4985 fratres,
3205 4919 3497 4990 centuplum
3534 4924 3669 4975 reci-

2090 5008 2207 5076 piet.
2257 5007 2436 5077 Neque
2459 5008 2601 5063 enim
2632 5012 2976 5077 personarum
3004 5009 3356 5067 differentiam
3386 5014 3473 5069 ille
3491 5017 3668 5082 novit,

2086 5097 2180 5153 sed
2197 5114 2378 5153 rerum
2403 5098 2612 5153 merita.
2659 5101 2729 5152 At
2753 5113 2859 5165 me,
2887 5099 3114 5170 inquies,
3142 5101 3430 5157 liberarum
3471 5103 3672 5160 chorus

2077 5189 2463 5255 circumsistit,
2479 5190 2754 5259 cupioque
2804 5191 2922 5244 illos
2965 5189 3155 5247 divites
3185 5193 3510 5264 relinquere.
3559 5195 3671 5251 Cur

2078 5286 2215 5351 ergo
2245 5281 2364 5336 illos
2392 5295 2654 5352 pauperes
2693 5281 2904 5336 reddis?
2932 5281 2989 5338 Si
3018 5284 3160 5338 enim
3191 5283 3299 5339 illis
3327 5287 3507 5341 omnia
3534 5289 3666 5342 reli-

2085 5371 2287 5442 queris,
2315 5388 2421 5426 non
2452 5381 2579 5426 tuta:
2625 5372 2880 5428 custOdia:
2928 5381 3013 5428 tua
3067 5375 3245 5429 omnia
3271 5379 3591 5443 committis;
3619 5379 3668 5434 si

2080 5474 2213 5516 vero
2237 5462 2402 5517 Deum
2429 5463 2724 5518 constituas
2766 5465 2998 5534 ipsorum
3021 5465 3344 5523 coheredem
3370 5477 3425 5523 et
3448 5478 3668 5523 curato-

2083 5570 2233 5622 rem,
2261 5554 2498 5612 iutinitos
2537 5558 2641 5612 illis
2681 5559 2964 5614 thesauros
3005 5561 3281 5631 relinquis.
3331 5563 3477 5619 Sicut
3517 5564 3664 5619 enim

2081 5663 2202 5702 cum
2233 5663 2331 5704 nos
2359 5649 2502 5719 ipsos
2554 5650 2880 5720 ulciscimur,
2935 5655 3072 5709 Deus
3122 5666 3220 5710 nos
3244 5665 3356 5709 non
3383 5654 3661 5719 defendit»;

2072 5743 2202 5794 cum
2233 5756 2360 5796 vero
2384 5756 2481 5797 nos
2507 5741 2604 5812 ipsi
2629 5744 3171 5818 eonnnittimusmlus
3195 5759 3354 5819 quam
3371 5751 3660 5812 exspecta-
