4012 6150
254 425 354 483 ’161

254 542 458 599 cretum,
492 551 583 590 nec
606 543 679 593 est
715 535 801 602 qui
828 550 880 588 se
907 530 1179 587 abscondat
1204 547 1234 584 a
1260 531 1430 585 calore
1461 534 1594 602 ejus.
1637 530 1835 585 Exuit,

256 613 380 665 tabit
415 618 469 664 ut
497 611 639 679 gigas
666 607 733 659 ad
761 603 1219 679 currentiantpiam
1253 618 1396 679 suam
1418 601 1593 679 μῖξαι.

255 681 332 750 7).
367 672 679 739 Exsultavit,
714 686 771 729 ut
798 675 955 750 modo
980 672 1297 750 audiebatur
1322 673 1371 750 in
1415 672 1723 750 Evangelio,
1752 673 1820 725 ob

257 743 522 804 iuventam
553 762 715 802 unam
755 744 1010 813 perditam
1055 758 1227 796 ovem.
1261 743 1493 811 Reliquit
1532 745 1817 813 enimno-

255 822 465 891 naginta
493 832 684 891 novem
713 811 840 891 oves
872 831 977 868 non
1011 823 1272 891 errantes,
1320 813 1382 891 id
1410 822 1512 878 est,
1554 811 1817 891 angelicas

253 881 496 955 viriutes,
530 890 582 943 in
626 887 912 949 montibus,
946 898 1137 952 nempe
1175 882 1226 955 in
1270 884 1448 948 caelis;
1480 893 1551 955 et_
1578 882 1722 936 venit
1751 881 1817 933 ad

254 953 520 1017 errantem
551 972 703 1013 ovem
725 957 1041 1011 clamantem
1072 962 1125 1007 et
1160 953 1424 1007 dicentem
1458 972 1471 1008 :
1505 953 1685 1008 Error:
1723 954 1819 1006 sic-

254 1042 310 1083 ut
339 1033 443 1086 ovis
469 1045 583 1099 qua:
611 1027 755 1098 periit
783 1041 801 1080 :
830 1041 998 1099 qurere
1021 1039 1219 1099 seruum
1229 1033 1420 1099 litum,
1436 1025 1555 1094 quia
1578 1023 1819 1099 mandata

251 1112 340 1154 tua
367 1093 817 1155 transuat-oblitus
843 1093 1013 1162 (Psal.
1044 1094 1164 1148 118.
1195 1093 1339 1156 176).
1379 1093 1487 1148 Hac
1514 1095 1688 1148 auditu
1727 1094 1818 1147 ille

252 1174 481 1226 errantis
510 1171 623 1224 ovis
654 1184 801 1230 voce,
846 1165 1115 1220 inclinavit
1151 1164 1310 1218 ca-los
1342 1173 1393 1217 et
1436 1164 1733 1227 descendit,
1764 1171 1819 1217 et

255 1243 398 1295 venit
423 1243 698 1309 quaesitum
729 1253 878 1293 ovem
911 1243 1175 1309 errantem
1201 1251 1215 1297 ;
1247 1250 1346 1309 qua
1387 1246 1609 1309 reperta
1636 1234 1814 1309 casul-

255 1315 402 1366 tavit.
434 1305 720 1366 Exsultabit
742 1318 796 1360 ut
821 1309 964 1376 gigas
983 1305 1050 1358 ad
1073 1305 1371 1376 currendam
1399 1306 1554 1376 uiam;
1570 1305 1817 1359 Cucurrit

255 1398 348 1447 per
376 1384 512 1434 viam
539 1397 567 1433 a
599 1381 742 1434 caelis
765 1374 1038 1430 in'terram
1058 1374 1340 1447 (exsultans
1365 1375 1593 1447 :deinde
1618 1392 1644 1429 a
1673 1385 1814 1429 terra

254 1445 305 1504 in
340 1453 535 1506 infe-ros
562 1449 814 1503 cucurrit.
858 1446 968 1500 lllic
993 1446 1178 1499 solutis
1207 1445 1482 1499 animabus
1508 1447 1754 1499 omnibus
1784 1460 1813 1498 a

251 1523 461 1576 diabolo
489 1520 745 1591 detentis,
777 1519 838 1591 _iu
891 1526 1085 1570 terram
1131 1515 1363 1591 cucurrit
1389 1524 1511 1591 ;_._et
1561 1531 1753 1591 rursus
1783 1531 1811 1568 a

254 1594 469 1646 terrain
497 1592 657 1646 cazlos
684 1588 750 1642 ad
777 1588 985 1642 Patrem
1034 1594 1089 1638 ιιι
1128 1585 1275 1653 gigas
1319 1585 1519 1640 insiliit.
1567 1586 1678 1641 Nec
1717 1596 1810 1652 est,

249 1663 336 1728 qui
361 1680 416 1716 se
447 1661 720 1715 abscondat
742 1675 773 1709 a
801 1658 972 1728 calore
989 1656 1136 1728 ejns_(
1148 1654 1292 1708 Psal.
1327 1656 1412 1707 18.
1450 1656 1526 1728 77).
1558 1657 1688 1728 Cum
1719 1673 1812 1709 ra-

249 1726 413 1787 lorem
441 1731 634 1788 Christi
660 1728 831 1788 audis,
862 1727 1033 1796 cogita
1064 1726 1206 1779 illmn
1237 1741 1355 1779 esse
1381 1727 1546 1780 solem
1569 1726 1808 1794 justitiae.

252 1801 360 1854 Nec
387 1813 479 1864 est,
509 1804 594 1870 qui
638 1817 692 1854 se
738 1798 1013 1852 abscondat
1050 1813 1080 1848 a
1114 1796 1283 1870 calore
1329 1797 1456 1870 ejus.
1501 1796 1629 1864 Quis
1668 1799 1808 1870 enim

248 1866 584 1941 frigidissima
634 1881 804 1924 morte
847 1877 1084 1927 enectus,
1127 1881 1185 1918 se
1221 1866 1511 1941 abscondat
1557 1882 1585 1920 a
1630 1869 1809 1941 calore

248 1937 413 2005 ipsius
440 1945 526 2011 Spi
538 1943 687 2001 ritus,
716 1950 768 1993 et
794 1952 970 1992 nonne
989 1950 1173 2011 omnes
1194 1951 1221 1987 a
1249 1937 1472 1989 mortuis
1495 1940 1809 2011 resurgant?

244 2011 391 2064 Tuba
440 2006 593 2066 canet
637 2011 803 2073 enim,
849 2018 903 2062 et
937 2006 1130 2060 mortui
1173 2014 1452 2073 resurgant
1495 2006 1806 2073 incorrupti.

244 2082 447 2137 Deinde
490 2082 612 2151 quid
662 2090 742 2133 est
773 2078 907 2151 illud
948 2076 1089 2151 quod
1120 2077 1386 2151 sequitur,
1434 2076 1652 2132 dilecti?
1695 2080 1806 2151 Etsi

244 2167 407 2220 pzmca
434 2146 703 2208 ex'multis
733 2148 1095 2221 tlixerimusin
1119 2146 1244 2198 illud
1275 2164 1287 2198 :
1312 2146 1656 2221 Quaecumque
1687 2150 1809 2221 liga-

241 2216 410 2275 i'eritis
439 2239 589 2291 super
615 2233 817 2278 terram,
851 2228 992 2271 erunt
1022 2217 1177 2286 ligata
1216 2226 1263 2268 et
1304 2216 1358 2268 in
1391 2219 1522 2291 creto
1543 2216 1638 2291 {et
1671 2216 1808 2288 qua:-

240 2308 454 2363 cumque
473 2287 714 2345 solveritis
741 2305 889 2356 super
912 2298 1117 2350 terram,
1146 2294 1291 2338 erant
1324 2287 1489 2363 soluta
1513 2298 1559 2341 et
1583 2289 1636 2342 in
1656 2291 1801 2363 caelo,

242 2362 296 2414 in
328 2355 638 2429 sequentem
669 2355 881 2429 versum
922 2366 1151 2429 mentem
1194 2355 1573 2429 transferamus
1601 2376 1614 2412 :
1647 2360 1805 2414 Amen

239 2432 356 2484 dico
396 2432 549 2493 vobis,
591 2433 708 2501 quia
734 2430 776 2482 si
805 2428 908 2481 duo
941 2444 1002 2501 ea:
1024 2428 1168 2501 nobis
1183 2428 1529 2501 consenserint
1542 2438 1714 2501 mutuo
1743 2431 1807 2485 de

236 2508 380 2554 omni
402 2519 458 2555 re
480 2496 839 2571 quamcumque
862 2498 1110 2571 petierint,
1134 2496 1333 2571 dabitur
1355 2498 1457 2550 illis
1479 2498 1686 2567 (Matth.
1712 2503 1799 2555 18.

237 2572 354 2638 19).
383 2567 646 2626 Abraham
668 2567 1010 2625 consentiens
1038 2582 1157 2622 cum
1194 2567 1323 2619 Sara
1350 2582 1515 2622 uxore
1552 2584 1668 2637 sua,
1714 2571 1804 2628 ille

235 2643 308 2695 ad
338 2643 498 2698 boves
519 2656 756 2699 currens,
793 2640 879 2692 illa
910 2652 1074 2708 partes
1095 2651 1352 2705 apparare
1378 2638 1651 2705 festinans,
1685 2657 1800 2696 rem

234 2714 553 2781 stupendum
581 2715 632 2766 in
660 2718 934 2765 senectute
974 2709 1341 2773 impetrarunt,
1387 2723 1582 2781 nempe
1613 2712 1797 2766 lilium.

234 2779 407 2836 Jacob
449 2783 755 2852 patriarcha
783 2796 902 2833 cum
951 2787 1120 2832 matre
1162 2779 1534 2852 consentiens,
1578 2780 1800 2837 benedi-

233 2848 693 2907 ctionis-atlcrnm
736 2849 963 2904 fructum
1007 2849 1229 2917 accepit.
1279 2848 1485 2918 Moyses
1529 2859 1582 2904 et
1623 2855 1799 2907 Aaron

232 2925 634 2977 consentientes
665 2929 826 2975 totam
863 2918 1150 2987 )Egyptum
1188 2920 1507 2987 expilarunt,
1551 2921 1802 2979 Hebraeo-

234 3009 467 3063 rumque
507 3008 671 3062 genus
720 2992 1028 3063 liberarunt.
1060 2988 1212 3063 testis
1241 2999 1295 3063 et
1321 2989 1534 3063 _Cbaleb
1566 3007 1799 3049 consen-

234 3058 452 3125 tientes.
493 3058 589 3117 soli
622 3072 814 3116 terram
847 3059 1212 3127 promissionis
1241 3062 1293 3112 itt
1320 3058 1680 3118 haereditatem
1710 3081 1798 3121 ac-

228 3142 512 3203 ceperunt.
548 3133 751 3187 Dehora
792 3128 1505 3203 cumDaracoconsentiens
1540 3134 1801 3191 crudelis-

228 3198 431 3259 simum
491 3200 980 3273 tyrannum_vicit.
1042 3198 1236 3273 {aditu
1283 3214 1403 3253 cum
1458 3202 1648 3257 ancilla
1700 3222 1796 3263 sua

227 3267 611 3338 consentiens,
655 3269 1002 3339 alienigenam
1052 3267 1444 3338 llolnphernem
1492 3278 1794 3339 prostravit.

226 3346 433 3401 Tobias
460 3360 580 3398 cum
623 3341 813 3411 angelo
855 3340 1214 3411 consentiens,
1238 3340 1569 3411 homicidam
1600 3343 1799 3401 dzemo-

226 3431 382 3477 nem,
427 3414 518 3484 qui
561 3408 971 3484 uxoretnsuam
1009 3408 1358 3484 observabat,
1402 3411 1686 3484 colligavit,
1742 3427 1798 3473 et

226 3480 478 3541 occlusos
505 3485 669 3554 patris
696 3483 876 3537 oculos
905 3483 1130 3554 aperuit.
1169 3480 1422 3554 Ezechias
1450 3480 1693 3554 etglsaias
1719 3488 1796 3541 si-

224 3555 346 3611 mul
388 3552 625 3618 orantes,
655 3562 866 3609 centum
899 3552 1162 3616 octoginta
1189 3553 1421 3620 quinque
1458 3552 1621 3606 millia
1663 3558 1795 3610 alie~

226 3629 547 3696 nigenarum
579 3632 995 3696 prostraverunt.
1034 3622 1226 3696 Paulus
1269 3632 1324 3674 et
1363 3622 1499 3675 Silas
1540 3624 1695 3696 simul
1742 3628 1793 3682 in

221 3689 452 3753 carcere
469 3689 683 3751 orantes
705 3694 926 3748 ellecere
957 3701 1009 3744 ttt
1038 3689 1377 3745 fundamenta
1403 3693 1629 3749 carceris
1650 3708 1794 3753 motu

223 3774 721 3822 commoverentur.
769 3765 886 3816 Alio
914 3762 1072 3815 etiam
1104 3760 1264 3814 modo
1309 3771 1481 3824 potest
1522 3761 1607 3818 hic
1648 3766 1796 3823 locus

222 3837 454 3904 intelligi
488 3854 502 3890 :
537 3836 596 3890 Si
617 3836 716 3905 duo
739 3833 1072 3905 consenserint
1091 3840 1258 3905 mutuo
1280 3832 1342 3884 de
1360 3833 1495 3905 omni
1514 3849 1588 3896 re,
1620 3852 1797 3905 quam-

221 3901 448 3975 cumque
477 3903 726 3976 petierint,
759 3903 960 3976 dabitur
980 3902 1071 3953 eis.
1111 3903 1170 3976 Si
1206 3902 1317 3955 haec
1344 3901 1470 3966 duo,
1510 3901 1796 3976 quie'mul-

223 3991 344 4034 tnm
364 3970 628 4031 dissidere
656 3985 709 4028 et
736 3973 1057 4028 contendere
1094 3970 1287 4036 solent,
1324 3970 1709 4042 consenserint,
1742 3978 1795 4033 id

219 4058 333 4113 est,
368 4062 494 4101 caro
515 4055 569 4100 et
595 4046 812 4112 spiritus
837 4061 849 4095 :
881 4057 1001 4113 nam
1034 4056 1160 4094 caro
1188 4043 1513 4111 concupiscit
1538 4043 1794 4103 adversus

217 4119 499 4189 spiritum,
532 4127 599 4189 et
637 4115 869 4189 s_piritus_
894 4112 1148 4189 adversus
1184 4126 1434 4189 carnem;
1464 4114 1507 4166 si
1551 4113 1664 4189 hmc
1688 4116 1795 4189 duo

217 4181 624 4251 consenserint,
660 4181 729 4239 ita
771 4193 827 4236 tit
857 4182 947 4251 hic
982 4181 1303 4245 dominetur,
1335 4181 1421 4236 illa
1448 4185 1680 4249 serviat;
1708 4187 1795 4242 hic

216 4261 423 4328 sapiat,
470 4258 556 4311 illa
597 4250 699 4309 non
735 4250 1062 4328 contradicat
1090 4269 1103 4303 :
1131 4259 1258 4328 tunc
1302 4252 1556 4317 Dominus
1598 4258 1700 4310 erit
1739 4258 1790 4311 in

216 4321 417 4385 medio
437 4328 625 4381 anima:
662 4334 715 4379 et
750 4321 1231 4395 carnis,_et_o_mnis
1269 4337 1376 4395 res,
1408 4338 1794 4395 quamcumque

216 4400 501 4470 petierint,
552 4391 1095 4470 dabitur___eis..Multi
1138 4395 1277 4470 enim
1328 4391 1789 4470 id_observant:es,

213 4461 467 4525 exauditi
491 4461 638 4525 sunt,
673 4475 728 4519 ttt
752 4464 897 4518 Elius
923 4462 975 4515 in
1002 4469 1203 4524 monte,
1232 4461 1416 4517 Daniel
1445 4464 1495 4516 in
1529 4464 1665 4529 lacu,
1697 4461 1790 4521 Jo;

213 4557 328 4595 nas
359 4540 410 4591 in
441 4547 578 4600 ceto,
626 4535 879 4591 Ezechias
908 4533 959 4586 in
992 4532 1128 4585 lecto
1165 4532 1486 4587 inlirmitatis
1512 4547 1641 4595 sum.
1690 4536 1790 4591 Pe-

214 4623 347 4665 trus
375 4610 424 4662 in
454 4609 642 4676 Joppe,
673 4615 725 4660 et
750 4603 1321 4676 CmneliusACmsareat.
1348 4601 1522 4676 Multae
1542 4605 1792 4676 mulieres

208 4696 353 4737 cum
384 4671 907 4744 solze‘precareutur,
938 4683 993 4725 ut
1023 4672 1152 4727 Sara
1194 4671 1440 4744 Raguelis
1478 4673 1529 4727 in
1569 4674 1794 4729 Ecbata—

211 4754 336 4812 nis,
368 4743 631 4802 Judith’in
674 4744 937 4808 cubiculo,
978 4743 1219 4812 Susanna
1253 4743 1302 4795 in
1341 4743 1544 4811 judicio
1578 4745 1790 4811 iniquo-

210 4810 374 4875 rum.
424 4817 564 4870 'l’tmc
600 4817 857 4879 accedens,
893 4814 1081 4883 inquit,
1128 4810 1312 4866 Petrus
1344 4810 1482 4867 dixit
1525 4810 1743 4869 Domino
1772 4833 1793 4870 :

211 4889 442 4953 Quoties
471 4887 717 4940 dimittant
765 4885 1062 4957 fratri-tneo
1104 4885 1159 4957 in
1201 4898 1280 4957 me
1313 4883 1595 4957 Apeccan‘ti?
1633 4901 1794 4957 usque

202 4952 411 5025 septies
455 4957 666 5025 (Matth.
718 4952 805 5009 l8.
852 4953 978 5025 21)?
1019 4952 1154 5019 Quid
1197 4954 1263 5006 ad
1312 4952 1454 5025 illum
1498 4952 1792 5010 Dominus?

207 5023 357 5087 Non
385 5023 545 5081 solum
573 5026 684 5079 dico
715 5027 823 5085 tibi.
856 5023 1023 5094 Usque
1062 5025 1259 5091 septies,
1287 5024 1374 5094 sed
1402 5040 1559 5094 usque
1589 5035 1792 5094 septua-

201 5104 335 5175 gies
355 5099 553 5166 septies.
580 5097 710 5175 Quia
740 5097 879 5175 enim
905 5093 1145 5175 audierat
1171 5093 1444 5146 Dominum
1474 5093 1788 5175 dicentem:

207 5165 571 5240 'Qua'cumque
608 5166 878 5236 ligaveritis
909 5180 1072 5240 super
1111 5174 1314 5227 terram,
1353 5174 1495 5217 erunt
1536 5165 1694 5235 ligata
1736 5167 1791 5219 in

200 5235 392 5302 (ivlo;
421 5249 465 5291 et
489 5235 811 5307 quotcumque
844 5235 1086 5307 solveritis
1114 5249 1277 5307 super
1299 5242 1505 5307 terram,
1536 5245 1681 5289 erunt
1708 5252 1792 5289 so-

201 5319 338 5369 tum
379 5309 430 5361 in
475 5302 631 5371 ciete;
679 5302 1080 5374 promissionem
1130 5302 1336 5357 Domini
1386 5305 1600 5372 implet.
1649 5307 1790 5361 scire

200 5381 386 5437 simul
420 5380 620 5439 volens,
647 5373 841 5444 quanta
870 5385 1013 5429 esset
1042 5374 1128 5426 illa
1162 5385 1266 5425 tam
1310 5373 1536 5442 benigna
1578 5375 1788 5431 Domini

198 5452 418 5524 gratia.
451 5447 630 5524 Dixisti
663 5443 1196 5524 nobis-Quacumque
1223 5443 1492 5510 ligaveritis
1519 5461 1671 5524 super
1692 5458 1790 5524 ter-

199 5516 362 5581 ram,
389 5527 532 5571 erant
561 5518 717 5585 ligata
759 5525 801 5566 et
831 5516 891 5585 in
911 5516 1068 5577 ctelo;
1106 5525 1151 5565 et
1187 5529 1509 5585 quacumque
1543 5517 1790 5571 solveritis

198 5603 383 5656 super
409 5582 618 5650 terram,
646 5595 789 5638 erant
816 5584 981 5656 soluta
1008 5593 1057 5635 et
1098 5586 1151 5635 in
1183 5583 1343 5656 uelo.
1375 5582 1595 5656 Quoties
1636 5600 1786 5654 ergo,

196 5663 252 5718 si
285 5653 601 5727 'Peccaverit
632 5656 681 5709 in
709 5669 797 5709 me
825 5654 985 5706 frater
1018 5667 1193 5727 me"?!
1220 5653 1479 5727 άίπιίῑιὲηη
1506 5655 1593 5708 ei?
1623 5653 1788 5727 "sane

191 5723 461 5799 septies?
509 5729 763 5799 Dominus
797 5734 971 5799 autem
1013 5723 1356 5799 considerans
1388 5723 1601 5799 inopem
1645 5726 1787 5799 illius

193 5792 371 5859 circa
413 5798 715 5865 proximum
750 5792 1152 5865 humanitatem.
1193 5792 1326 5845 dixit
1353 5792 1403 5846 ei
1433 5809 1445 5844 :
1473 5792 1595 5848 Non
1620 5796 1787 5848 solum

198 5873 346 5928 dico
374 5862 479 5935 tibi,
518 5882 673 5933 usque
712 5862 910 5934 septies,
949 5862 1039 5917 sed
1066 5878 1224 5931 usque
1262 5865 1542 5934 septuagics
1581 5868 1777 5937 septies.

556 5950 822 6018 Parnm"
870 5958 984 6018 Gn.
1037 5960 1136 6019 LX
1151 6006 1164 6021 .

1347 415 1433 473 DF;
1472 412 1872 471 REMlSSlO‘NE
1910 414 2384 491 PECCATORUM.

3394 425 3496 476 ἴση

1928 528 2006 584 Tu
2051 533 2192 586 enim
2241 544 2294 587 ttt
2326 533 2502 606 homo
2535 549 2731 603 panper
2772 551 2884 591 rem
2933 551 3213 603 pauperem
3258 540 3450 606 petiisti
3476 583 3491 602 ,

1925 614 2025 677 ego
2068 618 2194 677 vero
2234 614 2292 657 ut
2324 604 2460 677 Deus
2506 606 2835 674 magniﬁcus,
2870 608 3091 661 ubertim
3123 604 3346 677 gratiam
3385 611 3491 662 lar-

1924 672 2058 750 trior:
2102 671 2222 750 Non
2251 675 2421 750 solum
2461 671 2639 750 usque
2664 678 2863 745 septies,
2895 679 2982 730 sed
3022 671 3177 737 usque
3212 684 3492 750 septuagies

1924 741 2265 817 septies._Sed
2311 745 2362 817 in
2395 744 2496 817 hoc
2529 744 2694 817 verbo
2720 741 3040 817 mysterium
3085 757 3164 802 est
3205 741 3493 803 occultum.

1927 809 2033 863 Nisi
2061 811 2203 887 enim
2247 814 2478 887 agricola
2528 815 2755 887 ligonem
2786 809 2840 871 in
2873 826 3065 872 terram
3107 819 3368 887 profunde
3398 823 3489 873 iut-

1923 884 2201 948 presserit,
2224 899 2336 952 (non
2383 884 2585 937 fructus
2611 886 2664 938 in
2701 887 2876 940 futuro
2907 884 3145 952 tempore
3172 889 3368 944 uberes
3409 892 3491 944 in-

1923 951 2100 1005 veniet
2127 973 2139 1007 :
2168 951 2244 1006 si!
2264 964 2316 1007 et
2341 970 2458 1012 nos.
2489 955 2589 1009 nisi
2634 967 2865 1010 mentem
2900 957 3161 1022 profunde
3190 961 3240 1013 in
3283 960 3487 1014 literati:

1923 1023 2270 1090 applicemus,
2294 1027 2561 1078 occultum
2600 1025 2830 1093 Spiritus
2860 1027 3165 1082 thesaurum
3204 1044 3308 1083 non
3339 1033 3491 1085 inve-

1924 1093 2148 1167 niemus.
2180 1094 2403 1160 Quoties,
2431 1096 2476 1149 si
2501 1099 2772 1167 peccaverit
2792 1100 2845 1151 in
2870 1115 2948 1151 me
2969 1103 3124 1167 frater
3142 1116 3299 1167 meus,
3320 1100 3492 1153 dimit-

1923 1170 2024 1238 tant
2047 1163 2141 1238 ei?_
2164 1178 2326 1238 usque»
2356 1166 2580 1238 septies?
2617 1166 2726 1238 Cttr
2761 1185 2865 1221 non
2896 1163 3048 1232 dixit,
3080 1168 3259 1238 Usque
3286 1163 3488 1234 'oclies,

1921 1232 2004 1285 vel
2034 1232 2227 1309 sexies,
2249 1236 2328 1287 vel
2354 1232 2569 1309 decies;
2603 1236 2717 1300 sed,
2756 1238 2798 1292 U
2803 1256 2923 1307 sque
2947 1241 3126 1309 septies
3148 1232 3325 1308 ?'Quia
3350 1232 3492 1297 Deus

1919 1314 2011 1354 sex
2043 1303 2229 1379 diebus
2259 1306 2432 1379 munia
2464 1307 2602 1365 fecit.
2641 1320 2689 1360 et
2722 1309 2808 1361 die
2842 1303 3071 1377 septimo
3118 1303 3377 1379 requievit
3421 1314 3489 1367 ab

1919 1374 2170 1449 operibus
2206 1375 2334 1449 suis.
2383 1376 2455 1449 De
2498 1392 2556 1449 re
2583 1392 2773 1431 arcana
2822 1374 3112 1449 interrogat
3158 1374 3345 1435 Petrus
3385 1382 3488 1435 Do-

1920 1442 2617 1521 mintnu,bhet-clcsiastieos
2655 1463 2884 1521 canones
2939 1442 3178 1504 ediscere
3232 1453 3418 1505 volens
3466 1472 3478 1506 :

1921 1514 2230 1590 Intetnpe,_'Si
2261 1517 2560 1590 peccaverit
2590 1518 2656 1590 in
2707 1534 2791 1590 me
2837 1518 3176 1574 fratemueus
3220 1537 3385 1590 usque
3431 1524 3483 1577 itt

1917 1580 2076 1636 finem
2104 1583 2223 1636 vitae
2261 1580 2393 1651 sua',
2426 1596 2480 1639 ct
2508 1588 2691 1640 ultimo
2727 1589 2845 1642 vita:
2892 1603 3001 1642 suae
3044 1590 3151 1654 die,
3198 1580 3400 1645 scilicvt
3433 1593 3483 1645 in

1917 1653 2538 1726 septimo,paenitentiam
2565 1658 2749 1726 egerit,
2792 1674 2915 1711 nttm
2952 1653 3214 1714 dimittam
3247 1661 3336 1714 ei?
3375 1663 3483 1715 lle-

1916 1724 2130 1788 spondit
2181 1725 2434 1799 Dominus
2465 1744 2483 1799 ξ
2512 1724 2639 1799 Non,
2673 1728 2830 1799 modo
2877 1730 2929 1782 in
2979 1732 3230 1799 pra'senti
3285 1734 3483 1786 smculo

1917 1802 2131 1868 peccata
2165 1795 2399 1868 dimittes
2439 1798 2508 1860 ei,
2551 1798 2643 1850 sed
2675 1798 2834 1851 etiam
2867 1799 2917 1852 in
2946 1795 3126 1853 futuro
3165 1817 3348 1868 parces
3380 1804 3476 1865 illi,

1914 1863 2053 1939 quod
2082 1866 2334 1939 smcttlttm
2362 1868 2609 1939 prmsenti
2628 1869 2806 1939 (majus
2832 1878 2914 1923 est
2938 1863 3236 1939 septuagies
3260 1863 3477 1939 septies.

1915 1929 2088 1985 Verax
2119 1937 2261 1987 enim
2292 1929 2378 1989 esi
2412 1938 2500 2003 qui
2530 1937 2660 2009 dixit
2703 1929 2814 2003 tibi,
2859 1929 3197 2009 Quam-nmque
3239 1929 3482 1998 soli'eritis

1911 2016 2063 2080 super
2083 2013 2289 2074 terram,
2314 2015 2459 2058 erunt
2485 2008 2651 2080 soluta
2675 2019 2721 2061 et
2747 2010 2799 2061 in
2833 2011 2991 2063 carlt's.
3014 2008 3119 2065 Sed
3149 2011 3321 2065 adhuc
3351 2029 3475 2080 pru-

1913 2070 2209 2148 fundiorem
2236 2070 2450 2148 sensum
2487 2078 2821 2146 exploremus
2850 2100 2862 2132 :
2891 2080 2945 2133 Si
2979 2082 3277 2148 peccaverit
3307 2070 3362 2135 iti
3393 2100 3479 2137 tne

1913 2142 2075 2220 frater
2103 2159 2408 2220 mQIlSLDOD
2435 2142 2571 2220 in_te
2601 2148 2787 2211 Deum,
2830 2150 2921 2204 sed
2951 2142 3001 2204 in
3035 2167 3139 2215 me,
3169 2154 3375 2220 quoties
3400 2156 3480 2207 di-

1912 2212 2116 2266 mittam
2143 2216 2231 2268 ei?
2261 2215 2569 2284 Respondet
2601 2220 2856 2273 Dominus
2883 2238 2894 2273 :
2927 2212 3150 2282 Peccata
3178 2212 3227 2275 in
3259 2238 3344 2276 me
3373 2241 3476 2277 ttntt

1910 2284 2069 2364 modo
2100 2299 2266 2364 usque
2303 2288 2502 2364 septies
2539 2287 2792 2364 dimittes,
2833 2291 2927 2364 sed
2966 2308 3134 2364 usque
3181 2296 3480 2364 septuagies

1908 2354 2355 2432 sept-ies._Vet_-utn
2378 2358 2519 2432 enim
2547 2361 2795 2432 estquod
2823 2360 2958 2414 dixit
2984 2354 3192 2432 {Omne
3220 2354 3477 2432 peccaittnt

1909 2432 1955 2500 et
1981 2423 2292 2500 blasphemia
2317 2427 2591 2479 remittetur
2619 2423 2942 2496 hominibus;
2969 2423 3280 2500 blasplteniia
3315 2445 3478 2488 autem

1906 2493 1960 2545 in
1980 2493 2237 2572 Spiritum
2259 2507 2490 2572 sanctum
2528 2512 2628 2572 non
2656 2493 2952 2572 remittetur,
2985 2493 3142 2572 neque
3176 2507 3228 2555 in
3259 2504 3353 2556 hoc
3377 2522 3474 2560 δαν-

1906 2563 2021 2642 ςυιο
2063 2581 2225 2642 neque
2252 2566 2306 2618 in
2351 2566 2521 2642 futuro
2552 2566 2759 2637 (Matth.
2801 2570 2887 2625 12.
2919 2569 3028 2642 51).
3059 2563 3250 2627 ’ϐηιιίτι
3294 2583 3470 2629 autem

1909 2634 2040 2698 Deo,
2082 2635 2226 2705 quod
2265 2650 2360 2690 nos
2396 2637 2497 2691 hoc
2544 2634 2817 2705 peccatum
2862 2634 3289 2696 nou'timeamns
3319 2660 3332 2694 :
3366 2660 3469 2698 non

1905 2705 2047 2780 enim
2077 2704 2507 2780 blasphemamus
2529 2704 2580 2761 in
2611 2709 2864 2780 Spiritum
2893 2723 3154 2776 sanctum,
3179 2713 3270 2768 sed
3301 2714 3469 2780 ipsum

1905 2775 2195 2847 adoramus
2214 2787 2269 2830 et
2303 2775 2683 2847 glorificamus.
2714 2778 2818 2835 Sed
2846 2783 3020 2837 adhuc
3046 2782 3242 2836 dictum
3267 2775 3472 2837 etiami-

1904 2859 2115 2922 nemus.
2153 2845 2283 2900 Nam
2311 2845 2495 2922 aurum
2542 2850 2827 2922 conﬂatum
2864 2852 3112 2922 fulgidius
3155 2864 3236 2907 est
3264 2871 3276 2903 :
3305 2855 3381 2907 sic
3419 2866 3473 2907 et

1904 2916 2177 2988 Scriptura
2216 2921 2512 2979 examinata
2550 2921 2747 2974 clarior
2771 2916 2965 2976 evadit:
3014 2922 3075 2975 Si
3113 2925 3384 2988 peccat-erit
3420 2927 3471 2977 in

1897 2992 1998 3062 ate
2025 2989 2373 3062 fratermeus,
2418 2990 2609 3062 quoties
2650 2990 2898 3062 dimittam
2945 2994 3029 3046 ei?
3053 3010 3207 3062 usque
3246 2996 3472 3062 septies?

1902 3059 2036 3125 Quia
2077 3058 2281 3132 sciebat
2310 3059 2490 3132 legem
2518 3061 2820 3132 hominibus
2852 3073 3063 3132 peccata
3106 3058 3373 3117 dimittere
3416 3066 3468 3119 iu

1902 3130 2207 3199 septenario
2232 3128 2391 3197 hujus
2426 3131 2607 3184 smculi
2640 3149 2653 3185 :
2684 3128 3028 3200 nequeenim
3061 3133 3288 3187 habebat
3314 3146 3464 3187 octa-

1900 3216 2019 3254 vam
2063 3201 2469 3254 resurrectionis
2510 3201 2691 3265 diem;
2742 3205 2863 3268 quia
2909 3203 3142 3257 nondum
3182 3205 3471 3259 advenerat

1901 3271 2144 3343 Christus
2168 3271 2261 3343 qui
2289 3271 2695 3343 resurrectionis
2719 3272 2858 3327 diem
2883 3272 3043 3326 habet
3071 3291 3083 3325 :
3115 3274 3338 3343 ideoque
3364 3275 3470 3328 lla-

1901 3342 2012 3404 vid,
2036 3340 2156 3409 quia
2185 3341 2283 3394 sub
2310 3339 2427 3409 lege
2454 3350 2588 3401 erat,
2633 3343 2829 3410 septies
2856 3345 2905 3397 in
2937 3343 3025 3397 die
3061 3339 3464 3409 lamlat'Dcum;

1899 3411 2029 3485 dicit
2057 3410 2220 3476 enim,
2246 3410 2444 3485 Septies
2464 3411 2517 3464 in
2544 3411 2626 3485 die
2654 3413 2855 3485 laudent
2888 3414 2995 3467 dixi
3022 3414 3110 3468 tibi
3140 3416 3309 3485 (Psal.
3341 3417 3363 3469 1
3386 3422 3466 3470 l8.

1901 3480 2049 3552 164),
2094 3496 2198 3535 non
2246 3483 2415 3552 octies
2444 3497 2458 3535 :
2486 3481 2723 3536 nondum
2763 3484 2904 3537 enim
2934 3480 3155 3538 venerat
3183 3486 3464 3547 Christus;

1902 3551 2072 3620 neque
2101 3560 2284 3604 octava
2322 3551 2438 3605 dies
2486 3554 2888 3608 resurrectionis
2931 3571 2947 3612 :
2986 3555 3157 3609 adhuc
3205 3572 3321 3610 sum
3370 3559 3469 3610 sub

1899 3622 2037 3691 lege,
2070 3621 2168 3675 sub
2189 3622 2305 3691 lege
2327 3621 2554 3675 serviam
2582 3623 2672 3676 tibi
2697 3641 2712 3686 ;
2741 3624 2914 3678 adhuc
2936 3625 3142 3679 ancillze.
3164 3626 3299 3680 ﬁlius
3325 3641 3464 3686 Sltltl,

1900 3707 2093 3761 nempe
2138 3705 2420 3762 synagogas
2463 3691 2746 3746 :nondum
2796 3695 2937 3748 enim
2986 3710 3051 3748 ex
3102 3696 3265 3750 libera
3315 3707 3468 3750 natus

1899 3759 2061 3832 sum}
2096 3759 2217 3816 ideo
2244 3759 2484 3832 ait.’Eg_o
2524 3777 2695 3815 servus
2734 3772 2845 3816 tuus
2870 3773 2918 3816 et
2952 3764 3087 3832 filius
3130 3768 3333 3820 ancilla:
3365 3777 3467 3822 tua:

1899 3831 2071 3905 (Psal.
2102 3831 2393 3905 “546):
2416 3830 2550 3884 Nam
2595 3846 2801 3899 eorum,
2846 3830 3014 3903 quiin
3044 3836 3212 3904 gratia
3241 3852 3466 3905 regene-

1898 3902 1999 3957 rati
2039 3914 2161 3957 sunt
2201 3901 2622 3957 Christianorum
2668 3913 2838 3957 mater
2865 3901 3067 3959 'libera'
3093 3915 3194 3970 est,
3240 3901 3469 3959 ut'tlicit

1885 3970 2170 4041 Apostolus
2197 3990 2209 4026 :
2239 3972 2346 4026 Illa
2368 3987 2505 4035 vero,
2527 3988 2641 4042 qua:
2662 3989 2859 4027 sursum
2886 3982 2956 4027 est
2982 3973 3282 4034 Jerusalem,
3312 3976 3466 4029 libera

1898 4052 1988 4104 est,
2016 4058 2128 4112 qua:
2153 4052 2222 4096 est
2251 4053 2411 4095 mater
2432 4041 2653 4097 omnium
2673 4055 2897 4096 nostrum
2925 4041 3065 4113 (Gal.
3102 4045 3156 4098 4.
3182 4044 3294 4112 26).
3321 4048 3462 4113 Quo-

1899 4114 1998 4166 ties
2023 4128 2150 4180 ergo
2180 4114 2420 4180 peccabit
2454 4114 2506 4166 in
2532 4128 2617 4167 me
2647 4114 2809 4167 frater
2839 4129 2987 4167 meus
3013 4124 3067 4167 et
3092 4114 3352 4169 dimittant
3380 4118 3464 4170 ei?

1898 4197 2064 4250 usque
2087 4183 2330 4253 septies?
2360 4183 2437 4237 Ac
2466 4183 2511 4236 si
2550 4184 2753 4239 diceret
2779 4200 2792 4233 :
2826 4183 3149 4253 Praecipisne
3190 4195 3245 4238 ιιι
3282 4186 3465 4239 dimit-

1898 4261 2257 4325 tam‘peccata
2273 4252 2539 4325 fratribus
2562 4255 2717 4325 meis,
2754 4264 2811 4306 ut
2842 4253 2927 4308 lex
2955 4252 3193 4325 praecipit
3220 4255 3293 4325 (id
3322 4256 3464 4310 enim

1897 4322 2177 4390 signiﬁcat,
2213 4322 2379 4391 Usque
2414 4323 2715 4393 septies),an
2738 4322 3023 4393 amplius?
3048 4322 3303 4379 Domitius
3338 4342 3468 4380 vero

1895 4393 2117 4464 gratiam
2146 4393 2433 4461 ampliﬁcat
2469 4390 2692 4447 dicens:
2728 4390 2855 4464 Non
2881 4392 3032 4447 modo
3072 4411 3230 4464 usque
3260 4399 3463 4464 septies,

1895 4461 1982 4517 sed
2021 4478 2194 4535 usque
2223 4464 2508 4535 septuagies
2549 4464 2748 4533 septies.
2796 4462 3062 4535 Quantum
3103 4461 3245 4519 enim
3296 4461 3465 4535 legem

1897 4544 2113 4603 superat
2151 4532 2415 4598 Verbum,
2446 4532 2645 4587 tantum
2693 4535 2864 4603 gratia
2907 4532 3077 4602 legem
3117 4552 3131 4588 :
3174 4551 3277 4589 non
3321 4532 3465 4590 enim

1899 4602 2133 4658 Verbum
2164 4603 2304 4657 Deus
2323 4618 2387 4657 ex
2414 4603 2550 4672 lege.
2574 4603 2666 4656 sed
2688 4602 2769 4658 lex
2790 4619 2856 4657 ex
2884 4604 3082 4658 Verbo.
3105 4605 3171 4659 Et
3190 4606 3464 4661 sciendum

1897 4683 1998 4737 est,
2025 4674 2309 4736 carissimi,
2357 4682 2552 4740 quanta
2595 4675 2664 4726 sit
2707 4674 2855 4728 verbi
2903 4674 3123 4741 utilitas,
3169 4686 3230 4730 ut
3269 4676 3466 4734 discas.

1897 4753 2092 4812 quanto
2111 4744 2280 4812 majus
2295 4752 2378 4796 est
2398 4743 2636 4806 verbum,
2662 4759 2817 4810 quam
2842 4744 2946 4798 lex.
2970 4744 3079 4798 Lex
3099 4746 3283 4802 decem
3310 4748 3468 4800 verba

1896 4813 1988 4866 dat
2010 4813 2227 4878 Iudaeis,
2255 4822 2309 4866 et
2334 4812 2465 4867 nihil
2510 4812 2709 4881 profuit
2733 4831 2746 4865 :
2781 4816 2935 4868 nobis
2964 4829 3095 4869 vero
3124 4817 3261 4872 Deus
3300 4832 3464 4870 unttnt

1897 4882 2131 4938 Verbum
2160 4882 2327 4943 dedit,
2359 4893 2414 4935 et
2439 4898 2625 4935 omnes
2649 4884 2899 4937 servavit.
2928 4885 3035 4940 Sed
3062 4886 3236 4940 adhuc
3258 4888 3466 4941 literam

1897 4953 2095 5025 Spiritu
2135 4955 2445 5007 sarriamus.
2486 4952 2615 5005 Nam
2646 4955 2734 5023 qui
2763 4954 3070 5008 thesaurum
3098 4957 3327 5025 aperuit,
3360 4972 3465 5010 non

1898 5023 2059 5076 modo
2086 5038 2272 5075 aurum
2313 5031 2367 5074 ct
2412 5032 2684 5090 argentum
2714 5026 2907 5093 accipit
2932 5036 2988 5079 et
3015 5023 3146 5090 abit,
3176 5026 3270 5080 sed
3304 5028 3465 5080 etiam

1898 5093 2100 5160 lapides
2130 5093 2392 5161 pretiosos
2421 5093 2668 5161 ipsosque
2695 5095 2873 5148 varios
2894 5095 3102 5164 quierit.
3146 5095 3204 5149 Si
3235 5111 3469 5164 peccave-

1896 5165 1967 5235 rit
1987 5165 2148 5235 inme
2174 5166 2329 5235 frater
2370 5178 2525 5223 meus,
2557 5165 2746 5235 quoties
2789 5165 3039 5218 dimittam
3079 5165 3165 5218 ei?
3190 5181 3347 5235 usque
3385 5182 3469 5219 se-

1897 5234 2023 5304 pties
2044 5233 2530 5304 .97Mysterittm_cst,
2561 5233 2760 5295 dilecti,
2790 5234 3164 5290 absconditum
3197 5233 3269 5288 iu'
3291 5236 3464 5295 litera,

1895 5302 1950 5358 ct
1978 5302 2170 5357 multos
2195 5303 2365 5356 latuit.
2391 5302 2470 5375 Tu
2493 5318 2618 5358 vero
2648 5304 2774 5357 mihi
2801 5319 3015 5375 sensum
3037 5305 3467 5375 diligentercon-

1895 5376 2070 5429 sidera
2104 5390 2117 5426 :
2147 5383 2332 5426 acutus
2377 5373 2518 5426 enim
2550 5384 2651 5440 est,
2684 5376 2900 5429 volucre
2943 5373 3152 5441 levior,»
3180 5376 3270 5445 qui
3311 5374 3466 5429 facile

1896 5445 2066 5513 possit
2111 5445 2327 5515 oculum
2365 5445 2554 5515 mentis
2598 5445 2958 5513 praetergredi,
3013 5446 3172 5498 etiam
3224 5446 3325 5506 iis,
3371 5447 3466 5515 qui

1895 5514 2200 5570 acutissime
2244 5513 2427 5567 vident
2459 5531 2472 5566 :
2501 5514 2562 5568 Si
2604 5515 2876 5583 peccaverit
2904 5515 2979 5584 in,
3000 5531 3080 5568 me
3106 5518 3263 5584 frater
3300 5513 3465 5576 meus.

1893 5585 2083 5651 quoties
2117 5583 2375 5654 dimittam
2395 5584 2439 5636 ei
2459 5583 2485 5637 ξ)
2523 5601 2677 5653 usque
2704 5586 2884 5654 septies
2909 5584 2935 5637 ?
2961 5583 3350 5651 Nantquazsittt
3375 5586 3464 5638 di-
3515 5632 3519 5642 ρ

1933 5670 2055 5709 num
2084 5665 2185 5717 cst,
2215 5668 2313 5707 cur
2346 5652 2539 5707 dixerit
2568 5652 2775 5719 Petrus,
2812 5653 2981 5719 Usque
3022 5654 3223 5723 septies,
3271 5664 3328 5709 et
3368 5671 3468 5709 cur

1933 5671 2055 5709 num
2084 5671 2185 5717 ρει,
2215 5671 2313 5707 cur
2346 5671 2539 5707 uixerit
2568 5671 2775 5719 retrus,
2812 5671 2981 5719 usque
3022 5671 3223 5723 septies,
3271 5671 3328 5709 et
3368 5671 3460 5709 cur

1894 5671 2154 5805 geminus
2191 5724 2540 5805 respopderit,
2561 5802 2568 5805 _
2592 5723 3077 5805 Usqueseptuagies
3121 5726 3318 5805 septies.
3351 5724 3460 5805 Sed

1896 5794 2081 5848 Petrus
2096 5795 2148 5847 in
2169 5808 2334 5861 sc0po
2350 5792 2576 5848 habebat
2592 5792 2859 5849 homicidii
2877 5792 3075 5866 scelus,
3094 5794 3234 5863 quod
3249 5797 3456 5866 gravis-

1856 5863 1863 5868 ’
1896 5866 2087 5920 simum
2117 5873 2217 5929 est,
2242 5873 2294 5919 et
2317 5866 2366 5917 in
2384 5866 2639 5935 mysterio
2659 5866 2799 5920 scire
2827 5864 3039 5920 volebat
3060 5863 3449 5923 ecclesiasticas

3078 5964 3155 6026 b8
