3970 6148
334 298 442 354 769

341 416 576 471 membra
601 413 755 471 bovis
776 424 832 471 et
858 414 991 486 ignis
1014 414 1263 481 cielestis,
1286 423 1411 470 sunt
1432 415 1622 486 triplex
1648 415 1913 484 baptisma

337 495 396 543 et
420 501 551 540 crux
578 494 632 540 et
668 486 904 540 membra
935 486 1131 541 Christi
1162 497 1215 541 et
1251 487 1478 541 caelestis
1506 486 1780 555 splendor.
1808 487 1912 542 Ter

339 558 393 611 in
421 557 517 623 die.
540 556 745 623 Daniel,
772 557 970 625 apertis
997 557 1186 632 domus
1211 572 1322 632 sua;
1350 558 1615 621 fenestris,
1642 557 1719 632 ad
1737 557 1916 611 orien-

338 638 443 682 tem
494 641 714 695 precaris
737 667 752 692 ,
781 642 895 681 rem
938 629 1156 697 petitam
1200 628 1519 696 asseqinuus
1541 638 1657 693 est;
1688 628 1915 684 docente

336 713 435 752 nos
480 698 737 768 mysterio
762 739 776 762 ,
806 710 1059 766 oportere
1102 713 1199 751 nos
1238 700 1432 752 mentis
1469 699 1637 752 oculis
1674 701 1872 767 apertis
1899 739 1912 762 ,

339 768 477 822 Patri
509 767 562 819 et
605 768 738 822 Filio
766 775 821 821 et
858 767 1075 837 Spiritui
1108 778 1294 823 sancto
1322 768 1386 822 ad
1417 770 1678 823 orientem
1711 768 1912 837 suppli-

336 855 479 892 care.
510 837 643 891 Tres
689 837 1204 908 pum-i,incorrupti,
1240 840 1290 894 in
1335 839 1601 893 fornacem
1642 839 1909 908 conjecti,

337 909 440 977 ipsi
470 907 682 977 quidem
713 907 841 962 nihil
872 909 1014 978 passi
1043 920 1162 962 sunt
1184 951 1199 974 ,
1234 910 1324 964 scd
1354 910 1635 963 Cbalda-os
1660 907 1909 964 combus-

337 991 515 1033 sernni
544 997 556 1033 :
585 989 691 1033 tres
723 980 871 1047 pueri
901 980 1212 1049 incorrupti,
1240 981 1420 1034 fornax
1451 990 1504 1033 et
1530 980 1761 1034 Chalda-i
1788 991 1909 1036 sunt

336 1049 567 1103 Trinitas
592 1049 895 1119 incorruiita
916 1092 932 1117 ,
959 1051 1214 1119 judicium
1240 1060 1293 1105 et
1319 1052 1606 1105 dmmones.
1640 1051 1772 1105 Tres
1801 1052 1909 1107 rir-

338 1129 476 1175 tutes
516 1122 702 1175 beatus
745 1121 937 1175 Paulus
978 1122 1227 1175 biecle~ias
1268 1120 1427 1175 tradit
1453 1121 1638 1175 dicens
1666 1139 1681 1175 :
1713 1120 1905 1186 Fides,

336 1208 468 1261 spes.
498 1192 681 1243 ciuitas
706 1191 724 1261 (
753 1191 801 1246 1.
828 1190 946 1245 Cor.
977 1193 1062 1246 15.
1096 1194 1199 1258 15)
1230 1210 1243 1245 :
1268 1193 1399 1245 fides
1428 1192 1478 1244 iu
1511 1194 1715 1248 Patrem
1742 1234 1756 1257 ,
1785 1206 1908 1259 spes

335 1260 386 1315 in
422 1261 614 1334 Filium
635 1302 651 1327 ,
680 1260 734 1315 et
762 1261 1034 1334 plenitudo
1066 1263 1194 1331 legis
1222 1262 1412 1334 caritas
1441 1263 1614 1334 (Rom.
1650 1264 1735 1317 15.
1772 1264 1857 1334 10)
1888 1282 1902 1318 :

335 1348 456 1384 nam
500 1330 717 1385 Fructus
754 1332 975 1401 Spiritus
1007 1343 1076 1387 est
1117 1330 1319 1388 caritas.
1358 1333 1462 1387 Ter
1489 1344 1541 1386 et
1569 1333 1683 1401 ipse
1713 1330 1905 1389 Paulus

336 1402 860 1474 rogabat_Doiiiinum
892 1403 1096 1469 dicens,
1128 1404 1343 1469 Pr0pter
1369 1406 1502 1474 quod
1530 1414 1604 1457 ter
1629 1402 1904 1458 Dominum

334 1475 504 1544 rogari
528 1472 602 1544 (2.
626 1473 741 1526 Cor.
768 1473 851 1527 12.
877 1474 952 1541 8).
977 1474 1043 1527 Ει
1064 1472 1428 1529 animadverte
1448 1474 1545 1529 viri
1569 1474 1900 1542 sapientiam,

335 1541 405 1613 in
434 1541 832 1613 simplicissima
869 1545 1032 1599 verbo
1067 1545 1525 1611 comprehensam.
1572 1541 1683 1599 Non
1726 1541 1901 1610 dixit,

334 1612 515 1685 Tertio
544 1612 838 1668 Dominum
880 1614 1061 1685 rogavi
1084 1657 1099 1680 ,
1126 1616 1218 1670 sed
1242 1657 1257 1681 ,
1286 1615 1404 1670 Ter.
1437 1616 1595 1670 Pater
1616 1656 1631 1681 ,
1659 1615 1825 1670 Filius
1851 1625 1905 1671 et

334 1684 565 1757 Spiritus
591 1695 804 1757 sanctus
824 1726 839 1748 ,
870 1684 978 1740 tres
1019 1685 1332 1757 hypostases
1355 1727 1369 1750 ,
1397 1702 1497 1741 una
1523 1697 1698 1757 autem
1725 1687 1901 1742 domi-

333 1754 496 1827 iiatio.
528 1755 594 1810 Et
618 1754 749 1821 Ter,
780 1755 981 1827 inquit,
1013 1754 1165 1827 virgis
1191 1773 1348 1811 caesus
1371 1774 1478 1810 sum
1507 1755 1665 1825 (Ibid.
1694 1774 1741 1811 υ.
1769 1757 1897 1827 25);

331 1824 384 1878 id
411 1836 512 1890 est,
545 1836 650 1879 tres
675 1824 887 1897 quidem
917 1824 1226 1897 hyposiases
1252 1824 1526 1881 confessus
1551 1842 1668 1881 sum
1691 1869 1705 1890 ,
1735 1824 1899 1883 semel

330 1904 508 1967 autem
547 1898 705 1950 fidem
740 1896 1013 1951 Trinitatis
1050 1897 1607 1967 Iapideﬂconfessionis
1638 1897 1703 1967 ad
1736 1913 1897 1952 unum

330 1965 521 2039 anima:
542 1977 855 2039 concentum
883 1965 1115 2039 lirinavi.
1133 1968 1198 2020 Et
1224 1966 1339 2031 Ter,
1362 1967 1551 2036 inquit,
1575 1965 1899 2039 naufragium

330 2037 547 2107 pertuli;
586 2037 637 2090 id
667 2045 750 2092 est
768 2078 781 2098 ,
809 2036 1149 2107 iudaicorum
1176 2054 1310 2091 onus
1349 2036 1687 2107 peccatorum
1712 2036 1776 2091 in'
1796 2053 1895 2092 no-

328 2105 479 2177 mine
500 2107 673 2161 Patris
697 2118 751 2160 et
780 2106 898 2161 Filii
935 2118 988 2161 et
1023 2108 1251 2175 Spiritus
1279 2105 1447 2162 sai—icti
1475 2108 1527 2162 iu
1555 2108 1699 2161 fonte
1726 2108 1897 2177 bapti-

328 2176 514 2249 smatis
540 2178 789 2249 demersi.
834 2178 954 2231 Tria
982 2188 1092 2249 sata
1135 2178 1312 2233 farinae
1335 2219 1351 2245 ,
1376 2189 1429 2234 et
1457 2178 1606 2249 regni
1640 2176 1893 2234 caelorum

328 2246 622 2303 similitudo
660 2249 818 2301 allata
843 2289 859 2311 ,
900 2248 1088 2302 mulier
1122 2266 1240 2317 qua:
1268 2246 1589 2317 accepitfet
1629 2250 1892 2303 modicum

325 2317 644 2373 fermentum
668 2318 945 2373 abscondit
973 2334 1035 2373 ac
1073 2328 1233 2373 totam
1261 2335 1488 2377 massam
1518 2318 1850 2373 fermentavit
1876 2335 1891 2373 :

329 2388 425 2440 tria
457 2404 583 2442 vero
608 2401 720 2442 sata
752 2389 954 2451 farinae,
987 2389 1249 2444 modicum
1279 2389 1591 2444 fermentum
1622 2400 1676 2443 et
1705 2389 1895 2443 mulier

328 2458 671 2530 fermentatus,
698 2460 953 2525 sapientia
982 2461 1070 2514 Dei
1098 2471 1201 2525 est,
1227 2476 1343 2530 qua:
1372 2476 1463 2530 per
1481 2475 1675 2529 corpus
1694 2458 1893 2515 Christi

326 2536 489 2580 tutam
519 2528 800 2583 humanam
830 2542 1068 2585 naturam
1100 2531 1152 2585 in
1181 2531 1223 2585 Τ
1229 2528 1453 2585 riuitaiis
1482 2528 1636 2585 [idem
1666 2545 1892 2584 conver-

325 2597 407 2674 tit.
453 2596 543 2674 ilis
584 2600 830 2655 oumihus
861 2601 1130 2674 mysteriis
1164 2601 1315 2674 quasi
1353 2602 1581 2670 sigillum
1619 2616 1891 2674 apponens

324 2667 579 2725 Dominus
624 2682 835 2734 noster,
878 2667 933 2727 iii
977 2674 1144 2726 tribus
1181 2667 1615 2728 ininiersionibus
1651 2667 1890 2740 corporis

324 2753 486 2813 unum
512 2742 765 2812 baptisma
788 2743 1059 2813 discipulis
1081 2744 1192 2799 suis
1213 2742 1445 2810 tradidit,
1464 2744 1647 2798 dicens
1656 2761 1680 2813 ε
1700 2742 1890 2806 Euutps

322 2811 493 2883 d_ocete
511 2811 679 2865 omnes
702 2811 1220 2883 gentes,‘baptizantes
1239 2829 1324 2866 eos
1352 2815 1403 2866 in
1424 2816 1623 2867 nomine
1644 2812 1816 2867 Patris
1841 2823 1888 2867 et

322 2878 448 2933 Filii
476 2892 521 2957 et
563 2878 787 2957 Spiritus
816 2878 1030 2957 (sancti(
1058 2885 1242 2938 Matth.
1270 2883 1359 2939 28.
1393 2887 1459 2941 19
1483 2888 1523 2957 ).
1555 2885 1720 2941 Unam
1766 2900 1887 2941 esse

320 2954 681 3018 Operationem
730 2954 881 3009 facile
936 2956 1419 3012 demonstrabimus
1467 2954 1491 3009 ε’
1527 2972 1647 3009 cum
1707 2967 1882 3010 autem

321 3036 478 3075 unam
527 3040 647 3078 esse
676 3028 1038 3094 operationem
1086 3028 1257 3081 Patris
1298 3039 1352 3082 et
1393 3027 1511 3081 Filii
1554 3037 1609 3081 et
1654 3024 1883 3094 Spiritus

320 3094 487 3146 sancti
519 3095 932 3159 demonstretur,
961 3112 1179 3151 necesse
1209 3109 1291 3151 est
1310 3100 1527 3151 omnino
1557 3112 1712 3151 uuam
1734 3099 1883 3151 credi

318 3164 663 3218 substantiam
692 3184 704 3219 :
736 3183 960 3237 quorum
985 3168 1124 3222 enim
1146 3170 1383 3236 operatio
1401 3184 1523 3233 una,
1548 3184 1649 3221 uua
1674 3179 1884 3237 quoque

319 3243 402 3287 est
443 3238 756 3291 substantia.
821 3238 1138 3307 lucipiatnus
1188 3255 1316 3308 ergo
1361 3238 1540 3292 dicere
1591 3239 1657 3292 de
1700 3240 1881 3293 mundi

318 3310 625 3374 creatione,
656 3309 723 3363 de
748 3309 1055 3378 adoptione,
1090 3310 1160 3365 de
1189 3310 1464 3373 libertate,
1504 3309 1571 3362 de
1600 3309 1732 3363 exulo
1752 3350 1766 3373 ,
1815 3310 1882 3365 de

321 3385 475 3450 terra:
494 3380 869 3434 constitutione
886 3419 902 3442 ,
930 3389 1086 3450 atque
1110 3395 1216 3434 uno
1242 3381 1403 3434 verbo
1430 3382 1496 3435 de
1523 3381 1665 3435 onmi
1696 3395 1877 3449 opere,

317 3446 490 3522 deque
520 3451 636 3503 aliis
674 3452 920 3504 onmibus
944 3446 1015 3505 ad
1038 3452 1156 3505 vita:
1186 3464 1381 3505 nostra:
1410 3460 1560 3504 nsum
1608 3446 1880 3522 pertinen-

318 3518 460 3590 tibus
493 3538 506 3573 :
534 3535 599 3574 ac
621 3523 810 3590 quibus
837 3524 1204 3576 occasiOnibus
1231 3538 1307 3575 ezu
1331 3536 1363 3575 a
1392 3522 1545 3575 Patre
1572 3518 1626 3575 ei
1665 3520 1798 3574 Filio
1827 3530 1881 3576 et

318 3588 516 3655 Spiritu
544 3588 728 3645 sancto
756 3593 999 3659 perfecta:
1029 3596 1153 3645 sint.
1182 3596 1222 3645 Α
1254 3593 1436 3661 primis
1464 3593 1799 3660 incipiamus,
1825 3602 1881 3646 et

317 3661 382 3710 ad
427 3663 657 3716 secunda
707 3663 1017 3726 veniamus;
1070 3672 1125 3716 et
1164 3664 1242 3717 sic
1286 3664 1537 3730 deinceps
1584 3664 1880 3717 orationem

319 3738 557 3784 nostram
594 3747 994 3801 persequamur.
1022 3733 1222 3786 Ca-lnm
1254 3734 1375 3785 fecit
1418 3733 1573 3785 Pater
1610 3750 1713 3786 non
1763 3750 1878 3788 sine

320 3801 496 3854 Verbo
543 3814 596 3855 et
619 3802 863 3869 Spiritu:
909 3819 1028 3857 nam
1091 3801 1249 3856 Verbo
1284 3803 1484 3855 Domini
1533 3804 1643 3856 cteli
1692 3803 1880 3871 ﬁrmati

315 3882 431 3945 sntit
455 3911 486 3945 ,Δ
510 3884 556 3945 et
582 3875 763 3945 spiritu
806 3876 907 3927 oris
935 3876 1041 3945 ejus
1083 3891 1245 3927 omnis
1283 3877 1437 3926 virtus
1486 3890 1655 3927 eorum
1685 3877 1701 3943 (
1732 3873 1875 3927 l’sal.

316 3941 407 3998 52.
458 3941 782 4027 6“)..Tutum
823 3941 1004 3998 orbein
1037 3946 1255 4027 replevit
1302 3945 1573 4027 Pulcrum
1605 3941 1876 4027 .script'um

316 4023 399 4086 est
429 4028 441 4065 :
474 4013 663 4086 L'wlum
687 4026 733 4067 et
759 4025 942 4068 terram
980 4032 1070 4084 ego
1096 4015 1297 4083 impleo,
1320 4017 1439 4069 dicit
1469 4015 1713 4068 Dominus
1744 4013 1875 4086 (ler.

314 4084 404 4139 25.
434 4086 548 4154 24).
584 4085 824 4154 Replevit
863 4096 919 4141 et.
965 4086 1125 4139 Filius
1154 4104 1168 4140 :
1203 4103 1321 4141 nam
1374 4086 1558 4139 Omnia
1599 4102 1686 4156 per
1714 4084 1879 4155 ipsum

317 4159 452 4229 facta
477 4164 610 4229 sunt,
643 4166 687 4209 et
711 4158 818 4210 sine
844 4157 953 4229 ipso
982 4163 1168 4229 factum
1212 4157 1452 4229 estnihil
1495 4156 1672 4229 ({oan.
1705 4157 1753 4209 1.
1777 4156 1874 4229 _5).

317 4225 451 4280 Audi
489 4227 810 4295 Sapientiam
841 4228 1102 4281 dicentem
1131 4227 1198 4280 de
1221 4228 1415 4294 Spiritu
1450 4245 1462 4279 :
1506 4225 1736 4295 Spiritus
1769 4225 1876 4279 Do-

314 4300 438 4351 mini
459 4299 662 4369 replevit
684 4299 851 4351 orbem
880 4297 1032 4369 (Sap.
1065 4300 1115 4351 1.
1136 4299 1217 4369 77).
1247 4298 1381 4365 Quid
1406 4297 1573 4369 vero?
1595 4298 1880 4369 Creaturaf

315 4384 431 4422 rum
471 4366 699 4423 maxima
726 4366 907 4431 homo,
940 4383 1042 4422 non
1071 4385 1099 4421 a
1128 4366 1284 4422 l‘atre
1326 4369 1441 4421 solo
1467 4366 1599 4420 iacta
1624 4376 1708 4421 est
1728 4408 1742 4431 ,
1781 4368 1876 4422 sed

314 4448 635 4505 coeperante
656 4440 807 4501 Filio,
826 4440 1125 4508 complente
1152 4440 1347 4500 Spiritu
1377 4448 1561 4492 sancto
1586 4455 1599 4490 :
1634 4453 1753 4490 nam
1780 4440 1874 4505 ait,

315 4508 587 4563 Faciamus
612 4512 860 4563 hominem
895 4512 961 4564 ad
998 4511 1263 4580 imaginem
1287 4519 1332 4562 et
1374 4509 1747 4563 similitudinem
1787 4525 1880 4563 uo-

312 4595 469 4634 stram
492 4581 641 4652 (Gen.
668 4584 716 4635 1.
739 4581 851 4651 26).
877 4581 1172 4652 Faciamus,
1202 4580 1561 4652 non,_Faciani
1587 4594 1707 4652 ego,
1746 4596 1874 4644 non,

312 4649 508 4707 Facias
530 4662 605 4715 tu,
637 4668 762 4718 non,
796 4652 973 4706 Faciat
1004 4651 1124 4715 ille;
1156 4651 1270 4714 sed,
1303 4649 1591 4704 Faciamus.
1633 4649 1689 4703 Si
1732 4652 1875 4704 enim

312 4724 557 4788 dixisset,
586 4723 691 4779 Fac
720 4733 792 4788 tu,
822 4723 1223 4777 subininistrum
1266 4721 1627 4775 declarasset:
1660 4722 1877 4788 atquali-

315 4804 475 4849 tatem
503 4809 629 4850 vero
674 4796 1081 4856 demonstrans,
1127 4794 1230 4856 ait,
1283 4789 1555 4845 Faciamus
1602 4792 1873 4845 hominem.

313 4866 624 4919 Communis
674 4868 973 4928 sententia,
1026 4878 1309 4918 commune
1354 4877 1536 4934 opus,
1594 4877 1878 4934 commune

316 4936 645 5003 ﬁgmentum.
687 4937 838 5004 Quod
872 4945 1048 4989 autem
1081 4935 1236 4988 Pater
1271 4942 1327 4987 et
1351 4933 1514 4987 Filius
1552 4942 1606 4985 et
1650 4933 1877 5004 Spiritus

314 5017 530 5061 sanctus
561 5003 745 5062 fecerit
770 5006 1058 5067 hominem,
1091 5005 1250 5057 David
1278 5004 1405 5057 mihi
1435 5008 1742 5057 testificatur
1771 5003 1877 5057 Deo

315 5076 497 5146 dicens
528 5096 542 5132 :
582 5078 768 5131 Manus
793 5088 892 5130 tua:
919 5080 1141 5146 fecerunt
1178 5091 1257 5127 me
1297 5084 1343 5127 et
1375 5075 1743 5146 plasmauerunt
1800 5089 1878 5126 me

318 5145 491 5212 (Paul.
527 5150 649 5203 118.
684 5150 807 5208 75).
841 5147 954 5201 Non
988 5156 1042 5199 tu
1073 5162 1156 5200 ine
1196 5145 1345 5199 solus
1375 5145 1542 5198 fecisti
1576 5159 1591 5197 :
1623 5159 1727 5196 non
1759 5160 1874 5197 ma-

317 5233 418 5272 nus
447 5230 530 5272 tua
560 5221 670 5274 sola
702 5220 824 5273 fecit
850 5233 953 5281 me,
984 5232 1101 5286 qua:
1128 5229 1209 5269 est
1237 5215 1551 5284 Uuigenitus
1580 5224 1719 5267 tuus.
1762 5214 1852 5267 Ma

317 5305 413 5342 nus
433 5300 531 5343 tute
559 5295 778 5360 fecerunt
803 5304 936 5360 me;
962 5289 1013 5340 id
1041 5286 1404 5360 e~t,_\’crbu_ni
1435 5296 1488 5338 et
1524 5286 1788 5360 Spiritus;
1804 5288 1879 5360 A_c

392 5354 611 5425 (liceret,
638 5361 792 5435 Verbi
819 5357 1030 5435 quidem
1056 5357 1311 5435 sapientia
1340 5356 1587 5435 formavit.
1612 5354 1879 5435 tite,MSp:l-

318 5430 452 5484 ritus
475 5447 600 5485 vero
631 5432 970 5498 intelligentia
999 5430 1122 5498 fecit
1143 5445 1247 5491 me,
1281 5438 1330 5481 te
1355 5428 1673 5495 eumpleute.
1714 5427 1877 5479 Simi-

319 5501 439 5555 liter
464 5510 517 5555 et
555 5502 655 5556 Job
683 5503 792 5555 Deo
807 5497 937 5554 dicit
966 5514 981 5552 :
1013 5497 1198 5552 Manus
1218 5509 1316 5550 tua:
1340 5501 1678 5567 formaverunt
1705 5510 1801 5562 me,
1832 5506 1879 5549 et

322 5574 547 5645 fecerunt
571 5589 648 5625 me
675 5571 815 5641 (Job.
847 5572 931 5645 10.
958 5568 1040 5639 8).
1064 5568 1268 5645 Nauiet
1291 5568 1477 5645 ciuium
1509 5580 1561 5621 et
1581 5569 1878 5645 virtus'cale-

320 5635 489 5697 lorum
522 5659 615 5712 per
642 5635 812 5711 ipsum
850 5641 982 5695 facta
999 5635 1136 5692 sunt
1155 5679 1172 5705 ,
1197 5638 1411 5712 Davich
1437 5639 1643 5692 dicente
1668 5654 1681 5689 :
1711 5635 1879 5712 _Ver_bo

320 5707 872 5778 Domini/irritati
900 5718 1034 5775 sunt,
1063 5720 1108 5763 et
1134 5710 1312 5776 spiritu
1338 5710 1438 5762 oris
1459 5726 1567 5778 ejus
1588 5708 1748 5761 omnis
1776 5707 1879 5759 uir-

328 5794 404 5836 tus
431 5799 602 5838 eorum
632 5785 649 5840 l
667 5781 811 5838 Psal.
837 5782 927 5841 52.
957 5782 1065 5851 6);
1106 5778 1160 5834 iu
1189 5781 1440 5851 prapbeta
1485 5789 1659 5834 autem
1693 5778 1825 5833 Osca
1859 5793 1875 5831 :

1778 301 1866 358 DE
1905 299 2081 356 FIDE.

3494 314 3598 370 770

2019 415 2180 496 ςωίιω
2205 433 2384 496 manus
2404 429 2694 496 creaverunt
2717 421 2991 496 camitem
3011 423 3143 477 ccli.
3163 421 3301 496 Sam
3322 424 3406 479 hic
3425 426 3592 496 signi-

2019 487 2143 542 ﬁcat
2187 503 2285 558 per
2330 487 2586 557 Spiritum
2634 499 2686 543 et
2737 490 2980 545 Verbum
3004 493 3289 547 exercitum
3339 487 3592 553 calci-uin

2017 567 2255 612 creatum
2312 559 2507 635 fuisse:
2545 558 2826 635 Faciamus
2877 563 3130 618 hominem
3190 566 3259 617 ad
3318 566 3592 635 imaginem

2018 637 2280 700 nostram;
2322 644 2451 695 non,
2480 630 2559 683 Ad
2590 630 2848 700 imagines
2873 643 3117 698 nostras;
3163 635 3279 699 sed,
3323 630 3591 694 Faciamus

2017 698 2268 776 hominem
2288 701 2356 776 ad
2374 701 2639 776 imaginem
2661 698 2883 755 nostram
2908 718 2926 756 :
2947 704 3098 770 illud,
3121 698 3389 775 faciamus,
3410 709 3589 776 plura-

2018 768 2173 844 liter;
2198 770 2351 844 illnd,
2378 770 2447 822 ad
2471 768 2737 844 imaginem
2764 786 3008 840 nostram,
3036 768 3392 844 singulariter.
3413 768 3490 832 Ἐι
3521 795 3588 834 ne

2016 843 2133 915 quis
2157 842 2514 915 suspicaretur
2535 842 2894 915 hominemad
2919 842 3197 915 imaginem
3221 846 3389 901 Patris
3416 850 3584 904 solam

2015 908 2210 989 laetum
2238 912 2421 989 fuisse,
2446 912 2649 989 addidit
2690 914 2818 989 illud
2839 955 2853 975 ,
2872 908 3123 989 (nostram.
3159 916 3225 970 Et
3254 917 3375 972 ideo
3395 960 3410 983 ,
3459 923 3581 989 quia

2016 979 2103 1056 illa
2135 982 2308 1056 imago
2340 984 2670 1056 primigenia
2694 983 2879 1056 A‘danii
2905 1025 2918 1048 ,
2970 1000 3064 1053 per
3109 979 3581 1056 transgressionem

2015 1049 2227 1129 inimica
2254 1049 2405 1129 facta
2432 1095 2447 1117 ,
2495 1049 2632 1129 opus
2660 1053 2885 1129 habebat
2914 1049 3342 1129 reiiovatione'et
3387 1074 3581 1129 purga-

2014 1121 2179 1187 tione,
2213 1137 2317 1177 non
2347 1124 2647 1196 inanimae
2673 1123 2846 1196 Patris
2873 1126 3039 1179 solius
3066 1129 3118 1182 in
3144 1121 3459 1196 baptismate
3486 1121 3579 1187 Pe-

2011 1204 2315 1269 geueratur,
2335 1194 2427 1247 sed
2449 1202 2503 1269 et
2527 1193 2716 1269 Filiiet
2734 1194 2958 1269 Spiritus
2972 1200 3137 1253 sancti
3162 1217 3175 1252 :
3199 1193 3320 1269 auia
3342 1200 3408 1254 ab
3431 1202 3579 1257 initio

2010 1261 2088 1315 sic
2118 1263 2283 1317 factus
2308 1273 2432 1341 _est.
2466 1264 2600 1341 Vere
2646 1261 2803 1341 igitur
2840 1266 3082 1336 obsignat
3118 1261 3276 1324 Pater
3317 1271 3368 1323 in
3408 1271 3578 1341 bapti-

2009 1344 2199 1413 smate,
2225 1341 2281 1388 ut
2308 1334 2500 1413 Paulus
2520 1336 2593 1388 ait
2619 1353 2632 1389 :
2660 1336 2760 1413 Qui
2780 1347 2944 1413 autem
2962 1334 3086 1413 fecit
3107 1357 3198 1413 nos
3217 1341 3284 1394 ad
3303 1341 3395 1413 hoc
3410 1334 3577 1413 ipsum

2008 1399 2167 1483 Reus,
2200 1414 2246 1458 et
2269 1407 2414 1458 unxit
2442 1422 2542 1483 nos
2559 1418 2605 1483 et
2633 1399 2846 1483 signavit
2873 1399 3218 1483 nos'(2._§or.
3254 1416 3303 1467 1.
3336 1399 3570 1483 21.22).

2008 1471 2193 1546 Signat
2219 1487 2396 1530 autem
2423 1485 2476 1530 et
2510 1471 2738 1546 Spiritus
2764 1489 2980 1533 sanctus
3001 1471 3024 1532 “;
3059 1478 3234 1534 Nolite
3277 1484 3409 1535 enim
3446 1471 3572 1538 cori-

2008 1544 2208 1618 tristare
2240 1546 2487 1618 Spiritum
2510 1544 2757 1607 sanctum.
2787 1550 2841 1601 in
2876 1565 2975 1618 quo
2997 1552 3180 1617 signati
3206 1554 3322 1606 estis
3347 1554 3398 1606 in
3437 1555 3571 1607 diem

2006 1616 2361 1689 [edemptionis
2387 1616 2602 1689 (Ephes.
2640 1619 2693 1671 ι.
2718 1619 2830 1687 50).
2861 1616 3062 1689 Siguati
3084 1633 3260 1677 autem
3281 1638 3310 1676 a
3339 1623 3494 1680 Patre
3517 1638 3572 1682 et

2005 1683 2206 1752 Spiritu
2234 1683 2420 1741 saneto
2444 1683 2495 1742 in
2524 1689 2773 1744 cordibus
2792 1683 2995 1745 nostris
3014 1733 3028 1755 ,
3058 1708 3162 1745 non
3191 1697 3240 1746 in
3271 1695 3400 1748 duas
3431 1698 3568 1751 ima-

2004 1756 2154 1824 gines
2186 1758 2643 1825 transformamur,
2667 1761 2760 1814 sed
2792 1762 2842 1813 in
2870 1776 3026 1815 unam
3056 1760 3172 1817 Filii
3198 1764 3332 1830 ejus.
3367 1766 3439 1819 Ex
3484 1768 3566 1821 bis

2003 1834 2180 1898 notem
2201 1829 2466 1898 colligitur
2491 1830 2640 1893 illud,
2673 1831 2725 1883 in
2750 1846 2921 1896 unam,
2951 1846 3069 1887 esse
3094 1829 3265 1888 Patris
3291 1845 3343 1889 et
3368 1834 3486 1890 Filii
3513 1850 3569 1894 et

2002 1893 2235 1970 Spiritus
2258 1893 2448 1970 sancti.
2478 1900 2678 1970 Signati
2710 1902 2760 1953 in
2805 1893 3055 1957 cordibus
3092 1906 3320 1969 nostris,
3348 1893 3566 1962 cautor?

2002 1979 2116 2040 mes
2139 1966 2582 2040 Filio_eftii-imur,
2612 1981 2667 2026 et
2707 1973 2879 2040 imago
2905 1973 3027 2037 Dei,
3061 1984 3119 2028 ut
3140 1966 3333 2029 clamat
3370 1977 3566 2034 Paulus

2000 2032 2232 2118 dicens:
2270 2032 3057 2118 γὶγ-ᾳιιξάεηιῂηοηῷάειζξιρειαί-1.
3090 2062 3208 2118 cum?
3223 2048 3286 2098 sit
3320 2047 3485 2118 imago
3517 2032 3565 2103 et

1997 2105 2162 2184 gloria
2185 2106 2283 2184 Dei
2321 2105 2403 2181 (1.
2429 2108 2559 2184 (Σρν.Δ
2581 2112 2666 2184 11.
2700 2113 2773 2178 7).
2804 2112 2969 2166 Multo
2993 2117 3158 2183 magis
3184 2105 3562 2184 Spiritns'sau-

1997 2183 2116 2250 etus
2146 2188 2232 2250 est
2267 2181 2442 2250 imago
2473 2181 2583 2234 Dei.
2616 2181 2833 2250 Magnus
2869 2184 3026 2236 etiam
3062 2181 3145 2238 est
3176 2181 3368 2247 Filius.
3400 2188 3565 2243 inter-

1996 2244 2263 2303 minabilis
2306 2244 2401 2303 θεῖ
2439 2250 2666 2325 Spiritus
2702 2244 2926 2325 sanctus
2968 2272 2981 2307 :
3040 2254 3258 2325 Magnus
3311 2244 3562 2314 Dominus

1996 2327 2182 2394 noster,
2207 2329 2253 2371 et
2283 2334 2468 2394 magna
2497 2323 2651 2394 virtus
2677 2324 2788 2392 ejus
2840 2328 3001 2394 (nam
3043 2323 3284 2380 Christus
3334 2330 3425 2381 Dei
3456 2333 3563 2384 vir-

1998 2386 2124 2470 tus),
2144 2398 2186 2470 et
2213 2386 2478 2470 gapier'uia
2497 2393 2608 2463 ejus
2632 2386 2826 2470 nonest
2847 2386 3089 2470 numerus
3114 2395 3282 2465 (Psal.
3311 2399 3439 2470 146.
3468 2403 3555 2470 5).

1994 2453 2051 2536 id
2081 2453 2183 2536 est,
2212 2453 2444 2536 Spiritus
2470 2453 2683 2514 sa'nctus
2713 2464 2826 2526 Dei,
2850 2463 3076 2536 Spiritus
3103 2453 3185 2520 est
3210 2453 3481 2536 sapientia:
3504 2453 3561 2525 éi

1994 2526 2314 2585 intellectus.
2345 2530 2454 2584 Pax
2490 2547 2701 2602 quoque
2736 2544 2818 2586 est
2864 2526 3020 2589 Pater
3063 2553 3075 2587 :
3120 2526 3559 2595 Ecce'declinabo

1991 2613 2145 2665 super
2188 2615 2303 2653 eam
2334 2603 2493 2679 ’ςερᾳεὶ
2535 2603 2720 2679 ﬂuuius
2748 2604 2908 2679 pacis
2947 2604 3116 2679 (leui.
3144 2608 3232 2662 66.
3280 2608 3398 2679 12).
3448 2611 3557 2667 Pax

1992 2681 2201 2747 quoque
2224 2680 2307 2725 est
2333 2671 2518 2736 Filius,
2538 2671 2610 2725 ut
2636 2674 2826 2747 Paulus
2846 2676 2919 2747 ait
2948 2671 2964 2730 Ξ
2997 2676 3117 2744 Ipse
3145 2689 3215 2730 est
3236 2695 3339 2747 pax
3356 2671 3552 2743 nostra,

2101 2741 2221 2818 [coit
2240 2751 2450 2810 utraque
2470 2759 2638 2818 ttan
2658 2743 2870 2814 (Ep/tes.
2889 2745 2942 2797 2.
2973 2741 3082 2816 14).
3111 2748 3213 2801 Pax
3236 2741 3455 2818 'qiioque
3472 2741 3557 2806 est

1991 2810 2221 2889 Spiritus
2263 2822 2537 2889 sanet-ns:
2589 2810 3015 2889 Frucius_autein
3041 2810 3303 2884 "Spiritui.
3362 2810 3551 2889 inquit,

1988 2882 2190 2955 caritas,
2229 2898 2355 2955 pas,
2374 2882 2584 2953 (Ephes.
2618 2885 2669 2940 5.
2697 2886 2773 2954 9).
2804 2885 2946 2939 Fons
2965 2898 3048 2941 est
3075 2882 3231 2943 Pater
3259 2906 3273 2941 :
3301 2882 3552 2955 Quoniam

1987 2952 2129 3025 apud
2149 2961 2197 3025 te
2214 2952 2292 3007 est
2327 2952 2442 3025 fons
2462 2957 2575 3009 iiin
2600 2952 2769 3025 (Psal.
2802 2957 2892 3012 55.
2925 2958 3013 3023 10)
3046 2976 3058 3012 :
3091 2959 3209 3011 lous
3233 2952 3506 3014 est'Filius
3534 2982 3548 3014 :

1990 3020 2231 3103 {idenim
2245 3020 2632 3103 dereliqueruni,
2660 3030 2848 3097 fontem
2872 3020 3016 3096 aqua:
3032 3028 3157 3103 nitito
3177 3028 3305 3099 (Jer.
3442 3034 3551 3103 15).

1987 3092 2098 3168 δ.ίεί
2119 3106 2266 3150 esset
2288 3092 2670 3168 fons'Spiritus'
2691 3092 2925 3160 sanctus,
2953 3115 3056 3152 non
3084 3092 3304 3153 dixisset
3332 3092 3548 3168 Paulus,

1988 3161 2055 3237 Et
2081 3181 2252 3220 omnes
2285 3168 2337 3220 in
2365 3161 2536 3220 eodem
2564 3167 2763 3235 Spiritu
2807 3168 3045 3236 baptisati
3071 3185 3244 3223 sumus
3283 3172 3300 3237 (
3324 3173 3375 3229 1.
3427 3161 3547 3229 Cor;

1987 3234 2075 3309 12.
2107 3236 2219 3307 15).
2250 3237 2523 3309 Liquidius
2548 3234 2723 3292 autem
2750 3254 2815 3292 ex
2840 3234 3045 3293 Domini
3074 3240 3245 3293 verbis
3276 3234 3547 3309 ediscitur,

1986 3306 2240 3382 Spiritum
2282 3308 2413 3382 fonti
2461 3308 2624 3382 fuisse
2658 3320 3052 3382 comparatum.
3085 3309 3317 3365 Veniens
3357 3306 3552 3382 quippe

1983 3378 2139 3434 Jesus
2163 3379 2426 3432 clamabat
2451 3397 2463 3432 :
2492 3380 2554 3433 Si
2582 3379 2694 3445 quis
2737 3380 2877 3445 sitit,
2906 3382 3069 3434 veniat
3094 3384 3158 3432 ad
3193 3397 3271 3434 me
3292 3422 3308 3447 ,
3345 3378 3389 3434 et
3418 3378 3552 3436 bibat

1983 3465 2187 3519 aquam,
2219 3460 2291 3512 et,
2323 3450 2466 3503 Sicut
2509 3450 2635 3503 dixit
2670 3449 2941 3520 Scriptura
2963 3492 2977 3517 ,
3025 3453 3236 3518 [lumina
3288 3453 3350 3504 de
3384 3464 3552 3507 ventre

1983 3523 2092 3590 ejus
2119 3520 2276 3589 ﬂuent
2300 3535 2445 3592 aqua:
2479 3521 2618 3573 vitae.
2652 3519 2765 3573 Hoc
2792 3519 2963 3574 autem
2989 3520 3184 3592 dicebat
3223 3522 3285 3574 de
3325 3522 3546 3592 Spiritu,

1982 3608 2128 3663 quem
2152 3591 2403 3663 accepturi
2431 3601 2569 3663 erant
2594 3591 2935 3663 credentesjn
2978 3592 3128 3663 eum(
3152 3590 3307 3644 Joan.
3340 3590 3390 3646 7⁷.
3408 3595 3486 3663 57
3516 3623 3544 3634 -

1984 3662 2113 3728 59).
2163 3660 2278 3716 [ιυέ
2326 3670 2409 3715 est
2457 3662 2635 3725 Pater,
2669 3661 2800 3731 Quia
2838 3660 2975 3714 Deus
3003 3662 3091 3715 lita:
3129 3672 3202 3714 est
3248 3663 3340 3731 (1.
3389 3661 3546 3717 Joan.

1983 3735 2037 3787 1.
2066 3733 2123 3800 5)
2156 3751 2169 3786 :
2201 3734 2286 3787 lux
2313 3731 2513 3800 Filius;
2564 3747 2707 3795 nam,
2739 3730 2850 3800 Ego
2886 3748 2998 3785 sum
3027 3732 3115 3784 lux
3143 3733 3318 3784 mundi
3347 3731 3544 3800 (Joan.

1983 3804 2038 3859 8.
2079 3799 2205 3870 12);
2242 3805 2327 3857 lux
2359 3812 2413 3856 et
2438 3799 2665 3871 Spiritus
2693 3817 2707 3854 :
2758 3803 3029 3871 nouieu'im
3059 3803 3281 3856 dixisset
3311 3799 3503 3858 Paulus
3526 3846 3544 3870 ,

1984 3874 2231 3943 Spiritum
2259 3874 2410 3926 nolite
2434 3870 2776 3943 exstinguere(
2786 3874 2831 3943 1.
2856 3870 3028 3925 Thess.
3061 3872 3115 3927 5.
3152 3872 3264 3938 19).
3296 3872 3397 3925 Sed
3423 3876 3545 3943 quia

1984 3942 2084 3999 hoc
2110 3956 2167 3998 ut
2204 3945 2255 3998 vi
2283 3944 2528 3997 eductum
2557 3942 2769 4012 quidam
2799 3942 3011 4007 habent,
3043 3943 3204 4013 David
3234 3942 3548 4013 propriedi-

1982 4025 2069 4069 cat
2099 4032 2113 4068 :
2148 4014 2211 4068 In
2246 4015 2432 4069 lumine
2456 4024 2542 4066 tuo
2575 4011 2855 4066 uidebimus
2883 4013 3052 4065 lumen
3096 4011 3268 4081 (Psal.
3298 4011 3385 4067 55.
3430 4015 3544 4081 10).

1983 4101 2172 4154 nempe
2199 4086 2451 4155 Spiritum
2475 4092 2735 4137 sanctum.
2767 4082 2979 4155 Li_berat
3003 4082 3160 4155 Pater
3188 4083 3471 4155 redactum
3491 4086 3543 4139 in

1981 4152 2289 4212 servitutem
2316 4155 2516 4223 peccati
2549 4172 2562 4208 :
2595 4155 2782 4207 liberat
2808 4153 3011 4216 Filius;
3042 4152 3250 4206 dicebat
3287 4155 3427 4207 enim
3451 4154 3547 4210 Ju-

1981 4226 2110 4282 dzeis
2132 4267 2148 4292 ,
2182 4227 2243 4281 Si
2267 4242 2384 4295 ergo
2411 4241 2496 4279 vos
2538 4223 2705 4277 Filius
2734 4224 3045 4295 liberaverit,
3082 4239 3195 4276 vere
3230 4225 3371 4295 liberi
3407 4227 3546 4279 eritis

1983 4293 2409 4419 (Joan.
2455 4295 2646 4349 liberat
2680 4295 2955 4381 Spiritus:
3001 4293 3099 4348 Ubi
3153 4296 3285 4376 enim
3323 4294 3545 4377 Spiritus

1983 4368 2208 4419 Domini.
2242 4368 2308 4419 ibi
2357 4366 2535 4419 ibertas
2556 4364 2632 4419 l2.
2654 4363 2772 4418 Cor.
2797 4383 2848 4418 ο.
2873 4364 2961 4419 17)
2991 4381 3003 4417 :
3038 4366 3122 4418 lex
3151 4364 3379 4419 Sumtus
3407 4366 3542 4419 libe-

1981 4368 2208 4431 Domini,
2242 4368 2308 4419 ibi
2335 4363 2535 4419 libertas
2556 4364 2632 4432 (2.
2654 4363 2772 4418 Cor.
2797 4366 2848 4418 5.
2873 4364 2961 4433 17)
2991 4381 3003 4417 :
3038 4366 3122 4418 lex
3151 4363 3379 4434 Spiritus
3407 4366 3542 4419 libe-

1981 4450 2099 4493 rat:
2126 4437 2234 4491 Lex
2252 4453 2363 4491 uero
2394 4436 2615 4505 Spiritus
2636 4435 2858 4487 liberavit
2882 4444 2929 4486 te
2948 4452 2980 4486 a
3006 4437 3236 4489 seruitute
3258 4437 3544 4505 corruptio-

1980 4511 2058 4564 nis
2086 4509 2262 4580 (Rom.
2293 4507 2346 4561 8.
2373 4505 2458 4580 2).
2488 4506 2663 4580 Bonus
2690 4515 2773 4559 est
2801 4506 2956 4559 Pater
2984 4522 2996 4557 :
3028 4506 3196 4580 bonus
3233 4505 3433 4580 Filius:
3462 4506 3545 4561 Au

1981 4577 2157 4633 oculus
2186 4589 2317 4641 tuus,
2370 4577 2559 4644 inquit,
2590 4592 2800 4647 nequam
2829 4586 2938 4641 est,
2979 4577 3096 4647 quia
3128 4592 3218 4644 ego
3244 4577 3403 4629 bonus
3431 4592 3544 4630 sum

2011 4649 2193 4704 Matth.
2243 4648 2334 4702 20.
2369 4647 2500 4716 15)?
2528 4646 2696 4700 bonus
2724 4647 2882 4701 etiam
2909 4656 2989 4700 est
3015 4646 3242 4716 Spiritus
3278 4656 3493 4716 sanctus
3525 4665 3541 4701 :

2010 4721 2209 4797 ipiritus
2235 4729 2349 4797 tuus
2366 4715 2521 4797 bonus
2540 4718 2745 4797 dada-cet
2770 4732 2850 4769 me
2874 4717 2927 4768 in
2954 4715 3136 4797 terram
3156 4727 3350 4797 nectam
3369 4715 3541 4797 (Psal.

1981 4786 2106 4847 142.
2140 4791 2251 4858 10).
2284 4789 2381 4844 Ubi
2414 4789 2527 4858 vult
2555 4798 2638 4842 est
2660 4787 2848 4849 Pater;
2881 4786 3076 4841 nemini
3105 4786 3546 4858 euiuisulijeetus

1981 4872 2093 4917 est:
2128 4856 2220 4916 ubi
2246 4856 2665 4920 vultestFilius;
2701 4858 2836 4911 liber
2854 4858 3051 4926 quippe
3069 4867 3152 4911 est
3175 4874 3190 4909 :
3218 4856 3304 4910 ubi
3323 4858 3434 4911 vult
3459 4867 3545 4911 est

1981 4932 2210 5002 Spiritus
2231 4940 2442 5002 sanctus
2467 4946 2482 4993 ;
2506 4945 2626 5002 nam
2646 4927 2868 5002 Spiritus
2882 4928 2963 4979 ubi
2984 4928 3089 4980 uult
3104 4927 3283 5002 spirat.
3304 4938 3355 5002 φρ
3373 4942 3545 5002 uocem

1981 4995 2092 5060 eius
2106 5002 2253 5055 audis
2266 5017 2284 5065 ;
2301 5001 2387 5053 sed
2403 5000 2562 5053 nescis
2575 4995 2705 5051 unde
2722 4999 2905 5061 veniat,
2922 5006 3008 5049 aut
3022 5013 3119 5068 quo
3131 4997 3280 5068 vadat
3293 4995 3470 5068 (Joan.
3486 4999 3541 5053 5.

1980 5074 2057 5130 ὃ).
2081 5072 2267 5128 Omnia
2287 5070 2522 5125 continuet
2539 5068 2713 5134 Pater,
2739 5068 2914 5120 omnia
2928 5067 3163 5121 continet
3179 5066 3543 5128 Filius,omnia

1980 5149 2219 5199 continet
2232 5141 2467 5209 Spiritus
2482 5150 2723 5199 sanctus;
2748 5136 2912 5191 David
2931 5138 3075 5191 enim
3096 5138 3224 5209 dicit
3248 5155 3260 5190 :
3281 5138 3396 5205 Quo
3415 5139 3494 5191 ibo
3510 5155 3544 5191 a

1980 5215 2161 5281 spiritu
2190 5207 2306 5276 tuo,
2335 5222 2382 5265 et
2409 5228 2507 5280 quo
2532 5227 2563 5261 a
2592 5210 2721 5280 facie
2752 5218 2840 5281 tua
2860 5209 3063 5281 fugiam
3092 5207 3265 5281 (ἕζεαι.
3294 5209 3418 5281 158.
3449 5209 3546 5279 7)?

1980 5277 2327 5352 Omnipotens
2354 5277 2436 5336 est
2467 5277 2641 5343 Pater,
2661 5351 2665 5352 ί
2687 5289 2746 5333 ιιι
2770 5277 2903 5352 dicit
2924 5277 3027 5352 ,lob
3053 5295 3078 5352 ε»
3112 5277 3286 5352 Νυνὶ..
3306 5277 3539 5352 Domine,

1978 5358 2114 5426 quod
2133 5347 2325 5426 smnia
2346 5421 2358 5426 Δ
2380 5351 2560 5421 possis,
2592 5351 2814 5426 nihilque
2849 5348 2936 5400 tibi
2972 5349 3036 5426 sit
3061 5347 3367 5426 impossibile
3391 5347 3543 5417 (Job.

1980 5418 2068 5480 i2.
2096 5422 2175 5495 2).
2205 5418 2551 5495 Omnipotens
2575 5418 2957 5495 estAFilinsKut
2986 5418 3063 5495 ait
3091 5418 3170 5472 illi
3195 5419 3286 5495 qui
3306 5418 3397 5495 vis
3424 5433 3547 5473 ere-

1985 5489 2143 5551 debat;
2190 5495 2241 5549 in
2294 5489 2622 5559 blvangeiiu:
2654 5489 2884 5543 (Iredeuti
2926 5490 3096 5559 onmiu
3133 5490 3392 5557 possibilia
3430 5501 3548 5544 sunt

1984 5565 2176 5634 (Marc.
2207 5565 2263 5619 9.
2294 5563 2404 5631 22).
2434 5558 2796 5634 Ouiuipoteus
2822 5568 2879 5634 et
2904 5558 3132 5627 Spiritus
3161 5570 3378 5634 sanctus
3403 5576 3417 5612 :
3456 5569 3546 5634 est

1983 5629 2146 5695 enim.
2178 5629 2374 5702 inquu,
2396 5634 2485 5687 Ilei
2515 5629 2940 5702 virtusSpiritus
2954 5638 3188 5702 sanctus,
3217 5629 3445 5702 Spiritus
3467 5631 3548 5684 iu-

1984 5696 2304 5775 telligentiac.
2334 5696 2568 5775 sanctus,
2591 5696 2958 5764 multiformis,
3002 5698 3203 5763 tenuis,
3248 5698 3400 5775 facile
3429 5716 3547 5775 mo-

1985 5769 2127 5843 bilis',
2155 5777 2350 5840 clarus,
2370 5770 2701 5844 perspicuus,
2723 5780 2942 5833 ittiesu's,
2964 5779 3172 5835 acutus,
3197 5783 3305 5825 non
3325 5769 3549 5843 impedi-
