3970 6148
599 251 704 279 ³2⁵⁸8

532 282 537 293 ,
599 251 706 314 775
2092 240 2175 294 SP

2283 241 2364 297 ΙΑ.
2514 276 2517 279 -
3683 252 3747 305 m

597 366 778 418 dilexit
823 363 1098 430 mundum,
1160 372 1214 416 ut
1246 357 1440 418 Filium
1488 380 1637 416 suum
1677 361 1984 431 unigenitum
2027 360 2171 415 daret

598 434 782 502 (Joan.
816 437 870 491 '5.
898 436 985 502 l6)
1014 438 1066 488 in
1092 434 1344 489 mundum
1379 448 1472 503 pro
1495 434 1651 488 nobis
1676 450 1690 487 :
1716 433 1910 487 caritas
1939 431 2171 500 pericula

598 505 652 559 in
682 512 823 559 terra
849 515 901 560 et
927 507 978 560 in
1001 521 1130 560 mari
1153 505 1293 561 ferre
1311 505 1530 560 docuit:
1561 506 1752 559 caritas
1775 514 2034 573 martyres
2057 518 2176 572 per-

603 574 730 634 licit.
754 577 1036 636 beatilicat,
1060 585 1313 631 coronat:
1337 577 1530 630 caritas
1552 575 1850 643 proximum
1869 583 1924 627 ut
1944 573 2172 642 seipsam

601 646 839 715 respicit,
866 656 919 701 et
941 663 1060 713 «mae
1083 647 1292 716 propria
1314 655 1454 707 sunt,
1480 646 1724 700 omnibus
1742 645 2048 699 communia
2070 644 2177 716 exis

600 717 783 770 stimat
815 733 829 772 :
862 717 1057 771 caritas
1101 715 1325 785 proximi
1356 724 1643 786 egestatem
1677 723 1733 768 ut
1761 715 1859 767 sibi
1906 715 2173 783 propriam

602 787 788 841 statuit
815 805 829 842 :
863 788 1057 840 caritas
1083 802 1321 841 mensam
1350 786 1595 840 «minibus
1634 800 1968 840 communem
1997 794 2174 853 parat,

605 857 824 927 pauperi
852 868 906 912 et
931 858 1104 923 diviti,
1136 859 1360 927 sapienti
1386 868 1439 911 et
1466 856 1641 911 idiom
1666 875 1678 909 :
1715 859 1908 911 caritas
1928 856 2179 908 amaritu-

603 927 728 982 dine
762 929 966 990 plenam
991 930 1221 982 animam
1243 929 1501 983 suavitate
1520 928 1712 995 replet,
1737 927 1985 980 afﬂictam
2003 935 2174 991 curat,

605 996 935 1053 lmmiliatam
978 1010 1185 1053 recreat
1215 1016 1229 1053 :
1262 1002 1454 1053 caritas
1502 998 1983 1067 inexstingnibilcm
2013 998 2178 1063 Virgi-

604 1067 791 1122 nitatis
826 1071 1092 1124 lucernam
1111 1069 1437 1130 circumfert.
1464 1076 1519 1122 et
1551 1083 1677 1122 suos
1698 1068 1907 1122 curiose
1938 1068 2175 1135 inquirit,

604 1139 798 1191 caritas
823 1140 973 1206 regni
999 1151 1175 1207 portas
1194 1141 1385 1210 aperit,
1415 1150 1471 1194 et
1496 1140 1847 1210 virginitatem
1871 1147 2178 1210 coronatam

606 1209 843 1280 inducit,
881 1226 977 1264 nec
1006 1207 1251 1279 prohibet
1277 1213 1401 1280 quin
1433 1211 1493 1272 ii,
1523 1211 1610 1279 qui
1643 1210 1694 1262 in
1722 1207 2020 1261 honorabili
2046 1224 2179 1261 con-

601 1279 752 1348 jugio
773 1283 1038 1344 vixerunt,
1061 1279 1327 1335 introeant
1350 1299 1363 1335 :
1392 1281 1583 1336 caritas
1600 1280 1989 1351 eleentosynam
2012 1287 2193 1345 amat,

607 1359 661 1403 et
693 1350 757 1404 iis
781 1353 869 1420 qui
903 1351 1044 1404 illam
1072 1351 1256 1405 colunt
1283 1367 1511 1406 coronas
1550 1366 1682 1404 auro
1712 1350 2054 1419 splendentes
2081 1364 2177 1416 pa-

604 1430 688 1473 rat
713 1437 724 1471 :
759 1422 949 1474 caritas
975 1423 1278 1489 superbiam
1307 1438 1410 1476 non
1439 1422 1604 1485 novit,
1630 1422 1856 1475 humiles
1877 1428 2050 1473 autem
2075 1420 2181 1488 glo-

605 1491 680 1542 ria
709 1491 871 1545 afﬁcit
899 1509 911 1543 :
945 1493 1141 1546 caritas
1173 1492 1449 1547 maledicta
1490 1492 1647 1561 fugit.
1698 1501 1752 1545 et
1782 1490 2180 1546 benedictiones

609 1561 993 1627 amplectitur:
1026 1564 1220 1617 caritas
1262 1564 1405 1617 viros
1448 1571 1502 1617 et
1547 1563 1797 1616 mulieres
1842 1561 2180 1615 matrimonio

607 1632 921 1701 canjunctos
951 1634 1244 1689 concordes
1272 1649 1391 1690 esse
1433 1633 1655 1700 suadet,
1697 1633 1933 1703 separari
1960 1646 2088 1687 vero
2113 1631 2179 1686 ab

2279 361 2505 436 invicem
2536 378 2824 434 numquam
2854 361 3097 436 coticedit
3121 362 3358 436 :_caritas
3380 353 3591 433 percipit
3618 378 3664 421 ut
3684 385 3746 436 pa.
3814 410 3815 419 χ

2279 443 2388 488 tres
2414 434 2551 488 ﬁlios
2575 445 2773 496 ament.
2804 445 2859 489 et
2886 434 2978 488 ﬁlii
3011 434 3245 502 patribus
3270 436 3495 488 serviant
3514 446 3564 490 ut
3586 434 3747 494 domitus

2268 505 2389 574 suis
2413 521 2424 556 :
2452 505 2647 559 caritas
2670 506 2828 561 heros
2853 505 3094 578 hortatur
3107 514 3171 578 _ut
3199 506 3549 578 misericordes
3565 508 3648 561 sint
3664 526 3745 578 erg:

2278 589 2492 638 servos,
2524 586 2577 629 et
2602 592 2787 630 servos
2812 585 2867 631 ut
2892 578 3010 630 sine
3034 574 3155 629 dolo
3183 579 3412 629 serviant
3437 575 3590 630 heris:
3613 574 3747 632 cat-itis

2279 643 2420 698 foras
2452 646 2609 700 mittit
2634 648 2897 709 timorem,
2922 658 2974 698 et
3003 646 3245 701 ﬁduciam
3267 661 3388 713 erga
3414 647 3556 701 Deum
3578 648 3617 700 in
3635 652 3745 702 Corde

2279 717 2553 771 constituit
2583 734 2596 770 :
2632 733 2752 771 nam
2785 716 3019 787 Perfecta
3049 720 3263 779 caritas,
3299 717 3489 783 inquit,
3517 718 3627 783 foras
3647 721 3748 771 uita:

2280 787 2506 840 timorem
2540 788 2613 858 (Ι.
2641 788 2794 842 Joau.
2826 789 2879 843 4.
2912 788 3002 855 18)
3028 804 3042 841 :
3073 788 3264 840 caritas
3295 787 3425 840 hanc
3449 787 3579 840 nobis
3604 799 3742 851 patrum

2279 873 2532 910 coronam
2552 857 2775 921 nexuit,
2805 868 2857 911 et
2886 860 3106 926 stirpem
3136 859 3251 926 spei
3282 872 3484 910 suavem
3510 867 3556 911 et
3584 857 3744 913 fructuo-

2281 943 2393 981 sam
2424 930 2652 982 ﬁrmavit
2678 931 2728 983 in
2758 931 2910 983 nobis
2937 945 2951 984 :
2979 931 3172 982 caritas
3197 943 3407 997 gregem
3433 928 3480 979 in
3501 929 3662 981 caulam
3683 930 3744 983 Ec-

2280 998 2455 1051 clc-sim
2485 999 2713 1066 inducit,
2746 1001 3074 1067 viridemque
3100 1001 3242 1053 illam
3274 997 3486 1067 paradisi
3515 999 3743 1067 voluptatem

2284 1069 2464 1122 tribuit
2497 1088 2509 1122 :
2543 1071 2737 1124 caritas
2778 1072 3014 1124 omnium
3056 1083 3292 1123 nosarum
3335 1068 3549 1122 auditum
3581 1086 3697 1123 unum
3714 1083 3746 1122 et

2283 1139 2667 1194 benevolentia:
2699 1142 2909 1210 plenum
2950 1139 3183 1194 reddidit
3203 1182 3219 1205 ,
3260 1151 3314 1193 et
3344 1140 3653 1202 concinnavit,
3683 1141 3744 1192 lin-

2281 1226 2436 1279 guam
2468 1224 2700 1264 nostram
2730 1211 2966 1266 dilatavit
2991 1229 3003 1265 :
3035 1212 3228 1264 caritas
3250 1225 3437 1274 eorpns
3455 1210 3625 1269 educat.
3646 1210 3745 1278 Spiri-

2284 1292 2391 1335 tum
2429 1280 2591 1346 fovet,
2625 1283 2854 1335 animam
2880 1282 3155 1336 candidam
3184 1282 3393 1335 reddit:
3421 1283 3591 1332 Caritas
3608 1293 3745 1334 ascen-

2283 1367 2398 1405 rum
2447 1352 2656 1406 labores
2686 1353 3028 1407 honorabiles
3069 1351 3281 1413 reddit.
3326 1361 3379 1405 et
3418 1349 3523 1403 Filii
3557 1353 3669 1403 sinus
3697 1349 3744 1402 his

2281 1424 2544 1490 gratiosos
2573 1426 2745 1491 aperit
2771 1441 2785 1478 :
2814 1423 2865 1477 in
2903 1437 3037 1492 quos
3076 1436 3175 1478 nos
3203 1438 3412 1491 quoque
3438 1432 3490 1475 ut
3522 1420 3743 1486 recipiemur

2281 1493 2530 1565 dignetur
2575 1495 2809 1550 omnium
2862 1495 3118 1548 Dominus
3166 1493 3221 1547 in
3276 1492 3462 1548 secula
3502 1492 3743 1546 seculorum.

2284 1568 2477 1621 Amen.
