4066 6296
1052 496 1748 674 Inscriptio
1815 480 2640 637 habitatoris.

1491 822 1950 878 SANCTISSIMO.
2004 822 2206 875 PATlll

1226 914 1349 974 ET.
1396 916 1472 975 D.
1519 917 1591 975 N.
1640 915 1791 976 PlO.
1841 915 1946 974 Vl.
1997 914 2226 974 PONT.
2273 914 2482 974 MAX.

1109 1013 1243 1080 QVI.
1289 1013 1439 1067 PRO.
1485 1014 1740 1068 ΕΧΙΜΙΟ.
1787 1015 1894 1069 ET.
1939 1012 2324 1070 SINGVLARI.
2365 1012 2613 1068 STVDIO

1346 1104 1942 1161 ECCLESIASTICAE.
1987 1105 2370 1160 DOCTBINAE

977 1193 1452 1248 IEXCOLENDAE.
1513 1195 2080 1250 AMPLIFICANDAE.
2150 1193 2736 1251 COHONESTANDAE

1280 1283 1594 1339 EDITIONI.
1658 1284 2006 1339 ROMANAE.
2064 1285 2424 1340 CARMINVM

1114 1374 1198 1434 M.
1248 1375 1599 1444 AVRELII.
1646 1376 2115 1437 CLEMENTIS.
2163 1378 2585 1440 PBUDENTII

1020 1473 1340 1529 ΤΙἸὙΙΝΜ.
1392 1475 1884 1532 SACliATISSlMI.
1934 1476 2227 1532 NOMLVIS.
2279 1479 2680 1535 PRAESCRIBI

1059 1571 1061 1573 ’
1432 1562 1916 1620 BENIGNISSIME.
1959 1566 2268 1622 lNDVLSlT

991 1655 1330 1710 \‘OLVMEN.
1381 1656 1730 1712 ALTERVM.
1781 1657 1937 1722 QVO.
1987 1657 2433 1713 CATHOLICVS.
2484 1658 2707 1713 POETA

853 1746 1274 1803 CONCVLCAT.
1324 1748 1567 1804 SACRA.
1618 1749 1944 1804 GENTIVM.
1997 1749 2250 1805 LABEM.
2302 1749 2570 1806 INFERT.
2621 1750 2840 1806 IDOLIS

837 1837 1138 1894 CARMEN.
1198 1839 1660 1894 MARTYMIBV'S.
1726 1841 2064 1895 DEVOVET.
2123 1841 2418 1897 LAVDAT.
2479 1842 2871 1900 APOSTOLOS

1446 1930 1851 1985 FAVSTINVS.
1900 1931 2268 1986 AREVALVS

1024 2019 1209 2076 POST.
1256 2018 1950 2095 IIVMILLIMA._PEDVM.
1991 2018 2276 2074 OSCVLA.
2324 2021 2689 2076 BEATORVM

1501 2109 1558 2161 Ι).
1643 2109 1702 2160 1).
1786 2109 1844 2160 L.
1921 2109 2194 2162 MERI'I'O.

1531 2249 1853 2258 _———-.——.——

1111 2252 1527 2261 W

1883 2251 2237 2262 M

1602 2387 2139 2463 PR/EFATIO.

289 2586 497 2652 Habes,
541 2587 600 2640 L.
640 2587 721 2649 8.,
754 2586 1191 2640 commentarium
1246 2585 1295 2637 in
1339 2584 1613 2639 Prndentii
1652 2587 1926 2650 carmina,
1968 2599 2085 2652 qna:
2124 2595 2436 2653 supererant
2472 2588 2813 2651 excudenda,
2855 2591 3025 2644 serius
3063 2591 3286 2646 fortasse
3323 2609 3479 2661 quam

223 2683 506 2732 multorum
539 2678 741 2746 opinio,
770 2689 856 2730 ant
883 2678 1041 2731 etiam
1071 2675 1397 2744 exspectatio
1429 2675 1650 2743 ferebat,
1683 2689 1868 2729 verum
1899 2675 2064 2728 multo
2090 2675 2244 2729 cilius
2267 2690 2422 2744 quam
2454 2685 2546 2730 aut
2571 2693 2657 2732 res
2688 2679 2799 2746 ipsa
2827 2679 2928 2745 pati
2958 2679 3154 2736 debere
3177 2683 3476 2747 videbatur,

223 2777 304 2821 ant
331 2784 491 2836 quam
521 2769 844 2824 destinatum
875 2768 1002 2821 mihi
1059 2779 1170 2820 erat
1213 2780 1269 2819 ut
1299 2781 1431 2834 opus
1459 2782 1522 2819 ex
1551 2765 1712 2818 animi
1745 2765 1844 2820 mei
1877 2766 2140 2820 sententia
2175 2766 2225 2817 in
2259 2765 2430 2818 lucem
2461 2765 2718 2831 prodiret.
2761 2766 3016 2836 Equidem
3047 2771 3296 2824 volumen
3328 2773 3476 2840 prius

224 2862 518 2916 emanlbus
559 2862 686 2915 mihi
735 2861 894 2923 elabi,
938 2869 1097 2927 atque
1142 2862 1192 2912 in
1243 2858 1436 2926 vulgus
1481 2859 1684 2920 venire,
1729 2855 1868 2908 haud
1903 2871 2044 2924 a-gre
2087 2856 2331 2916 tuleram,
2381 2857 2519 2924 quod
2558 2856 2626 2909 ita
2668 2872 2873 2926 mecum
2939 2861 3318 2915 constitueram
3363 2863 3477 2916 ﬁeri

227 2966 378 3019 posse
410 2962 468 3006 ut
495 2952 723 3007 aliorum
762 2968 862 3018 qua
899 2951 1143 3017 munitis,
1186 2965 1286 3017 qua
1317 2946 1824 3016 reprehensionibus
1858 2945 2064 2998 tlt'ctlnl‘
2095 2946 2282 3008 lat-tus,
2311 2954 2401 2996 aut
2431 2945 2681 2998 nonnulla
2709 2945 2816 3012 jam
2845 2946 2984 3000 dicta
3024 2957 3390 3014 retractarent,
3424 2950 3478 3004 in

226 3042 513 3108 meliusque
561 3053 952 3108 converterem,
1005 3052 1095 3095 ant
1137 3042 1389 3110 deinceps
1441 3039 1667 3093 dicenda
1719 3038 1781 3090 ad
1833 3039 2156 3091 scierioretn
2202 3035 2475 3103 judicandi
2526 3050 2765 3089 normam
2819 3038 3108 3106 exigerem.
3161 3041 3328 3110 llnjns
3375 3045 3478 3096 mei

228 3133 426 3186 consilii
452 3134 788 3186 exstiteritne
817 3133 1011 3200 aliquis
1041 3133 1270 3191 lructns,
1305 3131 1444 3184 ultro
1473 3129 1591 3182 aliis
1621 3125 1965 3195 judicanduttt
1999 3124 2381 3191 relinquerem,
2424 3123 2524 3176 nisi
2556 3137 2669 3177 rem
2711 3125 2779 3177 ita
2818 3140 2938 3179 esse
2963 3127 3096 3193 grati
3127 3129 3288 3182 animi
3319 3145 3478 3184 causa

230 3233 499 3288 praestaret
540 3227 672 3293 proli
699 3225 796 3280 eri.
843 3223 1063 3284 Verum,
1103 3225 1146 3276 si
1178 3223 1320 3291 quod
1363 3220 1503 3275 aliud
1547 3219 1850 3287 srriplionis
1891 3232 2089 3285 genus,
2133 3217 2547 3270 commentarius
2588 3227 2733 3270 certe
2777 3218 2828 3269 in
2861 3217 3226 3274 doctissimum
3271 3234 3479 3292 poetam

227 3313 576 3368 Christianum
608 3314 842 3368 diuturni
873 3315 1124 3381 temporis
1155 3326 1298 3365 mora
1331 3311 1530 3378 indiget
1555 3309 1620 3363 ad
1649 3325 1699 3363 m
1724 3311 2028 3362 vturitatem.
2059 3307 2188 3361 Nam
2219 3307 2271 3360 in
2306 3307 2564 3360 varietate
2594 3320 2643 3361 et
2671 3308 2824 3376 copia
2851 3323 3284 3378 argumentorum
3314 3330 3480 3386 prope

225 3403 420 3456 inﬁnita
462 3421 620 3472 quam
662 3405 847 3466 multa,
888 3404 1045 3458 etiam
1081 3403 1206 3457 dum
1249 3401 1390 3455 aliud
1427 3403 1660 3470 agimus,
1695 3409 1903 3468 tempus
1943 3409 1994 3454 et
2035 3413 2189 3453 casas
2221 3398 2484 3461 oll'erunt,
2534 3413 2650 3466 qua:
2687 3399 2952 3454 incassum
2999 3403 3130 3459 alias
3175 3421 3480 3474 quaereres,

225 3508 282 3547 ac
320 3509 387 3547 ne
409 3495 659 3563 cogitatio
701 3496 913 3564 quidem
956 3493 1226 3564 qumrendi
1271 3493 1424 3547 facile
1465 3493 1828 3548 excitaretur?
1870 3490 2006 3557 Quid
2054 3493 2103 3544 in
2152 3491 2264 3558 ipsa
2303 3489 2437 3545 adeo
2477 3489 2717 3547 familiari
2759 3502 2814 3545 et
2856 3494 3160 3562 quotidiana
3206 3500 3470 3555 sermonis

226 3584 703 3638 communicatione
737 3585 956 3638 consilia
987 3585 1262 3637 doctorum
1323 3583 1594 3636 hominum
1636 3591 1690 3636 et
1718 3582 1943 3649 cogitata
1975 3595 2302 3634 enmmctunr
2338 3583 2429 3633 m‘!
2478 3581 2657 3635 “orna;
2698 3583 3022 3650 praesertim,
3065 3585 3150 3637 tibi
3184 3595 3287 3640 tatn
3318 3569 3483 3643 tnulti

225 3677 466 3744 suntqui
514 3676 566 3727 in
607 3675 1006 3743 antiquitatibus
1053 3676 1218 3728 sacris
1266 3685 1319 3728 et
1363 3674 1592 3742 profanis
1641 3673 2020 3743 investigandis
2059 3672 2247 3741 jnvarc
2293 3683 2344 3726 te
2395 3673 2594 3740 possint
2637 3680 2690 3726 ct
2729 3674 2910 3734 velint,
2953 3691 3211 3745 nusquam
3255 3690 3310 3734 ut
3351 3681 3479 3734 alib'

226 3770 420 3834 majora
465 3766 644 3821 adsint
687 3767 985 3834 adiumenta
1039 3764 1103 3820 ait
1157 3766 1454 3833 huiusmodi
1508 3763 2216 3820 rerum'commentationes
2266 3763 2639 3829 perliciendas.
2699 3763 2962 3819 Caeterum
3014 3783 3080 3821 ne
3131 3769 3391 3823 tarditatis
3434 3780 3484 3825 et

225 3858 714 3927 procrastinationis
752 3875 974 3928 arguar,
1009 3869 1099 3912 aut
1140 3873 1382 3913 cessasse
1416 3857 1590 3926 potius
1630 3857 1816 3912 videar
1878 3871 2035 3924 quam
2079 3856 2336 3925 temporis
2379 3858 2827 3924 opportunitatem
2871 3860 3102 3912 voluisse
3139 3871 3482 3928 exspectare,

227 3949 392 4017 quoad
432 3965 568 4017 opus
597 3960 991 4014 maturesceret,
1025 3949 1249 4004 aliorum
1281 3951 1492 4005 demum
1522 3952 1747 4005 consilio
1781 3950 2052 4018 acquievi,
2085 3963 2395 4017 moremque
2426 3947 2686 4002 voluntati
2713 3950 2874 4019 gessi.
2909 3950 3038 4003 llud
3070 3955 3228 4004 ctiam
3257 3951 3484 4009 addebat

227 4043 457 4103 animos,
494 4041 635 4110 quod
665 4041 978 4096 indusuiam
1008 4057 1038 4096 a
1066 4057 1150 4095 me
1180 4042 1230 4094 in
1270 4041 1429 4108 priori
1463 4041 1732 4095 volumine
1762 4042 1985 4110 positam
2017 4039 2165 4092 tnnlti
2202 4037 2298 4091 viri
2328 4051 2519 4107 graves
2556 4037 2654 4091 sibi
2687 4053 2788 4091 non
2820 4038 2991 4092 solum
3024 4049 3261 4107 gratam,
3295 4056 3483 4097 verum

227 4132 378 4185 etiam
411 4141 582 4185 ratam
615 4127 952 4185 luisse’haud
981 4133 1205 4185 obscura
1243 4131 1405 4185 animi
1437 4132 1824 4200 signiﬁcatione
1853 4131 2193 4184 declararunt
2229 4144 2244 4181 :
2281 4129 2415 4196 viri,
2449 4129 2694 4197 inquam,
2727 4144 2945 4198 graves,
2977 4145 3004 4182 a
3041 4131 3268 4198 partium
3307 4135 3483 4190 studio

225 4226 443 4287 senioti,
475 4235 530 4277 et
557 4222 664 4276 acri
691 4223 887 4292 judicio
914 4231 1257 4292 pra-stantes,
1291 4224 1489 4291 quique
1520 4230 1777 4292 przeterea
1812 4221 2033 4275 liberam
2076 4220 2397 4275 sententiam
2433 4222 2670 4275 omnium
2702 4221 2932 4276 maxime
2969 4222 3213 4288 proferre
3243 4239 3482 4290 possunt.

225 4319 535 4384 unan'quam
569 4314 638 4370 de
665 4330 750 4368 me
787 4315 906 4385 quis
937 4315 1206 4370 liberrime
1237 4331 1341 4369 non
1369 4315 1605 4383 jndicet?
1645 4315 1733 4383 qui
1785 4314 2065 4370 liberiores
2093 4314 2450 4383 quorumlibet
2482 4313 2754 4368 hominum
2793 4327 3077 4380 censuras,
3112 4317 3481 4386 prmjudieatas

226 4407 381 4457 etiam
415 4421 522 4457 non
553 4404 837 4471 legentium
868 4405 1264 4473 castigationes,
1294 4403 1501 4458 fastidia
1532 4419 1718 4458 eorum
1749 4405 1860 4472 qui,
1885 4419 2005 4458 cum
2037 4404 2258 4469 meliora
2291 4404 2524 4459 fortasse
2554 4403 2728 4458 facere
2759 4406 2853 4472 ipsi
2884 4409 3110 4474 possint,
3140 4408 3269 4462 nihil
3303 4419 3479 4467 tamen

225 4495 508 4557 extricant,
538 4493 844 4561 maluntque
874 4492 926 4545 in
956 4492 1224 4559 republica
1255 4494 1510 4546 litteraria
1538 4493 1735 4559 judicia
1769 4493 1905 4547 ferre
1934 4507 2091 4560 quam
2124 4495 2324 4556 subire,
2355 4509 2456 4548 nec
2483 4493 2734 4548 cohibere
2765 4511 2984 4563 possim,
3018 4496 3062 4549 si
3097 4496 3274 4558 velim,
3308 4517 3478 4568 neque

225 4583 355 4634 adeo
395 4581 575 4644 velim,
612 4581 657 4633 si
698 4581 917 4650 possim.
956 4585 1072 4646 Quo
1109 4582 1360 4648 majorem
1398 4583 1617 4650 gratiam
1662 4582 1742 4634 his
1781 4581 1976 4636 habere
2003 4583 2193 4644 debeo,
2242 4583 2331 4652 qui
2372 4583 2507 4639 bene
2543 4585 2610 4638 de
2640 4601 2723 4638 me
2758 4599 2880 4640 sunt
2923 4589 3115 4642 Illt‘lili.
3159 4591 3478 4658 Accedebat,

225 4672 362 4737 quod
405 4686 525 4724 cum
574 4670 780 4724 duobus
829 4671 1184 4724 voluminibus
1230 4671 1466 4725 carmina
1505 4669 1776 4724 Prudentii
1826 4673 2284 4739 comprehendere
2328 4672 2731 4738 decrevissem,
2788 4676 2856 4728 ita
2904 4691 3088 4728 eorum
3139 4679 3308 4735 moles
3349 4684 3478 4737 mihi

223 4758 563 4826 necopinanti
601 4759 849 4823 accrevit,
883 4767 940 4812 ut
971 4760 1119 4827 plura
1161 4774 1434 4821 resecare,
1465 4760 1709 4828 quaedam
1750 4759 1804 4812 in
1835 4759 1977 4813 aliud
2018 4775 2153 4828 epus
2183 4761 2404 4829 rejicere
2440 4771 2657 4816 coactus
2693 4765 2813 4816 sim.
2861 4766 3035 4833 Atque
3073 4766 3122 4818 id
3156 4771 3475 4837 pracipnmn

226 4847 356 4899 illud
379 4857 483 4910 est,
512 4847 652 4914 quod
683 4857 806 4900 ante
833 4861 1051 4900 monere
1079 4847 1242 4909 Volui,
1275 4863 1340 4901 ne
1368 4847 1484 4901 sine
1513 4863 1670 4902 causa
1701 4848 1906 4915 praefari
1937 4848 2139 4902 videar.
2173 4850 2379 4918 Quippe
2433 4852 2694 4919 pollicitus
2722 4852 2922 4906 fueram
2950 4855 3082 4907 duas
3113 4871 3197 4910 me
3221 4858 3477 4917 diatribas

228 4935 610 4988 commentario
641 4943 772 5002 post.
794 4936 950 4988 rioris
980 4935 1136 5002 hujus
1164 4936 1445 4989 voluminis
1475 4937 1902 5005 praepositurum,
1936 4939 2159 4992 alteram
2190 4941 2256 4992 de
2285 4941 2571 4996 Eversione
2600 4957 2706 4994 ara:
2726 4942 2992 5008 Victorim,
3010 4945 3230 5000 alteram
3259 4949 3325 5003 de
3346 4951 3476 5008 Fide

231 5021 498 5075 Prudentii
539 5022 593 5076 in
635 5023 766 5077 actis
817 5023 915 5078 SS.
941 5033 1230 5092 martyrum
1281 5024 1596 5078 referendis.
1636 5025 1838 5090 Quibus
1877 5030 1945 5080 de
1984 5031 2141 5081 rebus
2188 5042 2307 5082 cum
2351 5029 2497 5084 locus
2539 5047 2643 5084 non
2683 5035 2752 5087 sit
2798 5034 3012 5086 nberins
3053 5034 3379 5102 disserendi,
3423 5043 3474 5097 in

231 5115 622 5168 commentariis
665 5129 726 5167 ea
771 5114 886 5167 dixi
933 5129 1050 5182 qua:
1096 5113 1392 5168 necessaria
1442 5115 1550 5167 visa
1599 5124 1739 5179 sunt,
1786 5123 1839 5169 et
1873 5118 2001 5170 Satis
2039 5131 2159 5170 esse
2192 5117 2388 5172 debent
2432 5119 2497 5172 ad
2545 5131 2751 5188 poetam
2794 5122 3216 5190 explanattdum,
3257 5130 3476 5200 chs‘qne

231 5212 595 5266 auctoritatem
639 5208 1027 5263 vindicandam.
1078 5207 1192 5261 Alia
1235 5223 1354 5276 qua:
1403 5208 1455 5259 in
1500 5215 1725 5276 utroque
1773 5219 2085 5277 argumento
2125 5208 2424 5264 distinctius
2470 5221 2524 5264 et
2565 5211 2878 5279 explicatius
2931 5219 3303 5280 pertractando
3351 5225 3472 5277 addi

233 5309 480 5366 posmnt,
532 5300 602 5352 ita
650 5307 894 5366 separatu
947 5313 1108 5364 opere
1157 5297 1434 5364 complecti
1484 5305 1568 5350 est
1609 5297 1850 5361 animus,
1903 5308 1958 5350 nt
2005 5298 2071 5350 ad
2102 5299 2372 5353 l’rndenti.
2421 5288 2908 5369 interpretationem
2939 5285 3316 5365 ahsolvendatn
3367 5331 3473 5372 non

231 5405 615 5458 supervacanea
655 5391 784 5453 sint,
817 5387 862 5443 si
892 5391 1167 5455 accedant,
1205 5405 1396 5458 neque,
1429 5390 1472 5443 si
1504 5391 1699 5455 absint,
1732 5405 2051 5460 magnOpere
2080 5391 2470 5448 desiderentur.
2505 5393 2681 5461 Itaque
2711 5394 3056 5450 Prudentium
3090 5401 3308 5467 perinde
3339 5421 3476 5463 nunc

230 5480 348 5545 edo,
382 5494 444 5533 ac
471 5492 562 5530 sua
591 5491 756 5543 cpera
783 5476 1057 5531 absolvere
1082 5478 1257 5532 solent
1285 5480 1520 5532 nonnulli
1551 5479 1855 5547 architecti,
1887 5480 1975 5548 qui
2007 5480 2210 5535 :edibus
2237 5485 2479 5551 quamvis
2509 5484 2880 5551 amplissimis,
2909 5501 2962 5542 et
2989 5489 3182 5557 quibus
3209 5495 3337 5549 nihil
3367 5501 3475 5564 jam

232 5568 293 5619 ad
340 5562 714 5636 perfectionem
762 5576 816 5620 et
857 5565 1245 5622 absolutionem
1295 5567 1537 5622 videatur
1586 5570 1808 5633 deesse,
1859 5571 1929 5623 ita
1980 5583 2153 5625 tamen
2209 5572 2471 5641 fastigium
2525 5571 2834 5644 imponunt,
2880 5589 2937 5632 ut
2982 5597 3044 5636 ex
3087 5581 3263 5652 aliqno
3311 5562 3476 5645 παίετε

235 5659 574 5728 projecturas,
612 5666 666 5711 et
703 5657 1004 5726 crepidines
1047 5674 1342 5721 tnnrurum,
1369 5673 1436 5727 qu
1473 5659 1516 5711 si
1554 5661 1774 5728 veszigia
1818 5659 2160 5713 continuandi
2205 5663 2400 5728 operis,
2447 5662 2767 5732 relinquant,
2807 5668 2947 5724 unde
2991 5670 3271 5728 :cdilicium
3311 5681 3473 5744 possit

237 5755 317 5808 vel
348 5753 416 5808 ab
444 5751 606 5818 ipsis,
639 5751 718 5803 vel
755 5750 821 5801 ab
851 5750 1002 5811 aliis.
1037 5751 1082 5804 si
1115 5765 1240 5805 usus
1268 5751 1472 5816 veniat,
1505 5751 1782 5819 aliquando
1807 5749 2143 5820 ampliﬁcati,
2169 5761 2220 5804 et
2250 5751 2298 5803 in
2330 5753 2687 5821 augustiorem
2717 5756 2937 5810 formam
2971 5759 3154 5827 redigi.
3188 5762 3331 5818 Vale.

468 5844 739 5901 ΡΑτιιοι..
789 5840 921 5899 LX.
1572 5881 1580 5886 .

3166 5851 3191 5909 1
