4066 6296
578 327 639 382 i9
1666 330 1943 386 AURELII
1983 331 2349 391 PRUDENTII
2390 336 2722 393 CARMINA.

2172 455 2226 512 Δ

609 513 616 521 ,
749 439 995 494 Animam
1023 437 1216 493 deinde
1244 439 1464 509 Spiritus
1491 441 1863 509 complexibus

577 531 645 585 65
754 529 845 583 Pie
866 529 1136 596 maritam,
1170 529 1333 597 prolis
1363 538 1636 598 expertem
1661 531 1775 599 diu,

753 621 932 678 Faciet
962 623 1182 692 perenni
1214 620 1439 677 fertilem
1465 622 1533 677 de
1562 626 1787 680 semine.

2648 266 2677 295 δ

3769 346 3799 374 εἶ

3771 379 3802 396 Δ

3808 345 3851 398 ο

2426 454 2575 509 Tunc
2596 469 2713 510 sera
2740 456 2919 513 dotem
2948 459 3229 528 possidens
3258 471 3546 527 puerpera.

2434 544 2655 600 llzerede
2683 546 2842 614 digno
2879 548 3043 616 patris
3074 548 3317 618 implebit
3348 546 3591 602 domum.

1866 714 2148 773 GLOSSIE
2184 716 2522 771 VETERES.

646 823 737 879 64.
772 824 1037 887 Animam,
1062 840 1215 893 quam
1237 824 1370 878 Sara
1390 826 1663 895 significat.
1694 858 1760 867 —
1783 826 2033 893 Spiritus,
2058 844 2147 893 per

572 894 804 960 spiritum
819 894 1097 962 intelligere
1113 896 1216 945 vult
1230 894 1509 960 Abraham,
1529 912 1616 959 per
1629 913 1694 949 an
1707 901 1853 949 ‘mam
1878 897 2084 962 Saram,
2103 897 2145 951 l.

644 962 732 1015 65.
765 962 1020 1034 Maritum,
1052 979 1293 1033 sgncopa,
1326 965 1379 1017 id
1404 975 1475 1018 est
1504 968 1846 1033 conjunctam,
1872 969 2017 1034 quasi
2038 983 2149 1019 ma-

570 1032 793 1095 ritatam,
826 1048 858 1083 a
878 1032 1046 1097 verba,
1077 1034 1214 1099 quod
1236 1044 1330 1099 est,
1357 1036 1561 1099 marito,
1591 1032 1669 1087 as.
1702 1066 1771 1077 —
1802 1032 1997 1100 Prolis,
2039 1038 2144 1088 uir—

571 1110 737 1172 tutum
761 1101 1125 1172 spiritualium.
1145 1132 1214 1143 —
1244 1105 1548 1169 Expertum,
1582 1105 1825 1172 ignotam,
1854 1106 1891 1158 l.

641 1169 728 1244 66.
786 1169 1055 1244 Fertilem.
1090 1173 1405 1241 fructiferam
1437 1190 1555 1244 eum
1587 1169 1727 1227 bonis
1780 1175 2032 1244 operibus.
2072 1204 2142 1244 -_-

573 1238 811 1302 Semine,
845 1240 889 1292 si
915 1238 1182 1304 semen'est
1210 1238 1413 1295 uerbnm
1429 1242 1542 1305 Dei,
1586 1238 1948 1312 consequenter
1971 1255 2017 1297 et
2044 1242 2141 1310 ﬁlii

1738 1316 1839 1381 ﬁne
1864 1314 2143 1367 dominabi-

569 1392 720 1441 mur;
749 1394 852 1431 non
891 1381 1152 1447 feminam,
1184 1382 1237 1433 id
1272 1392 1348 1434 est
1376 1399 1474 1434 non
1515 1383 1668 1435 molle
1704 1400 1735 1450 q
1756 1385 1826 1436 tid
1855 1401 1916 1437 ac
1943 1382 2140 1437 resolu-

570 1454 699 1514 tum,
725 1450 814 1501 sed
841 1462 1069 1515 puerum,
1104 1450 1158 1502 id
1181 1460 1275 1513 est,
1300 1454 1431 1520 forte
1462 1468 1524 1504 ac
1549 1453 1770 1506 solidum
1792 1455 2063 1523 parientes,
2087 1461 2143 1505 ut

571 1323 724 1376 opera
746 1319 883 1373 sunt,
914 1326 1129 1379 quorum
1158 1312 1333 1381 utique
1369 1313 1596 1365 mercede
1638 1315 1691 1366 in

2247 829 2411 884 illud:
2437 847 2551 883 cum
2580 839 2746 882 autem
2773 828 3020 899 pepererit
3045 843 3282 899 puerum,
3316 835 3449 899 etc.,
3496 825 3537 879 1.

2318 899 2405 953 67.
2443 901 2651 961 Dotem,
2679 897 2869 951 scilicet
2890 897 3164 958 uirtutum,
3200 898 3353 950 ritam
3380 898 3577 949 beatam
3604 936 3619 958 ,
3644 897 3724 949 uel
3742 898 3850 965 ju-

2249 978 2380 1022 stam
2401 972 2584 1033 vitam;
2612 970 2706 1021 'hos
2743 970 2862 1022 sinit
2891 974 3085 1021 intrare
3121 982 3248 1037 quos
3302 968 3485 1036 dignos
3529 967 3733 1032 probat.
3763 993 3850 1005 —

2252 1039 2540 1107 Puerpera,
2570 1054 2784 1106 puerum
2805 1040 3030 1106 pariens,
3058 1039 3160 1091 lso.

2322 1100 2411 1163 68:
2446 1100 2666 1161 Hmrede
2694 1100 2872 1173 digno,
2905 1107 3181 1160 secundum
3206 1105 3377 1159 illud:
3410 1100 3534 1157 Filii
3567 1104 3667 1167 tui,
3695 1104 3843 1157 sicut

2250 1180 2459 1231 novella:
2479 1178 2748 1240 olivarum,
2765 1178 2943 1231 etalibi
2956 1192 2973 1228 :
2998 1177 3190 1246 Dirige.
3197 1175 3330 1243 ﬁlios
3351 1190 3563 1237 eorum;
3588 1190 3651 1226 ac
3673 1176 3846 1240 paulo

2251 1257 2362 1319 post
2378 1262 2406 1319 με
2430 1248 2492 1300 Et
2516 1263 2669 1319 opera
2690 1255 2934 1319 manuum
2962 1245 3248 1319 nostrarum
3268 1245 3432 1313 dirige
3460 1259 3618 1319 super
3638 1259 3845 1296 nos.—

2248 1316 2441 1381 Patris,
2468 1316 2753 1370 ostenditur
2774 1333 2861 1384 per
2872 1316 3182 1368 divinitatem
3209 1326 3256 1367 et
3279 1316 3690 1384 humanitatem;
3715 1322 3844 1384 qua:

2247 1403 2361 1440 cum
2374 1388 2473 1440 sint
2495 1389 2618 1451 duo,
2642 1403 2743 1439 non
2760 1383 2928 1439 tamen
2942 1386 3069 1450 duo,
3086 1386 3173 1439 sed
3190 1400 3319 1437 unus
3346 1392 3418 1437 est
3436 1383 3695 1449 Christus,
3721 1383 3841 1435 lso.

1910 1559 2466 1616 COMMENTARIUS.

641 1667 729 1721 6t.
761 1668 908 1733 Ald.,
943 1668 1056 1724 Gis.
1090 1669 1139 1724 in
1162 1679 1413 1727 contextu
1442 1672 1462 1724 l
1508 1672 1619 1737 ed.,
1668 1671 2012 1735 muneribus;
2051 1671 2140 1725 alii

571 1738 764 1807 melius
788 1738 1148 1807 complexibus.

640 1805 727 1880 65.
761 1805 948 1866 Aldus.
972 1810 1092 1876 pice,
1117 1811 1292 1865 minus
1321 1810 1475 1874 bene,
1525 1824 1620 1879 pro
1650 1812 1753 1880 pie.
1783 1809 1839 1863 ln
1871 1809 2140 1864 nonnullis

570 1876 737 1949 vulg”
770 1885 1059 1949 expertam;
1094 1881 1302 1949 corrige
1331 1876 1606 1948 expertem.
1634 1876 1900 1935 Cauchius
1944 1894 2010 1934 ex
2048 1893 2140 1933 co-

569 1943 684 1998 dice
714 1943 916 2012 scripto
948 1948 1178 2001 malebat
1198 1943 1279 2019 pie
1301 1943 1565 2002 maritans.

1534 2344 1549 2353 ί
1614 2188 2751 2303 PSYCHOMACHIA.

744 2533 901 2605 587
930 2533 1163 2598 Christe,
1192 2544 1385 2603 graves
1427 2534 1699 2588 hominum
1733 2551 1943 2602 semper
1972 2539 2135 2591 mise-
2168 2542 2212 2601 Β

1560 2670 1569 2677 ,
1663 2626 1800 2698 [rate
1831 2626 2063 2689 labores,

2322 1671 2411 1725 67.
2435 1670 2582 1735 Ald.,
2642 1668 2830 1733 Nebr.,
2880 1676 2935 1722 et
2974 1668 3065 1722 alii
3120 1662 3839 1736 vulg.,78arra._Plerique

2248 1741 2377 1795 editi
2420 1751 2476 1795 et
2530 1733 2683 1804 mss,
2713 1755 2845 1800 sera,
2874 1746 2933 1791 ut
2969 1747 3095 1791 ante
3136 1733 3278 1791 vers.
3304 1735 3362 1797 2,
3398 1733 3659 1788 Abraham
3680 1748 3838 1785 serus

2246 1810 2608 1882 pater-dicitur.
2628 1810 2683 1882 In
2699 1808 2815 1882 Vat.
2832 1806 2897 1882 C,
2913 1822 3067 1882 serua
3084 1808 3251 1882 prima
3266 1819 3447 1882 manu,
3463 1804 3835 1870 Sarrasupra.

2313 1880 2405 1935 68.
2437 1879 2631 1944 Palat.,
2663 1878 2922 1947 implevit;
2948 1877 3140 1931 melius
3158 1875 3409 1947 implebit.

2810 2085 3059 2093 ..Ψ-..ν

2416 2542 2514 2607 Qui
2545 2543 2711 2610 patria
2747 2542 2943 2595 virtute
2975 2541 3131 2606 cluis,
3157 2518 3498 2611 propriaque,
3533 2543 3629 2596 sed
3659 2556 3796 2608 una,

2422 2630 2629 2699 (Unum
2655 2644 2882 2700 namque
2898 2631 3063 2686 Deum
3078 2632 3302 2686 colimus
3319 2631 3387 2687 de
3403 2632 3624 2687 nomine
3643 2633 3791 2686 trino
3816 2648 3831 2684 :

1875 2756 2165 2815 GLOSSAB
2203 2758 2540 2818 VETERES.

640 2876 689 2929 ι.
721 2874 1260 2944 Graves,magnos.-
1284 2874 1551 2940 Miserate,
1575 2874 1900 2944 participium
1930 2890 1960 2927 a
1981 2875 2132 2927 uerbo

567 2946 953 3016 miseror,4aris.
986 2944 1123 3016 quod
1148 2945 1275 3016 regit
1300 2945 1679 3016 accusativum;
1700 2944 2009 3016 hincetia'm
2034 2946 2131 2997 mi-

565 3029 738 3082 serans
766 3014 837 3066 ait
862 3029 880 3067 :
911 3012 1086 3067 Venite
1111 3014 1179 3067 ad
1202 3012 1279 3067 me
1307 3028 1499 3076 omnes,
1521 3014 1608 3082 qui
1638 3013 1899 3076 laboratis,
1930 3012 2031 3067 lso.

634 3087 689 3135 '2.
716 3081 908 3145 Patria,
934 3092 1146 3153 paterna
1169 3099 1189 3137 :
1218 3093 1432 3152 paterna
1454 3081 1627 3153 uirtus
1652 3082 1884 3137 Christus
1921 3094 1993 3153 est
2019 3083 2159 3147 sub-,

566 3154 802 3215 stantiva,
830 3168 933 3205 non
961 3153 1230 3217 accidens;
1262 3168 1420 3220 neque
1445 3152 1666 3225 secunda
1692 3154 1915 3219 qualitas
1935 3152 2131 3217 Patris,

2240 2879 2330 2930 sed
2364 2875 2531 2948 Filius
2558 2861 2668 2948 ejus
2684 2888 2757 2931 est
2778 2894 2797 2942 ;
2816 2881 2935 2944 quia
2961 2894 3059 2931 non
3087 2894 3119 2930 a
3142 2895 3216 2943 se,
3240 2882 3329 2931 sed
3351 2880 3411 2931 ab
3435 2893 3496 2930 co
3517 2877 3630 2943 ipsa
3648 2877 3833 2948 genuit

2237 2962 2310 3000 se.
2327 2946 2792 3011 -—Cluis,’cresris,
2811 2949 2987 3014 polles.
3008 2977 3076 2990 --
3093 2948 3225 3007 Una,
3241 2948 3432 3001 scilicet
3455 2946 3764 3014 substantia.
3784 2947 3830 2998 Ι.

2243 3017 2364 3138 “3.
2399 3005 2624 3139 Fomiue
2666 3005 2827 3082 trino,
2862 3017 3037 3084 Pater,
3081 3026 3127 3071 et
3164 3005 3357 3085 Filius,
3384 3025 3431 3071 et
3455 3005 3834 3098 Spirituf’san-

2293 3101 2372 3151 us,
2428 3126 2440 3139 .

1921 3286 2515 3371 CQMMENTARIUS.,

636 3421 689 3472 1.
735 3418 787 3470 In
825 3419 940 3473 Rat.
974 3420 1061 3488 hic
1084 3429 1166 3473 est
1238 3420 1442 3484 titulus,
1492 3419 1679 3487 Incipit
1710 3420 2129 3488 Psychomachia:

563 3487 692 3540 liber
728 3488 923 3560 Aurelii
976 3487 1245 3560 Prudentii
1290 3488 1559 3560 Clementis
1590 3488 1653 3543 de
1688 3487 1857 3560 pugna
1883 3493 2127 3544 virtutum

561 3567 711 3624 atque
738 3559 992 3611 vitiorum.
1028 3558 1080 3611 lu
1111 3559 1262 3624 Man,
1299 3559 1582 3615 lnvoratio.
1618 3558 1968 3615 ln'veterilms
2009 3562 2126 3615 aliis

563 3627 718 3681 eodd.
752 3628 1228 3681 desuntinterdum
1257 3629 1420 3682 tituli.
1471 3627 1681 3693 Saepius
1728 3641 1903 3683 autem
1938 3629 2126 3683 inscri-

559 3697 674 3766 ptio
702 3694 820 3766 libri
870 3697 1134 3765 reperitnr
1163 3699 1213 3749 in
1264 3697 1591 3766 prmfationis
1624 3698 1827 3761 limine,
1865 3712 2019 3766 quam
2071 3701 2123 3751 in

562 3764 801 3828 ejusdem
835 3764 1294 3829 przefatiunisllnc.
1316 3765 1524 3820 Primus
1550 3767 1649 3819 iste
1666 3781 1854 3821 versus
1869 3764 1930 3820 cx
1952 3768 2125 3820 imita-

558 3835 701 3885 tione
718 3833 1831 3898 Virgiliiconformatusestlib.wrEneid.,
1874 3837 2124 3889 vers.56:
2166 3837 2174 3843 ’

558 3900 768 3973 I-‘Itmbe.
795 3917 969 3970 graves
992 3902 1171 3973 _Trojaz
1182 3919 1390 3973 semper
1417 3904 1649 3955 miserate
1679 3903 1901 3956 labores.

628 3971 683 4023 3.
718 3970 772 4023 In
802 3979 911 4021 not.
943 3971 1009 4023 ad
1060 3970 1209 4037 prmi.
1240 3971 1435 4036 Apmh.
1462 3987 1600 4023 vers.
1638 3973 1697 4025 3|
1732 3973 1846 4025 ditii
1878 3973 1940 4025 de
1999 3974 2127 4024 Pru-

556 4038 742 4092 dentia
785 4040 1007 4107 aliisque
1028 4040 1228 4095 Latinis
1252 4041 1604 4105 scriptoribus
1625 4054 1767 4107 st-pe
1794 4055 1912 4094 esse
1936 4056 2123 4100 super-

556 4109 718 4162 linum
744 4124 757 4171 ;
790 4107 1027 4176 adeoque
1056 4109 1193 4162 idem
1226 4122 1307 4163 est
1337 4111 1398 4160 de
1424 4110 1627 4161 nomine
1655 4110 1811 4173 trino,
1841 4123 1902 4161 ac
1922 4109 2125 4162 nomine

558 4178 710 4229 triuo.
760 4176 1002 4230 lleiusius
1051 4178 1174 4245 legit
1216 4180 1279 4231 de
1310 4179 1508 4230 nomine
1552 4185 1766 4241 utroque
1814 4192 1933 4230 cum
1989 4177 2120 4237 Suis.
2156 4217 2199 4245 ,η

557 4246 737 4311 Eam,
774 4247 974 4298 Bonon.
1005 4255 1054 4299 et
1091 4221 1199 4300 Bal.
1226 4221 1417 4312 :vquia,
1440 4247 1633 4312 inquit,
1661 4221 1727 4298 de
1761 4248 1868 4298 Deo
1899 4248 2051 4299 Patre
2074 4221 2128 4301 el.
2155 4221 2200 4279 ί]

558 4316 699 4369 Filio
732 4325 932 4366 tantum
964 4316 1090 4377 agit.
1138 4317 1380 4367 Barthius
1420 4315 1513 4367 lib.
1542 4332 1569 4367 l.
1594 4316 1843 4379 Advers.,
1875 4331 1993 4381 cap.
2038 4319 2125 4379 ΙΙ,

559 4384 759 4451 reperit
788 4384 1027 4437 eamdem
1071 4386 1348 4438 lectionem
1380 4386 1431 4436 in
1460 4384 1579 4437 cod.
1622 4385 1844 4437 membr.
1890 4395 2124 4446 vetusto,

556 4454 649 4507 sed
688 4454 903 4519 conjicit
935 4454 1215 4512 legendum
1273 4467 1319 4506 te
1362 4454 1563 4505 nomine
1584 4454 1738 4517 trino,
1766 4455 1844 4505 vel
1876 4463 2053 4520 potuts
2083 4464 2130 4507 te

555 4523 940 4582 numine.trino.
975 4522 1165 4585 Unum,
1200 4523 1295 4587 ait,
1314 4521 1479 4575 Deum
1505 4524 1702 4575 nomine
1726 4534 1921 4575 tantum
1943 4525 2128 4575 trinum

556 4592 721 4645 dicere
757 4608 850 4659 ego
880 4608 978 4642 non
996 4592 1119 4644 satis
1144 4592 1282 4655 pium
1314 4592 1565 4650 existimo.
1589 4607 2047 4656 nequeconsonum
2067 4594 2082 4644 ί
2104 4609 2128 4644 s

555 4676 669 4722 quas
693 4678 751 4714 eo
785 4671 1002 4728 tempore
1019 4661 1344 4729 Auguuinus,
1384 4659 1630 4727 Hilarius,
1666 4660 1998 4721 Athanasius,
2029 4659 2129 4729 Cy-

555 4729 1088 4797 rillus,ffir'ronymus
1119 4738 1162 4779 at
1202 4731 1293 4781 alii
1337 4729 1525 4797 inﬁniti
1565 4732 1628 4781 de
1665 4729 1841 4780 eodem
1889 4733 2128 4797 mysterio

555 4786 887 4863 st‘rips'erunt.
909 4786 1123 4866 quorum
1151 4814 1270 4851 sane
1305 4786 1476 4849 nullus
1496 4800 1567 4849 ita
1591 4800 1897 4862 loquatur...
1930 4786 1991 4851 Si
2016 4800 2129 4865 quis

557 4879 723 4920 autem
744 4869 961 4932 scriptor
976 4870 1365 4934 circumspectus
1397 4869 1449 4919 in
1465 4869 1709 4934 mysteriis
1740 4868 1882 4934 ﬁdei,
1915 4868 1959 4918 is
1983 4882 2125 4929 sane,

557 4937 754 5005 etiamsi
775 4946 945 5003 poeta,
975 4937 1108 5005 quod
1137 4952 1293 5005 genus
1338 4938 1487 4987 licent
1512 4953 1543 4987 a
1581 4940 1773 5005 majore
1812 4938 1890 4988 uti
1920 4937 2124 4998 dicitur,

556 5015 631 5057 est
652 5003 964 5057 Prudentius
989 5003 1183 5069 noster,
1212 5022 1269 5057 eo
1310 5007 1458 5056 etiam
1502 5003 1705 5055 nomine
1738 5006 1965 5057 omnium
1998 5020 2131 5055 com-

558 5075 876 5143 mendatione
902 5076 1249 5143 dignissimus.
1275 5073 1467 5127 Verum
1499 5074 1624 5125 illul
1670 5073 1917 5125 Barthius
1959 5081 2123 5143 errat.

558 5141 701 5206 quod
752 5154 899 5208 putet
952 5141 1087 5196 alios
1132 5146 1230 5197 SS.
1290 5144 1489 5204 Patres,
1550 5143 1819 5193 l’rudeulii
1870 5141 2125 5204 aequales,

562 5214 725 5264 Iteum
757 5214 957 5263 nomine
976 5216 1105 5265 trino
1136 5226 1404 5281 nunquam
1434 5211 1669 5263 dixisse:
1694 5210 1833 5274 quod
1863 5211 2006 5261 enim
2041 5209 2133 5261 ad-

559 5282 652 5342 dit,
686 5297 789 5333 non
830 5295 949 5332 esse
978 5285 1105 5334 satis
1138 5280 1278 5345 pium
1328 5280 1526 5337 dicere.
1564 5283 1724 5329 neum
1754 5294 1875 5331 esse
1916 5281 2133 5331 nomine

559 5359 757 5401 tantum
776 5350 932 5406 trino.
968 5365 1069 5401 non
1096 5365 1359 5417 repugno;
1391 5348 1482 5401 sed
1508 5347 2048 5417 advcrltiumtantum
2066 5349 2132 5417 de

561 5436 658 5468 ,ειη
683 5420 770 5471 ille
801 5419 1062 5483 adiunxit,
1090 5416 1311 5486 quodin
1353 5417 1642 5471 Prudentio
1671 5433 1774 5486 non
1826 5416 2042 5486 legitur.
2070 5416 2129 5469 S.

559 5488 847 5551 Gregorius
871 5483 1229 5540 Naziunu'utus
1258 5489 1312 5541 in
1343 5496 1567 5540 tractatu
1596 5487 1662 5540 de
1695 5485 1857 5549 Fide,
1887 5495 2003 5549 post
2030 5483 2135 5537 ini-

2231 3423 2396 3491 gratia
2440 3423 2594 3485 trino,
2641 3421 2858 3474 lnnorat
2884 3437 2904 3483 ;
2932 3430 2987 3473 et
3015 3419 3146 3473 ibid.
3178 3420 3373 3491 iterum
3419 3419 3663 3491 {Fassus
3679 3423 3830 3491 enim

2233 3488 2306 3543 est
2334 3507 2492 3543 unum
2523 3491 2653 3543 trino
2698 3491 2791 3543 sub
2838 3491 3039 3541 nomine
3061 3504 3253 3555 regem.
3290 3490 3353 3542 Et
3380 3488 3606 3555 epistola
3650 3489 3720 3544 12
3749 3491 3829 3544 ad

2230 3564 2488 3618 Severum
2515 3577 2529 3613 :
2557 3559 2688 3611 Ecce
2704 3559 2839 3611 velut
2861 3560 2992 3611 trino
3019 3559 3137 3610 colit
3164 3574 3324 3610 unam
3347 3561 3552 3611 nomine
3570 3569 3827 3619 ruentem,

2231 3630 2321 3683 Sic
2344 3631 2533 3681 trinum
2560 3638 2736 3681 sancta
2757 3630 2889 3680 mole
2916 3629 3133 3696 sacravit
3162 3642 3308 3695 opus.
3353 3627 3408 3681 In
3438 3627 3687 3696 versibus
3724 3630 3830 3696 qni

2228 3697 2506 3751 Claudiani
2535 3698 2749 3750 nomine
2792 3695 3261 3757 circumferuntur,
3306 3696 3420 3759 sed,
3449 3704 3508 3749 ut
3536 3695 3665 3750 alibi
3700 3695 3829 3750 nio-

2240 3768 2355 3828 nui,
2370 3766 2703 3830 adjudicaodi
2728 3776 2850 3819 sunt
2867 3765 3168 3819 Merobaudi
3184 3764 3518 3819 Scholastico
3538 3765 3788 3830 Hispano
3807 3782 3827 3819 :

2242 3834 2319 3888 Tu
2343 3837 2483 3887 solus
2503 3833 2771 3903 Patrisque
2794 3849 2975 3894 comes,
2999 3843 3046 3885 et
3074 3835 3298 3900 Spiritus
3327 3836 3528 3892 insons,
3577 3835 3641 3886 Et
3664 3837 3829 3888 toties

2236 3919 2370 3955 unus
2412 3905 2700 3971 triplicique
2744 3903 2797 3954 in
2831 3903 3035 3955 nomine
3081 3905 3316 3972 simplex.
3354 3903 3606 3969 Sequiori
3641 3904 3828 3956 etiam

2237 3982 2477 4040 tempore
2502 3971 2693 4026 similis
2724 3972 2919 4025 locutio
2968 3984 3084 4025 erat
3118 3971 3319 4025 inusu.
3352 3972 3660 4039 Drepauins
3684 3972 3824 4025 Flo-

2234 4055 2348 4103 rus,
2381 4050 2529 4107 poeta
2554 4055 2714 4107 supra
2737 4054 2889 4093 suum
2903 4042 3177 4101 saeculum,
3207 4042 3258 4094 in
3286 4040 3527 4094 carmine
3555 4041 3626 4094 de
3651 4055 3830 4096 aereo

2234 4109 2497 4175 paschali:
2517 4107 2689 4162 Unum
2712 4124 2826 4175 qua:
2849 4113 2979 4161 trino
2994 4109 3348 4161 celebrantsub
3371 4111 3577 4163 nomine
3597 4125 3826 4174 numen,

2234 4178 2321 4231 ubi
2347 4177 2583 4232 imitatus
2608 4179 2817 4232 videtur
2846 4179 3212 4232 Prudentium.
3244 4178 3671 4231 lnstrumentum
3689 4193 3832 4232 con-

2231 4246 2493 4301 cessionis
2514 4247 2731 4301 Ordonii
2766 4247 2827 4300 lll
2859 4261 2998 4299 anno
3027 4248 3153 4310 955,
3183 4257 3314 4300 tom.
3349 4247 3571 4301 XXXIV
3615 4249 3827 4313 llispa-

2232 4318 2334 4368 nia:
2363 4331 2554 4370 sacrm.
2584 4331 2700 4383 pag.
2733 4314 2859 4377 «559,
2887 4318 2956 4367 ita
3009 4317 3190 4382 incipit
3225 4333 3237 4367 :
3270 4315 3335 4367 In
3376 4319 3583 4369 nomine
3626 4318 3823 4383 triplo,

2229 4386 2431 4454 simpla,
2459 4386 2652 4446 diuino,
2684 4401 2771 4449 eqo
2796 4385 3051 4438 Ordonitts
3079 4396 3203 4436 nutu
3243 4384 3335 4436 Dei
3366 4402 3481 4446 rem,
3518 4395 3624 4438 etr.
3659 4384 3782 4439 Alia
3806 4428 3823 4449 ,

2230 4455 2463 4524 quathuc
2482 4454 2678 4524 adduci
2713 4464 2948 4524 nossent,
2980 4457 3132 4524 attuli
3161 4468 3318 4515 supra
3333 4456 3581 4507 Cathem.
3615 4456 3820 4524 hymn.

2230 4522 2284 4585 ὅ,
2316 4538 2451 4578 \ers.
2475 4522 2565 4584 20,
2588 4533 2644 4587 et
2672 4523 2877 4589 praefat.
2914 4523 3202 4589 Apotlteos.
3229 4534 3369 4575 vers.
3398 4527 3452 4585 1,
3487 4525 3574 4575 ubi
3607 4522 3834 4577 similes

2232 4592 2482 4658 loquendi
2509 4592 2758 4643 formulas
2786 4599 2972 4644 contra
3006 4592 3347 4644 llincmarum
3368 4592 3607 4645 defendi.
3644 4593 3836 4651 Porro

2239 4661 2434 4714 habent
2462 4660 2526 4712 de
2558 4661 2762 4711 nomine
2809 4662 2941 4712 trino
2981 4660 3136 4712 codd.
3169 4659 3334 4720 Vatt.,
3361 4661 3421 4723 C,
3457 4661 3521 4725 D,
3559 4661 3620 4723 Ρ,
3647 4661 3718 4718 G.
3758 4661 3834 4728 L,

2232 4728 2299 4792 R,
2330 4734 2395 4793 υ,
2431 4730 2531 4782 Bll.
2584 4728 2639 4780 lu
2680 4728 2803 4782 cod.
2836 4728 2950 4780 Vat.
3001 4728 3303 4795 [Lunaque
3340 4743 3367 4778 a
3413 4731 3585 4794 prima
3630 4744 3831 4792 manu,

2232 4812 2393 4865 supra
2438 4796 2680 4865 triuoaln
2716 4798 2894 4865 Alex.,
2935 4807 3168 4864 utroque.
3218 4797 3536 4860 Viennens”
3582 4799 3837 4861 Mariet.,

2234 4864 2379 4930 Rat.,
2420 4866 2562 4925 Ald.,
2591 4864 2727 4928 Gis.,
2758 4864 2949 4917 Weitz.
2984 4877 3038 4917 ct
3067 4876 3271 4919 veteres
3300 4867 3456 4930 editi,
3489 4869 3647 4930 trino,
3676 4870 3837 4934 quod

2232 4935 2623 4988 Cltztntizlal'dlls
2650 4934 2905 5000 praetulit.
2937 4934 3216 4996 Cellarius,
3246 4935 3447 4988 Heins-i
3488 4938 3838 4992 auctoritate

2236 5015 2528 5066 permotus,
2564 5015 2775 5057 utroque
2790 5002 2973 5062 edidit,
3008 5004 3149 5070 quod
3181 5004 3351 5056 tenuit
3382 5006 3547 5058 etiam
3576 5006 3837 5059 Teolius.

2234 5071 2431 5125 Confer
2446 5074 2655 5125 Petrum
2680 5071 3050 5124 Constantium
3084 5073 3133 5121 in
3165 5072 3421 5126 \‘indieiis
3449 5083 3699 5127 veterum
3732 5089 3841 5128 co-

2235 5142 2410 5195 dicum
2452 5141 2809 5195 conﬁrmatis.
2856 5141 2943 5204 qui
2983 5138 3378 5193 Gottcscaleum
3416 5152 3609 5195 contra
3662 5143 3841 5198 Hinc-

2236 5225 2441 5263 tnarum
2481 5218 2676 5269 tuetur,
2708 5218 2758 5258 et
2790 5208 3029 5259 Latuium
3061 5207 3129 5260 de
3166 5219 3309 5259 recta
3343 5210 3688 5264 Nirmnorum
3722 5212 3843 5265 Ρη-

2240 5290 2376 5332 trum
2411 5278 2543 5331 Fide
2569 5291 2685 5336 cap.
2722 5277 2811 5329 35.
2843 5292 2990 5328 num.
3018 5278 3104 5336 to,
3146 5277 3234 5340 qui
3276 5278 3327 5328 in
3360 5280 3561 5333 Missali
3605 5281 3761 5334 edito
3811 5299 3844 5338 a

2238 5348 2386 5417 card.
2418 5347 2870 5417 Thotnasiotrina
2904 5345 3085 5417 veritas
3117 5346 3731 5417 iu‘interrogationibus
3766 5355 3842 5403 ad

2239 5414 2536 5483 baptizatos
2563 5414 2666 5486 diei
2691 5414 2955 5474 observat,
2984 5414 3400 5486 Rerniuiuutque
3425 5418 3652 5486 refellit,
3686 5422 3846 5486 quod

2244 5477 2445 5535 lltstor.
2481 5483 2663 5535 saeculi
2697 5497 2787 5533 vnt
2835 5498 2953 5543 cap.
2999 5485 3028 5535 7
3064 5477 3377 5541 assentiar",
3422 5477 3846 5541 Gottescal'enm

562 5550 730 5609 tium:
766 5556 907 5621 Tria,
933 5559 1025 5617 ait,
1058 5559 1283 5612 nomina.
1317 5568 1361 5609 et
1407 5566 1503 5609 tres
1549 5570 1791 5623 personas
1841 5556 1994 5605 unius
2023 5568 2130 5605 esse
2158 5563 2211 5620 ι)
2242 5552 2549 5623 defendisse
2578 5550 2711 5623 hanc
2747 5550 3069 5623 locutionem
3116 5552 3301 5623 triplets
3320 5554 3487 5623 deitns
3524 5570 3541 5607 :
3574 5572 3705 5607 nam
3739 5560 3844 5609 La.

560 5629 804 5697 amentiae,
849 5628 999 5697 utius
1047 5627 1347 5697 majestatis,
1385 5636 1532 5692 atque
1569 5626 1805 5697 potentiw
1852 5623 2129 5697 credimus.

562 5699 620 5752 5.
668 5696 916 5751 Paulinus
945 5692 1138 5750 Natali
1164 5697 1196 5749 9
1236 5715 1248 5748 :
1277 5696 1364 5748 Sic
1402 5696 1600 5747 animos
1624 5692 1819 5745 steriles
1846 5692 1900 5745 in
1933 5692 2137 5743 nomine

2243 5623 2383 5673 mius
2416 5621 2551 5671 trina
2584 5620 2745 5671 deitas
2773 5619 2876 5672 dici
2909 5634 3065 5675 nosse
3084 5618 3189 5677 ait.
3213 5620 3400 5687 triplex
3419 5623 3584 5677 deitas
3614 5640 3807 5693 negat.
