4068 6290
553 323 625 378 23
1649 329 1736 382 AU
1749 327 1924 382 RELII
1967 328 2328 384 PRUDENTII
2366 328 2696 385 CARMINA.

727 434 889 507 590
917 435 1217 505 Pugnatura
1253 436 1427 502 Fides,
1461 438 1655 507 agresti
1696 438 1905 492 turbida
1939 440 2080 492 cultu
2101 482 2117 506 ,
2153 450 2196 506 Α

724 528 871 583 Nuda
893 527 1167 593 humeros,
1197 529 1404 582 intonsa
1431 543 1632 594 comas,
1654 540 1842 584 exerta
1866 530 1881 583 l
1919 541 2113 585 certos.

725 624 962 692 Namque
983 621 1292 690 repentinus
1311 620 1480 674 laudis
1497 622 1642 674 calor
1656 621 1720 674 ad
1746 637 1881 676 nova
1905 620 2117 678 fervens

559 714 636 774 25,
728 713 940 778 Praalia,
973 725 1074 766 nec
1101 711 1220 764 telis
1246 711 1508 775 meminit,
1544 726 1641 766 nec
1673 713 1905 780 tegmine
1933 714 2071 780 cingi
2099 730 2113 766 :

723 806 880 876 591
911 803 1133 859 Pectore
1173 801 1268 856 sed
1301 801 1470 857 fidens
1500 803 1676 857 valido
1699 844 1715 869 ,
1757 803 2115 871 membrisque

1805 892 2043 964 [retectis

718 989 978 1042 Provocat
1006 987 1177 1040 insani
1207 985 1492 1055 frangenda
1526 985 1757 1054 pericula
1800 985 1941 1040 belli.

719 1080 856 1135 Ecce
893 1079 1242 1134 lacessentem
1273 1079 1484 1133 collatis
1512 1077 1710 1131 viribus
1743 1076 1904 1131 audet
1995 1111 2004 1116 ι

715 1173 889 1225 l’rima
921 1169 1083 1225 ferire
1119 1169 1302 1224 Fidem
1334 1179 1571 1224 veterum
1609 1166 1826 1223 Cultura
1861 1168 2107 1223 deorum.

540 1263 610 1318 50
719 1261 808 1315 llla
841 1260 1032 1315 hostile
1058 1269 1249 1328 caput,
1282 1259 1665 1329 phalerataque
1695 1270 1932 1330 tempora
1969 1261 2112 1317 vittis

719 1351 891 1405 Altior
920 1351 1200 1420 insurgens
1226 1348 1534 1415 labefactat,
1566 1358 1618 1403 et
1646 1365 1762 1416 ora,
1795 1363 1986 1405 cruore

3739 334 3817 387 25

2405 441 2478 498 De
2502 443 2760 511 pecudum
2777 444 2990 508 satiata,
3009 442 3124 498 solo
3145 443 3395 513 applicat,
3437 454 3490 500 et
3535 460 3668 514 peuc
3684 450 3768 500 cat
3786 477 3808 488 -

3616 539 3726 609 [cat

2399 626 2570 680 Elisos
2593 627 2646 681 in
2677 636 2847 680 morte
2878 626 3061 680 oculos
3091 644 3102 679 :
3134 627 3472 696 animamque
3503 630 3796 696 malignam

2399 717 2585 771 Fracta
2619 717 2898 785 intercepti
2942 717 3262 770 commercia
3291 717 3518 784 gutturis
3558 727 3800 781 arctant,

2221 807 2290 860 55
2400 806 2788 876 Difficilemque
2827 807 3028 858 obitqu
3078 806 3308 874 suspiria
3359 807 3512 876 longa
3552 807 3799 877 fatigant.

2397 899 2638 952 Exsultat
2668 899 2858 954 victrix
2887 898 3025 968 legio
3049 917 3060 952 :
3091 914 3249 968 quam
3278 899 3423 952 mille
3447 911 3684 954 coactam

2395 991 2714 1061 Martyribus
2753 992 2932 1061 tegina
2977 993 3133 1046 Fides
3166 992 3429 1046 animarat
3461 993 3511 1047 in
3556 993 3794 1048 hostem.

2393 1079 2544 1133 Tunc
2573 1080 2740 1134 fortes
2769 1081 2944 1134 socios
2977 1091 3126 1148 parta
3159 1096 3256 1150 pro
3285 1083 3442 1136 laude
3479 1095 3704 1138 coronat

2396 1171 2556 1242 592
2569 1170 2833 1235 Floribus,
2855 1171 3168 1241 ardentique
3185 1173 3337 1240 jubet
3357 1174 3598 1228 vestirier
3617 1184 3792 1227 ostro.

2215 1263 2284 1316 40
2395 1262 2532 1316 Exin
2573 1264 2844 1331 gramineo
2876 1264 2928 1316 in
2961 1277 3152 1331 campo
3189 1279 3508 1320 concurrere
3544 1277 3794 1333 prompta

2391 1351 2552 1422 Virgo
2583 1351 2836 1406 Pudicitia
2864 1352 3119 1420 speciosis
3151 1351 3312 1422 fulget
3345 1353 3398 1407 in
3430 1353 3595 1408 armis
3626 1373 3637 1405 :

1818 1438 2102 1494 GLOSSIE
2137 1440 2456 1495 VETERES

556 1548 568 1552 '
605 1535 698 1588 22.
725 1533 956 1603 Agresti,
983 1549 1088 1603 non
1108 1533 1327 1603 enimad
1349 1531 1733 1603 pradicandum
1751 1531 2099 1602 pltilosOpItos,

539 1606 622 1660 sed
657 1601 927 1673 piscatores
944 1601 1205 1673 elegitc—
1225 1601 1478 1673 Turbida,
1511 1603 1666 1673 irata,
1695 1601 1966 1673 deformis,
1999 1619 2102 1657 non

539 1671 813 1729 secundum
841 1671 1039 1726 carnem
1061 1672 1305 1724 militans.
1334 1701 1404 1711 —
1429 1671 1608 1736 Cultu,
1631 1671 1826 1733 habitu,
1863 1672 1901 1725 Ι.

607 1745 696 1800 25.
725 1743 874 1799 Nuda
896 1783 910 1807 ,
935 1750 1167 1812 prompta
1206 1741 1275 1794 ad
1311 1741 1441 1812 bona
1473 1756 1648 1812 opera.
1692 1771 1762 1812 έ
1811 1741 2102 1806 Hnmeros,

2208 1549 2323 1586 cum
2350 1549 2489 1604 rcges
2507 1573 2544 1604 ,ί
2568 1534 2670 1587 sive
2695 1534 2982 1601 pltilosOplti
3010 1535 3076 1586 ad
3105 1533 3300 1586 cultum
3341 1544 3620 1587 curvantur
3665 1536 3792 1586 reli-

2205 1605 2388 1674 gionis.
2509 1603 2702 1670 Caput,
2733 1604 3058 1660 idololatria.
3081 1632 3152 1643 -—
3180 1605 3476 1671 Pltalerata,
3508 1613 3716 1664 ornata,
3745 1605 3786 1657 Ι.

2279 1675 2367 1727 51.
2396 1672 2531 1738 Ora,
2569 1676 2864 1740 aspicientes
2885 1691 3013 1726 vana
3052 1691 3146 1740 pro
3173 1675 3334 1726 n'ltilo
3361 1685 3720 1737 computantur
3761 1692 3782 1728 :

2210 1759 2330 1795 nam
2351 1752 2396 1796 et
2419 1745 2725 1807 moriuntur,
2753 1760 2865 1797 cum
2891 1746 3219 1806 meditantur,
3249 1753 3301 1796 ut
3330 1745 3529 1797 rideant
3548 1783 3562 1806 ,
3595 1745 3635 1798 I.

538 1817 698 1900 nudos
729 1813 918 1900 habetis
936 1809 1298 1900 'ltumeros.n-
1326 1809 1566 1900 lntonsaJ,
1590 1809 1823 1900 inculta;
1851 1827 1963 1900 qua
2004 1829 2104 1900 nqn
2139 1841 2183 1900 Β
2401 1812 2597 1900 Elisos,
2619 1815 2927 1894 confractns,
2957 1817 2994 1864 I.

537 1885 811 1949 colebatur,
835 1890 889 1934 ut
915 1883 1090 1936 virtus.
1113 1910 1182 1920 —
1206 1881 1420 1944 Exerta,
1443 1881 1638 1932 nudata
1662 1881 1729 1932 ad
1757 1882 2012 1947 praslium.
2040 1881 2107 1934 In

536 1971 704 2012 carne.
733 1953 917 2022 inquit,
940 1949 1285 2022 ambulantes,
1305 1968 1404 2004 nou
1417 1951 1709 2022 secundum
1737 1966 1941 2004 carnem
1965 1950 2106 2004 utili-

535 2034 714 2078 tantes.
746 2020 816 2064 -—'
845 2024 1118 2083 Lacertos,
1150 2021 1388 2085 brachia,
1416 2020 1457 2074 l.

603 2095 696 2148 ‘24.
727 2091 1086 2161 Repentinus,
1109 2098 1157 2143 et
1185 2089 1350 2158 factus
1390 2098 1460 2142 est
1496 2098 1703 2155 repente
1746 2090 1810 2142 de
1857 2089 1980 2142 caelo
2025 2106 2110 2142 so-

539 2163 837 2287 "nisliiéc
862 2230 984 2284 telis
1014 2227 1289 2292 meminit,
1314 2243 1414 2281 non
1439 2228 1573 2280 enim
1608 2229 1659 2280 ia
1688 2228 1938 2294 sapientia
1971 2229 2108 2280 verbi

539 2302 856 2374 syllogismos
887 2298 1203 2374 Aristotelis,
1235 2299 1334 2374 sive
1375 2307 1605 2352 contorta
1631 2297 1906 2368 Chrysippi
1947 2299 2110 2352 sancti

539 2368 1126 2443 prtedicatoresjaculati
1151 2379 1287 2443 sunt,
1319 2369 1359 2422 Ι.

587 2442 699 2498 (26.
731 2437 936 2505 Valido,
971 2440 1123 2509 hujus
1149 2439 1352 2491 omnino
1376 2437 1598 2509 validam
1631 2447 1804 2504 pectus
1849 2446 1988 2509 erat,
2021 2438 2107 2506 qui

538 2513 732 2566 (licebat
765 2527 783 2566 :
823 2513 901 2565 An
950 2507 1342 2579 experimentum
1377 2507 1624 2579 quiet-itis
1653 2509 1764 2576 ejus
1794 2507 1890 2579 qui
1935 2509 1985 2558 in
2027 2523 2106 2559 me

541 2583 784 2651 loquitur,
816 2577 1049 2651 Christi?
1069 2579 1460 2651 —_Metubris,_
1479 2577 1699 2651 membra
1735 2577 1889 2651 etiam
1914 2587 2108 2629 retexe-

539 2647 615 2706 rat
655 2667 672 2704 :
705 2649 876 2711 Nihil,
918 2651 1112 2718 inquit,
1145 2649 1408 2701 intulimus
1447 2648 1498 2699 in
1547 2648 1680 2700 hunc
1725 2647 1986 2698 mundum.
2040 2674 2108 2685 -

540 2720 792 2784 lietectis,
815 2721 1019 2774 nudatis
1039 2759 1053 2781 ,
1085 2720 1120 2772 Ι.

607 2753 1062 2856 ἒῗῖῗιίζέέὲιωίιϊιίίίέ,
1085 2753 1144 2840 iie
1170 2753 1482 2848 idololatria:
1510 2795 1661 2856 atque
1681 2784 1879 2838 cultura
1899 2785 2107 2838 deorum
2131 2797 2133 2804 ‘

539 2861 751 2915 ulterius
771 2853 1132 2913 coleretaﬂ—
1163 2857 1313 2920 Belli,
1345 2856 1486 2916 secli,
1519 2853 1555 2908 Ι.

606 2931 697 2986 28.
737 2930 1131 2987 Lacessentem,
1175 2935 1565 2992 provocantem;
1591 2924 1740 2991 ﬁdem
1777 2926 1942 2994 prima
1983 2927 2104 2993 ferit

537 3000 857 3062 idololatria,
897 3014 1010 3050 cum
1024 2997 1146 3066 fidei
1179 2996 1537 3065 prtedicatores
1565 2995 1862 3063 insequitur.
1891 3023 1954 3032 —
1980 2997 2105 3048 Col-

538 3071 678 3136 latis,
705 3069 952 3132 collectis,
983 3067 1021 3120 I.

605 3133 695 3196 50.
728 3139 844 3206 Illa,
873 3139 1019 3206 ﬁdes.
1049 3165 1118 3177 —
1145 3133 1366 3196 Hostile,
1389 3133 1572 3187 hostile
1599 3143 1750 3203 caput
1802 3133 2102 3203 labefactat,

2280 1885 2368 1937 51.
2399 1882 2754 1947 Commercia,
2787 1892 3010 1935 mutuata
3033 1883 3400 1936 vicissitudines
3416 1882 3633 1950 ﬂatuum
3649 1899 3668 1946 ;
3695 1893 3787 1937 ta:-

2211 1953 2329 2007 nia:.
2359 1981 2430 1992 —-
2462 1955 2702 2014 Aretant,
2733 1954 3104 2020 constringunt,
3135 1951 3171 2004 Ι.

2280 2024 2368 2076 56.
2404 2021 2587 2088 Legio,
2614 2023 2804 2074 scilicet
2826 2024 3051 2086 ﬁdei.—-
3072 2024 3340 2081 (Zoactam.
3359 2021 3646 2087 collectam,
3677 2021 3784 2075 lso.

2279 2092 2363 2145 57.
2395 2092 2688 2154 Animarat,
2717 2092 3005 2160 instigabat,
3035 2093 3260 2144 animum
3288 2092 3516 2154 dederat,
3541 2091 3577 2144 Ι.

2279 2163 2367 2215 58.
2401 2161 2608 2226 Socios,
2637 2163 2863 2215 virtutes.
2895 2189 2965 2200 —
2998 2163 3180 2226 Parta,
3212 2173 3665 2231 syncOpapparta,
3697 2177 3782 2214 ac-

2209 2232 2414 2296 quisita.
2447 2243 2763 2296 prteparata;
2792 2240 2837 2284 et
2863 2232 2996 2284 venit
3019 2248 3048 2282 a
3079 2231 3226 2283 verbo
3253 2231 3445 2300 purior,
3478 2230 3514 2283 l.

2279 2300 2369 2354 59.
2403 2301 2670 2357 Floribus.
2703 2304 2853 2368 ﬂores
2883 2311 2997 2353 sunt
3018 2301 3442 2353 immarcessibilis
3475 2301 3613 2353 viror
3637 2310 3780 2353 teter.

2211 2386 2288 2422 nte
2309 2371 2551 2422 mercedis
2573 2371 2726 2437 ,‘quia
2747 2386 2834 2438 per
2850 2371 3114 2438 sanguinis
3140 2371 3220 2422 sui
3248 2371 3436 2422 undam
3457 2371 3609 2421 vitam
3631 2381 3780 2422 teter-

2210 2455 2327 2492 uatu
2378 2451 2788 2509 promeruerunt;
2830 2439 3191 2509 voluptatibus.
3248 2464 3316 2478 ο·-
3363 2440 3628 2504 Ardente,
3687 2457 3779 2509 pro

2209 2509 2392 2561 ardore
2422 2509 2704 2561 dilectionis
2736 2510 2921 2572 posuit.
2956 2524 3021 2548 -—°-
3047 2509 3225 2570 ()Slf‘o,
3258 2524 3507 2576 purpura,
3538 2511 3575 2560 I.

2278 2581 2368 2631 40.
2417 2579 2590 2641 Exin,
2640 2579 2838 2632 deinde.
2886 2599 2954 2618 -ι
2987 2577 3305 2641 Gramiueo,
3353 2579 3665 2647 graminoso.
3716 2595 3778 2619 σέ

2217 2647 2448 2717 Campo,
2469 2649 2763 2701 exercitium
2805 2650 3120 2701 continentia:
3149 2649 3310 2700 virore
3338 2649 3454 2717 jugi
3494 2649 3780 2717 jucundum

2209 2728 2303 2770 est.
2337 2715 2404 2756 -'—
2424 2715 2755 2772 Concurrere
2780 2729 3038 2786 prompta,
3074 2734 3300 2787 pugnare
3326 2715 3539 2787 parata,
3559 2716 3598 2771 l.

2280 2787 2369 2840 41.
2401 2788 2677 2850 Pudicitia,
2697 2789 2820 2857 jure
2848 2799 2958 2858 post
2978 2786 3403 2858 ﬁdentpudicitia
3425 2786 3766 2858 ponitur;quo

2209 2858 2346 2909 uiam
2375 2858 2501 2909 sicut
2538 2856 2802 2926 integritas
2850 2856 2969 2923 ﬁdei
3021 2857 3282 2925 virginitas
3327 2866 3400 2908 est
3447 2856 3662 2917 mentis';
3703 2865 3781 2926 rttt

2209 2927 2412 2979 castitas
2439 2928 2609 2980 carnis
2647 2925 2914 2980 exordium
2950 2937 3020 2978 est
3053 2937 3244 2996 sancta:
3271 2926 3588 2996 operationis
3629 2942 3648 2979 :
3690 2925 3781 2996 liae

2207 2998 2344 3048 enim
2364 2998 2638 3056 destructa,
2663 2999 2827 3048 omnis
2848 2998 3088 3048 virtutum
3118 2995 3311 3062 fabrica
3333 2997 3453 3048 ruit.
3476 3023 3546 3035 —
3567 2995 3781 3062 Specio-

2209 3069 2302 3130 sis,
2345 3070 2568 3129 speciosa
2597 3074 2712 3119 sunt
2750 3067 2980 3132 utrinque
3017 3081 3162 3117 arma
3191 3065 3338 3126 lacis,
3369 3073 3421 3116 ut
3451 3065 3580 3117 illud
3604 3080 3622 3118 :
3664 3064 3782 3119 Sint

2210 3135 2366 3188 lumbi
2386 3137 2536 3190 vestri
2563 3135 2840 3203 ortecincti,
2871 3145 2917 3188 et
2943 3133 3166 3188 lucerna:
3183 3134 3433 3200 ardentes,
3459 3134 3500 3188 Ι.

1853 3245 2405 3306 COMMENTARIUS.

541 3363 687 3430 belli,
716 3364 769 3418 in
809 3377 917 3432 qua
943 3362 1149 3417 fortuna
1190 3362 1503 3431 plerumque
1531 3361 1795 3416 dominari
1817 3361 1950 3417 solet
1974 3404 1990 3429 ,
2045 3371 2104 3416 ut
2129 3361 2174 3422 C
2207 3364 2398 3417 stantia
2445 3363 2762 3420 communiri
2795 3404 2809 3428 ,
2861 3362 3215 3418 idololatriam
3263 3360 3496 3430 phaleris
3539 3361 3721 3416 ornari
3767 3377 3780 3414 :

537 3431 1108 3498 Nebrissa,Weitzius
1153 3444 1204 3487 et
1244 3432 1631 3487 Cliamillardus
1665 3433 1962 3499 explicant;
2009 3433 2103 3488 sed

540 3502 806 3575 potiusad
838 3503 1064 3575 liberam
1096 3502 1366 3575 hominum
1396 3503 1722 3575 voluntatem
1743 3543 1758 3568 ,
1786 3499 1856 3575 _ut
1901 3501 1992 3575 lso
2026 3505 2106 3556 in-

539 3571 670 3627 nuit.
702 3571 988 3627 Sicbardus
1018 3571 1126 3632 ait,
1157 3572 1291 3628 adeo
1320 3574 1548 3625 alacrem
1579 3573 1736 3626 fidem
1766 3571 2016 3635 describi,
2050 3581 2107 3626 ut

535 3667 547 3691 α
571 3659 599 3697 x
619 3641 790 3711 primo
810 3642 926 3708 ejus
946 3653 1162 3711 aspectu
1187 3641 1338 3696 facile
1361 3641 1451 3695 tibi
1479 3642 1751 3695 victoriam
1779 3641 2100 3706 pollicearis.

538 3708 774 3772 Alcimus
793 3713 978 3766 Avitus
995 3712 1062 3765 de
1085 3708 1264 3766 Laude
1283 3711 1602 3779 virginitatis
1618 3725 1757 3764 vers.
1778 3711 1913 3765 563:
1939 3713 2004 3764 At
2025 3723 2098 3777 tu,

533 3787 672 3852 virga
709 3779 838 3852 Dei,
869 3781 1056 3835 sanctis
1085 3797 1239 3852 quam
1267 3781 1715 3852 moribusorttant,
1751 3779 1884 3852 lIinc
1911 3785 2098 3852 pudor,

531 3848 651 3906 inde
692 3851 854 3919 fides,
902 3848 1113 3920 internis
1151 3853 1332 3920 fortior
1375 3851 1532 3902 armii
1566 3848 1726 3920 Belli
1767 3851 1965 3918 geris...
2000 3851 2101 3904 lite

534 3923 729 3975 virtutis
769 3919 1052 3989 Opes,ihaec
1080 3919 1194 3972 sunt
1247 3920 1431 3989 solatia
1475 3919 1661 3972 belli...
1698 3920 1826 3989 Qua:
1851 3921 2100 3989 prudenti

532 3992 653 4044 olim
682 3987 860 4043 cecinit
894 3988 1202 4041 Prudentius
1223 4004 1326 4041 ore.
1351 3988 1453 4042 Ubi
1478 3987 1907 4057 Psycltotnacliize
1938 4003 2097 4057 argu-

535 4067 770 4113 mentum
822 4067 1190 4124 repraisentat.
1227 4058 1308 4108 lso
1352 4058 1589 4124 Apostoli
1622 4055 1782 4109 verba
1826 4057 1890 4108 ad
1940 4055 2096 4112 Rom.

535 4143 645 4194 xw,
667 4129 756 4192 23,
787 4126 948 4180 Omne
963 4138 1129 4185 autem
1150 4126 1284 4192 quod
1305 4143 1404 4179 non
1419 4137 1491 4180 est
1511 4143 1573 4180 ex
1589 4126 1709 4192 ﬁde.
1725 4136 1984 4196 peccatum
1999 4138 2094 4191 est,

532 4198 726 4265 accipit
745 4197 812 4250 de
839 4198 948 4265 fide,
963 4212 1062 4263 qua
1099 4197 1149 4249 in
1190 4197 1355 4248 Deum
1383 4197 1650 4250 credimus
1675 4215 1688 4250 :
1709 4206 1761 4250 et
1789 4197 1856 4249 ita
1883 4197 2094 4264 quidem

534 4264 769 4324 nonnulli
811 4266 908 4322 SS.
933 4264 1117 4318 Patres
1158 4267 1402 4320 eumdem
1449 4267 1622 4320 locum
1664 4267 1948 4332 esp'icant.
1991 4267 2094 4321 Sed

534 4338 584 4389 hi
609 4338 706 4405 ipsi
735 4345 997 4404 peccatum
1025 4337 1324 4402 intel'igunt
1356 4337 1455 4388 hoc
1477 4336 1594 4389 loco
1621 4335 1722 4388 dici
1753 4350 1887 4398 opus
1910 4336 2105 4391 inutile’

531 4407 596 4460 ad
617 4407 774 4460 vitam
803 4417 1054 4460 aeternam
1084 4406 1532 4473 consequendam.
1567 4405 1832 4470 Caeterum
1858 4405 2096 4474 plerique

532 4477 720 4531 melius
749 4479 1063 4544 Apostolutn
1113 4475 1531 4544 interpretantur
1556 4475 1793 4534 de-fide.
1824 4476 1935 4527 sive
1968 4490 2096 4528 con-

531 4547 774 4611 scientia,
804 4543 910 4613 qua
936 4544 1204 4598 credimus
1225 4543 1438 4613 aliquod
1465 4559 1599 4613 opus
1619 4545 1782 4613 nobis
1813 4544 2003 4608 licere,
2037 4554 2094 4598 ut

531 4633 596 4671 ex
625 4618 739 4685 ipso
758 4611 1005 4668 contextu
1047 4614 1233 4680 liquet.
1263 4611 1480 4667 Certum
1503 4611 1715 4681 quidem
1745 4625 1954 4685 estnon
1979 4630 2095 4685 om-

533 4688 616 4737 nia
647 4683 938 4739 infidelium
979 4698 1140 4749 Opera
1167 4699 1286 4737 esse
1318 4692 1560 4752 peccata,
1606 4698 1703 4737 nec
1752 4683 2094 4752 philosophos

532 4770 646 4808 rum
670 4755 893 4807 virtutes
913 4769 1033 4806 csse
1053 4753 1196 4804 vitia.

601 4824 690 4876 2‘2.
727 4824 903 4886 Fuld.,
937 4837 1039 4875 non
1072 4823 1248 4888 inepte
1271 4863 1284 4885 ,
1325 4823 1466 4875 vultu
1502 4837 1598 4890 pro
1625 4825 1783 4876 cultu.
1827 4821 2090 4876 Poeticam

533 4893 667 4947 hanc
700 4893 823 4945 fidei
862 4891 1273 4955 descriptionem
1304 4892 1385 4944 lso
1409 4892 1537 4944 satis
1582 4890 1802 4944 feliciter
1835 4891 2094 4957 interpre-

533 4971 690 5014 tatur.
736 4963 939 5016 Addam
991 4962 1479 5026 int‘erpretationetu
1524 4961 1742 5026 Ruperti
1769 4961 2090 5024 Tuitiensis,

529 5033 618 5099 qui
674 5031 766 5084 lib.
827 5046 877 5083 vt
910 5031 975 5082 de
1013 5031 1178 5098 Oper.
1216 5031 1313 5097 Sp.
1344 5031 1426 5092 S.,
1455 5044 1573 5096 cap.
1602 5029 1690 5095 16,
1719 5031 1793 5082 ait
1820 5047 1832 5082 :
1862 5027 2092 5099 Fuerunt

528 5098 695 5153 tamen
723 5115 876 5167 quam
906 5100 1143 5162 plurimi,
1173 5101 1258 5166 qui
1289 5116 1387 5150 non
1418 5102 1664 5162 eiusmodi
1708 5100 1849 5151 stolis
1893 5098 2090 5166 (bono-

529 5185 643 5222 rum
683 5169 927 5238 operum)
961 5171 1196 5222 adornati
1234 5181 1560 5221 cucurrerunt
1609 5169 1676 5220 ad
1728 5168 2092 5234 confessionem

525 5241 684 5292 sancti
713 5237 949 5296 nominis.
971 5248 1026 5294 .et
1049 5237 1216 5290 adhuc
1241 5239 1423 5290 recenti
1447 5239 1694 5303 baptismo
1722 5239 1952 5299 nitentes,
1977 5238 2094 5289 nul-

528 5309 590 5360 lis
617 5323 826 5377 Operam
855 5307 1083 5372 prteculti
1114 5308 1395 5367 ornatibus,
1420 5307 1688 5358 induerunt
1713 5307 1930 5377 gloriam
1958 5323 2094 5377 mar-

527 5374 664 5444 tyrii.
701 5375 779 5429 De
809 5377 984 5428 talium
1015 5377 1116 5441 [ide
1140 5378 1346 5445 quidam
1377 5379 1446 5428 ita
1477 5377 1655 5428 cecinit
1691 5389 1710 5428 :
1748 5374 1922 5427 Prima
1971 5376 2091 5441 petit

527 5462 790 5512 campum,
822 5457 924 5497 ctc.
969 5445 1064 5499 Ubi
1102 5462 1254 5498 versu
1296 5447 1366 5498 21
1396 5457 1578 5499 contra
1624 5455 1850 5497 metrum
1902 5445 2091 5511 legitur

525 5516 665 5568 calor
695 5516 862 5568 laudis
873 5555 883 5567 .
895 5555 907 5567 .
922 5553 933 5564 .

593 5588 682 5639 ‘25.
710 5586 988 5638 Exeritnus
1017 5585 1261 5648 lacertoa,
1292 5599 1382 5636 seu
1407 5583 1667 5637 uudamus
1692 5583 1928 5645 brachia,
1962 5597 2083 5636 cum

525 5657 670 5720 Operi
699 5655 855 5709 alicui
878 5667 972 5708 seu
997 5654 1161 5708 labori
1190 5654 1414 5706 maxime
1433 5653 1663 5721 expediti
1683 5663 1735 5705 et
1763 5654 1946 5706 intenti
1968 5669 2086 5707 esse

526 5726 787 5779 volumus.
844 5723 1002 5777 Notat
1045 5723 1344 5788 Giselinus,
1377 5722 1529 5778 fidem
1571 5725 1843 5777 aluei-italo
1869 5733 1920 5777 et
1958 5741 2056 5777 con

2209 3435 2473 3502 apposite.

2276 3448 2707 3568 ngii/eienncnsq
2739 3507 2982 3571 jamque;
3008 3503 3132 3571 alii,
3150 3517 3384 3570 namque.
3428 3496 3572 3563 Put.,
3602 3499 3780 3562 labor;

2207 3573 2386 3628 caeteri
2415 3574 2606 3628 melius
2628 3570 2800 3639 calor;
2828 3574 2919 3627 sed
2953 3573 3070 3626 Vat.
3096 3570 3156 3624 F.
3182 3585 3459 3638 perperam
3488 3585 3647 3639 voces
3671 3580 3779 3622 tra~

2201 3643 2330 3711 jecit
2358 3644 2499 3712 calor
2527 3644 2697 3697 laudis
2727 3638 2824 3712 pro
2853 3643 3022 3696 laudis
3053 3640 3212 3712 calor.
3238 3639 3368 3692 Vide
3383 3654 3535 3712 vers.
3553 3638 3645 3692 22.

2274 3713 2364 3767 27.
2397 3709 2939 3791 Periculafrangenda
2961 3713 3064 3791 ait,
3081 3721 3136 3762 ut
3153 3710 3395 3791 hymno]
3413 3709 3604 3791 flatu...
3630 3723 3779 3762 vers.

2201 3780 2273 3836 45
2303 3799 2316 3834 :
2346 3794 2500 3850 rupto
2522 3778 2838 3836 tenebrarum
2864 3783 2982 3835 sita.
3013 3781 3102 3835 S‘c
3134 3778 3295 3834 etiam
3313 3778 3517 3850 dicitur
3537 3783 3779 3850 frangere

2200 3848 2496 3914 audaciam,
2542 3853 2788 3913 consilia,
2816 3851 3148 3914 sententiam,
3194 3848 3440 3900 morbum.
3477 3849 3595 3900 Post
3634 3848 3780 3900 hunc

2202 3935 2414 3974 versum
2448 3925 2497 3972 in
2526 3922 2654 3974 Mar.
2687 3931 2742 3975 et
2770 3921 2891 3974 liat.
2923 3921 3102 3974 titulus
3128 3927 3212 3972 est
3241 3933 3256 3969 ε
3296 3918 3508 3970 Cultura
3536 3916 3778 3971 deorum.

2271 3991 2359 4044 50.
2386 3991 2515 4044 Tam
2549 3993 2602 4044 in
2627 3991 2754 4046 Mar.
2787 4004 2946 4060 quam
2969 3989 3021 4042 in
3047 3987 3167 4040 Rat.
3199 3994 3480 4041 exaratum
3516 3994 3600 4040 est
3643 3993 3777 4056 tym-

2201 4074 2326 4127 pora
2355 4075 2449 4128 pro
2475 4069 2722 4125 tempora.

2271 4125 2367 4185 51.
2403 4129 2628 4184 lmitatio
2660 4131 2888 4184 Maronis
2909 4171 2924 4192 ,
2975 4127 3062 4195 qui
3091 4141 3196 4180 non
3217 4125 3378 4178 semel
3406 4125 3496 4178 lib.
3523 4139 3571 4177 si
3593 4133 3648 4177 et
3676 4139 3776 4189 sit,

2200 4197 2363 4268 Altior
2386 4200 2673 4268 insurgens.

2270 4267 2356 4321 5'2.
2393 4268 2446 4321 In
2495 4262 2809 4335 quibusdam
2853 4267 3019 4334 vulg.,
3057 4284 3083 4316 ε
3117 4263 3387 4332 pecudum.
3423 4262 3780 4330 Superflunm

2197 4349 2340 4402 saepe
2365 4347 2447 4390 est
2473 4340 2557 4397 de,
2589 4348 2642 4390 ut
2675 4337 2854 4390 monui
2875 4351 3016 4388 vers.
3049 4337 3084 4387 5

2265 4399 2354 4461 55.
2390 4407 2674 4469 Weitzius,
2717 4405 2853 4469 Cia,
2885 4405 3040 4468 Man,
3068 4403 3183 4457 \‘at.
3215 4403 3280 4466 Β,
3311 4404 3363 4455 in
3392 4411 3622 4454 mortem.
3653 4399 3779 4453 Ple-

2196 4475 2347 4539 rique
2391 4478 2474 4528 alii
2499 4478 2664 4529 nostri
2695 4486 2747 4529 et
2775 4473 3044 4529 llciusiani
3074 4488 3191 4527 cum
3223 4473 3377 4534 Aldo.
3410 4473 3465 4524 in
3494 4479 3686 4530 morte;
3718 4481 3778 4523 et

2199 4545 2443 4598 Ileinsius
2485 4545 2533 4598 id
2581 4545 2862 4599 confirmat
2887 4587 2901 4607 ,
2949 4544 3069 4610 quia
3100 4552 3271 4611 poeta:
3312 4543 3494 4604 aiunt,
3530 4540 3681 4592 Oculi
3718 4540 3778 4591 in

2195 4627 2357 4667 morte
2379 4625 2627 4668 natantes.
2663 4615 2780 4682 Ipse
2805 4615 3040 4667 ediderat
3070 4614 3121 4664 in
3153 4621 3384 4663 mortem.

2121 4712 2176 4772 Β
2269 4684 2360 4740 5-1.
2410 4679 2701 4772 l'erperam'
2735 4685 2786 4736 in
2823 4683 3058 4772 editione
3088 4682 3378 4736 Weitziana
3412 4682 3650 4734 notatum
3698 4679 3774 4732 ad

2199 4767 2348 4805 oram
2373 4761 2578 4805 arctans
2607 4768 2702 4818 pro
2729 4762 2944 4805 arctant.

2271 4824 2358 4875 57.
2393 4822 2704 4886 \’|ennens.,
2733 4830 2980 4874 armarat.
3013 4819 3188 4880 Fuld.,
3231 4819 3485 4872 armabat.
3515 4818 3616 4872 Alii
3650 4835 3775 4871 tuc-

2201 4891 2301 4942 lius
2323 4893 2595 4944 animarat.
2621 4893 2675 4944 In
2705 4907 2804 4944 tus.
2828 4892 3042 4958 optione
3063 4901 3222 4949 notm,
3250 4890 3488 4942 collatoa
3510 4889 3775 4942 Ilicltaele

2202 4961 2439 5014 l’iccarto
2467 4961 2602 5028 apud
2634 4960 2938 5018 Weitzinnt,
2973 4967 3053 5010 est
3078 4968 3323 5012 armarat.

2269 5029 2356 5083 58.
2413 5025 2514 5082 ΡΙ·ιί
2564 5042 2681 5083 tunc
2729 5032 2863 5082 Italic
2907 5037 2926 5080 t
2979 5044 3112 5079 nunc
3166 5029 3375 5088 Vienu.,
3414 5026 3566 5083 Man.
3618 5025 3772 5090 Rat,

2199 5098 2389 5167 Bong.,
2435 5100 2622 5159 'l‘orn..
2675 5099 2810 5152 Gall.
2852 5111 2905 5152 et
2933 5097 3046 5149 alii.
3092 5094 3314 5151 Carolus
3358 5095 3648 5167 Paschalis,
3698 5098 3773 5167 de

2197 5165 2422 5222 Coronis
2451 5184 2572 5237 pag.
2603 5171 2726 5231 115,
2761 5169 2851 5222 lib.
2879 5184 2935 5230 ll,
2963 5181 3082 5237 cap.
3119 5169 3204 5228 15,
3227 5167 3406 5234 ,ιηιιιιο
3425 5165 3611 5237 affert,
3645 5166 3772 5233 qui-

2195 5237 2295 5290 bus
2324 5236 2543 5290 suadeat
2585 5238 2740 5290 flores
2799 5253 2826 5289 a
2876 5236 3042 5302 poetis
3079 5237 3340 5289 interdum
3371 5236 3491 5303 poni
3534 5250 3632 5300 pro
3675 5250 3773 5287 co-

2197 5306 2362 5370 ronis,
2390 5306 2528 5372 quod
2561 5322 2590 5360 e
2617 5307 2835 5359 ﬂoribus
2863 5307 3048 5357 conlici
3074 5309 3298 5358 soieant.

2266 5378 2352 5430 59.
2385 5369 2509 5430 Post
2541 5376 2680 5429 hunc
2705 5391 2917 5429 versum
2949 5373 3133 5427 titulus
3176 5375 3226 5427 in
3275 5372 3445 5432 Aldo.
3493 5369 3773 5425 Pudicititc

2193 5461 2382 5513 pugna.
2433 5446 2488 5498 In
2543 5446 2696 5508 Man,
2735 5455 2789 5498 et
2837 5445 2978 5505 liat.,
3027 5442 3322 5505 Pudicitia;
3369 5444 3418 5494 in
3474 5441 3770 5494 \‘ienneos.

2195 5516 2370 5565 nullus
2399 5523 2483 5566 est
2517 5517 2719 5567 titulus.

2263 5587 2350 5636 40.
2383 5583 2568 5647 Fabr.,
2625 5584 2760 5646 Cis.,
2791 5581 2930 5634 νην.
2958 5581 3018 5641 F,
3050 5581 3116 5643 G,
3157 5582 3414 5648 gramineo
3443 5594 3622 5647 campo
3648 5579 3769 5634 sitio

2193 5653 2243 5702 in
2299 5652 2542 5707 NCbI’lSaa
2576 5654 2696 5720 legit
2731 5667 2924 5716 prona;
2947 5653 3034 5702 alii
3063 5661 3317 5720 prompta.

2261 5723 2346 5776 Η.
2387 5724 2583 5776 Omnes
2624 5718 2846 5774 vinutes
2890 5721 3101 5788 virginis
3142 5719 3410 5782 dicuntur,
3464 5718 3767 5786 prmsertim
