4066 6296
401 539 740 613 Aggreditur,
767 540 1076 608 piceamque
1097 537 1305 590 ardenti
1333 533 1589 603 sulphure
1611 536 1790 602 pinum

399 635 594 703 Ingerit
611 632 668 686 in
686 632 893 692 faciem,
917 626 1330 697 pudibundaque
1352 626 1548 678 lumina
1567 625 1796 678 flammis

191 730 274 783 45
399 727 634 798 Appetit,
669 733 725 780 et
752 733 890 778 tetro
919 731 1087 776 tentat
1109 719 1416 774 suffundere
1440 719 1602 772 fumo.

397 818 502 873 Sed
529 818 772 871 dextram
804 813 954 866 furia:
985 810 1282 879 ﬂagrantis,
1315 818 1370 863 et
1390 808 1541 875 ignea
1569 809 1698 861 diras

397 910 523 964 Tela
553 908 692 974 lupa:
718 919 846 958 saxo
877 902 997 955 ferit
1029 899 1383 966 imperterrita
1411 901 1583 967 virgo,

399 999 558 1068 593
588 997 957 1061 Excussasque
981 1005 1135 1044 sacro
1161 988 1324 1042 undas
1343 988 1561 1056 depellit
1579 988 1647 1042 ab
1667 1002 1784 1044 ore.

397 1091 548 1144 Tunc
565 1093 854 1141 exarmatae
870 1082 1110 1150 jugulum
1142 1079 1442 1134 meretricis
1463 1079 1651 1132 adacto

198 1182 281 1236 50
403 1177 693 1244 Transiigit
717 1168 1351 1243 gladiozcalidos-vomit
1388 1167 1475 1221 illa
1506 1181 1752 1236 vapores,

400 1269 671 1338 Sanguine
690 1270 973 1321 concretos
1005 1273 1253 1316 comeso:
1280 1258 1500 1328 Spiritus
1529 1258 1650 1312 inde

1574 335 2114 392 rsvcuouacuu.
2808 383 2814 388 .
3399 347 3471 403 εδ

391 454 562 520 Quam
595 451 794 519 patrias
821 447 1089 502 succincta
1121 446 1262 500 faces
1303 443 1574 501 Sodomita
1601 443 1792 498 Libido
1817 450 1867 507 Α

2075 443 2332 498 Sordidus
2361 444 2617 500 exhalans
2631 445 2832 502 vicinas
2859 449 3046 516 polluit
3074 465 3249 508 auras.

2074 534 2185 587 I’Ioc
2231 533 2411 598 habet,
2443 537 2706 590 exclamat
2735 537 2922 594 victrix
2953 540 3158 609 regina,
3188 556 3472 611 supremus

2081 625 2174 677 llic
2202 624 2298 678 tibi
2332 625 2450 679 linis
2473 628 2611 693 erit,
2642 643 2854 699 semper
2879 641 3144 700 prostrata
3166 634 3397 704 iacebis:

1910 717 1978 770 55
2087 713 2252 785 594
2291 715 2399 770 Nec
2440 717 2549 786 jam
2599 719 2900 776 mortiferas
2946 723 3164 779 audebis
3215 740 3472 795 spargere

3135 815 3399 886 mammas
3436 849 3440 852 η

2079 896 2132 949 lu
2159 895 2385 952 famulos
2403 936 2420 963 ,
2451 897 2741 956 famulasve
2763 903 2889 958 Dei:
2915 905 3106 972 quibus
3128 906 3314 960 intima
3336 908 3469 961 casti

2079 988 2219 1042 Vena
2250 989 2412 1045 animi
2443 991 2553 1044 sola
2587 991 2756 1048 fervet
2779 995 2846 1048 de
2872 996 3114 1066 lampade
3138 995 3360 1052 Christi.

2074 1083 2240 1145 Tene,
2262 1099 2294 1137 ο
2314 1087 2558 1140 vexatrix
2599 1088 2895 1154 hominum,
2924 1094 3159 1160 potuisse
3187 1092 3473 1162 resumptis

2090 1172 2308 1229 Viribus
2335 1178 2582 1232 exstincti
2609 1179 2802 1245 capitis
2839 1183 3168 1238 recalescere
3197 1183 3362 1238 ﬂatu?

1906 1260 1974 1311 ϐυ
2083 1266 2358 1334 Assyrium
2374 1277 2651 1339 postquam
2666 1271 2954 1328 thalamum
2969 1275 3155 1329 cervix
3171 1275 3474 1331 Ilolofernis

1503 1369 1789 1425 (ἶιοΒὸἇί
1833 1369 2168 1432 VETERES.

288 1493 385 1549 45.
411 1492 751 1556 Piceamque,
784 1499 953 1539 omnes
974 1482 1319 1556 adulterantes
1338 1522 1353 1545 ,
1386 1482 1534 1556 quasi
1561 1481 1796 1556 clibanus

209 1566 379 1619 corda
397 1576 595 1622 eorum,
618 1551 732 1625 qua:
750 1569 987 1609 succensa
1015 1552 1322 1625 intrinsecus
1346 1552 1527 1625 nidore
1549 1551 1726 1625 ferent,
1750 1559 1797 1625 et

214 1635 418 1688 lumine
471 1621 678 1691 carent;
725 1626 814 1678 sed
860 1625 1054 1690 piceam
1095 1621 1256 1689 facem
1284 1621 1505 1691 appellat
1524 1661 1556 1691 ,_
1588 1622 1710 1691 quia
1745 1621 1798 1672 in

214 1702 438 1758 libidine
466 1699 619 1750 ardor
646 1689 694 1749 et
723 1689 966 1762 fetor'est,
995 1720 1063 1731 —
1084 1692 1294 1762 Pinum,
1326 1690 1515 1762 facem,
1541 1689 1578 1742 I.

295 1771 390 1824 44.
424 1769 669 1828 Lumina,
692 1761 996 1816 intellectum
1019 1761 1295 1829 perspicua:
1320 1761 1544 1814 veritatis
1574 1762 1798 1812 immun-

222 1842 309 1894 dis
328 1840 468 1908 cupit
487 1832 903 1908 delectationibus
926 1830 1212 1908 obscurare,
1241 1829 1280 1881 ι.

299 1901 650 1975 45.Ἀρρθιίι,
679 1901 928 1975 quaesivit,

299 1980 388 2033 46.
421 1967 708 2036 Dextram,
734 1970 1079 2024 immunditias
1119 1967 1319 2019 blanda:
1347 1969 1684 2033 persuasionis
1726 1969 1800 2019 τε-

224 2064 352 2119 gare
371 2045 615 2119 prapos'iti
647 2042 792 2119 gravi
816 2039 1041 2119 celeriter
1061 2037 1132 2119 _ab
1159 2039 1621 2119 aspectu‘depellit,
1654 2039 1692 2092 Ι.

299 2107 389 2169 47.
417 2107 611 2181 Lupm,
642 2107 939 2164 meretricis.
965 2138 1032 2146 —-
1061 2107 1418 2176 lmperterrita
1439 2149 1454 2173 ,
1510 2117 1652 2178 petra
1697 2117 1802 2161 erat

230 2185 496 2247 Christus,
532 2183 571 2236 Ι.

304 2256 396 2310 48.
425 2254 556 2316 Ore,
579 2249 769 2304 scilicet
799 2264 911 2312 suo,
949 2248 991 2302 1.

305 2325 398 2378 49.
431 2315 759 2384 Erat-malae,
786 2319 895 2372 sine
916 2318 1094 2372 armis.
1113 2315 1467 2385 —Jugulum,
1499 2324 1698 2385 pectus,
1735 2318 1811 2370 vel

1905 1487 2142 1540 cervicem
2158 1530 2171 1551 ,
2202 1490 2239 1542 1.

2109 1558 2320 1635 Gladio,
2345 1563 2566 1635 repulsis
2591 1565 2748 1635 igitur
2766 1568 3154 1631 cogitationibus
3174 1571 3471 1634 immundis,

1903 1625 2076 1694 gladio
2106 1633 2286 1694 utitur,
2312 1625 2447 1700 quod
2466 1642 2540 1685 est
2569 1625 2772 1688 verbum
2798 1625 2924 1700 Dei;
2952 1648 3006 1691 ut
3027 1640 3197 1693 illud:
3224 1625 3476 1694 Pontica-'-

1829 1703 1877 1764 Β
1904 1704 2040 1773 tores
2068 1701 2200 1773 enim
2224 1709 2273 1752 et
2296 1701 2556 1773 adulteros
2569 1704 2826 1773 judicabit
2851 1706 3017 1773 Deus,
3053 1709 3094 1762 I.

1979 1764 2068 1820 51.
2113 1769 2415 1847 Sanguine,
2445 1764 2587 1847 quod
2623 1785 2907 1847 nonpotest
2937 1794 2969 1829 a
2997 1764 3322 1847 vigilantibus
3363 1788 3472 1831 lor-

1908 1851 2093 1910 qnere,_
2108 1837 2474 1892 dormientibus
2496 1842 2644 1910 _velut
2683 1837 2851 1898 iniitis
2883 1837 3120 1910 molitur;
3146 1865 3234 1902 nec
3264 1848 3476 1901 ulterius

1909 1907 2181 1981 procedere
2201 1908 2796 1981 sinitur.-TConcretos,
2830 1907 3471 1981 commixtos.—Cmnoso,

1910 1975 2067 2052 fwdo,
2109 1976 2378 2052 lutulento.
2422 1977 2618 2034 Cmnos
2647 1999 2808 2052 graece
2836 1984 2997 2037 lutum
3026 1987 3236 2051 dicitur,
3266 1987 3304 2040 I.

2114 2045 2408 2124 Exclamat,
2442 2045 2745 2124 castitasf'ad
2780 2069 2898 2106 suos
2926 2071 3166 2110 conversa
3194 2045 3391 2124 inquit,
3424 2057 3464 2111 1.

2113 2115 2232 2193 I_li_c,
2265 2116 2414 2193 talis;
2443 2120 2495 2170 in
2522 2120 2615 2193 bac
2641 2123 3087 2193 [accf—Semper,
3118 2115 3398 2192 «tertium,
3431 2127 3472 2179 1.

1981 2184 2071 2237 58.
2113 2182 2282 2251 Te'ne,
2310 2188 2487 2252 miror,
2522 2188 2562 2241 Ι.

1982 2253 2069 2309 59.
2105 2252 2482 2323 Βόεαιεεοθτθ,
2515 2260 2837 2325 revirescere,
2871 2263 2908 2315 I.

1538 2423 2090 2482 COMMENTARIUS.

231 2561 360 2599 vero
386 2544 660 2611 pudicitia.
708 2542 784 2594 De
817 2539 920 2594 fide
961 2540 1012 2592 in
1043 2537 1361 2611 hymnouS.‘
1389 2535 1620 2611 Romani
1659 2550 1800 2611 vers.

229 2616 336 2671 352
364 2605 398 2672 ξ’
417 2614 674 2682 Foresque
699 2613 887 2682 primas
912 2611 1053 2682 virgo
1077 2605 1297 2682 custodit
1324 2605 1490 2682 fides;
1508 2605 1581 2658 De
1603 2606 1805 2682 iustitia

232 2687 350 2740 sive
384 2675 837 2739 Astra'a'Uvidius
863 2679 1051 2731 etalii.
1103 2677 1159 2730 In
1190 2675 1319 2729 Mar.
1359 2685 1405 2728 et
1456 2675 1576 2729 Rat.
1623 2675 1808 2729 titulus

231 2765 354 2825 post
380 2756 520 2825 hunc
544 2765 778 2825 versum,
803 2748 1011 2825 _Libido.

301 2826 393 2878 42.
418 2824 573 2886 blar.,
601 2819 868 2875 Sodomita
892 2833 985 2886 pro
1009 2816 1293 2872 Sodomita.
1318 2814 1375 2886 In
1400 2814 1515 2867 Ilat.
1535 2825 1807 2868 corrector

234 2897 469 2962 inep'us,
493 2885 662 2945 erasis
682 2885 972 2962 prioribus,
999 2887 1244 2962 apposuit
1269 2885 1547 2962 _So_dom_ilis
1574 2886 1803 2962 erimnis,

234 2966 307 3018 ita
327 2953 475 3017 enim
505 2953 717 3026 scripsit
749 2976 761 3010 :
794 2957 942 3026 quasi
972 2971 1076 3010 non
1100 2956 1310 3026 licuerit
1337 2955 1624 3026 Prudentia
1652 2953 1806 3006 fetui-

236 3036 360 3086 nino
389 3045 587 3101 genere
610 3023 1128 3101 ellerre:Sodomi_ta,
1161 3035 1215 3076 ut
1249 3023 1672 3101 diciturhfemiua
1715 3037 1805 3101 sa-

238 3093 461 3165 cerdo's,
503 3100 674 3160 testis,
703 3107 755 3151 et
784 3095 1004 3158 similia,
1029 3094 1193 3148 Aiunt
1231 3093 1335 3146 dici
1386 3093 1583 3146 debere
1633 3093 1805 3165 Sodog

238 3173 393 3236 mitis,
448 3163 805 3225 Sodomitidis.
849 3165 1062 3219 Testem
1095 3165 1592 3236 veteremialferant
1634 3163 1803 3236 quigid

237 3234 531 3300 παιδεύεται,
556 3257 615 3290 ac
635 3236 904 3291 I’rudentii
923 3236 1290 3287 auctoritatem
1312 3235 1482 3286 elevet
1510 3248 1646 3285 :nou
1663 3234 1804 3286 enim

239 3309 622 3381 grammaticis
656 3307 957 3361 recentibus
1000 3304 1156 3381 ﬁdem
1190 3302 1472 3380 praestabo,
1517 3303 1604 3381 qui
1636 3316 1806 3368 neque

239 3377 513 3435 icti-ribus
545 3388 761 3445 prtesto,
810 3390 929 3428 cum
957 3377 1182 3440 scriptor
1222 3377 1418 3445 pariter
1439 3377 1808 3445 antiqu_tts__est

239 3466 437 3518 avgucn
479 3441 562 3500 us.
616 3447 786 3499 Furiis
838 3445 979 3518 faces
1035 3452 1203 3510 poeta:
1253 3441 1523 3518 tribuunt,
1575 3442 1808 3518 libidinis

241 3510 368 3573 νεῖ-υ
400 3519 542 3571 Iaces
572 3519 738 3584 magis
770 3516 992 3582 proprize
1022 3523 1164 3572 sunt,
1200 3521 1252 3562 ut
1281 3512 1459 3584 tardas,
1493 3510 1559 3562 de
1613 3513 1806 3584 quibus

241 3589 440 3642 mentio
481 3588 615 3639 infra
645 3581 907 3646 occurrit;
934 3591 988 3635 et
1019 3583 1265 3635 dicuntur
1313 3583 1510 3647 palritt’,
1542 3581 1664 3647 quia
1697 3583 1806 3646 ipsa

240 3660 539 3726 appellatur
566 3654 855 3710 Sodomita.
889 3653 962 3706 De
990 3650 1235 3705 incendio
1261 3648 1589 3703 Sodomitico
1615 3651 1666 3703 in
1705 3652 1808 3704 lla-

241 3727 553 3799 tttartigettia
582 3726 811 3799 egimus.
853 3791 866 3799 _
953 3790 965 3799 _
1094 3790 1105 3799 _
1302 3798 1308 3799 γ
1380 3785 1428 3799 Η
1522 3787 1553 3799 η

307 3785 721 3851 ΗΪιιιιπυτῖειη
750 3791 933 3846 oculos
953 3790 1231 3855 invadere,
1263 3798 1316 3842 et
1342 3785 1554 3840 videndi
1588 3788 1809 3842 faculta-

241 3877 349 3921 tem
398 3866 642 3932 eripere,
695 3863 859 3932 probe
902 3868 1052 3914 notat
1091 3859 1382 3914 Peveratus
1419 3870 1489 3909 ex
1531 3856 1805 3928 Chrysost.

245 3934 432 3987 homil.
458 3931 497 3985 2
523 3934 590 3985 ad
617 3934 738 3986 Cor.
764 3931 801 3983 ι.

309 4005 401 4058 47.
431 4002 576 4070 Lupa
600 4001 845 4070 antiquis
873 4009 950 4053 est
1001 3998 1276 4062 meretrix,
1302 4010 1369 4048 ex
1403 4011 1508 4062 qtto
1564 3999 1808 4070 lupanar.

242 4067 519 4128 Giselinus'
558 4067 805 4124 observat
848 4070 1174 4136 aptissimam
1199 4081 1319 4120 esse
1341 4069 1646 4122 antithesim
1677 4067 1811 4136 faces

241 4144 539 4210 sulphureas
567 4155 664 4208 pro
697 4138 922 4210 libidinis
961 4137 1148 4210 armis.
1177 4145 1231 4191 et
1257 4149 1562 4210 suarumhpio
1583 4136 1682 4190 telo
1714 4154 1812 4201 pu-

243 4204 466 4274 dicitice,
494 4204 669 4278 neque
696 4209 746 4261 id
788 4224 842 4278 ai
862 4208 1190 4278 medicorum
1223 4204 1375 4278 scitis
1399 4205 1630 4260 alienum
1693 4221 1812 4278 esse

243 4272 792 4346 probat—aucloritate
814 4277 1000 4332 Galeni
1039 4277 1131 4329 lib.
1183 4276 1277 4328 ult.
1327 4272 1396 4326 de
1435 4275 1812 4330 Conservanda

245 4350 490 4404 \‘aletud.
543 4347 726 4404 Glossa
777 4347 984 4400 videtur
1028 4346 1244 4414 trajecta
1293 4363 1324 4399 e
1375 4347 1540 4401 verbo
1591 4362 1717 4400 saxo
1744 4347 1808 4398 ad

244 4419 600 4488 imperterrita.

314 4485 404 4541 Eii.
444 4486 693 4540 Barthius
741 4487 833 4538 Iih.
866 4499 1050 4547 xxxvi,
1078 4499 1196 4549 cap.
1234 4485 1291 4548 7,
1339 4494 1522 4554 putat,
1556 4487 1658 4539 hoc
1688 4485 1809 4539 loco

246 4574 440 4612 ctenoso
471 4571 591 4610 esse
616 4573 644 4609 a
671 4571 832 4622 coena,
866 4571 968 4606 non
1005 4569 1032 4605 a
1061 4569 1219 4617 corno,
1259 4571 1351 4609 seu
1383 4558 1529 4609 luto:
1562 4563 1616 4608 et
1645 4555 1806 4607 intel-

252 4630 362 4697 ligit
392 4629 707 4694 sanguinem
735 4641 799 4678 ex
831 4624 1278 4697 cmnaltesterna.
1301 4627 1424 4697 Sed
1450 4624 1634 4697 verius
1659 4633 1805 4697 pulo,

247 4693 365 4750 che
385 4712 414 4748 a
438 4693 600 4758 creua,
634 4705 689 4747 nt
727 4697 902 4746 Statim
931 4693 1146 4759 spiritus
1185 4693 1421 4748 libidinis
1461 4694 1698 4746 sordidus
1727 4694 1808 4745 di-

248 4768 405 4819 citur.
437 4766 588 4829 Quod
617 4777 793 4816 autem
836 4764 1079 4815 Barthius
1101 4763 1248 4828 plura
1271 4765 1470 4832 Colligit
1498 4764 1708 4815 nomina
1753 4763 1804 4817 in

248 4849 540 4902 osus,qu;e
588 4836 889 4886 oblitterata
942 4831 1202 4884 habentur
1255 4849 1350 4898 pro
1402 4834 1674 4893 barbaris,
1709 4847 1806 4885 nec

248 4919 491 4957 auctores
544 4903 743 4955 habent
790 4902 1006 4952 omnino
1045 4902 1472 4968 improbandos,
1499 4903 1716 4955 minime
1755 4902 1804 4954 id

250 4975 421 5040 arguit
462 4977 513 5024 in
553 4973 636 5024 his
665 4972 964 5024 nominibus
991 4984 1110 5023 esse
1133 4974 1490 5038 reponendum
1520 4987 1746 5024 cmuosus
1775 4987 1805 5025 τι

250 5058 409 5104 creua,
436 5050 527 5093 aut
550 5058 615 5094 eo
647 5056 799 5093 usum
844 5040 1006 5092 fuisse
1040 5040 1380 5095 Prudentium
1413 5043 1510 5094 hac
1540 5041 1807 5109 significa-

252 5114 416 5164 tione.
452 5110 608 5163 Multa
641 5125 769 5162 vero
801 5112 995 5180 profert
1034 5109 1299 5180 Barthius,
1330 5126 1472 5180 qua),
1503 5112 1682 5163 nescio
1710 5125 1807 5164 crr

251 5182 558 5234 oblitterata
607 5192 696 5231 aut
746 5195 840 5243 pro
871 5177 1107 5230 barbaris
1162 5177 1361 5233 habeni
1402 5180 1700 5242 existimet,
1750 5188 1808 5233 ιιι

252 5261 480 5304 ventosus
498 5290 514 5311 ,
537 5253 775 5303 verbosus
793 5289 806 5310 ,
838 5249 1087 5317 gratiosus
1103 5287 1116 5310 ,
1170 5248 1447 5302 luminosus
1468 5289 1482 5312 ,
1527 5251 1802 5314 clamosus,

250 5337 464 5383 aquosus
515 5318 808 5386 frondosus.
850 5317 1084 5384 Scaliger
1119 5320 1210 5369 Iih.
1235 5335 1284 5370 Vl
1327 5321 1547 5381 Poetic.,
1578 5333 1696 5385 cap.
1731 5322 1759 5371 7
1786 5362 1801 5382 ,

251 5393 487 5456 congerit
520 5391 732 5442 nomina
761 5389 812 5439 itt
841 5403 956 5439 osus
983 5427 997 5450 ,
1029 5388 1220 5454 quibus
1263 5403 1388 5441 usus
1409 5398 1519 5452 est,
1557 5401 1610 5442 et
1656 5387 1802 5440 dele-

250 5463 378 5512 Ctari
404 5461 682 5514 videbatur
714 5458 996 5510 lloratius:
1031 5468 1294 5523 restuosus,
1331 5458 1626 5524 obliuiosus,
1669 5459 1807 5524 peri-

249 5533 467 5593 culosus,
495 5530 816 5590 libidinosus,
841 5528 1052 5590 otiosus,
1074 5531 1351 5594 luctuosus,
1375 5528 1639 5597 pretiosus,
1663 5528 1805 5578 dam-

249 5615 417 5666 nosus,
441 5602 671 5661 vitiosus,
697 5607 1043 5666 sumptuosus,
1074 5599 1330 5649 studiosus
1346 5641 1359 5663 ,
1383 5600 1653 5666 speciosus,
1677 5600 1806 5648 cali-

250 5671 470 5737 giuosus,
498 5665 817 5732 maculosus,
843 5665 1118 5728 belluosus,
1146 5665 1454 5730 siticulosus,
1486 5667 1801 5737 imperiosus,

253 5736 523 5801 ulcerosus,
553 5752 844 5807 generosus,
877 5736 1184 5800 crrebrosus,
1218 5738 1472 5807 plugvsus,
1499 5736 1801 5796 laboriosus,

1907 2536 2209 2613 iniuriosus,
2239 2537 2625 2613 formidolosus,
2663 2541 2890 2607 dolosas,
2925 2543 3298 2606 tumultuosrs,
3332 2545 3474 2613 fasti-

1913 2607 2086 2658 diosus
2105 2648 2118 2667 ,
2148 2622 2388 2684 operosus
2407 2649 2420 2670 ,
2457 2611 2724 2684 umbrosus
2746 2652 2759 2674 ,
2792 2615 3047 2678 famosus,
3081 2607 3367 2684 bellicosui,
3389 2618 3474 2684 jo-

1913 2691 2100 2750 cosus,
2149 2678 2411 2750 animosus
2437 2721 2450 2744 ,
2505 2678 2765 2740 fabulosus
2788 2719 2804 2744 ,
2858 2689 3088 2734 ventosus
3118 2721 3134 2745 ,
3181 2678 3474 2750 probrosus.

1916 2746 2163 2797 Ileinsius
2192 2748 2494 2814 suspicatur
2522 2750 2752 2809 sanioso,
2798 2758 2851 2802 et
2882 2765 2914 2802 va
2944 2765 3098 2804 manu
3127 2746 3265 2806 male
3290 2753 3474 2810 feriata

1914 2830 2034 2887 e~se
2063 2830 2289 2877 carioso,
2318 2819 2436 2884 quia
2466 2817 2717 2870 lutulenta
2736 2819 2894 2871 libido
2921 2821 3330 2887 pomeadiritur.
3357 2821 3472 2875 Non

1917 2885 2084 2961 probo
2125 2889 2520 2961 conjecturam.
2547 2888 2790 2961 Glossam
2825 2885 2990 2942 lsmiis
3016 2892 3086 2943 ita
3130 2892 3363 2961 intell‘ge
3393 2893 3474 2947 vel

1913 2956 2087 3021 potius
2115 2956 2325 3029 corrige
2351 2973 2362 3006 :
2395 2958 2554 3016 κοινὸς
2597 2956 2780 3029 Graece
2807 2968 2889 3012 est
2917 2962 3234 3020 counnitnis,
3260 2956 3324 3014 ei
3350 2962 3474 3029 quia

1914 3038 1974 3075 ea
2007 3039 2126 3090 quae
2157 3027 2464 3092 promiscuo
2489 3027 2726 3080 omnium
2759 3028 2875 3080 usui
2921 3039 3119 3093 patent,
3149 3031 3320 3083 solent
3347 3027 3474 3084 cons

1913 3094 2156 3168 taminari
2186 3095 2482 3168 sordesque
2507 3096 2779 3165 colligere,
2809 3097 3006 3151 idcirco
3033 3099 3290 3168 accipitur
3313 3101 3473 3152 etiam

1910 3177 2006 3232 pro
2035 3164 2260 3229 impuro,
2297 3164 2593 3232 impolluto.

1979 3231 2067 3284 5‘2.
2107 3231 2384 3287 Weitzius’
2423 3250 2517 3302 pro
2571 3235 2805 3288 sordibus
2858 3236 3078 3291 advocat
3134 3237 3467 3292 Giseliuam:

1912 3302 2150 3371 intelligo
2178 3304 2397 3370 primam
2442 3305 2599 3371 hujus
2627 3305 2952 3372 editionem,
2983 3321 3102 3360 nam
3147 3307 3199 3359 in
3241 3309 3472 3362 secunda

1909 3382 2147 3426 correcta
2186 3375 2422 3426 sordidus
2449 3377 2568 3427 c'om
2601 3377 2813 3428 cmteris
2835 3377 3083 3430 omnibus
3117 3379 3290 3431 habet.

1982 3442 2070 3496 55.
2118 3443 2292 3506 Alcx.,
2325 3444 2463 3497 Valt.
2489 3445 2555 3504 G.
2584 3445 2649 3507 II,
2676 3445 2739 3505 0,
2773 3445 2876 3510 I38,
2906 3447 3198 3508 Ileiusiani,
3233 3446 3433 3500 Erfurt.
3453 3486 3468 3510 ,

1911 3510 2102 3573 Palat..
2147 3514 2306 3573 illam,
2341 3514 2484 3572 Ilat.,
2523 3512 2638 3567 Hoc
2681 3515 2849 3580 liabet,
2882 3518 3150 3569 exclamat.
3178 3518 3266 3570 Sic
3298 3516 3467 3581 Virgi-

1913 3582 2013 3656 lius
2054 3581 2230 3656 lib_._'v,
2258 3581 2370 3656 Hoc
2410 3584 2558 3636 habet
2582 3583 2738 3656 :_Iia:c
2780 3584 2967 3656 melior
2990 3586 3185 3656 magnis
3243 3587 3364 3656 data
3392 3587 3467 3640 vi.-

1915 3651 2066 3702 ctima
2103 3653 2249 3704 divis.
2293 3652 2577 3705 Terentius
2604 3654 2655 3706 in
2675 3655 2871 3707 Andria
2889 3695 2904 3719 ,
2931 3651 3121 3720 Captus
3165 3664 3235 3707 est
3259 3693 3274 3715 ,
3301 3654 3468 3706 habet.

1915 3720 2256 3791 Proverbium
2285 3736 2314 3774 e
2338 3720 2690 3790 gladiatorum
2729 3723 2875 3785 ludo,
2923 3740 3029 3791 quo
3060 3724 3330 3777 indicatur
3379 3725 3472 3777 Ita-

1913 3790 2041 3842 Iiere
2092 3792 2282 3843 vulnus
2327 3791 2521 3844 lethale
2546 3830 2560 3853 ,
2601 3793 2688 3858 qui
2724 3793 2892 3844 victus
2923 3790 2978 3845 et
3021 3796 3330 3846 vulneratus
3359 3804 3462 3858 est.

1913 3859 2013 3928 Alii
2043 3860 2194 3912 aliter
2221 3859 2431 3928 Ieg'unt.
2465 3854 2678 3922 Vinum,
2709 3860 2968 3926 Gifanius,
2999 3861 3142 3915 Vatt.
3175 3862 3232 3924 Ρ,
3266 3863 3327 3925 L,
3354 3854 3468 3914 Hoc

1911 3927 2058 3991 habe,
2077 3927 2351 3987 exclamat.
2380 3945 2474 3990 per
2495 3928 2726 3999 hiatum.
2755 3933 2892 3997 Aug.
2918 3970 2943 3999 ,_
2963 3929 3088 3983 Hu-c
3113 3932 3238 3983 habe
3260 3970 3270 3991 ,
3294 3933 3466 3984 excla-

1911 4007 2037 4051 mat.
2067 3999 2182 4052 Vat.
2215 4000 2272 4061 Ι),
2300 3999 2457 4061 male,
2486 3997 2601 4050 Hoc
2628 3999 2827 4063 habeto,
2849 3997 3115 4053 exclamat.
3141 4001 3327 4062 Aldus,
3355 4001 3468 4054 Hoc

1911 4067 1999 4119 tibi
2021 4068 2166 4132 habe,
2189 4070 2459 4137 exclamat,
2492 4068 2633 4136 quod
2684 4070 2734 4121 in
2781 4079 3031 4123 eontextu
3068 4071 3338 4124 Giseliuus
3381 4088 3463 4137 po-

1911 4137 2035 4199 suit,
2063 4141 2155 4191 sed
2182 4136 2394 4200 dubius,
2426 4154 2492 4190 au
2528 4138 2802 4202 piteferret
2836 4137 2946 4191 Hoc
2987 4139 3113 4193 habe
3135 4182 3148 4203 ,
3193 4136 3466 4205 exclama',

1911 4209 2051 4272 quod
2080 4207 2308 4269 amplexi
2339 4217 2464 4260 sunt
2491 4207 2663 4270 Sich.,
2697 4207 2888 4261 Weilz.
2916 4217 2970 4262 et
2995 4211 3081 4274 alii
3113 4221 3463 4263 recentiores.

1913 4274 2145 4349 Lipsius,
2174 4277 2263 4349 Illi.
2288 4293 2323 4329 II
2347 4279 2521 4349 Serm.
2552 4278 2964 4349 _S:itttrnal._cap.
2995 4278 3084 4342 2|,
3113 4291 3213 4349 agit
3257 4282 3323 4332 de
3361 4281 3466 4333 cla-

1914 4359 2063 4399 more
2085 4347 2148 4398 ad
2177 4346 2384 4410 vulnus,
2415 4346 2527 4398 Hoc
2548 4347 2712 4408 habet,
2737 4357 2790 4399 et
2814 4346 3349 4402 Prudentium'citans
3372 4351 3464 4413 ait,

1917 4414 2234 4468 Prudentius
2275 4431 2408 4469 usus
2441 4416 2851 4482 Psychomacltia
2879 4458 2893 4479 ,
2948 4419 3055 4472 lloc
3078 4419 3269 4479 liabet,
3298 4421 3445 4472 excla

1912 4495 2036 4539 mat.
2059 4485 2304 4538 Fortasse
2321 4503 2468 4539 suum
2495 4486 2766 4539 Prudetttii
2794 4489 3074 4553 exemplar
3098 4489 3275 4540 laudat

1983 4555 2068 4606 57.
2108 4554 2248 4608 Bene
2273 4555 2449 4615 habet.
2489 4556 2628 4622 quod
2661 4555 2976 4618 Giselinum,
3005 4557 3142 4610 haud
3184 4556 3466 4625 ignobilem

1915 4624 2205 4694 medicum,
2242 4625 2509 4678 I’rudentii
2555 4627 2897 4689 interpretem
2943 4630 3126 4680 audire
3169 4624 3467 4694 possumus,

1912 4692 2066 4762 cujus
2116 4696 2430 4747 auctoritate
2463 4704 2630 4762 poetic
2671 4695 2908 4748 doctrina
2944 4692 3252 4748 illustretitr.
3305 4696 3470 4747 Docet

1911 4760 2178 4832 Oiseliuus
2204 4764 2342 4830 quod
2391 4760 2503 4816 cum
2533 4768 2702 4832 jecur,
2727 4773 2779 4815 ut
2805 4765 2909 4817 alia
2953 4767 3123 4818 omnia
3147 4768 3334 4817 viscera
3357 4804 3372 4827 ,
3406 4766 3495 4830 ρ--

1911 4830 2012 4900 bris
2036 4849 2176 4883 suam
2203 4833 2507 4885 soliditatem
2529 4830 2731 4898 debeat,
2756 4850 2794 4886 υ·
2812 4851 3090 4900 uarumque
3115 4837 3335 4886 onmium
3357 4839 3470 4898 fons

1909 4899 2055 4972 tritici
2083 4903 2254 4969 origo,
2279 4913 2409 4954 recte
2444 4919 2531 4971 per
2557 4905 2866 4969 metalepsim
2903 4921 2974 4957 ex
3003 4906 3109 4956 istis
3141 4919 3284 4955 omne
3313 4919 3470 4972 genus

1909 4969 2142 5042 libidines
2173 4984 2215 5023 et
2253 4969 2552 5042 cupiditates
2568 5012 2589 5042 ί,
2631 4974 2830 5040 ipseque
2871 4983 2997 5026 adeo
3041 4974 3242 5042 animus
3284 4969 3472 5026 intelli-

1909 5040 2066 5112 gitur,
2115 5051 2218 5092 tum
2244 5040 2357 5112 hic,
2391 5053 2493 5094 tum
2525 5041 2640 5092 aliis
2682 5045 2957 5112 innumeris
2988 5043 3130 5096 locis.
3165 5041 3312 5112 Infra
3339 5058 3467 5096 vers.

1913 5110 2035 5175 "Mil,
2061 5111 2182 5179 quia
2216 5111 2370 5163 scissa
2406 5113 2637 5163 voluntas
2680 5111 2957 5179 Confundit
2989 5113 3144 5164 variis
3173 5110 3361 5164 arcana
3393 5113 3471 5163 bi-

1911 5179 2093 5246 formia
2137 5182 2316 5246 ﬁbris;
2357 5191 2404 5234 et
2443 5195 2574 5233 vers.
2619 5181 2749 5242 ‘258,
2781 5183 2922 5234 Anne
2953 5182 3210 5247 iudicttite
3253 5182 3473 5249 gelidum

1910 5252 2053 5314 jecur
2094 5251 2218 5302 utile
2261 5249 2388 5302 bello
2413 5251 2526 5304 est?
2555 5250 2784 5316 Opponit
2823 5267 2948 5302 vero
2980 5251 3297 5304 Prudentius
3335 5250 3468 5302 lant-

1910 5321 2045 5382 pada
2068 5319 2511 5390 Christilampudi
2549 5319 2772 5384 Veneris,
2805 5335 2895 5373 seu
2934 5320 3204 5387 Cupidinis
3225 5365 3238 5387 ,
3272 5319 3338 5374 de
3366 5335 3469 5388 qua

1913 5390 2106 5456 passim
2135 5389 2271 5454 apud
2305 5389 2504 5458 poetas.

1979 5458 2066 5512 60.
2107 5458 2301 5512 Weitz.
2327 5475 2446 5513 cum
2483 5461 2676 5513 Erfurt.
2709 5466 2762 5512 et
2786 5459 2974 5527 Bong.,
3007 5461 3271 5528 cerviaque
3299 5458 3474 5528 minus

1911 5527 2045 5581 bene
2072 5544 2166 5596 pro
2197 5530 2383 5583 cervix.
2421 5530 2574 5592 Mar.,
2611 5531 2753 5593 Ilat.,
2781 5529 2970 5583 Vienu.
3003 5541 3054 5583 et
3077 5530 3163 5582 alii
3192 5527 3313 5580 rum
3349 5527 3474 5579 Vul-

1908 5606 2060 5667 gata,
2118 5597 2442 5667 Helo/eruis,
2495 5598 2762 5653 lleinsiaui
2807 5601 3094 5666 Olofernis,
3138 5598 3302 5652 Aldus
3348 5596 3476 5648 Olo-

1909 5666 2104 5734 pherni.
2142 5666 2522 5736 Alii'Oloferui.
2559 5669 2704 5724 llattc
2734 5671 3005 5724 historiam
3047 5669 3208 5722 habes
3250 5668 3300 5720 in
3333 5667 3475 5720 libre

1910 5737 2085 5788 Judith
2108 5752 2224 5806 cap.
2254 5754 2363 5791 χιιι.
