  <div class='ocr_page' id='page_1' title='image "/cluster/home/n/w/nwhite01/storage/ocr_20150623/60/hvd.32044015469299/026.png"; bbox 0 0 4066 6296; ppageno 0'>
   <div class='ocr_carea' id='block_1_1' title="bbox 198 332 2111 396">
    <p class='ocr_par' dir='ltr' id='par_1_1' title="bbox 198 332 2111 396">
     <span class='ocr_line' id='line_1_1' title="bbox 198 332 2111 396; baseline -0.004 -2"><span class='ocrx_word' id='word_1_1' title='bbox 198 344 264 396; x_wconf 74' lang='lat'><strong>29</strong></span> <span class='ocrx_word' id='word_1_2' title='bbox 1572 332 2041 390; x_wconf 79' lang='lat' dir='ltr'><strong>PSYCIIOMACI&quot;</strong></span> <span class='ocrx_word' id='word_1_3' title='bbox 2058 335 2111 387; x_wconf 80' lang='lat'><strong>\.</strong></span> 
     </span>
    </p>
   </div>
   <div class='ocr_carea' id='block_1_2' title="bbox 377 441 1869 509">
    <p class='ocr_par' dir='ltr' id='par_1_2' title="bbox 377 441 1869 509">
     <span class='ocr_line' id='line_1_2' title="bbox 377 441 1869 509; baseline -0.004 -8"><span class='ocrx_word' id='word_1_4' title='bbox 377 445 668 502; x_wconf 83' lang='lat' dir='ltr'><strong>Nascendo</strong></span> <span class='ocrx_word' id='word_1_5' title='bbox 683 445 734 500; x_wconf 90' lang='lat' dir='ltr'><strong>in</strong></span> <span class='ocrx_word' id='word_1_6' title='bbox 751 444 941 499; x_wconf 90' lang='lat' dir='ltr'><strong>melius</strong></span> <span class='ocrx_word' id='word_1_7' title='bbox 956 459 969 496; x_wconf 91' lang='lat'>:</span> <span class='ocrx_word' id='word_1_8' title='bbox 986 442 1114 497; x_wconf 91' lang='lat' dir='ltr'><strong>mihi</strong></span> <span class='ocrx_word' id='word_1_9' title='bbox 1128 443 1372 509; x_wconf 83' lang='lat' dir='ltr'><strong>contulit,</strong></span> <span class='ocrx_word' id='word_1_10' title='bbox 1388 441 1552 496; x_wconf 89' lang='lat' dir='ltr'><strong>etsibi</strong></span> <span class='ocrx_word' id='word_1_11' title='bbox 1568 443 1782 497; x_wconf 91' lang='lat' dir='ltr'><strong>mansit.</strong></span> <span class='ocrx_word' id='word_1_12' title='bbox 1813 447 1869 503; x_wconf 77' lang='grc' dir='ltr'><strong>Α</strong></span> 
     </span>
    </p>
   </div>
   <div class='ocr_carea' id='block_1_3' title="bbox 201 533 1800 592">
    <p class='ocr_par' dir='ltr' id='par_1_3' title="bbox 201 533 1800 592">
     <span class='ocr_line' id='line_1_3' title="bbox 201 533 1800 592; baseline -0.003 0"><span class='ocrx_word' id='word_1_13' title='bbox 201 540 267 592; x_wconf 78' lang='grc'>83</span> <span class='ocrx_word' id='word_1_14' title='bbox 381 537 503 591; x_wconf 76' lang='lat' dir='ltr'><strong>Nec</strong></span> <span class='ocrx_word' id='word_1_15' title='bbox 524 538 667 590; x_wconf 87' lang='lat' dir='ltr'><strong>Deus</strong></span> <span class='ocrx_word' id='word_1_16' title='bbox 697 551 764 590; x_wconf 83' lang='lat' dir='ltr'><strong>ex</strong></span> <span class='ocrx_word' id='word_1_17' title='bbox 785 534 983 589; x_wconf 75' lang='lat' dir='ltr'><strong>nostris</strong></span> <span class='ocrx_word' id='word_1_18' title='bbox 1002 533 1338 587; x_wconf 54' lang='lat' dir='ltr'><strong>ininuitsua:</strong></span> <span class='ocrx_word' id='word_1_19' title='bbox 1370 534 1464 587; x_wconf 91' lang='lat' dir='ltr'><strong>sed</strong></span> <span class='ocrx_word' id='word_1_20' title='bbox 1484 547 1577 586; x_wconf 86' lang='lat' dir='ltr'><strong>sua</strong></span> <span class='ocrx_word' id='word_1_21' title='bbox 1602 533 1800 588; x_wconf 91' lang='lat' dir='ltr'><strong>nostris</strong></span> 
     </span>
    </p>
   </div>
   <div class='ocr_carea' id='block_1_4' title="bbox 393 614 1797 691">
    <p class='ocr_par' dir='ltr' id='par_1_4' title="bbox 393 614 1797 691">
     <span class='ocr_line' id='line_1_4' title="bbox 393 614 1797 691; baseline -0.003 -10"><span class='ocrx_word' id='word_1_22' title='bbox 393 629 539 683; x_wconf 87' lang='lat' dir='ltr'><strong>Dum</strong></span> <span class='ocrx_word' id='word_1_23' title='bbox 573 628 801 691; x_wconf 90' lang='lat' dir='ltr'><strong>tribuit,</strong></span> <span class='ocrx_word' id='word_1_24' title='bbox 844 614 1056 679; x_wconf 87' lang='lat' dir='ltr'><strong>nosmet</strong></span> <span class='ocrx_word' id='word_1_25' title='bbox 1093 626 1231 679; x_wconf 92' lang='lat' dir='ltr'><strong>dona</strong></span> <span class='ocrx_word' id='word_1_26' title='bbox 1262 624 1328 678; x_wconf 89' lang='lat' dir='ltr'><strong>ad</strong></span> <span class='ocrx_word' id='word_1_27' title='bbox 1357 623 1597 678; x_wconf 77' lang='lat' dir='ltr'><strong>ctelestia</strong></span> <span class='ocrx_word' id='word_1_28' title='bbox 1628 624 1797 678; x_wconf 81' lang='lat' dir='ltr'><strong>vexit.</strong></span> 
     </span>
    </p>
   </div>
   <div class='ocr_carea' id='block_1_5' title="bbox 388 718 1797 790">
    <p class='ocr_par' dir='ltr' id='par_1_5' title="bbox 388 718 1797 790">
     <span class='ocr_line' id='line_1_5' title="bbox 388 718 1797 790; baseline -0.004 -13"><span class='ocrx_word' id='word_1_29' title='bbox 388 724 548 780; x_wconf 86' lang='lat' dir='ltr'><strong>Dona</strong></span> <span class='ocrx_word' id='word_1_30' title='bbox 598 723 714 778; x_wconf 81' lang='lat' dir='ltr'><strong>ha:c</strong></span> <span class='ocrx_word' id='word_1_31' title='bbox 762 732 920 788; x_wconf 89' lang='lat' dir='ltr'><strong>sunt,</strong></span> <span class='ocrx_word' id='word_1_32' title='bbox 954 719 1095 790; x_wconf 90' lang='lat' dir='ltr'><strong>quod</strong></span> <span class='ocrx_word' id='word_1_33' title='bbox 1130 719 1271 773; x_wconf 86' lang='lat' dir='ltr'><strong>victa</strong></span> <span class='ocrx_word' id='word_1_34' title='bbox 1313 718 1492 787; x_wconf 89' lang='lat' dir='ltr'><strong>jaces,</strong></span> <span class='ocrx_word' id='word_1_35' title='bbox 1537 718 1797 772; x_wconf 85' lang='lat' dir='ltr'><strong>lutulenta</strong></span> 
     </span>
    </p>
   </div>
   <div class='ocr_carea' id='block_1_6' title="bbox 1493 808 1723 880">
    <p class='ocr_par' dir='ltr' id='par_1_6' title="bbox 1493 808 1723 880">
     <span class='ocr_line' id='line_1_6' title="bbox 1493 808 1723 880; baseline -0.013 -17"><span class='ocrx_word' id='word_1_36' title='bbox 1493 808 1723 880; x_wconf 87' lang='lat' dir='ltr'><strong>[Libido,</strong></span> 
     </span>
    </p>
   </div>
   <div class='ocr_carea' id='block_1_7' title="bbox 386 899 1794 975">
    <p class='ocr_par' dir='ltr' id='par_1_7' title="bbox 386 899 1794 975">
     <span class='ocr_line' id='line_1_7' title="bbox 386 899 1794 975; baseline -0.007 -13"><span class='ocrx_word' id='word_1_37' title='bbox 386 908 508 962; x_wconf 80' lang='lat' dir='ltr'><strong>Nec</strong></span> <span class='ocrx_word' id='word_1_38' title='bbox 528 921 647 961; x_wconf 88' lang='lat' dir='ltr'><strong>mea</strong></span> <span class='ocrx_word' id='word_1_39' title='bbox 670 915 791 975; x_wconf 90' lang='lat' dir='ltr'><strong>post</strong></span> <span class='ocrx_word' id='word_1_40' title='bbox 811 904 1032 960; x_wconf 88' lang='lat' dir='ltr'><strong>Mariam</strong></span> <span class='ocrx_word' id='word_1_41' title='bbox 1060 903 1202 972; x_wconf 86' lang='lat' dir='ltr'><strong>potis</strong></span> <span class='ocrx_word' id='word_1_42' title='bbox 1223 915 1283 957; x_wconf 89' lang='lat' dir='ltr'><strong>es</strong></span> <span class='ocrx_word' id='word_1_43' title='bbox 1306 900 1634 970; x_wconf 78' lang='lat' dir='ltr'><strong>perfringere</strong></span> <span class='ocrx_word' id='word_1_44' title='bbox 1652 899 1794 968; x_wconf 87' lang='lat' dir='ltr'><strong>jura.</strong></span> 
     </span>
    </p>
   </div>
   <div class='ocr_carea' id='block_1_8' title="bbox 386 989 1653 1065">
    <p class='ocr_par' dir='ltr' id='par_1_8' title="bbox 386 989 1653 1065">
     <span class='ocr_line' id='line_1_8' title="bbox 386 989 1653 1065; baseline -0.008 -14"><span class='ocrx_word' id='word_1_45' title='bbox 386 997 479 1051; x_wconf 84' lang='lat' dir='ltr'><strong>Tu</strong></span> <span class='ocrx_word' id='word_1_46' title='bbox 505 996 755 1065; x_wconf 84' lang='lat' dir='ltr'><strong>princeps</strong></span> <span class='ocrx_word' id='word_1_47' title='bbox 782 995 848 1048; x_wconf 91' lang='lat' dir='ltr'><strong>ad</strong></span> <span class='ocrx_word' id='word_1_48' title='bbox 875 994 1063 1053; x_wconf 89' lang='lat' dir='ltr'><strong>mortis</strong></span> <span class='ocrx_word' id='word_1_49' title='bbox 1082 993 1207 1056; x_wconf 87' lang='lat' dir='ltr'><strong>iter,</strong></span> <span class='ocrx_word' id='word_1_50' title='bbox 1236 998 1288 1044; x_wconf 91' lang='lat' dir='ltr'><strong>tu</strong></span> <span class='ocrx_word' id='word_1_51' title='bbox 1313 990 1475 1059; x_wconf 78' lang='lat' dir='ltr'><strong>ianua</strong></span> <span class='ocrx_word' id='word_1_52' title='bbox 1504 989 1653 1052; x_wconf 90' lang='lat' dir='ltr'><strong>letbi,</strong></span> 
     </span>
    </p>
   </div>
   <div class='ocr_carea' id='block_1_9' title="bbox 212 1081 1796 1160">
    <p class='ocr_par' dir='ltr' id='par_1_9' title="bbox 212 1081 1796 1160">
     <span class='ocr_line' id='line_1_9' title="bbox 212 1081 1796 1160; baseline -0.007 -16"><span class='ocrx_word' id='word_1_53' title='bbox 212 1089 276 1144; x_wconf 85' lang='grc'>90</span> <span class='ocrx_word' id='word_1_54' title='bbox 390 1088 559 1160; x_wconf 73' lang='lat'><strong>591</strong></span> <span class='ocrx_word' id='word_1_55' title='bbox 576 1088 816 1155; x_wconf 76' lang='lat' dir='ltr'><strong>Corpora</strong></span> <span class='ocrx_word' id='word_1_56' title='bbox 849 1083 1491 1150; x_wconf 88' lang='lat' dir='ltr'><strong>commaculans,animas</strong></span> <span class='ocrx_word' id='word_1_57' title='bbox 1520 1081 1572 1134; x_wconf 90' lang='lat' dir='ltr'><strong>in</strong></span> <span class='ocrx_word' id='word_1_58' title='bbox 1601 1089 1796 1133; x_wconf 85' lang='lat' dir='ltr'><strong>tartara</strong></span> 
     </span>
    </p>
   </div>
   <div class='ocr_carea' id='block_1_10' title="bbox 1488 1171 1729 1243">
    <p class='ocr_par' dir='ltr' id='par_1_10' title="bbox 1488 1171 1729 1243">
     <span class='ocr_line' id='line_1_10' title="bbox 1488 1171 1729 1243; baseline 0.012 -17"><span class='ocrx_word' id='word_1_59' title='bbox 1488 1171 1729 1243; x_wconf 60' lang='lat' dir='ltr'><strong>(mergis.</strong></span> 
     </span>
    </p>
   </div>
   <div class='ocr_carea' id='block_1_11' title="bbox 386 1263 1695 1337">
    <p class='ocr_par' dir='ltr' id='par_1_11' title="bbox 386 1263 1695 1337">
     <span class='ocr_line' id='line_1_11' title="bbox 386 1263 1695 1337; baseline -0.01 -12"><span class='ocrx_word' id='word_1_60' title='bbox 386 1269 545 1325; x_wconf 77' lang='lat' dir='ltr'><strong>Abde</strong></span> <span class='ocrx_word' id='word_1_61' title='bbox 572 1277 731 1337; x_wconf 87' lang='lat' dir='ltr'><strong>caput</strong></span> <span class='ocrx_word' id='word_1_62' title='bbox 767 1267 904 1320; x_wconf 84' lang='lat' dir='ltr'><strong>tristi</strong></span> <span class='ocrx_word' id='word_1_63' title='bbox 932 1266 1040 1333; x_wconf 82' lang='lat' dir='ltr'><strong>jam</strong></span> <span class='ocrx_word' id='word_1_64' title='bbox 1075 1263 1258 1334; x_wconf 85' lang='lat' dir='ltr'><strong>frigida</strong></span> <span class='ocrx_word' id='word_1_65' title='bbox 1291 1263 1454 1331; x_wconf 79' lang='lat' dir='ltr'><strong>pestis</strong></span> <span class='ocrx_word' id='word_1_66' title='bbox 1481 1264 1695 1332; x_wconf 79' lang='lat' dir='ltr'><strong>abysso,</strong></span> 
     </span>
    </p>
   </div>
   <div class='ocr_carea' id='block_1_12' title="bbox 388 1354 1798 1427">
    <p class='ocr_par' dir='ltr' id='par_1_12' title="bbox 388 1354 1798 1427">
     <span class='ocr_line' id='line_1_12' title="bbox 388 1354 1798 1427; baseline -0.004 -12"><span class='ocrx_word' id='word_1_67' title='bbox 388 1362 621 1426; x_wconf 80' lang='lat' dir='ltr'><strong>Occide,</strong></span> <span class='ocrx_word' id='word_1_68' title='bbox 675 1358 1067 1427; x_wconf 89' lang='lat' dir='ltr'><strong>prostibulum,</strong></span> <span class='ocrx_word' id='word_1_69' title='bbox 1111 1369 1295 1410; x_wconf 91' lang='lat' dir='ltr'><strong>manes</strong></span> <span class='ocrx_word' id='word_1_70' title='bbox 1346 1354 1798 1423; x_wconf 67' lang='lat' dir='ltr'><strong>pete,&#39;clattdrre</strong></span> 
     </span>
    </p>
   </div>
   <div class='ocr_carea' id='block_1_13' title="bbox 1440 1442 1691 1514">
    <p class='ocr_par' dir='ltr' id='par_1_13' title="bbox 1440 1442 1691 1514">
     <span class='ocr_line' id='line_1_13' title="bbox 1440 1442 1691 1514; baseline -0.004 -17"><span class='ocrx_word' id='word_1_71' title='bbox 1440 1442 1498 1514; x_wconf 78' lang='grc' dir='ltr'><strong>[Α</strong></span> <span class='ocrx_word' id='word_1_72' title='bbox 1509 1458 1691 1507; x_wconf 88' lang='lat' dir='ltr'><strong>verno,</strong></span> 
     </span>
    </p>
   </div>
   <div class='ocr_carea' id='block_1_14' title="bbox 390 1534 1705 1612">
    <p class='ocr_par' dir='ltr' id='par_1_14' title="bbox 390 1534 1705 1612">
     <span class='ocr_line' id='line_1_14' title="bbox 390 1534 1705 1612; baseline -0.006 -15"><span class='ocrx_word' id='word_1_73' title='bbox 390 1544 563 1612; x_wconf 86' lang='lat' dir='ltr'><strong>luqne</strong></span> <span class='ocrx_word' id='word_1_74' title='bbox 590 1541 929 1597; x_wconf 88' lang='lat' dir='ltr'><strong>tenebrosum</strong></span> <span class='ocrx_word' id='word_1_75' title='bbox 955 1538 1124 1593; x_wconf 86' lang='lat' dir='ltr'><strong>noctis</strong></span> <span class='ocrx_word' id='word_1_76' title='bbox 1151 1535 1436 1591; x_wconf 83' lang='lat' dir='ltr'><strong>detrudere</strong></span> <span class='ocrx_word' id='word_1_77' title='bbox 1467 1534 1705 1588; x_wconf 84' lang='lat' dir='ltr'><strong>fundum.</strong></span> 
     </span>
    </p>
   </div>
   <div class='ocr_carea' id='block_1_15' title="bbox 3410 333 3479 390">
    <p class='ocr_par' dir='ltr' id='par_1_15' title="bbox 3410 333 3479 390">
     <span class='ocr_line' id='line_1_15' title="bbox 3410 333 3479 390; baseline 0 0"><span class='ocrx_word' id='word_1_78' title='bbox 3410 333 3479 390; x_wconf 80' lang='lat'><strong>50</strong></span> 
     </span>
    </p>
   </div>
   <div class='ocr_carea' id='block_1_16' title="bbox 2066 420 3477 515">
    <p class='ocr_par' dir='ltr' id='par_1_16' title="bbox 2066 420 3477 515">
     <span class='ocr_line' id='line_1_16' title="bbox 2066 420 3477 515; baseline -0.001 -18"><span class='ocrx_word' id='word_1_79' title='bbox 2066 444 2140 497; x_wconf 83' lang='lat' dir='ltr'><strong>To</strong></span> <span class='ocrx_word' id='word_1_80' title='bbox 2170 451 2385 498; x_wconf 62' lang='lat' dir='ltr'><strong>volvant</strong></span> <span class='ocrx_word' id='word_1_81' title='bbox 2408 443 2594 497; x_wconf 79' lang='lat' dir='ltr'><strong>subter</strong></span> <span class='ocrx_word' id='word_1_82' title='bbox 2617 442 2750 496; x_wconf 88' lang='lat' dir='ltr'><strong>vada</strong></span> <span class='ocrx_word' id='word_1_83' title='bbox 2787 442 3057 507; x_wconf 81' lang='lat' dir='ltr'><strong>ﬂammea,</strong></span> <span class='ocrx_word' id='word_1_84' title='bbox 3076 451 3128 498; x_wconf 93' lang='lat' dir='ltr'><strong>te</strong></span> <span class='ocrx_word' id='word_1_85' title='bbox 3150 444 3284 497; x_wconf 84' lang='lat' dir='ltr'><strong>v.tda</strong></span> <span class='ocrx_word' id='word_1_86' title='bbox 3304 420 3477 515; x_wconf 75' lang='lat' dir='ltr'><strong>nigra,</strong></span> 
     </span>
    </p>
   </div>
   <div class='ocr_carea' id='block_1_17' title="bbox 1902 533 3474 603">
    <p class='ocr_par' dir='ltr' id='par_1_17' title="bbox 1902 533 3474 603">
     <span class='ocr_line' id='line_1_17' title="bbox 1902 533 3474 603; baseline 0.001 -14"><span class='ocrx_word' id='word_1_87' title='bbox 1902 535 1971 589; x_wconf 82' lang='grc'><strong>95</strong></span> <span class='ocrx_word' id='word_1_88' title='bbox 2078 533 2510 602; x_wconf 79' lang='lat' dir='ltr'><strong>Sulphureusque</strong></span> <span class='ocrx_word' id='word_1_89' title='bbox 2529 541 2670 588; x_wconf 87' lang='lat' dir='ltr'><strong>rotet</strong></span> <span class='ocrx_word' id='word_1_90' title='bbox 2686 549 2781 602; x_wconf 85' lang='lat' dir='ltr'><strong>per</strong></span> <span class='ocrx_word' id='word_1_91' title='bbox 2801 542 2986 603; x_wconf 77' lang='lat' dir='ltr'><strong>stagna</strong></span> <span class='ocrx_word' id='word_1_92' title='bbox 3012 538 3255 589; x_wconf 84' lang='lat' dir='ltr'><strong>sonantia</strong></span> <span class='ocrx_word' id='word_1_93' title='bbox 3270 546 3474 592; x_wconf 77' lang='lat' dir='ltr'><strong>vortex.</strong></span> 
     </span>
    </p>
   </div>
   <div class='ocr_carea' id='block_1_18' title="bbox 2076 622 3476 711">
    <p class='ocr_par' dir='ltr' id='par_1_18' title="bbox 2076 622 3476 711">
     <span class='ocr_line' id='line_1_18' title="bbox 2076 622 3476 711; baseline 0.003 -33"><span class='ocrx_word' id='word_1_94' title='bbox 2076 624 2183 678; x_wconf 88' lang='lat' dir='ltr'><strong>Nec</strong></span> <span class='ocrx_word' id='word_1_95' title='bbox 2205 623 2315 692; x_wconf 90' lang='lat' dir='ltr'><strong>jam</strong></span> <span class='ocrx_word' id='word_1_96' title='bbox 2339 622 2710 691; x_wconf 87' lang='lat' dir='ltr'><strong>Christicolas,</strong></span> <span class='ocrx_word' id='word_1_97' title='bbox 2728 624 2982 711; x_wconf 75' lang='lat' dir='ltr'><strong>furiarum</strong></span> <span class='ocrx_word' id='word_1_98' title='bbox 3008 625 3259 692; x_wconf 82' lang='lat' dir='ltr'><strong>maxima,</strong></span> <span class='ocrx_word' id='word_1_99' title='bbox 3275 632 3476 684; x_wconf 85' lang='lat' dir='ltr'><strong>tentes:</strong></span> 
     </span>
    </p>
   </div>
   <div class='ocr_carea' id='block_1_19' title="bbox 2080 717 3246 786">
    <p class='ocr_par' dir='ltr' id='par_1_19' title="bbox 2080 717 3246 786">
     <span class='ocr_line' id='line_1_19' title="bbox 2080 717 3246 786; baseline -0.002 -13"><span class='ocrx_word' id='word_1_100' title='bbox 2080 717 2149 773; x_wconf 76' lang='lat' dir='ltr'><strong>Ut</strong></span> <span class='ocrx_word' id='word_1_101' title='bbox 2178 725 2394 786; x_wconf 77' lang='lat' dir='ltr'><strong>purgata</strong></span> <span class='ocrx_word' id='word_1_102' title='bbox 2423 732 2522 771; x_wconf 91' lang='lat' dir='ltr'><strong>suo</strong></span> <span class='ocrx_word' id='word_1_103' title='bbox 2550 727 2831 771; x_wconf 86' lang='lat' dir='ltr'><strong>serventur</strong></span> <span class='ocrx_word' id='word_1_104' title='bbox 2854 732 3081 786; x_wconf 89' lang='lat' dir='ltr'><strong>corpora</strong></span> <span class='ocrx_word' id='word_1_105' title='bbox 3112 718 3246 786; x_wconf 82' lang='lat' dir='ltr'><strong>regi.</strong></span> 
     </span>
    </p>
   </div>
   <div class='ocr_carea' id='block_1_20' title="bbox 2080 805 3303 871">
    <p class='ocr_par' dir='ltr' id='par_1_20' title="bbox 2080 805 3303 871">
     <span class='ocr_line' id='line_1_20' title="bbox 2080 805 3303 871; baseline -0.001 -11"><span class='ocrx_word' id='word_1_106' title='bbox 2080 807 2293 860; x_wconf 78' lang='lat' dir='ltr'><strong>Dixerat</strong></span> <span class='ocrx_word' id='word_1_107' title='bbox 2323 806 2456 871; x_wconf 72' lang='lat' dir='ltr'><strong>bmc,</strong></span> <span class='ocrx_word' id='word_1_108' title='bbox 2492 815 2545 859; x_wconf 88' lang='lat' dir='ltr'><strong>et</strong></span> <span class='ocrx_word' id='word_1_109' title='bbox 2569 805 2690 859; x_wconf 77' lang='lat' dir='ltr'><strong>iacta</strong></span> <span class='ocrx_word' id='word_1_110' title='bbox 2719 806 2977 860; x_wconf 83' lang='lat' dir='ltr'><strong>Libidinis</strong></span> <span class='ocrx_word' id='word_1_111' title='bbox 3006 806 3303 861; x_wconf 77' lang='lat' dir='ltr'><strong>interfecta:</strong></span> 
     </span>
    </p>
   </div>
   <div class='ocr_carea' id='block_1_21' title="bbox 2076 897 3373 973">
    <p class='ocr_par' dir='ltr' id='par_1_21' title="bbox 2076 897 3373 973">
     <span class='ocr_line' id='line_1_21' title="bbox 2076 897 3373 973; baseline 0.001 -22"><span class='ocrx_word' id='word_1_112' title='bbox 2076 897 2243 954; x_wconf 79' lang='lat' dir='ltr'><strong>Morte</strong></span> <span class='ocrx_word' id='word_1_113' title='bbox 2271 898 2555 962; x_wconf 82' lang='lat' dir='ltr'><strong>Pudicitia,</strong></span> <span class='ocrx_word' id='word_1_114' title='bbox 2587 899 2817 973; x_wconf 77' lang='lat' dir='ltr'><strong>gladium</strong></span> <span class='ocrx_word' id='word_1_115' title='bbox 2847 899 3095 953; x_wconf 85' lang='lat' dir='ltr'><strong>Jordanis</strong></span> <span class='ocrx_word' id='word_1_116' title='bbox 3132 899 3184 952; x_wconf 88' lang='lat' dir='ltr'><strong>itt</strong></span> <span class='ocrx_word' id='word_1_117' title='bbox 3217 898 3373 952; x_wconf 87' lang='lat' dir='ltr'><strong>undis</strong></span> 
     </span>
    </p>
   </div>
   <div class='ocr_carea' id='block_1_22' title="bbox 1903 990 3274 1048">
    <p class='ocr_par' dir='ltr' id='par_1_22' title="bbox 1903 990 3274 1048">
     <span class='ocr_line' id='line_1_22' title="bbox 1903 990 3274 1048; baseline 0 -2"><span class='ocrx_word' id='word_1_118' title='bbox 1903 990 2005 1047; x_wconf 84' lang='grc'><strong>100</strong></span> <span class='ocrx_word' id='word_1_119' title='bbox 2079 991 2254 1047; x_wconf 85' lang='lat' dir='ltr'><strong>Abluit</strong></span> <span class='ocrx_word' id='word_1_120' title='bbox 2279 991 2532 1045; x_wconf 88' lang='lat' dir='ltr'><strong>inlectum</strong></span> <span class='ocrx_word' id='word_1_121' title='bbox 2561 1009 2573 1043; x_wconf 90' lang='lat'><strong>:</strong></span> <span class='ocrx_word' id='word_1_122' title='bbox 2599 994 2776 1046; x_wconf 84' lang='lat' dir='ltr'><strong>sanies</strong></span> <span class='ocrx_word' id='word_1_123' title='bbox 2802 993 2883 1046; x_wconf 92' lang='lat' dir='ltr'><strong>cui</strong></span> <span class='ocrx_word' id='word_1_124' title='bbox 2915 1008 3038 1048; x_wconf 90' lang='lat' dir='ltr'><strong>rore</strong></span> <span class='ocrx_word' id='word_1_125' title='bbox 3065 993 3274 1047; x_wconf 89' lang='lat' dir='ltr'><strong>rubenti</strong></span> 
     </span>
    </p>
   </div>
   <div class='ocr_carea' id='block_1_23' title="bbox 2073 1082 3477 1154">
    <p class='ocr_par' dir='ltr' id='par_1_23' title="bbox 2073 1082 3477 1154">
     <span class='ocr_line' id='line_1_23' title="bbox 2073 1082 3477 1154; baseline 0.001 -16"><span class='ocrx_word' id='word_1_126' title='bbox 2073 1082 2234 1154; x_wconf 76' lang='lat'><strong>598</strong></span> <span class='ocrx_word' id='word_1_127' title='bbox 2281 1084 2552 1149; x_wconf 75' lang='lat' dir='ltr'><strong>llaeserat,</strong></span> <span class='ocrx_word' id='word_1_128' title='bbox 2588 1091 2642 1138; x_wconf 92' lang='lat' dir='ltr'><strong>et</strong></span> <span class='ocrx_word' id='word_1_129' title='bbox 2672 1084 2895 1137; x_wconf 88' lang='lat' dir='ltr'><strong>nitidum</strong></span> <span class='ocrx_word' id='word_1_130' title='bbox 2941 1084 3233 1139; x_wconf 81' lang='lat' dir='ltr'><strong>macularat</strong></span> <span class='ocrx_word' id='word_1_131' title='bbox 3258 1083 3477 1139; x_wconf 81' lang='lat' dir='ltr'><strong>vulnere</strong></span> 
     </span>
    </p>
   </div>
   <div class='ocr_carea' id='block_1_24' title="bbox 3162 1176 3403 1248">
    <p class='ocr_par' dir='ltr' id='par_1_24' title="bbox 3162 1176 3403 1248">
     <span class='ocr_line' id='line_1_24' title="bbox 3162 1176 3403 1248; baseline 0.008 -18"><span class='ocrx_word' id='word_1_132' title='bbox 3162 1176 3403 1248; x_wconf 86' lang='lat' dir='ltr'><strong>[ferrum.</strong></span> 
     </span>
    </p>
   </div>
   <div class='ocr_carea' id='block_1_25' title="bbox 2079 1265 3269 1335">
    <p class='ocr_par' dir='ltr' id='par_1_25' title="bbox 2079 1265 3269 1335">
     <span class='ocr_line' id='line_1_25' title="bbox 2079 1265 3269 1335; baseline 0.002 -17"><span class='ocrx_word' id='word_1_133' title='bbox 2079 1266 2267 1334; x_wconf 78' lang='lat' dir='ltr'><strong>Expiat</strong></span> <span class='ocrx_word' id='word_1_134' title='bbox 2296 1278 2424 1335; x_wconf 76' lang='lat' dir='ltr'><strong>ergo</strong></span> <span class='ocrx_word' id='word_1_135' title='bbox 2451 1266 2619 1320; x_wconf 86' lang='lat' dir='ltr'><strong>aciem</strong></span> <span class='ocrx_word' id='word_1_136' title='bbox 2647 1265 2843 1319; x_wconf 82' lang='lat' dir='ltr'><strong>ﬂuviali</strong></span> <span class='ocrx_word' id='word_1_137' title='bbox 2874 1266 3030 1319; x_wconf 85' lang='lat' dir='ltr'><strong>docta</strong></span> <span class='ocrx_word' id='word_1_138' title='bbox 3060 1266 3269 1320; x_wconf 88' lang='lat' dir='ltr'><strong>lavacro</strong></span> 
     </span>
    </p>
   </div>
   <div class='ocr_carea' id='block_1_26' title="bbox 2085 1357 3402 1427">
    <p class='ocr_par' dir='ltr' id='par_1_26' title="bbox 2085 1357 3402 1427">
     <span class='ocr_line' id='line_1_26' title="bbox 2085 1357 3402 1427; baseline 0.005 -20"><span class='ocrx_word' id='word_1_139' title='bbox 2085 1357 2365 1413; x_wconf 80' lang='lat' dir='ltr'><strong>Victricem</strong></span> <span class='ocrx_word' id='word_1_140' title='bbox 2393 1359 2604 1425; x_wconf 77' lang='lat' dir='ltr'><strong>victrix,</strong></span> <span class='ocrx_word' id='word_1_141' title='bbox 2635 1358 2853 1412; x_wconf 88' lang='lat' dir='ltr'><strong>abolens</strong></span> <span class='ocrx_word' id='word_1_142' title='bbox 2884 1359 3202 1427; x_wconf 86' lang='lat' dir='ltr'><strong>baptismate</strong></span> <span class='ocrx_word' id='word_1_143' title='bbox 3233 1360 3402 1413; x_wconf 85' lang='lat' dir='ltr'><strong>labem</strong></span> 
     </span>
    </p>
   </div>
   <div class='ocr_carea' id='block_1_27' title="bbox 2077 1444 3282 1519">
    <p class='ocr_par' dir='ltr' id='par_1_27' title="bbox 2077 1444 3282 1519">
     <span class='ocr_line' id='line_1_27' title="bbox 2077 1444 3282 1519; baseline 0.001 -17"><span class='ocrx_word' id='word_1_144' title='bbox 2077 1444 2292 1503; x_wconf 79' lang='lat' dir='ltr'><strong>llostilis</strong></span> <span class='ocrx_word' id='word_1_145' title='bbox 2312 1448 2476 1519; x_wconf 77' lang='lat' dir='ltr'><strong>jugali</strong></span> <span class='ocrx_word' id='word_1_146' title='bbox 2503 1467 2516 1502; x_wconf 95' lang='lat'>:</span> <span class='ocrx_word' id='word_1_147' title='bbox 2542 1464 2641 1503; x_wconf 87' lang='lat' dir='ltr'><strong>nec</strong></span> <span class='ocrx_word' id='word_1_148' title='bbox 2666 1450 2775 1516; x_wconf 86' lang='lat' dir='ltr'><strong>jam</strong></span> <span class='ocrx_word' id='word_1_149' title='bbox 2803 1460 3050 1505; x_wconf 88' lang='lat' dir='ltr'><strong>contenta</strong></span> <span class='ocrx_word' id='word_1_150' title='bbox 3081 1449 3282 1519; x_wconf 85' lang='lat' dir='ltr'><strong>piatum</strong></span> 
     </span>
    </p>
   </div>
   <div class='ocr_carea' id='block_1_28' title="bbox 1912 1538 3315 1610">
    <p class='ocr_par' dir='ltr' id='par_1_28' title="bbox 1912 1538 3315 1610">
     <span class='ocr_line' id='line_1_28' title="bbox 1912 1538 3315 1610; baseline 0 -18"><span class='ocrx_word' id='word_1_151' title='bbox 1912 1538 2013 1595; x_wconf 81' lang='lat' dir='ltr'><strong>l05</strong></span> <span class='ocrx_word' id='word_1_152' title='bbox 2084 1539 2329 1596; x_wconf 89' lang='lat' dir='ltr'><strong>Condere</strong></span> <span class='ocrx_word' id='word_1_153' title='bbox 2353 1541 2559 1610; x_wconf 64' lang='lat' dir='ltr'><strong>vagina:</strong></span> <span class='ocrx_word' id='word_1_154' title='bbox 2585 1541 2841 1610; x_wconf 80' lang='lat' dir='ltr'><strong>gladium,</strong></span> <span class='ocrx_word' id='word_1_155' title='bbox 2871 1558 2938 1596; x_wconf 90' lang='lat' dir='ltr'><strong>ne</strong></span> <span class='ocrx_word' id='word_1_156' title='bbox 2963 1551 3100 1595; x_wconf 87' lang='lat' dir='ltr'><strong>tecta</strong></span> <span class='ocrx_word' id='word_1_157' title='bbox 3127 1539 3315 1610; x_wconf 75' lang='lat' dir='ltr'><strong>rubigo</strong></span> 
     </span>
    </p>
   </div>
   <div class='ocr_carea' id='block_1_29' title="bbox 1510 1622 2537 1715">
    <p class='ocr_par' dir='ltr' id='par_1_29' title="bbox 1510 1622 2537 1715">
     <span class='ocr_line' id='line_1_29' title="bbox 1510 1622 2537 1715; baseline 0.009 -37"><span class='ocrx_word' id='word_1_158' title='bbox 1510 1623 1794 1680; x_wconf 65' lang='lat' dir='ltr'><strong>GLOSSAE</strong></span> <span class='ocrx_word' id='word_1_159' title='bbox 1833 1622 2169 1689; x_wconf 82' lang='lat' dir='ltr'><strong>VETERES.</strong></span> <span class='ocrx_word' id='word_1_160' title='bbox 2534 1708 2537 1715; x_wconf 15' lang='grc' dir='ltr'><em>γ</em></span> 
     </span>
    </p>
   </div>
   <div class='ocr_carea' id='block_1_30' title="bbox 285 1717 3473 1805">
    <p class='ocr_par' dir='ltr' id='par_1_30' title="bbox 285 1717 3473 1805">
     <span class='ocr_line' id='line_1_30' title="bbox 285 1717 3473 1805; baseline -0.004 -27"><span class='ocrx_word' id='word_1_161' title='bbox 285 1726 384 1805; x_wconf 58' lang='grc' dir='ltr'>8ιᾷ</span> <span class='ocrx_word' id='word_1_162' title='bbox 413 1722 676 1805; x_wconf 85' lang='lat' dir='ltr'><strong>Cont_ulit,</strong></span> <span class='ocrx_word' id='word_1_163' title='bbox 699 1723 860 1775; x_wconf 82' lang='lat' dir='ltr'><strong>multa</strong></span> <span class='ocrx_word' id='word_1_164' title='bbox 883 1719 1042 1785; x_wconf 89' lang='lat' dir='ltr'><strong>bona;</strong></span> <span class='ocrx_word' id='word_1_165' title='bbox 1063 1733 1208 1772; x_wconf 86' lang='lat' dir='ltr'><strong>suam</strong></span> <span class='ocrx_word' id='word_1_166' title='bbox 1230 1717 1792 1771; x_wconf 65' lang='lat' dir='ltr'><strong>divinitatum—Matt-</strong></span> <span class='ocrx_word' id='word_1_167' title='bbox 1822 1722 1871 1781; x_wconf 78' lang='grc' dir='ltr'><strong>Β</strong></span> <span class='ocrx_word' id='word_1_168' title='bbox 1930 1801 1939 1805; x_wconf 24' lang='grc' dir='ltr'><strong>Δ</strong></span> <span class='ocrx_word' id='word_1_169' title='bbox 1965 1722 2055 1805; x_wconf 75' lang='grc'><strong>99.</strong></span> <span class='ocrx_word' id='word_1_170' title='bbox 2082 1722 2347 1805; x_wconf 66' lang='lat' dir='ltr'><strong>Gladium,</strong></span> <span class='ocrx_word' id='word_1_171' title='bbox 2372 1723 2574 1794; x_wconf 79' lang='lat' dir='ltr'><strong>gladius</strong></span> <span class='ocrx_word' id='word_1_172' title='bbox 2603 1726 2735 1778; x_wconf 88' lang='lat' dir='ltr'><strong>enim</strong></span> <span class='ocrx_word' id='word_1_173' title='bbox 2761 1724 2965 1778; x_wconf 86' lang='lat' dir='ltr'><strong>verbum</strong></span> <span class='ocrx_word' id='word_1_174' title='bbox 2997 1723 3090 1777; x_wconf 88' lang='lat' dir='ltr'><strong>Dei</strong></span> <span class='ocrx_word' id='word_1_175' title='bbox 3125 1734 3221 1789; x_wconf 90' lang='lat' dir='ltr'><strong>est,</strong></span> <span class='ocrx_word' id='word_1_176' title='bbox 3253 1732 3308 1775; x_wconf 85' lang='lat' dir='ltr'><strong>ut</strong></span> <span class='ocrx_word' id='word_1_177' title='bbox 3326 1718 3473 1805; x_wconf 65' lang='lat' dir='ltr'><strong>Aps.</strong></span> 
     </span>
    </p>
   </div>
   <div class='ocr_carea' id='block_1_31' title="bbox 224 1793 1084 1859">
    <p class='ocr_par' dir='ltr' id='par_1_31' title="bbox 224 1793 1084 1859">
     <span class='ocr_line' id='line_1_31' title="bbox 224 1793 1084 1859; baseline -0.002 -9"><span class='ocrx_word' id='word_1_178' title='bbox 224 1799 307 1859; x_wconf 90' lang='lat' dir='ltr'><strong>sit,</strong></span> <span class='ocrx_word' id='word_1_179' title='bbox 342 1794 502 1858; x_wconf 80' lang='lat' dir='ltr'><strong>Deus,</strong></span> <span class='ocrx_word' id='word_1_180' title='bbox 544 1793 584 1846; x_wconf 90' lang='lat' dir='ltr'><strong>l.</strong></span> <span class='ocrx_word' id='word_1_181' title='bbox 962 1858 969 1859; x_wconf 18' lang='grc' dir='ltr'>ί</span> <span class='ocrx_word' id='word_1_182' title='bbox 1020 1858 1025 1859; x_wconf 17' lang='grc' dir='ltr'>ί</span> <span class='ocrx_word' id='word_1_183' title='bbox 1078 1842 1084 1848; x_wconf 85' lang='grc'>.</span> 
     </span>
    </p>
   </div>
   <div class='ocr_carea' id='block_1_32' title="bbox 287 1857 1793 1922">
    <p class='ocr_par' dir='ltr' id='par_1_32' title="bbox 287 1857 1793 1922">
     <span class='ocr_line' id='line_1_32' title="bbox 287 1857 1793 1922; baseline -0.007 -2"><span class='ocrx_word' id='word_1_184' title='bbox 287 1865 376 1920; x_wconf 82' lang='lat'><strong>85.</strong></span> <span class='ocrx_word' id='word_1_185' title='bbox 422 1857 501 1917; x_wconf 64' lang='lat' dir='ltr'><strong>ex</strong></span> <span class='ocrx_word' id='word_1_186' title='bbox 548 1860 780 1922; x_wconf 88' lang='lat' dir='ltr'><strong>nostris,</strong></span> <span class='ocrx_word' id='word_1_187' title='bbox 822 1858 1291 1921; x_wconf 86' lang='lat' dir='ltr'><strong>membris.—Sua,</strong></span> <span class='ocrx_word' id='word_1_188' title='bbox 1333 1857 1448 1911; x_wconf 83' lang='lat' dir='ltr'><strong>ideo</strong></span> <span class='ocrx_word' id='word_1_189' title='bbox 1476 1866 1669 1910; x_wconf 72' lang='lat' dir='ltr'><strong>nostra:</strong></span> <span class='ocrx_word' id='word_1_190' title='bbox 1696 1858 1793 1910; x_wconf 80' lang='lat' dir='ltr'><strong>Itu-</strong></span> 
     </span>
    </p>
   </div>
   <div class='ocr_carea' id='block_1_33' title="bbox 228 1928 1793 1999">
    <p class='ocr_par' dir='ltr' id='par_1_33' title="bbox 228 1928 1793 1999">
     <span class='ocr_line' id='line_1_33' title="bbox 228 1928 1793 1999; baseline -0.005 -11"><span class='ocrx_word' id='word_1_191' title='bbox 228 1934 476 1989; x_wconf 80' lang='lat' dir='ltr'><strong>rttauitatis</strong></span> <span class='ocrx_word' id='word_1_192' title='bbox 520 1936 684 1999; x_wconf 81' lang='lat' dir='ltr'><strong>factus</strong></span> <span class='ocrx_word' id='word_1_193' title='bbox 724 1940 796 1983; x_wconf 88' lang='lat' dir='ltr'><strong>est</strong></span> <span class='ocrx_word' id='word_1_194' title='bbox 835 1929 1085 1999; x_wconf 76' lang='lat' dir='ltr'><strong>particeps</strong></span> <span class='ocrx_word' id='word_1_195' title='bbox 1109 1968 1124 1992; x_wconf 95' lang='lat'><strong>,</strong></span> <span class='ocrx_word' id='word_1_196' title='bbox 1166 1940 1220 1981; x_wconf 87' lang='lat' dir='ltr'><strong>ut</strong></span> <span class='ocrx_word' id='word_1_197' title='bbox 1245 1942 1337 1981; x_wconf 86' lang='lat' dir='ltr'><strong>nos</strong></span> <span class='ocrx_word' id='word_1_198' title='bbox 1373 1942 1481 1980; x_wconf 73' lang='lat' dir='ltr'><strong>sua:</strong></span> <span class='ocrx_word' id='word_1_199' title='bbox 1509 1928 1793 1980; x_wconf 77' lang='lat' dir='ltr'><strong>divinitatis</strong></span> 
     </span>
    </p>
   </div>
   <div class='ocr_carea' id='block_1_34' title="bbox 229 2002 795 2074">
    <p class='ocr_par' dir='ltr' id='par_1_34' title="bbox 229 2002 795 2074">
     <span class='ocr_line' id='line_1_34' title="bbox 229 2002 795 2074; baseline -0.004 -20"><span class='ocrx_word' id='word_1_200' title='bbox 229 2005 492 2074; x_wconf 61' lang='lat' dir='ltr'><strong>participes</strong></span> <span class='ocrx_word' id='word_1_201' title='bbox 519 2003 726 2074; x_wconf 73' lang='lat' dir='ltr'><strong>faceret,</strong></span> <span class='ocrx_word' id='word_1_202' title='bbox 757 2002 795 2053; x_wconf 86' lang='grc' dir='ltr'><strong>Ι.</strong></span> 
     </span>
    </p>
   </div>
   <div class='ocr_carea' id='block_1_35' title="bbox 290 2064 1796 2139">
    <p class='ocr_par' dir='ltr' id='par_1_35' title="bbox 290 2064 1796 2139">
     <span class='ocr_line' id='line_1_35' title="bbox 290 2064 1796 2139; baseline -0.006 -11"><span class='ocrx_word' id='word_1_203' title='bbox 290 2075 377 2129; x_wconf 81' lang='grc'><strong>87.</strong></span> <span class='ocrx_word' id='word_1_204' title='bbox 403 2064 596 2134; x_wconf 45' lang='lat' dir='ltr'><strong>&quot;Dona,</strong></span> <span class='ocrx_word' id='word_1_205' title='bbox 616 2071 736 2139; x_wconf 87' lang='lat' dir='ltr'><strong>quia</strong></span> <span class='ocrx_word' id='word_1_206' title='bbox 754 2083 897 2139; x_wconf 83' lang='lat' dir='ltr'><strong>nemo</strong></span> <span class='ocrx_word' id='word_1_207' title='bbox 916 2076 1073 2139; x_wconf 85' lang='lat' dir='ltr'><strong>potest</strong></span> <span class='ocrx_word' id='word_1_208' title='bbox 1094 2083 1200 2122; x_wconf 83' lang='lat' dir='ltr'><strong>esse</strong></span> <span class='ocrx_word' id='word_1_209' title='bbox 1220 2065 1482 2139; x_wconf 79' lang='lat' dir='ltr'><strong>continens</strong></span> <span class='ocrx_word' id='word_1_210' title='bbox 1500 2106 1514 2130; x_wconf 92' lang='lat'><strong>,</strong></span> <span class='ocrx_word' id='word_1_211' title='bbox 1538 2066 1635 2118; x_wconf 86' lang='lat' dir='ltr'><strong>nisi</strong></span> <span class='ocrx_word' id='word_1_212' title='bbox 1647 2064 1796 2139; x_wconf 68' lang='lat' dir='ltr'><strong>prus</strong></span> 
     </span>
    </p>
   </div>
   <div class='ocr_carea' id='block_1_36' title="bbox 228 2134 1784 2207">
    <p class='ocr_par' dir='ltr' id='par_1_36' title="bbox 228 2134 1784 2207">
     <span class='ocr_line' id='line_1_36' title="bbox 228 2134 1784 2207; baseline -0.006 -10"><span class='ocrx_word' id='word_1_213' title='bbox 228 2134 713 2204; x_wconf 74' lang='lat' dir='ltr'><strong>det.~—-Lutn|enta,</strong></span> <span class='ocrx_word' id='word_1_214' title='bbox 744 2134 941 2207; x_wconf 83' lang='lat' dir='ltr'><strong>polluta</strong></span> <span class='ocrx_word' id='word_1_215' title='bbox 964 2152 983 2190; x_wconf 90' lang='lat'><strong><em>:</em></strong></span> <span class='ocrx_word' id='word_1_216' title='bbox 1011 2138 1170 2191; x_wconf 79' lang='lat' dir='ltr'><strong>libido</strong></span> <span class='ocrx_word' id='word_1_217' title='bbox 1206 2152 1401 2206; x_wconf 68' lang='lat' dir='ltr'><strong>seraper</strong></span> <span class='ocrx_word' id='word_1_218' title='bbox 1425 2134 1784 2199; x_wconf 80' lang='lat' dir='ltr'><strong>immunditiis,</strong></span> 
     </span>
    </p>
   </div>
   <div class='ocr_carea' id='block_1_37' title="bbox 229 2208 935 2274">
    <p class='ocr_par' dir='ltr' id='par_1_37' title="bbox 229 2208 935 2274">
     <span class='ocr_line' id='line_1_37' title="bbox 229 2208 935 2274; baseline -0.01 -8"><span class='ocrx_word' id='word_1_219' title='bbox 229 2229 284 2266; x_wconf 88' lang='lat' dir='ltr'><strong>ac</strong></span> <span class='ocrx_word' id='word_1_220' title='bbox 308 2212 545 2266; x_wconf 76' lang='lat' dir='ltr'><strong>sordibus</strong></span> <span class='ocrx_word' id='word_1_221' title='bbox 566 2210 867 2274; x_wconf 76' lang='lat' dir='ltr'><strong>delectatur,</strong></span> <span class='ocrx_word' id='word_1_222' title='bbox 897 2208 935 2260; x_wconf 93' lang='grc' dir='ltr'><strong>Ι.</strong></span> 
     </span>
    </p>
   </div>
   <div class='ocr_carea' id='block_1_38' title="bbox 291 2274 1799 2347">
    <p class='ocr_par' dir='ltr' id='par_1_38' title="bbox 291 2274 1799 2347">
     <span class='ocr_line' id='line_1_38' title="bbox 291 2274 1799 2347; baseline -0.007 -11"><span class='ocrx_word' id='word_1_223' title='bbox 291 2283 381 2336; x_wconf 91' lang='grc'><strong>90.</strong></span> <span class='ocrx_word' id='word_1_224' title='bbox 404 2282 664 2347; x_wconf 84' lang='lat' dir='ltr'><strong>Corpora,</strong></span> <span class='ocrx_word' id='word_1_225' title='bbox 700 2278 980 2332; x_wconf 84' lang='lat' dir='ltr'><strong>secundum</strong></span> <span class='ocrx_word' id='word_1_226' title='bbox 1006 2278 1303 2344; x_wconf 83' lang='lat' dir='ltr'><strong>Apostolnm</strong></span> <span class='ocrx_word' id='word_1_227' title='bbox 1330 2293 1345 2329; x_wconf 88' lang='lat'><em>:</em></span> <span class='ocrx_word' id='word_1_228' title='bbox 1370 2274 1564 2329; x_wconf 72' lang='lat' dir='ltr'><strong>Cretera</strong></span> <span class='ocrx_word' id='word_1_229' title='bbox 1593 2285 1799 2344; x_wconf 84' lang='lat' dir='ltr'><strong>peccata</strong></span> 
     </span>
    </p>
   </div>
   <div class='ocr_carea' id='block_1_39' title="bbox 231 2347 1799 2418">
    <p class='ocr_par' dir='ltr' id='par_1_39' title="bbox 231 2347 1799 2418">
     <span class='ocr_line' id='line_1_39' title="bbox 231 2347 1799 2418; baseline -0.006 -13"><span class='ocrx_word' id='word_1_230' title='bbox 231 2364 365 2406; x_wconf 69' lang='lat' dir='ltr'><strong>extra</strong></span> <span class='ocrx_word' id='word_1_231' title='bbox 392 2366 576 2418; x_wconf 85' lang='lat' dir='ltr'><strong>corpus</strong></span> <span class='ocrx_word' id='word_1_232' title='bbox 600 2358 716 2401; x_wconf 87' lang='lat' dir='ltr'><strong>sunt</strong></span> <span class='ocrx_word' id='word_1_233' title='bbox 757 2363 776 2401; x_wconf 91' lang='lat'><strong><em>:</em></strong></span> <span class='ocrx_word' id='word_1_234' title='bbox 813 2347 908 2400; x_wconf 85' lang='lat' dir='ltr'><strong>Itoc</strong></span> <span class='ocrx_word' id='word_1_235' title='bbox 936 2359 1101 2400; x_wconf 63' lang='lat' dir='ltr'><strong>autem</strong></span> <span class='ocrx_word' id='word_1_236' title='bbox 1129 2349 1238 2417; x_wconf 85' lang='lat' dir='ltr'><strong>ipsa</strong></span> <span class='ocrx_word' id='word_1_237' title='bbox 1264 2361 1477 2412; x_wconf 83' lang='lat' dir='ltr'><strong>corpora</strong></span> <span class='ocrx_word' id='word_1_238' title='bbox 1506 2360 1799 2398; x_wconf 84' lang='lat' dir='ltr'><strong>commacu-</strong></span> 
     </span>
    </p>
   </div>
   <div class='ocr_carea' id='block_1_40' title="bbox 231 2418 790 2485">
    <p class='ocr_par' dir='ltr' id='par_1_40' title="bbox 231 2418 790 2485">
     <span class='ocr_line' id='line_1_40' title="bbox 231 2418 790 2485; baseline -0.009 -10"><span class='ocrx_word' id='word_1_239' title='bbox 231 2427 316 2481; x_wconf 87' lang='lat' dir='ltr'><strong>lat,</strong></span> <span class='ocrx_word' id='word_1_240' title='bbox 348 2431 394 2474; x_wconf 88' lang='lat' dir='ltr'><strong>et</strong></span> <span class='ocrx_word' id='word_1_241' title='bbox 420 2420 722 2485; x_wconf 71' lang='lat' dir='ltr'><strong>corrumpit,</strong></span> <span class='ocrx_word' id='word_1_242' title='bbox 752 2418 790 2471; x_wconf 89' lang='grc' dir='ltr'><strong>ι.</strong></span> 
     </span>
    </p>
   </div>
   <div class='ocr_carea' id='block_1_41' title="bbox 293 2484 1447 2555">
    <p class='ocr_par' dir='ltr' id='par_1_41' title="bbox 293 2484 1447 2555">
     <span class='ocr_line' id='line_1_41' title="bbox 293 2484 1447 2555; baseline -0.007 -11"><span class='ocrx_word' id='word_1_243' title='bbox 293 2494 383 2545; x_wconf 88' lang='grc'><strong>91.</strong></span> <span class='ocrx_word' id='word_1_244' title='bbox 408 2490 580 2548; x_wconf 82' lang='lat' dir='ltr'><strong>Abde,</strong></span> <span class='ocrx_word' id='word_1_245' title='bbox 612 2488 952 2541; x_wconf 85' lang='lat' dir='ltr'><strong>absconde.—</strong></span> <span class='ocrx_word' id='word_1_246' title='bbox 978 2484 1215 2555; x_wconf 77' lang='lat' dir='ltr'><strong>Frig&#39;da,</strong></span> <span class='ocrx_word' id='word_1_247' title='bbox 1244 2487 1393 2550; x_wconf 85' lang='lat' dir='ltr'><strong>victa,</strong></span> <span class='ocrx_word' id='word_1_248' title='bbox 1411 2485 1447 2537; x_wconf 93' lang='lat' dir='ltr'><strong>l.</strong></span> 
     </span>
    </p>
   </div>
   <div class='ocr_carea' id='block_1_42' title="bbox 292 2557 1065 2622">
    <p class='ocr_par' dir='ltr' id='par_1_42' title="bbox 292 2557 1065 2622">
     <span class='ocr_line' id='line_1_42' title="bbox 292 2557 1065 2622; baseline -0.008 -9"><span class='ocrx_word' id='word_1_249' title='bbox 292 2561 380 2613; x_wconf 73' lang='lat'><strong>92.</strong></span> <span class='ocrx_word' id='word_1_250' title='bbox 402 2558 679 2622; x_wconf 77' lang='lat' dir='ltr'><strong>Clauderc,</strong></span> <span class='ocrx_word' id='word_1_251' title='bbox 709 2559 883 2611; x_wconf 77' lang='lat' dir='ltr'><strong>clausa</strong></span> <span class='ocrx_word' id='word_1_252' title='bbox 910 2558 998 2622; x_wconf 87' lang='lat' dir='ltr'><strong>sis,</strong></span> <span class='ocrx_word' id='word_1_253' title='bbox 1029 2557 1065 2610; x_wconf 92' lang='lat' dir='ltr'><strong>I.</strong></span> 
     </span>
    </p>
   </div>
   <div class='ocr_carea' id='block_1_43' title="bbox 292 2623 1795 2693">
    <p class='ocr_par' dir='ltr' id='par_1_43' title="bbox 292 2623 1795 2693">
     <span class='ocr_line' id='line_1_43' title="bbox 292 2623 1795 2693; baseline -0.005 -9"><span class='ocrx_word' id='word_1_254' title='bbox 292 2631 379 2684; x_wconf 80' lang='grc'><strong>95.</strong></span> <span class='ocrx_word' id='word_1_255' title='bbox 407 2631 718 2693; x_wconf 87' lang='lat' dir='ltr'><strong>Detrudere,</strong></span> <span class='ocrx_word' id='word_1_256' title='bbox 753 2627 957 2680; x_wconf 72' lang='lat' dir='ltr'><strong>detrusa</strong></span> <span class='ocrx_word' id='word_1_257' title='bbox 981 2627 1142 2680; x_wconf 85' lang='lat' dir='ltr'><strong>sis.-—</strong></span> <span class='ocrx_word' id='word_1_258' title='bbox 1166 2624 1424 2690; x_wconf 83' lang='lat' dir='ltr'><strong>Fundum,</strong></span> <span class='ocrx_word' id='word_1_259' title='bbox 1458 2634 1731 2690; x_wconf 86' lang='lat' dir='ltr'><strong>tartarum,</strong></span> <span class='ocrx_word' id='word_1_260' title='bbox 1754 2623 1795 2677; x_wconf 92' lang='grc' dir='ltr'><strong>Ι.</strong></span> 
     </span>
    </p>
   </div>
   <div class='ocr_carea' id='block_1_44' title="bbox 294 2695 1804 2763">
    <p class='ocr_par' dir='ltr' id='par_1_44' title="bbox 294 2695 1804 2763">
     <span class='ocr_line' id='line_1_44' title="bbox 294 2695 1804 2763; baseline -0.004 -10"><span class='ocrx_word' id='word_1_261' title='bbox 294 2700 381 2753; x_wconf 72' lang='grc'><strong>94.</strong></span> <span class='ocrx_word' id='word_1_262' title='bbox 406 2698 550 2752; x_wconf 83' lang='lat' dir='ltr'><strong>Vada</strong></span> <span class='ocrx_word' id='word_1_263' title='bbox 598 2698 841 2750; x_wconf 83' lang='lat' dir='ltr'><strong>ﬂammea</strong></span> <span class='ocrx_word' id='word_1_264' title='bbox 865 2739 879 2761; x_wconf 80' lang='lat'><strong>,</strong></span> <span class='ocrx_word' id='word_1_265' title='bbox 931 2698 1113 2750; x_wconf 84' lang='lat' dir='ltr'><strong>merito</strong></span> <span class='ocrx_word' id='word_1_266' title='bbox 1153 2695 1399 2763; x_wconf 85' lang='lat' dir='ltr'><strong>sulphure</strong></span> <span class='ocrx_word' id='word_1_267' title='bbox 1439 2703 1722 2763; x_wconf 78' lang='lat' dir='ltr'><strong>torquetur,</strong></span> <span class='ocrx_word' id='word_1_268' title='bbox 1753 2703 1804 2747; x_wconf 85' lang='lat' dir='ltr'><strong>et</strong></span> 
     </span>
    </p>
   </div>
   <div class='ocr_carea' id='block_1_45' title="bbox 233 2762 1687 2839">
    <p class='ocr_par' dir='ltr' id='par_1_45' title="bbox 233 2762 1687 2839">
     <span class='ocr_line' id='line_1_45' title="bbox 233 2762 1687 2839; baseline -0.004 -18"><span class='ocrx_word' id='word_1_269' title='bbox 233 2771 458 2839; x_wconf 81' lang='lat' dir='ltr'><strong>igne,qui</strong></span> <span class='ocrx_word' id='word_1_270' title='bbox 485 2770 689 2839; x_wconf 85' lang='lat' dir='ltr'><strong>calores</strong></span> <span class='ocrx_word' id='word_1_271' title='bbox 707 2768 790 2818; x_wconf 78' lang='lat' dir='ltr'><strong>llic</strong></span> <span class='ocrx_word' id='word_1_272' title='bbox 811 2766 1019 2839; x_wconf 63' lang='lat' dir='ltr'><strong>Italidas,</strong></span> <span class='ocrx_word' id='word_1_273' title='bbox 1040 2768 1259 2836; x_wconf 76' lang='lat' dir='ltr'><strong>neglexit</strong></span> <span class='ocrx_word' id='word_1_274' title='bbox 1284 2774 1617 2830; x_wconf 79' lang='lat' dir='ltr'><strong>contemnere,</strong></span> <span class='ocrx_word' id='word_1_275' title='bbox 1646 2762 1687 2816; x_wconf 93' lang='lat' dir='ltr'><strong>l.</strong></span> 
     </span>
    </p>
   </div>
   <div class='ocr_carea' id='block_1_46' title="bbox 291 2836 861 2901">
    <p class='ocr_par' dir='ltr' id='par_1_46' title="bbox 291 2836 861 2901">
     <span class='ocr_line' id='line_1_46' title="bbox 291 2836 861 2901; baseline 0.002 -13"><span class='ocrx_word' id='word_1_276' title='bbox 291 2836 389 2892; x_wconf 16' lang='lat'><strong>95.7</strong></span> <span class='ocrx_word' id='word_1_277' title='bbox 406 2838 578 2901; x_wconf 82' lang='lat' dir='ltr'><strong>Rotet,</strong></span> <span class='ocrx_word' id='word_1_278' title='bbox 608 2838 795 2898; x_wconf 75' lang='lat' dir='ltr'><strong>volvat,</strong></span> <span class='ocrx_word' id='word_1_279' title='bbox 821 2836 861 2889; x_wconf 92' lang='grc' dir='ltr'><strong>Ι.</strong></span> 
     </span>
    </p>
   </div>
   <div class='ocr_carea' id='block_1_47' title="bbox 293 2904 1341 2976">
    <p class='ocr_par' dir='ltr' id='par_1_47' title="bbox 293 2904 1341 2976">
     <span class='ocr_line' id='line_1_47' title="bbox 293 2904 1341 2976; baseline -0.005 -15"><span class='ocrx_word' id='word_1_280' title='bbox 293 2909 378 2963; x_wconf 88' lang='grc'><strong>97.</strong></span> <span class='ocrx_word' id='word_1_281' title='bbox 401 2907 531 2973; x_wconf 83' lang='lat' dir='ltr'><strong>Suo,</strong></span> <span class='ocrx_word' id='word_1_282' title='bbox 556 2909 855 2976; x_wconf 81' lang='lat' dir='ltr'><strong>pmprio.—</strong></span> <span class='ocrx_word' id='word_1_283' title='bbox 877 2904 1026 2974; x_wconf 78' lang='lat' dir='ltr'><strong>Regi,</strong></span> <span class='ocrx_word' id='word_1_284' title='bbox 1051 2904 1269 2972; x_wconf 71' lang='lat' dir='ltr'><strong>Christo,</strong></span> <span class='ocrx_word' id='word_1_285' title='bbox 1302 2904 1341 2956; x_wconf 93' lang='grc'>1.</span> 
     </span>
    </p>
   </div>
   <div class='ocr_carea' id='block_1_48' title="bbox 1894 1792 2166 1857">
    <p class='ocr_par' dir='ltr' id='par_1_48' title="bbox 1894 1792 2166 1857">
     <span class='ocr_line' id='line_1_48' title="bbox 1894 1792 2166 1857; baseline 0.004 -11"><span class='ocrx_word' id='word_1_286' title='bbox 1894 1794 2053 1846; x_wconf 74' lang='lat' dir='ltr'><strong>stolas</strong></span> <span class='ocrx_word' id='word_1_287' title='bbox 2077 1833 2093 1857; x_wconf 96' lang='lat'><strong>,</strong></span> <span class='ocrx_word' id='word_1_288' title='bbox 2124 1792 2166 1847; x_wconf 89' lang='grc' dir='ltr'><strong>Ι.</strong></span> 
     </span>
    </p>
   </div>
   <div class='ocr_carea' id='block_1_49' title="bbox 1970 1861 3473 1931">
    <p class='ocr_par' dir='ltr' id='par_1_49' title="bbox 1970 1861 3473 1931">
     <span class='ocr_line' id='line_1_49' title="bbox 1970 1861 3473 1931; baseline -0.001 -15"><span class='ocrx_word' id='word_1_289' title='bbox 1970 1863 2094 1917; x_wconf 87' lang='grc'>100.</span> <span class='ocrx_word' id='word_1_290' title='bbox 2116 1862 2317 1927; x_wconf 84' lang='lat' dir='ltr'><strong>Abluit,</strong></span> <span class='ocrx_word' id='word_1_291' title='bbox 2352 1862 2697 1931; x_wconf 72' lang='lat' dir='ltr'><strong>pmnitentiam</strong></span> <span class='ocrx_word' id='word_1_292' title='bbox 2726 1879 2974 1931; x_wconf 87' lang='lat' dir='ltr'><strong>agens.—</strong></span> <span class='ocrx_word' id='word_1_293' title='bbox 2992 1861 3271 1926; x_wconf 82' lang='lat' dir='ltr'><strong>Infectum,</strong></span> <span class='ocrx_word' id='word_1_294' title='bbox 3299 1878 3473 1915; x_wconf 88' lang='lat' dir='ltr'><strong>macu-</strong></span> 
     </span>
    </p>
   </div>
   <div class='ocr_carea' id='block_1_50' title="bbox 1897 1932 3474 2000">
    <p class='ocr_par' dir='ltr' id='par_1_50' title="bbox 1897 1932 3474 2000">
     <span class='ocr_line' id='line_1_50' title="bbox 1897 1932 3474 2000; baseline -0.001 -15"><span class='ocrx_word' id='word_1_295' title='bbox 1897 1932 2075 1985; x_wconf 89' lang='lat' dir='ltr'><strong>latum.</strong></span> <span class='ocrx_word' id='word_1_296' title='bbox 2099 1932 2389 1998; x_wconf 86' lang='lat' dir='ltr'><strong>—Sanies,</strong></span> <span class='ocrx_word' id='word_1_297' title='bbox 2417 1932 2726 2000; x_wconf 83' lang='lat' dir='ltr'><strong>impossibile</strong></span> <span class='ocrx_word' id='word_1_298' title='bbox 2759 1942 2832 1985; x_wconf 89' lang='lat' dir='ltr'><strong>est</strong></span> <span class='ocrx_word' id='word_1_299' title='bbox 2862 1941 2915 1984; x_wconf 88' lang='lat' dir='ltr'><strong>ut</strong></span> <span class='ocrx_word' id='word_1_300' title='bbox 2956 1933 3228 1984; x_wconf 82' lang='lat' dir='ltr'><strong>humanam</strong></span> <span class='ocrx_word' id='word_1_301' title='bbox 3256 1942 3474 1984; x_wconf 84' lang='lat' dir='ltr'><strong>mentem</strong></span> 
     </span>
    </p>
   </div>
   <div class='ocr_carea' id='block_1_51' title="bbox 1898 2000 3475 2074">
    <p class='ocr_par' dir='ltr' id='par_1_51' title="bbox 1898 2000 3475 2074">
     <span class='ocr_line' id='line_1_51' title="bbox 1898 2000 3475 2074; baseline -0.001 -20"><span class='ocrx_word' id='word_1_302' title='bbox 1898 2018 2094 2074; x_wconf 77' lang='lat' dir='ltr'><strong>carnea</strong></span> <span class='ocrx_word' id='word_1_303' title='bbox 2116 2002 2371 2074; x_wconf 83' lang='lat' dir='ltr'><strong>fragilitas</strong></span> <span class='ocrx_word' id='word_1_304' title='bbox 2413 2017 2513 2074; x_wconf 86' lang='lat' dir='ltr'><strong>non</strong></span> <span class='ocrx_word' id='word_1_305' title='bbox 2555 2003 2818 2074; x_wconf 81' lang='lat' dir='ltr'><strong>obscuret;</strong></span> <span class='ocrx_word' id='word_1_306' title='bbox 2855 2003 2942 2074; x_wconf 81' lang='lat' dir='ltr'><strong>sed</strong></span> <span class='ocrx_word' id='word_1_307' title='bbox 2964 2003 3088 2074; x_wconf 64' lang='lat' dir='ltr'><strong>inde</strong></span> <span class='ocrx_word' id='word_1_308' title='bbox 3119 2010 3230 2074; x_wconf 83' lang='lat' dir='ltr'><strong>post</strong></span> <span class='ocrx_word' id='word_1_309' title='bbox 3259 2000 3475 2053; x_wconf 80' lang='lat' dir='ltr'><strong>solidius</strong></span> 
     </span>
    </p>
   </div>
   <div class='ocr_carea' id='block_1_52' title="bbox 1898 2071 3477 2142">
    <p class='ocr_par' dir='ltr' id='par_1_52' title="bbox 1898 2071 3477 2142">
     <span class='ocr_line' id='line_1_52' title="bbox 1898 2071 3477 2142; baseline -0.001 -17"><span class='ocrx_word' id='word_1_310' title='bbox 1898 2073 2116 2142; x_wconf 86' lang='lat' dir='ltr'><strong>assurgit</strong></span> <span class='ocrx_word' id='word_1_311' title='bbox 2143 2071 2217 2125; x_wconf 49' lang='lat' dir='ltr'><strong>in&#39;</strong></span> <span class='ocrx_word' id='word_1_312' title='bbox 2236 2071 2735 2142; x_wconf 84' lang='lat' dir='ltr'><strong>contemplationem,</strong></span> <span class='ocrx_word' id='word_1_313' title='bbox 2766 2087 2863 2140; x_wconf 88' lang='lat' dir='ltr'><strong>quo</strong></span> <span class='ocrx_word' id='word_1_314' title='bbox 2886 2072 3198 2142; x_wconf 58' lang='lat' dir='ltr'><strong>inﬁrmitatis</strong></span> <span class='ocrx_word' id='word_1_315' title='bbox 3222 2086 3328 2124; x_wconf 67' lang='lat' dir='ltr'><strong>suae</strong></span> <span class='ocrx_word' id='word_1_316' title='bbox 3368 2087 3477 2123; x_wconf 88' lang='lat' dir='ltr'><strong>me-</strong></span> 
     </span>
    </p>
   </div>
   <div class='ocr_carea' id='block_1_53' title="bbox 1896 2139 3471 2211">
    <p class='ocr_par' dir='ltr' id='par_1_53' title="bbox 1896 2139 3471 2211">
     <span class='ocr_line' id='line_1_53' title="bbox 1896 2139 3471 2211; baseline -0.003 -16"><span class='ocrx_word' id='word_1_317' title='bbox 1896 2157 2008 2195; x_wconf 87' lang='lat' dir='ltr'><strong>mor</strong></span> <span class='ocrx_word' id='word_1_318' title='bbox 2033 2139 2295 2211; x_wconf 77' lang='lat' dir='ltr'><strong>tiunguam</strong></span> <span class='ocrx_word' id='word_1_319' title='bbox 2324 2142 2536 2209; x_wconf 82' lang='lat' dir='ltr'><strong>inﬂatur</strong></span> <span class='ocrx_word' id='word_1_320' title='bbox 2562 2155 2626 2194; x_wconf 68' lang='grc' dir='ltr'><strong>ετ</strong></span> <span class='ocrx_word' id='word_1_321' title='bbox 2649 2141 2781 2195; x_wconf 87' lang='lat' dir='ltr'><strong>bona</strong></span> <span class='ocrx_word' id='word_1_322' title='bbox 2807 2156 3054 2211; x_wconf 88' lang='lat' dir='ltr'><strong>opere.—</strong></span> <span class='ocrx_word' id='word_1_323' title='bbox 3068 2139 3212 2195; x_wconf 75' lang='lat' dir='ltr'><strong>Bore</strong></span> <span class='ocrx_word' id='word_1_324' title='bbox 3240 2141 3471 2205; x_wconf 85' lang='lat' dir='ltr'><strong>rubenti,</strong></span> 
     </span>
    </p>
   </div>
   <div class='ocr_carea' id='block_1_54' title="bbox 1899 2212 2405 2280">
    <p class='ocr_par' dir='ltr' id='par_1_54' title="bbox 1899 2212 2405 2280">
     <span class='ocr_line' id='line_1_54' title="bbox 1899 2212 2405 2280; baseline 0 -17"><span class='ocrx_word' id='word_1_325' title='bbox 1899 2214 2144 2280; x_wconf 84' lang='lat' dir='ltr'><strong>sanguine</strong></span> <span class='ocrx_word' id='word_1_326' title='bbox 2171 2212 2343 2277; x_wconf 87' lang='lat' dir='ltr'><strong>rubro,</strong></span> <span class='ocrx_word' id='word_1_327' title='bbox 2370 2213 2405 2265; x_wconf 94' lang='lat' dir='ltr'><strong>I.</strong></span> 
     </span>
    </p>
   </div>
   <div class='ocr_carea' id='block_1_55' title="bbox 1974 2279 2844 2348">
    <p class='ocr_par' dir='ltr' id='par_1_55' title="bbox 1974 2279 2844 2348">
     <span class='ocr_line' id='line_1_55' title="bbox 1974 2279 2844 2348; baseline -0.005 -12"><span class='ocrx_word' id='word_1_328' title='bbox 1974 2279 2097 2339; x_wconf 88' lang='grc'>101.</span> <span class='ocrx_word' id='word_1_329' title='bbox 2122 2282 2379 2346; x_wconf 84' lang='lat' dir='ltr'><strong>Nitidum,</strong></span> <span class='ocrx_word' id='word_1_330' title='bbox 2408 2279 2779 2348; x_wconf 87' lang='lat' dir='ltr'><strong>splendentem,</strong></span> <span class='ocrx_word' id='word_1_331' title='bbox 2804 2279 2844 2332; x_wconf 96' lang='lat' dir='ltr'><strong>l.</strong></span> 
     </span>
    </p>
   </div>
   <div class='ocr_carea' id='block_1_56' title="bbox 1982 2348 3477 2419">
    <p class='ocr_par' dir='ltr' id='par_1_56' title="bbox 1982 2348 3477 2419">
     <span class='ocr_line' id='line_1_56' title="bbox 1982 2348 3477 2419; baseline -0.003 -14"><span class='ocrx_word' id='word_1_332' title='bbox 1982 2352 2100 2407; x_wconf 70' lang='grc'>102.</span> <span class='ocrx_word' id='word_1_333' title='bbox 2127 2353 2205 2406; x_wconf 78' lang='lat' dir='ltr'><strong>Ex</strong></span> <span class='ocrx_word' id='word_1_334' title='bbox 2217 2353 2345 2418; x_wconf 89' lang='lat' dir='ltr'><strong>piat,</strong></span> <span class='ocrx_word' id='word_1_335' title='bbox 2365 2351 2600 2405; x_wconf 85' lang='lat' dir='ltr'><strong>mundat.</strong></span> <span class='ocrx_word' id='word_1_336' title='bbox 2622 2349 2909 2410; x_wconf 86' lang='lat' dir='ltr'><strong>—Aciem.</strong></span> <span class='ocrx_word' id='word_1_337' title='bbox 2932 2348 3071 2417; x_wconf 92' lang='lat' dir='ltr'><strong>ipsas</strong></span> <span class='ocrx_word' id='word_1_338' title='bbox 3101 2348 3349 2419; x_wconf 84' lang='lat' dir='ltr'><strong>siquidem</strong></span> <span class='ocrx_word' id='word_1_339' title='bbox 3377 2365 3477 2401; x_wconf 82' lang='lat' dir='ltr'><strong>rna-</strong></span> 
     </span>
    </p>
   </div>
   <div class='ocr_carea' id='block_1_57' title="bbox 1907 2419 3476 2492">
    <p class='ocr_par' dir='ltr' id='par_1_57' title="bbox 1907 2419 3476 2492">
     <span class='ocr_line' id='line_1_57' title="bbox 1907 2419 3476 2492; baseline -0.002 -18"><span class='ocrx_word' id='word_1_340' title='bbox 1907 2421 2047 2475; x_wconf 89' lang='lat' dir='ltr'><strong>culas</strong></span> <span class='ocrx_word' id='word_1_341' title='bbox 2072 2423 2390 2492; x_wconf 86' lang='lat' dir='ltr'><strong>cogitationis</strong></span> <span class='ocrx_word' id='word_1_342' title='bbox 2419 2420 2620 2492; x_wconf 80' lang='lat' dir='ltr'><strong>ﬂetibus</strong></span> <span class='ocrx_word' id='word_1_343' title='bbox 2644 2420 2804 2473; x_wconf 89' lang='lat' dir='ltr'><strong>abluit</strong></span> <span class='ocrx_word' id='word_1_344' title='bbox 2830 2420 2929 2489; x_wconf 74' lang='lat' dir='ltr'><strong>piat</strong></span> <span class='ocrx_word' id='word_1_345' title='bbox 2964 2419 3385 2490; x_wconf 82' lang='lat' dir='ltr'><strong>contpunctionis.</strong></span> <span class='ocrx_word' id='word_1_346' title='bbox 3406 2444 3476 2461; x_wconf 90' lang='lat'><em>--</em></span> 
     </span>
    </p>
   </div>
   <div class='ocr_carea' id='block_1_58' title="bbox 1911 2491 2535 2556">
    <p class='ocr_par' dir='ltr' id='par_1_58' title="bbox 1911 2491 2535 2556">
     <span class='ocr_line' id='line_1_58' title="bbox 1911 2491 2535 2556; baseline 0 -11"><span class='ocrx_word' id='word_1_347' title='bbox 1911 2491 2164 2555; x_wconf 83' lang='lat' dir='ltr'><strong>Lavacro,</strong></span> <span class='ocrx_word' id='word_1_348' title='bbox 2193 2492 2459 2556; x_wconf 82' lang='lat' dir='ltr'><strong>baptismo,</strong></span> <span class='ocrx_word' id='word_1_349' title='bbox 2493 2491 2535 2545; x_wconf 94' lang='grc'>1.</span> 
     </span>
    </p>
   </div>
   <div class='ocr_carea' id='block_1_59' title="bbox 1981 2559 2678 2626">
    <p class='ocr_par' dir='ltr' id='par_1_59' title="bbox 1981 2559 2678 2626">
     <span class='ocr_line' id='line_1_59' title="bbox 1981 2559 2678 2626; baseline -0.001 -10"><span class='ocrx_word' id='word_1_350' title='bbox 1981 2561 2104 2616; x_wconf 76' lang='grc'>105.</span> <span class='ocrx_word' id='word_1_351' title='bbox 2126 2561 2383 2624; x_wconf 86' lang='lat' dir='ltr'><strong>Abolens,</strong></span> <span class='ocrx_word' id='word_1_352' title='bbox 2409 2561 2603 2626; x_wconf 71' lang='lat' dir='ltr'><strong>latrans,</strong></span> <span class='ocrx_word' id='word_1_353' title='bbox 2638 2559 2678 2615; x_wconf 92' lang='grc' dir='ltr'><strong>Ι.</strong></span> 
     </span>
    </p>
   </div>
   <div class='ocr_carea' id='block_1_60' title="bbox 1982 2629 3089 2700">
    <p class='ocr_par' dir='ltr' id='par_1_60' title="bbox 1982 2629 3089 2700">
     <span class='ocr_line' id='line_1_60' title="bbox 1982 2629 3089 2700; baseline -0.004 -13"><span class='ocrx_word' id='word_1_354' title='bbox 1982 2632 2104 2687; x_wconf 73' lang='grc'>104.</span> <span class='ocrx_word' id='word_1_355' title='bbox 2128 2633 2345 2686; x_wconf 81' lang='lat' dir='ltr'><strong>Hostilis</strong></span> <span class='ocrx_word' id='word_1_356' title='bbox 2370 2630 2558 2700; x_wconf 74' lang='lat' dir='ltr'><strong>juguli,</strong></span> <span class='ocrx_word' id='word_1_357' title='bbox 2580 2629 3022 2700; x_wconf 77' lang='lat' dir='ltr'><strong>concttpiscentite,</strong></span> <span class='ocrx_word' id='word_1_358' title='bbox 3048 2629 3089 2685; x_wconf 88' lang='grc'><strong>1.</strong></span> 
     </span>
    </p>
   </div>
   <div class='ocr_carea' id='block_1_61' title="bbox 1981 2698 3477 2767">
    <p class='ocr_par' dir='ltr' id='par_1_61' title="bbox 1981 2698 3477 2767">
     <span class='ocr_line' id='line_1_61' title="bbox 1981 2698 3477 2767; baseline -0.004 -11"><span class='ocrx_word' id='word_1_359' title='bbox 1981 2702 2102 2758; x_wconf 76' lang='grc'>105.</span> <span class='ocrx_word' id='word_1_360' title='bbox 2123 2701 2388 2763; x_wconf 86' lang='lat' dir='ltr'><strong>Condere,</strong></span> <span class='ocrx_word' id='word_1_361' title='bbox 2419 2698 2753 2764; x_wconf 76' lang='lat' dir='ltr'><strong>abscondere,</strong></span> <span class='ocrx_word' id='word_1_362' title='bbox 2783 2700 3106 2767; x_wconf 83' lang='lat' dir='ltr'><strong>intentionem</strong></span> <span class='ocrx_word' id='word_1_363' title='bbox 3133 2698 3323 2752; x_wconf 87' lang='lat' dir='ltr'><strong>scilicet</strong></span> <span class='ocrx_word' id='word_1_364' title='bbox 3353 2698 3477 2751; x_wconf 88' lang='lat' dir='ltr'><strong>casti</strong></span> 
     </span>
    </p>
   </div>
   <div class='ocr_carea' id='block_1_62' title="bbox 1907 2768 3476 2843">
    <p class='ocr_par' dir='ltr' id='par_1_62' title="bbox 1907 2768 3476 2843">
     <span class='ocr_line' id='line_1_62' title="bbox 1907 2768 3476 2843; baseline -0.004 -17"><span class='ocrx_word' id='word_1_365' title='bbox 1907 2773 2152 2843; x_wconf 82' lang='lat' dir='ltr'><strong>propositi</strong></span> <span class='ocrx_word' id='word_1_366' title='bbox 2177 2788 2278 2826; x_wconf 89' lang='lat' dir='ltr'><strong>non</strong></span> <span class='ocrx_word' id='word_1_367' title='bbox 2299 2772 2402 2824; x_wconf 88' lang='lat' dir='ltr'><strong>rult</strong></span> <span class='ocrx_word' id='word_1_368' title='bbox 2445 2772 2637 2843; x_wconf 60' lang='lat' dir='ltr'><strong>celari;</strong></span> <span class='ocrx_word' id='word_1_369' title='bbox 2674 2787 2774 2823; x_wconf 88' lang='lat' dir='ltr'><strong>non</strong></span> <span class='ocrx_word' id='word_1_370' title='bbox 2808 2768 2910 2823; x_wconf 86' lang='lat' dir='ltr'><strong>vult</strong></span> <span class='ocrx_word' id='word_1_371' title='bbox 2939 2769 3034 2843; x_wconf 81' lang='lat' dir='ltr'><strong>sibi</strong></span> <span class='ocrx_word' id='word_1_372' title='bbox 3083 2769 3351 2843; x_wconf 63' lang='lat' dir='ltr'><strong>committi,</strong></span> <span class='ocrx_word' id='word_1_373' title='bbox 3389 2768 3476 2843; x_wconf 76' lang='lat' dir='ltr'><strong>sed</strong></span> 
     </span>
    </p>
   </div>
   <div class='ocr_carea' id='block_1_63' title="bbox 1909 2837 3472 2913">
    <p class='ocr_par' dir='ltr' id='par_1_63' title="bbox 1909 2837 3472 2913">
     <span class='ocr_line' id='line_1_63' title="bbox 1909 2837 3472 2913; baseline -0.002 -18"><span class='ocrx_word' id='word_1_374' title='bbox 1909 2837 2017 2897; x_wconf 82' lang='lat' dir='ltr'><strong>Deo</strong></span> <span class='ocrx_word' id='word_1_375' title='bbox 2034 2859 2055 2907; x_wconf 80' lang='lat'><strong>,&#39;</strong></span> <span class='ocrx_word' id='word_1_376' title='bbox 2091 2852 2147 2896; x_wconf 78' lang='lat' dir='ltr'><strong>ut</strong></span> <span class='ocrx_word' id='word_1_377' title='bbox 2175 2844 2361 2907; x_wconf 80' lang='lat' dir='ltr'><strong>luceat,</strong></span> <span class='ocrx_word' id='word_1_378' title='bbox 2392 2852 2439 2895; x_wconf 87' lang='lat' dir='ltr'><strong>et</strong></span> <span class='ocrx_word' id='word_1_379' title='bbox 2469 2841 2802 2913; x_wconf 75' lang='lat' dir='ltr'><strong>gloriﬁcatur.</strong></span> <span class='ocrx_word' id='word_1_380' title='bbox 2842 2856 2945 2893; x_wconf 87' lang='lat' dir='ltr'><strong>non</strong></span> <span class='ocrx_word' id='word_1_381' title='bbox 2973 2840 3099 2905; x_wconf 79' lang='lat' dir='ltr'><strong>inse,</strong></span> <span class='ocrx_word' id='word_1_382' title='bbox 3129 2840 3215 2893; x_wconf 87' lang='lat' dir='ltr'><strong>sed</strong></span> <span class='ocrx_word' id='word_1_383' title='bbox 3243 2837 3399 2904; x_wconf 82' lang='lat' dir='ltr'><strong>Deus,</strong></span> <span class='ocrx_word' id='word_1_384' title='bbox 3433 2838 3472 2892; x_wconf 95' lang='lat' dir='ltr'><strong>l.</strong></span> 
     </span>
    </p>
   </div>
   <div class='ocr_carea' id='block_1_64' title="bbox 1551 2990 2114 3049">
    <p class='ocr_par' dir='ltr' id='par_1_64' title="bbox 1551 2990 2114 3049">
     <span class='ocr_line' id='line_1_64' title="bbox 1551 2990 2114 3049; baseline 0 -2"><span class='ocrx_word' id='word_1_385' title='bbox 1551 2990 1741 3047; x_wconf 80' lang='lat' dir='ltr'><strong>CUMM</strong></span> <span class='ocrx_word' id='word_1_386' title='bbox 1753 2992 1926 3048; x_wconf 83' lang='lat' dir='ltr'><strong>ENTA</strong></span> <span class='ocrx_word' id='word_1_387' title='bbox 1937 2992 2114 3049; x_wconf 78' lang='lat' dir='ltr'><strong>RIUS.</strong></span> 
     </span>
    </p>
   </div>
   <div class='ocr_carea' id='block_1_65' title="bbox 296 3079 3474 3154">
    <p class='ocr_par' dir='ltr' id='par_1_65' title="bbox 296 3079 3474 3154">
     <span class='ocr_line' id='line_1_65' title="bbox 296 3079 3474 3154; baseline -0.003 -13"><span class='ocrx_word' id='word_1_388' title='bbox 296 3089 383 3142; x_wconf 81' lang='lat'><strong>87.</strong></span> <span class='ocrx_word' id='word_1_389' title='bbox 424 3086 694 3141; x_wconf 86' lang='lat' dir='ltr'><strong>lletnsiani</strong></span> <span class='ocrx_word' id='word_1_390' title='bbox 719 3086 926 3154; x_wconf 88' lang='lat' dir='ltr'><strong>scriptt,</strong></span> <span class='ocrx_word' id='word_1_391' title='bbox 949 3082 1544 3153; x_wconf 76' lang='lat' dir='ltr'><strong>Alex.,Ang.,Wettz.,</strong></span> <span class='ocrx_word' id='word_1_392' title='bbox 1568 3082 1784 3154; x_wconf 51' lang='lat' dir='ltr'><strong>Vieun”</strong></span> <span class='ocrx_word' id='word_1_393' title='bbox 1816 3083 1860 3144; x_wconf 92' lang='lat' dir='ltr'><strong>C</strong></span> <span class='ocrx_word' id='word_1_394' title='bbox 1914 3152 1923 3154; x_wconf 79' lang='lat'><strong><em>_</em></strong></span> <span class='ocrx_word' id='word_1_395' title='bbox 1961 3082 2055 3140; x_wconf 84' lang='lat'><strong>98.</strong></span> <span class='ocrx_word' id='word_1_396' title='bbox 2084 3082 2224 3137; x_wconf 87' lang='lat' dir='ltr'><strong>Beda</strong></span> <span class='ocrx_word' id='word_1_397' title='bbox 2269 3084 2338 3138; x_wconf 84' lang='lat' dir='ltr'><strong>de</strong></span> <span class='ocrx_word' id='word_1_398' title='bbox 2388 3083 2516 3136; x_wconf 79' lang='lat' dir='ltr'><strong>Arte</strong></span> <span class='ocrx_word' id='word_1_399' title='bbox 2547 3080 2765 3154; x_wconf 80' lang='lat' dir='ltr'><strong>metrica</strong></span> <span class='ocrx_word' id='word_1_400' title='bbox 2810 3079 2953 3134; x_wconf 87' lang='lat' dir='ltr'><strong>hunc</strong></span> <span class='ocrx_word' id='word_1_401' title='bbox 2982 3093 3194 3154; x_wconf 84' lang='lat' dir='ltr'><strong>versum</strong></span> <span class='ocrx_word' id='word_1_402' title='bbox 3227 3080 3374 3154; x_wconf 74' lang='lat' dir='ltr'><strong>citat.</strong></span> <span class='ocrx_word' id='word_1_403' title='bbox 3419 3088 3474 3133; x_wconf 87' lang='lat' dir='ltr'><strong>et</strong></span> 
     </span>
    </p>
   </div>
   <div class='ocr_carea' id='block_1_66' title="bbox 240 3153 1788 3223">
    <p class='ocr_par' dir='ltr' id='par_1_66' title="bbox 240 3153 1788 3223">
     <span class='ocr_line' id='line_1_66' title="bbox 240 3153 1788 3223; baseline -0.003 -12"><span class='ocrx_word' id='word_1_404' title='bbox 240 3157 374 3221; x_wconf 79' lang='lat' dir='ltr'><strong>Rat.,</strong></span> <span class='ocrx_word' id='word_1_405' title='bbox 406 3157 565 3221; x_wconf 66' lang='lat' dir='ltr'><strong>Man,</strong></span> <span class='ocrx_word' id='word_1_406' title='bbox 597 3155 738 3210; x_wconf 75' lang='lat' dir='ltr'><strong>Valt.</strong></span> <span class='ocrx_word' id='word_1_407' title='bbox 770 3153 843 3223; x_wconf 28' lang='lat' dir='ltr'><strong>C,’</strong></span> <span class='ocrx_word' id='word_1_408' title='bbox 865 3153 939 3217; x_wconf 83' lang='lat' dir='ltr'><strong>F.</strong></span> <span class='ocrx_word' id='word_1_409' title='bbox 966 3155 1011 3210; x_wconf 90' lang='lat' dir='ltr'>G</span> <span class='ocrx_word' id='word_1_410' title='bbox 1034 3195 1050 3218; x_wconf 90' lang='lat'><strong>,</strong></span> <span class='ocrx_word' id='word_1_411' title='bbox 1088 3155 1234 3211; x_wconf 86' lang='lat' dir='ltr'><strong>Sich.</strong></span> <span class='ocrx_word' id='word_1_412' title='bbox 1263 3153 1444 3217; x_wconf 90' lang='lat' dir='ltr'><strong>etalii,</strong></span> <span class='ocrx_word' id='word_1_413' title='bbox 1475 3153 1612 3222; x_wconf 83' lang='lat' dir='ltr'><strong>quod</strong></span> <span class='ocrx_word' id='word_1_414' title='bbox 1657 3153 1788 3223; x_wconf 81' lang='lat' dir='ltr'><strong>victa</strong></span> 
     </span>
    </p>
   </div>
   <div class='ocr_carea' id='block_1_67' title="bbox 234 3222 1793 3293">
    <p class='ocr_par' dir='ltr' id='par_1_67' title="bbox 234 3222 1793 3293">
     <span class='ocr_line' id='line_1_67' title="bbox 234 3222 1793 3293; baseline -0.003 -12"><span class='ocrx_word' id='word_1_415' title='bbox 234 3230 382 3293; x_wconf 74' lang='lat' dir='ltr'><strong>iaces,</strong></span> <span class='ocrx_word' id='word_1_416' title='bbox 410 3241 569 3293; x_wconf 87' lang='lat' dir='ltr'><strong>quam</strong></span> <span class='ocrx_word' id='word_1_417' title='bbox 597 3222 878 3279; x_wconf 85' lang='lat' dir='ltr'><strong>lectionem</strong></span> <span class='ocrx_word' id='word_1_418' title='bbox 925 3224 1170 3279; x_wconf 62' lang='lat' dir='ltr'><strong>Barthius</strong></span> <span class='ocrx_word' id='word_1_419' title='bbox 1212 3239 1277 3278; x_wconf 82' lang='lat' dir='ltr'><strong>ex</strong></span> <span class='ocrx_word' id='word_1_420' title='bbox 1325 3224 1437 3277; x_wconf 85' lang='lat' dir='ltr'><strong>suis</strong></span> <span class='ocrx_word' id='word_1_421' title='bbox 1468 3222 1793 3277; x_wconf 75' lang='lat' dir='ltr'><strong>membranis</strong></span> 
     </span>
    </p>
   </div>
   <div class='ocr_carea' id='block_1_68' title="bbox 233 3293 1790 3365">
    <p class='ocr_par' dir='ltr' id='par_1_68' title="bbox 233 3293 1790 3365">
     <span class='ocr_line' id='line_1_68' title="bbox 233 3293 1790 3365; baseline -0.003 -15"><span class='ocrx_word' id='word_1_422' title='bbox 233 3297 560 3364; x_wconf 62' lang='lat' dir='ltr'><strong>praferebat.</strong></span> <span class='ocrx_word' id='word_1_423' title='bbox 600 3295 705 3349; x_wconf 80' lang='lat' dir='ltr'><strong>Alii</strong></span> <span class='ocrx_word' id='word_1_424' title='bbox 748 3297 915 3365; x_wconf 85' lang='lat' dir='ltr'><strong>queis,</strong></span> <span class='ocrx_word' id='word_1_425' title='bbox 946 3295 1029 3348; x_wconf 89' lang='lat' dir='ltr'><strong>vel</strong></span> <span class='ocrx_word' id='word_1_426' title='bbox 1059 3296 1173 3364; x_wconf 86' lang='lat' dir='ltr'><strong>quis</strong></span> <span class='ocrx_word' id='word_1_427' title='bbox 1207 3296 1339 3365; x_wconf 86' lang='lat' dir='ltr'><strong>victa</strong></span> <span class='ocrx_word' id='word_1_428' title='bbox 1357 3295 1520 3362; x_wconf 86' lang='lat' dir='ltr'><strong>juces.</strong></span> <span class='ocrx_word' id='word_1_429' title='bbox 1567 3294 1622 3346; x_wconf 88' lang='lat' dir='ltr'><strong>lu</strong></span> <span class='ocrx_word' id='word_1_430' title='bbox 1674 3293 1790 3345; x_wconf 80' lang='lat' dir='ltr'><strong>Vat.</strong></span> 
     </span>
    </p>
   </div>
   <div class='ocr_carea' id='block_1_69' title="bbox 233 3364 1357 3429">
    <p class='ocr_par' dir='ltr' id='par_1_69' title="bbox 233 3364 1357 3429">
     <span class='ocr_line' id='line_1_69' title="bbox 233 3364 1357 3429; baseline -0.002 -9"><span class='ocrx_word' id='word_1_431' title='bbox 233 3366 269 3420; x_wconf 83' lang='lat' dir='ltr'><strong>C</strong></span> <span class='ocrx_word' id='word_1_432' title='bbox 297 3366 544 3419; x_wconf 88' lang='lat' dir='ltr'><strong>mendum</strong></span> <span class='ocrx_word' id='word_1_433' title='bbox 573 3374 657 3418; x_wconf 88' lang='lat' dir='ltr'><strong>est</strong></span> <span class='ocrx_word' id='word_1_434' title='bbox 684 3364 938 3418; x_wconf 81' lang='lat' dir='ltr'><strong>luculenta</strong></span> <span class='ocrx_word' id='word_1_435' title='bbox 965 3379 1058 3429; x_wconf 88' lang='lat' dir='ltr'><strong>pro</strong></span> <span class='ocrx_word' id='word_1_436' title='bbox 1087 3364 1357 3418; x_wconf 76' lang='lat' dir='ltr'><strong>lutulenta.</strong></span> 
     </span>
    </p>
   </div>
   <div class='ocr_carea' id='block_1_70' title="bbox 295 3430 1791 3501">
    <p class='ocr_par' dir='ltr' id='par_1_70' title="bbox 295 3430 1791 3501">
     <span class='ocr_line' id='line_1_70' title="bbox 295 3430 1791 3501; baseline -0.003 -12"><span class='ocrx_word' id='word_1_437' title='bbox 295 3435 382 3489; x_wconf 87' lang='lat'><strong>88.</strong></span> <span class='ocrx_word' id='word_1_438' title='bbox 424 3438 559 3501; x_wconf 75' lang='lat' dir='ltr'><strong>Aug.</strong></span> <span class='ocrx_word' id='word_1_439' title='bbox 589 3444 645 3489; x_wconf 91' lang='lat' dir='ltr'><strong>et</strong></span> <span class='ocrx_word' id='word_1_440' title='bbox 674 3434 795 3487; x_wconf 80' lang='lat' dir='ltr'><strong>Vat.</strong></span> <span class='ocrx_word' id='word_1_441' title='bbox 825 3430 887 3498; x_wconf 89' lang='lat' dir='ltr'><strong>C,</strong></span> <span class='ocrx_word' id='word_1_442' title='bbox 918 3434 1141 3501; x_wconf 86' lang='lat' dir='ltr'><strong>poteris;</strong></span> <span class='ocrx_word' id='word_1_443' title='bbox 1169 3433 1262 3488; x_wconf 90' lang='lat' dir='ltr'><strong>sed</strong></span> <span class='ocrx_word' id='word_1_444' title='bbox 1296 3433 1347 3487; x_wconf 92' lang='lat' dir='ltr'><strong>in</strong></span> <span class='ocrx_word' id='word_1_445' title='bbox 1382 3433 1499 3487; x_wconf 89' lang='lat' dir='ltr'><strong>Vat.</strong></span> <span class='ocrx_word' id='word_1_446' title='bbox 1528 3432 1568 3487; x_wconf 90' lang='lat' dir='ltr'><strong>C</strong></span> <span class='ocrx_word' id='word_1_447' title='bbox 1600 3430 1791 3485; x_wconf 87' lang='lat' dir='ltr'><strong>abrasa</strong></span> 
     </span>
    </p>
   </div>
   <div class='ocr_carea' id='block_1_71' title="bbox 232 3502 1788 3574">
    <p class='ocr_par' dir='ltr' id='par_1_71' title="bbox 232 3502 1788 3574">
     <span class='ocr_line' id='line_1_71' title="bbox 232 3502 1788 3574; baseline -0.001 -18"><span class='ocrx_word' id='word_1_448' title='bbox 232 3516 347 3558; x_wconf 75' lang='lat' dir='ltr'><strong>sunt</strong></span> <span class='ocrx_word' id='word_1_449' title='bbox 382 3507 583 3574; x_wconf 91' lang='lat' dir='ltr'><strong>priora.</strong></span> <span class='ocrx_word' id='word_1_450' title='bbox 637 3503 806 3556; x_wconf 66' lang='lat' dir='ltr'><strong>ltitiam</strong></span> <span class='ocrx_word' id='word_1_451' title='bbox 834 3506 885 3557; x_wconf 91' lang='lat' dir='ltr'><strong>in</strong></span> <span class='ocrx_word' id='word_1_452' title='bbox 920 3502 1060 3574; x_wconf 57' lang='lat' dir='ltr'><strong>Vat.</strong></span> <span class='ocrx_word' id='word_1_453' title='bbox 1084 3502 1124 3555; x_wconf 90' lang='lat' dir='ltr'><strong>D</strong></span> <span class='ocrx_word' id='word_1_454' title='bbox 1152 3504 1401 3574; x_wconf 86' lang='lat' dir='ltr'><strong>abrasmn</strong></span> <span class='ocrx_word' id='word_1_455' title='bbox 1448 3511 1530 3558; x_wconf 91' lang='lat' dir='ltr'><strong>est</strong></span> <span class='ocrx_word' id='word_1_456' title='bbox 1573 3503 1788 3574; x_wconf 78' lang='lat' dir='ltr'><strong>aliquid.</strong></span> 
     </span>
    </p>
   </div>
   <div class='ocr_carea' id='block_1_72' title="bbox 233 3571 1790 3656">
    <p class='ocr_par' dir='ltr' id='par_1_72' title="bbox 233 3571 1790 3656">
     <span class='ocr_line' id='line_1_72' title="bbox 233 3571 1790 3656; baseline -0.002 -30"><span class='ocrx_word' id='word_1_457' title='bbox 233 3573 360 3656; x_wconf 52' lang='lat' dir='ltr'><strong>fera</strong></span> <span class='ocrx_word' id='word_1_458' title='bbox 386 3571 558 3628; x_wconf 73' lang='lat' dir='ltr'><strong>lectio</strong></span> <span class='ocrx_word' id='word_1_459' title='bbox 588 3581 671 3628; x_wconf 86' lang='lat' dir='ltr'><strong>est</strong></span> <span class='ocrx_word' id='word_1_460' title='bbox 692 3574 824 3643; x_wconf 84' lang='lat' dir='ltr'><strong>potis</strong></span> <span class='ocrx_word' id='word_1_461' title='bbox 849 3588 922 3628; x_wconf 86' lang='lat' dir='ltr'><strong>es.</strong></span> <span class='ocrx_word' id='word_1_462' title='bbox 964 3571 1110 3638; x_wconf 81' lang='lat' dir='ltr'><strong>Ald.,</strong></span> <span class='ocrx_word' id='word_1_463' title='bbox 1137 3573 1509 3642; x_wconf 84' lang='lat' dir='ltr'><strong>perstringere;</strong></span> <span class='ocrx_word' id='word_1_464' title='bbox 1540 3572 1651 3637; x_wconf 84' lang='lat' dir='ltr'><strong>alii,</strong></span> <span class='ocrx_word' id='word_1_465' title='bbox 1674 3588 1790 3642; x_wconf 83' lang='lat' dir='ltr'><strong>per-</strong></span> 
     </span>
    </p>
   </div>
   <div class='ocr_carea' id='block_1_73' title="bbox 254 3661 463 3697">
    <p class='ocr_par' dir='ltr' id='par_1_73' title="bbox 254 3661 463 3697">
     <span class='ocr_line' id='line_1_73' title="bbox 254 3661 463 3697; baseline -0.005 -1"><span class='ocrx_word' id='word_1_466' title='bbox 254 3661 463 3697; x_wconf 85' lang='lat' dir='ltr'><strong>mtaere.</strong></span> 
     </span>
    </p>
   </div>
   <div class='ocr_carea' id='block_1_74' title="bbox 232 3644 1790 3780">
    <p class='ocr_par' dir='ltr' id='par_1_74' title="bbox 232 3644 1790 3780">
     <span class='ocr_line' id='line_1_74' title="bbox 232 3644 463 3713; baseline -0.004 -17"><span class='ocrx_word' id='word_1_467' title='bbox 232 3644 463 3713; x_wconf 72' lang='lat' dir='ltr'><strong>fringere.</strong></span> 
     </span>
     <span class='ocr_line' id='line_1_75' title="bbox 297 3710 1790 3780; baseline -0.003 -13"><span class='ocrx_word' id='word_1_468' title='bbox 297 3715 389 3767; x_wconf 86' lang='lat'><strong>89.</strong></span> <span class='ocrx_word' id='word_1_469' title='bbox 427 3712 626 3775; x_wconf 86' lang='lat' dir='ltr'><strong>Aldus,</strong></span> <span class='ocrx_word' id='word_1_470' title='bbox 658 3710 906 3765; x_wconf 84' lang='lat' dir='ltr'><strong>Nebrissa</strong></span> <span class='ocrx_word' id='word_1_471' title='bbox 938 3710 1131 3780; x_wconf 83' lang='lat' dir='ltr'><strong>aliique</strong></span> <span class='ocrx_word' id='word_1_472' title='bbox 1160 3722 1369 3765; x_wconf 89' lang='lat' dir='ltr'><strong>veteres</strong></span> <span class='ocrx_word' id='word_1_473' title='bbox 1395 3710 1545 3775; x_wconf 85' lang='lat' dir='ltr'><strong>editi,</strong></span> <span class='ocrx_word' id='word_1_474' title='bbox 1577 3720 1629 3763; x_wconf 82' lang='lat' dir='ltr'><strong>tit</strong></span> <span class='ocrx_word' id='word_1_475' title='bbox 1659 3726 1790 3773; x_wconf 80' lang='lat' dir='ltr'><strong>prte-</strong></span> 
     </span>
    </p>
   </div>
   <div class='ocr_carea' id='block_1_75' title="bbox 231 3781 1792 3848">
    <p class='ocr_par' dir='ltr' id='par_1_75' title="bbox 231 3781 1792 3848">
     <span class='ocr_line' id='line_1_76' title="bbox 231 3781 1792 3848; baseline -0.001 -14"><span class='ocrx_word' id='word_1_476' title='bbox 231 3797 363 3846; x_wconf 72' lang='lat' dir='ltr'><strong>ceps,</strong></span> <span class='ocrx_word' id='word_1_477' title='bbox 384 3784 451 3834; x_wconf 88' lang='lat' dir='ltr'><strong>ad</strong></span> <span class='ocrx_word' id='word_1_478' title='bbox 482 3785 660 3835; x_wconf 87' lang='lat' dir='ltr'><strong>mortis</strong></span> <span class='ocrx_word' id='word_1_479' title='bbox 692 3784 803 3843; x_wconf 84' lang='lat' dir='ltr'><strong>iter,</strong></span> <span class='ocrx_word' id='word_1_480' title='bbox 832 3782 972 3848; x_wconf 88' lang='lat' dir='ltr'><strong>quod</strong></span> <span class='ocrx_word' id='word_1_481' title='bbox 998 3782 1228 3847; x_wconf 79' lang='lat' dir='ltr'><strong>explicat</strong></span> <span class='ocrx_word' id='word_1_482' title='bbox 1265 3781 1543 3844; x_wconf 70' lang='lat' dir='ltr'><strong>Nebris~u,</strong></span> <span class='ocrx_word' id='word_1_483' title='bbox 1568 3794 1792 3848; x_wconf 72' lang='lat' dir='ltr'><strong>praeceps</strong></span> 
     </span>
    </p>
   </div>
   <div class='ocr_carea' id='block_1_76' title="bbox 232 3848 1790 3921">
    <p class='ocr_par' dir='ltr' id='par_1_76' title="bbox 232 3848 1790 3921">
     <span class='ocr_line' id='line_1_77' title="bbox 232 3848 1790 3921; baseline -0.002 -19"><span class='ocrx_word' id='word_1_484' title='bbox 232 3854 398 3904; x_wconf 80' lang='lat' dir='ltr'><strong>active</strong></span> <span class='ocrx_word' id='word_1_485' title='bbox 442 3867 543 3921; x_wconf 88' lang='lat' dir='ltr'><strong>pro</strong></span> <span class='ocrx_word' id='word_1_486' title='bbox 579 3852 935 3918; x_wconf 82' lang='lat' dir='ltr'><strong>prtecipitans,</strong></span> <span class='ocrx_word' id='word_1_487' title='bbox 977 3864 1083 3915; x_wconf 85' lang='lat' dir='ltr'><strong>seu</strong></span> <span class='ocrx_word' id='word_1_488' title='bbox 1107 3848 1790 3921; x_wconf 67' lang='lat' dir='ltr'><strong>pra’cipitanterimpellens.</strong></span> 
     </span>
    </p>
   </div>
   <div class='ocr_carea' id='block_1_77' title="bbox 235 3919 1791 3986">
    <p class='ocr_par' dir='ltr' id='par_1_77' title="bbox 235 3919 1791 3986">
     <span class='ocr_line' id='line_1_78' title="bbox 235 3919 1791 3986; baseline -0.001 -15"><span class='ocrx_word' id='word_1_489' title='bbox 235 3919 518 3975; x_wconf 56' lang='lat' dir='ltr'><strong>I&#39;everat&#39;us</strong></span> <span class='ocrx_word' id='word_1_490' title='bbox 548 3922 790 3974; x_wconf 86' lang='lat' dir='ltr'><strong>eamdem</strong></span> <span class='ocrx_word' id='word_1_491' title='bbox 820 3921 1097 3974; x_wconf 88' lang='lat' dir='ltr'><strong>lecttonem</strong></span> <span class='ocrx_word' id='word_1_492' title='bbox 1123 3924 1427 3975; x_wconf 87' lang='lat' dir='ltr'><strong>conllrmat.</strong></span> <span class='ocrx_word' id='word_1_493' title='bbox 1456 3919 1575 3986; x_wconf 83' lang='lat' dir='ltr'><strong>quia</strong></span> <span class='ocrx_word' id='word_1_494' title='bbox 1604 3919 1791 3982; x_wconf 72' lang='lat' dir='ltr'><strong>magna</strong></span> 
     </span>
    </p>
   </div>
   <div class='ocr_carea' id='block_1_78' title="bbox 235 3987 1794 4063">
    <p class='ocr_par' dir='ltr' id='par_1_78' title="bbox 235 3987 1794 4063">
     <span class='ocr_line' id='line_1_79' title="bbox 235 3987 1794 4063; baseline 0 -22"><span class='ocrx_word' id='word_1_495' title='bbox 235 3989 549 4063; x_wconf 56' lang='lat' dir='ltr'><strong>ltbtdittisrt</strong></span> <span class='ocrx_word' id='word_1_496' title='bbox 574 3988 763 4063; x_wconf 74' lang='lat' dir='ltr'><strong>mortis</strong></span> <span class='ocrx_word' id='word_1_497' title='bbox 801 3989 1084 4063; x_wconf 82' lang='lat' dir='ltr'><strong>consensio</strong></span> <span class='ocrx_word' id='word_1_498' title='bbox 1123 3990 1427 4063; x_wconf 27' lang='lat' dir='ltr'><strong>est;-\qtt_od</strong></span> <span class='ocrx_word' id='word_1_499' title='bbox 1459 3987 1794 4063; x_wconf 65' lang='lat' dir='ltr'><strong>siguilicabat</strong></span> 
     </span>
    </p>
   </div>
   <div class='ocr_carea' id='block_1_79' title="bbox 236 4056 1792 4125">
    <p class='ocr_par' dir='ltr' id='par_1_79' title="bbox 236 4056 1792 4125">
     <span class='ocr_line' id='line_1_80' title="bbox 236 4056 1792 4125; baseline 0.001 -15"><span class='ocrx_word' id='word_1_500' title='bbox 236 4062 432 4125; x_wconf 79' lang='lat' dir='ltr'><strong>priscas</strong></span> <span class='ocrx_word' id='word_1_501' title='bbox 460 4059 551 4113; x_wconf 88' lang='lat' dir='ltr'><strong>ille</strong></span> <span class='ocrx_word' id='word_1_502' title='bbox 584 4058 940 4112; x_wconf 75' lang='lat' dir='ltr'><strong>Romanorum</strong></span> <span class='ocrx_word' id='word_1_503' title='bbox 973 4060 1104 4112; x_wconf 90' lang='lat' dir='ltr'><strong>ritus</strong></span> <span class='ocrx_word' id='word_1_504' title='bbox 1128 4056 1385 4112; x_wconf 75' lang='lat' dir='ltr'><strong>vendendi</strong></span> <span class='ocrx_word' id='word_1_505' title='bbox 1412 4061 1460 4112; x_wconf 92' lang='lat' dir='ltr'><strong>in</strong></span> <span class='ocrx_word' id='word_1_506' title='bbox 1483 4056 1596 4112; x_wconf 69' lang='lat' dir='ltr'><strong>uide</strong></span> <span class='ocrx_word' id='word_1_507' title='bbox 1618 4056 1792 4111; x_wconf 82' lang='lat' dir='ltr'><strong>Vene-</strong></span> 
     </span>
    </p>
   </div>
   <div class='ocr_carea' id='block_1_80' title="bbox 232 4127 1792 4199">
    <p class='ocr_par' dir='ltr' id='par_1_80' title="bbox 232 4127 1792 4199">
     <span class='ocr_line' id='line_1_81' title="bbox 232 4127 1792 4199; baseline 0.001 -19"><span class='ocrx_word' id='word_1_508' title='bbox 232 4130 297 4199; x_wconf 83' lang='lat' dir='ltr'><strong>ris</strong></span> <span class='ocrx_word' id='word_1_509' title='bbox 323 4129 568 4182; x_wconf 65' lang='lat' dir='ltr'><strong>Libitina:</strong></span> <span class='ocrx_word' id='word_1_510' title='bbox 611 4144 680 4199; x_wconf 61' lang='lat' dir='ltr'><strong>ea</strong></span> <span class='ocrx_word' id='word_1_511' title='bbox 719 4144 835 4196; x_wconf 68' lang='lat' dir='ltr'><strong>qure</strong></span> <span class='ocrx_word' id='word_1_512' title='bbox 878 4128 942 4181; x_wconf 82' lang='lat' dir='ltr'><strong>ad</strong></span> <span class='ocrx_word' id='word_1_513' title='bbox 976 4130 1284 4199; x_wconf 51' lang='lat' dir='ltr'><strong>sepulcrum</strong></span> <span class='ocrx_word' id='word_1_514' title='bbox 1340 4130 1689 4194; x_wconf 85' lang='lat' dir='ltr'><strong>spectabant:</strong></span> <span class='ocrx_word' id='word_1_515' title='bbox 1725 4127 1792 4181; x_wconf 87' lang='lat' dir='ltr'><strong>de</strong></span> 
     </span>
    </p>
   </div>
   <div class='ocr_carea' id='block_1_81' title="bbox 230 4195 1787 4263">
    <p class='ocr_par' dir='ltr' id='par_1_81' title="bbox 230 4195 1787 4263">
     <span class='ocr_line' id='line_1_82' title="bbox 230 4195 1787 4263; baseline 0 -14"><span class='ocrx_word' id='word_1_516' title='bbox 230 4195 326 4261; x_wconf 86' lang='lat' dir='ltr'><strong>quo</strong></span> <span class='ocrx_word' id='word_1_517' title='bbox 368 4198 592 4251; x_wconf 87' lang='lat' dir='ltr'><strong>consule</strong></span> <span class='ocrx_word' id='word_1_518' title='bbox 639 4195 1017 4251; x_wconf 72' lang='lat' dir='ltr'><strong>Kiermanum</strong></span> <span class='ocrx_word' id='word_1_519' title='bbox 1055 4198 1121 4252; x_wconf 90' lang='lat' dir='ltr'><strong>de</strong></span> <span class='ocrx_word' id='word_1_520' title='bbox 1173 4196 1305 4250; x_wconf 86' lang='lat' dir='ltr'><strong>th.</strong></span> <span class='ocrx_word' id='word_1_521' title='bbox 1349 4201 1440 4251; x_wconf 85' lang='lat' dir='ltr'><strong>lib.</strong></span> <span class='ocrx_word' id='word_1_522' title='bbox 1485 4214 1539 4262; x_wconf 88' lang='grc' dir='ltr'><strong>ι,</strong></span> <span class='ocrx_word' id='word_1_523' title='bbox 1588 4212 1706 4258; x_wconf 86' lang='lat' dir='ltr'><strong>cap.</strong></span> <span class='ocrx_word' id='word_1_524' title='bbox 1735 4200 1787 4263; x_wconf 80' lang='lat'><strong>9.</strong></span> 
     </span>
    </p>
   </div>
   <div class='ocr_carea' id='block_1_82' title="bbox 232 4265 1786 4337">
    <p class='ocr_par' dir='ltr' id='par_1_82' title="bbox 232 4265 1786 4337">
     <span class='ocr_line' id='line_1_83' title="bbox 232 4265 1786 4337; baseline -0.001 -18"><span class='ocrx_word' id='word_1_525' title='bbox 232 4265 389 4320; x_wconf 88' lang='lat' dir='ltr'><strong>Codd.</strong></span> <span class='ocrx_word' id='word_1_526' title='bbox 436 4278 745 4337; x_wconf 70' lang='lat' dir='ltr'><strong>constanter</strong></span> <span class='ocrx_word' id='word_1_527' title='bbox 781 4279 834 4319; x_wconf 90' lang='lat' dir='ltr'><strong>tu</strong></span> <span class='ocrx_word' id='word_1_528' title='bbox 871 4270 1139 4337; x_wconf 76' lang='lat' dir='ltr'><strong>princeps,</strong></span> <span class='ocrx_word' id='word_1_529' title='bbox 1177 4268 1254 4320; x_wconf 75' lang='lat' dir='ltr'><strong>sic</strong></span> <span class='ocrx_word' id='word_1_530' title='bbox 1289 4286 1320 4321; x_wconf 89' lang='lat' dir='ltr'><strong>e</strong></span> <span class='ocrx_word' id='word_1_531' title='bbox 1359 4270 1555 4321; x_wconf 78' lang='lat' dir='ltr'><strong>nostris</strong></span> <span class='ocrx_word' id='word_1_532' title='bbox 1601 4269 1786 4330; x_wconf 75' lang='lat' dir='ltr'><strong>Alex.,</strong></span> 
     </span>
    </p>
   </div>
   <div class='ocr_carea' id='block_1_83' title="bbox 231 4336 1787 4407">
    <p class='ocr_par' dir='ltr' id='par_1_83' title="bbox 231 4336 1787 4407">
     <span class='ocr_line' id='line_1_84' title="bbox 231 4336 1787 4407; baseline -0.001 -19"><span class='ocrx_word' id='word_1_533' title='bbox 231 4342 383 4403; x_wconf 76' lang='lat' dir='ltr'><strong>Ang.,</strong></span> <span class='ocrx_word' id='word_1_534' title='bbox 419 4336 654 4407; x_wconf 60' lang='grc' dir='ltr'>Ἦθιιιμ,</span> <span class='ocrx_word' id='word_1_535' title='bbox 703 4336 1015 4407; x_wconf 66' lang='lat' dir='ltr'><strong>liat.,_M:tr.</strong></span> <span class='ocrx_word' id='word_1_536' title='bbox 1048 4338 1159 4407; x_wconf 76' lang='lat' dir='ltr'><strong>(ubi</strong></span> <span class='ocrx_word' id='word_1_537' title='bbox 1202 4345 1377 4389; x_wconf 65' lang='lat' dir='ltr'><strong>tanien</strong></span> <span class='ocrx_word' id='word_1_538' title='bbox 1426 4348 1505 4391; x_wconf 86' lang='lat' dir='ltr'><strong>cst</strong></span> <span class='ocrx_word' id='word_1_539' title='bbox 1550 4338 1787 4406; x_wconf 85' lang='lat' dir='ltr'><strong>princes,</strong></span> 
     </span>
    </p>
   </div>
   <div class='ocr_carea' id='block_1_84' title="bbox 232 4404 1869 4527">
    <p class='ocr_par' dir='ltr' id='par_1_84' title="bbox 232 4404 1869 4527">
     <span class='ocr_line' id='line_1_85' title="bbox 232 4404 1869 4494; baseline -0.001 -37"><span class='ocrx_word' id='word_1_540' title='bbox 232 4407 525 4472; x_wconf 78' lang='lat' dir='ltr'><strong>mendose),</strong></span> <span class='ocrx_word' id='word_1_541' title='bbox 552 4406 694 4484; x_wconf 75' lang='lat' dir='ltr'><strong>Vati.</strong></span> <span class='ocrx_word' id='word_1_542' title='bbox 731 4406 799 4468; x_wconf 84' lang='grc' dir='ltr'><strong>υ,</strong></span> <span class='ocrx_word' id='word_1_543' title='bbox 835 4404 905 4468; x_wconf 79' lang='lat' dir='ltr'><strong>F,</strong></span> <span class='ocrx_word' id='word_1_544' title='bbox 948 4405 1013 4465; x_wconf 76' lang='grc' dir='ltr'><strong>ϐ.</strong></span> <span class='ocrx_word' id='word_1_545' title='bbox 1046 4404 1116 4469; x_wconf 85' lang='lat' dir='ltr'><strong>ll,</strong></span> <span class='ocrx_word' id='word_1_546' title='bbox 1146 4405 1205 4469; x_wconf 89' lang='lat' dir='ltr'><strong>L,</strong></span> <span class='ocrx_word' id='word_1_547' title='bbox 1240 4418 1290 4458; x_wconf 82' lang='grc' dir='ltr'><strong>ιιι</strong></span> <span class='ocrx_word' id='word_1_548' title='bbox 1341 4408 1475 4461; x_wconf 88' lang='lat' dir='ltr'><strong>alios</strong></span> <span class='ocrx_word' id='word_1_549' title='bbox 1526 4404 1787 4458; x_wconf 74' lang='lat' dir='ltr'><strong>notitiam.</strong></span> <span class='ocrx_word' id='word_1_550' title='bbox 1816 4435 1869 4494; x_wconf 70' lang='grc' dir='ltr'><strong>Β</strong></span> 
     </span>
     <span class='ocr_line' id='line_1_86' title="bbox 232 4474 1792 4527; baseline 0.001 -1"><span class='ocrx_word' id='word_1_551' title='bbox 232 4474 478 4527; x_wconf 82' lang='lat' dir='ltr'><strong>Eamdem</strong></span> <span class='ocrx_word' id='word_1_552' title='bbox 536 4476 815 4527; x_wconf 82' lang='lat' dir='ltr'><strong>lectionem</strong></span> <span class='ocrx_word' id='word_1_553' title='bbox 856 4484 1068 4527; x_wconf 82' lang='lat' dir='ltr'><strong>tuentur</strong></span> <span class='ocrx_word' id='word_1_554' title='bbox 1118 4477 1365 4527; x_wconf 76' lang='lat' dir='ltr'><strong>Barthius</strong></span> <span class='ocrx_word' id='word_1_555' title='bbox 1418 4479 1518 4527; x_wconf 87' lang='lat' dir='ltr'><strong>loc.</strong></span> <span class='ocrx_word' id='word_1_556' title='bbox 1568 4477 1694 4527; x_wconf 71' lang='grc' dir='ltr'><strong>υἷι..</strong></span> <span class='ocrx_word' id='word_1_557' title='bbox 1738 4486 1792 4527; x_wconf 87' lang='lat' dir='ltr'><strong>et</strong></span> 
     </span>
    </p>
   </div>
   <div class='ocr_carea' id='block_1_85' title="bbox 232 4474 1767 4536">
    <p class='ocr_par' dir='ltr' id='par_1_85' title="bbox 232 4474 1767 4536">
     <span class='ocr_line' id='line_1_87' title="bbox 232 4474 1767 4536; baseline 0.001 -10"><span class='ocrx_word' id='word_1_558' title='bbox 232 4474 478 4527; x_wconf 82' lang='lat' dir='ltr'><strong>Eamdem</strong></span> <span class='ocrx_word' id='word_1_559' title='bbox 536 4475 815 4528; x_wconf 78' lang='lat' dir='ltr'><strong>lectionem</strong></span> <span class='ocrx_word' id='word_1_560' title='bbox 856 4484 1068 4528; x_wconf 87' lang='lat' dir='ltr'><strong>tuentur</strong></span> <span class='ocrx_word' id='word_1_561' title='bbox 1118 4477 1365 4529; x_wconf 76' lang='lat' dir='ltr'><strong>Barthius</strong></span> <span class='ocrx_word' id='word_1_562' title='bbox 1418 4479 1518 4529; x_wconf 88' lang='lat' dir='ltr'><strong>loc.</strong></span> <span class='ocrx_word' id='word_1_563' title='bbox 1568 4477 1694 4536; x_wconf 71' lang='grc' dir='ltr'><strong>υἷι..</strong></span> <span class='ocrx_word' id='word_1_564' title='bbox 1738 4490 1767 4527; x_wconf 89' lang='lat' dir='ltr'><strong>c</strong></span> 
     </span>
    </p>
   </div>
   <div class='ocr_carea' id='block_1_86' title="bbox 224 4544 1791 4610">
    <p class='ocr_par' dir='ltr' id='par_1_86' title="bbox 224 4544 1791 4610">
     <span class='ocr_line' id='line_1_88' title="bbox 224 4544 1791 4610; baseline 0.001 -14"><span class='ocrx_word' id='word_1_565' title='bbox 224 4544 523 4599; x_wconf 71' lang='lat' dir='ltr'><strong>becmauus</strong></span> <span class='ocrx_word' id='word_1_566' title='bbox 553 4548 606 4597; x_wconf 88' lang='lat' dir='ltr'><strong>in</strong></span> <span class='ocrx_word' id='word_1_567' title='bbox 639 4544 940 4597; x_wconf 74' lang='lat' dir='ltr'><strong>Manuduct.</strong></span> <span class='ocrx_word' id='word_1_568' title='bbox 989 4546 1054 4597; x_wconf 86' lang='lat' dir='ltr'><strong>ad</strong></span> <span class='ocrx_word' id='word_1_569' title='bbox 1084 4546 1211 4609; x_wconf 70' lang='lat' dir='ltr'><strong>ling.</strong></span> <span class='ocrx_word' id='word_1_570' title='bbox 1260 4547 1371 4598; x_wconf 81' lang='lat' dir='ltr'><strong>Lat.</strong></span> <span class='ocrx_word' id='word_1_571' title='bbox 1405 4588 1420 4608; x_wconf 93' lang='lat'><strong>,</strong></span> <span class='ocrx_word' id='word_1_572' title='bbox 1463 4563 1581 4610; x_wconf 85' lang='lat' dir='ltr'><strong>cap.</strong></span> <span class='ocrx_word' id='word_1_573' title='bbox 1613 4546 1645 4596; x_wconf 78' lang='lat' dir='ltr'><strong>l5</strong></span> <span class='ocrx_word' id='word_1_574' title='bbox 1667 4588 1679 4603; x_wconf 85' lang='lat'><strong>.</strong></span> <span class='ocrx_word' id='word_1_575' title='bbox 1725 4559 1791 4597; x_wconf 71' lang='lat' dir='ltr'><strong>cx</strong></span> 
     </span>
    </p>
   </div>
   <div class='ocr_carea' id='block_1_87' title="bbox 226 4612 1790 4679">
    <p class='ocr_par' dir='ltr' id='par_1_87' title="bbox 226 4612 1790 4679">
     <span class='ocr_line' id='line_1_89' title="bbox 226 4612 1790 4679; baseline 0.003 -16"><span class='ocrx_word' id='word_1_576' title='bbox 226 4613 337 4665; x_wconf 85' lang='lat' dir='ltr'><strong>cod.</strong></span> <span class='ocrx_word' id='word_1_577' title='bbox 374 4614 527 4675; x_wconf 76' lang='lat' dir='ltr'><strong>PaL,</strong></span> <span class='ocrx_word' id='word_1_578' title='bbox 568 4616 657 4679; x_wconf 86' lang='lat' dir='ltr'><strong>qui</strong></span> <span class='ocrx_word' id='word_1_579' title='bbox 707 4615 865 4666; x_wconf 87' lang='lat' dir='ltr'><strong>etiam</strong></span> <span class='ocrx_word' id='word_1_580' title='bbox 919 4612 1190 4667; x_wconf 81' lang='lat' dir='ltr'><strong>Ciceronis</strong></span> <span class='ocrx_word' id='word_1_581' title='bbox 1223 4623 1377 4667; x_wconf 70' lang='lat' dir='ltr'><strong>verba</strong></span> <span class='ocrx_word' id='word_1_582' title='bbox 1431 4616 1497 4667; x_wconf 81' lang='lat' dir='ltr'><strong>tle</strong></span> <span class='ocrx_word' id='word_1_583' title='bbox 1546 4614 1790 4667; x_wconf 77' lang='lat' dir='ltr'><strong>Amicitia</strong></span> 
     </span>
    </p>
   </div>
   <div class='ocr_carea' id='block_1_88' title="bbox 228 4681 1791 4752">
    <p class='ocr_par' dir='ltr' id='par_1_88' title="bbox 228 4681 1791 4752">
     <span class='ocr_line' id='line_1_90' title="bbox 228 4681 1791 4752; baseline 0.003 -22"><span class='ocrx_word' id='word_1_584' title='bbox 228 4681 462 4746; x_wconf 59' lang='lat' dir='ltr'><strong>produnt</strong></span> <span class='ocrx_word' id='word_1_585' title='bbox 509 4701 521 4734; x_wconf 87' lang='lat'><em>:</em></span> <span class='ocrx_word' id='word_1_586' title='bbox 556 4686 710 4734; x_wconf 79' lang='lat' dir='ltr'><strong>Amor</strong></span> <span class='ocrx_word' id='word_1_587' title='bbox 762 4685 993 4752; x_wconf 86' lang='lat' dir='ltr'><strong>princeps</strong></span> <span class='ocrx_word' id='word_1_588' title='bbox 1028 4694 1100 4736; x_wconf 86' lang='lat' dir='ltr'><strong>est</strong></span> <span class='ocrx_word' id='word_1_589' title='bbox 1144 4684 1209 4736; x_wconf 80' lang='lat' dir='ltr'><strong>ad</strong></span> <span class='ocrx_word' id='word_1_590' title='bbox 1250 4685 1641 4737; x_wconf 81' lang='lat' dir='ltr'><strong>benevolentiam</strong></span> <span class='ocrx_word' id='word_1_591' title='bbox 1670 4699 1791 4735; x_wconf 86' lang='lat' dir='ltr'><strong>cott-</strong></span> 
     </span>
    </p>
   </div>
   <div class='ocr_carea' id='block_1_89' title="bbox 224 4752 552 4819">
    <p class='ocr_par' dir='ltr' id='par_1_89' title="bbox 224 4752 552 4819">
     <span class='ocr_line' id='line_1_91' title="bbox 224 4752 552 4819; baseline 0.006 -18"><span class='ocrx_word' id='word_1_592' title='bbox 224 4752 552 4819; x_wconf 76' lang='lat' dir='ltr'><strong>iungendam.</strong></span> 
     </span>
    </p>
   </div>
   <div class='ocr_carea' id='block_1_90' title="bbox 292 4820 1234 4888">
    <p class='ocr_par' dir='ltr' id='par_1_90' title="bbox 292 4820 1234 4888">
     <span class='ocr_line' id='line_1_92' title="bbox 292 4820 1234 4888; baseline 0.002 -16"><span class='ocrx_word' id='word_1_593' title='bbox 292 4823 381 4876; x_wconf 80' lang='grc'><strong>90.</strong></span> <span class='ocrx_word' id='word_1_594' title='bbox 410 4822 645 4888; x_wconf 73' lang='lat' dir='ltr'><strong>Uterque</strong></span> <span class='ocrx_word' id='word_1_595' title='bbox 672 4820 844 4886; x_wconf 86' lang='lat' dir='ltr'><strong>Rott.,</strong></span> <span class='ocrx_word' id='word_1_596' title='bbox 877 4824 1234 4875; x_wconf 86' lang='lat' dir='ltr'><strong>commaculas.</strong></span> 
     </span>
    </p>
   </div>
   <div class='ocr_carea' id='block_1_91' title="bbox 293 4889 1796 4961">
    <p class='ocr_par' dir='ltr' id='par_1_91' title="bbox 293 4889 1796 4961">
     <span class='ocr_line' id='line_1_93' title="bbox 293 4889 1796 4961; baseline 0.003 -20"><span class='ocrx_word' id='word_1_597' title='bbox 406 4891 578 4961; x_wconf 47' lang='lat' dir='ltr'><strong>Ald,</strong></span> <span class='ocrx_word' id='word_1_598' title='bbox 599 4891 708 4958; x_wconf 85' lang='lat' dir='ltr'><strong>jam</strong></span> <span class='ocrx_word' id='word_1_599' title='bbox 738 4891 954 4961; x_wconf 74' lang='lat' dir='ltr'><strong>fervida,</strong></span> <span class='ocrx_word' id='word_1_600' title='bbox 986 4893 1123 4961; x_wconf 88' lang='lat' dir='ltr'><strong>quod</strong></span> <span class='ocrx_word' id='word_1_601' title='bbox 1162 4892 1527 4947; x_wconf 66' lang='lat' dir='ltr'><strong>Nebrissetvis</strong></span> <span class='ocrx_word' id='word_1_602' title='bbox 1575 4891 1796 4959; x_wconf 74' lang='lat' dir='ltr'><strong>exponit</strong></span> 
     </span>
    </p>
   </div>
   <div class='ocr_carea' id='block_1_92' title="bbox 228 4956 1787 5035">
    <p class='ocr_par' dir='ltr' id='par_1_92' title="bbox 228 4956 1787 5035">
     <span class='ocr_line' id='line_1_94' title="bbox 228 4956 1787 5035; baseline 0.003 -28"><span class='ocrx_word' id='word_1_603' title='bbox 228 4957 291 5035; x_wconf 70' lang='lat' dir='ltr'><strong>de</strong></span> <span class='ocrx_word' id='word_1_604' title='bbox 322 4956 545 5012; x_wconf 73' lang='lat' dir='ltr'><strong>Veneris</strong></span> <span class='ocrx_word' id='word_1_605' title='bbox 567 4956 717 5035; x_wconf 56' lang='lat' dir='ltr'><strong>ignea</strong></span> <span class='ocrx_word' id='word_1_606' title='bbox 739 4956 1178 5035; x_wconf 55' lang='lat' dir='ltr'><strong>&#39;tiat_ttra‘._C:cteri</strong></span> <span class='ocrx_word' id='word_1_607' title='bbox 1208 4965 1398 5014; x_wconf 89' lang='lat' dir='ltr'><strong>melius</strong></span> <span class='ocrx_word' id='word_1_608' title='bbox 1419 4967 1534 5035; x_wconf 86' lang='lat' dir='ltr'><strong>jam</strong></span> <span class='ocrx_word' id='word_1_609' title='bbox 1578 4956 1787 5035; x_wconf 73' lang='lat' dir='ltr'><strong>frigida.</strong></span> 
     </span>
    </p>
   </div>
   <div class='ocr_carea' id='block_1_93' title="bbox 230 5027 1796 5097">
    <p class='ocr_par' dir='ltr' id='par_1_93' title="bbox 230 5027 1796 5097">
     <span class='ocr_line' id='line_1_95' title="bbox 230 5027 1796 5097; baseline 0.004 -19"><span class='ocrx_word' id='word_1_610' title='bbox 230 5027 337 5079; x_wconf 81' lang='lat' dir='ltr'><strong>Non</strong></span> <span class='ocrx_word' id='word_1_611' title='bbox 368 5037 544 5081; x_wconf 84' lang='lat' dir='ltr'><strong>tamen</strong></span> <span class='ocrx_word' id='word_1_612' title='bbox 579 5030 745 5097; x_wconf 88' lang='lat' dir='ltr'><strong>probo</strong></span> <span class='ocrx_word' id='word_1_613' title='bbox 785 5029 1124 5082; x_wconf 87' lang='lat' dir='ltr'><strong>Chamillardi</strong></span> <span class='ocrx_word' id='word_1_614' title='bbox 1153 5027 1667 5097; x_wconf 63' lang='lat' dir='ltr'><strong>interpretationem,</strong></span> <span class='ocrx_word' id='word_1_615' title='bbox 1704 5032 1796 5084; x_wconf 82' lang='lat' dir='ltr'><strong>fri-</strong></span> 
     </span>
    </p>
   </div>
   <div class='ocr_carea' id='block_1_94' title="bbox 228 5098 1794 5169">
    <p class='ocr_par' dir='ltr' id='par_1_94' title="bbox 228 5098 1794 5169">
     <span class='ocr_line' id='line_1_96' title="bbox 228 5098 1794 5169; baseline 0.006 -23"><span class='ocrx_word' id='word_1_616' title='bbox 228 5098 399 5159; x_wconf 68' lang='lat' dir='ltr'><strong>gidant</strong></span> <span class='ocrx_word' id='word_1_617' title='bbox 452 5100 626 5151; x_wconf 83' lang='lat' dir='ltr'><strong>vocari</strong></span> <span class='ocrx_word' id='word_1_618' title='bbox 653 5140 693 5169; x_wconf 17' lang='grc' dir='ltr'><strong>,ί</strong></span> <span class='ocrx_word' id='word_1_619' title='bbox 722 5100 842 5162; x_wconf 87' lang='lat' dir='ltr'><strong>quia</strong></span> <span class='ocrx_word' id='word_1_620' title='bbox 891 5100 1158 5153; x_wconf 89' lang='lat' dir='ltr'><strong>crudelius</strong></span> <span class='ocrx_word' id='word_1_621' title='bbox 1198 5116 1458 5169; x_wconf 67' lang='lat' dir='ltr'><strong>vetueiutm</strong></span> <span class='ocrx_word' id='word_1_622' title='bbox 1482 5144 1496 5165; x_wconf 87' lang='lat'><strong>,</strong></span> <span class='ocrx_word' id='word_1_623' title='bbox 1532 5117 1594 5155; x_wconf 83' lang='lat' dir='ltr'><strong>ac</strong></span> <span class='ocrx_word' id='word_1_624' title='bbox 1625 5101 1794 5168; x_wconf 73' lang='lat' dir='ltr'><strong>magis</strong></span> 
     </span>
    </p>
   </div>
   <div class='ocr_carea' id='block_1_95' title="bbox 233 5168 1788 5236">
    <p class='ocr_par' dir='ltr' id='par_1_95' title="bbox 233 5168 1788 5236">
     <span class='ocr_line' id='line_1_97' title="bbox 233 5168 1788 5236; baseline 0.005 -21"><span class='ocrx_word' id='word_1_625' title='bbox 233 5177 647 5236; x_wconf 61' lang='lat' dir='ltr'><strong>praesentaneum</strong></span> <span class='ocrx_word' id='word_1_626' title='bbox 675 5168 915 5236; x_wconf 78' lang='lat' dir='ltr'><strong>frigidum</strong></span> <span class='ocrx_word' id='word_1_627' title='bbox 941 5181 1041 5221; x_wconf 90' lang='lat' dir='ltr'><strong>est.</strong></span> <span class='ocrx_word' id='word_1_628' title='bbox 1065 5168 1334 5224; x_wconf 83' lang='lat' dir='ltr'><strong>Libentius</strong></span> <span class='ocrx_word' id='word_1_629' title='bbox 1361 5174 1517 5226; x_wconf 83' lang='lat' dir='ltr'><strong>audio</strong></span> <span class='ocrx_word' id='word_1_630' title='bbox 1543 5173 1747 5224; x_wconf 64' lang='lat' dir='ltr'><strong>lsOllt&#39;ltl</strong></span> <span class='ocrx_word' id='word_1_631' title='bbox 1777 5190 1788 5223; x_wconf 86' lang='lat'><strong>:</strong></span> 
     </span>
    </p>
   </div>
   <div class='ocr_carea' id='block_1_96' title="bbox 233 5231 1788 5308">
    <p class='ocr_par' dir='ltr' id='par_1_96' title="bbox 233 5231 1788 5308">
     <span class='ocr_line' id='line_1_98' title="bbox 233 5231 1788 5308; baseline 0.004 -21"><span class='ocrx_word' id='word_1_632' title='bbox 233 5231 439 5308; x_wconf 56' lang='lat' dir='ltr'><strong>functus</strong></span> <span class='ocrx_word' id='word_1_633' title='bbox 469 5231 935 5308; x_wconf 50' lang='lat' dir='ltr'><strong>_ttirta,Vi-l&#39;|totitts</strong></span> <span class='ocrx_word' id='word_1_634' title='bbox 959 5239 1199 5291; x_wconf 74' lang='lat' dir='ltr'><strong>extincta.</strong></span> <span class='ocrx_word' id='word_1_635' title='bbox 1221 5241 1461 5307; x_wconf 78' lang='lat' dir='ltr'><strong>Virgilius</strong></span> <span class='ocrx_word' id='word_1_636' title='bbox 1490 5258 1537 5295; x_wconf 86' lang='lat' dir='ltr'><strong>tv</strong></span> <span class='ocrx_word' id='word_1_637' title='bbox 1554 5242 1747 5308; x_wconf 72' lang='lat' dir='ltr'><strong>Georg.</strong></span> <span class='ocrx_word' id='word_1_638' title='bbox 1776 5258 1788 5292; x_wconf 89' lang='lat'><strong>:</strong></span> 
     </span>
    </p>
   </div>
   <div class='ocr_carea' id='block_1_97' title="bbox 233 5303 1794 5381">
    <p class='ocr_par' dir='ltr' id='par_1_97' title="bbox 233 5303 1794 5381">
     <span class='ocr_line' id='line_1_99' title="bbox 233 5303 1794 5381; baseline 0.007 -29"><span class='ocrx_word' id='word_1_639' title='bbox 233 5303 331 5353; x_wconf 66' lang='lat' dir='ltr'><strong>liln</strong></span> <span class='ocrx_word' id='word_1_640' title='bbox 358 5306 420 5369; x_wconf 80' lang='lat' dir='ltr'><strong>qu</strong></span> <span class='ocrx_word' id='word_1_641' title='bbox 443 5306 583 5381; x_wconf 49' lang='lat' dir='ltr'><strong>denu</strong></span> <span class='ocrx_word' id='word_1_642' title='bbox 604 5305 783 5375; x_wconf 65' lang='lat' dir='ltr'><strong>Stygia</strong></span> <span class='ocrx_word' id='word_1_643' title='bbox 814 5307 963 5381; x_wconf 83' lang='lat' dir='ltr'><strong>nabat</strong></span> <span class='ocrx_word' id='word_1_644' title='bbox 1007 5309 1109 5381; x_wconf 81' lang='lat' dir='ltr'><strong>iam</strong></span> <span class='ocrx_word' id='word_1_645' title='bbox 1140 5303 1570 5381; x_wconf 12' lang='lat' dir='ltr'><strong>frigiddrcgmba.</strong></span> <span class='ocrx_word' id='word_1_646' title='bbox 1604 5303 1794 5363; x_wconf 59' lang='lat' dir='ltr'><strong>Fract-</strong></span> 
     </span>
    </p>
   </div>
   <div class='ocr_carea' id='block_1_98' title="bbox 235 5374 1790 5449">
    <p class='ocr_par' dir='ltr' id='par_1_98' title="bbox 235 5374 1790 5449">
     <span class='ocr_line' id='line_1_100' title="bbox 235 5374 1790 5449; baseline 0.006 -29"><span class='ocrx_word' id='word_1_647' title='bbox 235 5383 403 5449; x_wconf 54' lang='lat' dir='ltr'><strong>sJorus</strong></span> <span class='ocrx_word' id='word_1_648' title='bbox 446 5374 791 5428; x_wconf 80' lang='lat' dir='ltr'><strong>Prudentium</strong></span> <span class='ocrx_word' id='word_1_649' title='bbox 838 5380 1070 5449; x_wconf 75' lang='lat' dir='ltr'><strong>ittttlattir</strong></span> <span class='ocrx_word' id='word_1_650' title='bbox 1100 5374 1149 5431; x_wconf 88' lang='lat' dir='ltr'><strong>iti</strong></span> <span class='ocrx_word' id='word_1_651' title='bbox 1180 5374 1428 5448; x_wconf 47' lang='lat' dir='ltr'><strong>S)’|i|til.v:</strong></span> <span class='ocrx_word' id='word_1_652' title='bbox 1454 5383 1594 5435; x_wconf 84' lang='lat' dir='ltr'><strong>Abde</strong></span> <span class='ocrx_word' id='word_1_653' title='bbox 1617 5390 1790 5449; x_wconf 86' lang='lat' dir='ltr'><strong>caput,</strong></span> 
     </span>
    </p>
   </div>
   <div class='ocr_carea' id='block_1_99' title="bbox 236 5436 1192 5504">
    <p class='ocr_par' dir='ltr' id='par_1_99' title="bbox 236 5436 1192 5504">
     <span class='ocr_line' id='line_1_101' title="bbox 236 5436 1192 5504; baseline 0.007 -11"><span class='ocrx_word' id='word_1_654' title='bbox 236 5436 442 5504; x_wconf 75' lang='lat' dir='ltr'><strong>Benace,</strong></span> <span class='ocrx_word' id='word_1_655' title='bbox 478 5455 564 5496; x_wconf 86' lang='lat' dir='ltr'><strong>tuo</strong></span> <span class='ocrx_word' id='word_1_656' title='bbox 595 5457 638 5496; x_wconf 88' lang='lat' dir='ltr'><strong>et</strong></span> <span class='ocrx_word' id='word_1_657' title='bbox 667 5455 712 5496; x_wconf 86' lang='lat' dir='ltr'><strong>te</strong></span> <span class='ocrx_word' id='word_1_658' title='bbox 733 5448 890 5498; x_wconf 86' lang='lat' dir='ltr'><strong>conde</strong></span> <span class='ocrx_word' id='word_1_659' title='bbox 916 5449 1005 5498; x_wconf 78' lang='lat' dir='ltr'><strong>sub</strong></span> <span class='ocrx_word' id='word_1_660' title='bbox 1027 5465 1192 5499; x_wconf 85' lang='lat' dir='ltr'><strong>amne.</strong></span> 
     </span>
    </p>
   </div>
   <div class='ocr_carea' id='block_1_100' title="bbox 299 5510 1791 5588">
    <p class='ocr_par' dir='ltr' id='par_1_100' title="bbox 299 5510 1791 5588">
     <span class='ocr_line' id='line_1_102' title="bbox 299 5510 1791 5588; baseline 0.006 -25"><span class='ocrx_word' id='word_1_661' title='bbox 299 5510 386 5563; x_wconf 78' lang='lat'><strong>95.</strong></span> <span class='ocrx_word' id='word_1_662' title='bbox 418 5514 533 5567; x_wconf 83' lang='lat' dir='ltr'><strong>\at.</strong></span> <span class='ocrx_word' id='word_1_663' title='bbox 564 5512 625 5575; x_wconf 62' lang='grc' dir='ltr'><strong>ἶν’,</strong></span> <span class='ocrx_word' id='word_1_664' title='bbox 656 5516 907 5588; x_wconf 61' lang='lat' dir='ltr'><strong>mendose</strong></span> <span class='ocrx_word' id='word_1_665' title='bbox 935 5556 948 5574; x_wconf 89' lang='lat'><strong>,</strong></span> <span class='ocrx_word' id='word_1_666' title='bbox 982 5518 1225 5583; x_wconf 72' lang='lat' dir='ltr'><strong>sul/ineas</strong></span> <span class='ocrx_word' id='word_1_667' title='bbox 1259 5534 1353 5585; x_wconf 84' lang='lat' dir='ltr'><strong>pro</strong></span> <span class='ocrx_word' id='word_1_668' title='bbox 1383 5519 1703 5588; x_wconf 77' lang='lat' dir='ltr'><strong>sulphureas.</strong></span> <span class='ocrx_word' id='word_1_669' title='bbox 1739 5520 1791 5573; x_wconf 88' lang='lat' dir='ltr'><strong>In</strong></span> 
     </span>
    </p>
   </div>
   <div class='ocr_carea' id='block_1_101' title="bbox 239 5580 1446 5650">
    <p class='ocr_par' dir='ltr' id='par_1_101' title="bbox 239 5580 1446 5650">
     <span class='ocr_line' id='line_1_103' title="bbox 239 5580 1446 5650; baseline 0.008 -17"><span class='ocrx_word' id='word_1_670' title='bbox 239 5580 349 5633; x_wconf 76' lang='lat' dir='ltr'><strong>Pot.</strong></span> <span class='ocrx_word' id='word_1_671' title='bbox 383 5597 597 5650; x_wconf 80' lang='lat' dir='ltr'><strong>semper</strong></span> <span class='ocrx_word' id='word_1_672' title='bbox 622 5587 883 5648; x_wconf 77' lang='lat' dir='ltr'><strong>solporens</strong></span> <span class='ocrx_word' id='word_1_673' title='bbox 903 5598 955 5637; x_wconf 88' lang='lat' dir='ltr'><strong>et</strong></span> <span class='ocrx_word' id='word_1_674' title='bbox 981 5580 1145 5638; x_wconf 73' lang='lat' dir='ltr'><strong>vertex</strong></span> <span class='ocrx_word' id='word_1_675' title='bbox 1172 5580 1446 5643; x_wconf 81' lang='lat' dir='ltr'><strong>scribitur.</strong></span> 
     </span>
    </p>
   </div>
   <div class='ocr_carea' id='block_1_102' title="bbox 296 5652 1787 5728">
    <p class='ocr_par' dir='ltr' id='par_1_102' title="bbox 296 5652 1787 5728">
     <span class='ocr_line' id='line_1_104' title="bbox 296 5652 1787 5728; baseline 0.003 -22"><span class='ocrx_word' id='word_1_676' title='bbox 296 5652 577 5728; x_wconf 53' lang='lat' dir='ltr'><strong>97.nliirug.</strong></span> <span class='ocrx_word' id='word_1_677' title='bbox 628 5661 683 5706; x_wconf 90' lang='lat' dir='ltr'><strong>et</strong></span> <span class='ocrx_word' id='word_1_678' title='bbox 726 5656 897 5728; x_wconf 78' lang='lat' dir='ltr'><strong>S_iclt.,</strong></span> <span class='ocrx_word' id='word_1_679' title='bbox 945 5654 1144 5709; x_wconf 84' lang='lat' dir='ltr'><strong>Christo</strong></span> <span class='ocrx_word' id='word_1_680' title='bbox 1196 5672 1290 5724; x_wconf 85' lang='lat' dir='ltr'><strong>pro</strong></span> <span class='ocrx_word' id='word_1_681' title='bbox 1320 5662 1459 5728; x_wconf 82' lang='lat' dir='ltr'><strong>.regi.</strong></span> <span class='ocrx_word' id='word_1_682' title='bbox 1504 5659 1557 5712; x_wconf 86' lang='lat' dir='ltr'><strong>lit</strong></span> <span class='ocrx_word' id='word_1_683' title='bbox 1591 5658 1787 5713; x_wconf 78' lang='lat' dir='ltr'><strong>Erltttt.</strong></span> 
     </span>
    </p>
   </div>
   <div class='ocr_carea' id='block_1_103' title="bbox 234 5718 1186 5790">
    <p class='ocr_par' dir='ltr' id='par_1_103' title="bbox 234 5718 1186 5790">
     <span class='ocr_line' id='line_1_105' title="bbox 234 5718 1186 5790; baseline 0.001 -17"><span class='ocrx_word' id='word_1_684' title='bbox 234 5732 338 5773; x_wconf 63' lang='lat' dir='ltr'><strong>erat</strong></span> <span class='ocrx_word' id='word_1_685' title='bbox 367 5718 564 5775; x_wconf 65' lang='lat' dir='ltr'><strong>Christo</strong></span> <span class='ocrx_word' id='word_1_686' title='bbox 593 5737 688 5789; x_wconf 88' lang='lat' dir='ltr'><strong>pro</strong></span> <span class='ocrx_word' id='word_1_687' title='bbox 716 5723 910 5790; x_wconf 77' lang='lat' dir='ltr'><strong>glossa.</strong></span> <span class='ocrx_word' id='word_1_688' title='bbox 1169 5728 1186 5744; x_wconf 85' lang='lat'><strong>&#39;</strong></span> 
     </span>
    </p>
   </div>
   <div class='ocr_carea' id='block_1_104' title="bbox 1896 3150 3470 3219">
    <p class='ocr_par' dir='ltr' id='par_1_104' title="bbox 1896 3150 3470 3219">
     <span class='ocr_line' id='line_1_106' title="bbox 1896 3150 3470 3219; baseline -0.004 -11"><span class='ocrx_word' id='word_1_689' title='bbox 1896 3152 2054 3208; x_wconf 89' lang='lat' dir='ltr'><strong>docet</strong></span> <span class='ocrx_word' id='word_1_690' title='bbox 2095 3155 2163 3207; x_wconf 88' lang='lat' dir='ltr'><strong>ita</strong></span> <span class='ocrx_word' id='word_1_691' title='bbox 2188 3162 2396 3207; x_wconf 88' lang='lat' dir='ltr'><strong>veteres</strong></span> <span class='ocrx_word' id='word_1_692' title='bbox 2420 3151 2768 3219; x_wconf 89' lang='lat' dir='ltr'><strong>pronuntiare</strong></span> <span class='ocrx_word' id='word_1_693' title='bbox 2787 3151 3128 3206; x_wconf 88' lang='lat' dir='ltr'><strong>consuevisse</strong></span> <span class='ocrx_word' id='word_1_694' title='bbox 3144 3150 3470 3216; x_wconf 68' lang='lat' dir='ltr'><strong>interefcctaa,</strong></span> 
     </span>
    </p>
   </div>
   <div class='ocr_carea' id='block_1_105' title="bbox 1897 3220 3474 3290">
    <p class='ocr_par' dir='ltr' id='par_1_105' title="bbox 1897 3220 3474 3290">
     <span class='ocr_line' id='line_1_107' title="bbox 1897 3220 3474 3290; baseline -0.003 -13"><span class='ocrx_word' id='word_1_695' title='bbox 1897 3233 1955 3277; x_wconf 92' lang='lat' dir='ltr'><strong>ut</strong></span> <span class='ocrx_word' id='word_1_696' title='bbox 1980 3222 2220 3290; x_wconf 76' lang='lat' dir='ltr'><strong>dactylus</strong></span> <span class='ocrx_word' id='word_1_697' title='bbox 2248 3221 2432 3287; x_wconf 89' lang='lat' dir='ltr'><strong>quinto</strong></span> <span class='ocrx_word' id='word_1_698' title='bbox 2458 3226 2606 3276; x_wconf 80' lang='lat' dir='ltr'><strong>esset</strong></span> <span class='ocrx_word' id='word_1_699' title='bbox 2637 3221 2777 3273; x_wconf 90' lang='lat' dir='ltr'><strong>loco.</strong></span> <span class='ocrx_word' id='word_1_700' title='bbox 2826 3220 2940 3290; x_wconf 83' lang='lat' dir='ltr'><strong>Non</strong></span> <span class='ocrx_word' id='word_1_701' title='bbox 2985 3220 3253 3273; x_wconf 88' lang='lat' dir='ltr'><strong>assentior</strong></span> <span class='ocrx_word' id='word_1_702' title='bbox 3292 3234 3474 3290; x_wconf 28' lang='lat' dir='ltr'><strong>:‘nam</strong></span> 
     </span>
    </p>
   </div>
   <div class='ocr_carea' id='block_1_106' title="bbox 1895 3286 3467 3361">
    <p class='ocr_par' dir='ltr' id='par_1_106' title="bbox 1895 3286 3467 3361">
     <span class='ocr_line' id='line_1_108' title="bbox 1895 3286 3467 3361; baseline -0.004 -14"><span class='ocrx_word' id='word_1_703' title='bbox 1895 3286 2225 3361; x_wconf 87' lang='lat' dir='ltr'><strong>antiquiores</strong></span> <span class='ocrx_word' id='word_1_704' title='bbox 2252 3286 2579 3361; x_wconf 76' lang='lat' dir='ltr'><strong>grammatici</strong></span> <span class='ocrx_word' id='word_1_705' title='bbox 2609 3289 2809 3344; x_wconf 89' lang='lat' dir='ltr'><strong>diserte</strong></span> <span class='ocrx_word' id='word_1_706' title='bbox 2831 3289 3066 3355; x_wconf 90' lang='lat' dir='ltr'><strong>tradunt,</strong></span> <span class='ocrx_word' id='word_1_707' title='bbox 3089 3286 3467 3361; x_wconf 72' lang='lat' dir='ltr'><strong>nonnunquam</strong></span> 
     </span>
    </p>
   </div>
   <div class='ocr_carea' id='block_1_107' title="bbox 1896 3359 3472 3430">
    <p class='ocr_par' dir='ltr' id='par_1_107' title="bbox 1896 3359 3472 3430">
     <span class='ocr_line' id='line_1_109' title="bbox 1896 3359 3472 3430; baseline -0.004 -12"><span class='ocrx_word' id='word_1_708' title='bbox 1896 3359 2037 3418; x_wconf 81' lang='lat' dir='ltr'><strong>sede</strong></span> <span class='ocrx_word' id='word_1_709' title='bbox 2055 3363 2233 3430; x_wconf 86' lang='lat' dir='ltr'><strong>quinta</strong></span> <span class='ocrx_word' id='word_1_710' title='bbox 2259 3359 2569 3430; x_wconf 72' lang='lat' dir='ltr'><strong>spondreum</strong></span> <span class='ocrx_word' id='word_1_711' title='bbox 2599 3361 2651 3414; x_wconf 90' lang='lat' dir='ltr'><strong>in</strong></span> <span class='ocrx_word' id='word_1_712' title='bbox 2674 3375 2830 3415; x_wconf 87' lang='lat' dir='ltr'><strong>versu</strong></span> <span class='ocrx_word' id='word_1_713' title='bbox 2862 3361 3173 3413; x_wconf 81' lang='lat' dir='ltr'><strong>hexametro</strong></span> <span class='ocrx_word' id='word_1_714' title='bbox 3198 3359 3472 3413; x_wconf 81' lang='lat' dir='ltr'><strong>collocari.</strong></span> 
     </span>
    </p>
   </div>
   <div class='ocr_carea' id='block_1_108' title="bbox 1966 3429 3474 3497">
    <p class='ocr_par' dir='ltr' id='par_1_108' title="bbox 1966 3429 3474 3497">
     <span class='ocr_line' id='line_1_110' title="bbox 1966 3429 3474 3497; baseline -0.004 -10"><span class='ocrx_word' id='word_1_715' title='bbox 1966 3429 2090 3487; x_wconf 79' lang='grc'>100.</span> <span class='ocrx_word' id='word_1_716' title='bbox 2118 3432 2171 3485; x_wconf 87' lang='grc' dir='ltr'>1η</span> <span class='ocrx_word' id='word_1_717' title='bbox 2205 3429 2321 3485; x_wconf 78' lang='lat' dir='ltr'><strong>Val.</strong></span> <span class='ocrx_word' id='word_1_718' title='bbox 2347 3430 2386 3486; x_wconf 91' lang='lat' dir='ltr'><strong>C</strong></span> <span class='ocrx_word' id='word_1_719' title='bbox 2410 3433 2563 3486; x_wconf 87' lang='lat' dir='ltr'><strong>metri</strong></span> <span class='ocrx_word' id='word_1_720' title='bbox 2590 3443 2742 3484; x_wconf 89' lang='lat' dir='ltr'><strong>error</strong></span> <span class='ocrx_word' id='word_1_721' title='bbox 2767 3440 2869 3486; x_wconf 76' lang='lat' dir='ltr'><strong>est.</strong></span> <span class='ocrx_word' id='word_1_722' title='bbox 2895 3430 2977 3481; x_wconf 86' lang='lat' dir='ltr'><strong>cui</strong></span> <span class='ocrx_word' id='word_1_723' title='bbox 3003 3429 3168 3482; x_wconf 82' lang='lat' dir='ltr'><strong>sanies</strong></span> <span class='ocrx_word' id='word_1_724' title='bbox 3188 3444 3283 3497; x_wconf 91' lang='lat' dir='ltr'><strong>pro</strong></span> <span class='ocrx_word' id='word_1_725' title='bbox 3306 3430 3474 3481; x_wconf 86' lang='lat' dir='ltr'><strong>sanies</strong></span> 
     </span>
    </p>
   </div>
   <div class='ocr_carea' id='block_1_109' title="bbox 1896 3498 3473 3567">
    <p class='ocr_par' dir='ltr' id='par_1_109' title="bbox 1896 3498 3473 3567">
     <span class='ocr_line' id='line_1_111' title="bbox 1896 3498 3473 3567; baseline -0.002 -12"><span class='ocrx_word' id='word_1_726' title='bbox 1896 3505 2000 3556; x_wconf 90' lang='lat' dir='ltr'><strong>cui.</strong></span> <span class='ocrx_word' id='word_1_727' title='bbox 2034 3502 2088 3556; x_wconf 91' lang='lat' dir='ltr'><strong>lu</strong></span> <span class='ocrx_word' id='word_1_728' title='bbox 2118 3503 2238 3556; x_wconf 90' lang='lat' dir='ltr'><strong>cod.</strong></span> <span class='ocrx_word' id='word_1_729' title='bbox 2276 3503 2523 3560; x_wconf 82' lang='lat' dir='ltr'><strong>Piccarti.</strong></span> <span class='ocrx_word' id='word_1_730' title='bbox 2571 3502 2738 3553; x_wconf 86' lang='lat' dir='ltr'><strong>sanies</strong></span> <span class='ocrx_word' id='word_1_731' title='bbox 2769 3500 2855 3553; x_wconf 80' lang='lat' dir='ltr'><strong>cui</strong></span> <span class='ocrx_word' id='word_1_732' title='bbox 2877 3512 2984 3562; x_wconf 90' lang='lat' dir='ltr'><strong>ore,</strong></span> <span class='ocrx_word' id='word_1_733' title='bbox 3014 3498 3153 3567; x_wconf 90' lang='lat' dir='ltr'><strong>quod</strong></span> <span class='ocrx_word' id='word_1_734' title='bbox 3182 3499 3473 3552; x_wconf 79' lang='lat' dir='ltr'><strong>defendere</strong></span> 
     </span>
    </p>
   </div>
   <div class='ocr_carea' id='block_1_110' title="bbox 1895 3568 3469 3636">
    <p class='ocr_par' dir='ltr' id='par_1_110' title="bbox 1895 3568 3469 3636">
     <span class='ocr_line' id='line_1_112' title="bbox 1895 3568 3469 3636; baseline -0.004 -12"><span class='ocrx_word' id='word_1_735' title='bbox 1895 3573 2104 3627; x_wconf 89' lang='lat' dir='ltr'><strong>videtur</strong></span> <span class='ocrx_word' id='word_1_736' title='bbox 2133 3571 2404 3627; x_wconf 78' lang='lat' dir='ltr'><strong>l’iccartus</strong></span> <span class='ocrx_word' id='word_1_737' title='bbox 2437 3572 2642 3625; x_wconf 90' lang='lat' dir='ltr'><strong>ratione</strong></span> <span class='ocrx_word' id='word_1_738' title='bbox 2683 3572 2884 3633; x_wconf 88' lang='lat' dir='ltr'><strong>hiatus;</strong></span> <span class='ocrx_word' id='word_1_739' title='bbox 2928 3568 3189 3621; x_wconf 70' lang='lat' dir='ltr'><strong>sententia</strong></span> <span class='ocrx_word' id='word_1_740' title='bbox 3218 3583 3345 3621; x_wconf 76' lang='lat' dir='ltr'><strong>vero</strong></span> <span class='ocrx_word' id='word_1_741' title='bbox 3373 3582 3469 3636; x_wconf 84' lang='lat' dir='ltr'><strong>pu-</strong></span> 
     </span>
    </p>
   </div>
   <div class='ocr_carea' id='block_1_111' title="bbox 1893 3638 3473 3705">
    <p class='ocr_par' dir='ltr' id='par_1_111' title="bbox 1893 3638 3473 3705">
     <span class='ocr_line' id='line_1_113' title="bbox 1893 3638 3473 3705; baseline -0.003 -11"><span class='ocrx_word' id='word_1_742' title='bbox 1893 3644 1995 3695; x_wconf 88' lang='lat' dir='ltr'><strong>scit</strong></span> <span class='ocrx_word' id='word_1_743' title='bbox 2041 3644 2123 3695; x_wconf 88' lang='lat' dir='ltr'><strong>cui</strong></span> <span class='ocrx_word' id='word_1_744' title='bbox 2152 3658 2285 3705; x_wconf 88' lang='lat' dir='ltr'><strong>rore,</strong></span> <span class='ocrx_word' id='word_1_745' title='bbox 2332 3642 2432 3696; x_wconf 89' lang='lat' dir='ltr'><strong>nisi</strong></span> <span class='ocrx_word' id='word_1_746' title='bbox 2484 3640 2567 3692; x_wconf 87' lang='lat' dir='ltr'><strong>cui</strong></span> <span class='ocrx_word' id='word_1_747' title='bbox 2611 3640 2877 3693; x_wconf 76' lang='lat' dir='ltr'><strong>referatur</strong></span> <span class='ocrx_word' id='word_1_748' title='bbox 2921 3639 2986 3691; x_wconf 86' lang='lat' dir='ltr'><strong>ad</strong></span> <span class='ocrx_word' id='word_1_749' title='bbox 3016 3638 3333 3703; x_wconf 81' lang='lat' dir='ltr'><strong>pudicitiam.</strong></span> <span class='ocrx_word' id='word_1_750' title='bbox 3365 3639 3473 3691; x_wconf 74' lang='lat' dir='ltr'><strong>Cur</strong></span> 
     </span>
    </p>
   </div>
   <div class='ocr_carea' id='block_1_112' title="bbox 1892 3708 3467 3775">
    <p class='ocr_par' dir='ltr' id='par_1_112' title="bbox 1892 3708 3467 3775">
     <span class='ocr_line' id='line_1_114' title="bbox 1892 3708 3467 3775; baseline -0.003 -13"><span class='ocrx_word' id='word_1_751' title='bbox 1892 3722 2068 3765; x_wconf 88' lang='lat' dir='ltr'><strong>autem</strong></span> <span class='ocrx_word' id='word_1_752' title='bbox 2100 3711 2347 3765; x_wconf 81' lang='lat' dir='ltr'><strong>Jordunis</strong></span> <span class='ocrx_word' id='word_1_753' title='bbox 2379 3713 2430 3763; x_wconf 91' lang='lat' dir='ltr'><strong>in</strong></span> <span class='ocrx_word' id='word_1_754' title='bbox 2459 3710 2615 3764; x_wconf 87' lang='lat' dir='ltr'><strong>undis</strong></span> <span class='ocrx_word' id='word_1_755' title='bbox 2659 3708 2911 3771; x_wconf 80' lang='lat' dir='ltr'><strong>pudicitia</strong></span> <span class='ocrx_word' id='word_1_756' title='bbox 2949 3708 3176 3761; x_wconf 79' lang='lat' dir='ltr'><strong>abluerit</strong></span> <span class='ocrx_word' id='word_1_757' title='bbox 3205 3708 3467 3775; x_wconf 76' lang='lat' dir='ltr'><strong>gladium,</strong></span> 
     </span>
    </p>
   </div>
   <div class='ocr_carea' id='block_1_113' title="bbox 1931 3776 3469 3848">
    <p class='ocr_par' dir='ltr' id='par_1_113' title="bbox 1931 3776 3469 3848">
     <span class='ocr_line' id='line_1_115' title="bbox 1931 3776 3469 3848; baseline -0.001 -18"><span class='ocrx_word' id='word_1_758' title='bbox 1931 3790 2036 3833; x_wconf 81' lang='lat' dir='ltr'><strong>atet</strong></span> <span class='ocrx_word' id='word_1_759' title='bbox 2064 3796 2126 3834; x_wconf 82' lang='lat' dir='ltr'><strong>ex</strong></span> <span class='ocrx_word' id='word_1_760' title='bbox 2159 3781 2400 3834; x_wconf 87' lang='lat' dir='ltr'><strong>versibus</strong></span> <span class='ocrx_word' id='word_1_761' title='bbox 2429 3794 2580 3848; x_wconf 83' lang='lat' dir='ltr'><strong>seqq.</strong></span> <span class='ocrx_word' id='word_1_762' title='bbox 2610 3789 2661 3831; x_wconf 90' lang='lat' dir='ltr'><strong>et</strong></span> <span class='ocrx_word' id='word_1_763' title='bbox 2693 3792 2762 3831; x_wconf 78' lang='lat' dir='ltr'><strong>ex</strong></span> <span class='ocrx_word' id='word_1_764' title='bbox 2794 3786 2907 3833; x_wconf 90' lang='lat' dir='ltr'><strong>not.</strong></span> <span class='ocrx_word' id='word_1_765' title='bbox 2930 3779 2995 3830; x_wconf 86' lang='lat' dir='ltr'><strong>ad</strong></span> <span class='ocrx_word' id='word_1_766' title='bbox 3024 3778 3253 3831; x_wconf 67' lang='lat' dir='ltr'><strong>vers.64</strong></span> <span class='ocrx_word' id='word_1_767' title='bbox 3284 3776 3469 3847; x_wconf 81' lang='lat' dir='ltr'><strong>hymni</strong></span> 
     </span>
    </p>
   </div>
   <div class='ocr_carea' id='block_1_114' title="bbox 1957 3850 2201 3904">
    <p class='ocr_par' dir='ltr' id='par_1_114' title="bbox 1957 3850 2201 3904">
     <span class='ocr_line' id='line_1_116' title="bbox 1957 3850 2201 3904; baseline 0 0"><span class='ocrx_word' id='word_1_768' title='bbox 1957 3850 2201 3904; x_wconf 80' lang='lat' dir='ltr'><strong>Cathem.</strong></span> 
     </span>
    </p>
   </div>
   <div class='ocr_carea' id='block_1_115' title="bbox 1967 3914 3469 3988">
    <p class='ocr_par' dir='ltr' id='par_1_115' title="bbox 1967 3914 3469 3988">
     <span class='ocr_line' id='line_1_117' title="bbox 1967 3914 3469 3988; baseline -0.003 -14"><span class='ocrx_word' id='word_1_769' title='bbox 1967 3921 2086 3974; x_wconf 80' lang='grc'>105.</span> <span class='ocrx_word' id='word_1_770' title='bbox 2113 3919 2273 3988; x_wconf 76' lang='lat' dir='ltr'><strong>Ang.,</strong></span> <span class='ocrx_word' id='word_1_771' title='bbox 2319 3919 2552 3973; x_wconf 88' lang='lat' dir='ltr'><strong>ultricem</strong></span> <span class='ocrx_word' id='word_1_772' title='bbox 2593 3931 2692 3987; x_wconf 88' lang='lat' dir='ltr'><strong>pro</strong></span> <span class='ocrx_word' id='word_1_773' title='bbox 2739 3917 3030 3985; x_wconf 84' lang='lat' dir='ltr'><strong>rictricem;</strong></span> <span class='ocrx_word' id='word_1_774' title='bbox 3072 3914 3469 3970; x_wconf 65' lang='lat' dir='ltr'><strong>fortasse-vera</strong></span> 
     </span>
    </p>
   </div>
   <div class='ocr_carea' id='block_1_116' title="bbox 1895 3990 2434 4045">
    <p class='ocr_par' dir='ltr' id='par_1_116' title="bbox 1895 3990 2434 4045">
     <span class='ocr_line' id='line_1_118' title="bbox 1895 3990 2434 4045; baseline -0.004 0"><span class='ocrx_word' id='word_1_775' title='bbox 1895 4000 1979 4045; x_wconf 89' lang='lat' dir='ltr'><strong>est</strong></span> <span class='ocrx_word' id='word_1_776' title='bbox 2003 3990 2158 4044; x_wconf 88' lang='lat' dir='ltr'><strong>lectio</strong></span> <span class='ocrx_word' id='word_1_777' title='bbox 2184 3990 2434 4043; x_wconf 87' lang='lat' dir='ltr'><strong>ultricem.</strong></span> 
     </span>
    </p>
   </div>
   <div class='ocr_carea' id='block_1_117' title="bbox 1967 4053 3463 4129">
    <p class='ocr_par' dir='ltr' id='par_1_117' title="bbox 1967 4053 3463 4129">
     <span class='ocr_line' id='line_1_119' title="bbox 1967 4053 3463 4129; baseline -0.003 -17"><span class='ocrx_word' id='word_1_778' title='bbox 1967 4059 2089 4129; x_wconf 80' lang='grc'>105.</span> <span class='ocrx_word' id='word_1_779' title='bbox 2116 4059 2256 4124; x_wconf 84' lang='lat' dir='ltr'><strong>Ald.,</strong></span> <span class='ocrx_word' id='word_1_780' title='bbox 2285 4061 2488 4129; x_wconf 83' lang='lat' dir='ltr'><strong>vagina.</strong></span> <span class='ocrx_word' id='word_1_781' title='bbox 2518 4056 2619 4111; x_wconf 79' lang='lat' dir='ltr'><strong>Alii</strong></span> <span class='ocrx_word' id='word_1_782' title='bbox 2651 4053 2910 4129; x_wconf 76' lang='lat' dir='ltr'><strong>plerique,</strong></span> <span class='ocrx_word' id='word_1_783' title='bbox 2940 4056 3161 4129; x_wconf 69' lang='lat' dir='ltr'><strong>vaginre.</strong></span> <span class='ocrx_word' id='word_1_784' title='bbox 3193 4055 3463 4129; x_wconf 75' lang='lat' dir='ltr'><strong>Giselinus</strong></span> 
     </span>
    </p>
   </div>
   <div class='ocr_carea' id='block_1_118' title="bbox 1892 4125 3470 4197">
    <p class='ocr_par' dir='ltr' id='par_1_118' title="bbox 1892 4125 3470 4197">
     <span class='ocr_line' id='line_1_120' title="bbox 1892 4125 3470 4197; baseline -0.006 -14"><span class='ocrx_word' id='word_1_785' title='bbox 1892 4130 1927 4183; x_wconf 75' lang='grc'><strong>2</strong></span> <span class='ocrx_word' id='word_1_786' title='bbox 1954 4128 2084 4184; x_wconf 86' lang='lat' dir='ltr'><strong>edit.</strong></span> <span class='ocrx_word' id='word_1_787' title='bbox 2130 4125 2371 4183; x_wconf 76' lang='lat' dir='ltr'><strong>ediderat</strong></span> <span class='ocrx_word' id='word_1_788' title='bbox 2398 4129 2628 4197; x_wconf 77' lang='lat' dir='ltr'><strong>vagiutc,</strong></span> <span class='ocrx_word' id='word_1_789' title='bbox 2675 4125 2767 4180; x_wconf 86' lang='lat' dir='ltr'><strong>sed</strong></span> <span class='ocrx_word' id='word_1_790' title='bbox 2798 4126 2849 4179; x_wconf 91' lang='lat' dir='ltr'><strong>in</strong></span> <span class='ocrx_word' id='word_1_791' title='bbox 2882 4125 3470 4197; x_wconf 25' lang='lat' dir='ltr'><strong>correctionihushsup-</strong></span> 
     </span>
    </p>
   </div>
   <div class='ocr_carea' id='block_1_119' title="bbox 1894 4194 3469 4268">
    <p class='ocr_par' dir='ltr' id='par_1_119' title="bbox 1894 4194 3469 4268">
     <span class='ocr_line' id='line_1_121' title="bbox 1894 4194 3469 4268; baseline -0.001 -20"><span class='ocrx_word' id='word_1_792' title='bbox 1894 4199 2071 4268; x_wconf 86' lang='lat' dir='ltr'><strong>posuit</strong></span> <span class='ocrx_word' id='word_1_793' title='bbox 2094 4200 2295 4267; x_wconf 86' lang='lat' dir='ltr'><strong>vagina.</strong></span> <span class='ocrx_word' id='word_1_794' title='bbox 2327 4194 2473 4251; x_wconf 80' lang='lat' dir='ltr'><strong>Ideni</strong></span> <span class='ocrx_word' id='word_1_795' title='bbox 2502 4195 2791 4268; x_wconf 65' lang='lat' dir='ltr'><strong>Giselinus,</strong></span> <span class='ocrx_word' id='word_1_796' title='bbox 2838 4213 2899 4249; x_wconf 88' lang='lat' dir='ltr'><strong>ne</strong></span> <span class='ocrx_word' id='word_1_797' title='bbox 2926 4198 3075 4268; x_wconf 84' lang='lat' dir='ltr'><strong>sorde</strong></span> <span class='ocrx_word' id='word_1_798' title='bbox 3104 4197 3279 4249; x_wconf 85' lang='lat' dir='ltr'><strong>latenti</strong></span> <span class='ocrx_word' id='word_1_799' title='bbox 3305 4194 3469 4268; x_wconf 85' lang='lat' dir='ltr'><strong>Occu-</strong></span> 
     </span>
    </p>
   </div>
   <div class='ocr_carea' id='block_1_120' title="bbox 1893 4266 3470 4339">
    <p class='ocr_par' dir='ltr' id='par_1_120' title="bbox 1893 4266 3470 4339">
     <span class='ocr_line' id='line_1_122' title="bbox 1893 4266 3470 4339; baseline -0.004 -16"><span class='ocrx_word' id='word_1_800' title='bbox 1893 4266 1973 4339; x_wconf 79' lang='lat' dir='ltr'><strong>pet</strong></span> <span class='ocrx_word' id='word_1_801' title='bbox 2013 4266 2243 4321; x_wconf 86' lang='lat' dir='ltr'><strong>ablutum</strong></span> <span class='ocrx_word' id='word_1_802' title='bbox 2271 4268 2450 4338; x_wconf 83' lang='lat' dir='ltr'><strong>rubigo</strong></span> <span class='ocrx_word' id='word_1_803' title='bbox 2478 4266 2931 4339; x_wconf 29' lang='lat' dir='ltr'><strong>scabraLnitorem.</strong></span> <span class='ocrx_word' id='word_1_804' title='bbox 2965 4267 3210 4319; x_wconf 83' lang='lat' dir='ltr'><strong>Heinsius</strong></span> <span class='ocrx_word' id='word_1_805' title='bbox 3241 4279 3343 4339; x_wconf 76' lang='lat' dir='ltr'><strong>non</strong></span> <span class='ocrx_word' id='word_1_806' title='bbox 3374 4266 3470 4339; x_wconf 49' lang='lat' dir='ltr'><strong>in:</strong></span> 
     </span>
    </p>
   </div>
   <div class='ocr_carea' id='block_1_121' title="bbox 1897 4335 3467 4406">
    <p class='ocr_par' dir='ltr' id='par_1_121' title="bbox 1897 4335 3467 4406">
     <span class='ocr_line' id='line_1_123' title="bbox 1897 4335 3467 4406; baseline -0.004 -13"><span class='ocrx_word' id='word_1_807' title='bbox 1897 4335 2084 4399; x_wconf 67' lang='lat' dir='ltr'><strong>ielligit</strong></span> <span class='ocrx_word' id='word_1_808' title='bbox 2107 4352 2207 4406; x_wconf 89' lang='lat' dir='ltr'><strong>qua</strong></span> <span class='ocrx_word' id='word_1_809' title='bbox 2239 4335 2552 4391; x_wconf 82' lang='lat' dir='ltr'><strong>auctoritate</strong></span> <span class='ocrx_word' id='word_1_810' title='bbox 2583 4336 2634 4388; x_wconf 94' lang='lat' dir='ltr'><strong>id</strong></span> <span class='ocrx_word' id='word_1_811' title='bbox 2666 4335 2776 4396; x_wconf 82' lang='lat' dir='ltr'><strong>fiat,</strong></span> <span class='ocrx_word' id='word_1_812' title='bbox 2804 4351 2923 4406; x_wconf 82' lang='lat' dir='ltr'><strong>cum</strong></span> <span class='ocrx_word' id='word_1_813' title='bbox 2953 4351 3139 4388; x_wconf 86' lang='lat' dir='ltr'><strong>omnes</strong></span> <span class='ocrx_word' id='word_1_814' title='bbox 3174 4337 3254 4388; x_wconf 89' lang='lat' dir='ltr'><strong>sui</strong></span> <span class='ocrx_word' id='word_1_815' title='bbox 3282 4335 3467 4402; x_wconf 86' lang='lat' dir='ltr'><strong>scripti</strong></span> 
     </span>
    </p>
   </div>
   <div class='ocr_carea' id='block_1_122' title="bbox 1895 4405 3463 4467">
    <p class='ocr_par' dir='ltr' id='par_1_122' title="bbox 1895 4405 3463 4467">
     <span class='ocr_line' id='line_1_124' title="bbox 1895 4405 3463 4467; baseline -0.004 -6"><span class='ocrx_word' id='word_1_816' title='bbox 1895 4420 1948 4462; x_wconf 88' lang='lat' dir='ltr'><strong>et</strong></span> <span class='ocrx_word' id='word_1_817' title='bbox 1975 4405 2256 4461; x_wconf 73' lang='lat' dir='ltr'><strong>WeitZiani</strong></span> <span class='ocrx_word' id='word_1_818' title='bbox 2301 4415 2609 4461; x_wconf 83' lang='lat' dir='ltr'><strong>constanter</strong></span> <span class='ocrx_word' id='word_1_819' title='bbox 2646 4420 2765 4457; x_wconf 90' lang='lat' dir='ltr'><strong>cum</strong></span> <span class='ocrx_word' id='word_1_820' title='bbox 2795 4405 2930 4458; x_wconf 82' lang='lat' dir='ltr'><strong>Aldo</strong></span> <span class='ocrx_word' id='word_1_821' title='bbox 2959 4408 3205 4467; x_wconf 79' lang='lat' dir='ltr'><strong>habeant,</strong></span> <span class='ocrx_word' id='word_1_822' title='bbox 3242 4420 3304 4457; x_wconf 91' lang='lat' dir='ltr'><strong>ne</strong></span> <span class='ocrx_word' id='word_1_823' title='bbox 3332 4413 3463 4456; x_wconf 79' lang='lat' dir='ltr'><strong>tecta</strong></span> 
     </span>
    </p>
   </div>
   <div class='ocr_carea' id='block_1_123' title="bbox 1894 4474 3465 4547">
    <p class='ocr_par' dir='ltr' id='par_1_123' title="bbox 1894 4474 3465 4547">
     <span class='ocr_line' id='line_1_125' title="bbox 1894 4474 3465 4547; baseline -0.004 -17"><span class='ocrx_word' id='word_1_824' title='bbox 1894 4478 2070 4546; x_wconf 85' lang='lat' dir='ltr'><strong>rubigo</strong></span> <span class='ocrx_word' id='word_1_825' title='bbox 2096 4479 2315 4547; x_wconf 81' lang='lat' dir='ltr'><strong>Occupet</strong></span> <span class='ocrx_word' id='word_1_826' title='bbox 2338 4477 2564 4529; x_wconf 84' lang='lat' dir='ltr'><strong>ablutum</strong></span> <span class='ocrx_word' id='word_1_827' title='bbox 2593 4475 2837 4547; x_wconf 81' lang='lat' dir='ltr'><strong>scabrosa</strong></span> <span class='ocrx_word' id='word_1_828' title='bbox 2851 4477 3003 4527; x_wconf 87' lang='lat' dir='ltr'><strong>sorde</strong></span> <span class='ocrx_word' id='word_1_829' title='bbox 3025 4477 3261 4547; x_wconf 81' lang='lat' dir='ltr'><strong>nitorem.</strong></span> <span class='ocrx_word' id='word_1_830' title='bbox 3298 4474 3465 4526; x_wconf 82' lang='lat' dir='ltr'><strong>Aldus</strong></span> 
     </span>
    </p>
   </div>
   <div class='ocr_carea' id='block_1_124' title="bbox 1897 4543 3467 4615">
    <p class='ocr_par' dir='ltr' id='par_1_124' title="bbox 1897 4543 3467 4615">
     <span class='ocr_line' id='line_1_126' title="bbox 1897 4543 3467 4615; baseline -0.005 -14"><span class='ocrx_word' id='word_1_831' title='bbox 1897 4543 2033 4601; x_wconf 80' lang='lat' dir='ltr'><strong>male</strong></span> <span class='ocrx_word' id='word_1_832' title='bbox 2058 4543 2330 4615; x_wconf 68' lang='lat' dir='ltr'><strong>distinguit</strong></span> <span class='ocrx_word' id='word_1_833' title='bbox 2359 4562 2420 4598; x_wconf 89' lang='lat' dir='ltr'><strong>ne</strong></span> <span class='ocrx_word' id='word_1_834' title='bbox 2447 4555 2577 4615; x_wconf 77' lang='lat' dir='ltr'><strong>tecta</strong></span> <span class='ocrx_word' id='word_1_835' title='bbox 2603 4544 2782 4615; x_wconf 84' lang='lat' dir='ltr'><strong>rubigo</strong></span> <span class='ocrx_word' id='word_1_836' title='bbox 2816 4546 3062 4613; x_wconf 75' lang='lat' dir='ltr'><strong>Occupet.</strong></span> <span class='ocrx_word' id='word_1_837' title='bbox 3086 4543 3467 4615; x_wconf 68' lang='lat' dir='ltr'><strong>Ablutnmsca-</strong></span> 
     </span>
    </p>
   </div>
   <div class='ocr_carea' id='block_1_125' title="bbox 1896 4612 3469 4685">
    <p class='ocr_par' dir='ltr' id='par_1_125' title="bbox 1896 4612 3469 4685">
     <span class='ocr_line' id='line_1_127' title="bbox 1896 4612 3469 4685; baseline -0.004 -15"><span class='ocrx_word' id='word_1_838' title='bbox 1896 4619 2043 4670; x_wconf 89' lang='lat' dir='ltr'><strong>brosa</strong></span> <span class='ocrx_word' id='word_1_839' title='bbox 2082 4612 2244 4670; x_wconf 41' lang='lat' dir='ltr'><strong>sorde&#39;</strong></span> <span class='ocrx_word' id='word_1_840' title='bbox 2270 4617 2482 4668; x_wconf 86' lang='lat' dir='ltr'><strong>nitorem</strong></span> <span class='ocrx_word' id='word_1_841' title='bbox 2513 4612 2777 4685; x_wconf 64' lang='lat' dir='ltr'><strong>Catholica</strong></span> <span class='ocrx_word' id='word_1_842' title='bbox 2806 4615 2860 4666; x_wconf 88' lang='lat' dir='ltr'><strong>in</strong></span> <span class='ocrx_word' id='word_1_843' title='bbox 2895 4612 3083 4685; x_wconf 78' lang='lat' dir='ltr'><strong>templo</strong></span> <span class='ocrx_word' id='word_1_844' title='bbox 3110 4615 3289 4685; x_wconf 61' lang='lat' dir='ltr'><strong>divini</strong></span> <span class='ocrx_word' id='word_1_845' title='bbox 3309 4612 3469 4680; x_wconf 80' lang='lat' dir='ltr'><strong>fontis</strong></span> 
     </span>
    </p>
   </div>
   <div class='ocr_carea' id='block_1_126' title="bbox 1895 4682 3460 4752">
    <p class='ocr_par' dir='ltr' id='par_1_126' title="bbox 1895 4682 3460 4752">
     <span class='ocr_line' id='line_1_128' title="bbox 1895 4682 3460 4752; baseline -0.007 -13"><span class='ocrx_word' id='word_1_846' title='bbox 1895 4687 1963 4739; x_wconf 90' lang='lat' dir='ltr'><strong>ad</strong></span> <span class='ocrx_word' id='word_1_847' title='bbox 1996 4703 2140 4739; x_wconf 87' lang='lat' dir='ltr'><strong>aram</strong></span> <span class='ocrx_word' id='word_1_848' title='bbox 2179 4685 2470 4738; x_wconf 81' lang='lat' dir='ltr'><strong>Consecrat.</strong></span> <span class='ocrx_word' id='word_1_849' title='bbox 2507 4684 2745 4737; x_wconf 86' lang='lat' dir='ltr'><strong>Giselino</strong></span> <span class='ocrx_word' id='word_1_850' title='bbox 2776 4698 2879 4737; x_wconf 88' lang='lat' dir='ltr'><strong>non</strong></span> <span class='ocrx_word' id='word_1_851' title='bbox 2908 4682 3101 4752; x_wconf 78' lang='lat' dir='ltr'><strong>placuit</strong></span> <span class='ocrx_word' id='word_1_852' title='bbox 3135 4682 3248 4735; x_wconf 73' lang='lat' dir='ltr'><strong>btcc</strong></span> <span class='ocrx_word' id='word_1_853' title='bbox 3278 4682 3460 4743; x_wconf 63' lang='lat' dir='ltr'><strong>lectto,</strong></span> 
     </span>
    </p>
   </div>
   <div class='ocr_carea' id='block_1_127' title="bbox 1894 4752 3455 4825">
    <p class='ocr_par' dir='ltr' id='par_1_127' title="bbox 1894 4752 3455 4825">
     <span class='ocr_line' id='line_1_129' title="bbox 1894 4752 3455 4825; baseline -0.004 -15"><span class='ocrx_word' id='word_1_854' title='bbox 1894 4768 1948 4810; x_wconf 91' lang='lat' dir='ltr'><strong>et</strong></span> <span class='ocrx_word' id='word_1_855' title='bbox 1977 4772 2094 4809; x_wconf 89' lang='lat' dir='ltr'><strong>cum</strong></span> <span class='ocrx_word' id='word_1_856' title='bbox 2123 4756 2302 4825; x_wconf 87' lang='lat' dir='ltr'><strong>rubigo</strong></span> <span class='ocrx_word' id='word_1_857' title='bbox 2334 4755 2470 4822; x_wconf 89' lang='lat' dir='ltr'><strong>apud</strong></span> <span class='ocrx_word' id='word_1_858' title='bbox 2504 4754 2676 4821; x_wconf 89' lang='lat' dir='ltr'><strong>ipsum</strong></span> <span class='ocrx_word' id='word_1_859' title='bbox 2704 4754 3210 4825; x_wconf 79' lang='lat' dir='ltr'><strong>Prudentiumalibi</strong></span> <span class='ocrx_word' id='word_1_860' title='bbox 3232 4761 3286 4803; x_wconf 80' lang='lat' dir='ltr'><strong>et</strong></span> <span class='ocrx_word' id='word_1_861' title='bbox 3315 4752 3455 4825; x_wconf 82' lang='lat' dir='ltr'><strong>apud</strong></span> 
     </span>
    </p>
   </div>
   <div class='ocr_carea' id='block_1_128' title="bbox 1895 4822 3464 4893">
    <p class='ocr_par' dir='ltr' id='par_1_128' title="bbox 1895 4822 3464 4893">
     <span class='ocr_line' id='line_1_130' title="bbox 1895 4822 3464 4893; baseline -0.003 -16"><span class='ocrx_word' id='word_1_862' title='bbox 1895 4827 2026 4879; x_wconf 85' lang='lat' dir='ltr'><strong>alios</strong></span> <span class='ocrx_word' id='word_1_863' title='bbox 2045 4822 2268 4893; x_wconf 84' lang='lat' dir='ltr'><strong>primam</strong></span> <span class='ocrx_word' id='word_1_864' title='bbox 2294 4824 2570 4891; x_wconf 89' lang='lat' dir='ltr'><strong>producat,</strong></span> <span class='ocrx_word' id='word_1_865' title='bbox 2585 4838 2797 4877; x_wconf 89' lang='lat' dir='ltr'><strong>carmen</strong></span> <span class='ocrx_word' id='word_1_866' title='bbox 2821 4824 2927 4876; x_wconf 85' lang='lat' dir='ltr'><strong>alio</strong></span> <span class='ocrx_word' id='word_1_867' title='bbox 2950 4824 3107 4875; x_wconf 88' lang='lat' dir='ltr'><strong>modo</strong></span> <span class='ocrx_word' id='word_1_868' title='bbox 3132 4822 3464 4885; x_wconf 75' lang='lat' dir='ltr'><strong>reformavit,</strong></span> 
     </span>
    </p>
   </div>
   <div class='ocr_carea' id='block_1_129' title="bbox 1896 4892 3464 4960">
    <p class='ocr_par' dir='ltr' id='par_1_129' title="bbox 1896 4892 3464 4960">
     <span class='ocr_line' id='line_1_131' title="bbox 1896 4892 3464 4960; baseline -0.003 -13"><span class='ocrx_word' id='word_1_869' title='bbox 1896 4892 2057 4948; x_wconf 85' lang='lat' dir='ltr'><strong>donec</strong></span> <span class='ocrx_word' id='word_1_870' title='bbox 2096 4895 2440 4960; x_wconf 85' lang='lat' dir='ltr'><strong>manuscripti,</strong></span> <span class='ocrx_word' id='word_1_871' title='bbox 2476 4894 2684 4960; x_wconf 88' lang='lat' dir='ltr'><strong>inquit,</strong></span> <span class='ocrx_word' id='word_1_872' title='bbox 2730 4908 2901 4946; x_wconf 83' lang='lat' dir='ltr'><strong>veram</strong></span> <span class='ocrx_word' id='word_1_873' title='bbox 2940 4893 3201 4944; x_wconf 65' lang='lat' dir='ltr'><strong>lectionem</strong></span> <span class='ocrx_word' id='word_1_874' title='bbox 3229 4892 3464 4944; x_wconf 84' lang='lat' dir='ltr'><strong>restitue-</strong></span> 
     </span>
    </p>
   </div>
   <div class='ocr_carea' id='block_1_130' title="bbox 1894 4961 3461 5028">
    <p class='ocr_par' dir='ltr' id='par_1_130' title="bbox 1894 4961 3461 5028">
     <span class='ocr_line' id='line_1_132' title="bbox 1894 4961 3461 5028; baseline -0.003 -11"><span class='ocrx_word' id='word_1_875' title='bbox 1894 4966 2016 5018; x_wconf 86' lang='lat' dir='ltr'><strong>rint.</strong></span> <span class='ocrx_word' id='word_1_876' title='bbox 2060 4963 2235 5017; x_wconf 82' lang='lat' dir='ltr'><strong>Nostri</strong></span> <span class='ocrx_word' id='word_1_877' title='bbox 2267 4977 2454 5017; x_wconf 86' lang='lat' dir='ltr'><strong>omnes</strong></span> <span class='ocrx_word' id='word_1_878' title='bbox 2483 4964 2637 5026; x_wconf 66' lang='lat' dir='ltr'><strong>Man,</strong></span> <span class='ocrx_word' id='word_1_879' title='bbox 2681 4963 2823 5028; x_wconf 79' lang='lat' dir='ltr'><strong>R:tt.,</strong></span> <span class='ocrx_word' id='word_1_880' title='bbox 2862 4963 3074 5022; x_wconf 86' lang='lat' dir='ltr'><strong>\’iettn.,</strong></span> <span class='ocrx_word' id='word_1_881' title='bbox 3107 4963 3283 5025; x_wconf 79' lang='lat' dir='ltr'><strong>Alex.,</strong></span> <span class='ocrx_word' id='word_1_882' title='bbox 3310 4961 3461 5014; x_wconf 43' lang='lat' dir='ltr'><strong>.Vatt.</strong></span> 
     </span>
    </p>
   </div>
   <div class='ocr_carea' id='block_1_131' title="bbox 1894 5030 3466 5098">
    <p class='ocr_par' dir='ltr' id='par_1_131' title="bbox 1894 5030 3466 5098">
     <span class='ocr_line' id='line_1_133' title="bbox 1894 5030 3466 5098; baseline -0.004 -11"><span class='ocrx_word' id='word_1_883' title='bbox 1894 5033 1958 5098; x_wconf 84' lang='lat' dir='ltr'><strong>C,</strong></span> <span class='ocrx_word' id='word_1_884' title='bbox 2003 5035 2065 5098; x_wconf 82' lang='grc' dir='ltr'><strong>ἰ),</strong></span> <span class='ocrx_word' id='word_1_885' title='bbox 2112 5033 2172 5095; x_wconf 85' lang='lat' dir='ltr'><strong>F,</strong></span> <span class='ocrx_word' id='word_1_886' title='bbox 2215 5033 2279 5097; x_wconf 77' lang='grc' dir='ltr'><strong>ϐ,</strong></span> <span class='ocrx_word' id='word_1_887' title='bbox 2310 5033 2375 5095; x_wconf 77' lang='lat' dir='ltr'><strong>ii,</strong></span> <span class='ocrx_word' id='word_1_888' title='bbox 2420 5033 2480 5098; x_wconf 81' lang='lat' dir='ltr'><strong>L,</strong></span> <span class='ocrx_word' id='word_1_889' title='bbox 2527 5034 2728 5085; x_wconf 75' lang='lat' dir='ltr'><strong>llonon.</strong></span> <span class='ocrx_word' id='word_1_890' title='bbox 2756 5042 2810 5085; x_wconf 88' lang='lat' dir='ltr'><strong>et</strong></span> <span class='ocrx_word' id='word_1_891' title='bbox 2837 5035 2969 5097; x_wconf 63' lang='lat' dir='ltr'><strong>Aug.</strong></span> <span class='ocrx_word' id='word_1_892' title='bbox 3006 5030 3206 5083; x_wconf 80' lang='lat' dir='ltr'><strong>habent</strong></span> <span class='ocrx_word' id='word_1_893' title='bbox 3233 5047 3292 5083; x_wconf 84' lang='lat' dir='ltr'><strong>ne</strong></span> <span class='ocrx_word' id='word_1_894' title='bbox 3339 5041 3466 5083; x_wconf 81' lang='lat' dir='ltr'><strong>tecta</strong></span> 
     </span>
    </p>
   </div>
   <div class='ocr_carea' id='block_1_132' title="bbox 1893 5101 3471 5173">
    <p class='ocr_par' dir='ltr' id='par_1_132' title="bbox 1893 5101 3471 5173">
     <span class='ocr_line' id='line_1_134' title="bbox 1893 5101 3471 5173; baseline -0.003 -18"><span class='ocrx_word' id='word_1_895' title='bbox 1893 5104 2071 5173; x_wconf 85' lang='lat' dir='ltr'><strong>rubigo</strong></span> <span class='ocrx_word' id='word_1_896' title='bbox 2095 5103 2315 5170; x_wconf 86' lang='lat' dir='ltr'><strong>Occupet</strong></span> <span class='ocrx_word' id='word_1_897' title='bbox 2341 5102 2827 5173; x_wconf 67' lang='lat' dir='ltr'><strong>ablututnscabrosa</strong></span> <span class='ocrx_word' id='word_1_898' title='bbox 2849 5101 2995 5153; x_wconf 87' lang='lat' dir='ltr'><strong>sorde</strong></span> <span class='ocrx_word' id='word_1_899' title='bbox 3013 5101 3247 5173; x_wconf 80' lang='lat' dir='ltr'><strong>nitorem.</strong></span> <span class='ocrx_word' id='word_1_900' title='bbox 3274 5102 3326 5173; x_wconf 86' lang='lat' dir='ltr'><strong>In</strong></span> <span class='ocrx_word' id='word_1_901' title='bbox 3352 5105 3471 5173; x_wconf 71' lang='lat' dir='ltr'><strong>so&#39;o</strong></span> 
     </span>
    </p>
   </div>
   <div class='ocr_carea' id='block_1_133' title="bbox 1896 5170 3465 5240">
    <p class='ocr_par' dir='ltr' id='par_1_133' title="bbox 1896 5170 3465 5240">
     <span class='ocr_line' id='line_1_135' title="bbox 1896 5170 3465 5240; baseline -0.003 -15"><span class='ocrx_word' id='word_1_902' title='bbox 1896 5170 2025 5228; x_wconf 49' lang='lat' dir='ltr'><strong>Vat:</strong></span> <span class='ocrx_word' id='word_1_903' title='bbox 2052 5176 2095 5224; x_wconf 81' lang='lat' dir='ltr'><strong>ll</strong></span> <span class='ocrx_word' id='word_1_904' title='bbox 2123 5183 2206 5226; x_wconf 82' lang='lat' dir='ltr'><strong>est</strong></span> <span class='ocrx_word' id='word_1_905' title='bbox 2234 5174 2390 5226; x_wconf 60' lang='lat' dir='ltr'><strong>lectio</strong></span> <span class='ocrx_word' id='word_1_906' title='bbox 2417 5189 2535 5240; x_wconf 83' lang='lat' dir='ltr'><strong>qtne</strong></span> <span class='ocrx_word' id='word_1_907' title='bbox 2564 5171 2798 5225; x_wconf 86' lang='lat' dir='ltr'><strong>Giselitto</strong></span> <span class='ocrx_word' id='word_1_908' title='bbox 2830 5174 2989 5236; x_wconf 84' lang='lat' dir='ltr'><strong>favet,</strong></span> <span class='ocrx_word' id='word_1_909' title='bbox 3024 5187 3086 5224; x_wconf 89' lang='lat' dir='ltr'><strong>ne</strong></span> <span class='ocrx_word' id='word_1_910' title='bbox 3115 5172 3263 5223; x_wconf 87' lang='lat' dir='ltr'><strong>sorde</strong></span> <span class='ocrx_word' id='word_1_911' title='bbox 3288 5170 3465 5222; x_wconf 85' lang='lat' dir='ltr'><strong>latenti</strong></span> 
     </span>
    </p>
   </div>
   <div class='ocr_carea' id='block_1_134' title="bbox 1899 5240 3466 5310">
    <p class='ocr_par' dir='ltr' id='par_1_134' title="bbox 1899 5240 3466 5310">
     <span class='ocr_line' id='line_1_136' title="bbox 1899 5240 3466 5310; baseline 0 -18"><span class='ocrx_word' id='word_1_912' title='bbox 1899 5242 2116 5310; x_wconf 78' lang='lat' dir='ltr'><strong>Occupet</strong></span> <span class='ocrx_word' id='word_1_913' title='bbox 2139 5244 2364 5295; x_wconf 86' lang='lat' dir='ltr'><strong>ablutum</strong></span> <span class='ocrx_word' id='word_1_914' title='bbox 2390 5243 2567 5310; x_wconf 87' lang='lat' dir='ltr'><strong>rubigo</strong></span> <span class='ocrx_word' id='word_1_915' title='bbox 2591 5242 2826 5294; x_wconf 88' lang='lat' dir='ltr'><strong>scabrosa</strong></span> <span class='ocrx_word' id='word_1_916' title='bbox 2854 5242 3087 5294; x_wconf 86' lang='lat' dir='ltr'><strong>nitorem.</strong></span> <span class='ocrx_word' id='word_1_917' title='bbox 3114 5242 3209 5296; x_wconf 90' lang='lat' dir='ltr'><strong>Ubi</strong></span> <span class='ocrx_word' id='word_1_918' title='bbox 3243 5240 3466 5293; x_wconf 80' lang='lat' dir='ltr'><strong>fortasse</strong></span> 
     </span>
    </p>
   </div>
   <div class='ocr_carea' id='block_1_135' title="bbox 1895 5311 3463 5379">
    <p class='ocr_par' dir='ltr' id='par_1_135' title="bbox 1895 5311 3463 5379">
     <span class='ocr_line' id='line_1_137' title="bbox 1895 5311 3463 5379; baseline -0.004 -13"><span class='ocrx_word' id='word_1_919' title='bbox 1895 5322 1977 5366; x_wconf 81' lang='lat' dir='ltr'><strong>est</strong></span> <span class='ocrx_word' id='word_1_920' title='bbox 2021 5314 2269 5366; x_wconf 90' lang='lat' dir='ltr'><strong>mendum</strong></span> <span class='ocrx_word' id='word_1_921' title='bbox 2296 5315 2530 5365; x_wconf 64' lang='grc' dir='ltr'><strong>θορὸν-σω</strong></span> <span class='ocrx_word' id='word_1_922' title='bbox 2563 5326 2656 5379; x_wconf 88' lang='lat' dir='ltr'><strong>pro</strong></span> <span class='ocrx_word' id='word_1_923' title='bbox 2685 5323 2884 5370; x_wconf 78' lang='lat' dir='ltr'><strong>sca&#39;ra,</strong></span> <span class='ocrx_word' id='word_1_924' title='bbox 2912 5312 3010 5363; x_wconf 85' lang='lat' dir='ltr'><strong>nisi</strong></span> <span class='ocrx_word' id='word_1_925' title='bbox 3065 5311 3218 5364; x_wconf 88' lang='lat' dir='ltr'><strong>malis</strong></span> <span class='ocrx_word' id='word_1_926' title='bbox 3262 5320 3463 5362; x_wconf 87' lang='lat' dir='ltr'><strong>utram-</strong></span> 
     </span>
    </p>
   </div>
   <div class='ocr_carea' id='block_1_136' title="bbox 1895 5379 3468 5450">
    <p class='ocr_par' dir='ltr' id='par_1_136' title="bbox 1895 5379 3468 5450">
     <span class='ocr_line' id='line_1_138' title="bbox 1895 5379 3468 5450; baseline -0.002 -17"><span class='ocrx_word' id='word_1_927' title='bbox 1895 5397 1997 5450; x_wconf 87' lang='lat' dir='ltr'><strong>que</strong></span> <span class='ocrx_word' id='word_1_928' title='bbox 2040 5382 2235 5450; x_wconf 88' lang='lat' dir='ltr'><strong>corripi</strong></span> <span class='ocrx_word' id='word_1_929' title='bbox 2284 5399 2317 5434; x_wconf 89' lang='lat' dir='ltr'><strong>u</strong></span> <span class='ocrx_word' id='word_1_930' title='bbox 2361 5393 2415 5436; x_wconf 90' lang='lat' dir='ltr'><strong>et</strong></span> <span class='ocrx_word' id='word_1_931' title='bbox 2457 5383 2475 5433; x_wconf 78' lang='grc' dir='ltr'><strong><em>ἱ</em></strong></span> <span class='ocrx_word' id='word_1_932' title='bbox 2521 5382 2572 5432; x_wconf 91' lang='lat' dir='ltr'><strong>in</strong></span> <span class='ocrx_word' id='word_1_933' title='bbox 2623 5379 2822 5449; x_wconf 84' lang='lat' dir='ltr'><strong>rubigo.</strong></span> <span class='ocrx_word' id='word_1_934' title='bbox 2856 5381 3116 5433; x_wconf 68' lang='lat' dir='ltr'><strong>(Ia-terum</strong></span> <span class='ocrx_word' id='word_1_935' title='bbox 3168 5379 3468 5434; x_wconf 86' lang='lat' dir='ltr'><strong>communis</strong></span> 
     </span>
    </p>
   </div>
   <div class='ocr_carea' id='block_1_137' title="bbox 1895 5450 3463 5518">
    <p class='ocr_par' dir='ltr' id='par_1_137' title="bbox 1895 5450 3463 5518">
     <span class='ocr_line' id='line_1_139' title="bbox 1895 5450 3463 5518; baseline -0.004 -14"><span class='ocrx_word' id='word_1_936' title='bbox 1895 5452 2055 5505; x_wconf 86' lang='lat' dir='ltr'><strong>lectio</strong></span> <span class='ocrx_word' id='word_1_937' title='bbox 2087 5454 2360 5505; x_wconf 84' lang='lat' dir='ltr'><strong>retinenda</strong></span> <span class='ocrx_word' id='word_1_938' title='bbox 2403 5461 2504 5505; x_wconf 89' lang='lat' dir='ltr'><strong>est.</strong></span> <span class='ocrx_word' id='word_1_939' title='bbox 2536 5450 2673 5514; x_wconf 85' lang='lat' dir='ltr'><strong>Quid</strong></span> <span class='ocrx_word' id='word_1_940' title='bbox 2707 5451 2849 5503; x_wconf 89' lang='lat' dir='ltr'><strong>enim</strong></span> <span class='ocrx_word' id='word_1_941' title='bbox 2899 5451 3145 5518; x_wconf 90' lang='lat' dir='ltr'><strong>prohibet</strong></span> <span class='ocrx_word' id='word_1_942' title='bbox 3174 5490 3188 5510; x_wconf 94' lang='lat'><strong>,</strong></span> <span class='ocrx_word' id='word_1_943' title='bbox 3239 5450 3463 5514; x_wconf 86' lang='lat' dir='ltr'><strong>primam</strong></span> 
     </span>
    </p>
   </div>
   <div class='ocr_carea' id='block_1_138' title="bbox 1894 5518 3461 5593">
    <p class='ocr_par' dir='ltr' id='par_1_138' title="bbox 1894 5518 3461 5593">
     <span class='ocr_line' id='line_1_140' title="bbox 1894 5518 3461 5593; baseline -0.003 -20"><span class='ocrx_word' id='word_1_944' title='bbox 1894 5521 1946 5573; x_wconf 89' lang='lat' dir='ltr'><strong>itt</strong></span> <span class='ocrx_word' id='word_1_945' title='bbox 1975 5520 2153 5593; x_wconf 81' lang='lat' dir='ltr'><strong>rubigo</strong></span> <span class='ocrx_word' id='word_1_946' title='bbox 2178 5519 2705 5593; x_wconf 10' lang='lat' dir='ltr'><strong>esse_t_:ontmtmerni?</strong></span> <span class='ocrx_word' id='word_1_947' title='bbox 2732 5522 2774 5573; x_wconf 85' lang='lat' dir='ltr'><strong>A</strong></span> <span class='ocrx_word' id='word_1_948' title='bbox 2804 5519 3023 5593; x_wconf 82' lang='lat' dir='ltr'><strong>Martiali</strong></span> <span class='ocrx_word' id='word_1_949' title='bbox 3052 5520 3340 5593; x_wconf 84' lang='lat' dir='ltr'><strong>corripitur</strong></span> <span class='ocrx_word' id='word_1_950' title='bbox 3364 5518 3461 5570; x_wconf 91' lang='lat' dir='ltr'><strong>lib.</strong></span> 
     </span>
    </p>
   </div>
   <div class='ocr_carea' id='block_1_139' title="bbox 1894 5589 3465 5659">
    <p class='ocr_par' dir='ltr' id='par_1_139' title="bbox 1894 5589 3465 5659">
     <span class='ocr_line' id='line_1_141' title="bbox 1894 5589 3465 5659; baseline -0.004 -15"><span class='ocrx_word' id='word_1_951' title='bbox 1894 5606 1951 5653; x_wconf 88' lang='lat' dir='ltr'><strong>tt,</strong></span> <span class='ocrx_word' id='word_1_952' title='bbox 1978 5589 2149 5659; x_wconf 27' lang='lat' dir='ltr'><strong>epig’r.</strong></span> <span class='ocrx_word' id='word_1_953' title='bbox 2177 5590 2265 5650; x_wconf 87' lang='lat'><strong>6|.</strong></span> <span class='ocrx_word' id='word_1_954' title='bbox 2302 5589 2471 5643; x_wconf 86' lang='lat' dir='ltr'><strong>Uteris</strong></span> <span class='ocrx_word' id='word_1_955' title='bbox 2501 5604 2588 5640; x_wconf 87' lang='lat' dir='ltr'><strong>ore</strong></span> <span class='ocrx_word' id='word_1_956' title='bbox 2617 5589 2786 5653; x_wconf 84' lang='lat' dir='ltr'><strong>aliter,</strong></span> <span class='ocrx_word' id='word_1_957' title='bbox 2828 5591 3084 5655; x_wconf 85' lang='lat' dir='ltr'><strong>nimiaque</strong></span> <span class='ocrx_word' id='word_1_958' title='bbox 3124 5589 3355 5659; x_wconf 81' lang='lat' dir='ltr'><strong>rubigine</strong></span> <span class='ocrx_word' id='word_1_959' title='bbox 3384 5603 3465 5659; x_wconf 84' lang='lat' dir='ltr'><strong>ca-</strong></span> 
     </span>
    </p>
   </div>
   <div class='ocr_carea' id='block_1_140' title="bbox 1895 5656 3469 5725">
    <p class='ocr_par' dir='ltr' id='par_1_140' title="bbox 1895 5656 3469 5725">
     <span class='ocr_line' id='line_1_142' title="bbox 1895 5656 3469 5725; baseline -0.002 -16"><span class='ocrx_word' id='word_1_960' title='bbox 1895 5656 2048 5725; x_wconf 71' lang='lat' dir='ltr'><strong>ptus,</strong></span> <span class='ocrx_word' id='word_1_961' title='bbox 2074 5656 2150 5725; x_wconf 53' lang='lat' dir='ltr'><strong>&#39;ct</strong></span> <span class='ocrx_word' id='word_1_962' title='bbox 2194 5660 2260 5713; x_wconf 90' lang='lat' dir='ltr'><strong>ab</strong></span> <span class='ocrx_word' id='word_1_963' title='bbox 2288 5659 2483 5713; x_wconf 80' lang='lat' dir='ltr'><strong>Ovidio</strong></span> <span class='ocrx_word' id='word_1_964' title='bbox 2526 5674 2619 5713; x_wconf 84' lang='lat' dir='ltr'><strong>vttt</strong></span> <span class='ocrx_word' id='word_1_965' title='bbox 2669 5660 2882 5713; x_wconf 71' lang='lat' dir='ltr'><strong>Metam.</strong></span> <span class='ocrx_word' id='word_1_966' title='bbox 2919 5674 3063 5712; x_wconf 84' lang='lat' dir='ltr'><strong>vers.</strong></span> <span class='ocrx_word' id='word_1_967' title='bbox 3114 5656 3253 5719; x_wconf 63' lang='lat'><strong>805,</strong></span> <span class='ocrx_word' id='word_1_968' title='bbox 3300 5656 3469 5709; x_wconf 81' lang='lat' dir='ltr'><strong>Labra</strong></span> 
     </span>
    </p>
   </div>
   <div class='ocr_carea' id='block_1_141' title="bbox 1896 5722 3471 5800">
    <p class='ocr_par' dir='ltr' id='par_1_141' title="bbox 1896 5722 3471 5800">
     <span class='ocr_line' id='line_1_143' title="bbox 1896 5722 3471 5800; baseline -0.001 -20"><span class='ocrx_word' id='word_1_969' title='bbox 1896 5722 2078 5781; x_wconf 85' lang='lat' dir='ltr'><strong>incana</strong></span> <span class='ocrx_word' id='word_1_970' title='bbox 2116 5722 2262 5795; x_wconf 69' lang='lat' dir='ltr'><strong>&#39;situ,</strong></span> <span class='ocrx_word' id='word_1_971' title='bbox 2313 5729 2590 5799; x_wconf 81' lang='lat' dir='ltr'><strong>scabraqne</strong></span> <span class='ocrx_word' id='word_1_972' title='bbox 2625 5730 2853 5800; x_wconf 83' lang='lat' dir='ltr'><strong>rubigine</strong></span> <span class='ocrx_word' id='word_1_973' title='bbox 2899 5728 3091 5783; x_wconf 76' lang='lat' dir='ltr'><strong>dentes.</strong></span> <span class='ocrx_word' id='word_1_974' title='bbox 3150 5730 3272 5783; x_wconf 85' lang='lat' dir='ltr'><strong>Scio</strong></span> <span class='ocrx_word' id='word_1_975' title='bbox 3334 5727 3471 5780; x_wconf 86' lang='lat' dir='ltr'><strong>alios</strong></span> 
     </span>
    </p>
   </div>
   <div class='ocr_carea' id='block_1_142' title="bbox 2560 5948 2585 5969">
    <p class='ocr_par' dir='ltr' id='par_1_142' title="bbox 2560 5948 2585 5969">
     <span class='ocr_line' id='line_1_144' title="bbox 2560 5948 2585 5969; baseline 0 0"><span class='ocrx_word' id='word_1_976' title='bbox 2560 5948 2585 5969; x_wconf 73' lang='grc' dir='ltr'><strong><em>ο</em></strong></span> 
     </span>
    </p>
   </div>
  </div>
