4066 6296
587 332 647 386 si
1286 287 1288 289 b
1683 320 1958 376 suum.“
1997 317 2356 374 PRUDENTII
2397 319 2720 373 canum.
3761 321 3828 374 πε

765 438 1000 504 Occupet
1024 435 1262 490 ablutum
1294 434 1541 488 scabrosa
1575 432 1734 485 sorde
1762 431 2011 494 nitorem,

754 528 1026 584 Catholico
1057 529 1110 581 in
1142 526 1339 594 templo
1367 523 1529 577 divini
1565 522 1726 576 fontis
1756 522 1820 575 ad
1848 537 1992 575 aram

754 618 914 692 599
958 616 1264 678 Consecrat,
1313 623 1510 668 aterna
1558 611 1848 682 splendens
1895 611 1982 665 ubi
2031 611 2148 665 luce

1813 713 2048 756 οονυεεθι
2059 739 2073 752 .

1813 713 2073 756 coruscet.

751 798 913 869 600
937 797 1073 852 Ecce
1091 793 1326 849 modesta
1345 793 1490 862 gravi
1510 793 1684 847 stabat
1701 701 1958 847 Patientia
1973 791 2143 852 vultu,

2185 436 2228 490 Λ
2269 430 2364 484 110
2438 431 2541 485 Per
2567 431 2770 485 medias
2798 432 3010 485 immo’a
3042 432 3203 493 acies,
3239 435 3517 502 variosque
3547 435 3826 498 tumultus,

2438 522 2789 590 Vulneraque,
2818 532 2869 575 et
2903 523 3082 590 rigidis
3113 523 3287 576 vitalia
3325 524 3499 589 pervia
3532 524 3655 591 pilis

2431 613 2716 681 Spectabat
2743 613 2915 666 deﬁxa
2947 615 3132 667 oculos
3185 624 3237 666 et
3267 614 3405 666 lenta
3435 615 3700 668 manebat.

2431 703 2577 757 lianc
2601 705 2782 771 procul
2808 705 2885 757 Ira
2913 715 3139 764 tumens,
3160 704 3422 771 spumanti
3450 707 3645 759 fervida
3664 711 3825 771 rictu,

2432 794 2729 864 Sanguinea
2758 797 3069 865 intorquens
3094 796 3294 850 sumiso
3322 797 3518 850 lumina
3555 797 3696 860 felle,

1855 879 2145 936 GLOSSIE
2185 882 2522 939 VETERES.

649 979 771 1033 107.
793 977 1102 1040 Catholico,
1153 975 1202 1026 in
1243 983 1420 1027 sancta
1457 972 1718 1034 Ecclesia;
1758 970 2003 1038 pudicftia
2029 968 2145 1038 gla-

578 1050 718 1101 dium
755 1064 905 1100 suum
929 1046 1019 1098 sub
1050 1047 1208 1098 latere
1233 1043 1750 1106 rerondrt.—-llivini,
1779 1042 1845 1091 ad
1866 1040 2143 1108 confessio-

577 1134 687 1171 nem
716 1118 870 1169 divini
902 1114 1236 1185 baptismatis,
1273 1113 1310 1165 Ι.

649 1187 770 1242 108.
796 1179 1068 1247 Coruscet,
1101 1192 1288 1236 alterna
1310 1183 1667 1250 prn'rlicatione
1690 1180 1978 1250 splendens,

645 1256 768 1312 109.
795 1255 952 1317 Ecce,
981 1265 1076 1306 tres
1097 1269 1202 1305 esse
1225 1247 1393 1316 partes
1418 1252 1653 1304 humanae
1677 1249 1883 1316 animle,
1913 1247 2138 1314 philoso-

575 1326 661 1392 phi
689 1336 949 1386 asserunt;
991 1323 1215 1376 videlicet
1244 1320 1544 1392 rationalem
1563 1361 1576 1382 ,
1607 1319 1906 1392 irascibilem
1943 1327 1992 1392 et
2011 1334 2141 1392 con-

573 1386 950 1463 cupiscibilem;
989 1404 1035 1446 et
1059 1393 1193 1463 ideo,
1215 1399 1327 1463 post
1373 1390 1523 1454 ﬁdem
1548 1430 1561 1451 ,
1593 1406 1694 1458 qua
1733 1389 1924 1463 ratione
1965 1386 2140 1463 (forte

573 1458 726 1532 ratio)
752 1465 966 1533 regitur,
997 1474 1042 1516 et
1071 1458 1390 1533 pudicitiam,
1425 1475 1524 1526 qua
1553 1458 1955 1533 concupiscentia
1983 1458 2142 1526 refre-

573 1529 742 1600 natur,
789 1529 1028 1599 patientia
1072 1529 1299 1598 ponitur,
1345 1545 1432 1597 per
1457 1546 1604 1596 quan
1647 1533 1726 1582 ira
1761 1529 2045 1598 frangitur;
2084 1535 2141 1580 stt

2253 975 2404 1027 homo
2452 975 2633 1041 diligat
2665 974 2824 1028 Deum
2868 992 2929 1028 ea:
2973 986 3076 1027 toto
3117 978 3287 1040 cor..’e,
3338 985 3442 1028 tota
3467 992 3660 1042 anima,
3712 987 3826 1029 tota

2248 1045 2449 1095 virtute.
2482 1044 2749 1104 ——Gravi.
2782 1058 3003 1102 maturo.
3038 1046 3075 1097 Ι.

2325 1115 2445 1168 lll.
2473 1113 2680 1176 Vitalia,
2713 1116 2943 1166 cordium
2970 1115 3268 1182 penetralia,
3297 1115 3485 1166 viscera
3508 1115 3695 1168 scilicet
3726 1117 3825 1166 ho-

2252 1183 2461 1234 minum.
2511 1212 2574 1222 ——-
2615 1184 2760 1242 l’ilis,
2790 1187 2922 1246 telis,
2947 1185 3176 1249 spiculis,
3212 1184 3250 1236 l.

2325 1254 2444 1306 112.
2467 1252 2772 1320 SpeCIabat,
2798 1254 3102 1308 intuebatur.
3129 1284 3194 1292 —-
3221 1253 3419 1316 Delixa,
3460 1254 3722 1306 inclinata.
3749 1283 3823 1293 ——

2256 1322 2438 1383 Lenta,
2469 1323 2768 1392 tranquilla,
2801 1338 2995 1392 secura,
3027 1324 3064 1378 Ι.

2319 1392 2438 1445 ΗΞ.
2466 1391 2676 1452 Procul,
2709 1402 2904 1454 contra,
2937 1391 2973 1444 Ι.

2319 1462 2438 1516 114.
2465 1462 2759 1530 Smguiuea
2781 1502 2794 1526 ,
2846 1464 2917 1514 ita
2949 1462 3221 1515 Psalmista
3263 1480 3278 1516 :
3324 1461 3578 1515 Turbatus
3608 1473 3704 1521 est,
3738 1463 3822 1514 in-

1915 1615 2454 1672 COMMENTARIUS

569 1732 726 1790 alil'er
771 1735 948 1803 legere
992 1751 1006 1788 :
1048 1733 1140 1788 sed
1186 1733 1279 1806 ita,
1308 1732 1409 1801 legi
1461 1745 1616 1806 posse
1643 1769 1656 1791 ,
1690 1732 1849 1806 nonni

571 1817 780 1874 etymon
827 1800 1053 1874 ninninis
1077 1845 1091 1866 ,
1135 1800 1406 1874 quodest
1435 1800 1678 1874 a_rubeus
1704 1838 1718 1860 ,
1754 1800 1918 1874 cujus
1969 1800 2135 1874 prima

571 1864 744 1927 brevis
774 1884 872 1925 est.
906 1873 958 1924 In
997 1864 1098 1924 tus.
1132 1864 1334 1923 Harthii
1385 1870 1593 1937 legitur,
1647 1878 1702 1920 nt
1753 1868 1804 1937 in
1833 1864 1990 1937 aliis,
2043 1867 2136 1919 sed

570 1958 665 2013 pro
702 1944 930 1994 ablutum
976 1951 1058 2013 est
1099 1940 1324 2007 ablatum
1373 1935 1649 2007 perperam
1695 1955 1707 1988 :
1753 1935 1950 2004 legitur
1975 1939 2135 1990 etiam

571 2011 786 2076 vadum,
816 2028 918 2062 non
948 2011 1146 2079 vagina.

645 2081 762 2136 ltl7.
791 2081 843 2133 ln
870 2082 987 2133 ttat.
1011 2075 1188 2131 audax
1228 2087 1281 2132 et
1310 2081 1518 2143 ineptus
1544 2085 1815 2133 corrector
1845 2089 1940 2139 pro
1966 2075 2140 2127 catho-

568 2152 667 2204 lico
697 2151 868 2216 posuit
891 2156 1169 2210 consecrat,
1191 2158 1245 2201 et
1267 2163 1474 2201 versum
1504 2156 1812 2216 sequentem
1836 2145 1904 2196 ita
1931 2147 2138 2216 penitus

570 2213 764 2285 erasit,
810 2229 865 2272 nt
897 2219 1094 2271 nullum
1136 2218 1353 2271 omnino
1382 2213 1613 2284 supersit
1642 2214 1942 2282 vestigium.
1975 2213 2135 2267 Poeta

570 2301 748 2344 narrat
815 2289 1116 2355 pudicitiam
1174 2287 1406 2351 gladium
1452 2299 1792 2338 consecrasse
1824 2285 1873 2336 iti
1908 2287 2135 2350 templo;

571 2375 675 2427 quo
707 2361 941 2412 innititur
991 2358 1318 2427 Consuetudo
1359 2357 1572 2409 illorum
1598 2355 1710 2427 _qni
1765 2355 2006 2427 _victores'
2047 2364 2138 2427 aut

573 2423 779 2483 emeriti
818 2444 964 2481 arma
1007 2426 1217 2494 templis
1247 2427 1554 2494 afﬁgebant.
1598 2423 1846 2476 lioratius
1871 2425 2030 2494 epist.
2068 2426 2086 2474 l
2120 2439 2132 2478 :

576 2498 814 2552 Veianius
841 2498 995 2550 aratis
1041 2496 1273 2548 Herculis
1315 2493 1381 2547 ait
1410 2503 1599 2562 postem
1632 2495 1748 2556 fixis
1789 2498 1908 2544 latet
1936 2493 2137 2545 abditus

569 2585 710 2638 agro.
737 2567 984 2636 Virgilius
1011 2567 1184 2638 [iisut
1213 2584 1224 2617 :
1254 2565 1471 2620 Mezenti
1498 2565 1642 2638 Ilu_cis
1671 2563 1879 2638 esurias
2024 2579 2135 2613 ma-

573 2630 671 2706 gne
719 2630 964 2707 tropicum
1005 2634 1344 2705 Bellipotens,
1397 2645 1500 2689 etc.
1554 2634 1627 2707 De
1666 2632 1840 2707 glndio
1898 2630 2134 2707 Quintilli,

569 2703 675 2774 quo
703 2703 813 2774 ipse
839 2723 865 2758 a
898 2706 1090 2760 Davide
1113 2703 1393 2773 percussus
1421 2713 1523 2764 est,
1558 2704 1795 2756 involuto
1829 2703 1990 2769 pallio
2021 2713 2138 2766 post

572 2778 778 2844 liphod,
803 2777 920 2828 vide
946 2776 1038 2829 lib.
1074 2791 1089 2827 ι
1123 2775 1248 2842 Reg.
1280 2790 1394 2836 XXI,
1418 2775 1469 2826 9.
1501 2774 1820 2826 Prudentius
1849 2781 2133 2844 veruti-ni-

569 2841 708 2913 ptum
753 2848 1057 2898 catholicum
1087 2841 1236 2898 vocit
1262 2887 1276 2905 ,
1308 2847 1429 2913 quia
1467 2860 1530 2897 eo
1565 2853 1800 2909 tempore
1831 2841 2011 2913 templi
2039 2855 2132 2893 γο-

568 2911 757 2968 cabulo
807 2919 913 2969 lere
943 2915 1200 2969 ido'oruu.
1249 2911 1364 2968 lana
1397 2913 1843 2980 iiitelligehaiitttr,
1884 2921 1940 2962 ut
1971 2911 2137 2974 liquet

567 3000 634 3038 ex
680 2985 860 3038 codice
888 2985 1272 3039 'l'heodosiano.
1306 2984 1592 3036 Christiani
1638 2982 1750 3034 loca
1815 2980 1901 3031 ubi
1933 2982 2131 3032 oraturi

1048 1733 1140 1788 sed
1186 1733 1255 1786 ita
1308 1732 1409 1801 legi
1461 1745 1616 1801 posse
1643 1769 1656 1791 ,
1690 1727 1926 1801 nonnihil
1957 1728 2142 1801 probat
2174 1731 2218 1790 Β
2247 1730 2540 1801 scriptione
2582 1730 2877 1796 haptisterii
2923 1730 3334 1785 Mediolanensis
3375 1730 3432 1784 S.
3467 1730 3639 1784 Tecla:
3678 1730 3820 1797 apud

2245 1800 2532 1853 Gruterttm
2579 1817 2590 1851 :
2640 1800 2980 1857 Octachorum
3007 1812 3208 1854 sanctos
3239 1803 3480 1870 templum
3507 1802 3725 1870 surrexit
3764 1801 3821 1852 in

2243 1885 2386 1933 usus,
2421 1870 2710 1935 ()ctagonus
2740 1875 2856 1940 fons
2881 1880 2954 1923 est
2982 1886 3190 1922 munere
3226 1869 3413 1937 dignus
3451 1886 3528 1924 eo.
3567 1869 3684 1922 Hoc
3720 1887 3818 1922 nu-

2243 1955 2379 1990 mero
2409 1939 2576 1992 decuit
2608 1942 2740 1992 sacri
2773 1941 3091 2008 baptismatis
3124 1939 3298 1992 aulam
3326 1940 3567 2003 Surgere,
3598 1957 3700 2007 quo
3727 1956 3821 2009 po-

2241 2009 2377 2074 pulis
2406 2024 2523 2060 vera
2548 2009 2688 2061 salus
2715 2011 2882 2063 rediit.
2919 2009 2991 2061 De
3021 2010 3192 2062 sacris
3218 2025 3347 2062 vero
3389 2010 3709 2074 liaptisteriis
3737 2011 3818 2060 di-

2240 2093 2340 2141 gna
2394 2078 2496 2145 legi
2546 2088 2628 2130 est
2677 2079 2984 2132 dissertatio
3018 2079 3195 2132 Ital-ica
3235 2080 3452 2132 Antonii
3482 2079 3656 2131 Maria!
3683 2079 3818 2145 Lupi

2239 2149 2296 2201 S.
2318 2147 2366 2199 .l.
2395 2163 2512 2199 cum
2560 2148 2716 2209 actis,
2743 2158 2798 2202 et
2825 2150 3227 2202 continuatione
3249 2150 3314 2201 cl.
3351 2149 3616 2202 Francisci
3647 2149 3816 2200 Auto-

2241 2219 2309 2269 nli
2327 2217 2596 2271 Zachariae
2622 2234 2636 2268 :
2659 2219 2745 2271 tibi
2773 2223 2871 2272 late
2897 2218 3172 2271 disseritur
3197 2219 3263 2271 de
3285 2218 3588 2271 nominibus
3623 2219 3817 2285 quibus

2241 2288 2550 2356 baptisteria
2580 2290 2764 2340 donari
2795 2289 3057 2350 solebant,
3093 2289 3156 2341 iis
3185 2289 3391 2342 scilicet
3423 2290 3536 2341 fere
3565 2288 3815 2339 Omnibus

2239 2359 2430 2426 quibus
2461 2358 2645 2410 balnea
2677 2359 2952 2426 gentilium
2975 2357 3413 2425 signiﬁcabantur
3439 2376 3450 2409 :
3477 2359 3652 2424 qualia
3686 2367 3816 2410 sunt

2239 2425 2617 2490 baptisterium,
2651 2427 2883 2479 balneum
2905 2469 2918 2486 ,
2949 2428 3174 2495 piscina,
3201 2428 3492 2491 lavacrum,
3523 2428 3811 2494 colymbus,

2239 2495 2592 2564 nymp'hicum,
2635 2498 2775 2565 fons,
2825 2498 3045 2560 concha,
3078 2498 3249 2556 lacus,
3282 2514 3496 2566 gurges.
3527 2496 3730 2555 alt-eus,
3759 2507 3816 2548 et

2239 2567 2480 2630 quietiam
2513 2567 2613 2618 alia
2659 2583 2672 2618 :
2717 2581 3016 2633 quanquam
3045 2567 3112 2620 de
3156 2569 3439 2636 nymphteo
3468 2577 3671 2636 eertum
3705 2582 3811 2619 non

2236 2647 2338 2687 est.
2391 2636 2501 2687 Alia
2543 2648 2782 2690 veterum
2827 2635 3040 2690 nomina
3089 2635 3274 2691 multis
3321 2637 3581 2703 exeinplis
3612 2635 3814 2701 Lupins

2237 2704 2448 2772 egregie
2479 2707 2796 2769 contirmat,
2850 2708 3145 2771 praisertim
3197 2703 3456 2757 (abaci-um
3480 2746 3493 2768 ,
3541 2709 3728 2772 fontem
3758 2715 3815 2758 et

2237 2775 2624 2847 piscinam,_ubi
2672 2778 2894 2847 disserit
2943 2777 3010 2847 (le
3053 2777 3345 2847 symbolico
3369 2777 3592 2847 nomine
3633 2783 3811 2831 1ΧΘΥΣ

2240 2847 2336 2895 hoc
2366 2853 2450 2898 est
2480 2845 2632 2912 piscis
2653 2888 2664 2904 .
2707 2846 2831 2898 Jesu
2864 2845 3268 2899 Christo‘tribui
3303 2845 3478 2900 solito.
3513 2848 3632 2910 quia
3664 2861 3814 2896 cont-

2240 2916 2450 2980 ponitur
2478 2931 2540 2966 ex
2572 2917 2758 2980 primis
2786 2914 2977 2968 litteris
3011 2917 3196 2967 haru‘m
3226 2919 3411 2966 voc’urn
3440 2933 3450 2967 :
3475 2913 3626 2966 Jesus
3656 2913 3810 2966 Chri-

2235 2994 2343 3037 stus
2368 2983 2464 3035 Dei
2499 2983 2662 3035 Filius
2692 2987 2933 3045 salvator,
2963 2985 3149 3038 Grmce
3187 2982 3395 3037 scilicet
3443 2984 3680 3049 prolatis.
3732 2985 3808 3037 Ex

567 3055 1026 3142 cpngregabantnr
1087 3054 1722 3142 appellabantuecclcsias,
1755 3060 2026 3142 conventus
2050 3065 2130 3130 ec_-
2162 3080 2206 3142 C
2237 3069 2342 3142 quo
2371 3053 2657 3142 Christiani
2703 3055 3106 3142 dictiopisciculi
3126 3071 3143 3117 ;
3196 3064 3250 3108 et
3277 3054 3334 3136 in
3382 3054 3613 3106 fontibus
3655 3069 3812 3120 aqua:

568 3119 852 3188 clesiaruiit,
897 3119 1267 3185 conventicula,
1306 3121 1661 3182 conciliabula,
1694 3119 1935 3181 oratoria,
1967 3121 2132 3171 domi-

567 3197 680 3245 nica
707 3235 721 3258 ,
750 3195 929 3247 domus
963 3194 1091 3256 Dei,
1124 3197 1306 3245 domus
1345 3193 1586 3244 orationis
1611 3232 1626 3254 ,
1659 3200 1711 3243 et
1755 3190 1966 3258 similia.
1999 3188 2134 3242 Pace

568 3262 822 3316 Ecclesia:
865 3263 1105 3326 reddita,
1143 3273 1194 3315 et
1227 3262 1523 3325 huiusmodi
1573 3259 1773 3312 aedibus
1818 3257 1982 3310 sacris
2023 3273 2137 3310 am-

571 3332 837 3398 pliﬁcatis,
869 3332 1117 3397 paulatim
1150 3331 1328 3397 templi
1362 3347 1553 3383 nomen
1585 3333 1829 3381 acceeslt.
1863 3326 2010 3392 Quod
2042 3342 2136 3379 att-

570 3413 676 3454 tem
704 3403 930 3476 gentiles
959 3400 1478 3476 pritnis_Cl_tristiani_s
1505 3399 1857 3476 objicit-haut,
1877 3399 2133 3476 eosnulla

569 3467 974 3538 templa,nullas
1000 3485 1121 3524 aras
1151 3470 1364 3531 habere,
1392 3472 1560 3521 solum
1591 3467 2133 3534 arguit,ljhristianos

571 3555 674 3593 non
708 3540 955 3595 habuisse
997 3545 1186 3605 templi
1225 3550 1280 3592 et
1335 3539 1519 3592 altaria
1567 3553 1627 3590 ea
1661 3538 2047 3603 maguiliceutia
2083 3545 2135 3588 cl.

569 3627 634 3662 eo
662 3611 882 3664 solemni
910 3626 1059 3664 more
1085 3610 1349 3672 dedicata,
1368 3623 1472 3676 quo
1494 3606 1694 3661 ethnici
1720 3617 2128 3676 consueverant.

567 3680 717 3747 Apud
745 3679 1050 3733 Eusebium.
1080 3680 1172 3733 lib.
1223 3695 1311 3733 vnt
1345 3675 1478 3732 Hist.
1527 3678 1744 3747 eccles.,
1796 3690 1914 3742 cap.
1958 3675 2038 3736 lt,
2068 3691 2132 3728 ex

566 3746 1004 3818 interpretatione
1055 3748 1228 3802 ltutini
1266 3747 1627 3818 ataximianus
1672 3746 1977 3818 imperator
2005 3758 2133 3818 con-

565 3812 726 3872 cessit
751 3837 763 3870 :
792 3817 857 3871 Ut
890 3835 1089 3872 rursum
1119 3821 1218 3871 sint
1250 3815 1556 3880 Christiani,
1589 3827 1633 3867 et
1661 3812 2012 3867 conventicula
2031 3855 2046 3878 ,
2078 3816 2132 3867 in

562 3889 742 3956 quibus
768 3905 911 3940 orare
935 3898 1316 3950 consueverunt,
1334 3895 1598 3939 exstruunt
1619 3895 1664 3936 et
1695 3884 1998 3956 i'erediﬁcent
2019 3899 2036 3946 ;
2062 3885 2133 3936 ita

565 3953 730 4009 tamen
795 3967 848 4009 ut
893 3957 1018 4008 nihil
1073 3968 1250 4008 contra
1291 3956 1606 4025 disciplinam
1651 3953 1904 4025 publicam
1930 3963 2129 4025 gerant.

565 4029 692 4092 Quis
719 4037 892 4080 autem
922 4041 1121 4090 primus
1145 4026 1315 4092 templi
1340 4021 2133 4078 nomenclatorumChrisnanis

563 4096 812 4156 ecclesiis,
852 4098 1162 4148 attribuis-0
1216 4097 1473 4158 videatur,
1524 4096 1778 4144 incertum
1822 4101 1922 4144 est.
1958 4092 2128 4160 Aliqui

564 4165 713 4218 aiunt
751 4164 808 4216 S.
841 4165 1200 4219 Ambrosium.
1234 4165 1384 4230 Apud
1424 4163 1480 4217 S.
1526 4162 1797 4215 Zenonem
1832 4161 2126 4214 Veronens.

567 4250 728 4287 serui.
753 4235 820 4287 de
857 4238 1059 4302 psalmo
1088 4249 1265 4298 cxxvi,
1299 4233 1408 4286 sive
1439 4231 2007 4302 pOLlIISSaHllal‘ttlttl,
2038 4232 2127 4302 qui

568 4320 722 4357 verus
769 4300 869 4357 esti
896 4314 1104 4364 auctor,
1155 4315 1355 4356 mentio
1401 4300 1581 4368 tetnpli
1611 4301 1678 4354 de
1710 4300 1942 4353 Ecclesia
1971 4301 2127 4353 Chri-

567 4374 736 4426 stiana
766 4375 999 4426 occhrnt
1024 4414 1038 4434 ,
1082 4375 1182 4426 nisi
1208 4376 1528 4440 deprawtus
1554 4383 1628 4424 est
1661 4373 1826 4440 locus.
1855 4371 1998 4440 ,Vide
2025 4369 2131 4421 Go-

2243 3122 2477 3176 lustralis
2525 3123 2698 3176 adhuc
2747 3119 2930 3177 lto'iiia:
2981 3125 3155 3191 pisces
3203 3128 3457 3192 apparent
3487 3119 3813 3192 emarm’ore

2238 3192 2419 3246 el'ticti.
2469 3192 2636 3244 Tomo
2686 3193 2795 3246 XLI
2858 3191 3248 3258 opusculorum
3291 3191 3759 3260 Calogerianorum
3792 3232 3808 3253 ,

2238 3275 2358 3329 pag.
2405 3260 2532 3323 247.
2583 3271 2754 3315 exstat
2800 3260 3104 3316 dis'set-tatio
3149 3263 3206 3315 P.
3237 3262 3476 3316 Anselmi
3516 3261 3808 3314 Costadoni

2236 3330 2659 3400 Camaldnlensis
2704 3348 2718 3384 :
2764 3331 2932 3399 Sapra
2959 3333 2996 3384 il
3027 3349 3170 3400 pesce
3197 3347 3335 3384 come
3360 3332 3570 3384 simbolo
3600 3332 3652 3384 di
3675 3329 3813 3384 Gesis

2238 3399 2402 3454 Crista
2429 3417 2600 3471 presso
2631 3403 2703 3471 gli
2724 3402 2914 3453 antichi
2937 3399 3184 3454 cristinni.

2309 3471 2424 3525 ωε.
2461 3470 2682 3536 Erfurt.,
2711 3471 2936 3535 Widm.,
2961 3473 3050 3524 sub
3078 3473 3210 3530 lucc,
3251 3470 3425 3523 minus
3466 3470 3622 3522 bene.
3658 3470 3807 3530 Ald..

2239 3539 2431 3600 Fahr.,
2464 3542 2692 3592 nitescat.
2721 3541 2944 3602 Cameri,
2975 3550 3218 3592 coruscet.
3252 3541 3376 3592 Post
3415 3542 3552 3592 hunc
3591 3555 3808 3592 versum

2239 3610 2287 3662 in
2322 3610 2450 3663 Mar.
2475 3620 2535 3674 et
2563 3611 2706 3676 ltat.,
2741 3610 2999 3662 Patientia
3047 3625 3141 3676 pro
3191 3610 3361 3662 titulo.
3414 3608 3472 3660 lu
3515 3610 3670 3671 Aldo,
3697 3608 3810 3661 Pa-

2235 3680 2420 3732 tientia:
2441 3688 2490 3732 et
2517 3677 2621 3732 Ira:
2651 3697 2838 3750 pugna.
2868 3679 3148 3744 Weitzius,
3193 3678 3462 3732 Patientiw
3487 3688 3534 3730 et
3564 3678 3666 3731 Ira:
3688 3695 3811 3731 con-

2233 3751 2427 3818 ﬂictus.
2999 3799 3006 3808 .

2310 3820 2428 3873 l09.
2451 3818 2647 3881 .loseph
2683 3818 2972 3884 Devonins,
3006 3818 3094 3885 qui
3129 3818 3334 3872 Daretis
3363 3818 3577 3871 nomine
3609 3817 3810 3871 bellum
3899 3823 3909 3835 '

2235 3888 2521 3955 Trojanum
2553 3888 2873 3948 decantavn,
2896 3889 2987 3940 ΙιΙι.
3021 3904 3033 3940 ι
3065 3889 3131 3941 de
3161 3888 3438 3951 Patientia,
3462 3887 3575 3940 hair.
3607 3888 3767 3941 habet
3797 3906 3812 3941 :

2239 3957 2424 4010 Discite
2451 3958 2580 4010 dura
2633 3959 2771 4027 pati;
2811 3963 2917 4010 sola
2947 3968 3018 4009 est
3066 3973 3178 4020 qua:
3201 3960 3409 4009 conterit
3451 3958 3643 4010 hostem
3688 3957 3808 4009 Vir-

2233 4035 2459 4096 tutesque
2482 4028 2608 4096 regit
2629 4027 3019 4096 patientia,sola
3042 4028 3311 4091 triumphis
3339 4027 3386 4078 Μ
3396 4028 3528 4078 ilitat
3552 4028 3811 4089 innocuis,

2233 4107 2278 4148 et
2305 4095 2774 4151 honrstreiconsutit
2801 4098 2908 4149 im.
2940 4097 3089 4162 Quod
3123 4096 3370 4150 Barthius
3399 4097 3490 4148 lib.
3524 4110 3651 4156 χχιι,
3684 4110 3809 4164 cap.

2234 4168 2321 4232 lt,
2354 4181 2663 4234 expressum
2692 4166 2943 4220 obser'vat
2965 4183 3028 4219 ex
3062 4167 3331 4220 Prudentii
3366 4166 3808 4235 l’sychomachia,

2233 4236 2577 4306 divinissimo,
2609 4248 2664 4289 ut
2693 4235 2795 4300 ait,
2823 4247 3074 4306 poemate.
3107 4236 3237 4290 Vide
3278 4234 3466 4288 librum
3494 4235 3551 4288 Τι
3573 4234 3810 4289 rtulliani

2231 4306 2297 4358 de
2328 4305 2605 4358 Patientia.

2309 4373 2712 4428 lt0.Weitzius
2758 4372 2980 4428 ridicule
3030 4373 3195 4427 edidit
3244 4375 3521 4439 tumultos,
3569 4373 3706 4441 quod
3751 4373 3807 4425 in

565 4444 862 4497 tholredum
888 4444 936 4495 in
965 4445 1170 4496 titulum
1198 4443 1265 4495 de
1281 4438 1511 4510 paganis
1539 4441 1658 4494 cod.
1683 4438 1987 4511 Tlieod._,et
2013 4443 2127 4493 Sci-
2160 4438 2206 4494 D
2234 4445 2348 4496 solo
2379 4443 2648 4497 Widman.
2687 4445 2806 4495 cod.
2851 4445 3076 4511 reperit;
3117 4443 3264 4510 quasi
3300 4457 3403 4495 non
3444 4438 3674 4508 potuerit
3713 4457 3809 4494 ex-

601 4514 776 4566 ionem
809 4513 1070 4566 Maﬂ’eium
1093 4514 1145 4565 in
1178 4507 1383 4565 notfad
1410 4511 1554 4574 lib.l,
1575 4509 1796 4569 tract.5,
1817 4509 1872 4562 S.
1893 4507 2123 4561 Zenonis

608 4585 907 4645 eronensis.
936 4592 990 4636 et
1024 4591 1374 4636 commentar.
1406 4581 1470 4633 ad
1521 4596 1661 4633 vers.
1709 4579 1815 4632 2l5
1869 4580 2045 4646 hymni
2093 4579 2125 4632 3

563 4652 854 4720 l’eristeph.
887 4653 1228 4704 Basilicarum
1259 4649 1668 4717 appellationem
1701 4648 1948 4720 libr-nti.._s
1975 4649 2126 4720 Cori-

561 4723 716 4774 stiani
743 4718 1098 4788 arripuerunt.
1139 4721 1425 4787 Suspendit
1455 4735 1580 4772 vero
1609 4722 1763 4786 pudic
1790 4720 1858 4770 tia
1888 4718 2122 4785 gladium

561 4793 716 4844 divini
749 4793 902 4862 fontis
931 4793 999 4844 ad
1027 4808 1168 4843 aram
1192 4806 1208 4842 :
1235 4792 1464 4862 persistit
1494 4790 1653 4862 enirn
1679 4799 1830 4852 poeta
1865 4804 1912 4862 ιι]
1950 4788 2122 4862 bapti-

559 4856 931 4929 smatis'gratia
960 4856 1314 4928 praedicanda.
1334 4859 1441 4912 Hoc
1468 4860 1609 4912 enim
1643 4856 2079 4929 iuununtJordan
2100 4873 2124 4909 s

562 4935 712 4986 unda:
733 4973 746 4996 ,
775 4927 983 4998 ﬂuviali:
1025 4933 1302 4993 lavacrum,
1335 4929 1580 4997 baptisma
1609 4970 1620 4990 ,
1651 4941 1699 4982 et
1745 4942 1881 4980 nunc
1923 4927 2125 4998 divinus

561 5005 692 5065 fons.
738 4997 980 5054 Barthius
1026 5003 1405 5067 interpretatur
1448 4999 1674 5049 divinum
1723 5001 1910 5066 fontem
1955 4997 2126 5062 bapti-

559 5085 730 5122 smum
756 5109 772 5134 ,
803 5087 945 5123 arani
977 5069 1369 5139 baptisterium,
1416 5071 1536 5135 quia
1567 5068 1620 5139 in
1652 5082 1716 5139 eo
1741 5069 1961 5139 otl'ertur
1995 5067 2124 5132 Deo,

558 5139 648 5204 qui
677 5141 874 5192 mundo
905 5136 1227 5193 denascitur.
1265 5139 1450 5190 Pessrt
1499 5138 1596 5202 legi
1641 5136 1706 5188 ad
1749 5138 1918 5187 aulam
1944 5175 1958 5198 ,
2007 5149 2126 5203 qua:

560 5224 662 5260 vox
714 5225 741 5260 a
785 5211 1051 5262 veteribus
1090 5212 1156 5263 de
1197 5208 1436 5262 :editiciis
1466 5208 1632 5258 sai-ris
1663 5207 1790 5257 satis
1821 5207 2127 5272 frequenter

560 5278 936 5346 usurpabatnr.
969 5281 1214 5331 Paulinus
1242 5280 1356 5329 Mt.
1394 5279 1458 5329 lt)
1504 5294 1513 5325 :
1566 5274 1817 5327 Ferantur
1858 5276 1907 5325 in
1940 5274 2124 5346 «mlas,

559 5345 909 5414 Miremurque
955 5364 1127 5401 sacras
1175 5357 1392 5400 veterum
1439 5362 1760 5414 munumena
1811 5345 2020 5414 ﬁguras.
2060 5345 2126 5414 Et

558 5433 591 5484 ν
613 5429 770 5471 istc-az
797 5411 891 5470 Est
913 5420 1064 5469 etiam
1092 5419 1326 5469 interiore
1348 5418 1462 5469 sinu
1485 5413 1776 5484 majoris-in
1806 5411 1938 5466 nullo
1961 5411 2126 5465 Insita

555 5487 683 5538 cella
714 5490 912 5555 procul,
937 5497 1039 5539 etc.
1075 5487 1251 5554 Itaque
1281 5487 1324 5539 si
1360 5503 1451 5549 per
1482 5499 1608 5538 mss.
1643 5485 1848 5543 liceret,
1893 5485 2122 5555 dicerem

553 5553 784 5623 gladium
816 5557 1081 5623 pudicitia).
1110 5553 1324 5606 altixum
1350 5556 1511 5608 luisse
1545 5557 1594 5607 in
1623 5556 1766 5617 aula,
1793 5556 1902 5606 sive
1927 5553 2124 5623 sacello

557 5621 869 5693 baptisterii.
907 5628 1034 5680 Nam
1064 5625 1224 5678 etiam
1259 5624 1578 5677 Fortunatus
1612 5624 1703 5676 lib.
1746 5639 1804 5686 ll,
1834 5638 1977 5675 carm
2035 5621 2119 5693 Η,

557 5692 920 5762 baptisterium
973 5697 1204 5765 appellat
1243 5695 1554 5760 baptismatis
1594 5695 1784 5746 aulam.
1836 5693 1896 5745 Et
1944 5693 1994 5744 in
2037 5692 2118 5744 iu-

2227 4515 2456 4580 scriptor
2485 4514 2600 4580 ejus
2629 4513 2831 4566 codicis
2857 4529 2886 4564 ο
2919 4530 3012 4580 pro
3042 4530 3072 4564 ιι
3106 4512 3362 4565 mendose
3393 4528 3604 4574 ponere.

2301 4581 2733 4637 HlVincentins
2749 4582 3156 4638 Bellovaceusis.
3185 4584 3386 4634 Iih.xvn
3409 4581 3618 4650 Specnli
3651 4580 3805 4644 hist.,

2227 4667 2344 4719 cap.
2379 4655 2500 4716 102,
2543 4653 2608 4705 de
2640 4651 2869 4703 ﬂosculis
2901 4651 3170 4706 Prudentii
3211 4650 3280 4703 ita
3314 4652 3454 4704 hunc
3485 4666 3691 4702 versum
3727 4651 3806 4704 le—

2227 4725 2302 4788 git
2344 4739 2356 4774 :
2406 4722 2675 4787 Spectabat
2723 4721 2892 4788 deﬁxa
2935 4724 3136 4782 oculos,
3171 4731 3216 4772 et
3263 4723 3379 4773 (rcta
3424 4720 3693 4780 manebat;
3735 4720 3804 4772 ad

2228 4786 2376 4842 oram
2407 4786 2580 4844 autem
2608 4786 2838 4857 alligitit'r
2866 4790 3002 4844 lenta
3034 4807 3128 4856 pro
3153 4789 3362 4843 diversa
3393 4791 3637 4843 lectione.
3657 4789 3804 4842 Editi

2227 4871 2281 4916 et
2323 4863 2506 4925 SCl'lllll
2554 4869 2859 4912 constanter
2906 4862 3102 4913 habent
3145 4861 3304 4919 lenta,
3337 4859 3474 4924 quod
3522 4858 3802 4918 epitheton

2228 4932 2464 4995 apprime
2503 4930 2752 4982 convenit
2797 4930 3088 4994 patientiw.
3117 4929 3303 4982 Cicero
3343 4930 3410 4981 de
3435 4931 3580 4980 Orat.
3618 4928 3707 4980 lib.
3740 4944 3801 4990 it,

2231 4999 2462 5051 Nimium
2497 5001 2729 5068 patiens,
2774 5009 2820 5050 et
2861 5001 3023 5051 lentus
3060 5001 3337 5051 existimor.
3372 4999 3696 5050 Constantia:
3725 5001 3802 5049 si-

2229 5085 2390 5135 gnum
2439 5084 2649 5135 quoque
2694 5079 2805 5126 est,
2857 5071 2998 5132 quod
3042 5077 3247 5133 spectet
3274 5068 3445 5133 defixa
3486 5070 3694 5128 oculos,
3745 5077 3805 5120 ut

2229 5140 2474 5191 observat
2515 5139 2904 5191 Chamtilardns
2937 5153 2998 5189 ex
3039 5138 3177 5203 Virg.
3208 5153 3254 5188 vr
3288 5137 3528 5200 ΔΕιιθίεΙη
3563 5135 3666 5186 Illa
3689 5137 3804 5188 solo

2227 5208 2357 5273 [istos
2401 5211 2573 5260 oculos
2620 5223 2793 5257 aversa
2833 5209 3042 5258 tenebat.
3073 5206 3194 5258 Post
3243 5207 3382 5258 hunc
3422 5221 3634 5258 versum
3667 5205 3798 5258 Mar.

2229 5286 2277 5328 et
2305 5277 2422 5329 [ιλιι.
2455 5278 2645 5328 habent
2674 5276 2879 5327 titulum
2908 5275 3013 5330 Ira.
3050 5276 3446 5343 Descriptiones
3476 5275 3572 5328 Ira:
3601 5274 3804 5338 passim

2229 5345 2467 5398 invenies
2506 5346 2644 5413 apud
2692 5354 2904 5410 poetas,
2937 5356 3176 5397 oratores
3207 5359 3392 5397 sacros
3417 5350 3472 5397 et
3516 5343 3800 5412 profanos.

2231 5416 2531 5468 historicos.
2566 5416 2714 5466 lianc
2753 5414 3166 5477 descriptionem
3219 5414 3626 5467 Prndentianam
3679 5413 3799 5465 imi-

2231 5484 2328 5535 tari
2360 5485 2503 5536 visus
2529 5495 2610 5536 est
2641 5485 2888 5536 Galterns
2918 5485 3009 5536 lib.
3042 5500 3072 5535 v
3105 5485 3362 5535 Alexand.
3395 5499 3537 5536 vers.
3568 5482 3694 5536 222.
3727 5481 3802 5533 De

2230 5568 2400 5620 pugna
2432 5554 2523 5604 irze
2556 5554 2777 5604 consule
2806 5553 3143 5606 Ambrosium
3185 5555 3274 5605 lih.
3313 5553 3380 5606 de
3407 5553 3589 5617 Oltic.,
3619 5567 3671 5605 et
3701 5551 3803 5605 La-

2229 5623 2487 5675 ctantiutn
2519 5622 2610 5674 lib.
2643 5637 2680 5681 t,
2713 5637 2828 5685 cap.
2865 5624 2920 5676 9.

2305 5693 2325 5744 l
2344 5692 2421 5744 ll.
2435 5690 2652 5758 Widm.,
2669 5700 2851 5749 contra
2870 5698 3118 5755 metrum,
3135 5692 3506 5760 sanguineaque
3519 5689 3792 5743 involrens.
