4066 6296
185 347 261 400 55

192 463 301 514 1Ιὸ
385 462 452 514 lit
479 463 602 516 belli
630 474 888 524 exornant,
914 472 1150 529 letoque,
1184 472 1235 514 et
1262 477 1386 515 voce
1419 463 1655 519 lacessit.

393 552 780 620 Impatiensque
811 567 974 604 morie
1003 562 1162 603 conlo
1192 555 1339 617 ιιι-111,
1367 551 1601 618 increpat
1634 567 1746 616 ore,

384 643 624 696 llirsittas
646 641 888 708 quatiens
918 641 1126 710 galeato
1158 642 1207 692 in
1239 656 1332 693 ver
1359 644 1436 695 ice
1464 644 1668 694 cristas.

383 736 466 788 En
493 735 584 788 tibi
613 735 815 798 Martis,
846 735 941 796 ait,
969 735 1257 800 Spectatrix
1288 733 1448 794 libera
1481 738 1676 797 nostri,

380 829 538 897 θοι
557 827 753 891 Excipe
773 825 1098 879 mortiferum
1113 839 1301 878 se--uro
1317 838 1528 892 pectore
1551 827 1744 880 ferrum
1767 844 1780 881 :

230 917 348 971 1ἓο
386 917 490 970 Nec
518 918 731 978 doleas,
757 917 876 981 quia
909 928 1064 982 turpe
1094 918 1184 966 tibi
1222 915 1486 984 gemuisse
1517 915 1779 970 dolorem.

386 1007 473 1058 Sic
498 1007 572 1058 ait
595 1046 609 1066 ,
643 1015 695 1058 et
726 1004 956 1086 stridens
986 1004 1228 1073 sequitur
1249 1005 1487 1058 convicia
1521 1005 1673 1072 pinus

385 1098 486 1150 Per
514 1106 725 1149 teneros
755 1097 980 1164 crispati
1026 1109 1208 1157 notos,
1239 1107 1288 1147 et
1315 1104 1456 1148 certa
1487 1097 1584 1148 sub
1611 1097 1777 1161 ipsum

387 1186 633 1240 Defertur
659 1189 1015 1248 stomachum,
1037 1196 1289 1254 rectoque
1322 1185 1540 1238 illiditur
1561 1186 1664 1239 ictu
1694 1203 1705 1237 :

387 1277 491 1330 Sed
523 1276 694 1330 resilit
721 1275 854 1328 duro
877 1277 1053 1328 lorica:
1073 1291 1290 1328 excussa
1325 1277 1558 1343 repulsu.

240 1369 347 1422 125
384 1368 606 1423 PI'IH‘itlﬂ
629 1385 747 1422 nam
772 1370 936 1420 virtus
963 1381 1212 1421 coitserto
1239 1369 1523 1421 adamante
1551 1369 1774 1424 trilicem

386 1459 634 1512 lttduerat
668 1458 882 1511 thoraca
912 1458 1178 1518 humeris,
1224 1472 1611 1527 siluamnsaque
1653 1461 1776 1513 ferri

384 1547 550 1602 Testa
601 1563 694 1616 per
738 1547 962 1601 intortos
1003 1549 1342 1602 commiserat
1379 1549 1610 1613 undique
1656 1564 1778 1603 ner-

1464 1639 1599 1710 [νος.

391 1729 516 1784 Inde
545 1730 716 1797 quieta
750 1739 925 1783 manet
949 1729 1225 1793 Patientia,
1259 1728 1408 1782 tortis
1437 1729 1500 1782 ad
1521 1743 1708 1784 omnes

1581 350 2127 408 PSYCIlUiIACIIlA.
3391 373 3456 425 51

2063 467 2314 520 Telorum
2345 468 2553 520 nimbos
2578 509 2593 532 ,
2627 481 2678 523 et
2713 486 2813 524 non
2860 475 3187 542 penetrabi'e
3213 475 3409 531 durans
3442 499 3453 530 :

1929 557 2027 610 150
2064 558 2224 628 602
2273 559 2382 614 Nec
2424 570 2562 614 mota
2598 573 2679 619 est
2703 564 2882 630 jaculo
2909 569 3132 621 monstri
3167 569 3282 624 sine
3311 585 3456 624 more

3091 655 3350 726 [furentis
3370 703 3384 723 ,

2063 736 2359 803 Opperieus
2391 741 2618 807 propriis
2651 741 2936 810 perituram
2969 746 3165 798 viribus
3197 749 3333 800 Iram
3365 764 3380 802 :

2064 828 2279 882 Scilicet
2327 831 2613 884 indomitos
2653 845 2931 903 postquam
2971 838 3356 892 stomachando
3386 843 3456 893 la-

3173 927 3382 998 [certos

2065 1010 2292 1063 ltarbara
2326 1012 2571 1066 bellatrix
2597 1014 2948 1080 impenderat,
2980 1026 3033 1070 et
3054 1017 3349 1086 jaculnrum

2061 1101 2208 1155 Nube
2248 1118 2633 1170 supervacuam
2666 1105 2962 1160 lassaverat
2992 1109 3134 1162 irrita
3168 1110 3408 1164 dextram
3437 1127 3449 1138 ·

1926 1189 2022 1244 155
2058 1191 2189 1245 Cum
2221 1204 2437 1247 ventosa
2483 1196 2581 1248 levi
2613 1196 2935 1251 cecidissent
2966 1200 3067 1252 tela
3100 1201 3315 1267 volatu,

2059 1283 2295 1338 lactibus
2324 1295 2377 1337 et
2415 1291 2594 1340 vacu?s
2624 1289 2829 1341 ItaSIilia
2864 1289 3028 1344 fracta
3057 1293 3296 1358 jacerent
3334 1311 3345 1345 :

2073 1373 2304 1428 Vertitur
2333 1377 2398 1428 ad
2429 1379 2673 1445 capulum
2707 1394 2895 1432 manus
2925 1380 3160 1447 improba
3187 1421 3200 1444 ,
3233 1392 3286 1436 et
3330 1397 3453 1437 ense

3138 1470 3389 1542 [corusco

2063 1555 2292 1610 Cotinisa
2328 1573 2378 1610 tn
2408 1558 2614 1627 plagam
2637 1600 2650 1622 ,
2683 1560 2867 1614 dextra
2900 1562 3140 1616 sublimis
3162 1565 3230 1618 ab
3259 1579 3386 1618 aure

2066 1644 2312 1713 Erigitur,
2341 1649 2679 1717 mediumque
2710 1650 2830 1704 ferit
2861 1651 3048 1704 librata
3079 1654 3382 1708 cerebrum.

1922 1735 2024 1790 HO
2060 1734 2223 1790 tEi-ca
2265 1738 2356 1791 sed
2384 1749 2539 1794 cocto
2576 1742 2742 1795 cassis
2771 1743 2995 1796 formata
3027 1746 3240 1799 metallo

1495 1823 1777 1880 CLUSSr'E
1819 1827 2160 1884 VETERES.

213 1918 334 1980 quit,
365 1931 396 1965 α
425 1915 597 1979 lurore
621 1929 797 1964 anuus
820 1928 976 1964 aiens.
1000 1911 1065 1965 Ut
1098 1914 1214 1965 irati
1242 1914 1401 1966 solent
1431 1915 1597 1967 ridere
1623 1916 1780 1968 oculis
1814 1921 1854 1978 Β
1885 1919 2113 1980 nitentia,
2145 1919 2184 1972 l.

214 1982 694 2043 torris.—Stiil'usn,
723 1986 1033 2046 subterfuso,
1067 1983 1105 2038 Ι.

283 2054 402 2108 115.
430 2054 515 2116 Ut,
540 2053 1051 2118 quasi—Esuriem,
1075 2061 1349 2116 expertem,
1379 2053 1416 2106 Ι.

284 2123 402 2178 117.
428 2123 700 2191 Ωιωιίυιιδ,
724 2124 938 2192 agitans.
960 2149 1028 2160 ---
1045 2122 1264 2186 Cristas,
1291 2139 1489 2176 summa
1510 2140 1627 2193 pars
1659 2139 1777 2176 cas-

213 2197 298 2254 sis,
324 2196 363 2248 l.

283 2265 404 2317 118.
429 2262 567 2325 Tibi,
592 2262 690 2326 do;
729 2263 797 2313 ad
825 2272 963 2314 tuum
989 2262 1542 2329 interitum—Martis,
1568 2263 1780 2316 belli.—

213 2335 528 2402 Spectatrix,
556 2335 635 2384 ira
660 2332 956 2400 patientiam
984 2332 1231 2399 increpat,
1262 2333 1300 2385 1.

281 2405 405 2456 119.
431 2403 650 2468 Excipe.
683 2402 761 2452 hic
780 2412 852 2453 est
883 2414 1057 2467 tropus
1081 2439 1096 2464 ,
1124 2404 1210 2469 qui
1233 2418 1516 2456 sarcasmus
1537 2403 1765 2472 appella-
1790 2433 1792 2435 >

213 2486 315 2532 tur,
345 2475 398 2524 id
425 2483 494 2523 est
524 2472 720 2524 hostilis
742 2473 928 2536 irrisio,
963 2472 1001 2525 Ι.

285 2543 403 2595 1Ξο.
436 2540 543 2593 Nec
566 2541 767 2600 doleas,
793 2543 972 2593 ironia.
1007 2569 1077 2580 -—
1099 2539 1297 2608 Turpe,
1330 2550 1425 2606 est,
1452 2542 1492 2595 1.

284 2613 404 2664 121.
436 2610 678 2662 Stridens
710 2615 884 2677 pinus,
912 2610 1148 2680 sagittam
1176 2611 1391 2679 intelligi
1416 2613 1539 2671 vult,
1561 2610 1598 2664 l.

284 2682 405 2734 125.
435 2680 752 2743 Adamante,
777 2679 1022 2732 adamans
1047 2679 1272 2734 Christus
1293 2693 1384 2732 est.
1405 2710 1474 2720 -—
1497 2681 1771 2746 Triliccm,

218 2755 456 2819 triplicem
497 2749 718 2816 lapidem
738 2749 993 2819 Qhristum
1015 2766 1280 2818 possumus
1313 2750 1614 2818 intelligere,
1641 2751 1677 2804 1.

289 2822 405 2874 126.
438 2819 700 2881 Tltnraca,
726 2817 932 2872 Graecus
959 2817 1306 2881 accusativus;
1340 2817 1589 2873 loricam:
1620 2821 1775 2872 lorica

221 2891 331 2957 (idet
361 2892 602 2942 nimirum
637 2889 818 2956 triplex
843 2899 914 2940 est
939 2928 952 2950 ,
990 2891 1050 2941 ob
1077 2889 1340 2941 Trinitatis
1371 2892 1772 2956 confessionem,

221 2961 298 3010 cui
316 2963 556 3011 adamans
577 2958 790 3010 invictus
817 2959 1106 3027 confertur;
1138 2975 1247 3009 cum
1266 2961 1317 3010 ἰυι
1347 2974 1600 3011 auctorem
1624 2961 1742 3025 ﬁdei
1758 2999 1772 3015 .

223 3029 409 3092 Iesum,
437 3045 630 3091 semper
650 3029 912 3098 aspicitur.
947 3059 1014 3066 —
1044 3031 1354 3097 Squamosa,
1387 3030 1673 3097 splendida,
1698 3029 1775 3080 vel

1957 1988 2076 2059 127.
2110 1988 2500 2051 Commiserat,
2545 1991 2980 2056 circumdederat,
3023 2003 3322 2059 nexavcrat,
3380 1999 3452 2050 vel

1886 2058 2224 2112 succinxerat.
2246 2087 2314 2096 —
2336 2059 2557 2121 Nervos,
2581 2061 2818 2123 circulos,
2847 2061 2882 2114 Ι.

1960 2127 2080 2181 119.
2104 2126 2476 2200 Penetrabile,
2505 2145 2688 2200 nomen
2701 2140 2774 2182 est
2804 2147 2897 2198 pro
2925 2131 3163 2184 adverbio
3193 2134 3449 2200 positum,

1888 2197 1940 2251 id
1969 2207 2064 2256 est,
2097 2197 2572 2266 impenetrabiliter,
2601 2198 2637 2249 Ι.

1962 2266 2083 2319 151.
2115 2266 2428 2337 opperiens,
2456 2279 2767 2337 exspectans,
2795 2269 2831 2320 Ι.

1961 2338 2082 2390 152.
2117 2335 2404 2390 Indomitos
2428 2376 2442 2398 ,
2477 2335 2744 2399 inquietos.
2775 2367 2845 2377 —-
2886 2338 3278 2394 Stomachandu
3304 2383 3318 2407 ,
3351 2341 3453 2393 ira-

1889 2407 2094 2470 scendo,
2125 2408 2391 2458 stzviendo.
2424 2428 2489 2444 --—
2519 2407 2789 2468 Lacertos,
2821 2407 3047 2471 brachia,
3074 2408 3112 2460 l.

1958 2477 2078 2529 155.
2108 2475 2460 2543 lmpenderat,
2485 2478 2804 2544 fatigaverat,
2833 2478 2871 2528 Ι.

1956 2545 2075 2616 154.
2110 2546 2499 2598 Sonervactt-tm
2528 2586 2541 2608 ,
2574 2548 2918 2616 inutilem.r—
2942 2544 3088 2599 irrita
3119 2587 3133 2609 ,
3166 2548 3409 2616 impedita
3432 2590 3446 2611 ,

1885 2614 1961 2667 rel
1977 2616 2150 2668 vitiata
2166 2631 2182 2666 :
2208 2616 2466 2680 impedita,
2486 2616 2600 2682 quia
2615 2615 2757 2667 nullo
2776 2623 2795 2667 ε
2825 2615 2874 2667 lo
2893 2631 3004 2667 eam
3030 2614 3392 2683 vulneraverat,
3413 2622 3450 2671 1.

1961 2686 2078 2738 156.
2114 2683 2328 2736 llastilia
2349 2721 2367 2748 ,
2399 2684 2517 2746 tela,
2550 2684 2588 2736 l.

1953 2755 2076 2807 157.
2107 2753 2359 2821 Vertitur,
2391 2753 2468 2805 ira
2496 2753 2784 2821 patientiam
2808 2751 2980 2821 gladio
3005 2755 3242 2821 percutit,
3277 2755 3320 2806 1.

1958 2824 2078 2876 158.
2107 2820 2342 2889 Plagam,
2366 2820 2578 2884 vulnus;
2601 2820 2903 2874 cmde:n.—
2929 2825 3087 2886 Aure,
3114 2820 3306 2887 capite,
3339 2824 3378 2876 1.

1961 2893 2074 2945 159.
2104 2891 2264 2953 Ferit,
2299 2893 2530 2958 percutit.
2563 2921 2630 2932 —
2659 2891 2895 2953 Librala,
2925 2903 3236 2956 mensurata,
3267 2890 3304 2944 Ι.

1955 2961 2073 3014 HO.
2109 2960 2284 3012 tiassis
2305 3001 2318 3023 ,
2346 2962 2519 3013 lorica.
2550 2990 2616 3000 -—
2651 2960 2862 3013 Metello
2881 3004 2895 3025 ,
2919 2975 2987 3012 tes
3013 2963 3204 3012 cwteris
3235 2962 3450 3013 metallis

1883 3029 2161 3082 durabilius
2189 3031 2379 3094 fertur;
2410 3035 2542 3084 unde
2575 3031 2724 3082 etiam
2753 3045 2844 3095 pro
2876 3030 3140 3081 toleranlia
3155 3033 3384 3097 ponitur,
3409 3032 3450 3082 l.

1545 3117 2096 3175 COMMENTARIUS.

294 3213 410 3263 ll7.
437 3211 554 3264 Rat.
575 3209 854 3269 etV'ienn.,
873 3208 1073 3278 galeato
1100 3210 1278 3260 vertice
1304 3209 1419 3261 sine
1444 3207 1784 3262 in.Weitzius
1813 3212 1858 3274 C
1893 3211 1977 3263 ubi
2004 3212 2164 3265 etiam
2189 3212 2416 3265 occurrit
2448 3210 2658 3262 telorum
2689 3209 2865 3262 imber.

226 3285 344 3350 legit
373 3285 589 3344 hirsuto,
622 3295 792 3344 neque
821 3281 1098 3350 lectionem
1127 3280 1515 3344 discrepantem
1548 3290 1710 3331 notat.

295 3352 410 3405 H9.
443 3353 591 3416 Abl.,
620 3351 836 3409 lirl'urt.,
866 3351 979 3402 Vat.
1017 3349 1056 3402 11
1089 3351 1368 3402 asecunda
1399 3363 1578 3414 manu,
1609 3365 1786 3402 securo

223 3427 274 3476 in
303 3432 518 3484 pectore.
555 3421 608 3471 lu
629 3423 748 3472 aliis
775 3420 924 3471 deest
951 3436 1023 3472 in.
1395 3447 1398 3451 ν

294 3493 412 3546 120.
461 3493 583 3544 Ald.
628 3502 676 3542 et
707 3489 948 3543 Glfdttttls
978 3490 1137 3544 vetbu
1169 3490 1356 3543 Vtasris
1387 3490 1446 3542 in'
1477 3489 1640 3542 lndic.
1685 3489 1787 3542 Lu-

223 3576 353 3615 cret.
373 3602 387 3622 ,
418 3561 668 3630 gemuisse
695 3561 899 3630 dolore;
925 3563 1008 3612 alii
1027 3602 1042 3624 ,
1072 3559 1319 3612 dolorem.
1350 3561 1462 3612 Vat.
1491 3560 1530 3613 C
1559 3576 1586 3610 a
1622 3561 1785 3626 prima

224 3629 435 3696 inanu.,
460 3632 681 3683 dolores.
715 3629 936 3694 Er.nrt.,
970 3642 1116 3698 turpe
1149 3632 1233 3681 tibi
1272 3639 1375 3692 est;
1411 3634 1459 3680 in
1497 3631 1613 3681 :tl.is
1639 3629 1789 3698 deest

225 3707 438 3756 t-erbttnt
476 3702 894 3762 subsrantivum,
923 3697 1144 3766 excepto
1172 3703 1358 3767 Auget.
1381 3741 1396 3764 ,
1428 3702 1512 3753 tibi
1543 3700 1678 3751 male
1709 3697 1787 3751 le-

222 3787 359 3842 gitur
387 3782 533 3842 turpe
564 3771 651 3821 tibi
684 3779 755 3821 est
780 3770 1010 3838 genuisse
1036 3771 1260 3822 dolorem
1294 3785 1388 3836 pro
1411 3769 1678 3842 gemuisse.

295 3843 416 3896 193.
449 3835 697 3893 NebrisSn
721 3835 1016 3905 suspicatus
1035 3835 1302 3892 esttenurs
1330 3835 1628 3904 proteneros
1651 3835 1785 3890 haud

221 3913 472 3964 absurde.
512 3910 618 3962 Sed
647 3910 1036 3962 Ultantitlardus
1077 3923 1177 3962 non
1211 3908 1390 3961 debuit
1418 3924 1479 3961 ex
1509 3909 1620 3960 sola
1661 3922 1790 3960 con-

225 3982 421 4050 iectura
455 3983 555 4032 hoc
587 3995 776 4031 nomen
805 3979 856 4031 in
887 3985 1088 4050 textum
1129 3979 1422 4032 intrudere.
1455 3979 1790 4050 Nequeveru

224 4047 305 4103 est
360 4066 518 4104 causa
563 4064 656 4101 cur
705 4057 859 4101 notus
889 4047 991 4101 dici
1023 4056 1251 4117 nequeat
1289 4059 1464 4114 tener,
1519 4058 1573 4100 ut
1599 4047 1791 4099 dicitur

225 4129 252 4172 tu
269 4125 369 4180 nis,
401 4122 558 4172 mitis.

292 4193 414 4244 125.
450 4192 594 4250 ltat.,
620 4195 752 4240 recto
775 4202 794 4251 ;
824 4187 1014 4241 melius
1041 4196 1295 4254 rectoque.

292 4262 419 4314 124.
461 4261 664 4313 Seneca
693 4258 788 4324 lib.
812 4272 867 4310 nt
893 4260 960 4311 de
987 4257 1094 4318 Ira,
1129 4271 1244 4324 cap.
1277 4257 1309 4310 5
1335 4273 1347 4307 :
1385 4256 1449 4309 Ut
1478 4256 1578 4310 tela
1605 4266 1637 4308 a
1661 4255 1793 4308 duro

227 4335 455 4383 resiliunt
481 4370 497 4395 ,
528 4339 575 4381 et
610 4344 725 4380 cum
751 4315 925 4380 dolore
949 4315 1379 4380 cadentis-solida
1409 4328 1661 4395 feriuntur
1684 4341 1701 4378 :
1721 4327 1794 4378 ita

225 4399 366 4452 trulla
393 4415 635 4468 magnum
656 4397 884 4449 animum
917 4397 1109 4465 injuria
1135 4399 1206 4448 ad
1226 4413 1430 4450 sensum
1459 4397 1539 4449 sui
1562 4396 1788 4461 abducit,

223 4471 461 4538 [ragilior
483 4485 538 4521 eo
565 4469 702 4537 quod
728 4470 866 4536 petit.

294 4535 422 4594 125.
449 4535 803 4606 Virgiliuslib.
823 4554 848 4586 ν
870 4553 884 4589 :
915 4535 1141 4588 Ltevibus
1165 4537 1279 4588 huic
1302 4537 1464 4588 hamis
1487 4543 1792 4598 consertam,

223 4625 449 4676 auroque
478 4610 690 4660 trilicem
714 4606 963 4658 Loricam.
996 4606 1194 4658 Invicta
1225 4611 1302 4658 vis
1328 4607 1592 4676 patientia:
1614 4615 1794 4658 osten-

223 4675 384 4732 ditur.
413 4681 702 4732 Peveratus
725 4678 938 4742 provida
965 4679 1353 4742 cirtusexpnnt
1370 4675 1724 4743 prudentiam,
1741 4683 1797 4726 ttt

221 4752 364 4818 apud
411 4749 716 4802 Petronium
760 4746 917 4798 libera
951 4746 1105 4818 cirrus
1135 4757 1215 4798 est
1241 4745 1494 4818 libertas.
1527 4745 1640 4818 Non
1682 4747 1796 4818 dis-

221 4815 385 4888 pitcct
413 4820 528 4871 ililfc
545 4821 930 4884 interpretatio,
953 4817 1042 4869 sed
1067 4817 1135 4867 ita
1157 4825 1213 4868 nt
1240 4815 1572 4869 Providentia
1594 4816 1795 4884 patien-

221 4893 351 4942 tiam
374 4890 684 4941 armaverit.

293 4959 421 5012 126.
453 4959 554 5010 Pro
587 4957 794 5008 thoraca
831 4954 1014 5010 Viena.
1041 4996 1056 5022 ,
1089 4955 1229 5011 Rat..
1259 4955 1413 5018 Man,
1449 4955 1565 5008 Vat.
1599 4953 1637 5008 C
1666 4953 1798 5007 scri-

224 5031 362 5082 bunt
405 5028 678 5080 thoracem.
715 5028 766 5078 In
807 5025 1004 5079 Wiitm.
1031 5067 1045 5091 ,
1089 5026 1342 5076 mendose
1374 5065 1389 5088 ,
1437 5025 1701 5077 thoracha.
1740 5024 1795 5077 In

222 5100 422 5168 Bnng.,
452 5102 686 5150 humeros
717 5111 820 5150 ηοιι
854 5101 988 5150 male
1016 5112 1110 5163 pro
1133 5097 1371 5168 humeris.
1407 5096 1477 5148 ιιι
1512 5096 1670 5148 etiam
1700 5093 1791 5147 Gi-

219 5164 453 5224 selnius.
482 5170 699 5229 Bubon,
727 5170 891 5230 prior,
909 5169 1112 5219 indurat
1139 5179 1232 5233 pro
1254 5164 1514 5217 induerat.

290 5240 422 5293 127.
472 5241 526 5292 lu
567 5242 836 5291 nonnullis
880 5241 1047 5305 νοις..
1097 5240 1387 5305 innumeros
1429 5251 1522 5302 pro
1561 5242 1792 5305 intortos.

219 5309 391 5363 Testa
424 5310 846 5376 squamosal'crri
870 5303 991 5360 sunt
1011 5309 1119 5376 ipSn
1148 5306 1306 5358 lorica
1331 5303 1497 5358 ferrea
1529 5319 1593 5358 ex
1625 5303 1796 5376 hamis

219 5382 269 5432 in
301 5382 526 5433 modum
551 5394 891 5446 squamarum
919 5375 1186 5432 contexta.
1215 5391 1332 5443 quae
1360 5377 1584 5441 primum
1608 5391 1637 5427 e
1669 5375 1796 5446 luris

219 5451 285 5502 de
327 5450 485 5504 corio
524 5444 716 5512 liebat,
765 5460 942 5516 pOStea
992 5464 1054 5500 ex
1095 5449 1307 5498 annulis
1339 5446 1559 5506 ferreis,
1605 5444 1798 5513 quibus

218 5523 376 5573 nervi
407 5520 478 5571 ad
502 5519 756 5587 majorem
778 5520 1117 5572 securitatem
1143 5517 1635 5583 interponebantur,
1661 5522 1716 5568 ut
1736 5530 1801 5569 ex

218 5591 324 5644 boc
347 5591 473 5644 loco
499 5590 747 5643 Nebrissa
779 5589 1013 5653 Cunjicit.

289 5661 423 5714 129.
457 5658 902 5728 Chrysostumus.
939 5659 1150 5725 dialogo
1179 5656 1211 5711 6
1241 5655 1306 5710 de
1331 5654 1660 5719 Sacerdotio,
1695 5653 1804 5708 ele-

218 5732 542 5798 gantissime
573 5729 804 5804 depingit
840 5728 1079 5788 puellum
1101 5767 1113 5790 ,
1145 5741 1434 5797 pugnasque
1464 5736 1800 5794 apparatum,

638 5967 662 6007 ἱ

1823 4579 1878 4638 D

1962 3281 2081 3335 150.
2115 3281 2326 3346 Vienn.,
2353 3290 2486 3333 tacta
2505 3290 2597 3342 est,
2631 3288 2684 3332 et
2712 3281 2818 3331 sine
2837 3279 2956 3345 ﬁne.

1961 3350 2082 3404 151.
2119 3349 2294 3404 Placet
2325 3350 2490 3418 magis
2520 3364 2879 3416 supervacuam
2900 3388 2914 3410 ,
2950 3351 3050 3401 boc
3071 3354 3153 3400 est
3178 3347 3418 3418 dextram
3439 3392 3455 3417 ,

1888 3435 2007 3474 cum
2029 3419 2254 3479 Vienn.,
2290 3417 2447 3482 ltatf,
2484 3419 2611 3470 Mar.
2632 3456 2647 3475 ,
2685 3419 2821 3469 Vati.
2854 3421 2894 3470 (ὲ
2917 3459 2930 3480 ,
2959 3418 2998 3470 11
3028 3426 3081 3470 et
3106 3417 3226 3470 aliis
3249 3459 3264 3482 ,
3298 3435 3455 3486 quam
3516 3450 3532 3472 ο

1887 3506 2201 3559 supervacua
2215 3489 2362 3542 nube.
2392 3490 2550 3556 Ang.,
2568 3489 2848 3559 (araverat,
2867 3489 3142 3559 male,p_ro
3161 3487 3455 3559 lassaverat.

1963 3559 2084 3613 156.
2117 3560 2354 3613 Po'iores
2385 3555 2651 3610 llcinsiani
2697 3566 2750 3608 et
2778 3558 2944 3610 nostri
2972 3599 2984 3617 ,
3031 3556 3199 3617 Sich.,
3236 3555 3456 3621 Weitz.,

1880 3630 2121 3698 jactibus.
2157 3629 2299 3693 Ald.,
2333 3625 2444 3682 Gis.
2468 3628 2528 3698 in
2559 3641 2589 3678 c
2611 3634 2829 3698 intexta,
2858 3626 3268 3698 Nebris.,_Vat:3
3302 3625 3364 3690 C,
3393 3628 3456 3689 Ρ.

1895 3698 1939 3751 G
1965 3740 1982 3763 ,
2009 3701 2074 3763 Ο,
2099 3699 2295 3750 ictibus.
2326 3697 2440 3750 Vat.
2467 3697 2509 3748 D
2537 3696 2717 3750 scribit
2751 3699 2984 3750 luctibus.
3007 3694 3184 3749 Codex
3212 3694 3460 3758 Pici-arti,

1893 3768 2072 3820 ictibus
2095 3776 2141 3820 et
2168 3769 2332 3820 variis.

1965 3839 2086 3892 157.
2119 3836 2333 3897 Vienn.,
2363 3836 2416 3887 in
2445 3835 2705 3900 copulant.

1966 3907 2086 3961 158.
2121 3906 2518 3960 Prtestantores
2561 3904 2726 3956 nostri
2753 3943 2767 3962 .
2815 3905 3041 3956 connisa.
3076 3903 3175 3956 Alii
3215 3905 3456 3958 scribunt

1893 3976 2192 4040 conisa;alii
2219 3975 2455 4028 connixa.
2482 3973 2720 4026 Gilanius
2751 3972 2862 4026 Ind.
2889 3973 3068 4036 anr.,
3097 3977 3258 4026 verbo
3283 3973 3458 4035 NISUs‘,

1893 4045 2152 4113 approbat
2183 4047 2411 4098 connisa.
2460 4043 2624 4113 Egm.
2664 4058 2756 4109 pro
2784 4044 2989 4113 plagam
3023 4045 3180 4113 habet
3209 4043 3411 4113 galeam
3443 4057 3462 4095 :

1896 4111 1974 4170 sic
2000 4115 2246 4185 Virgilius
2266 4116 2358 4167 lib.
2397 4130 2459 4176 χ,
2490 4113 2550 4165 In
2579 4111 2811 4185 clypeum
2842 4111 3083 4185 assurgit.
3118 4111 3458 4185 His'vocibns

1897 4180 2123 4251 conuiti',
2153 4187 2280 4255 erigi
2306 4186 2359 4236 in
2383 4180 2652 4255 clypeum,
2677 4183 2729 4234 in
2743 4180 3006 4252 Jaculum,
3033 4197 3330 4255 assurgere,
3365 4180 3466 4255 ire-

1895 4250 2118 4325 quenter
2129 4270 2157 4306 a
2177 4250 2341 4318 ptietis
2355 4250 2664 4317 exprimitur
2680 4250 3184 4325 Italiittisetconatuj
3199 4250 3463 4325 militaris.

1968 4327 2088 4379 159.
2124 4325 2309 4377 Vientt.
2333 4367 2347 4388 ,
2393 4325 2622 4382 ribrnta;
2665 4321 2752 4372 alii
2786 4363 2799 4384 ,
2842 4321 3048 4373 librata.
3091 4319 3331 4374 Giianitts
3362 4321 3464 4372 loc.

1897 4395 2011 4449 cit..
2043 4395 2204 4448 terbo
2236 4395 2501 4450 VOLcsn,
2538 4405 2599 4444 et
2631 4402 2734 4443 vet.
2767 4393 2886 4442 end.
2913 4393 3036 4456 legit
3059 4393 3271 4452 vibrata,
3305 4399 3468 4448 et..ut

1900 4477 2066 4533 putat,
2123 4467 2317 4517 rectius
2351 4461 2693 4533 quamAang.
2746 4459 2929 4533 librata
2964 4475 2982 4512 :
3023 4476 3140 4512 natn
3191 4460 3463 4533 vibrantur

1902 4528 2103 4604 gladii,
2163 4528 2418 4604 librantur
2462 4531 2702 4583 missilia.
2759 4531 3039 4604 Existimat
3093 4538 3307 4604 autem,
3361 4528 3466 4578 vim

1901 4598 2087 4667 agendi
2123 4603 2317 4656 habere
2345 4603 2554 4665 vibrata,
2581 4610 2636 4652 ut
2663 4599 2799 4664 apud
2833 4599 3135 4652 Lucretium
3158 4598 3385 4668 vulgata,
3417 4606 3471 4647 et

1900 4674 2036 4740 apud
2068 4673 2375 4725 Ciceronem
2408 4671 2630 4737 epistola
2679 4671 2742 4740 ad
2798 4671 2995 4740 l'.i_~tmn
3039 4679 3129 4721 ant
3153 4683 3288 4740 quiis
3312 4675 3465 4732 poeta

1901 4737 2134 4810 quidam,
2170 4740 2427 4810 Usurpata
2449 4741 2636 4806 duplec
2657 4739 2837 4792 cubile.
2859 4738 2969 4790 Non
2995 4754 3150 4810 persu
3169 4737 3276 4790 idet
3302 4753 3326 4810 εΔ
3349 4750 3470 4786 nam

1903 4807 2004 4865 line
2031 4807 2147 4865 locu
2180 4807 2364 4864 maniis
2390 4813 2582 4862 dieitur
2613 4809 2830 4870 librata,
2859 4825 2959 4861 non
2993 4809 3158 4867 ensis,
3194 4819 3248 4858 ut
3279 4807 3467 4856 obser-

1900 4886 2034 4935 v.tvit
2066 4885 2222 4934 etiam
2251 4881 2516 4933 Heinsius.
2541 4878 2802 4931 Libratum
2820 4879 2882 4930 ab
2911 4893 3032 4931 aure
3068 4877 3105 4928 V
3131 4875 3265 4942 rgilii
3294 4883 3398 4928 cst.

1974 4953 2094 5005 1-10.
2117 4954 2168 5003 In
2204 4951 2318 5002 Vat.
2357 4949 2400 5002 G
2429 4950 2762 5002 desideratur
2785 4950 2874 5000 sed
2900 4958 3016 5012 post
3060 4961 3233 5008 terea;
3267 4946 3314 4995 in
3349 4943 3468 4997 Vat.

1901 5021 1964 5083 Ρ,
1988 5022 2077 5074 sed
2102 5031 2241 5073 cocto
2257 5024 2476 5087 formata
2501 5020 2658 5070 cassis
2680 5020 2908 5080 metallo,
2930 5025 3182 5087 renuente
3212 5013 3471 5087 carmine.

1903 5091 2014 5144 (Iis.
2043 5093 2076 5142 '2
2106 5093 2189 5144 ed.
2216 5129 2230 5152 ,
2257 5083 2454 5143 "Wirtz.
2486 5100 2537 5142 et
2583 5088 2669 5141 alii
2696 5129 2710 5152 ,
2745 5103 2874 5140 (tn-ea
2900 5086 2986 5137 sed
3015 5085 3172 5137 cassis
3200 5095 3339 5136 cocto
3371 5083 3477 5150 [or-

1903 5170 2060 5214 tnata.
2095 5163 2328 5213 l'niiores
2351 5161 2512 5211 nostri
2541 5173 2660 5210 cum
2693 5157 2848 5210 Alex.
2871 5196 2884 5218 ,
2917 5157 3034 5206 Abl.
3058 5196 3072 5217 ,
3102 5157 3234 5222 Aug.
3261 5165 3314 5206 et
3335 5155 3472 5216 aliis,

1903 5247 2035 5283 terea
2064 5233 2151 5283 sed
2197 5238 2336 5283 cocto
2363 5231 2518 5282 cassis
2542 5232 2779 5295 formata.
2810 5226 2864 5278 In
2893 5225 3006 5276 Ptti.
3035 5239 3185 5295 error
3216 5225 3368 5275 metri
3396 5231 3478 5295 est

1903 5317 2033 5352 terea
2069 5300 2156 5352 sed
2197 5311 2336 5352 cocto
2364 5291 2843 5365 cassis'informata
2873 5293 3102 5357 metallo,
3129 5308 3194 5348 ex
3227 5309 3332 5365 quo
3361 5291 3494 5357 οι)ίέ

1905 5382 2061 5423 natur
2088 5370 2334 5425 Heinsius
2379 5364 2720 5421 Prudentium
2775 5365 2985 5418 dedisse
3032 5365 3119 5416 sed
3160 5364 3314 5415 cassis
3340 5373 3478 5414 cocto

1903 5440 2180 5508 informata
2209 5441 2434 5501 metallo,
2469 5452 2586 5490 nam
2611 5436 2891 5508 informare
2915 5435 3053 5501 apud
3095 5436 3357 5508 Maronem
3382 5447 3478 5499 oc-

1904 5502 2072 5563 currit
2119 5516 2227 5576 pari
2258 5502 2676 5577 signiﬁcatione.
2707 5505 2817 5577 Ego
2857 5519 2986 5558 vero
3028 5517 3132 5556 non
3167 5502 3482 5577 video_cur

1906 5570 2211 5647 exploratus
2241 5570 2393 5632 erior
2434 5575 2649 5628 l’nteani
2699 5570 2816 5647 cod.
2861 5578 3064 5647 abesse
3091 5576 3282 5625 debeat
3308 5570 3481 5647 _clar.c

1906 5642 2143 5709 lectioni,
2183 5659 2252 5702 tot
2288 5650 2528 5700 codicum
2563 5645 2879 5698 auctoritate
2911 5643 3190 5701 stabilitai,
3228 5642 3317 5693 sed
3343 5653 3481 5692 cat-io

1907 5720 2062 5774 cassis
2091 5724 2330 5788 form..ta,
2361 5727 2450 5770 aut
2470 5717 2557 5768 sctl
2576 5719 2731 5769 cassis
2753 5725 2892 5767 cocto
2916 5713 3179 5782 formata:
3212 5727 3313 5765 non
3337 5725 3479 5763 enim
