4068 6290
251 335 327 392 57
1622 346 2164 405 PSYCHOMACIIIA.
2455 325 2458 328 ’
3443 365 3511 420 53

444 451 604 505 Forte
634 466 724 517 per
748 452 940 505 ell'nsas
971 455 1148 508 iullata
1190 456 1446 523 Superbia
1487 465 1690 512 turmas

444 538 641 592 Eﬂ’reni
673 541 926 594 volitabat
955 555 1125 609 equo,
1155 558 1310 610 quem
1345 544 1481 609 pelle
1504 544 1672 599 leonis

293 631 403 686 180
442 631 690 694 Texerat,
715 642 769 683 et
793 632 991 685 validos
1021 633 1159 686 villis
1189 650 1510 688 oneraverat
1537 652 1718 692 armos
1748 655 1760 690 :

440 722 558 787 Quo
587 737 645 774 se
675 722 798 773 fulta
825 722 1271 790 jubisjactantius
1304 726 1389 778 illa
1419 725 1606 779 ferinis

441 813 682 874 Inferret,
718 813 918 866 tumido
938 813 1252 881 despectans
1278 816 1487 884 agmina
1509 817 1640 870 fastu
1658 857 1671 878 ,

444 903 711 956 Tun-itum
738 903 890 956 tortis
919 914 1074 969 caput
1099 907 1456 960 accumularat
1484 907 1534 959 in
1559 907 1727 960 altum

444 993 606 1063 ωε
633 992 879 1049 Crinibus
902 1035 918 1061 ,
960 1006 1262 1051 exstructus
1308 1007 1530 1067 augeret
1574 1009 1630 1052 ut
1660 999 1837 1052 addita

1311 1139 1324 1151 ,
1570 1089 1578 1155 Ι
1600 1089 1768 1143 cirros

295 1176 408 1230 185
445 1175 753 1244 Congeries,
772 1175 1079 1245 celsumque
1097 1177 1298 1244 apicem
1317 1177 1464 1232 frons
1479 1179 1640 1234 ardua
1655 1182 1834 1234 ferret.

449 1267 709 1319 Carbasea
732 1282 794 1320 ex
821 1267 1054 1321 humeris
1076 1283 1283 1322 summo
1307 1271 1528 1324 collecta
1558 1273 1734 1328 coibat

445 1357 584 1410 Palla
613 1359 732 1410 sinu
760 1399 774 1422 ,
807 1367 1028 1412 teretem
1070 1369 1291 1413 nectens
1318 1377 1346 1413 a
1375 1371 1589 1426 pectore
1615 1363 1829 1416 nodum.

447 1457 491 1508 A
521 1455 728 1508 cervice
771 1452 942 1508 ﬂuens
963 1455 1106 1507 tenui
1135 1455 1400 1509 velamine
1429 1457 1625 1510 limbus

445 1542 686 1612 Concipit
716 1543 946 1613 ingestas
975 1543 1134 1599 textis
1157 1547 1492 1615 turgentibus
1515 1562 1697 1601 auras.

1862 466 1915 526 Α
1980 459 2080 512 100
2118 459 2225 513 Nec
2249 461 2679 520 minussiustabili
2707 477 2922 533 sonipes
2944 466 3152 524 feritate
3179 471 3438 540 superbit,

2117 553 2400 620 impatiens
2424 553 2648 608 madidis
2678 555 2934 612 frenarier
2961 573 3053 614 ora
3085 560 3299 629 lupatis.

2119 643 2250 706 lluc,
2282 644 2406 697 illuc
2435 645 2683 700 frendens
2707 649 2936 703 obvertit
2957 658 3123 720 terga.
3155 665 3339 721 negata

2111 734 2270 803 607
2300 733 2563 788 Libertate
2593 736 2750 806 l'ugre,
2800 740 3108 808 pressisque
3139 745 3382 798 tumescit
3411 745 3508 797 ha-

3240 831 3433 902 [benis.

2121 913 2228 966 lloc
2253 927 2374 967 sese
2393 923 2671 968 ostentans
2702 916 2881 969 habitu
2911 927 3129 972 ventosa
3161 921 3364 989 virago,

1945 1001 1969 1056 1
2013 1003 2046 1054 5
2121 1003 2259 1055 Inter
2305 1011 2584 1071 utramque
2614 1004 2780 1058 aciem
2812 1010 3194 1076 supereminet,
3235 1021 3290 1064 et
3329 1015 3508 1081 phale-

3245 1101 3439 1172 [ratum

2117 1181 2494 1236 (Iircumﬂectit
2519 1197 2736 1252 equum,
2755 1185 3026 1253 vultuque,
3044 1198 3097 1242 et
3113 1205 3241 1244 voce
3262 1192 3508 1260 minatur,

2119 1272 2412 1324 Adversum
2440 1281 2687 1340 spectans
2709 1290 2935 1328 ciuieum
2962 1293 3155 1346 :quem
3184 1281 3348 1336 milite
3369 1298 3507 1352 raro,

2124 1367 2187 1419 Et
2218 1367 2544 1434 paupertinis
2568 1369 2629 1419 ad
2659 1369 2794 1421 bella
2822 1380 3070 1438 coegerat
3099 1375 3262 1426 armis

2119 1457 2264 1510 Mens
2292 1456 2504 1510 humilis
2527 1473 2543 1510 :
2563 1460 2744 1527 regina
2770 1459 3010 1527 quidem,
3037 1461 3129 1514 sed
3165 1477 3326 1530 egens
3355 1467 3508 1525 alieni

1940 1545 2046 1599 200
2125 1545 2347 1611 Auxilii,
2377 1547 2592 1615 proprio
2622 1562 2718 1600 nec
2746 1557 2828 1600 sat
2853 1549 3050 1604 conlisa
3077 1563 3282 1619 paratu,

1572 1635 1857 1692 GLOSSIE
1899 1633 2236 1690 VETERES.

269 1723 272 1727 ’
336 1728 464 1804 1_8_1.
493 1727 628 1804 Quo,
655 1737 728 1782 ut.
755 1758 822 1766 —
842 1727 1015 1804 Folia,
1039 1729 1162 1782 ulta.
1180 1757 1250 1804 -_-
1277 1728 1502 1795 Ferinis,
1527 1730 1719 1804 ferinus
1745 1747 1830 1804 ιιι-
1862 1733 1906 1792 Β
1935 1731 2006 1782 tio
2035 1739 2126 1791 est,
2159 1739 2203 1781 et
2235 1738 2392 1804 potest
2412 1731 2696 1804 subaudiri,
2719 1730 2796 1784 vel
2818 1731 3025 1794 habens,
3055 1736 3400 1804 participium,
3424 1743 3501 1792 vel

263 1799 455 1864 prrbia:
483 1801 680 1850 habitus
702 1842 716 1863 ,
746 1814 805 1850 ac
833 1799 1074 1864 femineus
1117 1801 1306 1866 pariter
1331 1841 1345 1858 ,
1377 1807 1424 1849 et
1462 1802 1705 1868 equestris
1744 1802 1831 1852 de-

265 1869 525 1932 scribitur,
555 1877 608 1918 ut
629 1869 690 1919 ab
714 1873 936 1920 humano
956 1883 1112 1930 more,
1134 1869 1186 1918 id
1215 1878 1308 1927 est,
1340 1886 1370 1919 a
1396 1869 1591 1922 ratione
1617 1870 1832 1936 degene-

266 1953 410 1989 rasse
431 1937 670 2002 superbos
702 1938 974 2007 extenderet
993 1977 1008 1999 ,
1035 1939 1122 1989 sed
1154 1955 1311 2007 neque
1331 1940 1513 1991 virtute
1533 1940 1686 2007 fortes
1703 1982 1717 2000 ,
1746 1957 1836 1992 nec

267 2007 450 2058 suimet
474 2015 724 2073 compotes
749 2047 761 2065 ,
797 2005 835 2058 I.

342 2075 467 2128 182.
502 2077 680 2134 Fastu.
707 2075 962 2141 superbia,
991 2075 1028 2127 Ι.

346 2145 468 2196 185.
499 2148 782 2198 Accumula
793 2156 890 2206 rat,
924 2154 1175 2208 erexerat,
1200 2143 1239 2199 Ι.

346 2213 470 2265 185.
503 2215 698 2277 Ardua,
721 2217 849 2276 alta,
879 2215 916 2265 Ι.

346 2283 469 2335 186.
502 2284 790 2353 Carbasea,
823 2283 1078 2353 candida;
1126 2283 1415 2350 carbasum,
1458 2299 1614 2353 genus
1659 2282 1836 2352 aptimi

272 2351 402 2422 fini:
422 2351 736 2422 egSummo
751 2393 764 2417 ,
798 2354 946 2422 pleno
967 2392 983 2416 ,
1005 2351 1045 2404 1.

349 2420 471 2474 189.
503 2421 764 2490 lngestas,
794 2419 1046 2474 immissas
1071 2461 1086 2483 ,
1129 2421 1206 2473 vel
1237 2421 1463 2488 infestas.
1514 2449 1583 2458 —
1622 2419 1834 2484 Textis,

268 2493 574 2544 vestimentis
594 2532 610 2555 ,
643 2493 680 2544 Ι.

348 2559 470 2613 190.
519 2560 626 2613 Nec
676 2561 878 2622 minus,
923 2559 1157 2627 superbia
1207 2560 1412 2629 equitat.
1465 2588 1534 2599 —
1587 2558 1836 2629 Sonipes,

271 2645 465 2699 equus;
485 2630 605 2699 quia
625 2630 833 2697 pedibus
857 2641 1024 2689 sonat,
1046 2629 1085 2682 Ι.

349 2698 470 2751 191.
507 2697 814 2760 Frenarier,
844 2701 1040 2764 frenata
1070 2714 1196 2752 esse.
1234 2726 1301 2735 —
1328 2697 1430 2750 Ora
1451 2737 1465 2761 ,
1491 2697 1694 2766 quando
1722 2714 1842 2765 pas-

273 2769 366 2820 sici
386 2768 582 2836 generis
611 2767 756 2820 verba
785 2769 1102 2820 accusativus
1123 2767 1440 2838 adjungitur,
1461 2767 1682 2834 ﬁgurata
1703 2767 1845 2818 locu-

1943 1817 2051 1866 per,
2075 1800 2396 1921 prtprSillU,‘
2426 1814 2476 1849 ut
2502 1801 2690 1854 habens
2722 1818 2811 1852 ora
2836 1843 2850 1865 ,
2893 1817 2982 1870 per
3007 1819 3118 1855 ora.
3148 1833 3219 1844 -—
3239 1800 3465 1876 Lupatis
3487 1850 3502 1872 ,

1945 1885 2118 1921 canto.
2181 1911 2190 1921 .

1945 1885 2118 1931 canto,
2155 1885 2190 1922 I.

2020 1939 2142 2008 193.
2174 1938 2428 2008 llabenis,
2456 1939 2713 2006 capistris,
2739 1939 2777 1992 l.

2003 2006 2143 2059 '191.
2172 2007 2303 2077 Hoc,
2333 2006 2565 2077 superbia
2591 2011 2925 2060 comminatur
2954 2010 3132 2077 turbis,
3166 2011 3206 2062 1.

2018 2077 2139 2129 195.
2170 2076 2330 2143 Inter,
2363 2076 2664 2132 humilitatis
2691 2089 2736 2129 et
2756 2079 3019 2142 superbiat.
3046 2076 3125 2118 -⁷
3147 2079 3503 2145 Pbaleratum,

1945 2157 2202 2219 ornatum,
2223 2161 2267 2202 et
2301 2152 2502 2219 proprie
2529 2149 2596 2197 ad
2623 2149 3065 2219 equunrpertinet,
3097 2148 3138 2201 I.

2015 2216 2137 2269 197.
2170 2216 2488 2278 Adversum.
2516 2225 2690 2269 contra
2713 2217 2961 2279 positum;
2987 2219 3315 2281 contrarium,
3349 2230 3394 2273 et
3425 2222 3505 2273 hic

1944 2301 2120 2356 nomen
2149 2300 2220 2340 est
2255 2286 2681 2356 adjectivum:id
2721 2295 2810 2349 rst,
2854 2287 3160 2356 contrarium
3200 2289 3294 2340 sibi
3333 2290 3505 2342 uidens

1941 2355 2178 2430 superbia
2206 2354 2419 2430 cuneum
2463 2355 2780 2430 humilitatis.
2811 2383 2880 2394 --
2906 2354 3183 2430 §pectans,
3215 2359 3507 2430 circumspi-

1944 2418 2096 2476 ciens.
2126 2457 2196 2468 —
2225 2427 2485 2490 Cuueum,
2516 2418 2781 2489 populum.
2801 2453 2882 2494 _—
2911 2418 3071 2490 Raro,
3104 2442 3291 2494 pauco,
3327 2429 3342 2479 Ι

2017 2494 2138 2548 198.
2172 2495 2447 2564 Coegerat,
2475 2495 2767 2564 collegerat,
2800 2492 2839 2546 Ι.
3106 2492 3112 2494 ⁷
3238 2522 3248 2532 ~

2019 2563 2138 2616 199.
2167 2562 2310 2619 Mens
2337 2565 2570 2628 humilis,
2591 2562 2851 2615 humilitas
2873 2563 2979 2615 sine
3002 2578 3091 2631 spe
3111 2575 3244 2616 caret
3273 2575 3507 2618 constan~

1946 2634 2015 2685 tia
2037 2648 2054 2694 ;
2079 2645 2126 2687 et
2156 2637 2268 2686 ideo
2297 2646 2415 2688 tunc
2435 2636 2584 2686 etiam
2612 2649 2709 2683 non
2736 2633 2828 2684 erit
2855 2633 3034 2697 virtus,
3065 2636 3152 2686 sed
3174 2636 3348 2687 vitium
3373 2638 3506 2691 ἔλεξε

1947 2705 2077 2755 enim
2098 2706 2510 2774 pusillanimitas.
2536 2733 2604 2743 -——
2628 2703 2848 2770 llegiua,
2877 2710 3005 2766 erat,
3038 2703 3077 2755 l.

1635 2857 2190 2914 COMMENTARIUS.

278 2954 517 3018 tinguere
558 2951 719 3004 Nulla
759 2967 943 3017 anceps
967 2949 1216 3002 luctamen
1246 2951 1334 3000 init
1360 2949 1539 3001 rirtute
1564 2950 1673 3002 sine
1699 2951 1795 3002 ista
1827 2965 1846 3002 :

288 3022 460 3072 Virtus
492 3038 605 3072 nam
635 3021 786 3072 vidua
807 3031 878 3072 est
905 3036 1053 3087 quam
1095 3036 1193 3070 non
1224 3020 1466 3086 patientia
1496 3019 1684 3085 ﬁrmat.
1721 3019 1847 3071 Post

279 3089 420 3142 hunc
448 3105 656 3143 venum
674 3089 855 3142 titulus
875 3099 952 3141 est
976 3091 1026 3141 iu
1058 3089 1192 3141 Aldo
1211 3127 1226 3150 ,
1252 3088 1514 3155 Superbia:
1539 3098 1585 3140 et
1619 3087 1846 3140 Humili-

1957 2953 2041 3012 15.
2071 2961 2198 3004 tom.
2232 2952 2303 3010 ll.
2333 2951 2400 3005 de
2428 2951 2766 3015 inscriptione
2786 2989 2804 3014 ,
2828 2963 2983 3018 quam
3015 2948 3129 3015 ipse
3148 2949 3402 3015 explicat,
3457 2961 3510 3004 et

1954 3020 2022 3071 ita
2053 3021 2177 3087 legit
2209 3038 2220 3070 :
2250 3021 2471 3080 Gnome,
2517 3019 2732 3072 Pierinis
2768 3018 2984 3087 ancilla,
3015 3020 3246 3069 ornatrix
3279 3021 3411 3070 elata
3436 3032 3510 3071 est

1949 3099 2067 3158 ante
2108 3085 2246 3141 diem
2282 3091 2511 3158 quintum
2545 3090 2782 3158 calendas
2827 3085 3188 3158 Febr-uariat
3219 3089 3512 3158 imperatore

277 3161 395 3210 tatis
433 3176 618 3228 pugno.
675 3159 728 3228 In
778 3158 1088 3228 Viennensi,
1144 3157 1217 3228 ρο
1255 3150 1426 3228 duello
1463 3156 1781 3228 humilitatis
1799 3167 1846 3209 et
1875 3150 1920 3211 C
1950 3157 2147 3211 Ca'sare
2176 3150 2379 3212 tertium
2406 3159 2654 3228 decimum
2677 3198 2691 3219 ,
2722 3155 2893 3228 Marc}
2921 3154 3121 3207 Plautio
3153 3150 3361 3228 §iluano
3393 3174 3512 3209 con-

279 3225 564 3293 superbus;
613 3229 664 3280 lu
709 3227 826 3279 Rat.
857 3239 911 3279 et
950 3227 1112 3287 Man.
1147 3225 1420 3292 Superbia.
1472 3225 1528 3279 In
1558 3227 1703 3289 aliis,
1745 3226 1850 3279 Su-

278 3298 451 3363 perbia
478 3307 522 3348 et
550 3298 828 3349 humilitas.

349 3367 470 3419 178.
489 3365 687 3419 Widm.
710 3375 764 3418 et
787 3369 840 3419 in
863 3363 1170 3432 quibusdam
1201 3365 1341 3431 vnlg.
1371 3364 1622 3432 atl'marg.
1641 3376 1844 3430 ,morte;

281 3436 393 3496 alii,
425 3437 572 3498 forte,
593 3435 730 3502 quod
759 3450 940 3488 verum
979 3434 1204 3498 videtur,
1233 3435 1504 3503 magisque
1531 3438 1765 3501 elegans.

351 3505 476 3558 179.
501 3504 717 3569 Vienn.,
742 3503 932 3569 effreno
949 3519 966 3564 ,'
983 3503 1308 3568 alii.e/freni,
1340 3504 1478 3572 quod
1505 3504 1838 3557 retinendum

277 3585 406 3626 est:
466 3575 710 3641 quamvis
761 3574 902 3626 enim
947 3572 1184 3638 quaedam
1235 3573 1534 3641 hujusmodi
1583 3573 1839 3628 Vocabula

281 3655 503 3706 utroque
534 3643 692 3696 modo
721 3643 1071 3710 proferantur.
1107 3651 1162 3694 ut
1191 3642 1432 3707 inermus,
1455 3643 1680 3705 inermis,
1705 3641 1838 3694 hila-

277 3729 388 3772 rus,
420 3712 618 3772 hilaris,
645 3721 817 3765 tamen
843 3712 971 3764 nihil
1001 3726 1192 3764 novum
1217 3721 1419 3764 temere
1444 3720 1526 3764 est
1554 3712 1841 3766 admitten-

275 3784 431 3834 dum.
462 3781 725 3834 Gtseliuus
756 3782 975 3847 margini
1007 3781 1198 3846 adjrct
1224 3780 1431 3842 effreno.

354 3851 472 3904 180.
503 3851 640 3914 Gis.,
673 3860 951 3911 ornaverat,
971 3849 1108 3916 quod
1139 3863 1170 3901 e
1190 3865 1285 3902 suo
1300 3864 1400 3902 ms.
1427 3847 1634 3902 videtur
1651 3863 1844 3916 appro-

277 3920 405 3972 bare
437 3921 724 3980 l'iccartns,
748 3919 975 3970 adducto
1000 3921 1116 3970 loco
1143 3919 1306 3970 Plauti
1338 3959 1352 3981 ,
1386 3918 1696 3988 Ornamenta
1720 3919 1844 3988 Aja-

278 3991 370 4040 cis.
402 3990 626 4042 Pulchre
649 3989 890 4056 superbia
919 4003 1056 4055 equo
1087 3987 1320 4042 insidens
1343 3987 1690 4042 describitur:
1725 3987 1846 4042 nul-

285 4059 392 4110 lum
420 4059 560 4111 enim
592 4057 787 4110 animal
813 4072 949 4125 equo
977 4057 1186 4110 elatius.

353 4128 474 4180 181.
511 4128 698 4180 \‘ieun.
727 4133 783 4180 et
805 4126 940 4194 Aug.
963 4166 979 4192 ,
1003 4127 1332 4197 jactantibus.
1386 4127 1485 4178 Alii
1517 4127 1738 4194 melius,
1757 4129 1843 4196 ja-

278 4198 521 4249 ctantius.

354 4265 473 4321 185.
504 4266 666 4320 Vides
697 4274 931 4318 veterem
969 4263 1404 4318 consuetudinem
1437 4265 1657 4317 ornandi
1681 4267 1844 4332 capil-

282 4336 363 4386 los
395 4379 409 4398 ,
465 4337 576 4387 usui
629 4349 930 4388 nostrorum
982 4347 1274 4402 temporum
1327 4335 1462 4386 haud
1520 4336 1836 4388 absimilem.

284 4405 513 4456 Exstant
545 4408 594 4456 iu
642 4408 837 4458 muscis
877 4408 1044 4468 capita
1096 4413 1150 4456 et
1189 4413 1376 4455 statuae
1432 4403 1744 4457 feminarum
1788 4407 1838 4458 iu

281 4473 418 4526 hanc
447 4476 665 4526 formam
693 4476 981 4526 adornatan
1013 4474 1162 4539 Apud
1196 4483 1400 4526 veteres
1429 4474 1675 4540 frequens
1694 4491 1841 4527 tuen-

283 4543 380 4594 lio.
403 4544 691 4604 luteo-llis,
729 4546 878 4594 satir.
911 4545 943 4594 6
965 4585 978 4606 ,
1009 4557 1149 4594 vers.
1182 4541 1304 4604 502,
1334 4546 1545 4605 gradus,
1578 4544 1765 4610 quibus
1793 4547 1842 4598 in

279 4612 544 4680 fastigium
567 4613 742 4683 capilli
760 4612 1158 4675 attollebantur,
1185 4622 1336 4683 vocat
1365 4612 1586 4683 ordines.
1621 4612 1711 4683 Tot
1733 4631 1847 4683 prc-

275 4683 370 4732 mit
402 4681 656 4733 ordinibus
681 4722 695 4742 ,
744 4692 813 4734 tot
849 4683 1018 4732 adhuc
1055 4681 1374 4750 compagibus
1405 4681 1561 4750 altum
1594 4681 1846 4748 .“Ediﬁcal

275 4762 432 4811 caput
451 4791 464 4811 ,
498 4751 880 4802 Andromachen
910 4768 940 4800 α
969 4752 1134 4816 fronte
1165 4749 1372 4814 ridebis,
1407 4749 1528 4802 Post
1556 4753 1718 4803 minor
1746 4765 1840 4806 est.

274 4821 498 4872 Ovidius
537 4822 602 4872 de
642 4823 831 4872 ancilla
874 4821 1139 4872 oruatrice
1193 4821 1282 4872 lib.
1326 4835 1359 4870 ll
1398 4821 1578 4873 Antor.
1604 4865 1616 4885 ,
1651 4823 1719 4874 cl.
1765 4825 1839 4874 8:

276 4887 537 4941 Ponendis
555 4893 606 4940 in
631 4892 769 4942 mille
786 4891 959 4942 modos
983 4890 1219 4958 praefecta
1241 4889 1458 4954 capillis.
1484 4889 1655 4942 videri
1684 4890 1754 4942 eti
1774 4908 1841 4943 nn

275 4969 501 5024 possunt
520 4958 780 5022 Manilius,
808 4959 1074 5018 lloratius,
1099 4968 1152 5010 et
1170 4959 1259 5010 alii
1286 4976 1301 5012 :
1328 4975 1356 5010 e
1379 4958 1692 5011 Christianis
1716 4959 1848 5014 Gre-

274 5030 456 5092 gorius
485 5028 847 5081 Nazianzenus
867 5069 881 5090 ,
921 5030 1273 5095 Hieronymus
1297 5029 1346 5080 in
1373 5032 1528 5094 epist.
1559 5031 1621 5080 ad
1659 5030 1844 5080 llenw.

275 5097 501 5149 Iliadem
529 5141 542 5164 ,
569 5099 654 5162 qui
689 5101 928 5149 turritum
956 5099 1188 5149 verticem
1208 5099 1384 5150 alienis
1417 5098 1615 5165 capillis
1645 5109 1846 5150 struere

272 5167 436 5228 dixit,
485 5178 540 5220 et
584 5168 938 5218 'I'crtulliauns
967 5168 1032 5218 de
1072 5168 1228 5220 Cnllu
1265 5168 1579 5218 feminarum
1612 5183 1729 5233 cap.
1763 5169 1793 5219 7
1829 5186 1839 5219 :

272 5237 488 5303 Aﬂigitis
517 5246 761 5304 prmterea
796 5239 963 5288 nescio
987 5253 1112 5304 quas
1155 5238 1472 5288 enormitates
1515 5238 1846 5304 capillamen-

272 5317 461 5368 ιιι-κω,
488 5321 621 5357 nunc
647 5308 696 5356 in
723 5308 882 5372 galeri
911 5310 1114 5358 modum
1144 5307 1289 5374 quasi
1311 5306 1541 5373 vaginam
1568 5307 1770 5371 capitis,
1795 5317 1842 5360 et

269 5377 569 5445 operculum
597 5377 790 5426 verticis
809 5416 820 5433 .
855 5392 987 5426 nunc
1023 5377 1072 5426 in
1097 5378 1342 5427 cervicum
1369 5388 1499 5426 retro
1527 5385 1837 5445 suggestum.

269 5443 464 5496 Mirum
488 5487 503 5506 ,
535 5448 670 5512 quod
699 5459 874 5497 contra
904 5445 1107 5497 Domini
1135 5456 1381 5512 pra'cepta
1401 5443 1737 5497 contenditur.
1767 5448 1844 5497 Ad

268 5530 560 5566 mensuram
598 5517 844 5566 neruinem
879 5516 973 5566 sibi
1008 5515 1250 5582 adjicere.
1273 5529 1414 5572 posse
1460 5517 1842 5579 pronuntiatum

266 5595 341 5636 est
368 5600 388 5637 :
421 5600 504 5636 eos
530 5600 644 5636 vero
671 5585 892 5654 adjicitis
917 5586 982 5636 ad
1005 5589 1220 5651 pondus.
1249 5583 1675 5654 Paulinusretiam
1708 5585 1841 5636 dixit

267 5655 512 5706 turritum
543 5653 954 5719 caputJCou'er
983 5654 1227 5705 Carolutn
1278 5653 1607 5706 Paschalium
1650 5660 1715 5705 «‘e
1741 5654 1840 5706 Co-

269 5726 526 5776 ronislib.
555 5739 590 5788 ι,
616 5738 732 5791 cap.
757 5723 809 5784 5,
838 5734 883 5777 et
915 5724 1344 5778 dissertationcm
1373 5723 1582 5776 Antonii
1610 5725 1676 5776 Μ.
1706 5722 1836 5791 Lupi

1953 3229 2033 3279 sul
2057 3229 2167 3280 bus.
2219 3228 2312 3280 llis
2348 3227 2482 3280 adde
2513 3227 2800 3290 Eugenium
2833 3223 3039 3276 Guasco
3083 3243 3094 3276 :
3140 3224 3513 3279 Dissertazimte

1949 3298 2213 3350 tusculana
2227 3313 2376 3364 sopra
2392 3298 2478 3349 un’
2496 3299 2664 3349 antica
2689 3295 2965 3366 iscrizionie‘
2977 3294 3258 3366 sepolcrale
3276 3305 3512 3366 apparte-

1947 3378 2092 3420 nente
2121 3369 2188 3420 ad
2205 3363 2560 3419 un‘ornatrice.
2587 3366 2768 3418 Romae
2788 3405 2804 3430 ,
2840 3363 2994 3426 1771,
3020 3365 3153 3417 in-8.

2020 3438 2140 3489 187.
2171 3437 2345 3499 Fuld.,
2373 3441 2424 3489 in
2457 3446 2673 3502 pectore.

2019 3507 2142 3562 188.
2173 3507 2385 3564 Vienn..
2419 3507 2560 3558 limbi
2585 3545 2598 3566 ,
2626 3519 2729 3557 non
2757 3503 2912 3558 bene.
2938 3517 3032 3570 pro
3057 3501 3260 3553 limbus.
3292 3503 3510 3555 Elmen-

1948 3575 2204 3638 horstius,
2242 3577 2294 3628 in
2345 3576 2636 3628 Aruobinm
2689 3588 2805 3642 pag.
2856 3571 2924 3627 55
2964 3571 3228 3642 adrverba
3264 3574 3501 3642 hrrioliii,

1946 3643 2310 3698 Imminuerent
2340 3646 2527 3714 frontes
2547 3640 2744 3704 limbis,
2772 3642 2964 3708 allegat
2983 3641 3145 3714 etiam
3170 3640 3380 3714 «ζειαί
3401 3657 3433 3694 o
3459 3644 3509 3695 iu

1947 3714 2139 3766 Achill.
2163 3755 2179 3779 ,
2210 3710 2487 3766 Geminatis
2515 3723 2603 3764 aut
2632 3722 2832 3764 uertunt
2855 3722 3078 3776 tempora
3109 3710 3295 3779 limbis.

2018 3784 2142 3837 189.
2166 3777 2306 3846 Βία..
2340 3783 2470 3835 Mar.
2495 3821 2510 3843 ,
2541 3781 2682 3836 ΒΜ..
2712 3779 2930 3839 Weitr..,
2952 3781 3186 3847 ingestas.
3217 3777 3368 3847 Alex.
3393 3817 3409 3842 ,
3437 3780 3516 3830 in-

1947 3853 2100 3920 festas
2122 3853 2202 3906 vel
2226 3845 2447 3919 ingestas
2477 3865 2597 3920 cum
2625 3849 2794 3920 glossa
2819 3845 3088 3920 immissas.
3115 3845 3277 3920 _Ang.,
3303 3846 3511 3920 iugatas

1945 3913 2063 3973 cum
2094 3913 2772 3989 glossa’contrarias.’Ald.
2794 3959 2808 3982 ,
2838 3915 3037 3968 Wnlm.
3066 3913 3134 3989 ad
3163 3929 3332 3989 oram.
3369 3914 3506 3989 Vfatt.

1943 3989 1985 4043 C
2003 4032 2017 4053 ,
2047 3982 2126 4052 DV,
2159 3991 2202 4045 ϐ
2228 4032 2242 4052 .
2279 3991 2321 4044 ΙΙ
2342 4031 2357 4053 ,
2400 3989 2637 4057 infestas,
2664 3989 2802 4054 quod
2832 3987 3204 4057 nouprobavit
3230 3982 3472 4057 lle-iusius
3494 4024 3510 4049 ,

1943 4060 2186 4128 quamvis
2214 4061 2282 4113 ita
2316 4063 2365 4110 in
2388 4053 2498 4111 suis
2515 4057 2760 4110 omnibus
2785 4071 2912 4108 mss.
2943 4055 3225 4122 legeretur.
3251 4053 3374 4105 Mihi
3408 4068 3511 4128 non

1944 4123 2078 4181 adeo
2115 4130 2358 4198 displicet
2387 4130 2625 4198 infestas,
2659 4140 2780 4179 nam
2819 4135 2991 4198 vestes
3022 4132 3330 4198 turgescunt
3358 4123 3503 4177 auris

1943 4192 2240 4252 contrariis.
2269 4198 2416 4252 Sich.
2443 4192 2504 4251 'et
2537 4197 2724 4248 Vienn.
2757 4195 2950 4260 pariter
2978 4192 3172 4245 habent
3207 4192 3437 4259 infestas.

2016 4271 2136 4320 190.
2176 4269 2388 4329 Vieun.,
2418 4267 2689 4319 instabilis.

2013 4337 2137 4392 192.
2170 4337 2224 4390 lu
2260 4338 2375 4389 ltat.
2407 4337 2604 4389 sciulus
2643 4341 2952 4387 correxerat
2991 4330 3088 4382 huc
3143 4329 3365 4398 illucque
3409 4335 3513 4396 fre-

1945 4423 2080 4460 mens
2099 4450 2112 4468 ,
2140 4406 2402 4468 prioribus
2423 4406 2608 4460 erasis.

2022 4481 2144 4531 197..
2174 4479 2226 4530 In
2259 4478 2446 4530 Vicnn.
2476 4475 2810 4528 desideratur
2833 4486 2927 4537 que
2949 4469 2998 4521 in
3028 4472 3328 4539 pressisque.

2024 4549 2142 4600 194.
2180 4549 2411 4600 Virtutes
2438 4554 2590 4599 vocat
2619 4544 2856 4612 uirgines,
2888 4541 3190 4612 suam-hiatu
3214 4540 3516 4612 t'iraginem,

1949 4618 2088 4682 quod
2121 4617 2262 4668 aliud
2295 4617 2449 4681 longe
2477 4608 2743 4670 diversum
2776 4624 2889 4682 est:
2921 4617 2974 4682 el
3012 4609 3274 4682 superbire
3300 4608 3515 4674 uttidem

1949 4679 2109 4754 opera
2141 4688 2189 4739 in
2215 4688 2362 4738 virus
2388 4679 2551 4751 inagis
2570 4697 2724 4750 quam
2751 4679 3057 4754 infantulus
3083 4681 3299 4754 cadttnt.

2022 4756 2141 4808 196.
2195 4757 2318 4808 l’ost
2366 4747 2504 4806 llllnC
2551 4747 2759 4806 versum
2812 4750 2860 4801 in
2906 4747 3035 4802 Mur.
3083 4760 3134 4800 et
3181 4747 3303 4801 Bal.
3335 4747 3518 4800 titulus

1949 4824 2253 4877 Huntilitas.

2023 4895 2141 4948 198.
2171 4893 2515 4963 Paupertinus
2560 4890 2778 4944 verbum
2805 4888 3033 4963 Apuleii,
3081 4885 3335 4963 Varronis
3365 4886 3516 4963 ‘apud

1950 4963 2196 5024 Nonium,
2249 4955 2312 5017 Α.
2342 4962 2519 5022 Gellii,
2571 4961 2895 5028 Symmachi,
2947 4956 3234 5028 Atnmiani,
3279 4955 3514 5028 Sltltlllll.

1951 5034 2111 5088 Jonas
2132 5035 2411 5098 episcOpns
2442 5025 2858 5091 Aurelianensis,
2909 5028 2998 5098 lib.
3039 5041 3069 5076 ιι
3104 5025 3169 5098 de
3194 5025 3348 5076 Cultu
3374 5041 3511 5075 sorr.

1951 5105 2132 5168 imag.,
2160 5095 2497 5156 Prudentium
2521 5110 2733 5153 secutus
2753 5108 2836 5150 est
2861 5115 2872 5148 :
2903 5095 3214 5161 Paupertina
3236 5097 3345 5168 ejus
3371 5110 3515 5168 arma

1947 5166 2285 5234 contemnens,
2311 5172 2398 5225 ubi
2423 5171 2557 5224 male
2587 5168 2823 5220 nonnulli
2864 5168 3043 5232 legunt
3084 5166 3384 5232 panperina,
3434 5166 3512 5214 vel

1947 5243 2293 5313 pauperrima.
2371 5311 2380 5313 _
2445 5309 2456 5313 _
3024 5303 3034 5313 .
3445 5301 3455 5310 -

2023 5303 2145 5364 199.
2170 5312 2340 5364 Voces
2371 5307 2665 5377 ltujttsmodi
2700 5303 2905 5357 humilis
2936 5313 2988 5377 ei
3015 5303 3271 5377 humilitas
3294 5303 3515 5377 proviri-

1952 5389 2062 5435 tule
2086 5381 2223 5444 apud
2257 5371 2501 5446 profanos
2531 5379 2818 5444 scriptores
2849 5391 2950 5427 non
2976 5374 3334 5446 inveniuntur.
3361 5371 3508 5435 Quod

1949 5443 2268 5516 Spartianus
2288 5450 2355 5502 ait
2389 5451 2439 5501 in
2487 5448 2588 5498 vita
2619 5443 2808 5516 J'nltani
2838 5459 2956 5510 cap.
2987 5445 3019 5497 9
3049 5459 3061 5495 :
3092 5443 3300 5516 ijerta
3332 5453 3401 5490 est
3431 5456 3521 5491 su-

1950 5513 2144 5588 perbia,
2196 5536 2307 5572 cum
2335 5519 2420 5570 ille
2456 5517 2604 5588 etiam
2646 5516 2699 5567 in
2738 5515 2950 5579 imperio
2997 5513 3148 5579 fuerit
3177 5524 3519 5588 nominatius,

1949 5580 2191 5658 intelligit
2221 5589 2400 5641 vitium
2432 5587 2695 5658 superbire
2721 5587 3080 5641 contrarium.
3131 5596 3234 5635 non
3265 5580 3511 5632 virtutem

1951 5661 2088 5714 inter
2119 5655 2397 5725 utrumque
2429 5655 2674 5708 tut-diam.
