4066 6296
277 322 352 378 ιι
577 291 598 304 ’
1651 321 2204 385 ΡεγοιιοΜΑοηιΑ.
3508 335 3582 392 s2

463 435 650 493 Nudus
672 435 870 503 adhuc,
895 437 949 492 ni
976 443 1161 494 nostra
1182 435 1322 493 foret
1341 445 1608 508 precepts
1629 447 1871 496 secutus.
1908 444 1964 509 Α

467 529 724 598 Quisnam
755 531 859 586 iste
885 529 1082 602 ignotis
1111 545 1253 587 nunc
1279 529 1448 587 hostis
1478 532 1645 603 surgit
1675 532 1742 588 ab
1765 532 1877 589 oris

466 623 632 694 διο
679 621 1055 695 lmportunus,
1107 626 1286 693 iners,
1338 624 1560 693 infelix,
1616 626 1883 697 degener,

1584 719 1813 793 [amens,

282 810 395 868 250
470 810 569 880 Qui
595 811 696 867 sibi
718 820 824 868 tam
843 827 1021 867 serum
1037 811 1126 883 jus
1142 811 1399 880 vindicat,
1417 812 1677 870 hactenus
1697 814 1888 871 exsul?

474 903 740 959 Nimirum
769 919 950 962 vacua:
978 905 1274 960 creduntur
1297 905 1486 960 frivola
1515 905 1690 972 famur,

393 1040 396 1043 .
475 996 607 1064 Quae
635 996 866 1054 miseros
892 1007 1080 1069 optare
1109 998 1256 1057 iubet
1284 999 1605 1069 quandoque
1636 997 1797 1055 futuri

479 1091 640 1163 Spem
671 1093 899 1150 fortasse
930 1093 1078 1161 boni,
1111 1093 1232 1150 laeta
1263 1103 1318 1150 ut
1346 1095 1533 1150 solatia
1565 1095 1781 1152 mollem

482 1185 748 1243 Desidiam
779 1188 930 1259 pigro
961 1203 1142 1244 rerum
1177 1187 1522 1243 meditamine
1543 1190 1780 1259 palpent.

291 1281 405 1340 255
479 1281 676 1351 Quidni
710 1283 833 1340 illos
858 1298 984 1356 spes
1016 1283 1197 1356 palpet
1222 1283 1388 1352 iners,
1426 1299 1561 1356 quos
1593 1285 1812 1356 pulvere
1835 1284 1890 1341 in

1698 1380 1822 1453 [isto

482 1473 709 1530 'l‘irones
741 1473 956 1530 Bellona
991 1473 1126 1529 truci
1157 1489 1264 1528 non
1297 1473 1495 1530 excitat
1520 1489 1650 1541 aere,

485 1567 836 1638 imbellesque
871 1567 1081 1622 animos
1117 1567 1286 1622 virtus
1335 1566 1598 1638 tepefacta
1636 1566 1894 1623 resolvit?

481 1662 636 1716 Anne
672 1659 950 1716 Pudicitia)
990 1659 1228 1731 gelidum
1254 1659 1408 1730 jecur
1445 1662 1576 1715 utile
1606 1660 1748 1717 bello
1777 1661 1895 1717 est?

481 1758 563 1811 An
587 1765 834 1810 tenerum
865 1755 1078 1826 pietatis
1099 1769 1234 1826 opus
1259 1754 1483 1810 sudatur
1514 1755 1565 1810 in
1595 1755 1787 1810 armis?

481 1848 654 1917 Quam
686 1847 872 1920 pudet,
897 1863 928 1902 ο
947 1849 1176 1914 Mavors,
1207 1857 1262 1904 et
1280 1849 1446 1904 virtus
1470 1849 1708 1918 conscia,
1734 1848 1892 1904 talem

479 1940 678 1996 Contra
709 1952 855 1997 stare
883 1939 1084 2006 aciem,
1123 1942 1370 2012 ferroque
1411 1941 1675 1997 lacessere
1706 1955 1892 2011 nugas,

483 2035 551 2090 Et
575 2049 696 2090 cum
732 2034 990 2104 virgineis
1014 2033 1259 2089 dextram
1292 2025 1538 2090 Conferre
1567 2035 1807 2090 choreis!

477 2127 637 2200 6n
675 2126 888 2184 iustitia
922 2135 1004 2184 est
1035 2126 1123 2183 ubi
1152 2141 1366 2198 semper
1396 2141 1583 2198 egens,
1614 2134 1670 2182 et
1697 2141 1897 2197 pauper

1477 2222 1492 2294 ί
1521 2221 1784 2277 Honestas
1808 2238 1821 2274 :

191 1814 199 1822 ’
294 1847 405 1904 2m

1995 1189 2103 1247 250

1925 1901 1974 1961 B

2166 443 2330 500 Arida
2353 442 2649 513 Sobrietas,
2675 443 2798 502 albo
2815 444 3027 516 Jejunia
3048 446 3224 516 vultu,

1990 537 2096 594 245
2170 538 2440 609 Sanguine
2461 539 2550 595 vix
2576 539 2718 595 tenui
2752 539 2932 596 Pudor
2959 542 3267 610 interfusus,
3292 551 3476 613 aperta

2169 631 2534 703 Simplicitas,
2572 642 2626 691 et
2663 633 2729 690 ad
2768 649 2928 693 omne
2970 647 3156 707 patens
3193 639 3310 692 sine
3353 639 3586 709 tegmine

3261 728 3274 803 |
3300 732 3512 798 vulnus,

2172 815 2242 871 Et
2272 825 2536 887 prostrata
2571 817 2624 874 in
2657 818 2878 876 humum
2898 862 2912 889 ,
2937 836 3036 877 nec
3064 822 3232 879 libera
3259 822 3442 893 judice
3468 838 3588 879 sese

2174 911 2325 968 Mens
2385 912 2644 981 humilis,
2704 930 2862 986 quam
2923 917 3242 989 degenerem
3306 918 3590 988 trepidatio

2255 1019 2266 1035 ”
3205 1007 3213 1013 ’
3276 1009 3294 1084 [
3320 1011 3516 1080 prodit.

2176 1098 2324 1154 Faxo
2350 1115 2472 1170 ego,
2497 1099 2599 1157 sub
2625 1099 2854 1172 pedibus
2875 1103 3189 1173 stipularum
3211 1119 3366 1161 more
3389 1113 3590 1161 teratur

2177 1190 2416 1248 Invalida
2459 1193 2558 1249 ista
2599 1209 2790 1251 manus
2821 1213 2834 1250 :
2864 1211 3038 1267 neque
3074 1198 3216 1253 enim
3260 1199 3592 1270 perfringere

3332 1290 3522 1365 [duﬁs

2177 1380 2469 1451 Dignamur
2489 1381 2710 1452 gladiis,
2735 1382 2932 1452 algenti
2963 1391 3017 1439 et
3044 1383 3301 1455 sanguine
3323 1385 3525 1442 ferrum

2178 1474 2446 1542 lmbuere,
2472 1474 2752 1548 fragilique
2780 1477 2925 1532 viros
2957 1475 3162 1534 fmdare
3195 1477 3486 1546 triumpho.

2178 1566 2329 1621 Talia
2352 1567 2654 1641 vociferans
2672 1612 2689 1641 ,
2711 1569 2956 1638 rapidum
2985 1569 3283 1626 calcaribus
3303 1578 3461 1640 urget

2179 1659 2540 1730 Cornipedem
2558 1702 2573 1728 ,
2597 1663 2840 1732 laxisque
2861 1665 3006 1718 volat
3027 1664 3313 1719 temeraria
3335 1663 3526 1734 frenis,

2000 1746 2107 1808 255
2183 1751 2406 1810 Hostem
2474 1754 2734 1811 humilem
2790 1757 3027 1827 cupiens,
3063 1755 3296 1827 impulsu
3351 1756 3599 1814 umbonis

3309 1847 3530 1920 [equini

2185 1941 2442 1998 Sternere
2462 1980 2477 2005 .
2507 1940 2881 2011 dejectamque
2901 1942 3276 2012 supercalcare
3299 1941 3529 1996 ruinam.

2183 2034 2347 2107 612
2382 2032 2488 2092 Sed
2510 2034 2653 2090 cadit
2673 2033 2726 2089 in
2761 2032 2968 2090 foveam
2990 2076 3006 2102 ,
3036 2049 3278 2105 praeceps
3309 2051 3469 2106 quam
3495 2035 3599 2092 cal~

3221 2128 3240 2202 [
3263 2127 3367 2183 lida
3398 2128 3534 2186 forte

2189 2222 2358 2282 Fraus
2385 2223 2642 2281 interciso
2671 2221 2964 2281 sulioderat
2987 2236 3204 2295 aequore
3230 2221 3412 2308 furtim
3445 2242 3457 2308 _:

1618 2313 1909 2371 GLOSSE
1948 2313 2290 2373 VETERES.

371 2408 505 2465 228.
536 2409 679 2478 Oris,
712 2409 922 2479 ﬁnibus,
959 2422 999 2466 ι.
1225 2473 1227 2475 ι

367 2481 499 2536 229.
541 2482 907 2550 Importunas,
952 2481 1042 2552 qui
1087 2481 1142 2536 in
1179 2481 1326 2535 nulla
1364 2495 1419 2535 re
1443 2480 1781 2550 propinquus,
1817 2481 1899 2536 vel

299 2563 458 2623 aptus
481 2565 596 2608 est:
619 2553 956 2607 lmmilitatem
981 2554 1125 2618 dicit,
1158 2552 1197 2607 1.

359 2623 498 2748 [250.
530 2625 822 2750 llarlrtenus,
852 2627 1130 2694 hucusque.
1151 2655 1217 2665 —
1239 2623 1428 2693 Exsul,
1459 2624 1545 2694 qui
1577 2633 1721 2680 extra
1744 2640 1896 2679 suum

385 2714 469 2750 um
491 2706 588 2750 est.
647 2737 658 2749 .

301 2706 469 2751 totum
491 2706 588 2761 est,
621 2706 658 2750 Ι.

372 2768 500 2822 251.
538 2766 861 2836 Creduntur,
892 2770 954 2823 ab
984 2770 1110 2837 illis,
1147 2769 1187 2822 Ι.

373 2839 502 2892 232.
531 2839 740 2905 Futuri,
769 2841 943 2908 futura
973 2841 1231 2894 contendit
1272 2857 1542 2910 evacuare,
1584 2848 1640 2894 ut
1667 2856 1893 2911 prasen-

307 2911 431 2965 tium
460 2911 794 2965 delectatione
823 2914 1042 2980 decipiat
1063 2912 1312 2981 infelices,
1343 2913 1382 2967 1.

372 2981 501 3036 254.
535 2983 825 3054 Desidiam,
875 2985 1154 3054 pigritiam.
1186 3014 1256 3023 —
1297 2982 1546 3053 Paipent,
1597 2991 1895 3054 temperent,

312 3055 584 3120 mulceant,
612 3053 654 3109 1.

377 3127 505 3181 255.
537 3127 752 3194 Quidni,
786 3135 949 3193 certe;
991 3127 1116 3198 quid
1153 3127 1315 3185 aliud.
1348 3157 1418 3166 —
1446 3125 1693 3193 Pulvere,
1728 3136 1899 3193 terra;

312 3198 363 3251 ‘u
391 3199 484 3249 hoc
515 3198 726 3263 sreculo,
759 3198 796 3251 1.

2010 2410 2286 2474 exercitus,
2318 2407 2360 2462 Ι.

2080 2481 2206 2537 241.
2239 2481 2437 2549 Nugas,
2459 2479 2691 2544 inutiles,
2735 2477 2775 2532 Ι.

2078 2552 2205 2608 245.
2238 2551 2438 2616 Pudor,
2471 2550 2647 2617 rubor,
2686 2549 2727 2602 1.

2078 2625 2204 2678 240.
2239 2622 2530 2692 Tegmine,
2564 2620 2750 2692 clypei,
2781 2619 2821 2675 Ι.
2861 2618 2872 2628 ’

2074 2695 2200 2750 247.
2234 2695 2526 2758 Prostrata,
2553 2692 2921 2766 inclinata._--.
2948 2692 3102 2762 Sese,
3134 2695 3322 2766 seipsa,
3348 2694 3390 2751 l.

2077 2767 2204 2822 248.
2235 2765 2448 2831 Prodit,
2477 2765 2791 2835 manifestat,
2826 2763 2866 2818 Ι.

2078 2837 2206 2893 249.
2241 2837 2404 2905 Faxo,
2441 2837 2608 2908 facio,
2642 2835 2682 2891 ι.

2077 2908 2205 2964 250.
2235 2906 2448 2973 Manus,
2474 2906 2775 2974 multitudo,
2805 2906 2846 2960 ι.

2078 2979 2206 3036 252.
2245 2980 2511 3045 lmbuere,
2540 2980 2820 3042 maculare,
2849 2978 2886 3031 Ι.

2079 3052 2206 3108 254.
2236 3051 2616 3120 Cornipedem,
2649 3065 2855 3116 equum,
2882 3049 3001 3118 quia
3032 3051 3278 3119 formatos
3303 3051 3453 3121 pedes
3481 3067 3602 3107 cor-

2011 3124 2160 3179 nibus
2191 3123 2337 3177 habet
2357 3163 2372 3187 ,
2413 3122 2451 3176 Ι.

2078 3197 2207 3253 255.
2238 3195 2489 3263 Cupiens,
2526 3191 2764 3261 superbia
2789 3193 2984 3247 irruere
3010 3194 3189 3247 nititur
3221 3211 3372 3264 super
3396 3195 3604 3254 humili-

376 3268 503 3322 256.
538 3251 777 3335 Bellona,
811 3269 1068 3336 bellatrix,
1099 3270 1193 3324 dea
1220 3270 1360 3324 belli.
1381 3268 1621 3336 —1Et‘e,
1647 3285 1826 3333 cornu,
1861 3269 1900 3323 Ι.
1932 3251 1984 3321 0
2011 3251 2175 3323 ιαιειη⁷
2198 3277 2244 3321 et
2273 3251 2434 3335 spent.
2466 3251 2538 3306 -'-—
2568 3251 2824 3332 Iinpulsn,
2854 3275 3054 3333 pectore
3078 3266 3210 3334 equi,
3240 3268 3281 3320 l.

379 3340 505 3394 258.
543 3340 710 3404 Bello,
740 3341 810 3392 ad
841 3341 1047 3403 bellum,
1076 3341 1114 3395 Ι.

379 3412 505 3465 259.
546 3410 784 3476 Pietatis,
821 3413 1099 3481 pudicitire.
1135 3441 1203 3451 —
1229 3411 1497 3480 Sudatur,
1544 3412 1830 3477 laboratur,
1859 3410 1898 3464 l.

382 3481 510 3537 240.
557 3482 790 3550 Mavors,
829 3483 950 3538 deus
999 3484 1138 3539 belli.
1183 3484 1496 3567 -—/Virtus,
1542 3500 1688 3551 mea;
1729 3492 1902 3537 noster

2079 3341 2205 3397 257.
2240 3337 2294 3392 In
2329 3337 2558 3403 foveam,
2589 3337 2826 3404 superbia
2846 3337 2981 3389 cadit
3009 3337 3059 3408 in
3089 3341 3306 3408 foveam,
3342 3340 3380 3394 l.

2078 3410 2204 3466 258.
2238 3409 2499 3480 Aiquore,
2534 3418 2682 3463 terra:
2707 3422 2727 3461 :
2754 3423 2958 3479 campo,
2991 3407 3054 3462 ab
3079 3411 3336 3478 miluitate,
3363 3409 3404 3466 l.

1664 3593 2207 3654 COMMENTARIUS

384 3694 511 3750 227.
547 3693 738 3758 Aldus,
771 3693 887 3748 Vat.
922 3693 986 3760 C,
1015 3707 1200 3763 supra,
1229 3695 1331 3748 nisi
1359 3703 1555 3749 nostra.

385 3766 514 3821 228.
547 3767 680 3820 Mar.
716 3774 770 3820 et
799 3765 943 3830 liat.,
980 3766 1140 3830 horis,
1177 3781 1296 3819 cum
1324 3766 1571 3819 Weitzio.
1607 3764 1733 3830 Alii,
1778 3766 1902 3830 oris,

318 3837 458 3906 quod
489 3852 676 3891 verum
702 3845 803 3890 est.
835 3836 1057 3891 Veteres
1089 3837 1355 3891 interdum
1387 3835 1906 3906 aspirationemrad-

315 3905 593 3980 jiciebant,
621 3907 711 3980 ubi
738 3922 871 3975 opus
901 3922 1006 3980 non
1035 3916 1171 3973 erat,
1199 3917 1259 3963 ut
1281 3905 1570 3980 bonuspro
1595 3923 1744 3980 onus.
1768 3905 1910 3980 Con-

315 3977 398 4036 ira
430 3980 521 4033 alii
553 3979 836 4043 faciebant,
865 3986 924 4033 ut
951 3978 1058 4033 dixi
1090 3980 1156 4033 ad
1191 3994 1334 4035 vers.
1367 3977 1492 4034 216.
1531 3978 1669 4034 Vatt.
1696 3977 1757 4045 C,
1785 3979 1830 4033 0
1855 3987 1910 4034 et

313 4050 402 4107 alii
438 4050 708 4114 nonnulli,
741 4049 898 4103 hostis
929 4066 1063 4103 nunc
1091 4053 1276 4120 surgit.

384 4122 514 4177 251.
549 4121 662 4176 Gis.
694 4122 720 4175 1
752 4123 907 4188 edit.,
938 4123 1244 4188 creduntur;
1285 4123 1337 4178 in
1363 4121 1399 4175 2
1428 4121 1582 4185 edit.,
1615 4121 1906 4184 credentur,

316 4193 458 4264 quod
493 4194 688 4248 iterum
721 4195 771 4246 in
802 4193 1304 4264 Animadvertendis
1333 4202 1387 4248 et
1427 4192 1760 4262 corrigendis
1789 4209 1906 4247 mu-

319 4263 445 4320 tavit
475 4267 529 4318 in
561 4264 858 4317 creduntur.
904 4263 1010 4318 Has
1037 4272 1315 4318 auctorum
1354 4264 1716 4319 correctiones
1742 4273 1795 4318 et
1819 4278 1908 4318 se-

317 4337 523 4391 cundas
553 4351 712 4389 curas
743 4337 894 4390 multi
925 4351 1032 4388 non
1065 4334 1376 4390 observant.
1411 4335 1464 4389 In
1498 4333 1617 4389 Vat.
1649 4335 1710 4397 C,
1744 4337 1907 4402 Aug.,

319 4407 480 4476 Man,
516 4406 734 4473 Vienn.,
771 4407 916 4470 Ald.,
953 4405 1170 4473 Weitz.,
1202 4412 1500 4461 creduntur.
1536 4403 1805 4460 Giselinus
1832 4420 1913 4476 as-

319 4475 477 4545 serit,
505 4485 720 4546 poetatu
751 4481 880 4531 mir.»
905 4479 1013 4531 imo
1034 4477 1270 4532 inaudita
1295 4481 1368 4531 uti
1392 4477 1546 4532 ntiosi
1568 4477 1618 4530 in
1641 4475 1909 4532 irridenda

319 4563 454 4622 ape,
506 4551 560 4604 in
601 4564 702 4618 qua
744 4557 921 4604 tamen
964 4551 1160 4622 cernite
1201 4549 1512 4622 humilitatis
1551 4561 1682 4617 apes
1721 4561 1911 4601 omnes

322 4618 481 4692 paulo
502 4629 630 4675 ante
659 4629 1026 4675 constituerat.
1055 4620 1252 4675 Verum
1284 4618 1554 4689 superbiae
1582 4634 1740 4692 sensa
1771 4631 1912 4692 nunc

2017 3691 2090 3744 tia
2120 3698 2195 3744 est
2225 3688 2310 3740 ubi
2341 3701 2538 3751 semper
2561 3698 2731 3754 egens.
2764 3678 3031 3754 Justitiam
3065 3679 3611 3754 egentem,_honesta-

2017 3769 2124 3816 tein
2158 3773 2446 3829 pauperem
2479 3751 2635 3829 vocat
2672 3769 2750 3829 es
2767 3751 2850 3804 his
2871 3764 3000 3829 quae
3025 3751 3462 3829 saepeaccidunt.

2087 3821 2212 3886 2η,
2252 3821 2472 3889 Vienn.,
2507 3827 2676 3886 Ang.,
2714 3821 2832 3876 Vat.
2866 3822 2906 3872 (Σ
2935 3835 2962 3872 a
2991 3821 3224 3874 secunda
3255 3837 3447 3887 manu,
3481 3821 3607 3878 Rat.

2015 3920 2047 3960 a
2079 3918 2238 3958 manu
2270 3899 2503 3962 recenti,
2526 3897 2807 3967 jejunaque
2825 3909 2842 3957 ;
2871 3890 3234 3967 alii,‘jejunia.

2089 3975 2214 4029 248.
2242 3973 2456 4035 Vienn.,
2489 3962 2687 4037 prodet.
2711 3964 2832 4018 Vat.
2862 3962 2926 4037 ρ,
2959 3964 3163 4037 abrasis
3193 3963 3478 4037 prioribus,
3510 3974 3612 4020 tre-

2017 4047 2215 4120 pidatio
2239 4032 2605 4120 proditiVirg.
2637 4039 2811 4120 Ιίῠτιν
2844 4032 3058 4088 ὶΕιιθίιΙ.
3080 4073 3094 4099 ,
3125 4047 3264 4089 vers.
3310 4037 3404 4102 15,
3438 4035 3608 4107 Dege-

2016 4110 2161 4174 iteres
2187 4110 2383 4171 animos
2413 4113 2563 4165 timor
2590 4110 2778 4179 arguit.

2089 4190 2217 4243 249.
2252 4189 2467 4241 Hamus
2493 4191 2614 4237 actu
2642 4175 2676 4242 ι’,
2701 4191 2859 4233 scena
2893 4175 2923 4248 li
2967 4175 3149 4228 militis
3169 4175 3384 4243 gloriosi
3413 4177 3615 4248 :Cujus

2015 4272 2071 4316 tu
2102 4260 2323 4328 legiones
2354 4252 2616 4328 diﬁlauisti
2634 4250 2853 4320 spiritu,
2899 4247 3059 4312 Quasi
3096 4257 3271 4300 ventus
3322 4247 3479 4318 folia,
3525 4247 3617 4303 aut

2017 4319 2307 4404 penic'ulant
2336 4319 2678 4404 teet-priami.
2723 4403 2730 4404 ί
2794 4389 2830 4404 Π
3011 4400 3020 4404 _
3059 4389 3069 4400 .
3333 4390 3344 4400 θ

2089 4403 2216 4458 250.
2252 4400 2393 4467 ALL,
2425 4392 2756 4467 Fabr.,iVat.
2792 4389 3242 4467 C,-perstringere,
3275 4390 3450 4467 minus
3476 4390 3616 4467 bene

2019 4489 2180 4544 quam
2213 4461 2545 4544 perfringere.
2597 4466 2781 4544 Exstat
2805 4461 3348 4544 etiamee’rstriIngere
3395 4462 3446 4514 iu
3479 4461 3614 4544 Mar.

2021 4531 2078 4601 et
2109 4531 2256 4608 Rati,
2289 4531 2512 4610 aliisque
2543 4557 2555 4590 :
2587 4537 2779 4602 sed,ut
2810 4533 3039 4610 advertit
3061 4531 3348 4610 Giselinus,
3373 4533 3619 4610 perstrin-

2021 4632 2140 4686 gere
2168 4602 2254 4670 est
2290 4602 2501 4686 leviter
2523 4618 2743 4686 tangere
2777 4624 2789 4658 :
2823 4605 2922 4660 hoc
2965 4604 3085 4658 loco
3123 4604 3298 4672 aptius
3326 4602 3466 4657 cadit
3495 4619 3615 4673 per-

319 4681 597 4764 Exprimit,
622 4704 904 4764 anteasua
932 4699 987 4745 et
1011 4681 1402 4764 aliorurnvera
1419 4704 1576 4764 sensa
1603 4689 1875 4764 explicuit.
1901 4760 1911 4764 _
1939 4683 1995 4744 D
2022 4681 2245 4764 fringere
2273 4686 2420 4764 duris
2450 4681 2656 4764 gladiis.

389 4760 521 4819 232.
554 4764 707 4827 Ald.,
747 4762 963 4828 Vienn.,
996 4763 1176 4825 Alex.,
1215 4763 1330 4816 Vat.
1364 4762 1425 4828 F,
1461 4760 1914 4827 Pa|.,'lleinsiani

318 4837 530 4915 scljpti,
550 4834 720 4915 jubet.
752 4833 883 4888 Mar.
917 4835 1060 4915 Καὶ.)
1095 4830 1311 4915 Weitz?
1352 4833 1463 4888 Gis.
1498 4844 1552 4887 et
1574 4832 1686 4915 alii,
1707 4831 1912 4915 jubent.

390 4904 520 4962 255.
551 4904 784 4971 Vienn.,
834 4921 976 4973 spent
1022 4906 1236 4975 fortasse
1279 4906 1492 4970 bonam,
1535 4906 1711 4958 minus
1756 4904 1912 4958 bene.

319 4979 472 5046 Ald.,
503 4977 688 5043 Fuld.,
722 4977 866 5042 Put.,
901 4977 1102 5041 Oxou.,
1135 4976 1272 5030 lenta
1291 4985 1345 5029 ut
1374 4977 1580 5030 solatia.
1612 4975 1792 5029 Nostri
1823 4988 1917 5042 po-

320 5053 510 5114 tiores,
542 5050 697 5103 Alex.
731 5063 760 5102 a
787 5049 959 5116 prima
986 5062 1166 5111 manu,
1192 5047 1350 5112 Man,
1382 5049 1527 5112 liat.,
1555 5046 1769 5109 Vienn.,
1799 5046 1918 5098 laeta

215 5177 218 5180 .
316 5137 444 5177 cum
475 5121 688 5174 'l‘nuan.
724 5134 752 5172 a
784 5120 950 5187 prima
983 5134 1165 5183 manu,
1199 5119 1413 5186 Weitz.,
1448 5117 1559 5173 Gis.
1590 5125 1644 5172 et
1665 5117 1801 5171 aliis.

392 5191 522 5246 254.
550 5190 932 5260 Casugatiores
961 5191 1229 5245 licinsiani
1257 5199 1312 5245 et
1333 5190 1522 5256 nostri,
1551 5188 1728 5255 Alex.,
1753 5189 1909 5260 illam,

313 5261 447 5318 Rat.
480 5279 604 5317 cum
649 5258 864 5327 Ἡρη,
898 5261 1014 5316 Gis.
1043 5271 1098 5317 et
1141 5261 1278 5324 aliis,
1311 5261 1656 5315 meditamine.
1703 5259 1761 5313 In
1792 5258 1910 5312 Vat.

312 5333 388 5402 C,
421 5335 789 5398 medicamine;
823 5348 1007 5404 supra,
1042 5332 1390 5388 meditamine.
1435 5332 1599 5386 Aldus
1626 5344 1748 5384 cum
1778 5344 1912 5384 non-

310 5407 509 5472 nullis,
541 5405 896 5459 medicamine.

394 5476 524 5534 258.
561 5477 692 5532 Vide
717 5486 831 5531 not.
863 5475 928 5532 ad
961 5491 1101 5531 vers.
1129 5476 1219 5542 57,
1260 5475 1405 5531 Vena
1441 5473 1621 5528 animi.

394 5549 522 5602 242.
549 5547 750 5620 Aldus,
771 5564 984 5617 euntque
1022 5541 1412 5620 Itancvirgineis
1433 5549 1685 5599 dextram.
1729 5541 1910 5620 conji-

305 5619 433 5675 ciat
453 5621 669 5689 aliquis,
705 5617 770 5673 Et
807 5613 925 5674 cum
955 5619 1193 5689 uirgineis
1232 5613 1466 5674 dextram
1511 5621 1642 5669 hanc
1677 5613 1910 5683 conferre

300 5691 542 5749 choreis.
567 5692 624 5744 In
651 5692 922 5745 nonnullis
950 5696 1115 5760 vulg.,
1147 5707 1209 5744 ac
1234 5707 1349 5745 cum
1378 5705 1474 5761 pro
1495 5699 1541 5743 et
1571 5703 1706 5761 cum.

394 5762 911 5832 343.A|d.,justitia
934 5773 1002 5816 est
1031 5757 1145 5815 nam
1171 5757 1561 5834 semper—egens.
1593 5757 1723 5827 Alii,
1745 5757 1907 5832 justi-

645 5855 922 5921 PATROL.
969 5853 1096 5918 LX.

2097 4743 2223 4812 2'52.
2258 4755 2380 4810 Ald.
2422 4743 2474 4807 ei
2505 4754 2626 4806 Rat.
2652 4793 2668 4817 ,
2698 4763 2761 4803 ex
2795 4745 2998 4803 recenti
3037 4743 3617 4817 inepta‘coqrrectione,

2027 4827 2262 4882 Imbuere
2309 4838 2352 4879 et
2398 4822 2572 4895 fragili
2615 4813 2744 4874 vires
2788 4820 2980 4895 foedare
3017 4813 3306 4895 triumpho.
3359 4813 3623 4895 Cellarius

2028 4901 2168 4955 hunc
2195 4886 2444 4955 eumdein
2481 4886 2730 4950 errorem
2771 4886 3090 4956 exscripsit;
3133 4887 3203 4940 ita
3234 4895 3382 4940 certe
3414 4886 3534 4955 lego
3568 4889 3621 4940 in

2024 4975 2060 5025 2
2085 4972 2204 5040 ejus
2235 4969 2469 5040 editione
2496 5009 2510 5034 ,
2544 4965 2889 5040 quilortasse
2919 4961 3172 5040 deceptus
3215 4967 3297 5011 est
3326 4973 3389 5040 es
3415 4959 3624 5040 intendo

2025 5043 2080 5098 in
2112 5028 2251 5097 notis
2277 5043 2313 5094 2
2341 5028 2591 5095 editionis
2621 5033 2942 5089 Heinsiante.
2975 5029 3203 5085 Gravius
3233 5038 3379 5082 errat
3411 5028 3626 5083 Callan-

2027 5115 2167 5178 dius,
2197 5115 2285 5184 qui
2315 5110 2570 5166 mendose
2596 5122 2626 5184 a
2653 5101 3013 5184 Chamillardo
3040 5101 3243 5184 editum
3271 5099 3351 5184 ait
3376 5099 3622 5184 imbuere,

2027 5171 2304 5256 fragilique
2335 5183 2488 5256 viros,
2520 5187 2577 5234 et
2609 5180 2723 5246 ipse
2743 5215 2756 5240 ,
2792 5171 2970 5228 invitis
2997 5171 3163 5226 musis
3183 5209 3201 5238 ,
3231 5171 3358 5240 legit
3385 5171 3625 5238 imbuere,

2028 5257 2304 5325 fragilique
2321 5255 2472 5308 vires.
2591 5320 2603 5326 _
2623 5318 2634 5326 _
2660 5318 2670 5326 _
3073 5315 3084 5326 .

2097 5314 3231 5391 2'55.'Erfnrt.,rabidum;_alii,rapidam.
3295 5382 3360 5391 __
3420 5382 3457 5391 ﬁ
3529 5380 3537 5391 ,

2096 5398 2222 5453 2ὁ5.
2259 5397 2426 5451 Aldus
2454 5382 2624 5452 male,
2660 5382 2976 5458 impulsuum
3009 5386 3155 5458 bonis
3191 5382 3380 5453 equini.
3420 5382 3628 5458 Pariter

2025 5470 2115 5524 alii
2143 5469 2401 5524 mendose
2430 5461 2568 5532 apud
2597 5453 2921 5514 Becmanum
2976 5460 3027 5513 in
3059 5457 3361 5532 Manuduct.
3383 5457 3458 5532 ad
3493 5453 3623 5532 ling.

2023 5541 2166 5599 Lat..
2183 5525 2633 5607 impulsum-bonis
2657 5533 2848 5600 equini,
2869 5540 2958 5607 aut
2973 5525 3418 5607 impulsurabocis
3436 5525 3625 5592 equini.

2015 5597 2383 5668 NebriSsensis
2424 5597 2711 5659 umbonem
2761 5605 3014 5673 equinum
3062 5597 3311 5667 intelligit
3354 5597 3618 5667 clypeum,

2014 5685 2126 5739 sive
2154 5692 2355 5737 cetram
2380 5693 2446 5732 ex
2468 5675 2616 5729 corio
2639 5674 2782 5744 equi.

2085 5752 2211 5811 256.
2248 5752 2434 5817 Alex.,
2467 5747 2663 5813 ruinis;
2705 5747 2834 5812 alii,
2865 5745 3089 5799 ruinam.

3320 5829 3365 5898 il
