4068 6290
504 309 506 311 ’
527 298 598 355 55
1590 289 1858 346 AURELII
1899 288 2068 345 PRUD

2176 289 2264 346 Tll
2300 245 2624 349 CAEMINA.

695 406 899 474 Mortis,
925 412 977 462 et
1004 403 1258 460 horriﬁco
1285 417 1443 474 sapor
1469 401 1685 459 ultimus
1713 411 1928 474 asperet
1954 402 2083 458 hau-
2113 405 2164 466 Α

1894 497 2020 571 [stu.

694 593 850 649 Caede
875 592 1026 649 ducis
1051 591 1291 662 dispersa
1319 590 1452 661 fugit
1478 591 1781 661 trepidante
1811 605 2012 661 pavore

692 687 945 757 Nugatrix
976 685 1140 740 acies.
1166 683 1345 748 locus,
1376 693 1429 738 et
1455 683 1749 738 Petulantia
1783 683 1940 754 primi

690 779 942 852 Cymbala
969 777 1254 850 proiciunt
1285 794 1297 832 :
1330 776 1525 832 bellum
1557 791 1679 831 nam
1707 777 1899 832 talibus
1929 776 2092 832 armis

696 874 972 930 Ludebant
1000 886 1194 927 resono
1221 870 1540 926 meditantes
1569 870 1787 925 vulnera
1816 870 1998 924 sistro.

691 967 853 1038 626
876 965 974 1020 Dat
1005 973 1209 1034 tergum
1241 961 1488 1034 lugitivus
1510 964 1675 1018 Amor
1702 980 1713 1015 :
1744 962 1833 1017 lita
1868 961 1970 1016 tela
1997 976 2087 1017 ve-

1833 1056 2017 1128 [neno,

689 1151 756 1208 Et
795 1151 1000 1220 lapsum
1036 1164 1103 1206 ex
1143 1149 1380 1204 humeris
1418 1164 1634 1216 arcum,
1680 1148 2090 1220 pharetramque

1718 1241 2018 1315 [cadentem

691 1335 926 1393 Pallidus
957 1335 1069 1404 ipse
1099 1343 1241 1389 metu
1271 1348 1365 1388 sua
1399 1342 1515 1403 post
1543 1333 1766 1403 vestigia
1797 1331 2010 1402 linquit.

690 1427 888 1496 Pompa
920 1426 1238 1482 ostentatrix
1268 1427 1386 1479 vani
1418 1426 1737 1496 Splendoris,
1765 1425 1908 1480 inani

692 1519 913 1573 Exuitur
940 1518 1132 1572 nudata
1163 1519 1341 1587 peplo,
1367 1517 1591 1573 discissa
1623 1518 1904 1573 trahuntur

690 1616 843 1672 Serta
873 1613 1209 1678 Venustatis,
1256 1614 1516 1684 collique,
1548 1628 1610 1669 ac
1646 1615 1858 1669 verticis
1891 1627 2081 1669 aurum

686 1707 940 1773 Solvitur,
977 1717 1030 1762 et
1059 1721 1296 1776 gemmas
1329 1706 1600 1760 Discordia
1631 1704 1848 1760 dissona
1882 1705 2078 1762 turbat.

687 1798 800 1855 Non
828 1798 967 1869 piget
994 1799 1187 1853 attritis
1218 1797 1442 1869 pedibus
1466 1812 1561 1867 per
1588 1808 1741 1852 acuta
1772 1796 1970 1853 fruteta

519 876 623 933 455

515 1518 620 1578 440

3714 298 3788 357 56

2335 403 2416 459 lre
2440 403 2774 475 Voluptatem
2799 420 2814 460 ι
2840 405 3088 475 quoniam
3111 406 3193 462 vis
3213 397 3394 478 major
3416 399 3665 465 acerbam

2196 492 2302 550 445
2339 495 2622 566 Compellit
2652 495 2882 552 tolerare
2908 497 3084 566 fugam
3112 516 3126 553 :
3159 499 3388 556 formido
3419 503 3605 572 pericli

2325 587 2612 642 >Praadurat
2639 597 2850 643 teneras
2889 588 2991 643 iter
3020 589 3084 643 ad
3114 589 3404 647 cruciabile
3433 592 3665 661 plantas.

2337 682 2495 754 627
2542 682 2653 750 Qua
2707 698 2766 739 se
2813 699 3020 754 cunque
3060 686 3215 757 luga:
3262 689 3485 758 trepidis
3516 691 3618 746 I'ert
3654 707 3776 747 cur-

3281 782 3454 854 [sibus
3482 799 3698 855 agmen,

2341 867 2540 921 Damna
2565 867 2762 936 jaceat,
2793 869 3011 924 crinalis
3033 886 3189 940 acus,
3212 873 3546 942 redimicula,
3567 878 3735 943 vitta,

2333 957 3527 1033 Fibula,ﬂammeolum,strophium,diadema,
3549 968 3765 1024 monile.

2145 1061 2148 1063 ’
2193 1051 2297 1110 450
2339 1053 2432 1108 His
2458 1067 2516 1108 se
2545 1053 2818 1110 Sobrietas
2839 1095 2852 1121 ,
2882 1063 2938 1111 et
2963 1065 3102 1111 totus
3129 1057 3445 1115 Sobrietatis

2333 1145 2578 1225 Abstinet
2600 1145 2811 1201 exuviis
2829 1147 3001 1211 miles,
3025 1148 3382 1217 damnataque
3396 1151 3556 1208 castis

2333 1239 2598 1294 Scandala
2625 1241 2900 1309 proculcat
2922 1243 3169 1310 pedibus,
3204 1258 3302 1298 nec
3323 1245 3498 1300 fronte
3517 1261 3734 1302 severos

2335 1333 2667 1389 Connivente
2693 1334 2878 1388 oculos
2901 1335 3200 1403 praedarum
3227 1336 3292 1391 ad
3312 1337 3502 1406 gaudia
3540 1340 3729 1398 ﬂectit.

2335 1424 2524 1480 Fertur
2549 1425 2807 1491 Avaritia,
2835 1427 3038 1494 gremio
3061 1431 3342 1498 praecincta
3366 1431 3572 1499 capaci,

2189 1517 2295 1573 455
2332 1516 2595 1587 Quidquid
2620 1515 2798 1573 Luxus
2820 1518 2955 1572 edax
2992 1519 3282 1588 pretiosum
3312 1521 3559 1587 liquerat,
3594 1537 3730 1577 unca

2329 1610 2667 1684 Corripuisse
2694 1627 2872 1674 manu,
2893 1612 3113 1680 pulchra
3138 1611 3189 1667 in
3224 1611 3449 1667 ludibria
3472 1623 3624 1668 vasto

2331 1705 2438 1760 Ore
2465 1704 2714 1770 inhians;
2741 1706 2963 1775 aurique
2979 1706 3160 1776 legens
3187 1704 3484 1777 fragmenta
3505 1705 3694 1761 caduci

2332 1798 2475 1854 Inter
2523 1813 2809 1854 arenarum
2850 1797 3134 1854 cumulos:
3163 1813 3262 1854 nec
3291 1798 3489 1854 sufﬁcit
3522 1798 3730 1870 amplos

1804 1937 2086 1995 CLOSS/E
2128 1937 2464 1996 VETERES.

577 2076 702 2132 431.
743 2074 1020 2138 llorril‘tco,
1053 2089 1229 2126 amaro
1256 2082 1398 2140 potu,
1430 2071 1472 2125 l.

578 2149 702 2202 435.
743 2147 994 2214 Nugatrix
1021 2189 1034 2212 ,
1082 2144 1298 2198 inutilis.
1333 2172 1401 2182 —
1430 2141 1613 2209 locus,
1654 2147 1806 2214 jocus
1853 2144 2085 2216 cymbala

509 2219 783 2288 proiiriens
803 2217 955 2288 fugit,
981 2216 1038 2288 Ι,Δ
1370 2239 1376 2246 .
1455 2241 1458 2244 ,

578 2289 703 2343 455.
744 2285 934 2350 Sistro,
964 2285 1101 2350 tuba,
1133 2303 1287 2358 genus
1317 2287 1650 2358 symphonias,
1684 2286 1724 2343 1.

576 2360 702 2415 456.
749 2359 882 2422 luta,
909 2373 1050 2410 arum
1075 2367 1243 2422 uncta,
1269 2357 1308 2411 Ι.

575 2430 702 2485 440.
744 2429 926 2496 Peplo,
957 2429 1136 2496 pallio,
1170 2428 1205 2479 Ι.

574 2501 702 2554 441.
741 2500 930 2563 Serla,
963 2501 1237 2569 ligamenta
1267 2498 1469 2569 capitis,
1503 2499 1543 2552 Ι.

579 2569 705 2624 447.
739 2571 966 2632 Acmen,
1000 2567 1269 2635 exercitus,
1300 2567 1340 2620 l.

577 2641 703 2696 448.
737 2641 1087 2706 Redimicula,
1126 2648 1453 2706 ornamenta,
1486 2638 1530 2694 Ι.

2115 2078 2162 2138 Β
2262 2077 2386 2130 449.
2423 2075 2626 2139 Fibula,
2651 2075 2897 2144 virginale
2927 2075 3161 2140 pallium,
3182 2073 3223 2128 l.

2262 2147 2390 2202 451.
2424 2147 2595 2211 Miles,
2627 2143 2895 2201 exercixus.
2923 2175 2992 2186 -
3017 2145 3291 2209 Damnata,
3319 2145 3566 2214 nefanda,
3598 2143 3640 2198 1.

2262 2217 2386 2272 452.
2419 2219 2668 2282 Severos,
2700 2233 2892 2287 graves,
2926 2218 2963 2271 I.

2260 2290 2385 2345 454.
2413 2288 2666 2351 Avaritia,
2689 2286 3024 2357 philargyria,
3044 2288 3097 2342 id
3113 2300 3183 2342 est
3201 2287 3415 2342 avaritia
3431 2302 3614 2343 aurum
3632 2286 3763 2342 inter

2192 2377 2376 2414 arenas
2405 2361 2544 2428 legit.
2576 2389 2643 2398 -—
2671 2357 2884 2412 Gretnio
2908 2397 2923 2423 ,
2958 2361 3071 2412 sinu
3095 2400 3110 2424 ,
3137 2359 3176 2413 Ι.

2265 2432 2391 2485 455.
2425 2431 2627 2493 Luxus,
2659 2428 2948 2482 delectatio.
2980 2460 3050 2470 —
3081 2429 3243 2485 Unca.
3273 2444 3450 2498 avara,
3481 2429 3520 2483 I.

2261 2501 2388 2555 456.
2415 2501 2469 2554 In
2499 2501 2748 2566 ludibria,
2779 2501 2831 2554 in
2859 2500 3017 2554 risum
3045 2502 3186 2556 nobis
3215 2498 3519 2556 Christianis
3544 2501 3643 2568 sit,
3687 2498 3763 2555 uel

2148 2572 2156 2582 '
2187 2573 2444 2641 pecunias,
2480 2571 2520 2626 l.

1846 2730 2399 2790 COMMENTARIUS.

573 2867 695 2923 451.
733 2866 909 2928 Fuld.,
952 2865 1148 2919 Widm.
1194 2879 1381 2934 supra,
1412 2864 1606 2934 Οχοη..
1634 2864 1903 2933 horriﬁcos
1931 2881 2082 2934 sapor

502 2940 713 2992 ultimus
749 2946 945 3004 asperet
971 2935 1198 2990 haustus.
1220 2933 1482 3004 Plerique.
1505 2933 1748 3004 horriﬁco
1774 2952 1925 3004 sapor
1962 2933 2084 2989 ulti-

505 3027 617 3062 mus
641 3018 838 3078 asperet
861 3009 1068 3060 haustu.
1098 3006 1201 3060 Sed
1234 3006 1284 3078 in
1314 3006 1428 3062 Vat.
1452 3006 1517 3070 Η,
1548 3007 1692 3069 Ald.,
1723 3004 1856 3069 Gis.,
1883 3005 2078 3062 Weitz.

503 3093 555 3132 et
587 3077 711 3133 aliis
731 3087 949 3148 asperat.
1003 3077 1282 3132 Sententia
1312 3085 1437 3131 nota
1464 3089 1566 3141 est,
1602 3092 1811 3132 amarus
1842 3091 1962 3133 esse
1987 3094 2081 3133 vo-

504 3150 718 3218 luptatis
753 3151 945 3203 exitus.

574 3221 699 3274 4-53.
733 3221 784 3272 In
816 3223 976 3285 Ang.,
999 3216 1159 3279 locus,
1183 3218 1388 3285 corrige
1407 3220 1574 3288 jocus.
1605 3218 1680 3272 De
1709 3218 1858 3287 nugis
1885 3227 1938 3273 ct
1960 3219 2076 3288 acie

505 3293 776 3350 nugatrice
802 3289 1002 3344 dictum
1032 3291 1213 3358 hymn.
1245 3289 1280 3342 2
1307 3289 1460 3341 Cath.
1496 3303 1638 3342 vers.
1669 3289 1755 3344 3:2.
1960 3287 1964 3290 ’

506 3430 550 3484 Ἠ
574 3362 701 3414 434.
734 3358 910 3483 Αξξςιιιὶ
951 3368 1156 3412 veteres
1195 3358 1432 3414 scribunt
1462 3360 1735 3428 proiciunt,
1772 3370 1825 3413 ut
1857 3360 2068 3426 Vienn.,

506 3457 518 3484 ι
554 3447 631 3484 ar.
663 3441 717 3484 et
746 3447 773 3484 3
801 3448 854 3484 ll.

502 3433 631 3484 Mar.
663 3441 717 3485 et
746 3433 854 3485 alii.

2189 2866 2302 2920 lnd.
2338 2867 2490 2922 Lucr.
2525 2868 2690 2924 verbo
2715 2866 2804 2920 Vis
2834 2882 3028 2931 uacus,
3061 2865 3151 2933 qui
3174 2864 3322 2920 addit
3352 2880 3366 2918 :
3395 2864 3532 2916 Eum
3561 2870 3762 2929 poetam

2187 2936 2555 3000 Christianum,
2587 2941 2707 3008 quia
2739 2955 2892 3000 nunc,
2927 2946 2979 2989 ut
3011 2940 3210 3003 Opinor,
3250 2940 3355 3008 fere
3393 2943 3553 2987 totum
3588 2934 3763 3008 uindi-

2185 3011 2408 3062 cavimus
2433 3028 2463 3062 a
2484 3006 2680 3064 mendis
2707 3008 3174 3070 innumerabilibus,
3199 3007 3446 3059 addamus
3471 3015 3518 3058 et
3543 3006 3759 3074 aliquot,

2185 3089 2239 3132 ut
2267 3080 2338 3132 ita
2364 3082 2550 3145 dicant,
2579 3082 2844 3134 manticas.
2876 3079 3124 3148 Intelligit
3145 3076 3382 3132 Gilanius
3407 3077 3597 3148 menda
3643 3092 3763 3148 qua)

2182 3150 2234 3202 in
2265 3151 2357 3204 cit.
2386 3151 2501 3205 lnd.
2525 3152 2809 3205 emendare
2832 3146 3175 3216 stnduithui
3224 3157 3466 3202 asserunt
3488 3146 3762 3202 Gifanium

2182 3220 2338 3275 aliam
2369 3237 2583 3287 Operam
2614 3221 2925 3276 illustrando
2955 3219 3242 3274 Prudentia
3275 3217 3619 3285 impendisse,
3653 3218 3763 3270 lor-

2179 3297 2321 3345 tassc
2359 3307 2424 3346 ex
2472 3293 2569 3348 hoc
2607 3293 2725 3347 loco
2770 3292 2979 3360 decepti
3011 3300 3152 3344 sunt.
3201 3289 3335 3355 Quid
3367 3289 3435 3342 sit
3472 3290 3762 3360 vishmajor,

2178 3363 2750 3429 explicantjuriSpcriti
2775 3363 2839 3415 ad
2867 3357 2967 3430 leg.
2997 3360 3079 3415 Eo;
3099 3361 3376 3420 conducto;
3408 3361 3509 3430 leg.
3538 3357 3599 3413 Si
3621 3375 3761 3413 mer-

2177 3446 2278 3498 ces,
2314 3432 2340 3503 §
2381 3433 2468 3487 γ..
2495 3435 2676 3504 major,
2711 3434 2764 3487 ll‘.
2799 3429 3003 3495 Locat.;
3035 3432 3138 3500 lrg.
3167 3431 3456 3504 ﬂuminum,
3491 3429 3762 3504 §‘_S_ervius

1014 3499 1188 3574 Fuld.,
1226 3501 1443 3574 praelia:
1463 3499 1528 3554 Et
1557 3499 1827 3574 Iuvenalis
1865 3500 2072 3574 quidem
2102 3478 2147 3542 c
2178 3478 2467 3571 iliidrjite'de
3797 3531 3814 3540 -

501 3571 633 3626 dixit
675 3574 911 3628 meditari
959 3573 1154 3640 praelia,
1193 3581 1366 3640 Satyra
1414 3572 1464 3633 7,
1516 3585 1655 3624 vers.
1705 3572 1847 3626 128:
1899 3573 2080 3627 Statua

503 3646 778 3697 meditatur
807 3649 988 3715 prwlia
1039 3646 1198 3696 lusca.
1238 3642 1340 3715 Sed
1390 3642 1439 3694 iu
1466 3641 1768 3715 Prudentio_
1791 3643 1898 3711 jam
1944 3659 2080 3715 prm-

497 3716 663 3768 cessit
694 3711 900 3771 bellum.
950 3718 1022 3772 De
1051 3715 1212 3768 sistro
1239 3713 1358 3765 vide
1387 3724 1675 3766 comment.
1707 3711 1770 3765 ad
1802 3728 1943 3768 vers.
1972 3713 2077 3768 527

500 3796 552 3836 et
580 3784 700 3849 528,
748 3789 837 3839 lib.
875 3804 907 3841 ll
939 3795 1120 3843 contra
1147 3785 1545 3851 Symmachum.
1581 3781 1834 3851 Virgilius
1862 3785 1951 3837 lib.
1984 3801 2076 3840 vni

495 3853 562 3934 de
593 3857 872 3924 Cleopatra
910 3875 924 3912 :
962 3859 1156 3927 Regina
1189 3855 1241 3905 in
1284 3854 1460 3906 mediis
1493 3855 1658 3921 patrio
1700 3861 1839 3907 vocat
1869 3856 2075 3924 agmina

495 3936 664 3978 ststro.

566 3996 690 4048 457.
726 3994 912 4050 Weitz.
953 4011 1070 4050 cum
1114 3997 1228 4050 solo
1259 3992 1482 4057 Widm.,
1523 4002 1568 4045 et
1609 3993 1810 4058 lapsum
1851 3992 2076 4049 humeris

496 4080 694 4116 arcum.
731 4065 835 4118 Sed
868 4082 963 4120 cur
995 4067 1078 4121 hic
1108 4067 1281 4118 hiatus
1319 4062 1678 4118 admittendus
1708 4064 1827 4131 erit,
1862 4063 2071 4120 dissen-

499 4133 751 4188 tientihus
777 4137 987 4191 cmteris
1018 4135 1334 4190 codicibus?

565 4204 690 4276 458.
723 4207 948 4273 Ι·ὶι’1ἰηἰ.,
981 4208 1149 4276 liquit,
1183 4221 1288 4260 non
1320 4203 1390 4258 ita
1419 4205 1575 4258 bene.

564 4275 689 4328 459.
715 4276 958 4331 [tabanus
988 4274 1198 4331 Maurus
1226 4277 1292 4330 de
1314 4275 1482 4329 sacris
1508 4274 1794 4329 Ordinibus
1821 4289 1936 4344 cap.
1969 4275 2066 4329 ηε

495 4343 745 4417 Pompam
769 4347 1146 4417 ambitionem,
1196 4349 1296 4400 sive
1323 4348 1661 4417 jactautiam.
1695 4355 1738 4398 et
1769 4346 1846 4398 his
1883 4343 2072 4400 similia

497 4414 715 4487 intelligi
741 4416 920 4471 debere
949 4420 1267 4487 praplteticus
1293 4414 1456 4487 sermo
1488 4416 1819 4481 demonstrat,
1844 4432 1958 4468 cum
1988 4418 2070 4469 di-

493 4487 560 4555 cit
585 4500 602 4538 :
632 4485 721 4539 Va:
741 4490 826 4555 qui
849 4485 1075 4555 opulenii
1094 4490 1214 4542 estis
1237 4489 1287 4540 in
1310 4486 1458 4553 Sion,
1483 4495 1527 4538 et
1552 4487 1806 4552 conﬁditis
1827 4487 1879 4537 in
1902 4498 2070 4540 monte

497 4554 759 4610 Samaria:
787 4572 806 4608 :
855 4554 1125 4628 optimates
1163 4560 1329 4628 capita
1374 4557 1679 4628 populorum
1732 4557 2068 4628 ingredientes

493 4628 776 4693 pompatice
802 4624 1010 4681 domum
1041 4624 1234 4682 Israel.
1271 4624 1382 4682 Sed
1402 4624 1630 4680 Clemens
1661 4635 1707 4678 et
1729 4624 2063 4693 Prudentius,

492 4690 849 4752 disertissimus
879 4708 1026 4766 atque
1051 4699 1514 4753 Christianissimus
1555 4707 1733 4766 poeta,
1766 4697 1816 4750 in
1858 4690 1952 4749 hac
1990 4690 2063 4752 si;

489 4767 814 4840 g_niﬁcationc
857 4763 1094 4840 pompam
1138 4769 1303 4840 posuit
1349 4769 1402 4840 in
1436 4763 1575 4840 libro
1603 4763 2020 4840 Psycltomachia:
2044 4784 2064 4822 :

2181 3589 2298 3641 qum
2328 3578 2520 3630 accidit
2551 3592 2711 3639 supra
2739 3571 2952 3627 amnem
2989 3573 3258 3626 hominum
3290 3571 3608 3625 custodiam.

2250 3644 2373 3699 446.
2405 3649 2562 3715 Ang..
2589 3647 2736 3709 Διά..
2763 3645 3004 3699 Giianius
3035 3644 3146 3698 lnd.
3173 3641 3577 3715 Lucr.,\‘_V:dm.
3609 3657 3638 3694 a
3670 3656 3760 3697 sc-

2180 3719 2347 3787 eunda
2379 3710 2554 3778 manu,
2581 3719 2855 3787 perdurat;
2887 3715 2997 3787 alii,
3025 3715 3308 3787 prwdurat.
3329 3710 3566 3787 Gifanius
3589 3715 3760 3768 verbo

2178 3783 2290 3839 Pen
2319 3782 2612 3851 Contendit,
2648 3789 2745 3840 hoc
2777 3786 3000 3841 articulo
3025 3782 3205 3852 juncta
3239 3782 3403 3837 fuisse
3431 3782 3568 3849 apud
3601 3793 3755 3836 vete-

2179 3869 2264 3909 res
2307 3858 2530 3924 plurima
2579 3874 2696 3923 qua:
2744 3858 2899 3911 hodie
2949 3857 3027 3910 vel
3076 3856 3128 3909 in
3157 3870 3293 3924 prie,
3326 3852 3405 3907 vel
3447 3853 3601 3906 aliter
3628 3862 3758 3909 sunt

2176 3923 2517 3996 commutata.
2565 3927 2668 3982 Sed
2720 3929 2856 3982 idem
2906 3935 3087 3996 posset
3112 3923 3232 3996 dici
3265 3924 3331 3996 de
3370 3923 3591 3996 articulo
3621 3940 3753 3993 prw.

2178 3994 2310 4068 Vide
2341 3998 2523 4068 hymn.
2559 3998 2615 4053 S.
2637 3994 3068 4054 Vincentii‘vers.
3101 3995 3221 4062 178,
3248 3994 3336 4049 ubi
3366 3994 3601 4049 occurrit
3628 4009 3755 4049 ver-

2177 4064 2298 4121 bum
2330 4064 2584 4138 prazduro.

2245 4137 2370 4193 447.
2403 4141 2555 4206 Man,
2590 4139 2842 4204 gressibus
2874 4153 2968 4207 pro
2998 4137 3246 4190 cursibus.

2246 4208 2371 4263 448.
2404 4204 2620 4274 Vienn.,
2663 4225 2767 4264 non
2798 4204 2944 4271 bene,
2995 4207 3243 4261 crinialis.
3281 4204 3475 4258 Dnnma
3508 4204 3753 4272 intelligo

2173 4280 2356 4349 spolia.
2391 4281 2692 4348 Pignorius,
2727 4280 2792 4333 de
2837 4279 3016 4334 Servis
3067 4292 3184 4346 pag.
3217 4275 3342 4349 195,
3375 4277 3480 4341 agit
3531 4275 3751 4349 de_acu

2173 4345 2274 4420 qua
2307 4345 2698 4406 sustinebantur
2724 4359 2776 4405 et
2800 4345 3092 4418 ﬁgebantur
3114 4345 3312 4420 capilli,
3344 4362 3478 4420 ante
3500 4345 3567 4399 ab
3597 4345 3753 4420 ᾼηιι·

2173 4414 2278 4475 icio
2307 4421 2499 4477 dicitur
2524 4423 2681 4476 etiarn
2709 4414 3066 4474 acus'crinalis
3101 4414 3191 4472 lib.
3225 4434 3311 4472 vlu
3344 4416 3553 4470 Metam.
3588 4414 3754 4470 Cala-

2174 4494 2417 4546 mistrum
2445 4501 2564 4549 erat
2609 4505 2734 4548 acus
2781 4491 2950 4560 major
2972 4504 3091 4560 qua:
3117 4488 3369 4544 calefacta
3402 4486 3750 4554 intorquebat

2171 4563 2412 4630 capillos.

2241 4629 2363 4689 452.
2399 4632 2576 4700 Fuld.,
2628 4649 2726 4686 non
2775 4635 2970 4702 fronte;
3014 4629 3233 4697 Weitz.,
3282 4645 3350 4691 ne
3372 4629 3576 4699 fronte:
3607 4643 3748 4682 ncu-

2173 4710 2308 4757 trum
2343 4705 2532 4771 placet.

2241 4769 2366 4828 455‘.
2398 4773 2658 4828 Weitzius
2685 4815 2698 4838 ,
2729 4777 2930 4842 ﬂectat,
2977 4771 3097 4841 quia
3135 4786 3292 4840 supra
3331 4769 3624 4842 nc_posuit.
3681 4769 3746 4824 In

491 4835 693 4909 Pompa
720 4835 1040 4904 ostentatrix,
1074 4835 1178 4895 etc.
1213 4837 1538 4909 'l‘heodulius
1569 4835 1852 4909 episcopus
1882 4839 2061 4893 Aure-

2176 4843 2296 4900 Mar.
2322 4860 2385 4899 ex
2413 4845 2672 4898 conibcnte
2688 4835 3034 4898 emendatum
3066 4835 3342 4896 conivente.
3399 4835 3531 4894 Huic
3559 4843 3748 4895 versui

490 4905 742 4979 hanensis
773 4911 839 4964 de
872 4911 997 4964 0rd.
1031 4911 1176 4979 bapt.
1207 4923 1325 4978 cap.
1365 4906 1569 4962 121mm
1603 4908 1714 4978 ipsa
1746 4905 1909 4962 verba
1937 4919 2062 4963 ante
2088 4905 2129 4909 ”
2167 4915 2406 4970 succedit
2438 4917 2486 4968 in
2521 4915 2650 4969 Mar.
2694 4923 2747 4968 et
2785 4913 2903 4967 Ral.
2957 4914 3139 4968 titulus
3185 4911 3452 4974 Avaritia;
3495 4911 3544 4962 iu
3598 4911 3748 4965 ΛΙἁο

489 4974 764 5049 Rabanuut
795 4974 1191 5049 perscripserat.

2165 4983 2408 5040 Araritiw
2434 4997 2480 5040 et
2511 4983 2789 5056 Largitatis
2819 5000 3024 5055 pugna;
3051 4985 3100 5036 in
3126 4984 3244 5056 aliis
3267 4981 3491 5034 Avaritia
3524 4991 3570 5034 et
3601 4980 3750 5047 0pc-

558 5046 682 5099 442.
729 5048 906 5114 Fuld.,
948 5045 1220 5105 concordia
1266 5049 1491 5102 dissona.
1540 5045 1842 5116 ileinsiani,
1891 5050 2058 5104 nostri
2163 5059 2315 5110 ratio.
2344 5058 2397 5110 ln
2433 5045 3326 5111 Viennfhocloeo'nuliustitulus.

488 5118 761 5183 praecipui,
789 5119 960 5191 Aleia,
987 5121 1161 5191 Vien.,
1186 5120 1340 5184 Man,
1368 5118 1484 5173 Vat.
1513 5117 1577 5182 D,
1604 5119 1809 5184 turbat;
1835 5119 1926 5174 alii
1951 5129 2058 5173 tur-

485 5197 571 5252 pat
600 5201 719 5239 cum
751 5189 904 5241 Aldo.

552 5256 674 5329 445.
707 5258 951 5313 Barthius
977 5258 1028 5314 in
1051 5277 1149 5315 suo
1172 5275 1273 5314 ms.
1298 5259 1442 5329 legit.
1467 5257 1632 5329 artitis
1657 5259 1888 5327 pedibus,
1915 5262 2053 5327 quod

2231 5127 2359 5182 454.
2394 5127 2540 5193 Rat.,
2571 5126 2828 5182 avarities.
2863 5125 3028 5181 [lecte
3058 5126 3179 5191 alii,
3209 5123 3443 5186 avaritia,
3477 5120 3748 5189 producta

2159 5197 2366 5252 ultima.

2230 5269 2350 5326 456.
2381 5268 2537 5336 Man,
2573 5268 2716 5331 llat.,
2748 5269 2926 5332 Alex"
2959 5265 3104 5320 Vatt.
3130 5264 3204 5336 G,
3231 5264 3297 5329 11,
3324 5262 3387 5324 Ο.
3421 5262 3746 5336 pulcltra__in

482 5328 729 5406 QSP'lipul.
753 5339 1042 5406 contractis
1080 5327 1415 5406 ObASCDSUIVﬂ
1436 5327 1656 5392 doloris,
1689 5338 1742 5406 et
1775 5331 2055 5406 conlirmat
2159 5337 2399 5393 ludibria.
2436 5327 2545 5394 ΙΙοό
2576 5327 2803 5391 voluisse
2833 5327 2992 5392 credo
3019 5337 3140 5391 Vat.
3161 5327 3232 5399 ‘C,
3264 5327 3316 5388 et
3344 5327 3580 5406 codicem
3615 5329 3749 5385 Pic-

479 5399 636 5477 simili
676 5400 903 5451 lectione
943 5400 998 5477 in
1039 5400 1574 5477 prmfat.‘Psychom.,
1615 5399 1764 5453 artita
1794 5401 1925 5455 colla
1956 5418 2051 5471 pro
2156 5411 2286 5462 carti
2315 5411 2530 5477 pulchra
2585 5409 2850 5461 illudibria
2875 5449 2889 5470 ,
2927 5409 2993 5462 de
3023 5422 3124 5474 qua
3167 5420 3297 5460 voce
3322 5404 3554 5477 _ampli_ns
3579 5417 3746 5477 quch

476 5467 670 5538 attrita,
702 5484 858 5538 quam
889 5484 954 5522 eo
987 5469 1101 5537 loco
1131 5467 1483 5538 explosituus.

545 5536 670 5612 444.
698 5537 974 5612 Lucretius
997 5539 1092 5612 lib.
1113 5557 1162 5612 vi
1183 5536 1249 5596 de
1271 5542 1352 5596 his
1371 5543 1461 5612 qui
1491 5551 1816 5596 exercentur
1840 5542 1894 5596 in
1924 5558 2045 5598 me-

475 5608 616 5684 taliis
636 5610 905 5684 eruendis,
920 5621 972 5665 et
997 5612 1060 5665 ad
1083 5611 1135 5666 id
1150 5627 1290 5684 opus
1310 5608 1647 5684 damnantur,
1668 5613 1808 5677 Quos
1825 5630 1973 5684 opere
1993 5615 2047 5667 in

473 5682 563 5752 tali
591 5681 785 5735 cohibet
813 5684 886 5736 vis
912 5699 1115 5752 magna.
1145 5683 1344 5738 Eodem
1376 5683 1485 5739 fere
1513 5684 1673 5740 modo
1695 5681 2042 5740 Prudentium

407 5815 416 5828 ,
455 5747 704 5810 locutum
743 5757 980 5824 quoniam
996 5747 1092 5809 ’νὴ
1132 5756 1319 5826 major,
1351 5764 1480 5823 etc.,
1526 5758 1771 5812 observat
1803 5755 2043 5811 Giianius

2155 5471 2377 5533 rendam
2409 5476 2663 5535 censebat
2689 5477 2969 5533 Weitzius.
3003 5471 3117 5532 Duo
3145 5477 3285 5531 γεω.
3319 5473 3383 5538 L,
3407 5483 3459 5526 et
3483 5473 3583 5532 BB.
3615 5471 3747 5540 pul-

2155 5546 2274 5601 chra
2296 5560 2341 5603 et
2365 5551 2606 5606 ludibria.
2639 5549 2806 5604 Aldus
2830 5565 2948 5603 cum
2977 5549 3118 5612 aliis,
3146 5546 3362 5616 pulchra
3385 5544 3451 5597 ad
3481 5542 3741 5598 ludibria.

2221 5622 2348 5676 457.
2409 5621 2657 5676 lleinsius
2706 5620 2954 5688 opinatur
2982 5622 3193 5689 aurique
3248 5616 3417 5689 legens
3464 5623 3744 5683 ramenta,

2152 5702 2205 5750 et
2234 5693 2318 5764 agi
2342 5692 2409 5748 de
2439 5707 2568 5749 auro
2599 5685 2834 5749 nondum
2861 5685 3251 5747 excocto.'Non
3279 5685 3469 5758 probo.
