4066 6296
232 355 303 410 57
1603 339 2141 402 PSYCHOMACHIA.

1849 465 1904 525 Α

416 461 728 535 lmplevisse
750 463 901 518 sinus
920 475 934 514 :
953 459 1105 529 juvat
1137 458 1387 515 inlarcire
1417 461 1686 517 crumenis

233 560 350 619 460
418 558 602 629 Turpe
643 557 890 621 lucrum,
921 561 975 610 et
1003 553 1256 625 gravidos
1306 553 1461 609 furtis
1511 554 1821 610 distendere

1521 646 1702 718 [ﬁscos
1731 662 1747 700 :

414 744 578 815 628
597 741 744 808 Quos
766 740 900 795 laeva
923 738 1134 794 celante
1148 739 1298 809 tegit,
1320 739 1606 808 laterisque
1619 738 1825 795 sinistri

421 833 571 890 Velat
597 831 903 902 oprimento
927 848 940 882 :
965 829 1122 884 velox
1145 844 1266 884 nam
1292 829 1477 885 dextra
1506 831 1720 899 rapinas

420 926 662 992 Abradit,
685 925 983 995 spoliisque
1013 938 1216 994 ungues
1241 933 1460 980 exercet
1493 940 1676 980 aenos.

425 1019 583 1085 Cura,
599 1017 814 1085 Fames,
829 1016 1025 1083 Metus,
1041 1016 1318 1085 Anxietas,
1334 1017 1596 1086 Perjuria,
1616 1018 1820 1085 Pallor,

238 1115 350 1172 465
427 1111 771 1183 Corruptela,
842 1110 1046 1178 Dolus,
1113 1108 1459 1179 Commenta,
1518 1112 1818 1180 Insomnia,

1493 1202 1710 1274 [Sordes
1734 1243 1749 1268 ,

421 1294 746 1353 Eumenides
767 1293 930 1349 varia:
955 1334 970 1359 ,
1001 1293 1226 1348 monstri
1262 1293 1548 1348 comitatus
1575 1305 1818 1362 aguntur.

427 1390 535 1446 Nec
565 1389 743 1449 minus
772 1387 978 1443 interea
1003 1386 1309 1442 rabidorum
1341 1402 1490 1442 more
1520 1388 1762 1458 luporum

418 1479 657 1536 Crimina
689 1479 988 1549 persultant
1017 1487 1128 1533 toto
1148 1479 1442 1549 grassantia
1472 1494 1687 1551 campo,

420 1573 600 1627 Matris
628 1572 882 1628 Avaritia:
913 1571 1066 1640 nigro
1092 1571 1160 1627 de
1191 1571 1327 1626 lacte
1353 1582 1550 1628 creata.

237 1667 344 1724 470
421 1666 475 1723 Si
496 1665 680 1722 fratris
703 1667 905 1734 galeam
935 1665 1092 1720 lulvis
1114 1664 1328 1722 radiare
1359 1667 1604 1721 ceraunis

425 1755 724 1813 Germanus
754 1756 884 1812 vidit
906 1757 1219 1823 commilito,
1251 1772 1355 1811 non
1389 1758 1537 1814 timet
1561 1773 1744 1816 ensem

425 1848 686 1914 Exerere,
718 1857 876 1916 atque
897 1855 1057 1916 caput
1083 1847 1230 1901 socio
1260 1862 1514 1904 mucrone
1533 1848 1714 1916 ferire,

429 1939 502 1994 De
531 1939 932 2010 consanguineo
953 1949 1204 2008 rapturus
1231 1940 1431 1996 vertice
1458 1956 1714 2012 gemmas.

421 2030 587 2087 Filius
615 2029 944 2087 exstinctum
976 2031 1099 2087 belli
1129 2031 1230 2086 sub
1257 2043 1402 2088 sorte
1431 2034 1659 2091 cadaver

238 2127 346 2185 475
421 2124 643 2197 Aspexit
665 2126 710 2181 si
741 2124 880 2181 forte
912 2124 1102 2195 patris,
1134 2124 1390 2196 fulgentia
1420 2126 1582 2183 bullis

3437 365 3507 424 58

2103 465 2267 540 629
2321 468 2584 540 Cingula,
2645 481 2699 528 et
2751 474 2968 532 exuvias
3016 476 3210 546 gaudet
3261 480 3503 549 rapuisse

3121 567 3392 641 [cruentas
3415 589 3429 626 :

2111 649 2402 721 Cognatam
2434 654 2603 711 civilis
2632 657 2738 726 agit
2768 656 3040 722 Discordia
3070 660 3326 729 praedam,

2108 741 2216 797 Nec
2241 745 2408 809 parcit
2437 747 2664 815 propriis
2691 751 2855 804 Amor
2893 750 3173 808 insatiatus
3206 751 3433 809 habendi

2109 837 2449 907 Pignoribus.
2475 841 2910 911 spoliatquesuos
2935 843 3122 900 Fames
3141 847 3301 916 impia
3326 856 3499 905 natos.

1931 930 2037 986 480
2109 929 2255 984 Talia
2285 945 2380 1000 per
2411 933 2630 1000 populos
2661 932 2852 990 edebat
2877 935 3068 992 funera
3101 936 3288 994 victrix

2100 1022 2256 1078 Orbis
2279 1024 2530 1092 Avaritia,
2550 1033 2795 1082 stcrnens
2814 1037 3036 1083 centena
3055 1029 3289 1084 virorum

2103 1113 2264 1168 Millia
2292 1114 2605 1170 vulneribus
2631 1116 2828 1193 variis:
2855 1119 2997 1174 hunc
3015 1119 3213 1174 lumine
3229 1121 3500 1192 adempto,

2106 1205 2434 1276 Eﬂ‘ossisque
2459 1207 2628 1261 oculis
2654 1208 2801 1263 velut
2825 1209 2878 1264 in
2911 1211 3133 1281 caligine
3165 1215 3332 1268 noctis

2105 1295 2319 1350 Caecum
2351 1311 2532 1352 errare
2560 1298 2706 1365 sinit,
2740 1315 2940 1371 perque
2986 1302 3305 1360 oll‘ensacula
3336 1306 3501 1362 multa

1926 1388 2032 1443 485
2109 1388 2211 1455 lre,
2243 1403 2340 1443 nec
2382 1392 2682 1458 oppositum
2740 1392 2928 1448 baculo
2974 1402 3177 1450 tentare
3224 1397 3497 1465 periclum.

2107 1482 2274 1536 Porro
2294 1481 2460 1536 alium
2493 1485 2635 1552 capit
2677 1483 2889 1554 intuitu,
2937 1486 3176 1558 fallitque
3202 1489 3499 1558 videntem,

2102 1573 2311 1642 Insigne
2339 1583 2620 1630 ostentans
2649 1576 2845 1646 aliquid
2875 1597 2886 1630 :
2919 1579 3058 1647 quod
3085 1579 3208 1634 dum
3233 1583 3364 1650 petit
3391 1581 3499 1649 ille,

2105 1667 2380 1736 Excipitur
2411 1668 2514 1724 telo
2538 1668 2806 1736 incautus,
2840 1671 3125 1742 cordisque
3149 1673 3248 1727 sub
3281 1675 3396 1742 ipso

2105 1759 2330 1816 Saucius
2359 1760 2568 1815 occulto
2608 1761 2806 1816 ferrum
2835 1763 3065 1834 suspirat
3091 1764 3334 1820 adactum
3357 1807 3372 1830 ,

1856 1848 1904 1909 B
1930 1853 2036 1910 490
2110 1852 2301 1909 Multos
2331 1852 2670 1921 praecipitans
2697 1854 2748 1908 in
2780 1863 2961 1923 aperta
2992 1855 3236 1911 incendia
3259 1858 3398 1928 cogit
3424 1898 3439 1924 ,

2106 1944 2269 2015 630
2287 1942 2397 1998 Nec
2422 1945 2619 2012 patitur
2647 1945 2818 2002 vitare
2859 1945 3036 2012 locos,
3081 1946 3271 2017 quibus
3313 1956 3500 2005 aestuat

3217 2055 3427 2105 aurum,

3217 2055 3427 2105 aurum,

2104 2128 2254 2197 Quod
2285 2128 2413 2200 petit
2436 2143 2654 2184 arsurus
2681 2129 2879 2198 pariter
2901 2039 3215 2199 speculatori
3230 2146 3444 2188 avarus.

1547 2239 1833 2320 GLosS/r:
1875 2241 2205 2301 VETERES.

307 2355 436 2412 459.
468 2354 643 2421 Juvat,
672 2355 905 2426 delectat.
936 2383 1006 2394 —
1034 2352 1336 2426 Ct'umenis,
1359 2355 1630 2426 marsupiis
1648 2370 1668 2410 :
1695 2371 1814 2411 cru-

238 2428 411 2483 Itenia
433 2435 550 2498 sunt
578 2425 780 2498 proprie
817 2426 1103 2498 fragmenta
1122 2425 1257 2491 auri,
1287 2424 1326 2479 1.

311 2498 440 2553 460.
472 2495 681 2565 FisCos,
712 2495 940 2551 sacculos
965 2535 979 2559 ,
1009 2495 1050 2549 Ι.

310 2566 438 2622 461.
471 2569 652 2631 Laeva,
679 2569 908 2628 sinistra,
942 2566 982 2619 Ι.

306 2637 438 2712 464.
463 2638 628 2712 Cura,
656 2637 929 2712 multitudo
955 2637 1191 2691 vitiorum
1214 2680 1228 2704 ,
1258 2653 1370 2707 quia
1402 2638 1622 2693 avaritia
1670 2640 1815 2712 nigro

239 2718 382 2764 creat
411 2710 556 2766 lacte.
573 2707 626 2762 J.
739 2707 749 2713 ’

305 2780 432 2850 468.
464 2779 722 2850 Crimina,
750 2787 980 2850 peccata.
1017 2809 1086 2818 —
1114 2778 1440 2850 Grassantia,
1473 2781 1745 2850 uastantia,
1773 2782 1816 2838 Ι.

306 2849 432 2904 469.
458 2848 671 2913 Creata,
703 2848 842 2902 idest
873 2850 1011 2916 titia,
1041 2851 1118 2904 uel
1145 2852 1332 2916 culpae.
1369 2849 1410 2904 Ι.

311 2918 438 2974 470.
465 2918 692 2980 Fratris,
717 2919 816 2973 sui.
845 2951 912 2958 —
943 2919 1123 2974 Fulvis
1152 2921 1419 2982 ceraunis.
1453 2921 1621 2976 rubris
1651 2924 1820 2978 moni-

245 2991 396 3063 libus,
426 2990 506 3063 rel
533 2987 783 3063 lapillis:
809 3007 1032 3044 cerauna
1061 2992 1326 3063 proprium
1361 3008 1549 3063 nomen
1589 3010 1818 3063 gemmea,

243 3062 434 3132 fult-um
459 3059 652 3114 habens
677 3061 916 3126 colorem,
947 3059 1260 3116 uam'Grtece
1289 3062 1482 3131 fulgor,
1515 3063 1556 3118 l.

308 3132 431 3187 472.
461 3132 713 3198 Exerere,
745 3131 954 3187 educere
973 3177 986 3203 ,
1012 3132 1089 3186 vel
1113 3133 1306 3201 eripere
1326 3173 1341 3200 ,
1368 3133 1404 3186 Ι.

1991 2359 2116 2412 475.
2143 2357 2323 2420 Bttllis,
2356 2357 2583 2426 gemmis,
2619 2358 2655 2411 Ι.

1996 2429 2122 2484 480.
2150 2428 2317 2491 Talia,
2350 2427 2562 2482 avaritia
2608 2427 2857 2498 plurimos
2903 2427 3121 2495 sternit;
3161 2429 3292 2486 alios
3340 2446 3497 2488 σωροί

1926 2516 2098 2554 errare
2119 2501 2258 2564 sinit,
2295 2500 2330 2552 l.

1996 2570 2120 2625 489..
2155 2570 2327 2634 Hunc,
2360 2571 2646 2639 quemdam.
2680 2599 2746 2610 —
2773 2565 3060 2640 Adempto,
3105 2570 3272 2626 ablato
3295 2611 3311 2636 ,
3346 2571 3389 2628 1.

1998 2642 2121 2697 485.
2151 2641 2366 2708 Baculo,
2401 2643 2632 2695 baculum
2652 2657 2754 2694 non
2777 2641 3002 2710 permisit
3033 2651 3264 2709 portare.
3294 2644 3333 2698 Ι.

1993 2713 2118 2770 486.
2153 2712 2341 2784 Porro,
2373 2713 2621 2777 avaritia,
2657 2712 2774 2784 dum
2803 2712 2999 2784 aliquid
3045 2715 3289 2784 ostendit,
3317 2715 3498 2784 jaculo

1926 2794 2184 2854 percutere
2197 2783 2304 2836 uult
2319 2800 2338 2847 ;
2352 2784 2578 2852 capit.»
2596 2783 2812 2849 lntuitu,
2832 2783 3018 2853 decipit
3032 2786 3142 2838 visu
3158 2783 3441 2854 oculorum,
3459 2785 3497 2840 I.

1997 2855 2122 2910 489.
2154 2856 2439 2917 Adactum,
2468 2853 2706 2922 inﬁxum,
2733 2853 2771 2906 Ι.

1927 2927 2141 3051 (1.490.l
2167 2925 2376 2991 Multos,
2408 2925 2624 2979 auaritia
2666 2923 2856 2978 multos
2891 2926 3178 2996 praecipitat
3219 2927 3274 2992 in
3322 2928 3494 2981 incen-

1965 3013 2099 3051 tum.
2152 3036 2164 3049 .

1965 3013 2099 3059 tum,
2123 3013 2164 3051 ι.

1997 3067 2122 3122 491.
2163 3067 2203 3120 F
2207 3081 2354 3139 ocos,
2387 3067 2557 3139 ignes,
2587 3065 2662 3121 vel
2691 3075 2937 3121 tartareus
2985 3082 3156 3137 paruas
3209 3067 3403 3139 Stygis.
3428 3098 3497 3110 —
3528 3115 3532 3119 .

1932 3137 2171 3206 EStuat,
2196 3137 2443 3207 coquitur,
2473 3136 2510 3190 Ι.

1581 3248 2127 3308 COMMENTARIUS.

307 3369 433 3425 459.
464 3368 646 3443 Enim,
669 3369 989 3443 implicuisse
1015 3367 1176 3433 sinus,
1209 3367 1384 3443 minus
1414 3367 1570 3443 bene.
1604 3368 1708 3424 Pro
1733 3370 1814 3443 in:
1871 3359 1894 3383 ⁸
1919 3371 2090 3443 magis
2112 3369 2612 3443 approbat._Contra
2640 3369 2904 3443 Giselinus
2919 3369 3262 3439 reprehendit
3281 3365 3495 3443 Aldum,

243 3443 424 3509 farcire
466 3440 557 3495 alii
596 3440 865 3510 infercire,
908 3453 1000 3503 pro
1029 3439 1283 3510 crumrnis
1332 3439 1526 3493 vetusti
1567 3440 1813 3494 nonnulli

243 3513 508 3586 cruminis.
539 3511 767 3586 Etyttton
791 3524 1062 3586 grumenti:
1101 3509 1296 3586 dicitur
1331 3523 1449 3564 esse
1497 3524 1526 3562 a
1567 3510 1772 3586 κρεμάω
1797 3552 1812 3578 ,

247 3583 362 3652 quia
393 3580 464 3635 sit
498 3578 748 3652 pendula.
784 3578 972 3652 Glossa
1001 3595 1105 3652 non
1135 3579 1325 3645 placet.

311 3652 437 3707 460.
471 3651 625 3706 Fuld.
660 3666 754 3720 pro
778 3651 925 3715 ﬁscos
957 3650 1113 3720 habet
1133 3665 1324 3703 saccos.

311 3722 440 3776 461.
484 3719 707 3776 Veteres
753 3720 992 3788 plerique
1046 3719 1223 3786 legunt
1275 3720 1547 3788 laterisque
1598 3722 1816 3776 sinistri.

248 3792 497 3848 Heinsius
533 3791 699 3848 edidit
726 3791 995 3856 lalerisque
1040 3790 1281 3852 ministri,
1310 3790 1403 3843 sed
1451 3805 1570 3843 cum
1621 3792 1819 3846 nullam

249 3864 540 3918 variatttem
592 3861 873 3916 lectionem
903 3870 1129 3928 promat.
1153 3859 1370 3914 dubium
1402 3869 1485 3914 est
1512 3877 1579 3914 an
1613 3861 1664 3916 id
1693 3877 1821 3918 casu

248 3935 526 3988 exciderit.
556 3931 947 3987 Chamillardus
978 3930 1194 3984 Heinsio
1223 3930 1470 3985 adhaesit.

315 4002 442 4058 461³..
473 4004 737 4066 Barthius,
772 4001 985 4064 Heins.,
1016 4011 1340 4073 opermento;
1369 4003 1529 4073 Ang.,
1556 4002 1819 4073 adoperto,

250 4074 384 4143 quod
414 4083 739 4141 postremum
771 4082 955 4142 aperte
983 4071 1296 4127 mendosum
1325 4079 1426 4126 est.
1452 4070 1699 4142 Plerique
1726 4088 1824 4128 no-

251 4145 343 4230 stri
355 4147 668 4230 pprimersto.

315 4212 442 4268 465.
465 4214 524 4268 ln
543 4213 687 4267 Rott.
719 4213 916 4281 priore,
948 4213 1225 4279 insomnia,
1254 4221 1436 4266 sortes.
1468 4212 1590 4276 Alii,
1621 4215 1820 4268 sordes.

253 4284 574 4339 Prudentius
600 4293 756 4338 sortes
786 4283 1001 4352 egregie
1030 4283 1208 4337 dicere
1237 4281 1428 4352 potuit,
1459 4283 1502 4336 si
1533 4283 1693 4338 ludus
1723 4285 1824 4338 iste

253 4370 409 4423 quem
431 4355 558 4409 lotto
586 4355 741 4422 vulgo
771 4354 1059 4420 appellant,
1089 4365 1214 4406 tum:
1246 4353 1498 4418 temporis
1525 4355 1783 4422 viguisset
1809 4374 1821 4408 :

253 4425 332 4478 cui
362 4440 466 4480 non
490 4425 667 4491 inepte
683 4423 1054 4478 accommodes
1071 4423 1168 4477 hos
1192 4423 1326 4476 duos
1348 4424 1668 4478 versiculos:
1700 4425 1825 4478 Cor-

253 4499 481 4565 ruptela,
514 4496 664 4548 dolus
684 4536 698 4557 ,
730 4504 1006 4547 commenta
1029 4535 1042 4555 ,
1075 4494 1356 4560 insomnia,
1402 4503 1590 4558 sortes,
1632 4491 1823 4548 Eume-

254 4566 392 4618 nides
412 4568 570 4619 carice
598 4565 810 4618 monstri
832 4565 1100 4616 comitatus
1122 4573 1360 4633 aguntur.

320 4635 444 4690 466.
475 4635 619 4700 Ald.,
649 4634 950 4688 Eumenides
974 4635 1123 4704 furia:
1139 4632 1289 4701 (alii,
1317 4632 1622 4704 Eumenides
1652 4636 1820 4698 variw,

253 4713 304 4760 et
334 4707 387 4759 in
416 4707 550 4761 Mar.
575 4707 724 4774 [urite
747 4714 827 4758 est
848 4703 1130 4772 glossema.
1148 4704 1250 4758 Pro
1277 4705 1429 4758 varia:
1450 4703 1608 4758 Fabr.
1633 4715 1683 4758 ct
1707 4705 1817 4759 Gis.

251 4777 408 4830 uarie.
433 4775 744 4830 Gallandius
768 4774 932 4828 edidit
958 4776 1133 4840 variae,
1159 4775 1252 4828 sed
1283 4775 1334 4826 in
1364 4775 1499 4827 notis
1530 4784 1678 4839 putat
1706 4792 1824 4830 csse

253 4845 503 4900 vitiosam
528 4845 900 4914 repetitionem
919 4846 1091 4907 varia’,
1115 4861 1235 4899 cum
1257 4859 1332 4898 ese
1352 4843 1658 4914 singillatim
1675 4846 1823 4912 prius

251 4913 652 4972 recenseantnr.
686 4915 881 4970 Verum
929 4914 979 4968 id
1014 4916 1159 4969 nihili
1187 4925 1267 4970 est
1297 4930 1310 4966 :
1349 4929 1470 4968 nam
1502 4913 1822 4968 Eumenides

253 4987 360 5041 illa
412 4987 662 5042 dicuntur
693 5002 811 5040 esse
859 4985 1020 5040 varia:
1045 5026 1059 5050 ,
1093 4986 1192 5040 hoc
1215 4994 1298 5038 est
1321 4985 1462 5038 inter
1487 4998 1546 5038 se
1571 4984 1820 5038 diversze.

251 5056 414 5112 Poeta
472 5057 706 5112 imitatur
756 5057 1028 5125 Virgilium
1087 5071 1158 5109 xit
1214 5053 1429 5109 IEneid.
1483 5069 1622 5110 vers.
1680 5055 1821 5110 536:

253 5125 486 5189 Iraeque,
521 5129 816 5195 insidiwque
846 5128 928 5178 dei
965 5128 1233 5179 comitatus
1255 5132 1498 5196 aguntur.

322 5196 452 5252 467.
479 5197 712 5261 Boetius,
738 5196 961 5250 fortasse
985 5196 1220 5250 imitatus
1258 5195 1624 5261 Prudentium,
1646 5195 1822 5249 avari-

255 5266 383 5337 tiam
409 5267 535 5337 lupo
563 5267 890 5337 comparavit
913 5265 1005 5320 lib.
1027 5281 1096 5328 tv,
1133 5281 1286 5333 prosa
1316 5267 1368 5318 ὅ.

321 5336 449 5392 468.
468 5335 536 5390 ⁷1η
562 5335 686 5391 Ald.
709 5346 764 5391 et
790 5336 918 5390 Mar.
947 5353 974 5399 a
1009 5337 1172 5402 prima
1200 5351 1367 5389 manu
1393 5350 1545 5390 error
1572 5345 1652 5390 est
1685 5352 1825 5389 cras-

255 5408 426 5459 santia
449 5447 464 5468 ,
506 5418 560 5459 ut
587 5407 639 5460 in
666 5406 792 5460 Vat.
835 5406 896 5470 C,
925 5407 1206 5469 cessantia;
1238 5407 1351 5474 lege
1380 5410 1686 5475 grassantia.

321 5477 450 5533 479.
477 5476 600 5533 Sive
646 5475 1102 5546 pigneribus,rsive
1131 5476 1427 5546 pigneribus
1476 5477 1698 5540 scribas,
1727 5493 1824 5540 att-

256 5547 431 5617 liquos
458 5548 620 5601 duces
642 5545 900 5617 Sequeris.
927 5545 1074 5617 idem
1099 5545 1165 5617 de
1191 5548 1366 5617 fames,
1385 5555 1438 5599 et
1452 5548 1604 5617 [auris
1617 5561 1825 5601 assero.

254 5616 509 5672 Scnbunt
545 5615 878 5687 famesVatt.
906 5616 970 5684 C,
1014 5616 1074 5683 F,
1111 5615 1175 5680 G,
1208 5616 1270 5682 1.,
1299 5616 1364 5687 ρ,
1389 5617 1490 5670 Bis.
1526 5616 1708 5684 Neque
1735 5618 1830 5671 ob-

258 5687 405 5756 iicias
458 5684 673 5742 versum
704 5703 808 5743 non
838 5697 1086 5742 constare
1116 5705 1129 5740 :
1161 5702 1282 5740 nam
1309 5684 1566 5748 Giianius,
1599 5687 1686 5756 qui
1715 5688 1826 5740 Ind.

303 5773 415 5812 uer.
445 5773 512 5813 ex
542 5769 652 5813 vet.
683 5757 804 5813 cod.
836 5758 962 5827 legit
1008 5762 1186 5826 fames,
1211 5756 1332 5811 inde
1359 5757 1560 5824 colligit
1595 5757 1830 5812 Pruden-

256 5828 388 5885 tium
417 5829 472 5886 in
501 5846 552 5885 es
576 5827 724 5885 [inita
751 5843 892 5900 saepe
921 5829 1100 5885 facere
1142 5827 1340 5884 brevia.
1386 5827 1635 5882 Heinsius
1681 5829 1829 5898 famis

1920 3441 2061 3510 quod
2093 3441 2380 3509 aliquando
2401 3441 2702 3506 hujnsmodi
2735 3441 2948 3495 nomina
2975 3444 3023 3494 in
3047 3443 3092 3495 is
3115 3441 3496 3510 terminaverit,

1924 3521 1980 3565 ιιι
2009 3514 2191 3582 Itymn.
2221 3511 2278 3566 S.
2308 3511 2575 3581 Hippolyti
2602 3526 2743 3565 vers.
2774 3512 2874 3582 190
2893 3553 2905 3571 .
2925 3513 3086 3565 omnis
3106 3516 3287 3566 adorat
3317 3513 3496 3575 Pubis.

1846 3579 1892 3642 C
1924 3579 2065 3648 eunt,
2087 3584 2320 3637 redeunt.
2341 3579 2548 3649 Quippe
2575 3590 2730 3650 negat
2755 3581 3044 3650 Giselinus,
3072 3583 3412 3638 Prudentium
3430 3586 3496 3640 ad

1926 3654 2364 3708 consuetudinem
2410 3662 2646 3706 veterum
2699 3655 3036 3717 resnexisse,
3069 3655 3157 3722 qui
3199 3654 3498 3713 istiusmodi

1924 3725 2283 3777 noorinativos
2322 3739 2413 3786 per
2457 3739 2509 3775 es
2558 3731 2613 3775 et
2642 3723 2685 3774 is
2745 3722 3025 3787 aliquando
3055 3726 3364 3780 extulerint.
3396 3726 3499 3780 Pro

1924 3795 2082 3861 impia
2125 3794 2237 3847 Pal.
2272 3792 2523 3854 improba.
2549 3793 2795 3846 Alberlus
2826 3794 2983 3863 Eyln,
3013 3796 3098 3856 qui
3133 3795 3184 3847 in
3217 3794 3494 3863 Margarita

1927 3866 2130 3933 poetica
2164 3864 2335 3918 locum
2372 3871 2562 3935 poetae
2593 3873 2776 3935 nostro
2804 3862 2984 3935 dedit,
3017 3863 3142 3930 legit
3189 3862 3349 3935 fames
3376 3866 3493 3920 ino-

1923 3935 2030 4005 pia,
2063 3935 2202 4005 quod
2228 3933 2477 3987 mendum
2507 3942 2596 4005 est
2610 3933 2832 3987 carmini
2853 3949 3188 4005 repugnans.

1995 4005 2117 4061 480.
2156 4004 2370 4070 Vienn.,
2394 4002 2661 4075 generabat
2679 4019 2777 4072 pro
2800 4003 2973 4058 edebat
2998 4019 3064 4060 ex
3095 4006 3272 4074 aliquo
3293 4005 3495 4062 insulso

1922 4077 2262 4145 glossemate.

1993 4147 2121 4202 481.
2148 4148 2202 4200 In
2232 4146 2349 4200 Rat.
2379 4160 2446 4201 ex
2485 4145 2702 4200 auaritia
2727 4146 2926 4200 recenti
2961 4160 3119 4200 manu
3146 4146 3342 4201 factum
3367 4165 3492 4202 aua-

1925 4218 2087 4283 rities,
2117 4215 2330 4270 lrustra.

1997 4289 2124 4342 (£84.
2153 4287 2206 4340 In
2242 4287 2360 4340 Put.
2384 4294 2436 4340 et
2456 4286 2616 4356 Ang.,
2642 4287 2973 4355 offendicula.
3006 4288 3105 4342 Alii
3130 4289 3318 4342 melius
3341 4290 3498 4357 o/fen-

1925 4360 2100 4412 sacula
2132 4374 2150 4411 :
2178 4373 2321 4421 nam,
2355 4367 2411 4411 ut
2433 4359 2682 4428 observat
2721 4357 2991 4424 Heinsius,
3027 4358 3112 4412 lex
3135 4359 3289 4412 metri
3325 4361 3518 4428 rejicit'

1929 4427 2274 4496 o/fendicula:
2306 4426 2443 4495 quod
2471 4429 2613 4482 enim
2645 4429 2782 4482 idem
2834 4437 3001 4495 putat,
3051 4426 3396 4483 Prudentium
3428 4431 3495 4485 de

1929 4500 2011 4552 his
2035 4515 2138 4552 non
2174 4499 2334 4552 luisse
2365 4497 2516 4551 valde
2539 4499 2857 4568 sollicitum,
2897 4500 2986 4568 qui
3011 4499 3240 4566 priorem
3270 4500 3318 4552 in
3347 4502 3496 4553 mitra

1927 4569 2265 4634 corripuerit.
2298 4578 2350 4622 et
2393 4570 2443 4622 itt
2472 4567 2702 4639 rubigine
2740 4567 2984 4637 primam,
3019 4569 3069 4622 id
3113 4584 3216 4622 non
3256 4580 3334 4624 cst
3365 4572 3495 4624 satis

1930 4639 2119 4693 idonea
2142 4654 2297 4693 causa
2322 4639 2385 4691 ad
2411 4638 2690 4693 lectionem
2725 4639 2923 4708 regulis
2951 4641 3273 4693 contrariam
3304 4641 3495 4693 admit-

1931 4709 2160 4773 tendam,
2185 4711 2368 4763 relicta
2399 4709 2604 4763 meliori
2632 4725 2644 4762 :
2679 4725 2850 4776 neque
2872 4710 3039 4778 prima
3069 4711 3120 4762 in
3143 4711 3290 4762 mitra
3314 4725 3495 4764 neces-

1931 4781 2072 4833 sario
2089 4789 2168 4832 est
2197 4779 2556 4847 producenda.
2589 4779 2924 4834 Cauchianus
2948 4780 3114 4835 codex
3149 4780 3308 4834 habet
3329 4798 3495 4835 srcum

1927 4867 2099 4902 errare
2129 4849 2274 4918 facit,
2306 4865 2409 4904 non
2435 4850 2575 4903 sinit.

2001 4919 2124 4974 487.
2151 4920 2206 4973 ln
2235 4919 2365 4972 Mar.
2397 4931 2512 4972 erat
2536 4921 2668 4987 quod
2697 4937 2808 4974 cum
2835 4922 2977 4989 petit.

1998 4990 2123 5044 491.
2155 4991 2316 5056 Ang.,
2340 4990 2498 5054 male,
2521 5007 2698 5044 auram
2729 5007 2821 5060 pro
2863 5007 3061 5043 aurum.

1999 5059 2126 5113 492.
2155 5061 2399 5114 Heinsius
2422 5062 2610 5116 iterum
2628 5078 2658 5116 e
2687 5059 2894 5116 duobus
2914 5059 3289 5115 vetustissimis
3315 5062 3496 5117 deten-

1932 5131 2061 5186 dere
2081 5139 2306 5184 conatur
2337 5130 2597 5199 peculator
2618 5143 2799 5186 contra
2822 5133 3066 5184 carminis
3095 5133 3253 5200 leges,
3280 5134 3496 5186 asserit-

1931 5217 2034 5271 que
2063 5203 2156 5262 vix
2197 5201 2372 5255 locum
2407 5202 2604 5256 habere
2635 5203 2936 5272 speculator.
2974 5200 3164 5256 Verum
3209 5220 3313 5257 non
3347 5203 3498 5259 video

1931 5287 2027 5326 cur
2060 5273 2105 5325 ei
2137 5288 2242 5327 non
2281 5272 2484 5340 placeat
2524 5271 2807 5342 Nebrissce
2830 5271 3226 5340 interpretatio:
3257 5274 3341 5342 qui
3367 5275 3498 5327 videt

1932 5358 2011 5396 res
2041 5344 2285 5407 pretiosas
2312 5343 2544 5398 incendio
2573 5343 2754 5408 perire.
2785 5341 2898 5395 lam
2927 5342 3126 5411 pridem
3156 5341 3422 5399 Ricciolus
3445 5345 3496 5398 in

1933 5412 2095 5483 indic.
2111 5413 2300 5483 syllab.
2327 5421 2656 5483 controvers.
2682 5412 2905 5477 monuit,
2933 5429 2994 5467 ex
3011 5429 3140 5470 mss.
3163 5413 3345 5479 codd.,
3365 5424 3498 5469 teste

1936 5481 2153 5553 Yossio,
2182 5483 2458 5552 legendum
2488 5481 2800 5553 speculator,
2836 5498 2940 5537 non
2972 5484 3252 5551 peculator.
3295 5485 3494 5550 Aldus,

1933 5552 2070 5617 Gis.,
2100 5552 2316 5617 Weitz.,
2348 5552 2675 5608 recentiores
2726 5561 2983 5622 praeterea
3010 5569 3130 5610 cum
3162 5555 3358 5611 nostris
3385 5569 3497 5609 om-

1932 5623 2088 5695 nibus
2115 5625 2270 5695 eodd.
2316 5624 2470 5695 Maia,
2507 5623 2658 5695 Rat”
2693 5622 2908 5695 “eum,
2956 5625 3135 5688 Alex..
3167 5628 3326 5695 Ang.,
3354 5625 3495 5680 Vatt.

1933 5694 1993 5756 C,
2024 5694 2087 5758 Ι),
2120 5693 2180 5758 F,
2215 5693 2279 5759 G,
2308 5695 2372 5759 ll,
2393 5693 2454 5766 L,
2481 5694 2545 5760 0,
2577 5693 2680 5764 BB,
2711 5693 2908 5753 habent
2929 5695 3233 5766 speculator.
3256 5693 3495 5764 Borion“

1936 5767 2207 5832 mendOSe,
2232 5765 2562 5834 speculatum.
