4068 6290
558 296 629 367 ιθ
1223 300 1227 306 ·
1676 288 1949 348 aunELu
1986 289 2180 361 psunt

2281 289 2354 349 ιιι
2390 288 2716 347 canum.
3769 293 3849 353 σο

735 412 906 471 Omne
926 392 1456 495 hominnmrapitilla
1479 421 1666 478 genus,
1681 405 1924 465 mortalia
1940 415 2130 461 cuncta
2156 406 2205 467 Α

740 506 977 576 Occupat
990 504 1207 561 interitu
1222 521 1236 558 :
1254 497 1576 572 nequeenim
1587 510 1669 555 est
1686 498 1967 555 violentius
1980 498 2143 553 ullum

568 597 675 655 495
751 596 1038 653 Terrarum
1068 596 1284 660 vitium,
1316 592 1459 665 quod
1493 592 1654 649 tantis
1700 591 1940 646 cladibus
1970 604 2142 645 aevum

758 688 1006 746 Mundani
1030 687 1262 743 involvat
1289 682 1492 757 populi,
1525 683 1846 755 damnetque
1867 682 2144 755 gehennae.

745 782 883 852 Quin
906 782 1049 853 ipsos
1072 789 1277 839 tentare
1296 794 1478 848 manu,
1500 777 1543 833 si
1566 776 1788 834 credere
1808 775 2023 849 dignum
2042 782 2144 840 est,

746 875 886 931 Ausa
915 872 1219 939 sacerdotes
1247 870 1457 927 Domini
1489 889 1502 923 :
1541 868 1631 942 qui
1660 868 1838 941 praelia
1868 864 2006 927 forte

744 966 899 1047 631
943 967 1203 1022 Ductores
1252 958 1475 1035 primam
1509 970 1632 1017 ante
1656 962 1826 1018 aciem
1857 975 1952 1033 pro
1986 958 2148 1014 laude

1798 1051 2079 1126 [gerebant

750 1150 1045 1216 Virtutum,
1075 1162 1375 1223 magnoque
1419 1146 1709 1218 implebant
1736 1143 1960 1201 classica
1998 1143 2147 1199 flatu.

754 1239 942 1296 Etlors
967 1240 1201 1301 innocuo
1232 1237 1470 1293 tinxisset
1493 1236 1748 1307 sanguine
1775 1233 1991 1300 ferrum,

574 1149 678 1208 500

746 1330 812 1387 Ni
838 1330 994 1387 Ratio
1013 1333 1362 1407 armipotens,
1386 1327 1562 1401 gentis
1588 1325 1850 1384 Levitidis
1876 1340 1978 1381 una

734 1424 973 1494 Semper
1022 1424 1123 1491 lida
1159 1438 1365 1488 comes,
1409 1421 1656 1494 clypeum
1706 1420 2051 1490 objectasset,
2093 1425 2149 1473 et

1901 1571 1908 1577 ,
1927 1510 2080 1585 [atrae

753 1593 930 1667 Hostis
952 1610 1018 1665 ab
1049 1611 1269 1665 incursu
1297 1608 1472 1665 claros
1495 1607 1717 1663 texisset
1745 1605 2015 1662 alumnos.

576 1702 681 1759 505
753 1701 907 1759 Stant
937 1700 1032 1756 tuti
1069 1698 1308 1757 Rationis
1330 1715 1451 1772 ope,
1485 1709 1629 1754 stant
1658 1697 1869 1753 turbine
1909 1700 1974 1751 ah
2000 1696 2148 1750 omni

2416 402 2705 471 Immunes,
2738 398 3012 468 fortesque
3040 399 3243 467 animi:
3276 401 3365 465 vix
3389 401 3440 469 in
3467 412 3594 467 cute
3614 417 3844 462 summa

2432 494 2815 565 Praesit-ingens
2841 507 3037 561 paucos
3069 493 3213 559 tenui
3242 493 3309 550 de
3331 495 3549 563 vulnere
3575 498 3729 561 lat-dit

2425 583 2617 654 CuSpis
2640 582 2911 652 Avaritiae,
2940 583 3143 653 stupuit
3161 583 3277 640 lues
3301 586 3566 656 improba,
3594 589 3771 645 castis

2432 679 2660 734 lleroum
2684 676 2883 749 jugulis
2911 677 3066 749 longe
3089 691 3183 731 sua
3217 676 3321 733 tela
3345 679 3539 749 repelli
3571 698 3586 735 :

2254 774 2359 830 510
2432 773 2677 843 Ingemit,
2702 780 2756 827 et
2781 769 2940 837 dictis
2961 769 3155 839 ardens
3184 770 3460 835 furialibus
3488 772 3631 829 inﬁt.

2430 865 2594 941 632
2619 862 2916 929 Vincimur,
2960 861 3093 917 heu!
3124 876 3343 937 segnes.
3384 878 3485 923 nec
3511 872 3697 943 nostra
3735 881 3845 934 po-

2418 1008 2421 1015 .
3345 955 3534 1030 [tentia
3558 957 3769 1029 perfert

2431 1048 2548 1107 Vim
2583 1048 2833 1119 solitam;
2869 1050 3081 1121 lapguet
3111 1049 3363 1113 violentia
3391 1066 3534 1117 saeva
3577 1050 3841 1119 nocendi,

2432 1142 2700 1202 Sucverat
2729 1142 2939 1200 invictis
2965 1159 3084 1213 quae
3113 1144 3318 1199 viribus
3338 1130 3518 1199 omnia
3548 1145 3751 1216 ubique

2428 1235 2697 1307 Rumpere
2724 1235 2886 1293 corda
2921 1235 3192 1301 hominum
3228 1253 3242 1291 ε
3284 1251 3384 1293 nec
3409 1237 3555 1303 enim
3585 1248 3695 1297 tam
3726 1237 3845 1294 fer-

3298 1330 3411 1405 [rea
3441 1347 3768 1404 quemquam

2259 1425 2362 1480 515
2433 1422 2702 1480 Formavit
2731 1432 2922 1481 natura
2946 1423 3142 1492 virum,
3163 1424 3314 1495 cujus
3343 1425 3488 1501 rigor
3515 1440 3627 1487 atra

2435 1514 2746 1585 Sperneret,
2761 1525 2851 1571 aut
2871 1525 3056 1573 nostro
3080 1517 3214 1575 foret
3234 1516 3660 1591 impenetrabilis
3684 1532 3845 1585 auro,

2437 1609 2710 1680 Ingenium
2740 1623 2899 1667 omne
2922 1610 3039 1667 neci
3084 1608 3351 1678 dedimus,
3375 1618 3586 1683 tenere.
3615 1626 3841 1683 aspera,

3625 1702 3810 1775 [dura,

1886 1786 2172 1849 GLOSS/E
2206 1789 2539 1847 VETERES.

646 1889 771 1945 «195.
806 1888 1074 1955 Mortalia,
1107 1887 1365 1955 homines,
1395 1887 1431 1940 Ι.

648 1959 768 2016 494.
810 1954 1121 2022 Violentius,
1148 1959 1351 2029 fortius,
1382 1954 1495 2024 lso,
1522 1956 1653 2012 Mar.

644 2033 769 2088 501.
802 2032 958 2101 Fors,
990 2028 1228 2101 forsitan,
1260 2028 1390 2101 Mar.

648 2102 771 2157 501.
800 2099 1084 2167 Alutuuos,
1116 2099 1275 2169 ωερε,
1303 2099 1342 2157 Ι.

650 2172 770 2227 505.
803 2169 945 2238 Τιιιὶ,
976 2167 1159 2225 securi.
1192 2200 1259 2209 —
1290 2171 1422 2236 Ope,
1454 2169 1736 2237 adjutorio,
1774 2167 1812 2220 I.

653 2243 777 2298 50⁸7.
810 2240 1037 2306 Paucos,
1070 2240 1135 2295 de
1160 2239 1427 2305 militibus,
1462 2238 1567 2293 lso.

659 2445 782 2501 495.
822 2443 1035 2508 Vienn.,
1064 2443 1224 2509 male,
1259 2457 1454 2496 omnem
1486 2440 1739 2495 hominem
1762 2442 1920 2508 rapit.

656 2516 781 2572 494.
808 2518 861 2570 1η
885 2515 1057 2585 vulg.,
1099 2529 1257 2585 neque
1287 2513 1421 2585 enim
1465 2523 1557 2585 est.
1596 2511 1845 2585 Heinsius
1872 2511 2161 2585 aliquando

587 2596 864 2656 putaverat
892 2581 1051 2656 neque
1080 2600 1137 2656 eo
1157 2581 1423 2638 uiolentius
1447 2584 1627 2636 ullum.
1654 2581 1843 2656 Postea
1867 2596 1932 2637 ex
1949 2581 2167 2656 scriptis

589 2652 1371 2729 agnovithiatujtaciscliuus,
1414 2669 1571 2724 neque
1597 2653 1728 2706 enim
1756 2662 1851 2722 est,
1882 2653 2023 2723 quod
2053 2655 2165 2723 pla-

596 2723 699 2784 ηέι.
732 2727 855 2783 Ald.
881 2736 934 2782 et
962 2723 1157 2781 Weitz.
1187 2741 1306 2779 cum
1339 2723 1494 2785 mss.,
1524 2740 1679 2788 neque
1701 2734 1790 2778 est.

678 2799 795 2853 197.
826 2798 886 2853 Si
912 2798 1112 2851 credere
1142 2796 1350 2867 dignum
1371 2804 1444 2849 est
1484 2808 1559 2867 ex,
1582 2794 1799 2865 Virgilio
1830 2809 1887 2849 ιιι
1921 2792 2168 2867 Georgio.

666 2871 791 2925 198.
827 2869 1053 2936 Erfurt.,
1084 2864 1274 2992 grtes,
1308 2880 1410 2920 non
1461 2864 1617 2932 male,
1649 2864 1746 2935 pro
1791 2869 1940 2935 forte.
1980 2864 2173 2921 Nescio

670 2958 694 2992 r
718 2938 970 2992 Nebrissa
1016 2939 1084 2992 du
1129 2937 1339 2991 itaverit
1363 2936 1429 2991 de
1469 2936 1660 2992 auibus
1685 2935 2054 2991 sacerdotibus
2082 2952 2172 2992 ve-

598 2954 694 2996 cur
718 2938 970 2996 Nebrissa
1016 2935 1339 2993 dubitaverit
1363 2936 1429 2991 de
1469 2936 1660 3005 quibus
1685 2935 2054 2991 sacerdotibus
2082 2952 2172 2992 ve-

599 3012 725 3066 teris
769 3011 902 3080 legis
927 3017 1076 3079 poeta
1110 3008 1395 3080 loquatur:
1429 3022 1549 3061 nam
1576 3006 1925 3061 clarissimum
1968 3015 2050 3062 est
2103 3006 2170 3062 de

597 3076 964 3160 sacerdotibus
980 3094 1145 3160 nova:
1167 3076 1298 3160 legis
1321 3091 1626 3160 sermonem
1651 3090 1771 3158 esse
1787 3118 1801 3141 ,
1826 3092 1947 3160 cum
1975 3146 1986 3159 .
1995 3092 2171 3160 pugna

596 3155 850 3206 virtutum
875 3160 929 3205 et
944 3150 1191 3205 vitiorum
1222 3145 1274 3201 in
1297 3149 1468 3201 anima
1490 3145 1790 3201 Christiana
1815 3145 2170 3203 describatur.

601 3224 669 3275 At
694 3221 1087 3275 Chamillardus
1116 3219 1181 3272 de
1210 3217 1573 3272 ecclesiastico
1614 3217 1800 3272 ordine
1846 3218 2172 3279 mentionem

602 3292 786 3347 haberi
832 3290 1097 3344 lubentius
1138 3296 1405 3352 autumat,
1452 3286 1595 3356 quod
1651 3287 1971 3342 Prudentius
2013 3289 2064 3342 in
2097 3289 2173 3342 lu-

602 3362 771 3416 xuriat
811 3373 986 3431 pugna
1018 3357 1379 3431 objurgaverit
1420 3356 1773 3431 [lispanorum
1824 3357 2175 3431 fastituipqui

603 3427 840 3487 consiliis
881 3427 1218 3485 sacerdotum
1258 3442 1364 3483 non
1395 3427 1857 3496 obtemperabant.
1915 3427 2174 3497 Equidem

603 3499 736 3556 nihil
765 3501 918 3556 ﬁdeo
946 3499 998 3555 in
1028 3513 1093 3556 ea
1117 3511 1290 3568 pugna
1317 3513 1382 3553 ex
1424 3512 1531 3567 quo
1554 3498 1707 3568 argui
1734 3500 1918 3568 possit,
1946 3498 2178 3553 Pruden-

605 3573 739 3628 tium
769 3571 1085 3643 objurgasse
1106 3570 1481 3643 Allispanorum
1526 3569 1720 3624 fastum
1741 3609 1754 3634 ,
1779 3578 1871 3623 aut
1915 3569 2177 3643 Hispanos

603 3640 950 3698 sacerdotum
971 3640 1207 3697 consiliis
1257 3655 1360 3695 non
1412 3641 1841 3709 obtemperasse,
1885 3641 1986 3694 nisi
2040 3640 2176 3695 forte

604 3714 744 3784 quod
760 3713 1189 3784 animadversum
1219 3720 1304 3767 est
1332 3710 1396 3784 ad
1414 3721 1624 3766 versum
1656 3711 1716 3784 5t
1726 3711 1777 3784 0.
1799 3712 1902 3784 Sed
1931 3711 2071 3765 aliud
2092 3719 2177 3765 est

606 3781 658 3839 in
681 3784 931 3873 Hispania
957 3783 1027 3873 ob
1056 3781 1292 3873 regionis
1309 3782 1608 3873 ubertatem
1637 3781 1888 3873 collocari
1910 3798 2177 3873 posseor-
2204 3807 2251 3873 ϐ

603 3871 754 3926 gena,
779 3853 846 3910 ut
865 3855 1075 3910 dicebat
1109 3853 1402 3926 Giselinus,
1433 3853 1671 3926 luant-int,
1704 3853 1843 3906 aliud
1875 3853 2015 3926 quod
2043 3853 2175 3926 Pru-

605 3923 816 3980 dentius
839 3926 1100 3978 luxuriam
1128 3923 1375 3992 Hispanis
1394 3923 1727 3992 potissimum
1749 3924 2171 3992 exproliraverit,

606 3996 872 4064 quodnon
900 3993 1001 4047 nisi
1028 3991 1614 4064 temereaiiirmabitur.
1640 3991 2032 4064 Chamillardus
2049 4008 2174 4047 vero

512 4088 515 4091 ν
608 4060 729 4118 cum
760 4064 963 4117 videret
1014 4062 1172 4130 vulgo
1197 4062 1355 4130 objici
1398 4060 1648 4125 Hispanis
1688 4061 1905 4127 fastum,
1941 4063 2177 4116 Pruden-

609 4134 761 4198 tium,
794 4134 861 4187 de
884 4133 1093 4187 luxuria
1123 4133 1449 4203 loquentem,
1482 4132 1865 4203 interpretatus
1893 4142 1975 4186 cst
2002 4134 2066 4187 ad
2102 4134 2179 4186 fa-

610 4212 752 4258 stum
800 4204 1151 4271 llispanorum
1195 4201 1524 4270 respexisse.
1567 4202 1726 4270 Atqui
1754 4201 1923 4257 fastus
1953 4207 2065 4258 sive
2092 4220 2181 4257 su-

612 4273 810 4340 perbia:
831 4274 1014 4329 vitium
1033 4288 1140 4327 non
1163 4287 1230 4328 eo
1250 4272 1368 4327 loco
1388 4288 1417 4326 a
1446 4271 1732 4327 Prudentia
1748 4273 2065 4342 exagitatur,
2084 4275 2178 4329 sc‘d

613 4344 819 4399 luxuria
845 4354 900 4399 et
927 4358 1045 4414 qua:
1073 4343 1196 4398 inde
1222 4352 1516 4414 nascuntur
1554 4343 1700 4407 vitia,
1728 4344 1904 4412 jocus,
1938 4345 2181 4412 petulan-

612 4416 705 4482 tia,
736 4413 966 4470 lascivus
993 4429 1162 4468 sutor.
1179 4413 1388 4469 Nemini
1415 4424 1592 4469 autem
1614 4415 1823 4469 venerit
1845 4415 1896 4467 in
1921 4426 2179 4478 mentem,

612 4484 729 4541 haec
758 4486 881 4540 vitia
913 4485 1270 4556 Hispanorum
1317 4484 1481 4556 fuisse
1511 4496 1601 4538 aut
1642 4498 1762 4539 esse
1792 4485 2032 4554 propria,
2058 4500 2181 4539 cunt

612 4556 664 4610 in
686 4556 934 4613 omnibus
963 4553 1115 4624 asque
1144 4553 1303 4609 terris
1323 4555 1683 4609 dominentur.
1710 4556 1821 4609 lmo
1844 4557 1933 4622 qui
1964 4570 2184 4624 geogra-

615 4626 800 4694 phicus
828 4626 1189 4681 institutiones
1218 4624 1466 4687 tradunt,
1498 4626 1739 4695 quamvis
1770 4625 1952 4681 faciles
1992 4627 2097 4680 sint
2128 4628 2181 4680 in

611 4697 757 4752 vitiis
809 4697 1215 4767 virtutibusque
1242 4711 1338 4764 pro
1368 4694 1519 4750 libitu
1556 4696 1842 4767 unicuique
1871 4699 2011 4766 genti
2046 4700 2184 4750 assi-

612 4767 836 4837 gnandis
867 4810 881 4832 ,
941 4775 1117 4822 tamen
1169 4766 1419 4821 virtutem
1473 4766 1700 4820 luxuriae
1757 4767 1980 4837 ejusque
2038 4770 2184 4823 vitiis

614 4836 957 4909 contrariam,
990 4837 1189 4892 nullius
1214 4837 1386 4909 gentis
1413 4836 2075 4909 propriamessejactaut.

844 4908 1043 4964 Widm.
1074 4921 1257 4976 supra,
1283 4907 1437 4975 primi
1461 4917 1578 4961 ante
1616 4907 1796 4961 aciem.
1822 4907 2005 4978 Neque
2033 4908 2085 4963 id
2108 4908 2187 4962 di-

702 4994 716 5031 ι
806 5017 821 5033 .

617 4989 821 5047 spltcet.

625 5049 815 5170 “ait”.
847 5048 973 5104 Post
1018 5049 1159 5104 hunc
1205 5061 1420 5103 versum
1464 5046 1595 5100 Mar.
1641 5055 1697 5102 et
1722 5048 1846 5103 Rat.
1887 5062 1988 5117 pro
2035 5048 2189 5103 titulo

744 5134 795 5170 ο.

670 5119 795 5172 otio.

692 5188 818 5257 502.
848 5187 1103 5244 Weitzius
1127 5203 1196 5245 ex
1232 5188 1303 5243 II.
1334 5187 1524 5257 Bergio
1553 5186 1822 5255 observat,
1856 5188 2081 5243 fortasse
2108 5189 2185 5242 al-
2216 5195 2265 5256 ι)

622 5256 807 5313 ludere
835 5267 1038 5329 poetam
1065 5261 1130 5315 ad
1168 5258 1428 5313 rationale
1450 5256 1766 5329 ’Mosaicum,
1794 5259 1934 5329 quod
1965 5269 2081 5314 erat
2129 5263 2180 5315 in

624 5337 841 5399 pectore
870 5328 1155 5398 pontiﬁcis,
1186 5343 1282 5385 suo
1310 5339 1502 5384 ornatu
1530 5327 1718 5383 induti.
1754 5327 1865 5399 Ego
1887 5330 2013 5384 nihil
2042 5330 2180 5384 aliud

624 5398 728 5453 hoc
758 5398 875 5454 loco
901 5402 1131 5468 reperio,
1172 5401 1270 5454 nisi
1313 5399 1656 5455 Prudentium
1688 5398 2181 5457 'eccl’esiasticorum

626 5468 780 5524 fama:
821 5470 1172 5532 consuluisse,
1201 5470 1359 5525 etiam
1398 5469 1526 5525 dum
1571 5469 1805 5524 avaritiae
1851 5472 2054 5526 crimen
2104 5472 2183 5526 eis

624 5539 960 5609 aliquatenus
997 5539 1199 5608 objicit.
1228 5540 1367 5596 Sane
1387 5541 1453 5596 de
1482 5540 1711 5608 ratione,
1744 5550 1798 5595 et
1833 5551 2031 5608 mente,
2065 5542 2185 5610 qui-

625 5610 725 5664 bus
753 5611 1059 5666 sacerdotes
1080 5610 1163 5663 sui
1181 5613 1443 5678 temporis
1483 5614 1823 5679 praestabant,
1868 5612 2029 5666 multa
2062 5626 2188 5668 vere

627 5688 840 5753 poterat
883 5681 1191 5753 prgdicare,
1223 5693 1340 5753 cum
1373 5682 1515 5753 nullo
1545 5692 1783 5753 tempore
1825 5681 2093 5737 doctiores
2134 5683 2186 5736 in

628 5750 867 5818 Ecclesia
896 5752 995 5809 viri
1034 5750 1328 5808 ﬂoruerint.
1370 5751 1465 5816 Qui
1498 5751 1597 5808 hac
1646 5750 1958 5825 tempestate
2006 5762 2187 5807 nostra

2334 1888 2459 1943 509.
2491 1889 2720 1960 Jugulis,
2750 1888 3057 1959 pectoribus,
3086 1888 3129 1960 l.

2334 1960 2459 2033 510.
2493 1959 2736 2033 l_ngetnit,
2767 1960 3084 2033 stupuil,_vel
3106 1959 3376 2033 ingemuit,
3412 1959 3449 2033 l.

2335 2030 2459 2085 515.
2494 2027 2787 2095 Formavit,
2820 2027 3046 2086 durauit.
3078 2027 3146 2071 -ἒ-
3168 2027 3355 2099 Rigor,
3388 2027 3605 2091 duritia,
3640 2029 3680 2082 I.

2330 2101 2457 2155 517.
2492 2101 2788 2172 Ingenium,
2818 2101 3398 2164 hominum—Tenen,
3422 2115 3624 2156 om
3644 2106 3843 2155 tamen

2260 2171 2409 2239 dicit,
2445 2172 2482 2226 ι.

1929 2289 2488 2386 comparamus.

2191 2443 2241 2502 Β
2271 2441 2486 2510 passim,
2521 2450 2575 2496 et
2604 2441 2825 2496 licenter
2855 2439 3110 2496 adversus
3151 2439 3572 2496 ecclesiasticum
3603 2439 3848 2496 ordinem

2274 2511 2710 2574 debacchentur,
2764 2510 3039 2567 Prudentii
3089 2512 3336 2579 exemplo
3393 2510 3603 2573 moniti,
3657 2511 3848 2566 mode-

2274 2585 2428 2639 etiam
2460 2582 2512 2639 in
2546 2584 2661 2654 ejus
2686 2583 2891 2637 ordinis
2922 2583 3064 2638 vitiis
3093 2582 3719 2707 objurﬁandis-poterant
3762 2583 3848 2639 di-

2274 2667 2440 2707 scere.
2492 2654 2782 2707 Avaritiam
2814 2669 2940 2707 vero
2986 2653 3245 2707 sacerdoti
3290 2669 3348 2706 us
3380 2662 3628 2707 tanquam
3661 2654 3848 2707 vitium

2271 2667 2440 2708 scere.
2492 2653 2782 2708 Avaritiam
2814 2669 2940 2708 vero
2986 2653 3348 2709 sacerdotibus
3380 2662 3628 2721 tanquam
3661 2654 3852 2708 vitium

2274 2739 2457 2779 eorum
2488 2726 2654 2794 magis
2685 2725 2951 2791 peculiare
2983 2726 3161 2793 plures
3187 2724 3469 2794 affingunt,
3513 2733 3663 2779 certe
3689 2724 3851 2780 vehe-

2274 2805 2483 2849 menter
2524 2793 2941 2865 reprehendunt.
2976 2794 3332 2866 Hieronymus
3363 2793 3489 2866 jure
3534 2808 3634 2866 suo
3661 2797 3850 2850 acrius

2277 2867 2328 2919 in
2358 2866 2630 2925 avaritiam
2669 2866 3148 2921 ecclesiasticarum
3180 2865 3464 2921 invehitur
3483 2865 3642 2933 epist.
3685 2866 3754 2921 52
3782 2866 3853 2923 ad

2276 2932 2626 3005 Nepotianum
2688 2936 2754 2992 de
2816 2937 2924 2991 vita
2965 2936 3281 2993 clericorum
3328 2945 3381 2993 et
3438 2932 3853 3005 monachorum,

2276 3004 2431 3076 quem
2463 3007 2885 3078 legerejuvahit.
2906 3006 3033 3062 Nam
3058 3006 3199 3077 quod
3217 3005 3542 3078 Ammianus
3580 3004 3674 3078 lib.
3706 3020 3854 3061 um

2277 3075 2689 3133 Ostentationem
2733 3075 3181 3145 cupiditatemque
3214 3076 3465 3131 Romanis
3505 3075 3854 3144 pontiﬁcibus

2275 3149 2458 3202 smculi
2493 3164 2539 3201 tv
2569 3148 2770 3217 objicit,
2803 3147 2853 3202 id
2885 3148 2950 3202 ab
2982 3148 3197 3203 homine
3220 3148 3435 3202 ethnico
3472 3147 3758 3201 confictum
3787 3148 3855 3202 li-

2275 3227 2425 3287 quet,
2472 3230 2526 3271 ut
2559 3219 2865 3274 detraheret
2912 3220 3233 3283 auctoritati,
3261 3235 3360 3287 qua
3389 3217 3653 3284 potiuntur
3693 3227 3856 3273 teter-

2278 3304 2357 3342 na:
2388 3289 2874 3361 rtrhisepiswpi,ut
2906 3290 3262 3361 loquiturlih,
3297 3305 3385 3342 xv.

2350 3359 2473 3413 905.
2502 3358 2728 3420 Erfurt,
2764 3359 3173 3433 objectaret;sed
3203 3359 3498 3433 objectassel
3525 3358 3701 3427 poscit
3728 3373 3858 3414 sen-

2278 3444 2388 3496 sus,
2423 3440 2476 3484 et
2500 3440 2680 3498 postea
2711 3432 2950 3500 sequitur
2971 3432 3191 3485 texisset.

2352 3502 2476 3557 506.
2509 3500 2690 3565 Fuld.,
2719 3503 2972 3571 fortesque
3000 3503 3194 3567 opinio;
3224 3500 3519 3571 elegantius
3553 3510 3638 3556 est
3665 3502 3856 3571 guimi.

2350 3572 2476 3626 507.
2516 3570 2760 3626 Meliores
2799 3572 3092 3637 Ileinsiani,
3137 3570 3405 3633 Barthius,
3443 3573 3619 3641 Egm.,
3670 3570 3855 3638 Fuld.,

2279 3641 2504 3705 Widm.,
2531 3644 2892 3711 prwstringens
2931 3658 3048 3696 cum
3083 3643 3227 3704 Rat.,
3256 3644 3408 3708 cujus
3429 3641 3605 3711 glossa
3635 3653 3720 3696 est
3760 3660 3855 3709 pa-

2280 3728 2394 3765 rum
2438 3715 2730 3779 vulnerans,
2771 3711 3021 3782 Weitziu,
3068 3721 3123 3767 et
3148 3713 3288 3767 aliis.
3327 3713 3474 3779 ΑΜ..
3504 3713 3644 3783 Gis.,
3688 3712 3856 3783 Ang.,

2284 3783 2533 3854 Marictt.,
2592 3784 2707 3837 Vat.
2779 3783 2841 3837 C.
2899 3784 3132 3852 aliique,
3174 3784 3534 3854 perstringens.
3584 3782 3860 3839 Utrolibet

2281 3853 2441 3907 modo
2481 3862 2628 3910 recte
2654 3854 2873 3918 dixeris,
2921 3863 2974 3908 et
3002 3853 3225 3909 fortasse
3253 3853 3571 3909 Prudentius
3600 3854 3709 3908 alio
3739 3855 3859 3908 loco

2280 3925 2734 3997 pra’stringo_,alio
2763 3924 3049 3997 perstringo
3077 3923 3308 3997 scripsit,
3338 3935 3395 3979 ut
3417 3924 3557 3997 nihil
3582 3924 3767 3997 dicam
3790 3925 3863 3997 de

2278 3994 2699 4060 exscriptnribus
2727 3994 2886 4049 ciiam
2912 3994 3309 4058 vetustissimis,
3343 3994 3430 4064 qui
3465 3995 3666 4065 schius
3722 3995 3859 4049 scri-

2281 4064 2441 4119 bendi
2472 4066 2732 4119 rationem
2760 4065 3017 4120 arbitratu
3048 4079 3145 4120 suo
3174 4064 3553 4121 reformabant.

2353 4136 2479 4206 508.
2511 4135 2732 4196 Vienn..
2783 4138 2956 4206 cassis,
2978 4136 3229 4191 mendum
3272 4151 3367 4206 pro
3408 4136 3581 4190 castis.
3618 4135 3695 4190 De
3748 4137 3862 4189 lues

2281 4205 2397 4260 sive
2421 4205 2671 4276 liuisrvide
2696 4221 2838 4260 vers.
2863 4205 2968 4262 479
2996 4207 3049 4260 in
3071 4207 3247 4276 fames.

2353 4275 2475 4348 510.
2510 4274 2685 4348 Eulil.,
2718 4278 2913 4348 inquit;
2938 4274 3137 4348 emtcri,
3160 4278 3293 4348 inﬁt.

2352 4346 2477 4401 511.
2511 4344 2803 4412 Giselinus,
2832 4363 2951 4403 cum
2983 4347 3105 4402 Ald.
3129 4357 3181 4400 ct
3207 4344 3295 4401 ed.
3326 4344 3703 4400 Daventriensi
3738 4361 3865 4413 pro:-

2284 4419 2381 4543 ΕΗ
2413 4417 2602 4471 melius
2632 4429 2777 4485 putat
2819 4433 2973 4487 quam
3022 4420 3231 4490 perfert.
3264 4415 3371 4472 Sed
3402 4414 3572 4470 Aldus
3602 4415 3862 4482 Weitzio,

2335 4488 2521 4543 einsio.
2555 4500 2606 4542 et
2635 4488 2760 4541 tuihi
2789 4490 2861 4542 ait
2893 4491 3097 4543 perfert.
3149 4487 3258 4541 lloc
3305 4502 3516 4543 quoque
3572 4501 3862 4543 argumen-

2335 4488 2521 4553 einsio,
2555 4500 2606 4559 et
2635 4488 2760 4541 mihi
2789 4490 2861 4542 ait
2892 4491 3097 4559 perfert.
3117 4487 3126 4490 ’
3149 4487 3258 4559 lloc
3305 4502 3516 4559 quoque
3572 4501 3867 4559 argumen-

2287 4570 2395 4615 tum
2444 4568 2523 4611 est
2555 4558 2782 4629 duplicis
2827 4556 3077 4614 editionis
3112 4556 3869 4629 Aldinae.ﬂeruaneitzius

2286 4643 2425 4684 nunc
2455 4627 2738 4683 lectionem
2770 4629 3011 4683 eamdem
3037 4644 3098 4682 ac
3120 4643 3216 4682 nos
3246 4627 3621 4693 eshibct,aliis
3652 4627 3706 4680 in
3732 4628 3870 4682 locis

2287 4700 2573 4753 diversam.
2609 4701 2763 4767 Smpe
2789 4699 3000 4769 quidem
3048 4698 3260 4764 accidit,
3306 4698 3533 4766 aliquam
3573 4697 3868 4769 lectionem

2288 4769 2498 4825 cuidam
2528 4770 2731 4824 auctori
2762 4767 2999 4835 attribui,
3022 4769 3172 4838 cujus
3198 4784 3322 4824 vere
3343 4781 3448 4821 non
3472 4775 3554 4822 est
3582 4785 3594 4819 :
3630 4767 3730 4838 sed
3752 4770 3872 4836 ejus

2290 4854 2481 4894 nomen
2514 4840 2729 4905 excidit,
2756 4855 2875 4894 cum
2907 4840 3044 4895 alius
3080 4837 3221 4895 esset
3273 4840 3650 4893 nominandus.
3692 4837 3873 4893 Weit-

2289 4911 2403 4965 zius
2444 4910 2604 4966 habet
2642 4914 2795 4979 refert
2817 4925 2937 4965 cum
2977 4908 3177 4964 Widm.
3226 4909 3281 4964 ln
3331 4907 3508 4979 Fuld.,
3537 4908 3776 4979 profert;
3818 4912 3871 4964 iu

2290 4980 2516 5047 Cauch.,
2568 4978 3121 5055 prtefert._lleinsiani
3176 4978 3597 5055 omnes_,_Fabr.
3659 4978 3869 5035 Widm.

2291 5066 2475 5121 supra,
2506 5048 2685 5106 πόειτῖ
2708 5051 2963 5122 Plerique,
3003 5051 3211 5122 perfert,
3240 5049 3380 5121 quod
3419 5048 3553 5103 bene
3572 5064 3694 5102 cum
3743 5065 3874 5103 sm-

2294 5122 2457 5177 tentia
2490 5122 2745 5191 procedit.

2360 5187 2741 5260 513.'Erfurt.,
2775 5193 2893 5247 Vat.
2922 5190 2963 5245 C
2985 5206 3014 5244 a
3046 5189 3214 5260 prima
3241 5190 3662 5256 manu,duravit.
3682 5187 3740 5241 In
3770 5192 3783 5240 l
3808 5206 3877 5245 oc

2298 5263 2410 5316 Vat.
2462 5278 2619 5331 supra
2654 5264 2909 5332 formavit.
2945 5262 3213 5316 Giselinus
3235 5261 3298 5315 ad
3328 5275 3500 5326 oram,
3546 5260 3777 5313 duravit.
3819 5264 3874 5314 lu

2292 5332 2475 5397 Fuld.,
2506 5334 2649 5402 vigor
2677 5351 2801 5388 (rm.
2828 5332 3109 5386 Giselinus-
3138 5347 3201 5386 ex
3247 5332 3510 5403 plerisque
3554 5344 3685 5383 mss.
3722 5345 3875 5399 pra:-

2290 5405 2388 5473 fert
2412 5400 2594 5473 rigor':
2622 5418 2742 5457 nam
2762 5404 2891 5457 dura
2917 5404 3097 5472 rigere,
3130 5417 3235 5456 non
3249 5400 3716 5473 ἰοὶςιωηεξᾴἰιειιιιιιιι-⁹

2360 5470 2486 5527 5171
2524 5473 2754 5528 imitatio
2798 5470 3027 5527 Maronis
3060 5486 3115 5527 ιιι
3156 5470 3386 5542 (ἶθοιέ.ἱ
3419 5470 3483 5523 Et
3523 5486 3678 5541 genus
3716 5486 3878 5526 omne

2293 5544 2405 5597 neci
2428 5544 2681 5612 pecudum
2715 5545 2868 5608 dedit,
2915 5559 3062 5596 omne
3092 5545 3340 5613 ferarum.
3366 5541 3693 5613 Sententiam
3716 5556 3879 5613 eam-

2291 5614 2410 5668 dem
2440 5617 2718 5683 amplexus
2748 5623 2830 5668 est
2861 5612 3104 5667 Horatius
3136 5614 3229 5667 lib.
3273 5628 3332 5681 ιι,
3367 5627 3612 5666 sermone
3638 5612 3675 5665 ὃ
3703 5612 3875 5664 :0m--

2293 5682 2543 5756 nisenim
2557 5700 2662 5756 res,
2697 5684 2897 5756 l’irtus,
2929 5686 3088 5756 fonto,
3114 5685 3285 5751 decus,
3336 5682 3507 5736 divina
3533 5684 3881 5750 humanaque

2293 5754 2518 5823 pulchris
2548 5753 2747 5809 Divitiis
2775 5753 2972 5827 parent.
