4066 6296
176 351 252 407 so
929 329 932 331 λ
1572 355 2118 416 PSYCHOMACHIA.
3411 373 3479 435 φο

379 469 600 532 Terror,
629 476 686 522 et
705 466 907 522 avulsis
930 466 1185 522 ealibulat
1213 467 1305 522 ilia
1321 467 1489 536 zonis,

377 557 558 612 Vestis
587 558 652 611 ad
684 571 853 628 usque
885 557 1046 627 pedes
1079 558 1407 614 descendens
1432 561 1613 617 deﬂuit
1633 563 1788 629 imos,

380 641 734 722 Temperatet
757 651 995 720 rapidum
1021 654 1223 722 privata
1255 655 1509 711 modestia
1525 672 1787 727 gressum.

379 743 726 798 Cornicinum
749 758 909 797 curva
941 759 1045 798 mra
1069 744 1229 799 silent
1255 762 1267 798 :
1302 747 1572 815 placabilis
1606 750 1793 819 implet

381 835 640 904 vaginam
672 834 880 904 gladius
907 852 918 888 :
951 835 1134 890 sedato
1174 846 1228 891 et
1257 840 1472 906 pulvere
1493 829 1666 910 campi

377 927 524 983 Suda
557 929 697 983 redit
727 927 891 982 facies
921 927 1134 997 liquidae
1157 930 1271 984 sine
1288 931 1425 985 nubo
1451 931 1578 997 diei,

383 1022 713 1090 Purpuream
744 1020 930 1076 videas
949 1024 1073 1078 coeli
1104 1021 1399 1079 clarescere
1431 1024 1625 1079 lucem.

379 1112 542 1183 642
574 1112 798 1181 Agmina
825 1121 971 1166 casta
1003 1129 1164 1184 super
1212 1116 1413 1170 vultum
1442 1129 1662 1172 sensere
1688 1116 1791 1171 To-

1519 1209 1720 1281 [nantis

385 1299 636 1354 Arridere
663 1297 884 1363 hilares,
915 1297 1066 1366 pulso
1085 1299 1398 1367 certamine,
1435 1309 1647 1367 turma},

382 1391 444 1444 Et
475 1390 746 1443 Christum
777 1389 1012 1457 gaudere
1039 1390 1148 1444 suis
1179 1391 1463 1446 victoribus
1491 1406 1614 1446 arce

394 1480 647 1545 .-litheris,
673 1496 735 1535 ac
753 1482 980 1551 patrium
1002 1481 1211 1537 famulis
1224 1483 1432 1553 aperire
1447 1483 1784 1552 profundum.

384 1576 478 1627 Dat
506 1575 719 1644 signum
750 1572 874 1627 felix
897 1573 1216 1639 Concordia,
1239 1574 1465 1630 reddere
1491 1576 1682 1628 castris

383 1666 638 1720 Victrices
667 1666 890 1734 aquilas,
923 1675 1080 1735 atque
1112 1668 1160 1719 in
1191 1668 1416 1720 tentoria
1448 1669 1587 1737 cogi.

379 1759 659 1828 Nunquam
686 1769 827 1812 tanta
853 1759 948 1812 fuit
969 1759 1196 1827 species,
1223 1775 1318 1814 nec
1351 1775 1445 1829 par
1500 1761 1662 1816 decus
1690 1762 1784 1816 ulli

383 1851 598 1910 Mlitiaa.
634 1866 753 1904 cum
785 1850 1059 1920 dispositis
1084 1849 1240 1905 bifida
1267 1854 1476 1920 agmina
1505 1854 1658 1922 longe

382 1945 608 2000 Duceret
631 1945 925 2011 ordinibus,
972 1945 1202 2014 peditum
1247 1947 1506 2014 psallente
1549 1956 1780 2013 caterva,

377 2042 473 2093 A51
501 2041 600 2093 alia
624 2040 693 2092 de
720 2040 1134 2109 parteequitum
1147 2040 1521 2095 resonantibus
1551 2041 1779 2112 hymnis.

196 2131 304 2187 $0
379 2133 491 2186 Non
517 2134 676 2187 aliter
698 2133 890 2188 cecinit
914 2144 1220 2201 respectans
1250 2133 1420 2189 victor
1443 2135 1675 2191 hiantem

380 2225 538 2278 Israel
573 2225 774 2279 rabiem
805 2225 950 2294 ponti
981 2233 1098 2294 post
1130 2234 1276 2295 terga
1304 2227 1545 2294 minacis,

374 2317 504 2370 Cum
527 2316 635 2386 jam
664 2316 1008 2386 progrediens
1037 2317 1271 2372 calcaret
1297 2318 1471 2372 littora
1497 2320 1640 2375 sicco

381 2407 638 2463 Ulteriora
668 2408 822 2477 pede,
849 2407 1186 2477 stridensque
1228 2424 1323 2479 per
1375 2410 1580 2466 extima
1618 2412 1778 2469 calcis

177 651 289 706 635

186 1112 296 1166 (ὶἱο

193 1663 300 1719 615

1817 478 1871 537 Α

1816 1861 1866 1924 Β

2079 475 2226 530 Mons
2256 486 2437 531 rueret
2449 476 2730 545 pendentis
2744 495 2919 550 aquae,
2949 483 3234 556 nigrosque
3261 487 3478 558 relapso

1901 568 2006 621 655
2084 565 2303 637 Gurgite
2317 568 2569 624 Nilicolas
2595 569 2755 624 fundo
2784 571 3143 643 deprenderet
3171 577 3297 644 imo,

2071 657 2230 730 653
2257 660 2334 716 Ac
2354 661 2608 718 reﬂuente
2638 663 2759 720 sinu
2799 666 2909 736 jam
2933 668 3180 726 redderet
3220 671 3355 726 unda
3388 686 3478 728 na-

3212 761 3400 832 [latum

2074 841 2334 907 Piscibus,
2367 854 2421 900 et
2442 847 2611 903 nudas
2635 865 2873 919 praeceps
2901 854 3139 922 operiret
3175 869 3384 910 arenas.

2071 933 2303 990 Pulsavit
2331 951 2524 994 resono
2541 941 2865 999 modulantia
2889 954 3142 1015 tympana
3170 947 3372 1016 plectro

2069 1029 2245 1086 Turba
2290 1031 2412 1101 Dei,
2468 1036 2999 1108 celebransmirnm,
3029 1058 3091 1100 ac
3126 1046 3474 1104 memorabile

3204 1135 3402 1206 [smclis

2068 1211 2460 1282 Omnipotentis
2487 1232 2640 1287 opus,
2673 1219 2898 1290 liquidas
2928 1223 3066 1279 inter
3097 1227 3228 1282 freta
3260 1230 3401 1298 ripas

2073 1303 2345 1361 Fluctibus
2367 1308 2567 1375 incisis,
2599 1320 2653 1365 et
2675 1314 3001 1370 subsistente
3025 1319 3255 1386 procella

2068 1395 2341 1466 Crescere,
2367 1416 2759 1474 suspensosque
2786 1408 2974 1477 globos
3019 1412 3256 1478 potuisse
3278 1417 3466 1470 teneri.

2069 1489 2177 1555 Sic,
2202 1505 2501 1562 espugnata
2519 1496 2764 1552 vitiorum
2796 1510 2972 1567 gente,
2994 1503 3254 1557 resultant

2069 1583 2285 1655 Mystica
2314 1587 2634 1644 dulcimodis
2663 1591 2912 1648 virtutum
2953 1596 3185 1649 carmina
3229 1597 3466 1666 psalmis.

2073 1679 2503 1738 Ventumeratad
2541 1684 2720 1740 fauces
2737 1698 2902 1756 portze
2941 1685 3248 1757 castrensis,
3279 1694 3366 1748 ubi
3389 1710 3468 1748 ar-

3250 1795 3392 1840 ctum

3250 1795 3392 1840 ctum

2071 1860 2288 1917 Liminis
2313 1863 2583 1920 introitum
2614 1866 2766 1921 bifori
2797 1869 2924 1923 dant
2968 1872 3184 1928 cardine
3211 1783 3465 1931 cIIaustra.

2066 1952 2309 2008 Nascitur
2334 1954 2418 2010 hic
2447 1956 2657 2025 in0piua
2686 1958 2812 2012 mali
2844 1959 3206 2029 laerymabilis
3231 1978 3348 2021 astu

2065 2047 2394 2115 Tempestas,
2429 2049 2644 2116 placida:
2690 2052 2946 2108 turbatrix
2977 2055 3148 2110 invida
3181 2057 3352 2125 Pacis,

2063 2140 2190 2208 Qua:
2213 2149 2414 2194 tantum
2447 2142 2618 2195 subita
2676 2154 2891 2198 vexaret
2932 2146 3082 2202 clade
3113 2151 3456 2221 triumphum.

2064 2232 2207 2288 Inter
2227 2233 2495 2289 confertos
2519 2249 2720 2291 cuneos
2743 2239 3036 2295 Concordia
3063 2241 3222 2309 forte,

2012 2396 2019 2405 _
2065 2326 2199 2380 Dum
2229 2327 2418 2395 stipata
2448 2328 2630 2391 [sedem
2656 2331 2764 2397 jam
2796 2332 2922 2388 tutis
2967 2336 3230 2390 mamilius
3284 2338 3459 2404 infert,

2071 2417 2282 2486 Excipit
2311 2419 2576 2474 occultum
2599 2420 2709 2475 vitii
2736 2421 2986 2479 latitantis
3007 2425 3075 2481 ab
3103 2426 3210 2482 ictu

1895 1211 1998 1266 660

1891 1678 1995 1734 665

1887 2232 1990 2287 670

1477 2549 1761 2607 GLOSSAB
1801 2547 2144 2610 VETERES.

424 2664 538 2736 ilia,
565 2663 818 2717 intestina.
845 2691 913 2736 έ-
936 2661 1118 2736 zonis,
1146 2664 1382 2736 cingulis,
1420 2665 1458 2720 Ι.

263 2733 392 2787 655.
427 2734 658 2804 Privata,
689 2735 943 2804 specialis,
977 2735 1016 2788 Ι.
1232 2733 1246 2736 ⁷
1375 2789 1382 2800 ,

264 2804 391 2858 656.
419 2803 784 2877 Corniciuum,
838 2805 971 2859 tuba:
1025 2807 1172 2860 silent
1199 2822 1217 2861 :
1250 2806 1408 2877 gladii
1435 2806 1778 2861 reconduntur

195 2875 242 2925 in
277 2877 508 2945 saginas,
540 2876 578 2929 Ι.

261 2945 391 3000 658.
423 2948 583 3008 Suda,
613 2964 808 3019 serena.
836 2976 905 2987 -—
925 2947 1049 3003 Sine
1102 2948 1242 3003 nube
1267 2947 1393 3016 diei,
1439 2950 1776 3019 perturbatio-

194 3015 309 3076 nis;
335 3019 445 3071 sine
472 3019 720 3082 vindicta;
743 3017 848 3072 dies
876 3020 979 3072 diei
1000 3029 1192 3072 eructat
1222 3015 1449 3086 uerbum,
1495 3020 1536 3074 l.

253 3086 768 3212 659.lPurpuream,
799 3090 1039 3144 uirtutum
1061 3091 1188 3160 legio
1217 3092 1425 3161 gaudet,
1465 3092 1594 3144 uicto
1616 3101 1774 3145 certa-

253 3173 351 3212 me.
417 3199 430 3210 .

195 3172 351 3224 mine,
393 3172 430 3212 ι.

194 3227 393 3350 “3645.
455 3228 776 3284 Profundum
808 3275 823 3302 ,
875 3232 1237 3298 altitudinem,
1278 3230 1318 3286 l.
1353 3231 1729 3286 Sublimitatem
1758 3274 1770 3297 ,

276 3315 322 3350 r.

276 3315 322 3353 r.

1883 2667 2075 2792 “6:6.
2109 2667 2408 2792 Ntinquam,
2437 2677 2616 2724 turma:
2641 2671 2967 2740 psallentium
2985 2675 3227 2741 equitnm,
3260 2693 3320 2732 ac
3374 2695 3460 2750 pe—

1947 2755 1968 2791 s
1996 2755 2145 2792 rium.
2201 2777 2215 2792 .

1919 2748 2145 2802 estrium,
2176 2748 2215 2792 Ι.

1950 2810 2074 2881 647.
2110 2809 2297 2873 Bilida,
2330 2811 2470 2872 bina,
2500 2809 2540 2862 l.
3510 2871 3518 2881 ε

1949 2879 2072 2955 (iiii.
2105 2881 2279 2955 Ponti,
2311 2882 2576 2955 maris_.‘—
2604 2882 2843 2955 Minacis,
2867 2887 3294 2955 perturbationem
3331 2907 3460 2946 sem-

1879 2966 1968 3020 per
1984 2951 2321 3004 imminentem
2341 2951 2619 3021 signiﬁcat,
2646 2953 2682 3007 1.

1950 3022 2074 3076 655.
2110 3021 2340 3086 Extima,
2368 3023 2643 3088 exteriora,
2683 3023 2721 3076 l.

2089 3091 2837 3172 Nilicolas,.lz‘ggptiacos,_qui
2864 3094 3040 3172 Nilum
3059 3099 3244 3154 colunt.
3283 3100 3455 3172 digg-

1878 3162 1974 3235 ptii
1989 3164 2291 3235 signiﬁcant
2316 3162 2506 3235 diaboli
2522 3160 2894 3235 instigationes,
2941 3166 2981 3220 Ι.
3362 3160 3369 3171 ’

1947 3233 2068 3309 656.
2106 3235 2277 3309 _l_lnda,
2308 3233 2474 3302 gratia
2503 3233 2690 3309 dii-ina,
2723 3253 2809 3309 per
2831 3253 2982 3307 quam
3009 3251 3287 3309 evaserant,
3345 3242 3450 3298 lso.

1948 3304 2073 3359 665.
2106 3303 2398 3366 llesultant,
2448 3303 2786 3371 exsultant,'l.

431 3370 556 3436 Dat,
593 3371 866 3459 concordia
885 3373 1031 3445 jubet
1073 3374 1314 3428 reducere
1347 3357 1531 3428 vexilla
1586 3375 1638 3427 in
1691 3390 1775 3427 τα·
1801 3389 1847 3453 ρ
2102 3375 2256 3459 éstu,
2291 3357 2544 3459 μήθ,υεί
2571 3357 2784 3459 astutia,

430 3512 664 3583 Aquilas,
694 3505 899 3568 uexilla.
927 3543 997 3555 —
1017 3513 1179 3585 Cogi,
1212 3516 1532 3585 congregari,
1566 3516 1606 3568 Ι.

1948 3444 2072 3515 668.
2108 3442 2438 3515 Tempestas,
2475 3449 2774 3515 persecutio,
2805 3446 2845 3502 l.

1939 3513 2063 3571 671.
2095 3513 2316 3586 Stipata,
2343 3513 2673 3582 circumdata,
2700 3515 2738 3572 l.

1543 3651 2094 3710 COMMENTARIUS.

255 3773 393 3829 635.
424 3773 526 3827 Pro
554 3771 826 3841 exﬁbulare
853 3772 1027 3828 solum
1057 3769 1406 3828 Prudentium
1433 3771 1611 3827 laudat
1639 3761 1770 3827 For-

189 3845 444 3899 cellinus.
475 3844 650 3897 Otium
676 3844 964 3898 indicatur.

253 3917 394 3975 6.3L
421 3913 668 3967 Weitzius
690 3929 809 3967 cum
839 3913 1067 3979 Gifanio,
1091 3914 1240 3967 vestis
1266 3920 1312 3968 et
1354 3929 1510 3980 usque
1538 3928 1642 3967 non
1685 3929 1772 3967 ve-

189 3989 272 4040 stis
295 3988 372 4037 ad
408 4001 578 4054 usque.
605 3984 843 4039 Gifanius
872 3985 1035 4038 verbo
1059 3985 1306 4038 DISCINDO
1349 3984 1593 4045 afllrmat,
1615 4001 1771 4053 usque

188 4071 279 4128 pro
312 4056 396 4107 ad
426 4071 580 4128 usque
604 4055 1030 4128 elcganterdici;
1081 4063 1134 4109 et
1163 4057 1326 4128 verbo
1344 4055 1536 4128 Vi-zsrts
1553 4056 1768 4128 asserit,

188 4125 408 4182 veteres
425 4125 494 4179 ita
519 4140 797 4192 usurpasse
813 4127 963 4196 cujus
983 4127 1245 4196 ignoratio
1275 4126 1519 4180 mendum
1550 4126 1599 4179 in
1635 4125 1771 4180 Pru-

186 4199 378 4252 dentio
411 4199 691 4267 pepererit.
718 4195 973 4267 Displicet
998 4196 1049 4251 id
1079 4195 1317 4264 Heinsio,
1349 4199 1448 4252 nec
1493 4196 1621 4252 mihi
1643 4210 1771 4252 Sane

221 4271 394 4322 iacet.
898 4288 901 4292 -

186 4285 395 4394 Ριὶρξὸξ.
431 4337 650 4402 Erlurt.,
682 4346 924 4407 temperat
947 4347 990 4392 et
1015 4337 1267 4392 rabidum.

252 4411 395 4463 637.
427 4407 710 4473 Giselinus,
737 4410 912 4462 sedato
952 4409 1157 4479 pulvere
1178 4409 1293 4464 sine
1324 4417 1389 4460 et.

256 4482 397 4535 658.
431 4479 487 4531 1η
514 4479 641 4542 Erf.,
675 4481 844 4544 nuda;
876 4479 938 4532 ad
964 4495 1156 4547 marg.,
1185 4481 1334 4532 suda.

247 4553 395 4605 650.
411 4549 464 4602 ln
497 4550 758 4621 nonnullis
771 4549 915 4621 vulg.
935 4551 1138 4621 agmina
1151 4560 1288 4603 casta
1301 4550 1596 4612 simul,cum
1612 4549 1761 4618 Egm.

249 4623 399 4676 ese.
427 4619 766 4690 Apocalypsis
788 4619 946 4687 παίει
970 4619 994 4674 ἐ
1031 4621 1132 4686 Qui
1161 4622 1334 4675 vicerit
1366 4621 1496 4674 dabo
1528 4621 1570 4672 ei
1601 4623 1771 4674 sedere

183 4707 386 4746 meum
411 4691 461 4742 in
493 4691 666 4743 throno
694 4693 990 4745 meo:sicut
1040 4700 1086 4744 et
1137 4706 1229 4760 ego
1269 4693 1388 4755 vici,
1435 4701 1478 4744 et
1509 4691 1617 4744 sedi
1657 4705 1770 4744 cum

185 4763 349 4816 Patre
388 4777 495 4812 meo
520 4763 567 4812 in
592 4766 771 4813 throno
789 4764 914 4827 eius.
945 4763 997 4814 In
1032 4761 1162 4816 Mar.
1189 4771 1240 4814 et
1265 4763 1445 4826 Alex.,
1487 4777 1621 4825 arce,
1648 4775 1770 4815 cum

184 4834 365 4888 tribus
397 4831 1039 4902 veterrimisﬂlleiusianis,
1081 4832 1220 4901 quod
1264 4833 1481 4902 placet:
1532 4835 1631 4886 hoc
1667 4842 1768 4893 est,

184 4906 231 4957 in
258 4918 402 4957 arce
431 4902 662 4956 aetheris.
690 4901 932 4957 Heinsius
963 4904 1141 4956 nescio
1170 4901 1576 4972 cursuspicatur
1604 4919 1766 4968 arces,

184 4991 298 5028 cum
339 4973 542 5026 haheat
565 4988 730 5025 arcem
761 4973 1128 5043 inplerisque.
1149 4974 1416 5039 Barthius,
1440 4975 1532 5028 lib.
1568 4989 1617 5039 v,
1648 4989 1766 5042 cap.

185 5047 267 5110 12,
305 5045 443 5112 legit
472 5052 743 5114 arcem,“
782 5042 930 5097 affert
957 5042 1208 5113 glossam,
1262 5045 1312 5098 id
1349 5052 1429 5099 est
1478 5045 1763 5114 imperium.

249 5116 390 5169 (H5.
421 5112 567 5179 Ald,
590 5112 776 5177 Fabr.,
804 5112 1036 5184 portum;
1057 5122 1111 5168 et
1154 5115 1402 5169 Nebrissa
1457 5112 1766 5182 interpreta-

181 5199 259 5239 tur
288 5200 402 5253 pro
420 5197 585 5255 regno
612 5185 836 5248 ccclesti,
864 5186 984 5254 quia
1006 5195 1183 5251 portus
1214 5202 1318 5255 quo
1350 5186 1678 5254 profundior,
1699 5200 1764 5240 eo

183 5253 608 5327 iecuriiir._Yera
640 5255 796 5327 lectio
819 5253 1038 5324 patrium
1054 5253 1382 5327 profundum,
1419 5260 1569 5322 cujus
1589 5256 1764 5327 glossa

181 5345 224 5380 in
249 5327 420 5386 Μαι-η
453 5324 506 5378 id
538 5334 618 5379 cst
654 5325 1032 5381 sublimitatem.
1055 5324 1198 5381 'Vide
1221 5327 1486 5382 Gil'amum
1515 5324 1626 5382 Ind.
1663 5327 1766 5380 Lu-

180 5409 340 5463 iret.,
377 5396 544 5449 verbo
576 5395 912 5450 Paemanos.
970 5399 1095 5452 Post
1125 5398 1263 5452 hunc
1294 5413 1501 5454 versum
1547 5397 1600 5452 in
1631 5398 1761 5453 Mar.

179 5470 345 5523 insi-ri
357 5467 471 5535 ptio
495 5464 802 5520 Concordia.

246 5540 382 5594 L56.
404 5537 587 5609 _Aldus
608 5537 896 5609 excuderet
916 5554 1059 5609 spes;
1077 5539 1379 5596 emendavit
1396 5549 1538 5595 recte
1551 5540 1762 5609 species.

180 5610 351 5672 idem,
395 5606 526 5661 Deus
545 5608 848 5680 ulli.UAng.,
899 5607 1050 5662 decus
1096 5626 1338 5680 unquam.
1377 5606 1770 5665 Verior'lectio

178 5697 262 5734 nec
295 5697 402 5748 par
419 5679 582 5748 decus
613 5677 728 5731 ulli.

242 5747 386 5805 643.
414 5747 466 5802 ln
494 5747 618 5802 Vat.
652 5749 716 5812 ll,
750 5748 1005 5807 mendose
1055 5748 1268 5806 Duceret
1304 5750 1599 5807 hordinibus
1626 5751 1769 5822 pedi-

178 5832 279 5875 tum
312 5831 526 5890 stupere
547 5829 800 5878 catervas.

1945 3771 2069 3828 650.
2101 3768 2368 3825 Giselinus
2395 3779 2575 3824 monet
2627 3768 2765 3822 hunc
2795 3782 3001 3824 versum
3049 3786 3150 3826 non
3179 3786 3298 3828 esse
3324 3788 3454 3831 sen-

1875 3843 2052 3898 tentiae
2076 3842 2336 3912 superiori
2363 3840 2770 3901 aunectendum,
2806 3847 2860 3892 ut
2883 3842 2968 3894 alii
2997 3843 3169 3912 inepte
3183 3842 3444 3901 fecerant.

1877 3913 2160 3968 Historiam
2194 3927 2396 3966 sacram
2431 3912 2594 3964 habes
2623 3924 2737 3978 cap.
2771 3926 2857 3962 xw
2907 3912 3090 3968 Exodi.

1944 3984 2070 4039 65L
2103 3983 2158 4037 ln
2190 3982 2458 4037 nonnullis
2489 3982 2652 4049 vulg.,
2685 3981 2941 4034 minantis.

1945 4054 2066 4109 655.
2104 4053 2328 4118 Erfurt.,
2354 4053 2743 4117 callis;-supra,
2775 4050 2950 4104 calcis.

1945 4124 2071 4180 654.
2106 4124 2360 4180 Weitzius
2387 4137 2505 4194 cum
2536 4122 2671 4194 Ern,
2721 4121 2950 4194 ﬂiqu
2988 4125 3226 4194 repulso,
3287 4139 3446 4194 supra

1871 4197 2072 4267 relapso
2093 4207 2196 4267 tam
2226 4197 2276 4248 in
2311 4193 2422 4250 Erf.
2450 4208 2608 4264 quam
2639 4193 2692 4246 in
2721 4190 2920 4247 Widm.
2974 4190 3182 4260 Caneri,
3215 4190 3450 4267 relapso;

1871 4266 2015 4332 Put.,
2039 4266 2233 4321 relaxa.

1943 4338 2069 4394 655.
2105 4337 2243 4404 Erf.,
2275 4335 2538 4402 Niliacos;
2566 4335 2708 4393 idem
2737 4346 2792 4392 et
2835 4335 3101 4402 Barthius,
3151 4337 3454 4406 dependeret

1818 4421 1835 4433 '
1871 4409 1996 4464 imo.

1939 4477 2063 4534 656.
2103 4477 2324 4532 Natatus
2351 4478 2564 4533 nomine
2616 4493 2742 4534 usus
2769 4488 2851 4533 est
2909 4479 3104 4545 Apotli.
3135 4491 3273 4532 vers.
3305 4477 3438 4531 684.

1872 4550 2074 4606 Eodem
2107 4549 2320 4604 nomine
2349 4549 2678 4605 substantive
2703 4551 2866 4605 utitur
2899 4547 3101 4606 Statius
3127 4547 3259 4603 Silv.
3295 4548 3384 4603 lib.
3406 4565 3447 4614 I,

1870 4621 1992 4676 silv.
2023 4621 2056 4673 5
2080 4628 2134 4673 et
2163 4621 2214 4673 5.

1942 4691 2066 4746 662.
2099 4691 2286 4744 Actum
2320 4690 2420 4745 hac
2446 4690 2512 4744 de
2536 4705 2594 4746 re
2623 4689 2820 4761 hymno
2852 4693 2885 4746 5
2913 4691 3091 4757 Catlt.,
3121 4703 3260 4744 vers.
3297 4689 3366 4744 65
3394 4696 3451 4744 et

1871 4776 2023 4817 8800.

2097 4830 2319 4885 Piccarti
2344 4831 2536 4894 codex,
2567 4830 2902 4886 multimodis.

1941 4902 2065 4958 665.
2093 4903 2249 4972 Aug.,
2285 4901 2350 4953 ad
2376 4902 2490 4972 belli
2519 4905 2688 4972 fauces
2715 4904 3004 4956 castrensisi
3038 4901 3108 4972 lix
3141 4898 3223 4972 his
3253 4901 3446 4972 carmi-

1870 4973 2026 5029 nibus
2047 4971 2246 5040 colligit
2275 4969 2535 5037 Barthius,
2585 4974 2802 5026 militem
2861 4971 3020 5025 fuisse
3070 4969 3441 5026 Prudentium.

1873 5044 1956 5099 vel
1989 5053 2132 5098 certe
2159 5043 2224 5096 ab
2253 5057 2317 5096 eo
2343 5045 2473 5096 scite
2501 5044 2727 5097 describi
2763 5053 2964 5111 portam
2994 5049 3318 5096 castrensem
3349 5042 3444 5104 ait,

1871 5116 1992 5186 quia
2023 5114 2653 5186 incastrisimilitaverat.
2707 5113 2900 5186 Confer
2954 5113 3115 5186 vitam
3171 5111 3441 5186 Prodentii

1873 5182 1926 5240 lu
1960 5187 2253 5255 prolegom.
2289 5184 2472 5255 Plures
2494 5194 2822 5248 erantportai
2854 5183 2904 5237 in
2955 5182 3176 5255 castris;
3231 5183 3299 5236 de
3329 5185 3445 5250 qni-

1873 5253 1972 5310 bus
1996 5256 2273 5310 Turnebus
2301 5254 2390 5309 lib.
2426 5271 2527 5310 xxx
2587 5257 2834 5318 Advers.,
2862 5269 2980 5322 cap.
3011 5253 3103 5319 24,
3140 5253 3350 5321 Lipsius
3378 5255 3451 5307 de

1872 5327 2053 5381 Militia
2087 5327 2242 5381 Rom.
2272 5325 2568 5390 lib.v,dial.
2595 5327 2645 5380 5.
2689 5326 2811 5379 Post
2828 5325 2968 5378 hunc
3002 5338 3215 5380 versum
3234 5324 3284 5377 in
3313 5323 3442 5378 Mar.

1873 5399 2058 5452 titulus
2085 5394 2374 5461 Discordia,
2408 5407 2460 5450 et
2511 5395 2819 5450 charactere
2876 5395 3082 5450 minuto
3117 5403 3449 5465 cognomento

1871 5468 2094 5524 liceresis.
2123 5466 2196 5520 lta
2228 5467 2387 5521 etiam
2421 5467 2470 5520 in
2504 5467 2619 5521 Rat.

1945 5538 2068 5593 667.
2095 5539 2148 5592 ln
2181 5537 2493 5606 quibusdam
2517 5537 2682 5604 vulg.,
2715 5536 2833 5590 hinc
2865 5551 2960 5606 pro
2986 5537 3086 5590 hic.

1945 5609 2069 5665 669.
2103 5605 2246 5673 Ald.,
2278 5608 2506 5672 vexarit;
2542 5608 2667 5678 alii,
2707 5605 2927 5662 vexaret.
2963 5607 3135 5678 Apud
3164 5605 3352 5660 Aldum
3391 5614 3446 5660 et

1874 5679 2007 5734 alios
2035 5679 2134 5732 hoc
2160 5679 2274 5732 loco
2302 5679 2482 5732 titulus
2511 5677 2806 5734 Concordia:
2834 5687 2881 5732 et
2935 5677 3202 5733 discordia:
3249 5690 3450 5748 pugna.

1944 5750 2068 5807 670.
2100 5748 2236 5817 Erf.,
2267 5763 2374 5805 non
2403 5749 2562 5817 bene,
2585 5751 2981 5806 interconsertos
