  <div class='ocr_page' id='page_1' title='image "/cluster/home/n/w/nwhite01/storage/ocr_20150623/60/hvd.32044015469299/047.png"; bbox 0 0 4068 6290; ppageno 0'>
   <div class='ocr_carea' id='block_1_1' title="bbox 615 333 682 394">
    <p class='ocr_par' dir='ltr' id='par_1_1' title="bbox 615 333 682 394">
     <span class='ocr_line' id='line_1_1' title="bbox 615 333 682 394; baseline -0.06 0"><span class='ocrx_word' id='word_1_1' title='bbox 615 333 682 394; x_wconf 82' lang='grc' dir='ltr'><strong>ἸΙ</strong></span> 
     </span>
    </p>
   </div>
   <div class='ocr_carea' id='block_1_2' title="bbox 788 539 2196 619">
    <p class='ocr_par' dir='ltr' id='par_1_2' title="bbox 788 539 2196 619">
     <span class='ocr_line' id='line_1_2' title="bbox 788 539 2196 619; baseline 0.005 -23"><span class='ocrx_word' id='word_1_2' title='bbox 788 539 1140 613; x_wconf 64' lang='lat' dir='ltr'><strong>curem</strong></span> <span class='ocrx_word' id='word_1_3' title='bbox 1182 553 1428 602; x_wconf 87' lang='lat' dir='ltr'><strong>catenato</strong></span> <span class='ocrx_word' id='word_1_4' title='bbox 1470 545 1598 602; x_wconf 79' lang='lat' dir='ltr'><strong>ferri</strong></span> <span class='ocrx_word' id='word_1_5' title='bbox 1645 547 1947 602; x_wconf 74' lang='lat' dir='ltr'><strong>subtemine</strong></span> <span class='ocrx_word' id='word_1_6' title='bbox 2003 563 2196 619; x_wconf 91' lang='lat' dir='ltr'><strong>corpus</strong></span> 
     </span>
    </p>
   </div>
   <div class='ocr_carea' id='block_1_3' title="bbox 616 631 2065 704">
    <p class='ocr_par' dir='ltr' id='par_1_3' title="bbox 616 631 2065 704">
     <span class='ocr_line' id='line_1_3' title="bbox 616 631 2065 704; baseline 0.006 -16"><span class='ocrx_word' id='word_1_7' title='bbox 616 631 720 688; x_wconf 81' lang='lat'><strong>675</strong></span> <span class='ocrx_word' id='word_1_8' title='bbox 793 634 1093 704; x_wconf 81' lang='lat' dir='ltr'><strong>Atnbirent,</strong></span> <span class='ocrx_word' id='word_1_9' title='bbox 1126 639 1256 695; x_wconf 91' lang='lat' dir='ltr'><strong>sutis</strong></span> <span class='ocrx_word' id='word_1_10' title='bbox 1285 649 1340 695; x_wconf 91' lang='lat' dir='ltr'><strong>et</strong></span> <span class='ocrx_word' id='word_1_11' title='bbox 1369 654 1591 697; x_wconf 86' lang='lat' dir='ltr'><strong>acumen</strong></span> <span class='ocrx_word' id='word_1_12' title='bbox 1626 641 1858 696; x_wconf 84' lang='lat' dir='ltr'><strong>vulneris</strong></span> <span class='ocrx_word' id='word_1_13' title='bbox 1892 641 2065 696; x_wconf 85' lang='lat' dir='ltr'><strong>hamis</strong></span> 
     </span>
    </p>
   </div>
   <div class='ocr_carea' id='block_1_4' title="bbox 795 723 2030 800">
    <p class='ocr_par' dir='ltr' id='par_1_4' title="bbox 795 723 2030 800">
     <span class='ocr_line' id='line_1_4' title="bbox 795 723 2030 800; baseline 0.008 -23"><span class='ocrx_word' id='word_1_14' title='bbox 795 723 1142 794; x_wconf 80' lang='lat' dir='ltr'><strong>Respuerent,</strong></span> <span class='ocrx_word' id='word_1_15' title='bbox 1173 729 1359 800; x_wconf 81' lang='lat' dir='ltr'><strong>rigidis</strong></span> <span class='ocrx_word' id='word_1_16' title='bbox 1391 747 1488 788; x_wconf 88' lang='lat' dir='ltr'><strong>nec</strong></span> <span class='ocrx_word' id='word_1_17' title='bbox 1519 732 1607 786; x_wconf 90' lang='lat' dir='ltr'><strong>lila</strong></span> <span class='ocrx_word' id='word_1_18' title='bbox 1635 733 1842 787; x_wconf 91' lang='lat' dir='ltr'><strong>tenacia</strong></span> <span class='ocrx_word' id='word_1_19' title='bbox 1876 733 2030 787; x_wconf 91' lang='lat' dir='ltr'><strong>nodis</strong></span> 
     </span>
    </p>
   </div>
   <div class='ocr_carea' id='block_1_5' title="bbox 806 813 2190 892">
    <p class='ocr_par' dir='ltr' id='par_1_5' title="bbox 806 813 2190 892">
     <span class='ocr_line' id='line_1_5' title="bbox 806 813 2190 892; baseline 0.008 -25"><span class='ocrx_word' id='word_1_20' title='bbox 806 813 1090 883; x_wconf 79' lang='lat' dir='ltr'><strong>[inpactum</strong></span> <span class='ocrx_word' id='word_1_21' title='bbox 1116 819 1352 876; x_wconf 73' lang='lat' dir='ltr'><strong>sinerent</strong></span> <span class='ocrx_word' id='word_1_22' title='bbox 1374 832 1656 892; x_wconf 89' lang='lat' dir='ltr'><strong>penetrare</strong></span> <span class='ocrx_word' id='word_1_23' title='bbox 1677 823 1728 877; x_wconf 91' lang='lat' dir='ltr'><strong>in</strong></span> <span class='ocrx_word' id='word_1_24' title='bbox 1753 823 1954 878; x_wconf 84' lang='lat' dir='ltr'><strong>viscera</strong></span> <span class='ocrx_word' id='word_1_25' title='bbox 2007 823 2190 878; x_wconf 89' lang='lat' dir='ltr'><strong>telum.</strong></span> 
     </span>
    </p>
   </div>
   <div class='ocr_carea' id='block_1_6' title="bbox 789 905 2192 985">
    <p class='ocr_par' dir='ltr' id='par_1_6' title="bbox 789 905 2192 985">
     <span class='ocr_line' id='line_1_6' title="bbox 789 905 2192 985; baseline 0.008 -26"><span class='ocrx_word' id='word_1_26' title='bbox 789 905 922 960; x_wconf 81' lang='lat' dir='ltr'><strong>ltara</strong></span> <span class='ocrx_word' id='word_1_27' title='bbox 955 918 1128 964; x_wconf 89' lang='lat' dir='ltr'><strong>tamen</strong></span> <span class='ocrx_word' id='word_1_28' title='bbox 1153 911 1432 984; x_wconf 81' lang='lat' dir='ltr'><strong>chalybem</strong></span> <span class='ocrx_word' id='word_1_29' title='bbox 1457 913 1602 970; x_wconf 91' lang='lat' dir='ltr'><strong>tenui</strong></span> <span class='ocrx_word' id='word_1_30' title='bbox 1621 916 1983 971; x_wconf 90' lang='lat' dir='ltr'><strong>transmittere</strong></span> <span class='ocrx_word' id='word_1_31' title='bbox 1997 924 2192 985; x_wconf 90' lang='lat' dir='ltr'><strong>puncto</strong></span> 
     </span>
    </p>
   </div>
   <div class='ocr_carea' id='block_1_7' title="bbox 787 999 2193 1078">
    <p class='ocr_par' dir='ltr' id='par_1_7' title="bbox 787 999 2193 1078">
     <span class='ocr_line' id='line_1_7' title="bbox 787 999 2193 1078; baseline 0.006 -25"><span class='ocrx_word' id='word_1_32' title='bbox 787 999 1150 1057; x_wconf 91' lang='lat' dir='ltr'><strong>Commissura</strong></span> <span class='ocrx_word' id='word_1_33' title='bbox 1182 1003 1349 1071; x_wconf 86' lang='lat' dir='ltr'><strong>dedit,</strong></span> <span class='ocrx_word' id='word_1_34' title='bbox 1398 1023 1499 1076; x_wconf 88' lang='lat' dir='ltr'><strong>qua</strong></span> <span class='ocrx_word' id='word_1_35' title='bbox 1552 1021 1672 1063; x_wconf 90' lang='lat' dir='ltr'><strong>sese</strong></span> <span class='ocrx_word' id='word_1_36' title='bbox 1727 1017 1960 1063; x_wconf 77' lang='lat' dir='ltr'><strong>extrema</strong></span> <span class='ocrx_word' id='word_1_37' title='bbox 2015 1007 2193 1078; x_wconf 62' lang='lat' dir='ltr'><strong>polita;</strong></span> 
     </span>
    </p>
   </div>
   <div class='ocr_carea' id='block_1_8' title="bbox 607 1087 2267 1166">
    <p class='ocr_par' dir='ltr' id='par_1_8' title="bbox 607 1087 2267 1166">
     <span class='ocr_line' id='line_1_8' title="bbox 607 1087 2267 1166; baseline 0.006 -23"><span class='ocrx_word' id='word_1_38' title='bbox 607 1087 713 1145; x_wconf 92' lang='lat'><strong>680</strong></span> <span class='ocrx_word' id='word_1_39' title='bbox 783 1090 1014 1161; x_wconf 87' lang='lat' dir='ltr'><strong>Squama</strong></span> <span class='ocrx_word' id='word_1_40' title='bbox 1045 1094 1172 1164; x_wconf 87' lang='lat' dir='ltr'><strong>ligat</strong></span> <span class='ocrx_word' id='word_1_41' title='bbox 1191 1097 1404 1166; x_wconf 65' lang='lat' dir='ltr'><strong>tunica,</strong></span> <span class='ocrx_word' id='word_1_42' title='bbox 1427 1099 1576 1153; x_wconf 91' lang='lat' dir='ltr'><strong>sinus</strong></span> <span class='ocrx_word' id='word_1_43' title='bbox 1597 1106 1653 1154; x_wconf 91' lang='lat' dir='ltr'><strong>et</strong></span> <span class='ocrx_word' id='word_1_44' title='bbox 1671 1099 1770 1154; x_wconf 90' lang='lat' dir='ltr'><strong>sibi</strong></span> <span class='ocrx_word' id='word_1_45' title='bbox 1793 1098 2190 1156; x_wconf 84' lang='lat' dir='ltr'><strong>conseritoras.</strong></span> <span class='ocrx_word' id='word_1_46' title='bbox 2261 1111 2267 1121; x_wconf 86' lang='lat'>&#39;</span> 
     </span>
    </p>
   </div>
   <div class='ocr_carea' id='block_1_9' title="bbox 783 1181 2059 1258">
    <p class='ocr_par' dir='ltr' id='par_1_9' title="bbox 783 1181 2059 1258">
     <span class='ocr_line' id='line_1_9' title="bbox 783 1181 2059 1258; baseline 0.005 -21"><span class='ocrx_word' id='word_1_47' title='bbox 783 1181 959 1238; x_wconf 89' lang='lat' dir='ltr'><strong>Intulit</strong></span> <span class='ocrx_word' id='word_1_48' title='bbox 989 1184 1091 1241; x_wconf 79' lang='lat' dir='ltr'><strong>hoc</strong></span> <span class='ocrx_word' id='word_1_49' title='bbox 1116 1188 1311 1243; x_wconf 84' lang='lat' dir='ltr'><strong>vulnus</strong></span> <span class='ocrx_word' id='word_1_50' title='bbox 1341 1187 1620 1258; x_wconf 75' lang='lat' dir='ltr'><strong>pugnatrix</strong></span> <span class='ocrx_word' id='word_1_51' title='bbox 1653 1188 1874 1243; x_wconf 89' lang='lat' dir='ltr'><strong>subdola</strong></span> <span class='ocrx_word' id='word_1_52' title='bbox 1905 1189 2059 1243; x_wconf 66' lang='lat' dir='ltr'><strong>victae</strong></span> 
     </span>
    </p>
   </div>
   <div class='ocr_carea' id='block_1_10' title="bbox 791 1277 2030 1344">
    <p class='ocr_par' dir='ltr' id='par_1_10' title="bbox 791 1277 2030 1344">
     <span class='ocr_line' id='line_1_10' title="bbox 791 1277 2030 1344; baseline 0.002 -12"><span class='ocrx_word' id='word_1_53' title='bbox 791 1277 985 1344; x_wconf 85' lang='lat' dir='ltr'><strong>Partis,</strong></span> <span class='ocrx_word' id='word_1_54' title='bbox 1014 1289 1068 1335; x_wconf 91' lang='lat' dir='ltr'><strong>et</strong></span> <span class='ocrx_word' id='word_1_55' title='bbox 1096 1279 1322 1337; x_wconf 82' lang='lat' dir='ltr'><strong>incautis</strong></span> <span class='ocrx_word' id='word_1_56' title='bbox 1352 1281 1639 1337; x_wconf 81' lang='lat' dir='ltr'><strong>victoribus</strong></span> <span class='ocrx_word' id='word_1_57' title='bbox 1659 1281 1904 1336; x_wconf 80' lang='lat' dir='ltr'><strong>insidiata</strong></span> <span class='ocrx_word' id='word_1_58' title='bbox 1929 1291 2030 1337; x_wconf 89' lang='lat' dir='ltr'><strong>est.</strong></span> 
     </span>
    </p>
   </div>
   <div class='ocr_carea' id='block_1_11' title="bbox 781 1367 2190 1442">
    <p class='ocr_par' dir='ltr' id='par_1_11' title="bbox 781 1367 2190 1442">
     <span class='ocr_line' id='line_1_11' title="bbox 781 1367 2190 1442; baseline 0.003 -20"><span class='ocrx_word' id='word_1_59' title='bbox 781 1367 934 1436; x_wconf 83' lang='lat' dir='ltr'><strong>Nam,</strong></span> <span class='ocrx_word' id='word_1_60' title='bbox 964 1370 1116 1439; x_wconf 89' lang='lat' dir='ltr'><strong>pulsa</strong></span> <span class='ocrx_word' id='word_1_61' title='bbox 1158 1372 1429 1442; x_wconf 88' lang='lat' dir='ltr'><strong>culparum</strong></span> <span class='ocrx_word' id='word_1_62' title='bbox 1470 1372 1604 1438; x_wconf 88' lang='lat' dir='ltr'><strong>acie,</strong></span> <span class='ocrx_word' id='word_1_63' title='bbox 1648 1372 1924 1428; x_wconf 86' lang='lat' dir='ltr'><strong>Discordia</strong></span> <span class='ocrx_word' id='word_1_64' title='bbox 1976 1380 2190 1428; x_wconf 89' lang='lat' dir='ltr'><strong>nostros</strong></span> 
     </span>
    </p>
   </div>
   <div class='ocr_carea' id='block_1_12' title="bbox 782 1457 2018 1534">
    <p class='ocr_par' dir='ltr' id='par_1_12' title="bbox 782 1457 2018 1534">
     <span class='ocr_line' id='line_1_12' title="bbox 782 1457 2018 1534; baseline 0.002 -22"><span class='ocrx_word' id='word_1_65' title='bbox 782 1457 1011 1515; x_wconf 86' lang='lat' dir='ltr'><strong>intrarat</strong></span> <span class='ocrx_word' id='word_1_66' title='bbox 1033 1476 1254 1529; x_wconf 88' lang='lat' dir='ltr'><strong>cuneos,</strong></span> <span class='ocrx_word' id='word_1_67' title='bbox 1283 1464 1480 1520; x_wconf 87' lang='lat' dir='ltr'><strong>sociam</strong></span> <span class='ocrx_word' id='word_1_68' title='bbox 1515 1463 1734 1519; x_wconf 90' lang='lat' dir='ltr'><strong>mentita</strong></span> <span class='ocrx_word' id='word_1_69' title='bbox 1779 1464 2018 1534; x_wconf 77' lang='lat' dir='ltr'><strong>ﬁguram.</strong></span> 
     </span>
    </p>
   </div>
   <div class='ocr_carea' id='block_1_13' title="bbox 605 1547 2189 1626">
    <p class='ocr_par' dir='ltr' id='par_1_13' title="bbox 605 1547 2189 1626">
     <span class='ocr_line' id='line_1_13' title="bbox 605 1547 2189 1626; baseline 0.003 -23"><span class='ocrx_word' id='word_1_70' title='bbox 605 1547 712 1604; x_wconf 81' lang='grc'>685</span> <span class='ocrx_word' id='word_1_71' title='bbox 785 1549 961 1606; x_wconf 86' lang='lat' dir='ltr'><strong>Scissa</strong></span> <span class='ocrx_word' id='word_1_72' title='bbox 1011 1554 1194 1620; x_wconf 86' lang='lat' dir='ltr'><strong>procul</strong></span> <span class='ocrx_word' id='word_1_73' title='bbox 1235 1555 1390 1626; x_wconf 87' lang='lat' dir='ltr'><strong>palla,</strong></span> <span class='ocrx_word' id='word_1_74' title='bbox 1421 1565 1682 1612; x_wconf 90' lang='lat' dir='ltr'><strong>structum</strong></span> <span class='ocrx_word' id='word_1_75' title='bbox 1722 1566 1776 1611; x_wconf 88' lang='lat' dir='ltr'><strong>et</strong></span> <span class='ocrx_word' id='word_1_76' title='bbox 1805 1564 2056 1624; x_wconf 85' lang='lat' dir='ltr'><strong>serpente</strong></span> <span class='ocrx_word' id='word_1_77' title='bbox 2097 1553 2189 1608; x_wconf 87' lang='lat' dir='ltr'><strong>lla-</strong></span> 
     </span>
    </p>
   </div>
   <div class='ocr_carea' id='block_1_14' title="bbox 962 1642 2115 1719">
    <p class='ocr_par' dir='ltr' id='par_1_14' title="bbox 962 1642 2115 1719">
     <span class='ocr_line' id='line_1_14' title="bbox 962 1642 2115 1719; baseline -0.001 -19"><span class='ocrx_word' id='word_1_78' title='bbox 962 1642 974 1653; x_wconf 72' lang='grc'>⁸</span> <span class='ocrx_word' id='word_1_79' title='bbox 1893 1645 2115 1719; x_wconf 82' lang='lat' dir='ltr'><strong>[gellum</strong></span> 
     </span>
    </p>
   </div>
   <div class='ocr_carea' id='block_1_15' title="bbox 785 1735 2183 1809">
    <p class='ocr_par' dir='ltr' id='par_1_15' title="bbox 785 1735 2183 1809">
     <span class='ocr_line' id='line_1_15' title="bbox 785 1735 2183 1809; baseline 0.001 -19"><span class='ocrx_word' id='word_1_80' title='bbox 785 1735 1272 1807; x_wconf 83' lang='lat' dir='ltr'><strong>Multiplici,media</strong></span> <span class='ocrx_word' id='word_1_81' title='bbox 1297 1753 1604 1809; x_wconf 89' lang='lat' dir='ltr'><strong>camporum</strong></span> <span class='ocrx_word' id='word_1_82' title='bbox 1633 1741 1685 1795; x_wconf 92' lang='lat' dir='ltr'><strong>in</strong></span> <span class='ocrx_word' id='word_1_83' title='bbox 1716 1747 1893 1808; x_wconf 83' lang='lat' dir='ltr'><strong>strage</strong></span> <span class='ocrx_word' id='word_1_84' title='bbox 1917 1738 2183 1809; x_wconf 74' lang='lat' dir='ltr'><strong>iacebant.</strong></span> 
     </span>
    </p>
   </div>
   <div class='ocr_carea' id='block_1_16' title="bbox 779 1827 1901 1901">
    <p class='ocr_par' dir='ltr' id='par_1_16' title="bbox 779 1827 1901 1901">
     <span class='ocr_line' id='line_1_16' title="bbox 779 1827 1901 1901; baseline 0.002 -18"><span class='ocrx_word' id='word_1_85' title='bbox 779 1827 895 1899; x_wconf 84' lang='lat' dir='ltr'><strong>ipsa</strong></span> <span class='ocrx_word' id='word_1_86' title='bbox 925 1829 1200 1886; x_wconf 89' lang='lat' dir='ltr'><strong>redimitos</strong></span> <span class='ocrx_word' id='word_1_87' title='bbox 1221 1830 1336 1886; x_wconf 91' lang='lat' dir='ltr'><strong>olea</strong></span> <span class='ocrx_word' id='word_1_88' title='bbox 1369 1830 1649 1887; x_wconf 77' lang='lat' dir='ltr'><strong>frondente</strong></span> <span class='ocrx_word' id='word_1_89' title='bbox 1681 1831 1901 1901; x_wconf 88' lang='lat' dir='ltr'><strong>capillos</strong></span> 
     </span>
    </p>
   </div>
   <div class='ocr_carea' id='block_1_17' title="bbox 773 1922 2002 1995">
    <p class='ocr_par' dir='ltr' id='par_1_17' title="bbox 773 1922 2002 1995">
     <span class='ocr_line' id='line_1_17' title="bbox 773 1922 2002 1995; baseline 0.002 -19"><span class='ocrx_word' id='word_1_90' title='bbox 773 1922 1082 1990; x_wconf 86' lang='lat' dir='ltr'><strong>Ostentans,</strong></span> <span class='ocrx_word' id='word_1_91' title='bbox 1116 1923 1266 1980; x_wconf 82' lang='lat' dir='ltr'><strong>festis</strong></span> <span class='ocrx_word' id='word_1_92' title='bbox 1296 1925 1585 1995; x_wconf 88' lang='lat' dir='ltr'><strong>respondet</strong></span> <span class='ocrx_word' id='word_1_93' title='bbox 1609 1925 1726 1980; x_wconf 74' lang='lat' dir='ltr'><strong>lzeta</strong></span> <span class='ocrx_word' id='word_1_94' title='bbox 1757 1926 2002 1981; x_wconf 86' lang='lat' dir='ltr'><strong>choreis:</strong></span> 
     </span>
    </p>
   </div>
   <div class='ocr_carea' id='block_1_18' title="bbox 767 2015 2170 2089">
    <p class='ocr_par' dir='ltr' id='par_1_18' title="bbox 767 2015 2170 2089">
     <span class='ocr_line' id='line_1_18' title="bbox 767 2015 2170 2089; baseline -0.001 -16"><span class='ocrx_word' id='word_1_95' title='bbox 767 2015 928 2089; x_wconf 67' lang='grc'>645</span> <span class='ocrx_word' id='word_1_96' title='bbox 969 2017 1073 2073; x_wconf 89' lang='lat' dir='ltr'><strong>Sed</strong></span> <span class='ocrx_word' id='word_1_97' title='bbox 1116 2018 1280 2073; x_wconf 89' lang='lat' dir='ltr'><strong>sicam</strong></span> <span class='ocrx_word' id='word_1_98' title='bbox 1315 2019 1414 2074; x_wconf 91' lang='lat' dir='ltr'><strong>sub</strong></span> <span class='ocrx_word' id='word_1_99' title='bbox 1457 2027 1606 2074; x_wconf 85' lang='lat' dir='ltr'><strong>veste</strong></span> <span class='ocrx_word' id='word_1_100' title='bbox 1638 2019 1787 2089; x_wconf 84' lang='lat' dir='ltr'><strong>tegit,</strong></span> <span class='ocrx_word' id='word_1_101' title='bbox 1831 2029 1904 2086; x_wconf 90' lang='lat' dir='ltr'><strong>te,</strong></span> <span class='ocrx_word' id='word_1_102' title='bbox 1939 2019 2170 2073; x_wconf 86' lang='lat' dir='ltr'><strong>maxima</strong></span> 
     </span>
    </p>
   </div>
   <div class='ocr_carea' id='block_1_19' title="bbox 1877 2110 2097 2182">
    <p class='ocr_par' dir='ltr' id='par_1_19' title="bbox 1877 2110 2097 2182">
     <span class='ocr_line' id='line_1_19' title="bbox 1877 2110 2097 2182; baseline 0 -17"><span class='ocrx_word' id='word_1_103' title='bbox 1877 2110 2097 2182; x_wconf 90' lang='lat' dir='ltr'><strong>[virtus,</strong></span> 
     </span>
    </p>
   </div>
   <div class='ocr_carea' id='block_1_20' title="bbox 596 2198 2103 2274">
    <p class='ocr_par' dir='ltr' id='par_1_20' title="bbox 596 2198 2103 2274">
     <span class='ocr_line' id='line_1_20' title="bbox 596 2198 2103 2274; baseline 0.002 -16"><span class='ocrx_word' id='word_1_104' title='bbox 596 2198 700 2260; x_wconf 87' lang='lat'><strong>690</strong></span> <span class='ocrx_word' id='word_1_105' title='bbox 771 2202 848 2260; x_wconf 87' lang='lat' dir='ltr'><strong>To</strong></span> <span class='ocrx_word' id='word_1_106' title='bbox 891 2203 1060 2259; x_wconf 89' lang='lat' dir='ltr'><strong>solam</strong></span> <span class='ocrx_word' id='word_1_107' title='bbox 1095 2213 1241 2260; x_wconf 91' lang='lat' dir='ltr'><strong>tanto</strong></span> <span class='ocrx_word' id='word_1_108' title='bbox 1269 2221 1301 2261; x_wconf 91' lang='lat' dir='ltr'><strong>e</strong></span> <span class='ocrx_word' id='word_1_109' title='bbox 1331 2220 1575 2274; x_wconf 88' lang='lat' dir='ltr'><strong>numero,</strong></span> <span class='ocrx_word' id='word_1_110' title='bbox 1607 2206 1928 2274; x_wconf 87' lang='lat' dir='ltr'><strong>Concordia,</strong></span> <span class='ocrx_word' id='word_1_111' title='bbox 1964 2207 2103 2261; x_wconf 90' lang='lat' dir='ltr'><strong>tristi</strong></span> 
     </span>
    </p>
   </div>
   <div class='ocr_carea' id='block_1_21' title="bbox 775 2295 2144 2368">
    <p class='ocr_par' dir='ltr' id='par_1_21' title="bbox 775 2295 2144 2368">
     <span class='ocr_line' id='line_1_21' title="bbox 775 2295 2144 2368; baseline -0.001 -16"><span class='ocrx_word' id='word_1_112' title='bbox 775 2295 987 2352; x_wconf 89' lang='lat' dir='ltr'><strong>Frattde</strong></span> <span class='ocrx_word' id='word_1_113' title='bbox 1010 2303 1223 2367; x_wconf 87' lang='lat' dir='ltr'><strong>petens,</strong></span> <span class='ocrx_word' id='word_1_114' title='bbox 1257 2297 1350 2353; x_wconf 91' lang='lat' dir='ltr'><strong>sed</strong></span> <span class='ocrx_word' id='word_1_115' title='bbox 1383 2313 1487 2352; x_wconf 92' lang='lat' dir='ltr'><strong>non</strong></span> <span class='ocrx_word' id='word_1_116' title='bbox 1520 2297 1699 2354; x_wconf 89' lang='lat' dir='ltr'><strong>vitalia</strong></span> <span class='ocrx_word' id='word_1_117' title='bbox 1730 2313 1977 2368; x_wconf 87' lang='lat' dir='ltr'><strong>rumpere</strong></span> <span class='ocrx_word' id='word_1_118' title='bbox 2006 2297 2144 2352; x_wconf 89' lang='lat' dir='ltr'><strong>sacri</strong></span> 
     </span>
    </p>
   </div>
   <div class='ocr_carea' id='block_1_22' title="bbox 769 2386 2172 2461">
    <p class='ocr_par' dir='ltr' id='par_1_22' title="bbox 769 2386 2172 2461">
     <span class='ocr_line' id='line_1_22' title="bbox 769 2386 2172 2461; baseline 0 -16"><span class='ocrx_word' id='word_1_119' title='bbox 769 2386 1022 2461; x_wconf 86' lang='lat' dir='ltr'><strong>Corporis</strong></span> <span class='ocrx_word' id='word_1_120' title='bbox 1035 2389 1363 2446; x_wconf 89' lang='lat' dir='ltr'><strong>estlicitum:</strong></span> <span class='ocrx_word' id='word_1_121' title='bbox 1396 2405 1606 2446; x_wconf 91' lang='lat' dir='ltr'><strong>summo</strong></span> <span class='ocrx_word' id='word_1_122' title='bbox 1628 2399 1784 2448; x_wconf 89' lang='lat' dir='ltr'><strong>tenus</strong></span> <span class='ocrx_word' id='word_1_123' title='bbox 1809 2392 2007 2448; x_wconf 79' lang='lat' dir='ltr'><strong>extima</strong></span> <span class='ocrx_word' id='word_1_124' title='bbox 2028 2400 2172 2446; x_wconf 92' lang='lat' dir='ltr'><strong>tactu</strong></span> 
     </span>
    </p>
   </div>
   <div class='ocr_carea' id='block_1_23' title="bbox 1724 291 2761 400">
    <p class='ocr_par' dir='ltr' id='par_1_23' title="bbox 1724 291 2761 400">
     <span class='ocr_line' id='line_1_23' title="bbox 1724 291 2761 400; baseline -0.001 -4"><span class='ocrx_word' id='word_1_125' title='bbox 1724 291 1992 397; x_wconf 56' lang='grc' dir='ltr'><strong>Αυιὶειίιι</strong></span> <span class='ocrx_word' id='word_1_126' title='bbox 2033 337 2395 400; x_wconf 72' lang='grc' dir='ltr'><strong>ΡΒυυΕΝΤΙΙ</strong></span> <span class='ocrx_word' id='word_1_127' title='bbox 2432 341 2761 400; x_wconf 76' lang='lat' dir='ltr'><strong>CARMINA.</strong></span> 
     </span>
    </p>
   </div>
   <div class='ocr_carea' id='block_1_24' title="bbox 772 445 2274 526">
    <p class='ocr_par' dir='ltr' id='par_1_24' title="bbox 772 445 2274 526">
     <span class='ocr_line' id='line_1_24' title="bbox 772 445 2274 526; baseline 0.007 -25"><span class='ocrx_word' id='word_1_128' title='bbox 772 445 1238 508; x_wconf 69' lang='lat' dir='ltr'><strong>Mucronemlaavo</strong></span> <span class='ocrx_word' id='word_1_129' title='bbox 1268 452 1320 508; x_wconf 89' lang='lat' dir='ltr'><strong>in</strong></span> <span class='ocrx_word' id='word_1_130' title='bbox 1369 453 1556 520; x_wconf 81' lang='lat' dir='ltr'><strong>latere,</strong></span> <span class='ocrx_word' id='word_1_131' title='bbox 1610 455 1910 524; x_wconf 84' lang='lat' dir='ltr'><strong>squalentia</strong></span> <span class='ocrx_word' id='word_1_132' title='bbox 1957 456 2198 526; x_wconf 85' lang='lat' dir='ltr'><strong>quamvis</strong></span> <span class='ocrx_word' id='word_1_133' title='bbox 2225 463 2274 520; x_wconf 75' lang='grc' dir='ltr'><strong>Α</strong></span> 
     </span>
    </p>
   </div>
   <div class='ocr_carea' id='block_1_25' title="bbox 3821 352 3881 409">
    <p class='ocr_par' dir='ltr' id='par_1_25' title="bbox 3821 352 3881 409">
     <span class='ocr_line' id='line_1_25' title="bbox 3821 352 3881 409; baseline 0 0"><span class='ocrx_word' id='word_1_134' title='bbox 3821 352 3881 409; x_wconf 73' lang='lat'><strong>7!</strong></span> 
     </span>
    </p>
   </div>
   <div class='ocr_carea' id='block_1_26' title="bbox 2478 442 3845 532">
    <p class='ocr_par' dir='ltr' id='par_1_26' title="bbox 2478 442 3845 532">
     <span class='ocr_line' id='line_1_26' title="bbox 2478 442 3845 532; baseline 0.006 -20"><span class='ocrx_word' id='word_1_135' title='bbox 2478 442 2628 512; x_wconf 77' lang='lat' dir='ltr'><strong>Laesa</strong></span> <span class='ocrx_word' id='word_1_136' title='bbox 2659 455 2814 520; x_wconf 89' lang='lat' dir='ltr'><strong>cutis,</strong></span> <span class='ocrx_word' id='word_1_137' title='bbox 2851 462 3060 511; x_wconf 90' lang='lat' dir='ltr'><strong>tenuem</strong></span> <span class='ocrx_word' id='word_1_138' title='bbox 3097 457 3326 527; x_wconf 76' lang='lat' dir='ltr'><strong>signavit</strong></span> <span class='ocrx_word' id='word_1_139' title='bbox 3361 460 3620 532; x_wconf 78' lang='lat' dir='ltr'><strong>sanguine</strong></span> <span class='ocrx_word' id='word_1_140' title='bbox 3645 463 3845 520; x_wconf 83' lang='lat' dir='ltr'><strong>rivum.</strong></span> 
     </span>
    </p>
   </div>
   <div class='ocr_carea' id='block_1_27' title="bbox 2482 547 3879 621">
    <p class='ocr_par' dir='ltr' id='par_1_27' title="bbox 2482 547 3879 621">
     <span class='ocr_line' id='line_1_27' title="bbox 2482 547 3879 621; baseline 0.004 -18"><span class='ocrx_word' id='word_1_141' title='bbox 2482 547 2755 604; x_wconf 83' lang='lat' dir='ltr'><strong>Exclamat</strong></span> <span class='ocrx_word' id='word_1_142' title='bbox 2782 547 2950 602; x_wconf 90' lang='lat' dir='ltr'><strong>virtus</strong></span> <span class='ocrx_word' id='word_1_143' title='bbox 2979 548 3155 604; x_wconf 89' lang='lat' dir='ltr'><strong>subito</strong></span> <span class='ocrx_word' id='word_1_144' title='bbox 3185 549 3392 606; x_wconf 88' lang='lat' dir='ltr'><strong>turbata</strong></span> <span class='ocrx_word' id='word_1_145' title='bbox 3417 571 3429 605; x_wconf 90' lang='lat'><strong>:</strong></span> <span class='ocrx_word' id='word_1_146' title='bbox 3459 553 3598 621; x_wconf 80' lang='lat' dir='ltr'><strong>Quid</strong></span> <span class='ocrx_word' id='word_1_147' title='bbox 3633 554 3737 609; x_wconf 88' lang='lat' dir='ltr'><strong>hoc</strong></span> <span class='ocrx_word' id='word_1_148' title='bbox 3769 559 3879 611; x_wconf 67' lang='lat' dir='ltr'><strong>esu</strong></span> 
     </span>
    </p>
   </div>
   <div class='ocr_carea' id='block_1_28' title="bbox 2299 639 3877 718">
    <p class='ocr_par' dir='ltr' id='par_1_28' title="bbox 2299 639 3877 718">
     <span class='ocr_line' id='line_1_28' title="bbox 2299 639 3877 718; baseline 0.006 -22"><span class='ocrx_word' id='word_1_149' title='bbox 2299 639 2403 696; x_wconf 87' lang='lat'><strong>695</strong></span> <span class='ocrx_word' id='word_1_150' title='bbox 2473 639 2601 708; x_wconf 78' lang='lat' dir='ltr'><strong>Qua:</strong></span> <span class='ocrx_word' id='word_1_151' title='bbox 2653 656 2839 698; x_wconf 90' lang='lat' dir='ltr'><strong>manus</strong></span> <span class='ocrx_word' id='word_1_152' title='bbox 2872 641 2957 698; x_wconf 90' lang='lat' dir='ltr'><strong>hic</strong></span> <span class='ocrx_word' id='word_1_153' title='bbox 3000 641 3210 698; x_wconf 89' lang='lat' dir='ltr'><strong>inimica</strong></span> <span class='ocrx_word' id='word_1_154' title='bbox 3243 643 3416 700; x_wconf 84' lang='lat' dir='ltr'><strong>latet?</strong></span> <span class='ocrx_word' id='word_1_155' title='bbox 3449 662 3568 717; x_wconf 65' lang='lat' dir='ltr'><strong>quae</strong></span> <span class='ocrx_word' id='word_1_156' title='bbox 3618 639 3877 718; x_wconf 77' lang='lat' dir='ltr'><strong>prospera</strong></span> 
     </span>
    </p>
   </div>
   <div class='ocr_carea' id='block_1_29' title="bbox 2437 736 3809 810">
    <p class='ocr_par' dir='ltr' id='par_1_29' title="bbox 2437 736 3809 810">
     <span class='ocr_line' id='line_1_29' title="bbox 2437 736 3809 810; baseline -0.009 -6"><span class='ocrx_word' id='word_1_157' title='bbox 2437 789 2452 804; x_wconf 90' lang='lat'><strong>.</strong></span> <span class='ocrx_word' id='word_1_158' title='bbox 3581 736 3601 810; x_wconf 91' lang='lat'><strong>[</strong></span> <span class='ocrx_word' id='word_1_159' title='bbox 3624 749 3809 793; x_wconf 89' lang='lat' dir='ltr'><strong>nostra</strong></span> 
     </span>
    </p>
   </div>
   <div class='ocr_carea' id='block_1_30' title="bbox 2479 827 3872 900">
    <p class='ocr_par' dir='ltr' id='par_1_30' title="bbox 2479 827 3872 900">
     <span class='ocr_line' id='line_1_30' title="bbox 2479 827 3872 900; baseline 0.004 -19"><span class='ocrx_word' id='word_1_160' title='bbox 2479 827 2751 895; x_wconf 83' lang='lat' dir='ltr'><strong>Vulnerat,</strong></span> <span class='ocrx_word' id='word_1_161' title='bbox 2775 836 2830 882; x_wconf 90' lang='lat' dir='ltr'><strong>et</strong></span> <span class='ocrx_word' id='word_1_162' title='bbox 2859 828 3060 882; x_wconf 78' lang='lat' dir='ltr'><strong>ferrum</strong></span> <span class='ocrx_word' id='word_1_163' title='bbox 3091 836 3234 882; x_wconf 91' lang='lat' dir='ltr'><strong>tanta</strong></span> <span class='ocrx_word' id='word_1_164' title='bbox 3268 829 3408 885; x_wconf 88' lang='lat' dir='ltr'><strong>inter</strong></span> <span class='ocrx_word' id='word_1_165' title='bbox 3435 830 3628 900; x_wconf 84' lang='lat' dir='ltr'><strong>gaudia</strong></span> <span class='ocrx_word' id='word_1_166' title='bbox 3660 833 3872 886; x_wconf 79' lang='lat' dir='ltr'><strong>vibrat?</strong></span> 
     </span>
    </p>
   </div>
   <div class='ocr_carea' id='block_1_31' title="bbox 2473 919 3788 990">
    <p class='ocr_par' dir='ltr' id='par_1_31' title="bbox 2473 919 3788 990">
     <span class='ocr_line' id='line_1_31' title="bbox 2473 919 3788 990; baseline 0.004 -17"><span class='ocrx_word' id='word_1_167' title='bbox 2473 919 2609 986; x_wconf 85' lang='lat' dir='ltr'><strong>Quid</strong></span> <span class='ocrx_word' id='word_1_168' title='bbox 2631 919 2784 990; x_wconf 85' lang='lat' dir='ltr'><strong>juvat</strong></span> <span class='ocrx_word' id='word_1_169' title='bbox 2815 920 3103 976; x_wconf 86' lang='lat' dir='ltr'><strong>indomitos</strong></span> <span class='ocrx_word' id='word_1_170' title='bbox 3126 919 3268 976; x_wconf 89' lang='lat' dir='ltr'><strong>bello</strong></span> <span class='ocrx_word' id='word_1_171' title='bbox 3295 921 3515 977; x_wconf 81' lang='lat' dir='ltr'><strong>sedasse</strong></span> <span class='ocrx_word' id='word_1_172' title='bbox 3545 922 3788 986; x_wconf 81' lang='lat' dir='ltr'><strong>furores,</strong></span> 
     </span>
    </p>
   </div>
   <div class='ocr_carea' id='block_1_32' title="bbox 2473 1009 3869 1084">
    <p class='ocr_par' dir='ltr' id='par_1_32' title="bbox 2473 1009 3869 1084">
     <span class='ocr_line' id='line_1_32' title="bbox 2473 1009 3869 1084; baseline 0.002 -19"><span class='ocrx_word' id='word_1_173' title='bbox 2473 1009 2540 1065; x_wconf 87' lang='lat' dir='ltr'><strong>Et</strong></span> <span class='ocrx_word' id='word_1_174' title='bbox 2567 1020 2809 1067; x_wconf 90' lang='lat' dir='ltr'><strong>sanctum</strong></span> <span class='ocrx_word' id='word_1_175' title='bbox 2835 1011 2980 1067; x_wconf 88' lang='lat' dir='ltr'><strong>vitiis</strong></span> <span class='ocrx_word' id='word_1_176' title='bbox 3001 1011 3349 1082; x_wconf 79' lang='lat' dir='ltr'><strong>pereuntibus</strong></span> <span class='ocrx_word' id='word_1_177' title='bbox 3379 1027 3538 1068; x_wconf 92' lang='lat' dir='ltr'><strong>omne</strong></span> <span class='ocrx_word' id='word_1_178' title='bbox 3574 1025 3869 1084; x_wconf 68' lang='lat' dir='ltr'><strong>receptum,</strong></span> 
     </span>
    </p>
   </div>
   <div class='ocr_carea' id='block_1_33' title="bbox 2470 1101 3872 1175">
    <p class='ocr_par' dir='ltr' id='par_1_33' title="bbox 2470 1101 3872 1175">
     <span class='ocr_line' id='line_1_33' title="bbox 2470 1101 3872 1175; baseline 0.003 -19"><span class='ocrx_word' id='word_1_179' title='bbox 2470 1101 2523 1157; x_wconf 90' lang='lat' dir='ltr'><strong>Si</strong></span> <span class='ocrx_word' id='word_1_180' title='bbox 2537 1102 2703 1158; x_wconf 91' lang='lat' dir='ltr'><strong>virtus</strong></span> <span class='ocrx_word' id='word_1_181' title='bbox 2718 1103 2817 1157; x_wconf 85' lang='lat' dir='ltr'><strong>sub</strong></span> <span class='ocrx_word' id='word_1_182' title='bbox 2831 1102 2967 1159; x_wconf 83' lang='lat' dir='ltr'><strong>Pace</strong></span> <span class='ocrx_word' id='word_1_183' title='bbox 2983 1103 3163 1158; x_wconf 83' lang='lat' dir='ltr'><strong>cadit?</strong></span> <span class='ocrx_word' id='word_1_184' title='bbox 3185 1103 3409 1174; x_wconf 83' lang='lat' dir='ltr'><strong>Trepida</strong></span> <span class='ocrx_word' id='word_1_185' title='bbox 3423 1102 3633 1175; x_wconf 80' lang='lat' dir='ltr'><strong>agmina</strong></span> <span class='ocrx_word' id='word_1_186' title='bbox 3652 1116 3872 1160; x_wconf 66' lang='lat' dir='ltr'><strong>maestos</strong></span> 
     </span>
    </p>
   </div>
   <div class='ocr_carea' id='block_1_34' title="bbox 2296 1192 3764 1254">
    <p class='ocr_par' dir='ltr' id='par_1_34' title="bbox 2296 1192 3764 1254">
     <span class='ocr_line' id='line_1_34' title="bbox 2296 1192 3764 1254; baseline 0.004 -6"><span class='ocrx_word' id='word_1_187' title='bbox 2296 1192 2399 1249; x_wconf 92' lang='lat'><strong>700</strong></span> <span class='ocrx_word' id='word_1_188' title='bbox 2470 1192 2797 1251; x_wconf 90' lang='lat' dir='ltr'><strong>Convertere</strong></span> <span class='ocrx_word' id='word_1_189' title='bbox 2818 1195 3004 1252; x_wconf 90' lang='lat' dir='ltr'><strong>oculos</strong></span> <span class='ocrx_word' id='word_1_190' title='bbox 3031 1215 3042 1248; x_wconf 90' lang='lat'><strong>:</strong></span> <span class='ocrx_word' id='word_1_191' title='bbox 3074 1196 3307 1252; x_wconf 86' lang='lat' dir='ltr'><strong>stillabat</strong></span> <span class='ocrx_word' id='word_1_192' title='bbox 3335 1197 3570 1253; x_wconf 87' lang='lat' dir='ltr'><strong>vulneris</strong></span> <span class='ocrx_word' id='word_1_193' title='bbox 3600 1198 3764 1254; x_wconf 69' lang='lat' dir='ltr'><strong>inde!</strong></span> 
     </span>
    </p>
   </div>
   <div class='ocr_carea' id='block_1_35' title="bbox 2472 1286 3869 1360">
    <p class='ocr_par' dir='ltr' id='par_1_35' title="bbox 2472 1286 3869 1360">
     <span class='ocr_line' id='line_1_35' title="bbox 2472 1286 3869 1360; baseline 0.004 -19"><span class='ocrx_word' id='word_1_194' title='bbox 2472 1286 2689 1342; x_wconf 82' lang='lat' dir='ltr'><strong>Ferrata</strong></span> <span class='ocrx_word' id='word_1_195' title='bbox 2719 1288 2786 1343; x_wconf 90' lang='lat' dir='ltr'><strong>de</strong></span> <span class='ocrx_word' id='word_1_196' title='bbox 2812 1298 2959 1344; x_wconf 87' lang='lat' dir='ltr'><strong>veste</strong></span> <span class='ocrx_word' id='word_1_197' title='bbox 2988 1302 3168 1354; x_wconf 89' lang='lat' dir='ltr'><strong>cruor,</strong></span> <span class='ocrx_word' id='word_1_198' title='bbox 3217 1305 3338 1344; x_wconf 81' lang='lat' dir='ltr'><strong>mox</strong></span> <span class='ocrx_word' id='word_1_199' title='bbox 3374 1299 3428 1345; x_wconf 90' lang='lat' dir='ltr'><strong>et</strong></span> <span class='ocrx_word' id='word_1_200' title='bbox 3474 1305 3640 1360; x_wconf 85' lang='lat' dir='ltr'><strong>pavor</strong></span> <span class='ocrx_word' id='word_1_201' title='bbox 3665 1292 3869 1346; x_wconf 78' lang='lat' dir='ltr'><strong>hostem</strong></span> 
     </span>
    </p>
   </div>
   <div class='ocr_carea' id='block_1_36' title="bbox 2468 1378 3864 1452">
    <p class='ocr_par' dir='ltr' id='par_1_36' title="bbox 2468 1378 3864 1452">
     <span class='ocr_line' id='line_1_36' title="bbox 2468 1378 3864 1452; baseline 0.004 -18"><span class='ocrx_word' id='word_1_202' title='bbox 2468 1378 2723 1435; x_wconf 91' lang='lat' dir='ltr'><strong>Cominus</strong></span> <span class='ocrx_word' id='word_1_203' title='bbox 2749 1389 3012 1436; x_wconf 90' lang='lat' dir='ltr'><strong>astantem</strong></span> <span class='ocrx_word' id='word_1_204' title='bbox 3055 1380 3269 1450; x_wconf 91' lang='lat' dir='ltr'><strong>prodit:</strong></span> <span class='ocrx_word' id='word_1_205' title='bbox 3303 1397 3422 1437; x_wconf 90' lang='lat' dir='ltr'><strong>nam</strong></span> <span class='ocrx_word' id='word_1_206' title='bbox 3464 1381 3636 1452; x_wconf 89' lang='lat' dir='ltr'><strong>pallor</strong></span> <span class='ocrx_word' id='word_1_207' title='bbox 3669 1384 3723 1437; x_wconf 93' lang='lat' dir='ltr'><strong>in</strong></span> <span class='ocrx_word' id='word_1_208' title='bbox 3752 1399 3864 1451; x_wconf 76' lang='lat' dir='ltr'><strong>ore,</strong></span> 
     </span>
    </p>
   </div>
   <div class='ocr_carea' id='block_1_37' title="bbox 2468 1471 3654 1544">
    <p class='ocr_par' dir='ltr' id='par_1_37' title="bbox 2468 1471 3654 1544">
     <span class='ocr_line' id='line_1_37' title="bbox 2468 1471 3654 1544; baseline 0.003 -18"><span class='ocrx_word' id='word_1_209' title='bbox 2468 1471 2726 1528; x_wconf 88' lang='lat' dir='ltr'><strong>Conscius</strong></span> <span class='ocrx_word' id='word_1_210' title='bbox 2757 1471 2972 1528; x_wconf 88' lang='lat' dir='ltr'><strong>audacis</strong></span> <span class='ocrx_word' id='word_1_211' title='bbox 2997 1473 3138 1541; x_wconf 77' lang='lat' dir='ltr'><strong>lacti,</strong></span> <span class='ocrx_word' id='word_1_212' title='bbox 3165 1473 3254 1528; x_wconf 88' lang='lat' dir='ltr'><strong>dat</strong></span> <span class='ocrx_word' id='word_1_213' title='bbox 3281 1475 3430 1544; x_wconf 89' lang='lat' dir='ltr'><strong>signa</strong></span> <span class='ocrx_word' id='word_1_214' title='bbox 3451 1485 3654 1542; x_wconf 86' lang='lat' dir='ltr'><strong>reatus,</strong></span> 
     </span>
    </p>
   </div>
   <div class='ocr_carea' id='block_1_38' title="bbox 2470 1562 3870 1636">
    <p class='ocr_par' dir='ltr' id='par_1_38' title="bbox 2470 1562 3870 1636">
     <span class='ocr_line' id='line_1_38' title="bbox 2470 1562 3870 1636; baseline 0.002 -19"><span class='ocrx_word' id='word_1_215' title='bbox 2470 1562 2535 1618; x_wconf 81' lang='lat' dir='ltr'><strong>Et</strong></span> <span class='ocrx_word' id='word_1_216' title='bbox 2562 1563 2822 1634; x_wconf 88' lang='lat' dir='ltr'><strong>deprensa</strong></span> <span class='ocrx_word' id='word_1_217' title='bbox 2855 1573 3088 1621; x_wconf 88' lang='lat' dir='ltr'><strong>tremunt</strong></span> <span class='ocrx_word' id='word_1_218' title='bbox 3118 1564 3375 1636; x_wconf 88' lang='lat' dir='ltr'><strong>languens</strong></span> <span class='ocrx_word' id='word_1_219' title='bbox 3398 1580 3609 1632; x_wconf 88' lang='lat' dir='ltr'><strong>manus,</strong></span> <span class='ocrx_word' id='word_1_220' title='bbox 3636 1577 3690 1622; x_wconf 90' lang='lat' dir='ltr'><strong>et</strong></span> <span class='ocrx_word' id='word_1_221' title='bbox 3721 1567 3870 1623; x_wconf 89' lang='lat' dir='ltr'><strong>color</strong></span> 
     </span>
    </p>
   </div>
   <div class='ocr_carea' id='block_1_39' title="bbox 3553 1657 3799 1730">
    <p class='ocr_par' dir='ltr' id='par_1_39' title="bbox 3553 1657 3799 1730">
     <span class='ocr_line' id='line_1_39' title="bbox 3553 1657 3799 1730; baseline 0.012 -19"><span class='ocrx_word' id='word_1_222' title='bbox 3553 1657 3799 1730; x_wconf 82' lang='lat' dir='ltr'><strong>[albens.</strong></span> 
     </span>
    </p>
   </div>
   <div class='ocr_carea' id='block_1_40' title="bbox 2294 1744 3845 1820">
    <p class='ocr_par' dir='ltr' id='par_1_40' title="bbox 2294 1744 3845 1820">
     <span class='ocr_line' id='line_1_40' title="bbox 2294 1744 3845 1820; baseline 0.004 -20"><span class='ocrx_word' id='word_1_223' title='bbox 2294 1744 2398 1802; x_wconf 87' lang='lat'><strong>705</strong></span> <span class='ocrx_word' id='word_1_224' title='bbox 2472 1746 2794 1803; x_wconf 85' lang='lat' dir='ltr'><strong>Circumstat</strong></span> <span class='ocrx_word' id='word_1_225' title='bbox 2821 1762 3047 1820; x_wconf 86' lang='lat' dir='ltr'><strong>propere</strong></span> <span class='ocrx_word' id='word_1_226' title='bbox 3073 1749 3272 1805; x_wconf 88' lang='lat' dir='ltr'><strong>strictis</strong></span> <span class='ocrx_word' id='word_1_227' title='bbox 3295 1750 3637 1806; x_wconf 88' lang='lat' dir='ltr'><strong>mucronibus</strong></span> <span class='ocrx_word' id='word_1_228' title='bbox 3667 1751 3845 1806; x_wconf 86' lang='lat' dir='ltr'><strong>omnis</strong></span> 
     </span>
    </p>
   </div>
   <div class='ocr_carea' id='block_1_41' title="bbox 2466 1836 3780 1910">
    <p class='ocr_par' dir='ltr' id='par_1_41' title="bbox 2466 1836 3780 1910">
     <span class='ocr_line' id='line_1_41' title="bbox 2466 1836 3780 1910; baseline 0.004 -19"><span class='ocrx_word' id='word_1_229' title='bbox 2466 1836 2734 1893; x_wconf 80' lang='lat' dir='ltr'><strong>Virtutum</strong></span> <span class='ocrx_word' id='word_1_230' title='bbox 2773 1838 2936 1910; x_wconf 87' lang='lat' dir='ltr'><strong>legio,</strong></span> <span class='ocrx_word' id='word_1_231' title='bbox 2964 1841 3254 1910; x_wconf 85' lang='lat' dir='ltr'><strong>exquirens</strong></span> <span class='ocrx_word' id='word_1_232' title='bbox 3285 1839 3522 1897; x_wconf 74' lang='lat' dir='ltr'><strong>fervente</strong></span> <span class='ocrx_word' id='word_1_233' title='bbox 3548 1843 3780 1897; x_wconf 92' lang='lat' dir='ltr'><strong>tumultu</strong></span> 
     </span>
    </p>
   </div>
   <div class='ocr_carea' id='block_1_42' title="bbox 2463 1929 3862 2004">
    <p class='ocr_par' dir='ltr' id='par_1_42' title="bbox 2463 1929 3862 2004">
     <span class='ocr_line' id='line_1_42' title="bbox 2463 1929 3862 2004; baseline 0.004 -20"><span class='ocrx_word' id='word_1_234' title='bbox 2463 1929 2531 1985; x_wconf 84' lang='lat' dir='ltr'><strong>Et</strong></span> <span class='ocrx_word' id='word_1_235' title='bbox 2574 1945 2762 2001; x_wconf 89' lang='lat' dir='ltr'><strong>genus,</strong></span> <span class='ocrx_word' id='word_1_236' title='bbox 2820 1940 2875 1987; x_wconf 88' lang='lat' dir='ltr'><strong>et</strong></span> <span class='ocrx_word' id='word_1_237' title='bbox 2923 1946 3139 2003; x_wconf 91' lang='lat' dir='ltr'><strong>nomen,</strong></span> <span class='ocrx_word' id='word_1_238' title='bbox 3193 1932 3448 2004; x_wconf 90' lang='lat' dir='ltr'><strong>patriam,</strong></span> <span class='ocrx_word' id='word_1_239' title='bbox 3507 1943 3862 2004; x_wconf 88' lang='lat' dir='ltr'><strong>sectamque,</strong></span> 
     </span>
    </p>
   </div>
   <div class='ocr_carea' id='block_1_43' title="bbox 3451 2024 3794 2096">
    <p class='ocr_par' dir='ltr' id='par_1_43' title="bbox 3451 2024 3794 2096">
     <span class='ocr_line' id='line_1_43' title="bbox 3451 2024 3794 2096; baseline 0.003 -18"><span class='ocrx_word' id='word_1_240' title='bbox 3451 2025 3469 2096; x_wconf 74' lang='grc' dir='ltr'>ι</span> <span class='ocrx_word' id='word_1_241' title='bbox 3497 2024 3794 2094; x_wconf 87' lang='lat' dir='ltr'><strong>Deumque,</strong></span> 
     </span>
    </p>
   </div>
   <div class='ocr_carea' id='block_1_44' title="bbox 2458 2112 3863 2186">
    <p class='ocr_par' dir='ltr' id='par_1_44' title="bbox 2458 2112 3863 2186">
     <span class='ocr_line' id='line_1_44' title="bbox 2458 2112 3863 2186; baseline 0 -19"><span class='ocrx_word' id='word_1_242' title='bbox 2458 2112 2622 2186; x_wconf 59' lang='lat'><strong>356</strong></span> <span class='ocrx_word' id='word_1_243' title='bbox 2646 2119 2814 2182; x_wconf 74' lang='lat' dir='ltr'><strong>Quem</strong></span> <span class='ocrx_word' id='word_1_244' title='bbox 2845 2113 3004 2180; x_wconf 85' lang='lat' dir='ltr'><strong>colat,</strong></span> <span class='ocrx_word' id='word_1_245' title='bbox 3025 2124 3080 2169; x_wconf 90' lang='lat' dir='ltr'><strong>et</strong></span> <span class='ocrx_word' id='word_1_246' title='bbox 3106 2114 3271 2170; x_wconf 89' lang='lat' dir='ltr'><strong>missu</strong></span> <span class='ocrx_word' id='word_1_247' title='bbox 3299 2115 3494 2184; x_wconf 63' lang='lat' dir='ltr'><strong>cuiatis</strong></span> <span class='ocrx_word' id='word_1_248' title='bbox 3520 2117 3747 2171; x_wconf 87' lang='lat' dir='ltr'><strong>venerit.</strong></span> <span class='ocrx_word' id='word_1_249' title='bbox 3772 2114 3863 2170; x_wconf 86' lang='lat' dir='ltr'><strong>Illa</strong></span> 
     </span>
    </p>
   </div>
   <div class='ocr_carea' id='block_1_45' title="bbox 2462 2202 3789 2276">
    <p class='ocr_par' dir='ltr' id='par_1_45' title="bbox 2462 2202 3789 2276">
     <span class='ocr_line' id='line_1_45' title="bbox 2462 2202 3789 2276; baseline 0.002 -18"><span class='ocrx_word' id='word_1_250' title='bbox 2462 2202 2784 2273; x_wconf 79' lang='lat' dir='ltr'><strong>Exsanguis,</strong></span> <span class='ocrx_word' id='word_1_251' title='bbox 2819 2203 3067 2258; x_wconf 90' lang='lat' dir='ltr'><strong>turbante</strong></span> <span class='ocrx_word' id='word_1_252' title='bbox 3099 2213 3268 2269; x_wconf 91' lang='lat' dir='ltr'><strong>metu,</strong></span> <span class='ocrx_word' id='word_1_253' title='bbox 3301 2205 3574 2261; x_wconf 90' lang='lat' dir='ltr'><strong>Discordia</strong></span> <span class='ocrx_word' id='word_1_254' title='bbox 3617 2206 3789 2276; x_wconf 87' lang='lat' dir='ltr'><strong>dicor,</strong></span> 
     </span>
    </p>
   </div>
   <div class='ocr_carea' id='block_1_46' title="bbox 2282 2293 3852 2366">
    <p class='ocr_par' dir='ltr' id='par_1_46' title="bbox 2282 2293 3852 2366">
     <span class='ocr_line' id='line_1_46' title="bbox 2282 2293 3852 2366; baseline 0.002 -16"><span class='ocrx_word' id='word_1_255' title='bbox 2282 2294 2386 2351; x_wconf 82' lang='lat'><strong>710</strong></span> <span class='ocrx_word' id='word_1_256' title='bbox 2458 2296 2828 2366; x_wconf 89' lang='lat' dir='ltr'><strong>Cognomento</strong></span> <span class='ocrx_word' id='word_1_257' title='bbox 2858 2293 3069 2350; x_wconf 82' lang='lat' dir='ltr'><strong>Heresis</strong></span> <span class='ocrx_word' id='word_1_258' title='bbox 3101 2313 3113 2347; x_wconf 92' lang='lat'>:</span> <span class='ocrx_word' id='word_1_259' title='bbox 3145 2295 3286 2352; x_wconf 90' lang='lat' dir='ltr'><strong>Deus</strong></span> <span class='ocrx_word' id='word_1_260' title='bbox 3317 2305 3399 2352; x_wconf 91' lang='lat' dir='ltr'><strong>est</strong></span> <span class='ocrx_word' id='word_1_261' title='bbox 3437 2296 3566 2353; x_wconf 87' lang='lat' dir='ltr'><strong>mibi</strong></span> <span class='ocrx_word' id='word_1_262' title='bbox 3599 2295 3852 2364; x_wconf 87' lang='lat' dir='ltr'><strong>discolor,</strong></span> 
     </span>
    </p>
   </div>
   <div class='ocr_carea' id='block_1_47' title="bbox 3569 2388 3788 2461">
    <p class='ocr_par' dir='ltr' id='par_1_47' title="bbox 3569 2388 3788 2461">
     <span class='ocr_line' id='line_1_47' title="bbox 3569 2388 3788 2461; baseline 0.005 -19"><span class='ocrx_word' id='word_1_263' title='bbox 3569 2388 3788 2461; x_wconf 84' lang='lat' dir='ltr'><strong>[inquit.</strong></span> 
     </span>
    </p>
   </div>
   <div class='ocr_carea' id='block_1_48' title="bbox 1915 2501 2584 2562">
    <p class='ocr_par' dir='ltr' id='par_1_48' title="bbox 1915 2501 2584 2562">
     <span class='ocr_line' id='line_1_48' title="bbox 1915 2501 2584 2562; baseline -0.006 -2"><span class='ocrx_word' id='word_1_264' title='bbox 1915 2501 2203 2562; x_wconf 65' lang='lat' dir='ltr'><strong>GLOSSE</strong></span> <span class='ocrx_word' id='word_1_265' title='bbox 2245 2501 2584 2561; x_wconf 76' lang='lat' dir='ltr'><strong>VETERES.</strong></span> 
     </span>
    </p>
   </div>
   <div class='ocr_carea' id='block_1_49' title="bbox 664 2635 2171 2709">
    <p class='ocr_par' dir='ltr' id='par_1_49' title="bbox 664 2635 2171 2709">
     <span class='ocr_line' id='line_1_49' title="bbox 664 2635 2171 2709; baseline -0.001 -16"><span class='ocrx_word' id='word_1_266' title='bbox 664 2636 788 2709; x_wconf 79' lang='lat'><strong>675.</strong></span> <span class='ocrx_word' id='word_1_267' title='bbox 813 2635 1141 2709; x_wconf 72' lang='lat' dir='ltr'><strong>Macronem,</strong></span> <span class='ocrx_word' id='word_1_268' title='bbox 1173 2637 1495 2709; x_wconf 84' lang='lat' dir='ltr'><strong>sicut_sicarii</strong></span> <span class='ocrx_word' id='word_1_269' title='bbox 1521 2637 1706 2692; x_wconf 82' lang='lat' dir='ltr'><strong>habent</strong></span> <span class='ocrx_word' id='word_1_270' title='bbox 1758 2638 1926 2709; x_wconf 81' lang='lat' dir='ltr'><strong>breves</strong></span> <span class='ocrx_word' id='word_1_271' title='bbox 1956 2639 2171 2709; x_wconf 75' lang='lat' dir='ltr'><strong>gladios.</strong></span> 
     </span>
    </p>
   </div>
   <div class='ocr_carea' id='block_1_50' title="bbox 595 2707 1965 2780">
    <p class='ocr_par' dir='ltr' id='par_1_50' title="bbox 595 2707 1965 2780">
     <span class='ocr_line' id='line_1_50' title="bbox 595 2707 1965 2780; baseline -0.001 -16"><span class='ocrx_word' id='word_1_272' title='bbox 595 2707 1017 2780; x_wconf 12' lang='lat' dir='ltr'><strong>—7Squalentia,</strong></span> <span class='ocrx_word' id='word_1_273' title='bbox 1050 2709 1282 2780; x_wconf 75' lang='lat' dir='ltr'><strong>nitentia,</strong></span> <span class='ocrx_word' id='word_1_274' title='bbox 1310 2707 1412 2780; x_wconf 79' lang='lat' dir='ltr'><strong>lso.</strong></span> <span class='ocrx_word' id='word_1_275' title='bbox 1447 2709 1805 2780; x_wconf 81' lang='lat' dir='ltr'><strong>Splendentia,</strong></span> <span class='ocrx_word' id='word_1_276' title='bbox 1834 2707 1965 2764; x_wconf 80' lang='lat' dir='ltr'><strong>Mar.</strong></span> 
     </span>
    </p>
   </div>
   <div class='ocr_carea' id='block_1_51' title="bbox 661 2778 1363 2845">
    <p class='ocr_par' dir='ltr' id='par_1_51' title="bbox 661 2778 1363 2845">
     <span class='ocr_line' id='line_1_51' title="bbox 661 2778 1363 2845; baseline -0.004 -9"><span class='ocrx_word' id='word_1_277' title='bbox 661 2778 785 2836; x_wconf 82' lang='lat'><strong>675.</strong></span> <span class='ocrx_word' id='word_1_278' title='bbox 833 2779 1032 2842; x_wconf 77' lang='lat' dir='ltr'><strong>llatnis,</strong></span> <span class='ocrx_word' id='word_1_279' title='bbox 1063 2778 1289 2845; x_wconf 72' lang='lat' dir='ltr'><strong>circulis,</strong></span> <span class='ocrx_word' id='word_1_280' title='bbox 1322 2778 1363 2833; x_wconf 86' lang='grc' dir='ltr'>Ι.</span> 
     </span>
    </p>
   </div>
   <div class='ocr_carea' id='block_1_52' title="bbox 663 2847 1340 2915">
    <p class='ocr_par' dir='ltr' id='par_1_52' title="bbox 663 2847 1340 2915">
     <span class='ocr_line' id='line_1_52' title="bbox 663 2847 1340 2915; baseline -0.003 -10"><span class='ocrx_word' id='word_1_281' title='bbox 663 2849 790 2908; x_wconf 80' lang='grc'>676.</span> <span class='ocrx_word' id='word_1_282' title='bbox 817 2847 1068 2915; x_wconf 81' lang='lat' dir='ltr'><strong>Tenacia,</strong></span> <span class='ocrx_word' id='word_1_283' title='bbox 1100 2849 1271 2913; x_wconf 80' lang='lat' dir='ltr'><strong>ﬁrma,</strong></span> <span class='ocrx_word' id='word_1_284' title='bbox 1302 2849 1340 2903; x_wconf 90' lang='lat' dir='ltr'><strong>l.</strong></span> 
     </span>
    </p>
   </div>
   <div class='ocr_carea' id='block_1_53' title="bbox 660 2919 1572 2991">
    <p class='ocr_par' dir='ltr' id='par_1_53' title="bbox 660 2919 1572 2991">
     <span class='ocr_line' id='line_1_53' title="bbox 660 2919 1572 2991; baseline 0.001 -17"><span class='ocrx_word' id='word_1_285' title='bbox 660 2920 786 2991; x_wconf 84' lang='lat'><strong>678.</strong></span> <span class='ocrx_word' id='word_1_286' title='bbox 821 2919 981 2984; x_wconf 81' lang='lat' dir='ltr'><strong>Rara,</strong></span> <span class='ocrx_word' id='word_1_287' title='bbox 1003 2936 1180 2991; x_wconf 76' lang='lat' dir='ltr'><strong>parua,</strong></span> <span class='ocrx_word' id='word_1_288' title='bbox 1223 2921 1499 2987; x_wconf 84' lang='lat' dir='ltr'><strong>veltennis,</strong></span> <span class='ocrx_word' id='word_1_289' title='bbox 1530 2921 1572 2975; x_wconf 95' lang='grc'>1.</span> 
     </span>
    </p>
   </div>
   <div class='ocr_carea' id='block_1_54' title="bbox 659 2990 2079 3063">
    <p class='ocr_par' dir='ltr' id='par_1_54' title="bbox 659 2990 2079 3063">
     <span class='ocr_line' id='line_1_54' title="bbox 659 2990 2079 3063; baseline 0 -19"><span class='ocrx_word' id='word_1_290' title='bbox 659 2990 785 3063; x_wconf 86' lang='grc'>679.</span> <span class='ocrx_word' id='word_1_291' title='bbox 813 2990 1195 3063; x_wconf 73' lang='lat' dir='ltr'><strong>Commissum,</strong></span> <span class='ocrx_word' id='word_1_292' title='bbox 1227 2995 1589 3063; x_wconf 88' lang='lat' dir='ltr'><strong>conjunctura,</strong></span> <span class='ocrx_word' id='word_1_293' title='bbox 1621 2991 1698 3046; x_wconf 79' lang='lat' dir='ltr'><strong>uel</strong></span> <span class='ocrx_word' id='word_1_294' title='bbox 1724 2992 1939 3059; x_wconf 77' lang='lat' dir='ltr'><strong>ﬂexura,</strong></span> <span class='ocrx_word' id='word_1_295' title='bbox 1967 2991 2079 3063; x_wconf 18' lang='lat' dir='ltr'><strong>Also.</strong></span> 
     </span>
    </p>
   </div>
   <div class='ocr_carea' id='block_1_55' title="bbox 658 3061 2167 3134">
    <p class='ocr_par' dir='ltr' id='par_1_55' title="bbox 658 3061 2167 3134">
     <span class='ocr_line' id='line_1_55' title="bbox 658 3061 2167 3134; baseline 0.001 -18"><span class='ocrx_word' id='word_1_296' title='bbox 658 3061 782 3134; x_wconf 87' lang='grc'>689.</span> <span class='ocrx_word' id='word_1_297' title='bbox 813 3061 1009 3134; x_wconf 78' lang='lat' dir='ltr'><strong>Sicani,</strong></span> <span class='ocrx_word' id='word_1_298' title='bbox 1042 3062 1241 3134; x_wconf 76' lang='lat' dir='ltr'><strong>gladius</strong></span> <span class='ocrx_word' id='word_1_299' title='bbox 1267 3061 1361 3131; x_wconf 78' lang='lat' dir='ltr'><strong>est,</strong></span> <span class='ocrx_word' id='word_1_300' title='bbox 1400 3066 1452 3117; x_wconf 90' lang='lat' dir='ltr'><strong>in</strong></span> <span class='ocrx_word' id='word_1_301' title='bbox 1489 3063 1658 3118; x_wconf 88' lang='lat' dir='ltr'><strong>medio</strong></span> <span class='ocrx_word' id='word_1_302' title='bbox 1687 3064 1929 3134; x_wconf 87' lang='lat' dir='ltr'><strong>capulum</strong></span> <span class='ocrx_word' id='word_1_303' title='bbox 1955 3061 2167 3132; x_wconf 82' lang='lat' dir='ltr'><strong>habens,</strong></span> 
     </span>
    </p>
   </div>
   <div class='ocr_carea' id='block_1_56' title="bbox 591 3132 1392 3200">
    <p class='ocr_par' dir='ltr' id='par_1_56' title="bbox 591 3132 1392 3200">
     <span class='ocr_line' id='line_1_56' title="bbox 591 3132 1392 3200; baseline -0.001 -13"><span class='ocrx_word' id='word_1_304' title='bbox 591 3141 636 3187; x_wconf 76' lang='lat' dir='ltr'><strong>et</strong></span> <span class='ocrx_word' id='word_1_305' title='bbox 665 3133 780 3186; x_wconf 81' lang='lat' dir='ltr'><strong>hinc</strong></span> <span class='ocrx_word' id='word_1_306' title='bbox 806 3133 924 3187; x_wconf 89' lang='lat' dir='ltr'><strong>inde</strong></span> <span class='ocrx_word' id='word_1_307' title='bbox 951 3144 1152 3200; x_wconf 85' lang='lat' dir='ltr'><strong>acutus,</strong></span> <span class='ocrx_word' id='word_1_308' title='bbox 1183 3132 1225 3186; x_wconf 91' lang='grc'>1.</span> <span class='ocrx_word' id='word_1_309' title='bbox 1312 3198 1316 3200; x_wconf 95' lang='lat'>_</span> <span class='ocrx_word' id='word_1_310' title='bbox 1387 3143 1392 3147; x_wconf 87' lang='lat'>&#39;</span> 
     </span>
    </p>
   </div>
   <div class='ocr_carea' id='block_1_57' title="bbox 2353 2635 3042 2702">
    <p class='ocr_par' dir='ltr' id='par_1_57' title="bbox 2353 2635 3042 2702">
     <span class='ocr_line' id='line_1_57' title="bbox 2353 2635 3042 2702; baseline -0.006 -9"><span class='ocrx_word' id='word_1_311' title='bbox 2353 2638 2479 2693; x_wconf 80' lang='lat' dir='ltr'><strong>69L</strong></span> <span class='ocrx_word' id='word_1_312' title='bbox 2515 2637 2726 2702; x_wconf 88' lang='lat' dir='ltr'><strong>Vitalia,</strong></span> <span class='ocrx_word' id='word_1_313' title='bbox 2759 2636 2970 2701; x_wconf 78' lang='lat' dir='ltr'><strong>uiscera,</strong></span> <span class='ocrx_word' id='word_1_314' title='bbox 3001 2635 3042 2691; x_wconf 87' lang='grc'>1.</span> 
     </span>
    </p>
   </div>
   <div class='ocr_carea' id='block_1_58' title="bbox 2350 2705 3086 2776">
    <p class='ocr_par' dir='ltr' id='par_1_58' title="bbox 2350 2705 3086 2776">
     <span class='ocr_line' id='line_1_58' title="bbox 2350 2705 3086 2776; baseline -0.005 -13"><span class='ocrx_word' id='word_1_315' title='bbox 2350 2708 2476 2763; x_wconf 69' lang='grc' dir='ltr'>69ὶ.</span> <span class='ocrx_word' id='word_1_316' title='bbox 2512 2708 2739 2776; x_wconf 74' lang='lat' dir='ltr'><strong>Extima,</strong></span> <span class='ocrx_word' id='word_1_317' title='bbox 2770 2715 3016 2776; x_wconf 72' lang='lat' dir='ltr'><strong>extrema,</strong></span> <span class='ocrx_word' id='word_1_318' title='bbox 3045 2705 3086 2762; x_wconf 85' lang='grc' dir='ltr'>Ι.</span> 
     </span>
    </p>
   </div>
   <div class='ocr_carea' id='block_1_59' title="bbox 2349 2775 2933 2847">
    <p class='ocr_par' dir='ltr' id='par_1_59' title="bbox 2349 2775 2933 2847">
     <span class='ocr_line' id='line_1_59' title="bbox 2349 2775 2933 2847; baseline -0.007 -14"><span class='ocrx_word' id='word_1_319' title='bbox 2349 2779 2474 2833; x_wconf 87' lang='grc'>697.</span> <span class='ocrx_word' id='word_1_320' title='bbox 2509 2778 2679 2844; x_wconf 89' lang='lat' dir='ltr'><strong>Bello,</strong></span> <span class='ocrx_word' id='word_1_321' title='bbox 2708 2777 2868 2847; x_wconf 77' lang='lat' dir='ltr'><strong>ferro,</strong></span> <span class='ocrx_word' id='word_1_322' title='bbox 2896 2775 2933 2830; x_wconf 93' lang='grc' dir='ltr'>Ι.</span> 
     </span>
    </p>
   </div>
   <div class='ocr_carea' id='block_1_60' title="bbox 2347 2849 3851 2920">
    <p class='ocr_par' dir='ltr' id='par_1_60' title="bbox 2347 2849 3851 2920">
     <span class='ocr_line' id='line_1_60' title="bbox 2347 2849 3851 2920; baseline 0.001 -16"><span class='ocrx_word' id='word_1_323' title='bbox 2347 2849 2472 2904; x_wconf 72' lang='lat'><strong>702.</strong></span> <span class='ocrx_word' id='word_1_324' title='bbox 2493 2849 2770 2920; x_wconf 83' lang='lat' dir='ltr'><strong>Cominus,</strong></span> <span class='ocrx_word' id='word_1_325' title='bbox 2795 2851 2966 2916; x_wconf 70' lang='lat' dir='ltr'><strong>juxta,</strong></span> <span class='ocrx_word' id='word_1_326' title='bbox 2996 2850 3072 2903; x_wconf 80' lang='lat' dir='ltr'><strong>vel</strong></span> <span class='ocrx_word' id='word_1_327' title='bbox 3096 2849 3532 2920; x_wconf 87' lang='lat' dir='ltr'><strong>propius.—0re,</strong></span> <span class='ocrx_word' id='word_1_328' title='bbox 3561 2850 3616 2904; x_wconf 88' lang='lat' dir='ltr'><strong>in</strong></span> <span class='ocrx_word' id='word_1_329' title='bbox 3637 2851 3789 2920; x_wconf 76' lang='lat' dir='ltr'><strong>facie,</strong></span> <span class='ocrx_word' id='word_1_330' title='bbox 3811 2850 3851 2906; x_wconf 92' lang='lat' dir='ltr'><strong>l.</strong></span> 
     </span>
    </p>
   </div>
   <div class='ocr_carea' id='block_1_61' title="bbox 2349 2918 3334 2990">
    <p class='ocr_par' dir='ltr' id='par_1_61' title="bbox 2349 2918 3334 2990">
     <span class='ocr_line' id='line_1_61' title="bbox 2349 2918 3334 2990; baseline 0.004 -17"><span class='ocrx_word' id='word_1_331' title='bbox 2349 2920 2472 2976; x_wconf 89' lang='lat'><strong>706.</strong></span> <span class='ocrx_word' id='word_1_332' title='bbox 2511 2918 2826 2989; x_wconf 77' lang='lat' dir='ltr'><strong>Exquir’ens,</strong></span> <span class='ocrx_word' id='word_1_333' title='bbox 2857 2918 3202 2990; x_wconf 78' lang='lat' dir='ltr'><strong>interrogans,</strong></span> <span class='ocrx_word' id='word_1_334' title='bbox 3233 2920 3334 2977; x_wconf 92' lang='lat' dir='ltr'><strong>Iso.</strong></span> 
     </span>
    </p>
   </div>
   <div class='ocr_carea' id='block_1_62' title="bbox 2352 2990 3391 3063">
    <p class='ocr_par' dir='ltr' id='par_1_62' title="bbox 2352 2990 3391 3063">
     <span class='ocr_line' id='line_1_62' title="bbox 2352 2990 3391 3063; baseline 0.003 -18"><span class='ocrx_word' id='word_1_335' title='bbox 2352 2991 2476 3063; x_wconf 85' lang='lat'><strong>707.</strong></span> <span class='ocrx_word' id='word_1_336' title='bbox 2511 2991 2746 3063; x_wconf 77' lang='lat' dir='ltr'><strong>Sectam,</strong></span> <span class='ocrx_word' id='word_1_337' title='bbox 2777 2990 3084 3063; x_wconf 74' lang='lat' dir='ltr'><strong>doctrinam,</strong></span> <span class='ocrx_word' id='word_1_338' title='bbox 3119 2993 3325 3063; x_wconf 78' lang='lat' dir='ltr'><strong>dogma,</strong></span> <span class='ocrx_word' id='word_1_339' title='bbox 3350 2992 3391 3048; x_wconf 93' lang='lat' dir='ltr'><strong>I.</strong></span> 
     </span>
    </p>
   </div>
   <div class='ocr_carea' id='block_1_63' title="bbox 2351 3060 3854 3133">
    <p class='ocr_par' dir='ltr' id='par_1_63' title="bbox 2351 3060 3854 3133">
     <span class='ocr_line' id='line_1_63' title="bbox 2351 3060 3854 3133; baseline 0.001 -18"><span class='ocrx_word' id='word_1_340' title='bbox 2351 3061 2729 3133; x_wconf 89' lang='lat' dir='ltr'><strong>708._Cujatis,</strong></span> <span class='ocrx_word' id='word_1_341' title='bbox 2770 3060 2834 3116; x_wconf 85' lang='lat' dir='ltr'><strong>de</strong></span> <span class='ocrx_word' id='word_1_342' title='bbox 2873 3077 2974 3131; x_wconf 83' lang='lat' dir='ltr'><strong>qua</strong></span> <span class='ocrx_word' id='word_1_343' title='bbox 3012 3072 3158 3133; x_wconf 84' lang='lat' dir='ltr'><strong>gente</strong></span> <span class='ocrx_word' id='word_1_344' title='bbox 3188 3060 3352 3119; x_wconf 55' lang='lat' dir='ltr'><strong>inissa</strong></span> <span class='ocrx_word' id='word_1_345' title='bbox 3403 3071 3566 3128; x_wconf 84' lang='lat' dir='ltr'><strong>esset;</strong></span> <span class='ocrx_word' id='word_1_346' title='bbox 3608 3061 3688 3117; x_wconf 77' lang='lat' dir='ltr'><strong>uel</strong></span> <span class='ocrx_word' id='word_1_347' title='bbox 3711 3064 3854 3131; x_wconf 77' lang='lat' dir='ltr'><strong>cuius</strong></span> 
     </span>
    </p>
   </div>
   <div class='ocr_carea' id='block_1_64' title="bbox 2286 3131 2526 3205">
    <p class='ocr_par' dir='ltr' id='par_1_64' title="bbox 2286 3131 2526 3205">
     <span class='ocr_line' id='line_1_64' title="bbox 2286 3131 2526 3205; baseline -0.004 -18"><span class='ocrx_word' id='word_1_348' title='bbox 2286 3134 2468 3205; x_wconf 81' lang='lat' dir='ltr'><strong>gentis,</strong></span> <span class='ocrx_word' id='word_1_349' title='bbox 2488 3131 2526 3186; x_wconf 94' lang='lat' dir='ltr'><strong>l.</strong></span> 
     </span>
    </p>
   </div>
   <div class='ocr_carea' id='block_1_65' title="bbox 1949 3265 2534 3323">
    <p class='ocr_par' dir='ltr' id='par_1_65' title="bbox 1949 3265 2534 3323">
     <span class='ocr_line' id='line_1_65' title="bbox 1949 3265 2534 3323; baseline -0.005 0"><span class='ocrx_word' id='word_1_350' title='bbox 1949 3265 2511 3323; x_wconf 77' lang='lat' dir='ltr'><strong>COMMENTARIUS.</strong></span> <span class='ocrx_word' id='word_1_351' title='bbox 2531 3317 2534 3320; x_wconf 83' lang='lat'><strong>.</strong></span> 
     </span>
    </p>
   </div>
   <div class='ocr_carea' id='block_1_66' title="bbox 673 3358 3860 3431">
    <p class='ocr_par' dir='ltr' id='par_1_66' title="bbox 673 3358 3860 3431">
     <span class='ocr_line' id='line_1_66' title="bbox 673 3358 3860 3431; baseline 0 -16"><span class='ocrx_word' id='word_1_352' title='bbox 673 3359 797 3415; x_wconf 79' lang='lat'><strong>673.</strong></span> <span class='ocrx_word' id='word_1_353' title='bbox 827 3358 886 3415; x_wconf 86' lang='lat' dir='ltr'><strong>In</strong></span> <span class='ocrx_word' id='word_1_354' title='bbox 914 3358 1035 3414; x_wconf 82' lang='lat' dir='ltr'><strong>Rat.</strong></span> <span class='ocrx_word' id='word_1_355' title='bbox 1088 3368 1363 3416; x_wconf 89' lang='lat' dir='ltr'><strong>corrector</strong></span> <span class='ocrx_word' id='word_1_356' title='bbox 1393 3361 1627 3431; x_wconf 90' lang='lat' dir='ltr'><strong>poetices</strong></span> <span class='ocrx_word' id='word_1_357' title='bbox 1658 3361 1872 3431; x_wconf 88' lang='lat' dir='ltr'><strong>ignarus</strong></span> <span class='ocrx_word' id='word_1_358' title='bbox 1902 3375 1997 3431; x_wconf 90' lang='lat' dir='ltr'><strong>pro</strong></span> <span class='ocrx_word' id='word_1_359' title='bbox 2056 3360 2180 3416; x_wconf 75' lang='grc' dir='ltr'><strong>ιιι»υο</strong></span> <span class='ocrx_word' id='word_1_360' title='bbox 2206 3360 2254 3424; x_wconf 85' lang='lat' dir='ltr'><strong>C</strong></span> <span class='ocrx_word' id='word_1_361' title='bbox 2286 3361 3724 3431; x_wconf 69' lang='lat' dir='ltr'><strong>cunilainredimitosproducitur,raro,etliandscio,an</strong></span> <span class='ocrx_word' id='word_1_362' title='bbox 3743 3363 3860 3417; x_wconf 83' lang='lat' dir='ltr'><strong>uni-</strong></span> 
     </span>
    </p>
   </div>
   <div class='ocr_carea' id='block_1_67' title="bbox 593 3431 2172 3501">
    <p class='ocr_par' dir='ltr' id='par_1_67' title="bbox 593 3431 2172 3501">
     <span class='ocr_line' id='line_1_67' title="bbox 593 3431 2172 3501; baseline 0.001 -15"><span class='ocrx_word' id='word_1_363' title='bbox 593 3431 647 3486; x_wconf 89' lang='lat' dir='ltr'><strong>in</strong></span> <span class='ocrx_word' id='word_1_364' title='bbox 672 3434 826 3484; x_wconf 87' lang='lat' dir='ltr'><strong>latere</strong></span> <span class='ocrx_word' id='word_1_365' title='bbox 854 3434 1030 3501; x_wconf 89' lang='lat' dir='ltr'><strong>posuit</strong></span> <span class='ocrx_word' id='word_1_366' title='bbox 1057 3431 1214 3486; x_wconf 78' lang='lat' dir='ltr'><strong>latere</strong></span> <span class='ocrx_word' id='word_1_367' title='bbox 1239 3433 1291 3486; x_wconf 91' lang='lat' dir='ltr'><strong>in</strong></span> <span class='ocrx_word' id='word_1_368' title='bbox 1319 3433 1466 3498; x_wconf 72' lang='lat' dir='ltr'><strong>Iazvo,</strong></span> <span class='ocrx_word' id='word_1_369' title='bbox 1497 3449 1601 3486; x_wconf 83' lang='lat' dir='ltr'><strong>non</strong></span> <span class='ocrx_word' id='word_1_370' title='bbox 1627 3435 1932 3498; x_wconf 85' lang='lat' dir='ltr'><strong>advertens,</strong></span> <span class='ocrx_word' id='word_1_371' title='bbox 1967 3441 2172 3500; x_wconf 88' lang='lat' dir='ltr'><strong>postre-</strong></span> 
     </span>
    </p>
   </div>
   <div class='ocr_carea' id='block_1_68' title="bbox 593 3502 2173 3572">
    <p class='ocr_par' dir='ltr' id='par_1_68' title="bbox 593 3502 2173 3572">
     <span class='ocr_line' id='line_1_68' title="bbox 593 3502 2173 3572; baseline -0.002 -13"><span class='ocrx_word' id='word_1_372' title='bbox 593 3516 739 3559; x_wconf 87' lang='lat' dir='ltr'><strong>mum</strong></span> <span class='ocrx_word' id='word_1_373' title='bbox 760 3515 786 3554; x_wconf 87' lang='lat' dir='ltr'><strong>e</strong></span> <span class='ocrx_word' id='word_1_374' title='bbox 816 3512 960 3556; x_wconf 88' lang='lat' dir='ltr'><strong>recte</strong></span> <span class='ocrx_word' id='word_1_375' title='bbox 993 3502 1047 3556; x_wconf 89' lang='lat' dir='ltr'><strong>iu</strong></span> <span class='ocrx_word' id='word_1_376' title='bbox 1078 3502 1234 3556; x_wconf 81' lang='lat' dir='ltr'><strong>latere</strong></span> <span class='ocrx_word' id='word_1_377' title='bbox 1254 3504 1470 3570; x_wconf 76' lang='lat' dir='ltr'><strong>produci</strong></span> <span class='ocrx_word' id='word_1_378' title='bbox 1499 3517 1654 3572; x_wconf 75' lang='lat' dir='ltr'><strong>posse</strong></span> <span class='ocrx_word' id='word_1_379' title='bbox 1702 3505 1770 3557; x_wconf 88' lang='lat' dir='ltr'><strong>ob</strong></span> <span class='ocrx_word' id='word_1_380' title='bbox 1797 3504 1928 3556; x_wconf 86' lang='lat' dir='ltr'><strong>duas</strong></span> <span class='ocrx_word' id='word_1_381' title='bbox 1981 3516 2173 3557; x_wconf 89' lang='lat' dir='ltr'><strong>conso-</strong></span> 
     </span>
    </p>
   </div>
   <div class='ocr_carea' id='block_1_69' title="bbox 593 3573 2174 3700">
    <p class='ocr_par' dir='ltr' id='par_1_69' title="bbox 593 3573 2174 3700">
     <span class='ocr_line' id='line_1_69' title="bbox 593 3573 2174 3700; baseline 0.001 -72"><span class='ocrx_word' id='word_1_382' title='bbox 593 3581 784 3700; x_wconf 49' lang='lat' dir='ltr'><strong>gantes</strong></span> <span class='ocrx_word' id='word_1_383' title='bbox 812 3573 1058 3629; x_wconf 81' lang='lat' dir='ltr'><strong>dictionis</strong></span> <span class='ocrx_word' id='word_1_384' title='bbox 1094 3575 1385 3644; x_wconf 86' lang='lat' dir='ltr'><strong>sequentis,</strong></span> <span class='ocrx_word' id='word_1_385' title='bbox 1440 3574 1580 3644; x_wconf 88' lang='lat' dir='ltr'><strong>quod</strong></span> <span class='ocrx_word' id='word_1_386' title='bbox 1627 3574 1886 3629; x_wconf 81' lang='lat' dir='ltr'><strong>familiare</strong></span> <span class='ocrx_word' id='word_1_387' title='bbox 1931 3583 2014 3628; x_wconf 90' lang='lat' dir='ltr'><strong>est</strong></span> <span class='ocrx_word' id='word_1_388' title='bbox 2043 3573 2174 3629; x_wconf 85' lang='lat' dir='ltr'><strong>Pru-</strong></span> 
     </span>
     <span class='ocr_line' id='line_1_70' title="bbox 629 3658 793 3699; baseline -0.018 0"><span class='ocrx_word' id='word_1_389' title='bbox 629 3660 694 3699; x_wconf 90' lang='lat' dir='ltr'><strong>en</strong></span> <span class='ocrx_word' id='word_1_390' title='bbox 725 3658 793 3697; x_wconf 86' lang='grc' dir='ltr'><strong>Ιοο</strong></span> 
     </span>
    </p>
   </div>
   <div class='ocr_carea' id='block_1_70' title="bbox 629 3645 793 3699">
    <p class='ocr_par' dir='ltr' id='par_1_70' title="bbox 629 3645 793 3699">
     <span class='ocr_line' id='line_1_71' title="bbox 629 3645 793 3699; baseline -0.018 0"><span class='ocrx_word' id='word_1_391' title='bbox 629 3645 793 3699; x_wconf 86' lang='lat' dir='ltr'><strong>entio.</strong></span> 
     </span>
    </p>
   </div>
   <div class='ocr_carea' id='block_1_71' title="bbox 663 3713 2175 3789">
    <p class='ocr_par' dir='ltr' id='par_1_71' title="bbox 663 3713 2175 3789">
     <span class='ocr_line' id='line_1_72' title="bbox 663 3713 2175 3789; baseline 0.001 -21"><span class='ocrx_word' id='word_1_392' title='bbox 663 3715 787 3769; x_wconf 60' lang='grc'>678.</span> <span class='ocrx_word' id='word_1_393' title='bbox 823 3715 948 3789; x_wconf 75' lang='lat' dir='ltr'><strong>Alii,</strong></span> <span class='ocrx_word' id='word_1_394' title='bbox 979 3718 1324 3789; x_wconf 74' lang='lat' dir='ltr'><strong>subtegmine;</strong></span> <span class='ocrx_word' id='word_1_395' title='bbox 1377 3715 1485 3781; x_wconf 88' lang='lat' dir='ltr'><strong>alii,</strong></span> <span class='ocrx_word' id='word_1_396' title='bbox 1522 3715 1840 3789; x_wconf 65' lang='lat' dir='ltr'><strong>subtemine.</strong></span> <span class='ocrx_word' id='word_1_397' title='bbox 1887 3713 2017 3770; x_wconf 89' lang='lat' dir='ltr'><strong>Vide</strong></span> <span class='ocrx_word' id='word_1_398' title='bbox 2043 3715 2175 3771; x_wconf 87' lang='lat' dir='ltr'><strong>scri-</strong></span> 
     </span>
    </p>
   </div>
   <div class='ocr_carea' id='block_1_72' title="bbox 589 3785 1945 3860">
    <p class='ocr_par' dir='ltr' id='par_1_72' title="bbox 589 3785 1945 3860">
     <span class='ocr_line' id='line_1_73' title="bbox 589 3785 1945 3860; baseline -0.002 -18"><span class='ocrx_word' id='word_1_399' title='bbox 589 3795 770 3860; x_wconf 82' lang='lat' dir='ltr'><strong>ptores</strong></span> <span class='ocrx_word' id='word_1_400' title='bbox 799 3785 871 3860; x_wconf 90' lang='lat' dir='ltr'><strong>r_ei</strong></span> <span class='ocrx_word' id='word_1_401' title='bbox 902 3785 1348 3860; x_wconf 72' lang='lat' dir='ltr'><strong>orthographicc,</strong></span> <span class='ocrx_word' id='word_1_402' title='bbox 1379 3789 1492 3860; x_wconf 85' lang='lat' dir='ltr'><strong>sive</strong></span> <span class='ocrx_word' id='word_1_403' title='bbox 1521 3785 1945 3856; x_wconf 75' lang='lat' dir='ltr'><strong>lexicograpbos.</strong></span> 
     </span>
    </p>
   </div>
   <div class='ocr_carea' id='block_1_73' title="bbox 660 3857 1657 3922">
    <p class='ocr_par' dir='ltr' id='par_1_73' title="bbox 660 3857 1657 3922">
     <span class='ocr_line' id='line_1_74' title="bbox 660 3857 1657 3922; baseline 0.001 -11"><span class='ocrx_word' id='word_1_404' title='bbox 660 3857 785 3911; x_wconf 81' lang='lat'><strong>675.</strong></span> <span class='ocrx_word' id='word_1_405' title='bbox 815 3857 870 3909; x_wconf 94' lang='lat' dir='ltr'><strong>In</strong></span> <span class='ocrx_word' id='word_1_406' title='bbox 900 3859 1031 3922; x_wconf 82' lang='lat' dir='ltr'><strong>Erl&#39;.,</strong></span> <span class='ocrx_word' id='word_1_407' title='bbox 1065 3857 1313 3913; x_wconf 79' lang='lat' dir='ltr'><strong>mendum</strong></span> <span class='ocrx_word' id='word_1_408' title='bbox 1361 3857 1657 3912; x_wconf 84' lang='lat' dir='ltr'><strong>ambierent.</strong></span> 
     </span>
    </p>
   </div>
   <div class='ocr_carea' id='block_1_74' title="bbox 663 3925 2170 3994">
    <p class='ocr_par' dir='ltr' id='par_1_74' title="bbox 663 3925 2170 3994">
     <span class='ocr_line' id='line_1_75' title="bbox 663 3925 2170 3994; baseline 0 -13"><span class='ocrx_word' id='word_1_409' title='bbox 663 3926 787 3981; x_wconf 87' lang='lat'><strong>679.</strong></span> <span class='ocrx_word' id='word_1_410' title='bbox 849 3926 904 3980; x_wconf 89' lang='lat' dir='ltr'><strong>In</strong></span> <span class='ocrx_word' id='word_1_411' title='bbox 952 3931 1081 3982; x_wconf 85' lang='lat' dir='ltr'><strong>edit.</strong></span> <span class='ocrx_word' id='word_1_412' title='bbox 1122 3930 1313 3982; x_wconf 89' lang='lat' dir='ltr'><strong>Colon.</strong></span> <span class='ocrx_word' id='word_1_413' title='bbox 1344 3927 1410 3981; x_wconf 88' lang='lat' dir='ltr'><strong>ad</strong></span> <span class='ocrx_word' id='word_1_414' title='bbox 1439 3943 1609 3992; x_wconf 89' lang='lat' dir='ltr'><strong>oram,</strong></span> <span class='ocrx_word' id='word_1_415' title='bbox 1637 3925 1758 3981; x_wconf 88' lang='lat' dir='ltr'><strong>Ald.</strong></span> <span class='ocrx_word' id='word_1_416' title='bbox 1813 3929 2170 3994; x_wconf 80' lang='lat' dir='ltr'><strong>coniunctura.</strong></span> 
     </span>
    </p>
   </div>
   <div class='ocr_carea' id='block_1_75' title="bbox 593 3998 1346 4062">
    <p class='ocr_par' dir='ltr' id='par_1_75' title="bbox 593 3998 1346 4062">
     <span class='ocr_line' id='line_1_76' title="bbox 593 3998 1346 4062; baseline -0.005 -8"><span class='ocrx_word' id='word_1_417' title='bbox 593 3998 761 4054; x_wconf 70' lang='lat' dir='ltr'><strong>Aldus</strong></span> <span class='ocrx_word' id='word_1_418' title='bbox 792 4010 962 4062; x_wconf 85' lang='lat' dir='ltr'><strong>meus,</strong></span> <span class='ocrx_word' id='word_1_419' title='bbox 993 4000 1346 4050; x_wconf 82' lang='lat' dir='ltr'><strong>commissura.</strong></span> 
     </span>
    </p>
   </div>
   <div class='ocr_carea' id='block_1_76' title="bbox 663 4063 2174 4136">
    <p class='ocr_par' dir='ltr' id='par_1_76' title="bbox 663 4063 2174 4136">
     <span class='ocr_line' id='line_1_77' title="bbox 663 4063 2174 4136; baseline 0.001 -15"><span class='ocrx_word' id='word_1_420' title='bbox 663 4063 788 4121; x_wconf 76' lang='lat' dir='ltr'><strong>68L</strong></span> <span class='ocrx_word' id='word_1_421' title='bbox 823 4066 953 4120; x_wconf 84' lang='lat' dir='ltr'><strong>Mar.</strong></span> <span class='ocrx_word' id='word_1_422' title='bbox 981 4084 1009 4122; x_wconf 90' lang='lat' dir='ltr'><strong>a</strong></span> <span class='ocrx_word' id='word_1_423' title='bbox 1038 4069 1268 4122; x_wconf 86' lang='lat' dir='ltr'><strong>secunda</strong></span> <span class='ocrx_word' id='word_1_424' title='bbox 1301 4081 1479 4132; x_wconf 86' lang='lat' dir='ltr'><strong>manu,</strong></span> <span class='ocrx_word' id='word_1_425' title='bbox 1513 4067 1683 4120; x_wconf 83' lang='lat' dir='ltr'><strong>intulit</strong></span> <span class='ocrx_word' id='word_1_426' title='bbox 1739 4066 1838 4122; x_wconf 83' lang='lat' dir='ltr'><strong>huc</strong></span> <span class='ocrx_word' id='word_1_427' title='bbox 1889 4067 2098 4136; x_wconf 81' lang='lat' dir='ltr'><strong>vulnus,</strong></span> <span class='ocrx_word' id='word_1_428' title='bbox 2143 4083 2174 4122; x_wconf 67' lang='grc' dir='ltr'>α</span> 
     </span>
    </p>
   </div>
   <div class='ocr_carea' id='block_1_77' title="bbox 592 4137 1295 4212">
    <p class='ocr_par' dir='ltr' id='par_1_77' title="bbox 592 4137 1295 4212">
     <span class='ocr_line' id='line_1_78' title="bbox 592 4137 1295 4212; baseline -0.01 -18"><span class='ocrx_word' id='word_1_429' title='bbox 592 4139 764 4212; x_wconf 66' lang='lat' dir='ltr'><strong>prima</strong></span> <span class='ocrx_word' id='word_1_430' title='bbox 794 4151 951 4212; x_wconf 83' lang='lat' dir='ltr'><strong>tn_auu</strong></span> <span class='ocrx_word' id='word_1_431' title='bbox 978 4139 1071 4212; x_wconf 82' lang='lat' dir='ltr'><strong>hoc</strong></span> <span class='ocrx_word' id='word_1_432' title='bbox 1092 4137 1295 4192; x_wconf 82' lang='lat' dir='ltr'><strong>vulnus.</strong></span> 
     </span>
    </p>
   </div>
   <div class='ocr_carea' id='block_1_78' title="bbox 665 4207 2178 4272">
    <p class='ocr_par' dir='ltr' id='par_1_78' title="bbox 665 4207 2178 4272">
     <span class='ocr_line' id='line_1_79' title="bbox 665 4207 2178 4272; baseline 0 -8"><span class='ocrx_word' id='word_1_433' title='bbox 665 4207 790 4264; x_wconf 78' lang='lat'><strong>683.</strong></span> <span class='ocrx_word' id='word_1_434' title='bbox 823 4207 1006 4272; x_wconf 86' lang='lat' dir='ltr'><strong>Fabr.,</strong></span> <span class='ocrx_word' id='word_1_435' title='bbox 1049 4208 1223 4271; x_wconf 75' lang='lat' dir='ltr'><strong>lwlos;</strong></span> <span class='ocrx_word' id='word_1_436' title='bbox 1259 4209 1676 4264; x_wconf 87' lang='lat' dir='ltr'><strong>meliusnostros.</strong></span> <span class='ocrx_word' id='word_1_437' title='bbox 1709 4208 1949 4272; x_wconf 85' lang='lat' dir='ltr'><strong>Gilanius</strong></span> <span class='ocrx_word' id='word_1_438' title='bbox 1992 4209 2178 4265; x_wconf 85' lang='lat' dir='ltr'><strong>Fabri-</strong></span> 
     </span>
    </p>
   </div>
   <div class='ocr_carea' id='block_1_79' title="bbox 591 4279 2024 4337">
    <p class='ocr_par' dir='ltr' id='par_1_79' title="bbox 591 4279 2024 4337">
     <span class='ocr_line' id='line_1_80' title="bbox 591 4279 2024 4337; baseline -0.007 0"><span class='ocrx_word' id='word_1_439' title='bbox 591 4281 678 4337; x_wconf 86' lang='lat' dir='ltr'><strong>cio</strong></span> <span class='ocrx_word' id='word_1_440' title='bbox 705 4289 966 4337; x_wconf 83' lang='lat' dir='ltr'><strong>c0nsunat</strong></span> <span class='ocrx_word' id='word_1_441' title='bbox 996 4279 1161 4334; x_wconf 89' lang='lat' dir='ltr'><strong>lndic.</strong></span> <span class='ocrx_word' id='word_1_442' title='bbox 1197 4281 1353 4334; x_wconf 88' lang='lat' dir='ltr'><strong>Lucr.</strong></span> <span class='ocrx_word' id='word_1_443' title='bbox 2017 4299 2024 4310; x_wconf 83' lang='lat'><strong><em>~</em></strong></span> 
     </span>
    </p>
   </div>
   <div class='ocr_carea' id='block_1_80' title="bbox 663 4349 2172 4424">
    <p class='ocr_par' dir='ltr' id='par_1_80' title="bbox 663 4349 2172 4424">
     <span class='ocr_line' id='line_1_81' title="bbox 663 4349 2172 4424; baseline -0.001 -19"><span class='ocrx_word' id='word_1_444' title='bbox 663 4351 788 4408; x_wconf 64' lang='lat'><strong>684.</strong></span> <span class='ocrx_word' id='word_1_445' title='bbox 821 4349 992 4404; x_wconf 90' lang='lat' dir='ltr'><strong>lnnnit</strong></span> <span class='ocrx_word' id='word_1_446' title='bbox 1011 4351 1350 4424; x_wconf 62' lang='lat' dir='ltr'><strong>Prudentius,</strong></span> <span class='ocrx_word' id='word_1_447' title='bbox 1377 4352 1602 4424; x_wconf 88' lang='lat' dir='ltr'><strong>latenter</strong></span> <span class='ocrx_word' id='word_1_448' title='bbox 1632 4353 1884 4424; x_wconf 39' lang='lat' dir='ltr'><strong>irrepere,</strong></span> <span class='ocrx_word' id='word_1_449' title='bbox 1903 4349 2172 4424; x_wconf 62' lang='lat' dir='ltr'><strong>interdum</strong></span> 
     </span>
    </p>
   </div>
   <div class='ocr_carea' id='block_1_81' title="bbox 592 4415 2174 4482">
    <p class='ocr_par' dir='ltr' id='par_1_81' title="bbox 592 4415 2174 4482">
     <span class='ocr_line' id='line_1_82' title="bbox 592 4415 2174 4482; baseline -0.003 -4"><span class='ocrx_word' id='word_1_450' title='bbox 592 4422 912 4480; x_wconf 87' lang='lat' dir='ltr'><strong>discordiam</strong></span> <span class='ocrx_word' id='word_1_451' title='bbox 944 4421 1041 4476; x_wconf 89' lang='lat' dir='ltr'><strong>sub</strong></span> <span class='ocrx_word' id='word_1_452' title='bbox 1069 4422 1315 4475; x_wconf 73' lang='lat' dir='ltr'><strong>amicitite</strong></span> <span class='ocrx_word' id='word_1_453' title='bbox 1338 4415 1704 4478; x_wconf 85' lang='lat' dir='ltr'><strong>simulatione.</strong></span> <span class='ocrx_word' id='word_1_454' title='bbox 1726 4415 1986 4482; x_wconf 78' lang='lat' dir='ltr'><strong>Observat</strong></span> <span class='ocrx_word' id='word_1_455' title='bbox 2007 4415 2174 4475; x_wconf 83' lang='lat' dir='ltr'><strong>Weit-</strong></span> 
     </span>
    </p>
   </div>
   <div class='ocr_carea' id='block_1_82' title="bbox 592 4492 2173 4566">
    <p class='ocr_par' dir='ltr' id='par_1_82' title="bbox 592 4492 2173 4566">
     <span class='ocr_line' id='line_1_83' title="bbox 592 4492 2173 4566; baseline -0.002 -18"><span class='ocrx_word' id='word_1_456' title='bbox 592 4495 726 4557; x_wconf 81' lang='lat' dir='ltr'><strong>zius,</strong></span> <span class='ocrx_word' id='word_1_457' title='bbox 754 4503 965 4566; x_wconf 83' lang='lat' dir='ltr'><strong>poetam</strong></span> <span class='ocrx_word' id='word_1_458' title='bbox 998 4493 1255 4560; x_wconf 82' lang='lat' dir='ltr'><strong>attingere</strong></span> <span class='ocrx_word' id='word_1_459' title='bbox 1285 4507 1487 4548; x_wconf 91' lang='lat' dir='ltr'><strong>morem</strong></span> <span class='ocrx_word' id='word_1_460' title='bbox 1520 4494 1744 4566; x_wconf 66' lang='lat' dir='ltr'><strong>militite,</strong></span> <span class='ocrx_word' id='word_1_461' title='bbox 1773 4506 1830 4550; x_wconf 90' lang='lat' dir='ltr'><strong>ut</strong></span> <span class='ocrx_word' id='word_1_462' title='bbox 1851 4498 2059 4551; x_wconf 88' lang='lat' dir='ltr'><strong>diversa</strong></span> <span class='ocrx_word' id='word_1_463' title='bbox 2089 4492 2173 4545; x_wconf 87' lang='lat' dir='ltr'><strong>di-</strong></span> 
     </span>
    </p>
   </div>
   <div class='ocr_carea' id='block_1_83' title="bbox 592 4565 2177 4633">
    <p class='ocr_par' dir='ltr' id='par_1_83' title="bbox 592 4565 2177 4633">
     <span class='ocr_line' id='line_1_84' title="bbox 592 4565 2177 4633; baseline 0.003 -14"><span class='ocrx_word' id='word_1_464' title='bbox 592 4570 730 4619; x_wconf 88' lang='lat' dir='ltr'><strong>versi</strong></span> <span class='ocrx_word' id='word_1_465' title='bbox 763 4565 962 4618; x_wconf 88' lang='lat' dir='ltr'><strong>milites</strong></span> <span class='ocrx_word' id='word_1_466' title='bbox 1003 4572 1148 4617; x_wconf 84' lang='lat' dir='ltr'><strong>veste</strong></span> <span class='ocrx_word' id='word_1_467' title='bbox 1183 4573 1502 4629; x_wconf 84' lang='lat' dir='ltr'><strong>uterentur;</strong></span> <span class='ocrx_word' id='word_1_468' title='bbox 1545 4565 1618 4618; x_wconf 86' lang='lat' dir='ltr'><strong>uti</strong></span> <span class='ocrx_word' id='word_1_469' title='bbox 1661 4567 1793 4621; x_wconf 88' lang='lat' dir='ltr'><strong>alios</strong></span> <span class='ocrx_word' id='word_1_470' title='bbox 1828 4581 1936 4623; x_wconf 90' lang='lat' dir='ltr'><strong>non</strong></span> <span class='ocrx_word' id='word_1_471' title='bbox 1981 4577 2177 4633; x_wconf 76' lang='lat' dir='ltr'><strong>paucos</strong></span> 
     </span>
    </p>
   </div>
   <div class='ocr_carea' id='block_1_84' title="bbox 594 4635 1678 4702">
    <p class='ocr_par' dir='ltr' id='par_1_84' title="bbox 594 4635 1678 4702">
     <span class='ocr_line' id='line_1_85' title="bbox 594 4635 1678 4702; baseline 0 -13"><span class='ocrx_word' id='word_1_472' title='bbox 594 4635 800 4690; x_wconf 71' lang='lat' dir='ltr'><strong>militiae</strong></span> <span class='ocrx_word' id='word_1_473' title='bbox 829 4648 1005 4688; x_wconf 83' lang='lat' dir='ltr'><strong>mores</strong></span> <span class='ocrx_word' id='word_1_474' title='bbox 1037 4635 1138 4686; x_wconf 87' lang='lat' dir='ltr'><strong>hoc</strong></span> <span class='ocrx_word' id='word_1_475' title='bbox 1164 4635 1396 4689; x_wconf 87' lang='lat' dir='ltr'><strong>carmine</strong></span> <span class='ocrx_word' id='word_1_476' title='bbox 1416 4637 1678 4702; x_wconf 81' lang='lat' dir='ltr'><strong>exposuit.</strong></span> 
     </span>
    </p>
   </div>
   <div class='ocr_carea' id='block_1_85' title="bbox 666 4700 2174 4773">
    <p class='ocr_par' dir='ltr' id='par_1_85' title="bbox 666 4700 2174 4773">
     <span class='ocr_line' id='line_1_86' title="bbox 666 4700 2174 4773; baseline 0 -13"><span class='ocrx_word' id='word_1_477' title='bbox 666 4706 790 4760; x_wconf 81' lang='lat'><strong>685.</strong></span> <span class='ocrx_word' id='word_1_478' title='bbox 827 4703 1072 4773; x_wconf 75' lang='lat' dir='ltr'><strong>Virgilius</strong></span> <span class='ocrx_word' id='word_1_479' title='bbox 1129 4704 1218 4756; x_wconf 89' lang='lat' dir='ltr'><strong>lib.</strong></span> <span class='ocrx_word' id='word_1_480' title='bbox 1284 4719 1372 4758; x_wconf 88' lang='lat' dir='ltr'><strong>vnt</strong></span> <span class='ocrx_word' id='word_1_481' title='bbox 1420 4700 1658 4773; x_wconf 39' lang='lat' dir='ltr'><strong>IEneid”</strong></span> <span class='ocrx_word' id='word_1_482' title='bbox 1709 4722 1849 4762; x_wconf 91' lang='lat' dir='ltr'><strong>vers.</strong></span> <span class='ocrx_word' id='word_1_483' title='bbox 1897 4707 2047 4763; x_wconf 65' lang='lat'><strong>70:2:</strong></span> <span class='ocrx_word' id='word_1_484' title='bbox 2105 4700 2174 4756; x_wconf 87' lang='grc' dir='ltr'><strong>Ει</strong></span> 
     </span>
    </p>
   </div>
   <div class='ocr_carea' id='block_1_86' title="bbox 596 4773 2176 4848">
    <p class='ocr_par' dir='ltr' id='par_1_86' title="bbox 596 4773 2176 4848">
     <span class='ocr_line' id='line_1_87' title="bbox 596 4773 2176 4848; baseline -0.003 -18"><span class='ocrx_word' id='word_1_485' title='bbox 596 4776 748 4830; x_wconf 88' lang='lat' dir='ltr'><strong>scissa</strong></span> <span class='ocrx_word' id='word_1_486' title='bbox 777 4776 1002 4848; x_wconf 77' lang='lat' dir='ltr'><strong>gaudens</strong></span> <span class='ocrx_word' id='word_1_487' title='bbox 1025 4773 1164 4848; x_wconf 65' lang='lat' dir='ltr'><strong>audit</strong></span> <span class='ocrx_word' id='word_1_488' title='bbox 1191 4775 1444 4848; x_wconf 72' lang='lat' dir='ltr'><strong>discordia</strong></span> <span class='ocrx_word' id='word_1_489' title='bbox 1473 4775 1632 4848; x_wconf 83' lang='lat' dir='ltr'><strong>palla,</strong></span> <span class='ocrx_word' id='word_1_490' title='bbox 1679 4777 1845 4843; x_wconf 83' lang='lat' dir='ltr'><strong>Quam</strong></span> <span class='ocrx_word' id='word_1_491' title='bbox 1888 4795 2002 4832; x_wconf 88' lang='lat' dir='ltr'><strong>cum</strong></span> <span class='ocrx_word' id='word_1_492' title='bbox 2050 4790 2176 4848; x_wconf 25' lang='lat' dir='ltr'><strong>Asan-</strong></span> 
     </span>
    </p>
   </div>
   <div class='ocr_carea' id='block_1_87' title="bbox 597 4843 2168 4918">
    <p class='ocr_par' dir='ltr' id='par_1_87' title="bbox 597 4843 2168 4918">
     <span class='ocr_line' id='line_1_88' title="bbox 597 4843 2168 4918; baseline -0.002 -19"><span class='ocrx_word' id='word_1_493' title='bbox 597 4843 1019 4918; x_wconf 65' lang='lat' dir='ltr'><strong>gnineo&#39;sequitur</strong></span> <span class='ocrx_word' id='word_1_494' title='bbox 1044 4843 1255 4897; x_wconf 87' lang='lat' dir='ltr'><strong>Bellona</strong></span> <span class='ocrx_word' id='word_1_495' title='bbox 1267 4845 1494 4918; x_wconf 80' lang='lat' dir='ltr'><strong>ﬂagello.</strong></span> <span class='ocrx_word' id='word_1_496' title='bbox 1530 4847 1871 4918; x_wconf 76' lang='lat' dir='ltr'><strong>Petroniusin</strong></span> <span class='ocrx_word' id='word_1_497' title='bbox 1889 4845 2132 4918; x_wconf 85' lang='lat' dir='ltr'><strong>Satyrico</strong></span> <span class='ocrx_word' id='word_1_498' title='bbox 2157 4862 2168 4896; x_wconf 85' lang='lat'><strong>:</strong></span> 
     </span>
    </p>
   </div>
   <div class='ocr_carea' id='block_1_88' title="bbox 598 4914 2170 4988">
    <p class='ocr_par' dir='ltr' id='par_1_88' title="bbox 598 4914 2170 4988">
     <span class='ocr_line' id='line_1_89' title="bbox 598 4914 2170 4988; baseline -0.001 -19"><span class='ocrx_word' id='word_1_499' title='bbox 598 4914 664 4988; x_wconf 65' lang='lat' dir='ltr'><strong>Et</strong></span> <span class='ocrx_word' id='word_1_500' title='bbox 688 4914 897 4972; x_wconf 73' lang='lat' dir='ltr'><strong>atterens</strong></span> <span class='ocrx_word' id='word_1_501' title='bbox 920 4917 1089 4988; x_wconf 80' lang='lat' dir='ltr'><strong>lacera</strong></span> <span class='ocrx_word' id='word_1_502' title='bbox 1117 4914 1586 4988; x_wconf 77' lang='lat' dir='ltr'><strong>concordiapalla.</strong></span> <span class='ocrx_word' id='word_1_503' title='bbox 1645 4918 1938 4988; x_wconf 76' lang='lat' dir='ltr'><strong>Heinsiani,</strong></span> <span class='ocrx_word' id='word_1_504' title='bbox 1987 4914 2170 4982; x_wconf 50' lang='lat' dir='ltr'><strong>&#39;Alex.,</strong></span> 
     </span>
    </p>
   </div>
   <div class='ocr_carea' id='block_1_89' title="bbox 600 4985 2172 5054">
    <p class='ocr_par' dir='ltr' id='par_1_89' title="bbox 600 4985 2172 5054">
     <span class='ocr_line' id='line_1_90' title="bbox 600 4985 2172 5054; baseline -0.002 -14"><span class='ocrx_word' id='word_1_505' title='bbox 600 4987 736 5042; x_wconf 83' lang='lat' dir='ltr'><strong>Vatt.</strong></span> <span class='ocrx_word' id='word_1_506' title='bbox 770 4988 836 5052; x_wconf 90' lang='lat' dir='ltr'><strong>G,</strong></span> <span class='ocrx_word' id='word_1_507' title='bbox 867 4990 931 5054; x_wconf 88' lang='lat'><strong>0,</strong></span> <span class='ocrx_word' id='word_1_508' title='bbox 956 4985 1099 5054; x_wconf 85' lang='lat' dir='ltr'><strong>Ald.,</strong></span> <span class='ocrx_word' id='word_1_509' title='bbox 1136 4986 1254 5039; x_wconf 69' lang='lat' dir='ltr'><strong>liat.</strong></span> <span class='ocrx_word' id='word_1_510' title='bbox 1287 4987 1502 5053; x_wconf 68' lang='lat' dir='ltr'><strong>apt-ima</strong></span> <span class='ocrx_word' id='word_1_511' title='bbox 1535 5004 1692 5042; x_wconf 86' lang='lat' dir='ltr'><strong>manu</strong></span> <span class='ocrx_word' id='word_1_512' title='bbox 1720 4985 1968 5042; x_wconf 85' lang='lat' dir='ltr'><strong>structum</strong></span> <span class='ocrx_word' id='word_1_513' title='bbox 1992 4996 2037 5040; x_wconf 83' lang='lat' dir='ltr'><strong>et</strong></span> <span class='ocrx_word' id='word_1_514' title='bbox 2064 5001 2172 5039; x_wconf 86' lang='lat' dir='ltr'><strong>ser-</strong></span> 
     </span>
    </p>
   </div>
   <div class='ocr_carea' id='block_1_90' title="bbox 633 5057 2173 5126">
    <p class='ocr_par' dir='ltr' id='par_1_90' title="bbox 633 5057 2173 5126">
     <span class='ocr_line' id='line_1_91' title="bbox 633 5057 2173 5126; baseline -0.001 -15"><span class='ocrx_word' id='word_1_515' title='bbox 633 5069 762 5125; x_wconf 86' lang='lat' dir='ltr'><strong>ente,</strong></span> <span class='ocrx_word' id='word_1_516' title='bbox 815 5058 964 5126; x_wconf 90' lang='lat' dir='ltr'><strong>quasi</strong></span> <span class='ocrx_word' id='word_1_517' title='bbox 1010 5058 1328 5111; x_wconf 86' lang='lat' dir='ltr'><strong>instruetum</strong></span> <span class='ocrx_word' id='word_1_518' title='bbox 1357 5071 1385 5108; x_wconf 92' lang='lat' dir='ltr'><strong>a</strong></span> <span class='ocrx_word' id='word_1_519' title='bbox 1429 5068 1591 5110; x_wconf 75' lang='lat' dir='ltr'><strong>strue.</strong></span> <span class='ocrx_word' id='word_1_520' title='bbox 1622 5058 1757 5113; x_wconf 87' lang='lat' dir='ltr'><strong>Usus</strong></span> <span class='ocrx_word' id='word_1_521' title='bbox 1809 5061 1967 5112; x_wconf 90' lang='lat' dir='ltr'><strong>etiam</strong></span> <span class='ocrx_word' id='word_1_522' title='bbox 1994 5066 2075 5111; x_wconf 89' lang='lat' dir='ltr'><strong>est</strong></span> <span class='ocrx_word' id='word_1_523' title='bbox 2122 5057 2173 5126; x_wconf 89' lang='lat' dir='ltr'><strong>in</strong></span> 
     </span>
    </p>
   </div>
   <div class='ocr_carea' id='block_1_91' title="bbox 638 5125 2176 5198">
    <p class='ocr_par' dir='ltr' id='par_1_91' title="bbox 638 5125 2176 5198">
     <span class='ocr_line' id='line_1_92' title="bbox 638 5125 2176 5198; baseline -0.002 -17"><span class='ocrx_word' id='word_1_524' title='bbox 638 5145 797 5198; x_wconf 86' lang='lat' dir='ltr'><strong>ymno</strong></span> <span class='ocrx_word' id='word_1_525' title='bbox 817 5125 874 5182; x_wconf 87' lang='lat' dir='ltr'><strong>S.</strong></span> <span class='ocrx_word' id='word_1_526' title='bbox 899 5128 1191 5193; x_wconf 83' lang='lat' dir='ltr'><strong>Laurentii,</strong></span> <span class='ocrx_word' id='word_1_527' title='bbox 1215 5141 1355 5198; x_wconf 66' lang='grc' dir='ltr'><strong>νει-ε.</strong></span> <span class='ocrx_word' id='word_1_528' title='bbox 1379 5127 1478 5181; x_wconf 76' lang='grc'>176</span> <span class='ocrx_word' id='word_1_529' title='bbox 1514 5145 1526 5180; x_wconf 90' lang='lat'><strong>:</strong></span> <span class='ocrx_word' id='word_1_530' title='bbox 1559 5129 1789 5182; x_wconf 83' lang='lat' dir='ltr'><strong>Structos</strong></span> <span class='ocrx_word' id='word_1_531' title='bbox 1817 5129 2016 5182; x_wconf 87' lang='lat' dir='ltr'><strong>talentis</strong></span> <span class='ocrx_word' id='word_1_532' title='bbox 2044 5125 2176 5179; x_wconf 84' lang='lat' dir='ltr'><strong>ordi-</strong></span> 
     </span>
    </p>
   </div>
   <div class='ocr_carea' id='block_1_92' title="bbox 598 5197 2171 5267">
    <p class='ocr_par' dir='ltr' id='par_1_92' title="bbox 598 5197 2171 5267">
     <span class='ocr_line' id='line_1_93' title="bbox 598 5197 2171 5267; baseline -0.003 -15"><span class='ocrx_word' id='word_1_533' title='bbox 598 5197 708 5254; x_wconf 85' lang='lat' dir='ltr'><strong>nes.</strong></span> <span class='ocrx_word' id='word_1_534' title='bbox 740 5200 895 5262; x_wconf 63' lang='lat' dir='ltr'><strong>Man,</strong></span> <span class='ocrx_word' id='word_1_535' title='bbox 927 5199 1044 5252; x_wconf 75' lang='lat' dir='ltr'><strong>llat.</strong></span> <span class='ocrx_word' id='word_1_536' title='bbox 1079 5214 1106 5251; x_wconf 90' lang='lat' dir='ltr'><strong>a</strong></span> <span class='ocrx_word' id='word_1_537' title='bbox 1136 5197 1367 5252; x_wconf 87' lang='lat' dir='ltr'><strong>secunda</strong></span> <span class='ocrx_word' id='word_1_538' title='bbox 1397 5213 1578 5262; x_wconf 89' lang='lat' dir='ltr'><strong>manu,</strong></span> <span class='ocrx_word' id='word_1_539' title='bbox 1612 5201 1768 5267; x_wconf 84' lang='lat' dir='ltr'><strong>Ang.,</strong></span> <span class='ocrx_word' id='word_1_540' title='bbox 1801 5198 2018 5262; x_wconf 84' lang='lat' dir='ltr'><strong>Weitz.,</strong></span> <span class='ocrx_word' id='word_1_541' title='bbox 2050 5198 2171 5249; x_wconf 84' lang='lat' dir='ltr'><strong>slri-</strong></span> 
     </span>
    </p>
   </div>
   <div class='ocr_carea' id='block_1_93' title="bbox 600 5267 2174 5338">
    <p class='ocr_par' dir='ltr' id='par_1_93' title="bbox 600 5267 2174 5338">
     <span class='ocr_line' id='line_1_94' title="bbox 600 5267 2174 5338; baseline 0 -17"><span class='ocrx_word' id='word_1_542' title='bbox 600 5279 734 5322; x_wconf 87' lang='lat' dir='ltr'><strong>ctum</strong></span> <span class='ocrx_word' id='word_1_543' title='bbox 758 5279 804 5323; x_wconf 88' lang='lat' dir='ltr'><strong>et</strong></span> <span class='ocrx_word' id='word_1_544' title='bbox 830 5280 1076 5337; x_wconf 83' lang='lat' dir='ltr'><strong>serpente.</strong></span> <span class='ocrx_word' id='word_1_545' title='bbox 1107 5269 1221 5322; x_wconf 86' lang='lat' dir='ltr'><strong>Vat.</strong></span> <span class='ocrx_word' id='word_1_546' title='bbox 1249 5267 1310 5333; x_wconf 84' lang='lat' dir='ltr'><strong>C,</strong></span> <span class='ocrx_word' id='word_1_547' title='bbox 1339 5269 1480 5338; x_wconf 88' lang='lat' dir='ltr'><strong>palla</strong></span> <span class='ocrx_word' id='word_1_548' title='bbox 1503 5277 1750 5322; x_wconf 87' lang='lat' dir='ltr'><strong>structum</strong></span> <span class='ocrx_word' id='word_1_549' title='bbox 1770 5282 2015 5336; x_wconf 83' lang='lat' dir='ltr'><strong>serpente.</strong></span> <span class='ocrx_word' id='word_1_550' title='bbox 2055 5267 2174 5321; x_wconf 86' lang='lat' dir='ltr'><strong>Vat.</strong></span> 
     </span>
    </p>
   </div>
   <div class='ocr_carea' id='block_1_94' title="bbox 602 5339 2175 5410">
    <p class='ocr_par' dir='ltr' id='par_1_94' title="bbox 602 5339 2175 5410">
     <span class='ocr_line' id='line_1_95' title="bbox 602 5339 2175 5410; baseline -0.003 -16"><span class='ocrx_word' id='word_1_551' title='bbox 602 5339 705 5405; x_wconf 85' lang='lat' dir='ltr'><strong>BB,</strong></span> <span class='ocrx_word' id='word_1_552' title='bbox 737 5351 782 5395; x_wconf 91' lang='lat' dir='ltr'><strong>et</strong></span> <span class='ocrx_word' id='word_1_553' title='bbox 809 5349 1056 5394; x_wconf 86' lang='lat' dir='ltr'><strong>structum</strong></span> <span class='ocrx_word' id='word_1_554' title='bbox 1073 5347 1317 5410; x_wconf 83' lang='lat' dir='ltr'><strong>serpente.</strong></span> <span class='ocrx_word' id='word_1_555' title='bbox 1351 5339 1594 5395; x_wconf 80' lang='lat' dir='ltr'><strong>Giianius</strong></span> <span class='ocrx_word' id='word_1_556' title='bbox 1617 5341 1756 5410; x_wconf 88' lang='lat' dir='ltr'><strong>apud</strong></span> <span class='ocrx_word' id='word_1_557' title='bbox 1800 5341 2093 5402; x_wconf 76' lang='lat' dir='ltr'><strong>lleinsium,</strong></span> <span class='ocrx_word' id='word_1_558' title='bbox 2129 5348 2175 5391; x_wconf 84' lang='lat' dir='ltr'><strong>ct</strong></span> 
     </span>
    </p>
   </div>
   <div class='ocr_carea' id='block_1_95' title="bbox 600 5421 868 5464">
    <p class='ocr_par' dir='ltr' id='par_1_95' title="bbox 600 5421 868 5464">
     <span class='ocr_line' id='line_1_96' title="bbox 600 5421 868 5464; baseline 0 -2"><span class='ocrx_word' id='word_1_559' title='bbox 600 5421 756 5464; x_wconf 72' lang='grc' dir='ltr'><strong>δινιιει</strong></span> <span class='ocrx_word' id='word_1_560' title='bbox 765 5427 846 5463; x_wconf 88' lang='lat' dir='ltr'><strong>nm</strong></span> <span class='ocrx_word' id='word_1_561' title='bbox 857 5451 868 5463; x_wconf 92' lang='lat'><strong>.</strong></span> 
     </span>
    </p>
   </div>
   <div class='ocr_carea' id='block_1_96' title="bbox 673 5479 2174 5552">
    <p class='ocr_par' dir='ltr' id='par_1_96' title="bbox 673 5479 2174 5552">
     <span class='ocr_line' id='line_1_97' title="bbox 673 5479 2174 5552; baseline -0.003 -17"><span class='ocrx_word' id='word_1_562' title='bbox 673 5481 800 5535; x_wconf 87' lang='lat'><strong>686.</strong></span> <span class='ocrx_word' id='word_1_563' title='bbox 818 5480 972 5552; x_wconf 64' lang='lat' dir='ltr'><strong>Man,</strong></span> <span class='ocrx_word' id='word_1_564' title='bbox 987 5481 1169 5547; x_wconf 76' lang='lat' dir='ltr'><strong>medio,</strong></span> <span class='ocrx_word' id='word_1_565' title='bbox 1197 5496 1493 5552; x_wconf 86' lang='lat' dir='ltr'><strong>perperam.</strong></span> <span class='ocrx_word' id='word_1_566' title='bbox 1529 5480 1860 5552; x_wconf 83' lang='lat' dir='ltr'><strong>Vetustiores</strong></span> <span class='ocrx_word' id='word_1_567' title='bbox 1883 5479 2174 5552; x_wconf 87' lang='lat' dir='ltr'><strong>lleinsiani,</strong></span> 
     </span>
    </p>
   </div>
   <div class='ocr_carea' id='block_1_97' title="bbox 603 5549 2174 5619">
    <p class='ocr_par' dir='ltr' id='par_1_97' title="bbox 603 5549 2174 5619">
     <span class='ocr_line' id='line_1_98' title="bbox 603 5549 2174 5619; baseline -0.003 -13"><span class='ocrx_word' id='word_1_568' title='bbox 603 5549 778 5619; x_wconf 58' lang='lat' dir='ltr'><strong>Men,</strong></span> <span class='ocrx_word' id='word_1_569' title='bbox 841 5551 1054 5617; x_wconf 84' lang='lat' dir='ltr'><strong>Vienn.,</strong></span> <span class='ocrx_word' id='word_1_570' title='bbox 1094 5549 1238 5617; x_wconf 57' lang='lat' dir='ltr'><strong>liatl,</strong></span> <span class='ocrx_word' id='word_1_571' title='bbox 1295 5549 1448 5618; x_wconf 65' lang='lat' dir='ltr'><strong>Man,</strong></span> <span class='ocrx_word' id='word_1_572' title='bbox 1480 5552 1619 5618; x_wconf 84' lang='lat' dir='ltr'><strong>Gis.,</strong></span> <span class='ocrx_word' id='word_1_573' title='bbox 1697 5551 1914 5617; x_wconf 81' lang='lat' dir='ltr'><strong>Weitz.,</strong></span> <span class='ocrx_word' id='word_1_574' title='bbox 1960 5551 2174 5619; x_wconf 85' lang='lat' dir='ltr'><strong>aliique,</strong></span> 
     </span>
    </p>
   </div>
   <div class='ocr_carea' id='block_1_98' title="bbox 593 5622 1758 5694">
    <p class='ocr_par' dir='ltr' id='par_1_98' title="bbox 593 5622 1758 5694">
     <span class='ocr_line' id='line_1_99' title="bbox 593 5622 1758 5694; baseline 0 -19"><span class='ocrx_word' id='word_1_575' title='bbox 593 5623 1069 5694; x_wconf 32' lang='lat' dir='ltr'><strong>jaceliantaAldus,</strong></span> <span class='ocrx_word' id='word_1_576' title='bbox 1101 5622 1275 5686; x_wconf 85' lang='lat' dir='ltr'><strong>Fuld.,</strong></span> <span class='ocrx_word' id='word_1_577' title='bbox 1304 5623 1418 5677; x_wconf 87' lang='lat' dir='ltr'><strong>Vat.</strong></span> <span class='ocrx_word' id='word_1_578' title='bbox 1445 5622 1506 5686; x_wconf 88' lang='lat' dir='ltr'><strong>C,</strong></span> <span class='ocrx_word' id='word_1_579' title='bbox 1533 5625 1758 5693; x_wconf 87' lang='lat' dir='ltr'><strong>jacebat.</strong></span> 
     </span>
    </p>
   </div>
   <div class='ocr_carea' id='block_1_99' title="bbox 675 5692 2174 5762">
    <p class='ocr_par' dir='ltr' id='par_1_99' title="bbox 675 5692 2174 5762">
     <span class='ocr_line' id='line_1_100' title="bbox 675 5692 2174 5762; baseline -0.002 -16"><span class='ocrx_word' id='word_1_580' title='bbox 675 5692 796 5746; x_wconf 88' lang='grc'>687.</span> <span class='ocrx_word' id='word_1_581' title='bbox 813 5693 1033 5762; x_wconf 79' lang='lat' dir='ltr'><strong>Widm.,</strong></span> <span class='ocrx_word' id='word_1_582' title='bbox 1054 5697 1197 5758; x_wconf 87' lang='lat' dir='ltr'><strong>oleo;</strong></span> <span class='ocrx_word' id='word_1_583' title='bbox 1223 5709 1378 5760; x_wconf 84' lang='lat' dir='ltr'><strong>supra</strong></span> <span class='ocrx_word' id='word_1_584' title='bbox 1392 5692 1910 5762; x_wconf 28' lang='lat' dir='ltr'><strong>olea.’l’acisinsigne</strong></span> <span class='ocrx_word' id='word_1_585' title='bbox 1936 5693 2050 5746; x_wconf 88' lang='lat' dir='ltr'><strong>olea</strong></span> <span class='ocrx_word' id='word_1_586' title='bbox 2073 5701 2174 5755; x_wconf 89' lang='lat' dir='ltr'><strong>cst,</strong></span> 
     </span>
    </p>
   </div>
   <div class='ocr_carea' id='block_1_100' title="bbox 601 5762 2184 5843">
    <p class='ocr_par' dir='ltr' id='par_1_100' title="bbox 601 5762 2184 5843">
     <span class='ocr_line' id='line_1_101' title="bbox 601 5762 2184 5843; baseline 0.004 -25"><span class='ocrx_word' id='word_1_587' title='bbox 601 5776 706 5843; x_wconf 77' lang='lat' dir='ltr'><strong>qua</strong></span> <span class='ocrx_word' id='word_1_588' title='bbox 721 5763 984 5822; x_wconf 88' lang='lat' dir='ltr'><strong>discordia</strong></span> <span class='ocrx_word' id='word_1_589' title='bbox 1016 5767 1354 5840; x_wconf 67' lang='lat' dir='ltr'><strong>praecingitur</strong></span> <span class='ocrx_word' id='word_1_590' title='bbox 1388 5765 1577 5822; x_wconf 82' lang='lat' dir='ltr'><strong>sociant</strong></span> <span class='ocrx_word' id='word_1_591' title='bbox 1598 5767 1806 5824; x_wconf 85' lang='lat' dir='ltr'><strong>mentita</strong></span> <span class='ocrx_word' id='word_1_592' title='bbox 1824 5765 2066 5842; x_wconf 77' lang='lat' dir='ltr'><strong>ﬁgurant.</strong></span> <span class='ocrx_word' id='word_1_593' title='bbox 2082 5762 2184 5824; x_wconf 70' lang='lat' dir='ltr'><strong>Se-</strong></span> 
     </span>
    </p>
   </div>
   <div class='ocr_carea' id='block_1_101' title="bbox 2280 3432 3860 3504">
    <p class='ocr_par' dir='ltr' id='par_1_101' title="bbox 2280 3432 3860 3504">
     <span class='ocr_line' id='line_1_102' title="bbox 2280 3432 3860 3504; baseline -0.003 -12"><span class='ocrx_word' id='word_1_594' title='bbox 2280 3438 2460 3494; x_wconf 80' lang='lat' dir='ltr'><strong>colioc</strong></span> <span class='ocrx_word' id='word_1_595' title='bbox 2487 3435 2751 3502; x_wconf 84' lang='lat' dir='ltr'><strong>exemplo.</strong></span> <span class='ocrx_word' id='word_1_596' title='bbox 2769 3432 2955 3489; x_wconf 79' lang='lat' dir='ltr'><strong>Posset</strong></span> <span class='ocrx_word' id='word_1_597' title='bbox 2973 3435 3070 3504; x_wconf 87' lang='lat' dir='ltr'><strong>legi</strong></span> <span class='ocrx_word' id='word_1_598' title='bbox 3100 3444 3386 3498; x_wconf 85' lang='lat' dir='ltr'><strong>coronatos,</strong></span> <span class='ocrx_word' id='word_1_599' title='bbox 3417 3447 3536 3487; x_wconf 90' lang='lat' dir='ltr'><strong>nam</strong></span> <span class='ocrx_word' id='word_1_600' title='bbox 3551 3449 3694 3501; x_wconf 64' lang='lat' dir='ltr'><strong>saepe</strong></span> <span class='ocrx_word' id='word_1_601' title='bbox 3726 3433 3860 3488; x_wconf 78' lang='lat' dir='ltr'><strong>alias</strong></span> 
     </span>
    </p>
   </div>
   <div class='ocr_carea' id='block_1_102' title="bbox 2278 3504 3855 3574">
    <p class='ocr_par' dir='ltr' id='par_1_102' title="bbox 2278 3504 3855 3574">
     <span class='ocr_line' id='line_1_103' title="bbox 2278 3504 3855 3574; baseline -0.002 -13"><span class='ocrx_word' id='word_1_602' title='bbox 2278 3506 2599 3565; x_wconf 90' lang='lat' dir='ltr'><strong>Prudentius</strong></span> <span class='ocrx_word' id='word_1_603' title='bbox 2620 3504 2838 3574; x_wconf 90' lang='lat' dir='ltr'><strong>corripit</strong></span> <span class='ocrx_word' id='word_1_604' title='bbox 2867 3505 3154 3560; x_wconf 78' lang='lat' dir='ltr'><strong>secandam</strong></span> <span class='ocrx_word' id='word_1_605' title='bbox 3185 3506 3235 3559; x_wconf 92' lang='lat' dir='ltr'><strong>in</strong></span> <span class='ocrx_word' id='word_1_606' title='bbox 3262 3505 3519 3558; x_wconf 87' lang='lat' dir='ltr'><strong>redimire.</strong></span> <span class='ocrx_word' id='word_1_607' title='bbox 3575 3506 3680 3559; x_wconf 75' lang='lat' dir='ltr'><strong>Sed</strong></span> <span class='ocrx_word' id='word_1_608' title='bbox 3722 3504 3855 3558; x_wconf 88' lang='lat' dir='ltr'><strong>nibil</strong></span> 
     </span>
    </p>
   </div>
   <div class='ocr_carea' id='block_1_103' title="bbox 2276 3576 2608 3634">
    <p class='ocr_par' dir='ltr' id='par_1_103' title="bbox 2276 3576 2608 3634">
     <span class='ocr_line' id='line_1_104' title="bbox 2276 3576 2608 3634; baseline -0.018 0"><span class='ocrx_word' id='word_1_609' title='bbox 2276 3576 2608 3634; x_wconf 86' lang='lat' dir='ltr'><strong>mutandum.</strong></span> 
     </span>
    </p>
   </div>
   <div class='ocr_carea' id='block_1_104' title="bbox 2349 3644 3605 3716">
    <p class='ocr_par' dir='ltr' id='par_1_104' title="bbox 2349 3644 3605 3716">
     <span class='ocr_line' id='line_1_105' title="bbox 2349 3644 3605 3716; baseline -0.002 -15"><span class='ocrx_word' id='word_1_610' title='bbox 2349 3648 2472 3701; x_wconf 83' lang='lat'><strong>688.</strong></span> <span class='ocrx_word' id='word_1_611' title='bbox 2510 3647 2652 3709; x_wconf 73' lang='lat' dir='ltr'><strong>Ald.,</strong></span> <span class='ocrx_word' id='word_1_612' title='bbox 2677 3645 2861 3709; x_wconf 81' lang='lat' dir='ltr'><strong>Fabr.,</strong></span> <span class='ocrx_word' id='word_1_613' title='bbox 2892 3644 3114 3710; x_wconf 87' lang='lat' dir='ltr'><strong>Widm.,</strong></span> <span class='ocrx_word' id='word_1_614' title='bbox 3141 3647 3300 3714; x_wconf 76' lang='lat' dir='ltr'><strong>Ang.,</strong></span> <span class='ocrx_word' id='word_1_615' title='bbox 3329 3645 3605 3716; x_wconf 80' lang='lat' dir='ltr'><strong>respondit.</strong></span> 
     </span>
    </p>
   </div>
   <div class='ocr_carea' id='block_1_105' title="bbox 2347 3716 3851 3782">
    <p class='ocr_par' dir='ltr' id='par_1_105' title="bbox 2347 3716 3851 3782">
     <span class='ocr_line' id='line_1_106' title="bbox 2347 3716 3851 3782; baseline -0.003 -8"><span class='ocrx_word' id='word_1_616' title='bbox 2347 3719 2472 3774; x_wconf 89' lang='lat'><strong>690.</strong></span> <span class='ocrx_word' id='word_1_617' title='bbox 2505 3717 2650 3782; x_wconf 89' lang='lat' dir='ltr'><strong>Ald.,</strong></span> <span class='ocrx_word' id='word_1_618' title='bbox 2683 3725 2823 3770; x_wconf 85' lang='lat' dir='ltr'><strong>tanto</strong></span> <span class='ocrx_word' id='word_1_619' title='bbox 2860 3716 2912 3768; x_wconf 89' lang='lat' dir='ltr'><strong>in</strong></span> <span class='ocrx_word' id='word_1_620' title='bbox 2941 3717 3342 3780; x_wconf 77' lang='lat' dir='ltr'><strong>numero.Mar.,</strong></span> <span class='ocrx_word' id='word_1_621' title='bbox 3363 3727 3504 3770; x_wconf 88' lang='lat' dir='ltr'><strong>tanto</strong></span> <span class='ocrx_word' id='word_1_622' title='bbox 3533 3731 3596 3768; x_wconf 68' lang='lat' dir='ltr'><strong>ex</strong></span> <span class='ocrx_word' id='word_1_623' title='bbox 3615 3731 3851 3769; x_wconf 84' lang='lat' dir='ltr'><strong>nurnero.</strong></span> 
     </span>
    </p>
   </div>
   <div class='ocr_carea' id='block_1_106' title="bbox 2275 3787 3859 3853">
    <p class='ocr_par' dir='ltr' id='par_1_106' title="bbox 2275 3787 3859 3853">
     <span class='ocr_line' id='line_1_107' title="bbox 2275 3787 3859 3853; baseline -0.002 -8"><span class='ocrx_word' id='word_1_624' title='bbox 2275 3790 2423 3853; x_wconf 80' lang='lat' dir='ltr'><strong>Rat.,</strong></span> <span class='ocrx_word' id='word_1_625' title='bbox 2450 3799 2494 3843; x_wconf 79' lang='lat' dir='ltr'><strong>et</strong></span> <span class='ocrx_word' id='word_1_626' title='bbox 2519 3789 2679 3842; x_wconf 84' lang='lat' dir='ltr'><strong>solum</strong></span> <span class='ocrx_word' id='word_1_627' title='bbox 2702 3796 2838 3840; x_wconf 89' lang='lat' dir='ltr'><strong>tanto</strong></span> <span class='ocrx_word' id='word_1_628' title='bbox 2868 3801 3142 3840; x_wconf 80' lang='lat' dir='ltr'><strong>enumera.</strong></span> <span class='ocrx_word' id='word_1_629' title='bbox 3174 3787 3386 3853; x_wconf 88' lang='lat' dir='ltr'><strong>Vienn.,</strong></span> <span class='ocrx_word' id='word_1_630' title='bbox 3409 3798 3454 3840; x_wconf 86' lang='lat' dir='ltr'><strong>te</strong></span> <span class='ocrx_word' id='word_1_631' title='bbox 3482 3788 3645 3840; x_wconf 89' lang='lat' dir='ltr'><strong>solam</strong></span> <span class='ocrx_word' id='word_1_632' title='bbox 3665 3803 3694 3842; x_wconf 75' lang='grc' dir='ltr'><em>ε</em></span> <span class='ocrx_word' id='word_1_633' title='bbox 3717 3795 3859 3842; x_wconf 86' lang='lat' dir='ltr'><strong>tanto</strong></span> 
     </span>
    </p>
   </div>
   <div class='ocr_carea' id='block_1_107' title="bbox 2277 3857 3549 3926">
    <p class='ocr_par' dir='ltr' id='par_1_107' title="bbox 2277 3857 3549 3926">
     <span class='ocr_line' id='line_1_108' title="bbox 2277 3857 3549 3926; baseline -0.005 -11"><span class='ocrx_word' id='word_1_634' title='bbox 2277 3877 2508 3915; x_wconf 85' lang='lat' dir='ltr'><strong>numero.</strong></span> <span class='ocrx_word' id='word_1_635' title='bbox 2541 3858 2806 3926; x_wconf 80' lang='lat' dir='ltr'><strong>Plerique,</strong></span> <span class='ocrx_word' id='word_1_636' title='bbox 2839 3865 2886 3909; x_wconf 85' lang='lat' dir='ltr'><strong>te</strong></span> <span class='ocrx_word' id='word_1_637' title='bbox 2911 3857 3074 3910; x_wconf 89' lang='lat' dir='ltr'><strong>solam</strong></span> <span class='ocrx_word' id='word_1_638' title='bbox 3100 3867 3240 3911; x_wconf 88' lang='lat' dir='ltr'><strong>tanto</strong></span> <span class='ocrx_word' id='word_1_639' title='bbox 3266 3873 3294 3911; x_wconf 87' lang='lat' dir='ltr'><strong>e</strong></span> <span class='ocrx_word' id='word_1_640' title='bbox 3319 3872 3549 3911; x_wconf 88' lang='lat' dir='ltr'><strong>numero.</strong></span> 
     </span>
    </p>
   </div>
   <div class='ocr_carea' id='block_1_108' title="bbox 2350 3926 3856 3996">
    <p class='ocr_par' dir='ltr' id='par_1_108' title="bbox 2350 3926 3856 3996">
     <span class='ocr_line' id='line_1_109' title="bbox 2350 3926 3856 3996; baseline -0.003 -12"><span class='ocrx_word' id='word_1_641' title='bbox 2350 3930 2475 3985; x_wconf 84' lang='lat'><strong>695.</strong></span> <span class='ocrx_word' id='word_1_642' title='bbox 2525 3927 2791 3982; x_wconf 84' lang='lat' dir='ltr'><strong>Giselinus</strong></span> <span class='ocrx_word' id='word_1_643' title='bbox 2837 3929 2887 3981; x_wconf 92' lang='lat' dir='ltr'><strong>in</strong></span> <span class='ocrx_word' id='word_1_644' title='bbox 2941 3930 3163 3983; x_wconf 78' lang='lat' dir='ltr'><strong>vetuStis</strong></span> <span class='ocrx_word' id='word_1_645' title='bbox 3211 3929 3480 3992; x_wconf 91' lang='lat' dir='ltr'><strong>omnibus,</strong></span> <span class='ocrx_word' id='word_1_646' title='bbox 3526 3942 3661 3996; x_wconf 91' lang='lat' dir='ltr'><strong>quos</strong></span> <span class='ocrx_word' id='word_1_647' title='bbox 3703 3926 3856 3994; x_wconf 89' lang='lat' dir='ltr'><strong>vidit,</strong></span> 
     </span>
    </p>
   </div>
   <div class='ocr_carea' id='block_1_109' title="bbox 2277 3997 3856 4070">
    <p class='ocr_par' dir='ltr' id='par_1_109' title="bbox 2277 3997 3856 4070">
     <span class='ocr_line' id='line_1_110' title="bbox 2277 3997 3856 4070; baseline -0.003 -14"><span class='ocrx_word' id='word_1_648' title='bbox 2277 4001 2480 4056; x_wconf 91' lang='lat' dir='ltr'><strong>invenit</strong></span> <span class='ocrx_word' id='word_1_649' title='bbox 2529 4014 2778 4070; x_wconf 11' lang='lat' dir='ltr'><strong>prospera,</strong></span> <span class='ocrx_word' id='word_1_650' title='bbox 2821 4007 3012 4052; x_wconf 88' lang='lat' dir='ltr'><strong>nostra.</strong></span> <span class='ocrx_word' id='word_1_651' title='bbox 3065 3997 3220 4070; x_wconf 52' lang='lat' dir='ltr'><strong>Ideni</strong></span> <span class='ocrx_word' id='word_1_652' title='bbox 3247 3997 3538 4062; x_wconf 88' lang='lat' dir='ltr'><strong>Heinsiani,</strong></span> <span class='ocrx_word' id='word_1_653' title='bbox 3570 4008 3623 4052; x_wconf 92' lang='lat' dir='ltr'><strong>et</strong></span> <span class='ocrx_word' id='word_1_654' title='bbox 3663 4002 3856 4070; x_wconf 70' lang='lat' dir='ltr'><strong>nostri.</strong></span> 
     </span>
    </p>
   </div>
   <div class='ocr_carea' id='block_1_110' title="bbox 2277 4068 3858 4139">
    <p class='ocr_par' dir='ltr' id='par_1_110' title="bbox 2277 4068 3858 4139">
     <span class='ocr_line' id='line_1_111' title="bbox 2277 4068 3858 4139; baseline -0.003 -13"><span class='ocrx_word' id='word_1_655' title='bbox 2277 4073 2401 4127; x_wconf 81' lang='lat' dir='ltr'><strong>Ald.</strong></span> <span class='ocrx_word' id='word_1_656' title='bbox 2451 4068 2643 4125; x_wconf 57' lang='lat' dir='ltr'><strong>et&#39;alii</strong></span> <span class='ocrx_word' id='word_1_657' title='bbox 2696 4069 2863 4135; x_wconf 86' lang='lat' dir='ltr'><strong>vulg.,</strong></span> <span class='ocrx_word' id='word_1_658' title='bbox 2913 4076 3142 4136; x_wconf 88' lang='lat' dir='ltr'><strong>pectora.</strong></span> <span class='ocrx_word' id='word_1_659' title='bbox 3192 4068 3440 4123; x_wconf 82' lang='lat' dir='ltr'><strong>Barthius</strong></span> <span class='ocrx_word' id='word_1_660' title='bbox 3483 4081 3695 4137; x_wconf 88' lang='lat' dir='ltr'><strong>quoque</strong></span> <span class='ocrx_word' id='word_1_661' title='bbox 3737 4068 3858 4139; x_wconf 68' lang='lat' dir='ltr'><strong>legit</strong></span> 
     </span>
    </p>
   </div>
   <div class='ocr_carea' id='block_1_111' title="bbox 2279 4138 3856 4211">
    <p class='ocr_par' dir='ltr' id='par_1_111' title="bbox 2279 4138 3856 4211">
     <span class='ocr_line' id='line_1_112' title="bbox 2279 4138 3856 4211; baseline -0.002 -15"><span class='ocrx_word' id='word_1_662' title='bbox 2279 4157 2522 4211; x_wconf 80' lang='lat' dir='ltr'><strong>prospera</strong></span> <span class='ocrx_word' id='word_1_663' title='bbox 2554 4149 2725 4193; x_wconf 88' lang='lat' dir='ltr'><strong>nostra</strong></span> <span class='ocrx_word' id='word_1_664' title='bbox 2750 4139 2999 4211; x_wconf 78' lang='lat' dir='ltr'><strong>vulnerat,</strong></span> <span class='ocrx_word' id='word_1_665' title='bbox 3027 4152 3077 4211; x_wconf 90' lang='lat' dir='ltr'><strong>e_t</strong></span> <span class='ocrx_word' id='word_1_666' title='bbox 3100 4139 3375 4211; x_wconf 70' lang='lat' dir='ltr'><strong>observat.</strong></span> <span class='ocrx_word' id='word_1_667' title='bbox 3407 4140 3672 4211; x_wconf 64' lang='lat' dir='ltr'><strong>vulnerare</strong></span> <span class='ocrx_word' id='word_1_668' title='bbox 3683 4138 3752 4211; x_wconf 73' lang='lat' dir='ltr'><strong>ad</strong></span> <span class='ocrx_word' id='word_1_669' title='bbox 3771 4138 3856 4193; x_wconf 82' lang='lat' dir='ltr'><strong>res</strong></span> 
     </span>
    </p>
   </div>
   <div class='ocr_carea' id='block_1_112' title="bbox 2276 4207 3853 4278">
    <p class='ocr_par' dir='ltr' id='par_1_112' title="bbox 2276 4207 3853 4278">
     <span class='ocr_line' id='line_1_113' title="bbox 2276 4207 3853 4278; baseline -0.004 -10"><span class='ocrx_word' id='word_1_670' title='bbox 2276 4207 2437 4268; x_wconf 79' lang='lat' dir='ltr'><strong>etiam</strong></span> <span class='ocrx_word' id='word_1_671' title='bbox 2469 4211 2728 4264; x_wconf 83' lang='lat' dir='ltr'><strong>inanimas</strong></span> <span class='ocrx_word' id='word_1_672' title='bbox 2757 4209 2915 4273; x_wconf 85' lang='lat' dir='ltr'><strong>trahi,</strong></span> <span class='ocrx_word' id='word_1_673' title='bbox 2945 4224 3008 4262; x_wconf 80' lang='lat' dir='ltr'><strong>ex</strong></span> <span class='ocrx_word' id='word_1_674' title='bbox 3040 4209 3294 4278; x_wconf 87' lang='lat' dir='ltr'><strong>Eutropio</strong></span> <span class='ocrx_word' id='word_1_675' title='bbox 3325 4209 3418 4264; x_wconf 89' lang='lat' dir='ltr'><strong>lib.</strong></span> <span class='ocrx_word' id='word_1_676' title='bbox 3451 4225 3482 4262; x_wconf 72' lang='grc' dir='ltr'><strong>κ</strong></span> <span class='ocrx_word' id='word_1_677' title='bbox 3514 4208 3581 4263; x_wconf 90' lang='lat' dir='ltr'><strong>de</strong></span> <span class='ocrx_word' id='word_1_678' title='bbox 3609 4207 3853 4265; x_wconf 82' lang='lat' dir='ltr'><strong>Juliano:</strong></span> 
     </span>
    </p>
   </div>
   <div class='ocr_carea' id='block_1_113' title="bbox 2278 4280 3859 4349">
    <p class='ocr_par' dir='ltr' id='par_1_113' title="bbox 2278 4280 3859 4349">
     <span class='ocr_line' id='line_1_114' title="bbox 2278 4280 3859 4349; baseline -0.001 -13"><span class='ocrx_word' id='word_1_679' title='bbox 2278 4281 2511 4336; x_wconf 83' lang='lat' dir='ltr'><strong>Fuerunt</strong></span> <span class='ocrx_word' id='word_1_680' title='bbox 2541 4280 2795 4347; x_wconf 88' lang='lat' dir='ltr'><strong>nonnulli,</strong></span> <span class='ocrx_word' id='word_1_681' title='bbox 2819 4280 3133 4349; x_wconf 82' lang='lat' dir='ltr'><strong>quivulnera</strong></span> <span class='ocrx_word' id='word_1_682' title='bbox 3155 4283 3265 4349; x_wconf 82' lang='lat' dir='ltr'><strong>ejus</strong></span> <span class='ocrx_word' id='word_1_683' title='bbox 3303 4281 3478 4349; x_wconf 71' lang='lat' dir='ltr'><strong>glorite</strong></span> <span class='ocrx_word' id='word_1_684' title='bbox 3500 4280 3772 4348; x_wconf 80' lang='lat' dir='ltr'><strong>inferrent,</strong></span> <span class='ocrx_word' id='word_1_685' title='bbox 3805 4290 3859 4334; x_wconf 84' lang='lat' dir='ltr'><strong>et</strong></span> 
     </span>
    </p>
   </div>
   <div class='ocr_carea' id='block_1_114' title="bbox 2279 4300 3860 4424">
    <p class='ocr_par' dir='ltr' id='par_1_114' title="bbox 2279 4300 3860 4424">
     <span class='ocr_line' id='line_1_115' title="bbox 2279 4300 3859 4349; baseline -0.001 -13"><span class='ocrx_word' id='word_1_686' title='bbox 2279 4300 2511 4336; x_wconf 76' lang='lat' dir='ltr'><strong>ruerunt</strong></span> <span class='ocrx_word' id='word_1_687' title='bbox 2541 4300 2795 4347; x_wconf 85' lang='lat' dir='ltr'><strong>nonnum,</strong></span> <span class='ocrx_word' id='word_1_688' title='bbox 2819 4300 2904 4349; x_wconf 82' lang='lat' dir='ltr'><strong>qui</strong></span> <span class='ocrx_word' id='word_1_689' title='bbox 2923 4300 3133 4332; x_wconf 77' lang='lat' dir='ltr'><strong>vulnera</strong></span> <span class='ocrx_word' id='word_1_690' title='bbox 3155 4300 3181 4332; x_wconf 90' lang='lat' dir='ltr'><strong>e</strong></span> <span class='ocrx_word' id='word_1_691' title='bbox 3211 4300 3265 4331; x_wconf 83' lang='lat' dir='ltr'><strong>us</strong></span> <span class='ocrx_word' id='word_1_692' title='bbox 3303 4300 3478 4349; x_wconf 73' lang='lat' dir='ltr'><strong>groruz</strong></span> <span class='ocrx_word' id='word_1_693' title='bbox 3500 4300 3772 4348; x_wconf 74' lang='grc' dir='ltr'><strong>ιηῙσΠειιι,</strong></span> <span class='ocrx_word' id='word_1_694' title='bbox 3805 4300 3859 4334; x_wconf 82' lang='lat' dir='ltr'><strong>et</strong></span> 
     </span>
     <span class='ocr_line' id='line_1_116' title="bbox 2279 4300 3860 4424; baseline -0.004 -14"><span class='ocrx_word' id='word_1_695' title='bbox 2279 4352 2604 4424; x_wconf 76' lang='lat' dir='ltr'><strong>Symmacho</strong></span> <span class='ocrx_word' id='word_1_696' title='bbox 2624 4349 2812 4424; x_wconf 66' lang='lat' dir='ltr'><strong>lili._tt,</strong></span> <span class='ocrx_word' id='word_1_697' title='bbox 2839 4350 2993 4419; x_wconf 88' lang='lat' dir='ltr'><strong>epist.</strong></span> <span class='ocrx_word' id='word_1_698' title='bbox 3012 4350 3091 4424; x_wconf 81' lang='lat'><strong>_50</strong></span> <span class='ocrx_word' id='word_1_699' title='bbox 3119 4365 3133 4404; x_wconf 89' lang='lat'><strong>:</strong></span> <span class='ocrx_word' id='word_1_700' title='bbox 3162 4300 3729 4424; x_wconf 38' lang='lat' dir='ltr'><strong>Siciliensenegotium</strong></span> <span class='ocrx_word' id='word_1_701' title='bbox 3752 4349 3860 4404; x_wconf 72' lang='lat' dir='ltr'><strong>rul-</strong></span> 
     </span>
    </p>
   </div>
   <div class='ocr_carea' id='block_1_115' title="bbox 2279 4420 3785 4490">
    <p class='ocr_par' dir='ltr' id='par_1_115' title="bbox 2279 4420 3785 4490">
     <span class='ocr_line' id='line_1_117' title="bbox 2279 4420 3785 4490; baseline -0.003 -11"><span class='ocrx_word' id='word_1_702' title='bbox 2279 4420 2535 4479; x_wconf 80' lang='lat' dir='ltr'><strong>neratum.</strong></span> <span class='ocrx_word' id='word_1_703' title='bbox 2577 4421 2781 4476; x_wconf 89' lang='lat' dir='ltr'><strong>Similia</strong></span> <span class='ocrx_word' id='word_1_704' title='bbox 2810 4421 3058 4488; x_wconf 79' lang='lat' dir='ltr'><strong>exempla</strong></span> <span class='ocrx_word' id='word_1_705' title='bbox 3086 4421 3264 4488; x_wconf 85' lang='lat' dir='ltr'><strong>quivis</strong></span> <span class='ocrx_word' id='word_1_706' title='bbox 3295 4422 3488 4490; x_wconf 88' lang='lat' dir='ltr'><strong>poterit</strong></span> <span class='ocrx_word' id='word_1_707' title='bbox 3516 4420 3785 4475; x_wconf 87' lang='lat' dir='ltr'><strong>invenire.</strong></span> 
     </span>
    </p>
   </div>
   <div class='ocr_carea' id='block_1_116' title="bbox 2350 4490 3858 4560">
    <p class='ocr_par' dir='ltr' id='par_1_116' title="bbox 2350 4490 3858 4560">
     <span class='ocr_line' id='line_1_118' title="bbox 2350 4490 3858 4560; baseline -0.001 -13"><span class='ocrx_word' id='word_1_708' title='bbox 2350 4495 2474 4549; x_wconf 58' lang='lat'><strong>637.</strong></span> <span class='ocrx_word' id='word_1_709' title='bbox 2499 4492 2656 4557; x_wconf 67' lang='lat' dir='ltr'><strong>Man,</strong></span> <span class='ocrx_word' id='word_1_710' title='bbox 2680 4492 2817 4560; x_wconf 76' lang='lat' dir='ltr'><strong>[erro</strong></span> <span class='ocrx_word' id='word_1_711' title='bbox 2831 4490 3032 4544; x_wconf 82' lang='lat' dir='ltr'><strong>sedasse</strong></span> <span class='ocrx_word' id='word_1_712' title='bbox 3053 4490 3280 4545; x_wconf 80' lang='lat' dir='ltr'><strong>fortaSse</strong></span> <span class='ocrx_word' id='word_1_713' title='bbox 3305 4491 3686 4560; x_wconf 78' lang='lat' dir='ltr'><strong>melius,quam</strong></span> <span class='ocrx_word' id='word_1_714' title='bbox 3707 4490 3858 4546; x_wconf 84' lang='lat' dir='ltr'><strong>bello.</strong></span> 
     </span>
    </p>
   </div>
   <div class='ocr_carea' id='block_1_117' title="bbox 2279 4561 3860 4631">
    <p class='ocr_par' dir='ltr' id='par_1_117' title="bbox 2279 4561 3860 4631">
     <span class='ocr_line' id='line_1_119' title="bbox 2279 4561 3860 4631; baseline -0.004 -10"><span class='ocrx_word' id='word_1_715' title='bbox 2279 4567 2520 4631; x_wconf 67' lang='lat' dir='ltr'><strong>Intelligo</strong></span> <span class='ocrx_word' id='word_1_716' title='bbox 2552 4572 2727 4616; x_wconf 90' lang='lat' dir='ltr'><strong>tamen</strong></span> <span class='ocrx_word' id='word_1_717' title='bbox 2762 4563 2899 4614; x_wconf 89' lang='lat' dir='ltr'><strong>idem</strong></span> <span class='ocrx_word' id='word_1_718' title='bbox 2945 4576 3065 4616; x_wconf 92' lang='lat' dir='ltr'><strong>esse</strong></span> <span class='ocrx_word' id='word_1_719' title='bbox 3093 4565 3228 4629; x_wconf 69' lang='lat' dir='ltr'><strong>ferro</strong></span> <span class='ocrx_word' id='word_1_720' title='bbox 3279 4565 3484 4615; x_wconf 86' lang='lat' dir='ltr'><strong>sedasse</strong></span> <span class='ocrx_word' id='word_1_721' title='bbox 3525 4575 3587 4616; x_wconf 91' lang='lat' dir='ltr'><strong>ac</strong></span> <span class='ocrx_word' id='word_1_722' title='bbox 3628 4561 3759 4614; x_wconf 82' lang='lat' dir='ltr'><strong>bello</strong></span> <span class='ocrx_word' id='word_1_723' title='bbox 3782 4578 3860 4614; x_wconf 83' lang='lat' dir='ltr'><strong>se-</strong></span> 
     </span>
    </p>
   </div>
   <div class='ocr_carea' id='block_1_118' title="bbox 2280 4631 3860 4703">
    <p class='ocr_par' dir='ltr' id='par_1_118' title="bbox 2280 4631 3860 4703">
     <span class='ocr_line' id='line_1_120' title="bbox 2280 4631 3860 4703; baseline -0.001 -14"><span class='ocrx_word' id='word_1_724' title='bbox 2280 4637 2428 4689; x_wconf 88' lang='lat' dir='ltr'><strong>dassc</strong></span> <span class='ocrx_word' id='word_1_725' title='bbox 2453 4651 2472 4700; x_wconf 65' lang='grc' dir='ltr'><strong><em>ς</em></strong></span> <span class='ocrx_word' id='word_1_726' title='bbox 2500 4632 2731 4702; x_wconf 88' lang='lat' dir='ltr'><strong>alioquin</strong></span> <span class='ocrx_word' id='word_1_727' title='bbox 2755 4632 2891 4688; x_wconf 90' lang='lat' dir='ltr'><strong>bene</strong></span> <span class='ocrx_word' id='word_1_728' title='bbox 2918 4643 3001 4687; x_wconf 88' lang='lat' dir='ltr'><strong>est</strong></span> <span class='ocrx_word' id='word_1_729' title='bbox 3051 4631 3209 4694; x_wconf 88' lang='lat' dir='ltr'><strong>bello,</strong></span> <span class='ocrx_word' id='word_1_730' title='bbox 3260 4633 3556 4703; x_wconf 56' lang='lat' dir='ltr'><strong>priesertim</strong></span> <span class='ocrx_word' id='word_1_731' title='bbox 3605 4646 3728 4687; x_wconf 90' lang='lat' dir='ltr'><strong>cum</strong></span> <span class='ocrx_word' id='word_1_732' title='bbox 3776 4645 3860 4688; x_wconf 88' lang='lat' dir='ltr'><strong>se-</strong></span> 
     </span>
    </p>
   </div>
   <div class='ocr_carea' id='block_1_119' title="bbox 2206 4716 2640 4814">
    <p class='ocr_par' dir='ltr' id='par_1_119' title="bbox 2206 4716 2640 4814">
     <span class='ocr_line' id='line_1_121' title="bbox 2283 4716 2640 4776; baseline -0.017 -15"><span class='ocrx_word' id='word_1_733' title='bbox 2283 4716 2474 4776; x_wconf 89' lang='lat' dir='ltr'><strong>quatnr</strong></span> <span class='ocrx_word' id='word_1_734' title='bbox 2499 4718 2640 4771; x_wconf 87' lang='lat' dir='ltr'><strong>pace.</strong></span> 
     </span>
     <span class='ocr_line' id='line_1_122' title="bbox 2206 4755 2630 4814; baseline 0 0"><span class='ocrx_word' id='word_1_735' title='bbox 2206 4755 2255 4814; x_wconf 89' lang='lat' dir='ltr'><strong>D</strong></span> <span class='ocrx_word' id='word_1_736' title='bbox 2353 4776 2456 4814; x_wconf 62' lang='lat' dir='ltr'><strong>uno</strong></span> <span class='ocrx_word' id='word_1_737' title='bbox 2513 4772 2630 4814; x_wconf 72' lang='lat' dir='ltr'><strong>wm</strong></span> 
     </span>
    </p>
   </div>
   <div class='ocr_carea' id='block_1_120' title="bbox 2353 4772 3861 4843">
    <p class='ocr_par' dir='ltr' id='par_1_120' title="bbox 2353 4772 3861 4843">
     <span class='ocr_line' id='line_1_123' title="bbox 2353 4772 3861 4843; baseline -0.001 -13"><span class='ocrx_word' id='word_1_738' title='bbox 2353 4776 2476 4830; x_wconf 77' lang='lat'><strong>699.</strong></span> <span class='ocrx_word' id='word_1_739' title='bbox 2513 4772 2710 4827; x_wconf 89' lang='lat' dir='ltr'><strong>Widm.</strong></span> <span class='ocrx_word' id='word_1_740' title='bbox 2746 4789 2926 4843; x_wconf 88' lang='lat' dir='ltr'><strong>supra,</strong></span> <span class='ocrx_word' id='word_1_741' title='bbox 2959 4782 3122 4843; x_wconf 82' lang='lat' dir='ltr'><strong>castos</strong></span> <span class='ocrx_word' id='word_1_742' title='bbox 3163 4789 3260 4842; x_wconf 90' lang='lat' dir='ltr'><strong>pro</strong></span> <span class='ocrx_word' id='word_1_743' title='bbox 3289 4782 3508 4826; x_wconf 64' lang='lat' dir='ltr'><strong>mustos.</strong></span> <span class='ocrx_word' id='word_1_744' title='bbox 3539 4775 3735 4828; x_wconf 79' lang='lat' dir='ltr'><strong>Arator</strong></span> <span class='ocrx_word' id='word_1_745' title='bbox 3764 4773 3861 4829; x_wconf 87' lang='lat' dir='ltr'><strong>lib.</strong></span> 
     </span>
    </p>
   </div>
   <div class='ocr_carea' id='block_1_121' title="bbox 2283 4842 3862 4914">
    <p class='ocr_par' dir='ltr' id='par_1_121' title="bbox 2283 4842 3862 4914">
     <span class='ocr_line' id='line_1_124' title="bbox 2283 4842 3862 4914; baseline -0.004 -12"><span class='ocrx_word' id='word_1_746' title='bbox 2283 4863 2348 4902; x_wconf 81' lang='lat' dir='ltr'><strong>ti:</strong></span> <span class='ocrx_word' id='word_1_747' title='bbox 2386 4845 2489 4901; x_wconf 87' lang='lat' dir='ltr'><strong>Sed</strong></span> <span class='ocrx_word' id='word_1_748' title='bbox 2509 4852 2555 4897; x_wconf 88' lang='lat' dir='ltr'><strong>et</strong></span> <span class='ocrx_word' id='word_1_749' title='bbox 2586 4845 2755 4898; x_wconf 85' lang='lat' dir='ltr'><strong>acrior</strong></span> <span class='ocrx_word' id='word_1_750' title='bbox 2785 4842 2946 4898; x_wconf 82' lang='lat' dir='ltr'><strong>hostis</strong></span> <span class='ocrx_word' id='word_1_751' title='bbox 2988 4842 3140 4898; x_wconf 85' lang='lat' dir='ltr'><strong>Intus</strong></span> <span class='ocrx_word' id='word_1_752' title='bbox 3179 4848 3298 4910; x_wconf 87' lang='lat' dir='ltr'><strong>erit,</strong></span> <span class='ocrx_word' id='word_1_753' title='bbox 3325 4845 3627 4914; x_wconf 75' lang='lat' dir='ltr'><strong>graviusque</strong></span> <span class='ocrx_word' id='word_1_754' title='bbox 3668 4845 3862 4896; x_wconf 83' lang='lat' dir='ltr'><strong>malum</strong></span> 
     </span>
    </p>
   </div>
   <div class='ocr_carea' id='block_1_122' title="bbox 2283 4914 3578 4985">
    <p class='ocr_par' dir='ltr' id='par_1_122' title="bbox 2283 4914 3578 4985">
     <span class='ocr_line' id='line_1_125' title="bbox 2283 4914 3578 4985; baseline -0.004 -14"><span class='ocrx_word' id='word_1_755' title='bbox 2283 4917 2542 4972; x_wconf 84' lang='lat' dir='ltr'><strong>discordia</strong></span> <span class='ocrx_word' id='word_1_756' title='bbox 2564 4923 2750 4985; x_wconf 87' lang='lat' dir='ltr'><strong>portat,</strong></span> <span class='ocrx_word' id='word_1_757' title='bbox 2786 4914 2912 4980; x_wconf 62' lang='lat' dir='ltr'><strong>Quae</strong></span> <span class='ocrx_word' id='word_1_758' title='bbox 2942 4915 3126 4968; x_wconf 81' lang='lat' dir='ltr'><strong>uulnus</strong></span> <span class='ocrx_word' id='word_1_759' title='bbox 3153 4914 3244 4966; x_wconf 87' lang='lat' dir='ltr'><strong>sub</strong></span> <span class='ocrx_word' id='word_1_760' title='bbox 3275 4931 3396 4970; x_wconf 79' lang='lat' dir='ltr'><strong>pace</strong></span> <span class='ocrx_word' id='word_1_761' title='bbox 3421 4924 3578 4985; x_wconf 68' lang='lat' dir='ltr'><strong>creat.</strong></span> 
     </span>
    </p>
   </div>
   <div class='ocr_carea' id='block_1_123' title="bbox 2353 4981 3859 5053">
    <p class='ocr_par' dir='ltr' id='par_1_123' title="bbox 2353 4981 3859 5053">
     <span class='ocr_line' id='line_1_126' title="bbox 2353 4981 3859 5053; baseline -0.001 -13"><span class='ocrx_word' id='word_1_762' title='bbox 2353 4988 2476 5043; x_wconf 72' lang='grc'>704.</span> <span class='ocrx_word' id='word_1_763' title='bbox 2506 4981 2718 5052; x_wconf 76' lang='lat' dir='ltr'><strong>Vienn.,</strong></span> <span class='ocrx_word' id='word_1_764' title='bbox 2764 4994 2811 5037; x_wconf 85' lang='lat' dir='ltr'><strong>et</strong></span> <span class='ocrx_word' id='word_1_765' title='bbox 2855 4985 3102 5053; x_wconf 78' lang='lat' dir='ltr'><strong>deprensa</strong></span> <span class='ocrx_word' id='word_1_766' title='bbox 3133 4985 3251 5051; x_wconf 78' lang='lat' dir='ltr'><strong>fuit.</strong></span> <span class='ocrx_word' id='word_1_767' title='bbox 3286 4986 3429 5050; x_wconf 73' lang='lat' dir='ltr'><strong>Ald.,</strong></span> <span class='ocrx_word' id='word_1_768' title='bbox 3464 4981 3603 5049; x_wconf 88' lang='lat' dir='ltr'><strong>Gis.,</strong></span> <span class='ocrx_word' id='word_1_769' title='bbox 3639 4982 3859 5053; x_wconf 76' lang='lat' dir='ltr'><strong>Wei&#39;z.,</strong></span> 
     </span>
    </p>
   </div>
   <div class='ocr_carea' id='block_1_124' title="bbox 2282 5051 3861 5127">
    <p class='ocr_par' dir='ltr' id='par_1_124' title="bbox 2282 5051 3861 5127">
     <span class='ocr_line' id='line_1_127' title="bbox 2282 5051 3861 5127; baseline -0.003 -16"><span class='ocrx_word' id='word_1_770' title='bbox 2282 5059 2442 5127; x_wconf 79' lang='lat' dir='ltr'><strong>Ang.,</strong></span> <span class='ocrx_word' id='word_1_771' title='bbox 2481 5056 2594 5110; x_wconf 84' lang='lat' dir='ltr'><strong>Vat.</strong></span> <span class='ocrx_word' id='word_1_772' title='bbox 2627 5053 2688 5119; x_wconf 90' lang='lat' dir='ltr'><strong>C,</strong></span> <span class='ocrx_word' id='word_1_773' title='bbox 2724 5051 2966 5127; x_wconf 13' lang='lat' dir='ltr'><strong>Rat.,_ret</strong></span> <span class='ocrx_word' id='word_1_774' title='bbox 3009 5055 3257 5127; x_wconf 79' lang='lat' dir='ltr'><strong>deprensa</strong></span> <span class='ocrx_word' id='word_1_775' title='bbox 3303 5055 3491 5127; x_wconf 73' lang='lat' dir='ltr'><strong>uetuit.</strong></span> <span class='ocrx_word' id='word_1_776' title='bbox 3536 5053 3693 5117; x_wconf 62' lang='lat' dir='ltr'><strong>Man,</strong></span> <span class='ocrx_word' id='word_1_777' title='bbox 3725 5051 3861 5123; x_wconf 77' lang='lat' dir='ltr'><strong>Aug.</strong></span> 
     </span>
    </p>
   </div>
   <div class='ocr_carea' id='block_1_125' title="bbox 2281 5125 3866 5194">
    <p class='ocr_par' dir='ltr' id='par_1_125' title="bbox 2281 5125 3866 5194">
     <span class='ocr_line' id='line_1_128' title="bbox 2281 5125 3866 5194; baseline -0.002 -11"><span class='ocrx_word' id='word_1_778' title='bbox 2281 5125 2404 5183; x_wconf 82' lang='lat' dir='ltr'><strong>cum</strong></span> <span class='ocrx_word' id='word_1_779' title='bbox 2432 5128 2599 5181; x_wconf 89' lang='lat' dir='ltr'><strong>tribus</strong></span> <span class='ocrx_word' id='word_1_780' title='bbox 2625 5125 3000 5180; x_wconf 85' lang='lat' dir='ltr'><strong>vetustioribus</strong></span> <span class='ocrx_word' id='word_1_781' title='bbox 3026 5125 3249 5192; x_wconf 88' lang='lat' dir='ltr'><strong>lleinsii,</strong></span> <span class='ocrx_word' id='word_1_782' title='bbox 3275 5135 3320 5179; x_wconf 84' lang='lat' dir='ltr'><strong>et</strong></span> <span class='ocrx_word' id='word_1_783' title='bbox 3346 5125 3592 5194; x_wconf 84' lang='lat' dir='ltr'><strong>deprensa</strong></span> <span class='ocrx_word' id='word_1_784' title='bbox 3615 5133 3866 5180; x_wconf 79' lang='lat' dir='ltr'><strong>tremunt.</strong></span> 
     </span>
    </p>
   </div>
   <div class='ocr_carea' id='block_1_126' title="bbox 2282 5196 2926 5253">
    <p class='ocr_par' dir='ltr' id='par_1_126' title="bbox 2282 5196 2926 5253">
     <span class='ocr_line' id='line_1_129' title="bbox 2282 5196 2926 5253; baseline -0.008 0"><span class='ocrx_word' id='word_1_785' title='bbox 2282 5198 2338 5252; x_wconf 85' lang='lat' dir='ltr'><strong>Id</strong></span> <span class='ocrx_word' id='word_1_786' title='bbox 2367 5208 2548 5253; x_wconf 86' lang='lat' dir='ltr'><strong>tenent</strong></span> <span class='ocrx_word' id='word_1_787' title='bbox 2582 5196 2926 5251; x_wconf 77' lang='lat' dir='ltr'><strong>recentiores.</strong></span> 
     </span>
    </p>
   </div>
   <div class='ocr_carea' id='block_1_127' title="bbox 2351 5264 3868 5336">
    <p class='ocr_par' dir='ltr' id='par_1_127' title="bbox 2351 5264 3868 5336">
     <span class='ocr_line' id='line_1_130' title="bbox 2351 5264 3868 5336; baseline -0.003 -14"><span class='ocrx_word' id='word_1_788' title='bbox 2351 5270 2417 5323; x_wconf 94' lang='lat'><strong>70</strong></span> <span class='ocrx_word' id='word_1_789' title='bbox 2434 5275 2475 5323; x_wconf 60' lang='grc' dir='ltr'>ς.</span> <span class='ocrx_word' id='word_1_790' title='bbox 2510 5267 2654 5330; x_wconf 81' lang='lat' dir='ltr'><strong>Ald.,</strong></span> <span class='ocrx_word' id='word_1_791' title='bbox 2687 5276 2730 5320; x_wconf 86' lang='lat' dir='ltr'><strong>et</strong></span> <span class='ocrx_word' id='word_1_792' title='bbox 2753 5268 2928 5336; x_wconf 77' lang='lat' dir='ltr'><strong>jussu.</strong></span> <span class='ocrx_word' id='word_1_793' title='bbox 2958 5266 3012 5320; x_wconf 89' lang='lat' dir='ltr'><strong>In</strong></span> <span class='ocrx_word' id='word_1_794' title='bbox 3051 5264 3167 5319; x_wconf 72' lang='lat' dir='ltr'><strong>Vat.</strong></span> <span class='ocrx_word' id='word_1_795' title='bbox 3214 5265 3254 5318; x_wconf 86' lang='lat' dir='ltr'><strong>C</strong></span> <span class='ocrx_word' id='word_1_796' title='bbox 3285 5277 3533 5336; x_wconf 82' lang='lat' dir='ltr'><strong>aurasum</strong></span> <span class='ocrx_word' id='word_1_797' title='bbox 3568 5274 3655 5336; x_wconf 84' lang='lat' dir='ltr'><strong>est</strong></span> <span class='ocrx_word' id='word_1_798' title='bbox 3700 5280 3868 5318; x_wconf 88' lang='lat' dir='ltr'><strong>unum</strong></span> 
     </span>
    </p>
   </div>
   <div class='ocr_carea' id='block_1_128' title="bbox 2284 5334 3870 5406">
    <p class='ocr_par' dir='ltr' id='par_1_128' title="bbox 2284 5334 3870 5406">
     <span class='ocr_line' id='line_1_131' title="bbox 2284 5334 3870 5406; baseline -0.003 -14"><span class='ocrx_word' id='word_1_799' title='bbox 2284 5341 2528 5405; x_wconf 88' lang='lat' dir='ltr'><strong>verbum,</strong></span> <span class='ocrx_word' id='word_1_800' title='bbox 2561 5339 2674 5392; x_wconf 83' lang='lat' dir='ltr'><strong>sive</strong></span> <span class='ocrx_word' id='word_1_801' title='bbox 2697 5334 2868 5406; x_wconf 76' lang='lat' dir='ltr'><strong>jussu,</strong></span> <span class='ocrx_word' id='word_1_802' title='bbox 2894 5338 3006 5390; x_wconf 88' lang='lat' dir='ltr'><strong>sive</strong></span> <span class='ocrx_word' id='word_1_803' title='bbox 3033 5337 3207 5405; x_wconf 90' lang='lat' dir='ltr'><strong>potius</strong></span> <span class='ocrx_word' id='word_1_804' title='bbox 3233 5334 3413 5406; x_wconf 77' lang='lat' dir='ltr'><strong>missu,</strong></span> <span class='ocrx_word' id='word_1_805' title='bbox 3445 5335 3584 5406; x_wconf 72' lang='lat' dir='ltr'><strong>qugd</strong></span> <span class='ocrx_word' id='word_1_806' title='bbox 3613 5346 3792 5389; x_wconf 75' lang='lat' dir='ltr'><strong>exstat</strong></span> <span class='ocrx_word' id='word_1_807' title='bbox 3818 5338 3870 5388; x_wconf 91' lang='lat' dir='ltr'><strong>in</strong></span> 
     </span>
    </p>
   </div>
   <div class='ocr_carea' id='block_1_129' title="bbox 2288 5403 3874 5476">
    <p class='ocr_par' dir='ltr' id='par_1_129' title="bbox 2288 5403 3874 5476">
     <span class='ocr_line' id='line_1_132' title="bbox 2288 5403 3874 5476; baseline -0.001 -15"><span class='ocrx_word' id='word_1_808' title='bbox 2288 5403 2536 5462; x_wconf 80' lang='lat' dir='ltr'><strong>omnibus</strong></span> <span class='ocrx_word' id='word_1_809' title='bbox 2559 5403 2708 5461; x_wconf 60' lang='lat' dir='ltr'><strong>aliis.</strong></span> <span class='ocrx_word' id='word_1_810' title='bbox 2731 5409 2892 5474; x_wconf 80' lang='lat' dir='ltr'><strong>Ang.,</strong></span> <span class='ocrx_word' id='word_1_811' title='bbox 2925 5403 3124 5459; x_wconf 81' lang='lat' dir='ltr'><strong>venerat</strong></span> <span class='ocrx_word' id='word_1_812' title='bbox 3155 5406 3266 5473; x_wconf 88' lang='lat' dir='ltr'><strong>ipsa</strong></span> <span class='ocrx_word' id='word_1_813' title='bbox 3292 5421 3308 5466; x_wconf 89' lang='lat'><em>;</em></span> <span class='ocrx_word' id='word_1_814' title='bbox 3333 5403 3490 5476; x_wconf 46' lang='lat' dir='ltr'><strong>Mary,</strong></span> <span class='ocrx_word' id='word_1_815' title='bbox 3519 5404 3668 5472; x_wconf 80' lang='lat' dir='ltr'><strong>Rat.,</strong></span> <span class='ocrx_word' id='word_1_816' title='bbox 3700 5420 3730 5458; x_wconf 91' lang='lat' dir='ltr'><strong>a</strong></span> <span class='ocrx_word' id='word_1_817' title='bbox 3757 5407 3874 5476; x_wconf 86' lang='lat' dir='ltr'><strong>pri-</strong></span> 
     </span>
    </p>
   </div>
   <div class='ocr_carea' id='block_1_130' title="bbox 2293 5474 3537 5541">
    <p class='ocr_par' dir='ltr' id='par_1_130' title="bbox 2293 5474 3537 5541">
     <span class='ocr_line' id='line_1_133' title="bbox 2293 5474 3537 5541; baseline -0.002 -9"><span class='ocrx_word' id='word_1_818' title='bbox 2293 5495 2375 5532; x_wconf 84' lang='lat' dir='ltr'><strong>tna</strong></span> <span class='ocrx_word' id='word_1_819' title='bbox 2406 5495 2586 5541; x_wconf 88' lang='lat' dir='ltr'><strong>manu,</strong></span> <span class='ocrx_word' id='word_1_820' title='bbox 2615 5486 2814 5531; x_wconf 80' lang='lat' dir='ltr'><strong>venerat</strong></span> <span class='ocrx_word' id='word_1_821' title='bbox 2840 5476 3184 5538; x_wconf 73' lang='lat' dir='ltr'><strong>illa.C:eteri,</strong></span> <span class='ocrx_word' id='word_1_822' title='bbox 3213 5475 3395 5528; x_wconf 81' lang='lat' dir='ltr'><strong>uenerit</strong></span> <span class='ocrx_word' id='word_1_823' title='bbox 3424 5474 3537 5529; x_wconf 87' lang='lat' dir='ltr'><strong>illa.</strong></span> 
     </span>
    </p>
   </div>
   <div class='ocr_carea' id='block_1_131' title="bbox 2360 5545 3462 5616">
    <p class='ocr_par' dir='ltr' id='par_1_131' title="bbox 2360 5545 3462 5616">
     <span class='ocr_line' id='line_1_134' title="bbox 2360 5545 3462 5616; baseline -0.009 -10"><span class='ocrx_word' id='word_1_824' title='bbox 2360 5551 2481 5606; x_wconf 87' lang='grc'>709.</span> <span class='ocrx_word' id='word_1_825' title='bbox 2515 5550 2728 5616; x_wconf 78' lang='lat' dir='ltr'><strong>Viean.,</strong></span> <span class='ocrx_word' id='word_1_826' title='bbox 2765 5547 2924 5609; x_wconf 83' lang='lat' dir='ltr'><strong>male,</strong></span> <span class='ocrx_word' id='word_1_827' title='bbox 2957 5548 3212 5600; x_wconf 80' lang='lat' dir='ltr'><strong>discordia</strong></span> <span class='ocrx_word' id='word_1_828' title='bbox 3243 5545 3462 5597; x_wconf 87' lang='lat' dir='ltr'><strong>discors.</strong></span> 
     </span>
    </p>
   </div>
   <div class='ocr_carea' id='block_1_132' title="bbox 2363 5613 3880 5684">
    <p class='ocr_par' dir='ltr' id='par_1_132' title="bbox 2363 5613 3880 5684">
     <span class='ocr_line' id='line_1_135' title="bbox 2363 5613 3880 5684; baseline -0.003 -13"><span class='ocrx_word' id='word_1_829' title='bbox 2363 5621 2483 5672; x_wconf 87' lang='lat' dir='ltr'><strong>7l0.</strong></span> <span class='ocrx_word' id='word_1_830' title='bbox 2517 5620 2567 5672; x_wconf 88' lang='lat' dir='ltr'><strong>In</strong></span> <span class='ocrx_word' id='word_1_831' title='bbox 2605 5619 2644 5670; x_wconf 72' lang='lat' dir='ltr'><strong>ll</strong></span> <span class='ocrx_word' id='word_1_832' title='bbox 2667 5613 2722 5672; x_wconf 70' lang='grc'><strong>»1.</strong></span> <span class='ocrx_word' id='word_1_833' title='bbox 2755 5627 3047 5678; x_wconf 75' lang='lat' dir='ltr'><strong>corrector,</strong></span> <span class='ocrx_word' id='word_1_834' title='bbox 3071 5619 3266 5683; x_wconf 85' lang='lat' dir='ltr'><strong>dequo</strong></span> <span class='ocrx_word' id='word_1_835' title='bbox 3294 5630 3456 5683; x_wconf 86' lang='lat' dir='ltr'><strong>s:rpe,</strong></span> <span class='ocrx_word' id='word_1_836' title='bbox 3487 5631 3518 5666; x_wconf 92' lang='lat' dir='ltr'><strong>a</strong></span> <span class='ocrx_word' id='word_1_837' title='bbox 3551 5613 3716 5684; x_wconf 80' lang='lat' dir='ltr'><strong>Styge</strong></span> <span class='ocrx_word' id='word_1_838' title='bbox 3741 5615 3880 5666; x_wconf 77' lang='lat' dir='ltr'><strong>duco</strong></span> 
     </span>
    </p>
   </div>
   <div class='ocr_carea' id='block_1_133' title="bbox 2289 5684 3885 5758">
    <p class='ocr_par' dir='ltr' id='par_1_133' title="bbox 2289 5684 3885 5758">
     <span class='ocr_line' id='line_1_136' title="bbox 2289 5684 3885 5758; baseline -0.001 -16"><span class='ocrx_word' id='word_1_839' title='bbox 2289 5705 2464 5758; x_wconf 84' lang='lat' dir='ltr'><strong>genus,</strong></span> <span class='ocrx_word' id='word_1_840' title='bbox 2499 5689 2761 5758; x_wconf 84' lang='lat' dir='ltr'><strong>prioribus</strong></span> <span class='ocrx_word' id='word_1_841' title='bbox 2809 5690 3036 5758; x_wconf 76' lang='lat' dir='ltr'><strong>abras&#39;is,</strong></span> <span class='ocrx_word' id='word_1_842' title='bbox 3067 5705 3131 5741; x_wconf 88' lang='lat' dir='ltr'><strong>ne</strong></span> <span class='ocrx_word' id='word_1_843' title='bbox 3154 5687 3380 5758; x_wconf 86' lang='lat' dir='ltr'><strong>scilicet_</strong></span> <span class='ocrx_word' id='word_1_844' title='bbox 3403 5685 3571 5758; x_wconf 80' lang='lat' dir='ltr'><strong>prima</strong></span> <span class='ocrx_word' id='word_1_845' title='bbox 3599 5687 3652 5740; x_wconf 85' lang='lat' dir='ltr'><strong>in</strong></span> <span class='ocrx_word' id='word_1_846' title='bbox 3681 5684 3885 5741; x_wconf 72' lang='lat' dir='ltr'><strong>heresis</strong></span> 
     </span>
    </p>
   </div>
   <div class='ocr_carea' id='block_1_134' title="bbox 2289 5755 3484 5838">
    <p class='ocr_par' dir='ltr' id='par_1_134' title="bbox 2289 5755 3484 5838">
     <span class='ocr_line' id='line_1_137' title="bbox 2289 5755 3484 5838; baseline -0.008 -17"><span class='ocrx_word' id='word_1_847' title='bbox 2289 5755 2632 5838; x_wconf 48' lang='lat' dir='ltr'><strong>corripiatur,</strong></span> <span class='ocrx_word' id='word_1_848' title='bbox 2651 5775 2808 5836; x_wconf 75' lang='lat' dir='ltr'><strong>quam</strong></span> <span class='ocrx_word' id='word_1_849' title='bbox 2839 5757 2994 5819; x_wconf 80' lang='lat' dir='ltr'><strong>toties</strong></span> <span class='ocrx_word' id='word_1_850' title='bbox 3026 5768 3206 5817; x_wconf 84' lang='lat' dir='ltr'><strong>noster</strong></span> <span class='ocrx_word' id='word_1_851' title='bbox 3242 5755 3484 5836; x_wconf 72' lang='lat' dir='ltr'><strong>corripit.</strong></span> 
     </span>
    </p>
   </div>
  </div>
