4066 6296
288 363 351 421 77
1632 357 2176 416 PSYCHOMACIIIA.
3472 359 3546 417 78

460 478 685 532 Constat
727 477 980 530 amicitiis
1021 493 1036 530 :
1069 476 1300 529 scissura
1345 473 1635 526 domestica
1679 472 1858 524 turbat
1889 478 1935 534 Α

465 569 595 623 Item
613 569 813 638 p0puli,
833 569 887 621 tit
899 568 1127 635 ubatqne
1141 565 1291 624 foris.
1305 563 1445 631 quod
1463 561 1682 616 dissidet
1697 561 1862 617 intus.

469 662 607 729 Ergo
632 671 841 722 cavete,
874 660 994 722 viri,
1028 672 1095 718 ne
1123 657 1192 710 sit
1219 654 1486 708 sententia
1519 653 1731 708 discors

465 752 727 808 Sensibus
757 751 808 804 in
837 749 1060 811 nostris,
1091 763 1157 802 ue
1179 755 1322 800 secta
1352 745 1562 800 exotica
1587 744 1741 799 tectis

291 847 394 903 760
465 845 728 899 Nascatur
749 844 980 896 conllata
1009 840 1146 894 odiis
1173 857 1184 890 :
1215 839 1336 907 quia
1365 837 1487 891 fissa
1516 838 1763 918 voluntas

465 936 749 992 Confundit
775 935 933 988 variis
957 947 1150 988 arcana
1181 932 1425 987 biformia
1454 932 1623 986 ﬁbris.

462 1027 622 1097 651
674 1025 826 1090 Quod
855 1025 1092 1092 sapimus
1112 1064 1126 1089 ,
1170 1023 1456 1091 coniungat
1485 1036 1637 1075 amor
1667 1039 1680 1072 :
1726 1021 1866 1090 quod

1395 1111 1668 1183 [vivimus,
1691 1126 1798 1164 uno

465 1206 755 1276 ConSpiret
782 1204 1000 1259 studio:
1045 1204 1116 1258 nil
1145 1204 1486 1258 dissociabile
1523 1203 1734 1256 ﬁrmum
1763 1211 1866 1256 est.

471 1297 643 1372 thue
698 1296 922 1360 homini,
959 1307 1118 1362 atque
1165 1293 1276 1348 Deo
1329 1293 1534 1348 medius
1576 1293 1867 1347 intervenit

1606 1382 1796 1454 [lesus.

475 1475 574 1542 Qui
600 1475 768 1529 sociat
797 1474 1024 1528 mortale
1054 1473 1218 1535 Patri,
1249 1488 1315 1526 ne
1345 1487 1538 1527 carnea
1567 1473 1765 1526 distent

470 1567 692 1634 Spiritui
711 1576 936 1628 aeterno,
956 1565 1130 1632 sitque
1145 1573 1200 1617 ut
1225 1565 1362 1617 Deus
1384 1578 1521 1618 unus
1543 1573 1824 1632 utrumque
1851 1582 1863 1615 :

471 1656 580 1720 Sic,
625 1655 882 1726 quidquid
910 1655 1148 1726 gerimus
1182 1656 1498 1724 nientiSque,
1535 1666 1590 1709 et
1627 1656 1870 1723 corporis

1626 1746 1792 1819 [actu,

471 1838 703 1907 Spiritus
724 1838 995 1892 unimodis
1023 1849 1168 1892 texat
1195 1837 1546 1908 compagibus
1565 1852 1722 1891 unus.

469 1925 575 1982 Pax
618 1927 831 1998 plenum
871 1931 1082 1983 virtutis
1121 1942 1280 1999 opus,
1315 1943 1418 1999 pax
1465 1943 1673 1982 summa
1714 1927 1864 1982 labo-

1630 2018 1790 2090 [rum,

468 2110 572 2166 Pas
596 2109 728 2167 belli
751 2112 932 2167 exacti
959 2114 1186 2181 pretium
1213 2125 1294 2168 est
1315 2151 1332 2178 ,
1362 2111 1698 2182 pretiumque
1728 2111 1868 2177 peri-

1678 2203 1793 2275 loli.

467 2295 654 2351 Sidera
680 2311 808 2367 pace
831 2297 1028 2366 vigent,
1058 2299 1357 2353 consistunt
1387 2308 1560 2352 terrea
1586 2311 1718 2367 pace
1743 2311 1758 2348 :

301 1474 406 1532 765

299 2109 402 2166 770

1896 1850 1946 1910 Β
1975 1844 2076 1898 785

2141 472 2219 526 Nil
2247 471 2500 540 placitum
2517 471 2634 526 siue
2657 486 2784 540 pace
2804 472 2930 535 Deo,
2950 486 3053 526 non
3080 486 3292 537 munus,
3310 471 3374 525 ad
3396 486 3544 525 aram

2147 561 2280 616 Cum
2301 567 2486 630 cupias
2515 563 2728 628 offerre,
2761 563 2970 630 probat,
3001 563 3046 616 si
3080 564 3288 617 turbida
3322 563 3542 618 fratrem

2150 654 2297 706 Meus
2329 652 2573 721 impacati
2593 648 2706 705 ’sub
2735 653 2964 722 pectoris
2993 653 3170 706 oderit
3197 662 3352 706 antro
3381 670 3393 704 :

1973 743 2077 797 775
2150 743 2258 798 Nec
2279 744 2323 796 si
2347 744 2718 798 ﬂammicomis
2747 743 2944 797 Christi
2972 760 3066 811 pro
3099 746 3314 799 nomine
3341 756 3542 816 martyr

2157 834 2372 904 Ignibus
2399 834 2625 899 insilias,
2649 850 2869 888 servans
2900 835 3185 890 inamabile
3207 846 3386 889 votum

2149 926 2266 980 Bile
2296 927 2394 980 sub
2418 925 2651 995 obliqua,
2683 929 2969 994 pretiosam
3003 929 3240 997 proderit
3268 930 3382 984 lcsu

2145 1017 2309 1089 652
2357 1018 2684 1088 Impendisse
2713 1020 2980 1073 animam:
3017 1022 3191 1075 meriti
3228 1023 3349 1090 quia
3399 1024 3546 1077 clau-

3074 1113 3210 1184 [sula
3244 1129 3342 1182 pax
3371 1125 3474 1168 est.

2151 1203 2265 1256 Non
2298 1203 2478 1257 iullata
2510 1211 2716 1268 tumet,
2757 1219 2859 1256 non
2892 1187 3091 1258 invidet
3133 1207 3323 1260 atmuln
3356 1206 3543 1274 fratri,

2149 1293 2338 1348 Omnia
2367 1293 2661 1362 perpetitur
2695 1293 2930 1361 patiens,
2963 1304 3123 1362 atque
3151 1298 3326 1349 omnia
3355 1299 3542 1351 credit.

2148 1385 2424 1456 Nunquam
2452 1388 2574 1441 ltesa
2605 1387 2770 1452 dolet,
2803 1396 2992 1442 cuncta
3017 1388 3336 1443 olIensncula
3354 1391 3538 1445 donat.

2149 1478 2411 1532 Occasum
2435 1478 2567 1532 lucis
2589 1478 2744 1532 venia
2780 1494 3109 1545 prtecnrrcre
3133 1481 3295 1549 geSIit

2149 1569 2359 1631 Anxia,
2393 1583 2459 1623 ne
2485 1569 2730 1624 stabilem
2767 1570 2971 1638 linquat
2999 1572 3076 1624 sol
3109 1571 3357 1626 conscius
3385 1574 3547 1626 iram.

2146 1658 2383 1726 Quisque
2421 1661 2574 1714 litare
2618 1661 2729 1714 Deo
2765 1663 3008 1714 mactatis
3045 1663 3158 1715 vult
3197 1663 3547 1729 holocaustis,

2149 1749 2350 1804 Olferat
2382 1750 2646 1818 imprimis
2684 1766 2868 1819 pacem
2901 1769 2914 1805 :
2947 1753 3091 1806 nulla
3127 1753 3300 1806 lmstia
3334 1753 3550 1809 Christo

2153 1843 2362 1896 Dulcior
2390 1861 2403 1896 :
2437 1843 2536 1895 hoc
2555 1843 2677 1895 solo‘
2698 1853 2877 1896 sancta
2902 1844 2967 1896 ad
2996 1844 3216 1898 donaria
3241 1845 3442 1898 vuLum

2152 1934 2369 1988 Munere
2399 1942 2722 1987 convertens
2747 1975 2762 1999 ,
2809 1934 3010 2002 liquido
3035 1935 3334 1988 oblectatur
3362 1935 3545 1990 odore.

2148 2025 2252 2079 Sed
2281 2036 2461 2079 tamen
2493 2034 2549 2080 et
2575 2026 2743 2080 niveis
2782 2026 2938 2079 tradit
2973 2028 3110 2080 Deus
3148 2029 3261 2096 ipse
3290 2028 3554 2082 columbis

2153 2117 2447 2170 Pennatum
2498 2125 2681 2170 tenera
2731 2118 3029 2185 plumarum
3070 2127 3220 2172 veste
3271 2119 3550 2172 colubrum

2153 2207 2403 2262 ltimante
2443 2209 2656 2276 ingenio
2690 2207 2847 2262 docte
2894 2207 3279 2272 internoscere,
3327 2209 3552 2264 mixtum

1973 2296 2080 2351 790
2153 2296 2398 2352 lnuocuis
2445 2298 2672 2352 avibus:
2716 2298 2843 2351 latet
2893 2308 2946 2352 et
2991 2298 3146 2367 lupus
3190 2313 3285 2355 ore
3329 2308 3553 2355 cruento

1972 1386 2076 1442 786

1567 2406 1852 2471 (ἱΙδΟδΒιλΕ
1894 2409 2225 2466 VETERES.
2258 2400 2262 2404 ’

363 2519 484 2575 756.
534 2519 856 2583 DomeSIica,
885 2520 1068 2582 civilis,
1099 2520 1142 2574 1.

362 2591 482 2645 757.
524 2591 684 2652 Rem,
711 2598 924 2655 statum,
959 2591 997 2644 Ι.

361 2661 482 2716 759.
533 2660 774 2721 Explica,
804 2658 1369 2727 mortifera.—Tectis,
1401 2662 1680 2730 coopertis,
1713 2660 1754 2717 l.

362 2731 484 2785 760.
529 2731 701 2792 Fissa,
737 2731 898 2782 divisa
918 2731 994 2784 vel
1016 2741 1269 2796 separata,
1307 2731 1343 2782 Ι.

362 2800 482 2882 761.
527 2804 738 2882 Arcana
759 2843 773 2866 ,
794 2799 1345 2882 .secreta.—Biformia
1364 2841 1378 2865 ,
1409 2799 1862 2868 divisa.—Fibris,

297 2871 453 2924 nervis
469 2911 484 2935 ,
507 2871 899 2939 cogitationibus
918 2911 934 2934 ,
974 2871 1012 2924 Ι.

363 2939 479 2994 763.
525 2941 834 3010 Couspiret,
866 2941 1149 3010 conﬁrmet,
1181 2943 1221 2995 I.

363 3010 480 3064 773.
529 3009 747 3071 Probat.
781 3009 967 3079 placet,
1006 3011 1041 3064 l.

340 3079 482 3143 .776.
524 3080 783 3146 Servans,
813 3081 998 3134 habens
1022 3088 1199 3134 contra
1225 3081 1751 3152 fratrem—Votum.
1777 3099 1864 3137 vo-

1974 2521 2243 2586 luntatem,
2277 2521 2384 2577 lso.

2045 2593 2169 2646 777.
2220 2594 2334 2647 Bile
2362 2592 2462 2646 sub
2489 2589 2728 2659 obliqua,
2756 2593 2873 2660 felle
2897 2593 2988 2647 sub
3013 2595 3250 2655 obscuro.
3281 2595 3316 2651 I.

2043 2661 2168 2717 778.
2214 2663 2569 2732 Impendisse,
2600 2667 2740 2727 dare,
2779 2664 2820 2718 Ι.

2043 2732 2166 2786 78l.
2223 2733 2418 2799 Donat,
2445 2733 2672 2793 dimittit.
2708 2733 2744 2787 I.

2041 2803 2165 2857 782.
2212 2801 2542 2874 Prtecurrcre
2565 2803 2745 2873 geStit,
2776 2805 3054 2870 praevenire
3075 2807 3304 2874 festinat,
3326 2808 3365 2864 Ι.

2045 2875 2168 2927 788.
2212 2873 2418 2944 Tradit,
2449 2874 3013 2944 docuits-Culutttbis,
3043 2873 3367 2944 Christianis,
3399 2878 3433 2935 I.

2042 2943 2165 2998 789.
2209 2943 2518 3006 Colubrum,
2549 2943 2828 3010 diabolum,
2867 2945 2903 2998 1.

2039 3013 2166 3069 790.
2220 3014 2496 3078 lnuocuis,
2521 3013 2810 3081 virtutibus,
2841 3014 2920 3068 vel
2946 3016 3191 3071 columbis
3211 3057 3225 3083 ,
3257 3016 3296 3071 I.

1631 3169 2184 3230 COMMENTARIUS.

360 3266 480 3321 759.
507 3266 656 3331 Ald.,
688 3265 825 3330 Εἰς..
853 3265 906 3319 in
927 3267 1126 3322 vestris.
1157 3266 1426 3322 Heinsiaui
1451 3277 1505 3322 et
1535 3269 1704 3322 nostri
1735 3283 1860 3322 cum
1890 3267 1937 3330 C
1968 3281 2125 3320 manu
2156 3263 2479 3318 correctoris
2528 3259 2754 3328 improbi
2786 3302 2801 3325 ,
2851 3263 3008 3329 prosit
3058 3261 3198 3317 Iesu.
3229 3264 3283 3318 In
3329 3277 3441 3320 not.
3483 3266 3548 3320 ad

299 3336 605 3391 Weitzianis
629 3376 645 3400 ,
684 3337 738 3388 in
767 3337 976 3390 nostris.
1017 3335 1074 3390 In
1113 3337 1243 3392 Mar.
1266 3377 1280 3402 ,
1309 3353 1400 3391 nec
1429 3350 1601 3404 secta;
1640 3339 1762 3398 alii.
1801 3355 1864 3392 ne

297 3417 444 3461 secta.
487 3406 600 3458 V’ox
629 3407 827 3460 exotica
866 3405 1111 3460 Plautina
1153 3418 1277 3469 est,
1329 3409 1396 3462 ab
1432 3409 1554 3462 aliis
1592 3416 1865 3462 revocata.

359 3477 481 3532 760.
527 3475 708 3539 Alen,
737 3477 894 3540 Man,
924 3477 1063 3530 Vatt.
1097 3477 1158 3540 F,
1186 3477 1250 3541 Ο,
1279 3477 1549 3532 Giselinus
1578 3479 1644 3532 ad
1673 3493 1868 3547 marg.,

298 3547 585 3607 Ileinsiani,
632 3547 776 3614 ﬁssa.
823 3558 1048 3614 excepto
1083 3548 1322 3608 'I‘huao..
1371 3547 1423 3600 in
1467 3565 1573 3615 quo
1627 3563 1656 3601 a
1711 3563 1869 3601 manu
1932 3601 1942 3613 ,

298 3619 479 3685 prima,
501 3617 641 3686 fusa,
661 3627 708 3669 et
732 3617 874 3669 Rott.
896 3619 1090 3683 priore,
1115 3619 1200 3670 ubi
1223 3618 1348 3685 ﬁxa.
1383 3618 1634 3671 Barthius
1659 3632 1872 3686 quoque

296 3687 658 3749 etWeitzius,
708 3687 849 3756 ﬁssa.
900 3687 1017 3739 Vat.
1069 3690 1125 3742 (ὲ.
1182 3690 1334 3741 scisa.
1387 3689 1607 3750 [ἐτίθη.
1653 3689 1868 3756 Angel.,

297 3757 432 3821 Ald.,
461 3757 578 3811 Gis.
604 3772 629 3805 a
659 3755 828 3822 prima
858 3771 1038 3819 manu,
1063 3758 1240 3810 scissa.
1270 3756 1475 3809 Fissum
1499 3755 1871 3826 appellabatur

298 3827 624 3897 iecuricies‘a:
643 3827 913 3897 Avictitnae,
939 3843 1041 3894 quo
1071 3828 1297 3881 fortasse
1324 3828 1542 3895 respicit
1567 3844 1662 3880 vox
1704 3827 1868 3893 ﬁbris.

361 3896 485 3950 76L
531 3895 731 3966 \Yidrn.
762 3897 827 3948 ad
858 3897 1282 3966 oram,'infnndit
1303 3899 1476 3959 rariis,
1503 3899 1678 3964 minus
1712 3899 1870 3952 bene.

362 3968 487 4038 762.
529 3964 726 4038 Weitz.
761 3981 880 4018 cutn
911 3967 1027 4020 solo
1049 3964 1271 4032 Erfurt.,
1299 3970 1605 4038 conjunctet.
1631 3968 1742 4021 Cur
1764 3983 1871 4023 non

297 4037 469 4105 potius
489 4051 625 4107 curn
641 4035 760 4089 aliis
785 4051 875 4107 con
874 4039 1065 4107 jungat
1086 4038 1110 4089 .9

362 4108 486 4160 764.
530 4105 688 4176 Ald.,
736 4105 959 4158 medium
983 4105 1275 4159 intervenit.
1317 4107 1620 4176 Legendum
1670 4108 1871 4161 medius

298 4177 579 4229 intervenit.
603 4174 886 4247 corrector
914 4176 1172 4247 ridiculus
1193 4174 1537 4230 codicis—ltat.
1563 4178 1684 4232 fecit
1711 4194 1872 4247 genus

297 4247 604 4299 intervenit:
640 4245 902 4311 siquidem
947 4246 1306 4300 arbitrabatur
1344 4262 1557 4302 carmen
1614 4245 1728 4301 non
1765 4249 1872 4301 alio

298 4319 452 4369 modo
478 4324 748 4370 constare.
789 4315 942 4369 Fttld.
965 4360 979 4382 ,
1008 4317 1156 4384 dtqne
1184 4317 1377 4370 homini
1400 4360 1412 4377 ,
1444 4328 1596 4382 atque
1636 4318 1744 4370 Deo
1769 4334 1874 4370 me-

299 4389 407 4438 dius
431 4402 450 4438 :
483 4400 591 4439 non
631 4385 897 4453 displicet.
931 4387 1005 4438 Es
1049 4388 1414 4454 hujuscemodi
1463 4389 1710 4456 loquendi
1760 4389 1870 4441 for-

299 4456 460 4516 mula.
496 4466 659 4520 atque
680 4456 942 4509 sententia
965 4465 1146 4509 natum
1173 4465 1255 4510 est
1284 4459 1597 4510 vocabulum
1623 4459 1873 4512 mediator

297 4528 364 4579 de
389 4526 627 4596 Christo.
653 4523 780 4577 Vide
810 4526 964 4578 Cath.
999 4526 1182 4596 hymn.
1217 4529 1302 4590 II,
1337 4542 1479 4580 vers.
1513 4528 1602 4581 16.

368 4594 490 4649 765.
534 4594 766 4648 Carneus
788 4597 1002 4649 nomine
1024 4594 1149 4649 usus
1177 4597 1334 4650 etiam
1364 4610 1444 4649 est
1477 4596 1541 4650 iu'
1560 4598 1756 4665 Apoth.

367 4665 492 4720 771.
542 4667 761 4735 Boetius
787 4667 1024 4718 imitatus
1045 4667 1253 4720 videtur
1284 4667 1629 4720 Prudentium
1656 4669 1747 4720 lib.
1780 4683 1827 4720 tv
1849 4712 1864 4735 ,

297 4748 468 4789 metro
496 4735 530 4789 6
557 4753 570 4786 :
605 4734 666 4806 Si
690 4736 761 4787 vis
781 4735 902 4788 celsi
914 4738 1041 4806 jura
1068 4737 1292 4788 tonantis
1322 4735 1640 4806 Pura'solers
1669 4734 1870 4792 cernere

295 4813 476 4869 urente,
496 4805 690 4876 Aspice
717 4805 1156 4876 summi'culmina
1183 4806 1314 4859 cali.
1353 4805 1470 4860 Illic
1499 4809 1645 4876 justo
1685 4810 1871 4875 [aedere

293 4891 463 4926 rerum
495 4875 725 4928 Veterem
749 4885 947 4946 servant
963 4875 1128 4928 sidera
1154 4892 1422 4946 pacem...
1451 4875 1572 4930 Hazc
1598 4878 1871 4930 concordia

295 4955 540 5014 temperat
567 4945 729 5014 requis
771 4944 1038 4998 Elementa
1067 4944 1230 4998 modis
1250 4989 1265 5012 ,
1295 4957 1399 5002 etc.

369 5013 488 5067 773.
543 5015 721 5068 Testis
749 5014 906 5082 hujus
936 5015 1010 5068 rei
1043 5015 1343 5080 Matthmus,
1367 5032 1487 5083 cap.
1516 5033 1568 5080 v,
1605 5033 1746 5071 vers.
1775 5017 1870 5072 25.

296 5083 562 5152 Plerique,
587 5084 787 5156 probat.
814 5086 1065 5138 Heinsius
1089 5102 1208 5139 cum
1235 5086 1442 5140 'l‘huan.
1469 5096 1668 5141 rectus
1698 5098 1868 5156 putat,

292 5169 347 5207 et
378 5164 517 5207 tenet
540 5155 735 5222 probet.
761 5158 772 5168 ’

368 5224 491 5295 775.
545 5224 718 5295 Adda.
735 5225 1113 5293 ﬂammicomis.
1144 5224 1330 5279 Melius
1365 5227 1721 5295 ﬂammicomis
1746 5244 1868 5282 cum

290 5293 526 5360 scriptis.
558 5293 651 5347 Sic
675 5293 870 5348 Marius
897 5295 1074 5349 Victor
1095 5295 1188 5350 lib.
1213 5311 1247 5348 ll
1272 5297 1322 5347 in
1353 5293 1600 5349 Geuesini
1630 5315 1643 5348 :
1675 5298 1870 5350 Crinita

290 5364 534 5416 incendia
560 5365 661 5416 late
689 5363 1002 5419 Extendens.
1039 5365 1106 5418 Et
1122 5366 1388 5420 Iuvencus
1419 5366 1509 5418 lib.
1536 5382 1584 5420 tv
1616 5383 1630 5423 :
1663 5367 1865 5435 Iynico-

289 5448 490 5502 tuaun
521 5441 675 5485 ruent
700 5435 880 5497 stellae,
923 5445 978 5488 et
1016 5437 1172 5504 paulo
1211 5445 1361 5500 post:
1399 5435 1596 5488 Ornata
1627 5441 1868 5492 accincta:

290 5504 549 5555 testarum
614 5504 1119 5569 ﬂammicomantum.
1180 5506 1236 5558 In
1297 5507 1529 5560 editione
1593 5509 1868 5563 Parmensi

290 5575 557 5644 mendum,
576 5583 660 5644 est
677 5575 1020 5644 ﬂammicolis,
1051 5576 1192 5644 quod
1224 5580 1273 5628 in
1298 5587 1418 5628 nota
1446 5580 1722 5644 repetitur.

361 5643 485 5695 777.
533 5643 889 5713 Bilisgobliqua
931 5657 1015 5700 cst
1039 5643 1257 5712 pertida,
1301 5643 1518 5711 dolosa,
1556 5657 1611 5701 ut
1651 5663 1865 5713 carmen
1899 5647 1902 5650 ’

289 5712 590 5780 obliquum.
640 5708 872 5767 Consule
930 5708 1121 5769 lexica.
1174 5708 1507 5770 Sententiam
1562 5717 1680 5770 vide
1727 5708 1865 5782 apud

292 5782 546 5840 Paulum.
577 5782 683 5837 Iad
701 5783 946 5840 Corinth.
981 5802 1098 5840 sui.
1127 5788 1178 5840 3.
1212 5786 1268 5839 In
1298 5786 1441 5839 Ald..
1471 5785 1630 5840 Fabr.
1661 5797 1715 5842 et
1745 5789 1846 5840 Ital.

1971 3351 2114 3389 vers.
2148 3333 2251 3388 764
2282 3333 2562 3387 observavi
2589 3334 2910 3386 correctoris
2943 3333 3348 3389 ltatisbonensis
3376 3337 3547 3389 auda-

1971 3407 2144 3470 ciam,
2173 3407 2260 3471 qui
2292 3419 2448 3475 genus
2490 3417 2586 3471 pro
2623 3402 2822 3455 medius
2861 3404 3082 3465 invertit,
3121 3415 3179 3458 ut
3215 3403 3362 3460 Iesus
3404 3417 3547 3461 esset

1975 3476 2332 3543 trisyllabum.

2045 3547 2166 3600 779.
2217 3545 2395 3611 Pergit
2433 3550 2585 3606 poeta
2620 3543 2940 3598 sententiam
2986 3543 3220 3612 Apostoli
3262 3562 3328 3602 ex
3358 3546 3547 3602 eodem

1974 3630 2033 3670 ca
2043 3619 2149 3685 pite
2193 3629 2308 3668 com
2318 3615 2496 3681 plecti.

2045 3681 2168 3739 781.
2223 3685 2374 3752 Egm.
2417 3693 2466 3737 et
2513 3681 2651 3740 PaL.
2700 3691 2878 3734 contra
2912 3683 3241 3750 offensacula.
3277 3685 3546 3748 Barthius,

1973 3756 2059 3824 qui
2094 3758 2161 3808 ita
2192 3755 2246 3807 in
2275 3751 2384 3806 suis
2413 3751 2736 3824 membranis
2759 3753 2986 3821 reperit,
3016 3752 3136 3807 Non
3161 3767 3320 3824 puto,
3351 3757 3546 3824 inquit,

1974 3822 2177 3879 comas
2209 3841 2239 3876 a
2265 3823 2490 3891 librariis
2516 3822 2880 3891 excogitatum.

2045 3896 2171 3968 782.
2221 3890 2690 3968 Rursus'Apostoli
2725 3891 3109 3959 expositionem
3136 3893 3284 3947 vides
3309 3909 3376 3950 es
3425 3912 3546 3968 cap.

1974 3981 2027 4020 tv
2061 3967 2256 4032 Epltes.
2287 3978 2428 4018 vers.
2467 3963 2560 4018 26.

2046 4031 2169 4090 733.
2229 4034 2406 4094 Fuld.,
2436 4033 2702 4096 concitus;
2733 4031 2954 4092 rectius.
2986 4035 3239 4088 conscius.

2049 4107 2171 4178 784.
2223 4103 2625 4178 ϐἰεειίιιιιξλιιοεξ
2654 4103 2770 4178 loco
2802 4105 3365 4178 uitaret,“particulam
3403 4110 3550 4178 quis-

1974 4177 2099 4247 qni‘,
2133 4187 2186 4229 ut
2220 4177 2332 4244 ipse
2359 4174 2566 4247 scribit,
2603 4172 2847 4247 {acilioris
2875 4173 3219 4247 intelligemus
3247 4172 3492 4247 causa'ita
3519 4195 3549 4232 τι

1977 4243 2036 4300 se
2065 4243 2483 4313 fuissepusitam
2513 4283 2528 4304 ,
2559 4243 2799 4313 quamvis
2831 4254 2972 4309 putet
2997 4284 3012 4306 ,
3042 4243 3389 4300 Prudentium
3419 4251 3550 4303 scri-

1977 4325 2122 4384 ptum
2155 4311 2434 4382 reliquisse
2457 4314 2693 4384 quisque.
2738 4311 2895 4384 Sane
2922 4317 3259 4378 praestitisset
3296 4333 3399 4370 non
3435 4335 3552 4371 mtt-

1978 4383 2090 4440 tare
2114 4427 2128 4450 ,
2158 4388 2296 4453 quod
2329 4383 2674 4453 Prudentium
2714 4383 2992 4448 scripsisse
3021 4384 3213 4437 fatetur
3241 4385 3544 4442 Giselinus:

1975 4467 2031 4510 et
2055 4452 2186 4510 mihi
2221 4455 2435 4523 quidem
2467 4452 2735 4526 dillicilitts
2762 4455 3033 4526 intellectu
3066 4455 3276 4508 videtur
3297 4457 3548 4526 quisqui“,

1974 4543 2131 4595 quam
2173 4529 2407 4594 quisque.
2455 4523 2632 4576 Adisis
2667 4533 2778 4576 not.
2827 4523 2891 4575 ad
2939 4525 3123 4593 hymn.
3169 4540 3236 4576 vn
3280 4523 3546 4589 Cathetn.,

1897 4619 1951 4680 D
1975 4596 2269 4680 νθὶδεηᾘξτ

2045 4666 2168 4720 786.
2215 4664 2483 4719 Giscliuus
2513 4662 2639 4716 elit.
2676 4663 2699 4714 l
2737 4662 2803 4716 ad
2832 4679 3002 4726 oram,
3032 4669 3168 4733 facta
3196 4665 3264 4716 ad
3289 4665 3507 4719 donaria
3532 4684 3548 4719 :

1975 4750 2022 4792 et
2051 4735 2276 4790 advertit
2304 4735 2355 4788 in
2383 4734 2796 4788 Commentariis
2822 4735 2951 4788 edit.
2975 4735 3038 4797 2,
3072 4736 3286 4787 donaria
3317 4751 3439 4790 esse
3467 4742 3554 4792 vel

1978 4820 2195 4860 numera
2245 4805 2353 4858 Deo
2406 4817 2740 4858 consecrata.
2801 4806 2885 4857 vel
2944 4805 3057 4858 loca
3112 4805 3191 4857 his
3238 4807 3551 4861 mum-ribus

1978 4877 2240 4931 destinata
2280 4891 2294 4926 :
2341 4874 2458 4927 loca
2508 4872 2612 4925 dici
2661 4887 2816 4940 posse
2851 4884 3054 4936 sancta,
3103 4876 3239 4926 dona
3270 4891 3398 4929 vero
3444 4894 3550 4932 non

1976 4947 2123 5008 item,
2167 4945 2308 5015 quod
2349 4943 2712 5015 commendari
2763 4944 2991 4998 debeant
3038 4943 3106 4996 ab
3146 4944 3450 5013 integritate
3497 4960 3552 5002 et

1978 5013 2280 5071 innocentia
2303 5013 2867 5084 offerentis,ﬂadeoque
2891 5016 2992 5067 hoc
3007 5029 3175 5084 sensu
3199 5016 3337 5084 facta
3368 5018 3437 5070 ad
3459 5019 3553 5071 do-

1978 5089 2126 5140 naria
2158 5087 2256 5155 legi
2288 5099 2462 5155 posse.
2497 5083 2634 5155 Nihil
2658 5099 2876 5137 moveor
2903 5099 2962 5134 ea
2985 5083 3017 5136 d
3041 5083 3360 5142 stinetione:
3389 5089 3551 5143 etiam

1975 5160 2116 5211 dona
2145 5153 2331 5211 sancta
2359 5154 2465 5209 dici
2495 5153 2673 5207 valent
2697 5167 2801 5206 nou
2829 5167 2925 5222 per
2948 5168 3038 5216 se,
3070 5155 3163 5208 sed
3184 5157 3305 5224 quia
3333 5157 3442 5211 Deo
3465 5161 3550 5212 dio

1974 5241 2108 5281 cata.

2045 5299 2167 5350 787.
2219 5296 2362 5355 Pul.,
2397 5309 2524 5364 pnro
2567 5308 2660 5364 pro
2691 5292 2904 5360 liquido.

2045 5367 2168 5421 789.
2225 5362 2464 5418 thaoins
2497 5365 2607 5417 ltnl.
2643 5362 2823 5425 l.ucr.,
2857 5363 3020 5416 verbo
3045 5363 3256 5423 Vssrts.
3303 5364 3554 5424 observat

1975 5436 2278 5490 Lucretium
2308 5437 2512 5488 dixisse
2539 5432 2685 5485 vestis
2707 5447 2929 5496 aranete,
2961 5435 3108 5488 vestis
3124 5435 3325 5504 anguis,
3356 5445 3414 5489 ut
3439 5438 3554 5490 Vir-

1974 5507 2131 5574 gilius
2160 5506 2290 5558 utira
2338 5512 2610 5574 venustate
2653 5504 2844 5574 exuviis
2871 5508 3088 5572 anguis,
3119 5518 3171 5558 et
3209 5520 3312 5557 non
3345 5508 3554 5562 minore

1965 5571 2240 5647 elegantia
2257 5571 2692 5647 Prudentiushoc
2716 5573 2830 5626 loco
2855 5571 3002 5627 vestis
3030 5577 3322 5641 plunmrum
3344 5589 3362 5633 ;
3389 5593 3550 5647 quem

1967 5643 2150 5700 tribtit
2215 5643 2476 5709 draconi,
2539 5643 2654 5697 sive
2723 5647 2958 5713 serpenti
3007 5648 3206 5714 aligero
3241 5687 3256 5711 ,
3316 5643 3423 5702 hoc
3469 5660 3553 5702 est

1965 5717 2215 5771 dattnuni.

2037 5787 2162 5842 790.
2213 5785 2320 5839 [Ioc
2348 5783 2507 5838 etiam
2541 5799 2605 5839 es
2638 5783 2819 5839 Matth.
2852 5798 2944 5852 vn,
2972 5784 3038 5839 t5
3065 5803 3076 5837 :
3113 5785 3366 5839 Attendite
3387 5803 3419 5838 α
3444 5787 3554 5852 fal-
