4066 6296
488 307 558 366 85
1584 305 1857 363 Αυιιειιι
1897 305 2046 360 PllUl

2152 303 2258 358 ITll
2298 300 2622 357 CARMINA.
3663 300 3740 358 8L

661 430 883 485 Gemma
908 429 1164 484 relurenti
1195 428 1357 491 limen
1384 426 1755 492 complectitur
1781 437 1932 487 arcu,

662 519 1094 588 Vestibulumque
1124 519 1258 588 lapis
1282 515 1607 585 penetrabile
1633 516 1868 584 concipit
1892 529 2052 568 unus.

666 612 942 666 Portarum
984 610 1204 665 summis
1231 607 1482 674 inscripta
1510 607 1561 660 in
1593 605 1830 673 postibus
1854 619 1986 658 auro

659 702 883 757 Nomina
913 700 1190 768 apostolici
1223 697 1430 766 fulgent
1457 697 1539 752 bis
1558 711 1686 751 sena
1709 705 1948 751 senatus.

487 793 590 848 8l0
661 792 890 862 Spiritus
915 791 996 844 his
1017 789 1186 843 titulis
1212 803 1406 843 arcana
1431 788 1705 843 recondita
1735 786 1928 842 mentis

665 882 865 942 Ambit.
896 889 951 935 et
978 879 1176 932 electos
1197 887 1349 932 vocat
1375 878 1426 930 in
1456 875 1744 943 prtecordia
1769 889 1980 935 sensus.

660 971 879 1039 Quaque
917 967 1146 1021 hominis
1187 976 1374 1021 natura
1410 965 1592 1034 viget,
1634 980 1794 1033 quam
1831 978 2056 1031 corpore

1854 1055 1986 1125 [toto

659 1149 822 1220 658
857 1147 1104 1216 Quadrua
1135 1148 1216 1201 vis
1257 1147 1478 1212 animal,
1526 1146 1680 1200 trinis
1724 1145 2053 1215 ingressibus

1813 1236 1980 1308 [aram

657 1330 847 1384 Cordis
873 1329 1005 1394 adit,
1037 1331 1302 1398 castisque
1322 1329 1451 1382 colit
1481 1327 1710 1380 sacraria
1742 1329 1878 1380 votis
1911 1345 1922 1378 :

484 1423 588 1478 845
665 1420 771 1476 Sen
797 1435 991 1491 pueros
1013 1421 1092 1475 sol
1124 1423 1324 1488 primus
1343 1427 1485 1488 agat,
1503 1433 1597 1473 seu
1625 1420 1800 1472 fervor
1813 1418 2052 1487 ephebos

2087 430 2137 489 Α

2335 418 2584 474 lncendat
2609 417 2822 480 nimius,
2854 431 2946 471 seu
2972 417 3404 470 consummabilis
3429 417 3528 470 ξιονὶ

2334 508 2580 564 Perliciat
2607 510 2695 562 lux
2737 509 2886 576 plena
2920 510 3083 571 viros,
3115 509 3226 561 sive
3247 507 3423 576 algida
3451 508 3625 561 borra:

2333 599 2485 654 Etas
2508 598 2834 666 decrepitam
2857 608 3009 652 vocet
3031 599 3095 652 ad
3121 597 3203 668 pia
3233 612 3380 652 sacra
3409 611 3681 654 senectam
3719 621 3735 656 :

2334 693 2580 748 Occurrit
2605 693 2800 746 trinum
2829 691 3088 760 quadrina
3124 691 3188 744 ad
3214 694 3443 759 compita
3474 708 3695 760 nomen,

2159 785 2263 840 85!)
2330 782 2484 851 Quod
2515 783 2652 837 bene
2679 781 2956 849 discipulis
2985 781 3224 849 disponit
3249 796 3343 836 re:
3372 782 3654 838 duodenis.

2337 875 2474 940 Quin
2499 875 2658 927 etiam
2693 872 2911 926 totidem
2950 886 3278 940 gemmarum
3317 871 3540 941 insignia
3572 876 3740 928 textis

2343 963 2641 1018 Parietibus
2657 963 2901 1016 distincta
2929 961 3143 1024 micant,
3168 965 3478 1030 animasque
3493 965 3739 1018 colorum

2339 1055 2590 1108 Viventes
2614 1055 2814 1123 liquido
2845 1054 2934 1107 lux
2961 1055 3160 1108 evomit
3183 1056 3290 1107 alta
3320 1057 3598 1124 profundo.

2335 1148 2499 1218 659
2515 1148 2701 1215 Ingens
2715 1147 3092 1216 chrysolithos,
3112 1149 3288 1201 nativo
3302 1150 3565 1203 interlitus
3578 1166 3737 1213 auro,

2163 1238 2270 1292 855
2344 1238 2479 1291 llinc
2508 1238 2610 1291 sibi
2633 1237 2942 1306 sapphirum
2963 1239 3280 1301 sociaverat,
3306 1239 3429 1293 inde
3449 1239 3738 1310 beryllum,

2339 1328 2606 1382 Distantes
2625 1343 2710 1394 me
2733 1328 2873 1382 nitor
2896 1328 3099 1382 medius
3129 1330 3368 1382 variabat
3409 1334 3656 1394 honores,

2341 1421 2438 1475 llic
2465 1419 2758 1474 chalcedon
2787 1419 2950 1474 hebes
2981 1419 3316 1487 perfunditur
3342 1436 3405 1473 ex
3437 1420 3708 1490 hyacinthi

1784 1531 2074 1587 GLOSSA'.
2113 1531 2450 1587 VETERES.

549 1645 674 1701 856'.
701 1645 907 1708 Limen,
933 1645 1215 1698 introitum.
1234 1672 1301 1680 —
1324 1643 1485 1708 Arcu,
1519 1642 1729 1710 fornice,
1759 1642 1800 1696 I.

548 1717 671 1770 859.
701 1715 947 1779 Senatus,
985 1714 1272 1767 nominibus
1301 1712 1680 1780 apostolorum;
1722 1729 1810 1782 per
1834 1727 2052 1781 quorum

481 1787 890 1866 pra'dicationem
947 1783 1174 1850 Spiritus
1233 1791 1435 1834 sanctus
1479 1783 1802 1851 amplectitur
1859 1797 2051 1833 arcana

479 1855 672 1979 wgdits)’.
694 1855 915 1986 Iliadis,
947 1921 1233 1976 nominibus
1265 1919 2047 1989 apostolorum.—Recondita,

479 1991 674 2046 occulta
697 1995 978 2056 hominum,
1009 1994 1047 2045 I.

2225 1641 2348 1695 845.
2381 1642 2532 1709 Agat,
2565 1644 2755 1694 nutriat
2787 1657 2806 1696 :
2830 1642 2912 1706 qui
2953 1641 3006 1692 in
3042 1639 3258 1709 pueritia
3289 1647 3429 1692 sunt.
3454 1667 3522 1677 -
3543 1637 3735 1707 Ephe-

2153 1711 2276 1772 bos,
2311 1713 2530 1780 iuvenes,
2555 1713 2641 1776 qui
2668 1714 2719 1763 in
2737 1715 3003 1780 juventute
3031 1708 3240 1780 sunt,7|.

2226 1781 2353 1834 866.
2385 1779 2527 1844 Aﬂvi,
2550 1783 2636 1850 qui
2663 1782 2714 1834 in
2735 1779 2985 1833 senectute
3001 1787 3141 1841 sunt,
3172 1779 3212 1831 1.

2225 1852 2348 1906 849.
2372 1847 2638 1910 Occurrit,
2679 1852 2758 1900 liis
2785 1851 3102 1919 singulis.—
3119 1849 3348 1912 Numen,
3381 1849 3542 1901 trinas
3569 1847 3735 1911 Deus,

2154 1939 2242 1989 per
2264 1931 2480 1979 quatuor
2503 1922 2666 1974 latera
2694 1920 2894 1982 domus,
2928 1921 2966 1973 I.

2224 1993 2349 2045 850.
2380 1992 2638 2055 Disponit,
2671 1991 2942 2042 ordinavit.
2961 1987 3336 2051 —I)uodenis,
3363 2003 3491 2056 quos
3511 1988 3564 2039 in
3601 2003 3734 2053 qua-

545 2064 672 2116 841.
711 2054 938 2128 Ambit,
965 2053 1289 2126 circumdat,
1332 2059 1905 2114 iutrat.—Prmcordia
1933 2099 1948 2124 ,
1998 2061 2048 2111 in
2082 2053 2126 2110 B
2156 2061 2360 2113 dratum
2389 2061 2558 2114 orbem
2579 2053 2736 2122 misit,
2762 2059 2802 2112 1.

479 2133 668 2193 anima,
701 2134 738 2185 Ι.

547 2202 670 2255 842.
703 2201 918 2266 Natura,
945 2201 1180 2264 hominis,
1218 2200 1256 2253 I.

547 2271 671 2325 843.
698 2271 966 2338 Quadrua,
1002 2280 1222 2338 quatuor
1260 2272 1521 2331 elementa,
1561 2284 1675 2338 qua
1701 2269 1928 2321 animant
1956 2267 2048 2320 lto-

481 2341 680 2410 minem,
707 2341 860 2410 ignis,
883 2358 991 2407 aer,
1015 2351 1168 2402 terra,
1193 2356 1327 2406 aqua
1354 2355 1371 2391 :
1402 2349 1620 2407 quatuor
1646 2339 2044 2410 partesﬂmundi.

485 2440 547 2452 —
567 2409 656 2463 Vis
691 2408 902 2474 animus,
949 2420 1108 2463 status
1139 2412 1267 2462 vitta.
1287 2410 1565 2473 -'I'rinis,
1593 2416 1768 2460 sancta
1793 2408 2044 2472 Trinitas,

480 2481 550 2533 vel
573 2481 1012 2550 triplicisnatura
1046 2489 1140 2545 est,
1170 2481 1222 2533 id
1240 2491 1334 2541 est,
1362 2479 1700 2550 rationabilis,
1731 2479 2048 2548 concupisci-

481 2550 608 2613 lvilis,
630 2549 920 2603 irascibilis.
937 2579 1007 2590 —
1026 2553 1208 2615 Aram,
1231 2550 1418 2602 sedem.
1448 2549 1552 2604 lso.

2226 2129 2349 2185 851.
2377 2130 2622 2196 Insignia,
2647 2137 2962 2187 ornamenta,
2981 2127 3022 2180 Ι.

2227 2201 2350 2254 852.
2375 2200 2721 2262 Animasuue,
2747 2197 3060 2267 splendores,
3083 2198 3170 2264 qui
3189 2197 3416 2268 ﬁgurant
3433 2196 3731 2250 animas.—

2154 2269 2428 2330 Colorum,
2455 2271 2788 2325 diversorum.
2816 2268 2854 2320 I.

2225 2339 2349 2393 853.
2380 2340 2608 2398 Evaluit,
2641 2339 2825 2400 emisit,
2854 2338 2958 2392 lso.

2226 2410 2352 2463 855.
2389 2410 2541 2471 Ilinc,
2563 2425 2628 2462 ea:
2657 2425 2756 2460 uno
2779 2410 2954 2471 latere,
2979 2408 3017 2461 I.

2226 2480 2351 2533 856.
2385 2479 2646 2540 IIonores,
2677 2477 2906 2548 sapphiri
2930 2488 2978 2531 et
3002 2474 3200 2548 berylli,
3233 2475 3274 2530 I.

2227 2549 2354 2603 857.
2386 2548 2579 2614 Hebes,
2614 2549 2666 2601 in
2691 2548 3033 2612 splendorem,
3066 2547 3106 2600 l.

1820 2663 2378 2723 COMMENTARIUS.

479 2779 648 2844 [oratu
687 2793 783 2846 pro
809 2779 978 2843 forata
1007 2777 1204 2830 dolatu.
1237 2777 1291 2830 In
1324 2775 1440 2830 Vat.
1467 2775 1509 2831 G
1539 2789 1570 2829 a
1597 2773 1830 2830 secunda
1861 2789 2043 2842 manu,

478 2849 645 2920 forata
673 2845 891 2920 dolatu,
907 2847 1168 2914 prioribus
1195 2845 1422 2920 abrasis,

547 2919 671 2973 856.
695 2919 850 2983 Man,
873 2913 1075 2981 lumen;
1100 2931 1256 2984 supra
1288 2913 1598 2970 charactere
1626 2913 1842 2978 minori,
1870 2916 2042 2969 limen.

481 2989 801 3058 Apocalyps.
824 3003 932 3049 ut,
966 2985 1052 3051 il,
1085 2985 1320 3058 dicitur;
1352 2984 1418 3037 Et
1447 2987 1616 3058 lumen
1641 2987 1752 3058 ejus
1782 2985 1944 3038 simile
1970 2986 2047 3058 la-

476 3057 584 3119 pidi
608 3053 846 3126 pretioso,
876 3068 1115 3122 tanquam
1158 3057 1319 3123 lapidi
1351 3055 1624 3126 jaspidis,_
1651 3053 1782 3107 sicut
1799 3053 2043 3126 _crystal-

2153 2777 2342 2830 horrea:
2369 2775 2419 2830 in
2444 2774 2567 2830 Vat.
2593 2774 2633 2828 I.
2661 2784 2716 2830 et
2741 2777 2876 2841 Ang.
2901 2775 3005 2830 Alii
3039 2815 3055 2835 ,
3090 2775 3258 2834 boree,
3292 2785 3346 2827 nt
3379 2775 3513 2832 Erit.
3537 2776 3722 2843 Fabr.,

2154 2847 2326 2915 Egm.,
2359 2856 2468 2900 tres
2510 2847 2799 2902 lleinsiani.
2832 2845 2974 2898 Vatt.
3001 2845 3061 2907 C,
3101 2845 3160 2908 Ρ,
3191 2855 3244 2897 et
3267 2846 3376 2898 alii.
3414 2845 3467 2897 In
3497 2845 3726 2915 Widm.,

2149 2914 2313 2970 borra:
2354 2925 2408 2976 et
2449 2916 2644 2979 boreaz;
2676 2916 2725 2968 in
2756 2915 2875 2970 Vat.
2903 2915 2965 2977 D,
3002 2915 3170 2976 borae;
3196 2917 3246 2967 in
3281 2915 3465 2968 Vienu.
3494 2927 3546 2967 et
3577 2914 3727 2979 κει..

2149 2983 2347 3054 borew;
2373 2987 2424 3038 in
2452 2987 2582 3038 Mar.
2610 2985 2797 3054 algida:
2830 2987 3022 3050 bome;
3057 2999 3214 3051 supra
3253 2985 3386 3037 bene
3423 2981 3726 3040 correctum

2147 3053 2339 3121 algida.
2361 3053 2688 3118 Gronovius,
2730 3054 3010 3108 Observat.
3042 3055 3235 3106 eccles.
3267 3069 3385 3123 cap.
3419 3055 3471 3114 5,
3503 3055 3717 3120 plorare

478 3127 581 3192 lum
609 3122 630 3178 ξ
657 3126 927 3182 ϐἰρθιίυιις
966 3127 1058 3188 ait,
1087 3122 1256 3180 videri
1287 3122 1494 3192 poetam
1526 3124 1718 3190 legisse
1745 3142 1756 3175 :
1790 3122 1858 3176 Et
1888 3125 2044 3178 limen
2144 3123 2294 3190 jubet
2319 3126 2499 3178 nescio
2525 3139 2680 3190 quem
2711 3123 2974 3186 codicem,
3005 3139 3069 3177 ex
3100 3139 3207 3191 quo
3236 3122 3534 3177 ostentatur
3557 3126 3730 3178 boreae

477 3202 590 3266 ejus
615 3197 780 3249 simile
805 3197 964 3266 lapidi
995 3196 1374 3266 Pretiosissimo,
1406 3205 1647 3266 tanquam
1677 3195 1886 3266 iaspidi,
1925 3210 2040 3262 cry-

477 3264 788 3330 stallisanti;
820 3263 1142 3333 cietetoquin
1179 3265 1245 3318 de
1283 3263 1584 3333 suofjanuas
1619 3263 2036 3333 descriptionem

477 3333 764 3388 aflituisse.
808 3331 1143 3388 Praemiserat
1170 3348 1298 3386 vero
1340 3331 1624 3393 Giselinus,
1655 3334 1745 3386 vix
1775 3347 1916 3394 esse,
1948 3332 2040 3398 qui

479 3409 613 3456 hanc
641 3404 944 3469 allegoriam
985 3404 1183 3457 rectius
1209 3413 1263 3456 et
1291 3405 1562 3456 venustius
1601 3403 2036 3459 accommodarit.

480 3473 581 3539 Pro
607 3488 726 3524 arcu
760 3475 876 3527 Put.
900 3483 1038 3529 actu.
1061 3473 1173 3527 Non
1204 3473 1377 3540 placet
1403 3472 1643 3526 relucenti
1667 3482 1781 3524 actu
1804 3487 1821 3534 ;
1843 3481 1898 3525 et
1916 3487 2041 3523 arcu

478 3543 672 3595 habent
718 3543 876 3608 Man,
926 3543 1070 3603 Ilat.,
1122 3542 1334 3604 Vienn.,
1376 3543 1555 3605 Ales.,
1603 3541 1745 3594 Vatt.
1787 3544 1848 3603 υ,
1881 3541 1942 3599 D.
1975 3541 2038 3606 F,

2149 3191 2326 3268 algida
2345 3197 2484 3268 sive;
2507 3192 2682 3247 Graeci
2703 3206 2750 3246 et
2784 3195 2974 3266 βόῥρης
2995 3204 3048 3247 et
3069 3195 3252 3268 popiac
3277 3193 3478 3268 dicunt.
3510 3194 3561 3246 In
3584 3195 3732 3268 Ico-

2150 3261 2222 3332 lio
2251 3265 2498 3317 mendum
2527 3273 2655 3332 puto
2685 3279 2772 3315 seu
2784 3261 2890 3330 pro
2909 3279 3010 3316 sive
3028 3261 3201 3332 algida
3223 3265 3402 3317 θοι-τω.
3421 3263 3562 3316 Idem
3585 3265 3730 3318 Teo-

2149 3331 2248 3385 lius
2271 3333 2478 3386 videtur
2499 3331 2753 3396 sensisse,
2777 3333 2827 3385 iu
2851 3333 2998 3386 nullo
3021 3331 3120 3386 ms.
3136 3333 3253 3386 Vat.
3268 3342 3482 3386 exstare
3503 3333 3720 3400 barri-se,

2147 3403 2286 3466 quod
2317 3403 2502 3455 falsum
2533 3412 2634 3454 est.
2667 3401 2900 3454 Carniini
2933 3405 3101 3466 magis
3133 3413 3387 3455 consonat
3422 3403 3584 3454 barro:
3613 3417 3632 3456 :
3662 3414 3725 3458 et.

2150 3472 2219 3522 ita
2262 3474 2450 3534 legitur
2497 3472 2633 3539 apud
2679 3472 2952 3524 Paulinum
3001 3473 3054 3526 in
3093 3474 3192 3525 oda
3232 3471 3297 3525 ad
3337 3471 3570 3526 Nicetam
3596 3489 3611 3524 :
3640 3473 3720 3527 Te

2149 3553 2342 3606 patrem
2363 3543 2486 3594 dicit
2512 3541 2664 3610 plaga
2687 3551 2791 3594 tota
2820 3542 3002 3595 δον-ηε.

476 3612 671 3691 aliique
709 3623 900 3691 praeter
927 3613 1441 3691 editiones-veteres.
1475 3611 1665 3691 sermo
1693 3611 1871 3691 est-de
1909 3610 2043 3691 duo-
2070 3631 2120 3691 ρ
2373 3613 2586 3691 Vienn.,
2620 3613 2866 3691 {ovet__pro
2895 3621 3050 3691 uocet.

476 3680 649 3736 decim
683 3685 850 3749 portis
891 3684 1124 3736 cmlestis
1151 3682 1481 3736 Hierusalem
1520 3682 1743 3748 Apocal.
1779 3680 1882 3734 loc.
1910 3681 2040 3741 cit.,
2076 3680 2122 3708 "-

476 3765 620 3804 vers.
645 3751 706 3805 2|
739 3770 751 3805 :
779 3751 843 3804 Et
864 3752 1130 3804 duodecim
1155 3764 1312 3818 porta:
1331 3752 1598 3803 duodecim
1620 3751 1909 3818 margarita:
1927 3759 2046 3802 sunt

475 3836 565 3900 per
585 3821 832 3900 singulas,
857 3833 903 3900 et
927 3823 1143 3900 singultu
1172 3832 1333 3890 porta:
1355 3832 1500 3900 erant
1520 3836 1581 3900 ea;
1604 3821 1818 3890 singulis
1848 3836 2052 3900 marqn-_

475 3890 606 3942 ritis.
639 3890 818 3959 Itaque
850 3893 1069 3958 singula:
1101 3901 1266 3958 porta:
1295 3907 1360 3944 ex
1390 3891 1613 3945 sinzulis
1643 3891 1940 3953 margaritis
1963 3890 2045 3941 in-

475 3960 720 4022 gentibus
753 3963 1088 4021 constabant,
1119 3975 1238 4028 qua:
1273 3959 1570 4026 nim-garum
1602 3959 1883 4024 perforata:
1935 3959 2045 4028 adi:

477 4036 588 4082 tuin
638 4030 964 4096 praebebant.
1022 4026 1780 4096 lluc‘reSpexitPrudentius,
1831 4026 2043 4096 nonad

479 4109 619 4150 vers.
639 4092 738 4161 ⁷11,
775 4108 830 4150 nt
853 4101 1054 4164 putavit
1079 4092 1368 4152 Oiselinus.
1398 4095 1530 4150 Vide
1554 4106 1843 4150 comment.
1870 4094 2046 4149 Ludo-

479 4167 578 4221 vici
609 4168 676 4220 ab
701 4169 938 4220 Alcazar.

535 4236 672 4316 .858.
701 4235 755 4289 In
778 4237 1089 4305 quibusdam
1112 4238 1278 4305 ναις..
1305 4251 1534 4289 summus
1555 4252 1572 4300 ;
1597 4233 1875 4303 legend-um
1905 4250 2044 4297 sunt-

477 4321 592 4364 In".

546 4374 670 4429 840.
689 4374 784 4428 llic
804 4375 950 4428 locus
975 4391 1037 4428 ex
1063 4375 1204 4428 Pauli
1231 4375 1404 4427 verbis
1427 4373 1735 4438 intelligitur
1759 4373 1824 4426 ad
1846 4374 2040 4442 Ephes.

477 4460 538 4508 ll,
567 4445 632 4498 l8
659 4453 707 4496 ct
735 4459 886 4510 seqq.
916 4461 930 4498 :
961 4444 1211 4507 Quoniam
1239 4461 1327 4512 per
1347 4445 1511 4512 ipsum
1528 4445 1770 4509 trabeatus
1791 4459 2045 4496 accessum

477 4517 624 4568 antbo
663 4514 717 4566 in
755 4529 856 4565 uno
880 4515 1064 4579 spiritu
1089 4517 1155 4566 ad
1197 4510 1424 4566 Patrem.
1467 4510 1606 4582 Ergo
1639 4515 1754 4582 jam
1791 4529 1890 4565 non
1926 4515 2045 4567 estis

478 4583 722 4651 hospites,
745 4592 790 4635 et
812 4583 1046 4643 advenae;
1067 4583 1156 4635 sed
1177 4583 1294 4638 estis
1324 4583 1452 4634 cives
1473 4592 1782 4642 sanctorum,
1809 4594 1852 4634 et
1875 4582 2048 4636 dome-

475 4653 589 4716 stici
623 4652 756 4719 Dei:
782 4653 1171 4720 superiedi/icati
1194 4668 1346 4720 super
1370 4652 1753 4719 fundamentum
1782 4654 2042 4717 apostolo-

476 4737 591 4778 rum
611 4731 658 4774 et
685 4721 1067 4790 prophetarmn,
1091 4723 1202 4787 ipso
1224 4737 1420 4774 summa
1442 4721 1681 4790 angulari
1703 4721 1871 4786 lapide
1893 4720 2044 4774 Clari-

475 4801 554 4843 sta
578 4791 722 4844 Iesu.
757 4789 820 4842 In
851 4808 950 4858 quo
977 4793 1139 4845 omnis
1167 4791 1436 4858 ludificatio
1467 4789 1756 4844 caustructa
1783 4793 1957 4843 crescit
1991 4792 2044 4844 in

477 4863 719 4926 templum
739 4857 972 4913 sanctum
1003 4862 1056 4912 in
1098 4860 1334 4914 Domino.
1363 4857 1428 4912 In
1455 4875 1554 4927 quo
1581 4869 1628 4912 et
1651 4875 1737 4911 vos
1758 4860 2046 4928 eamdi/ica-

477 4930 609 5004 tpini
624 4932 676 5004 in
699 4930 1051 5004 babitaeulum
1075 4930 1170 5004 D_ei
1200 4931 1250 4982 in
1271 4931 1473 5004 spiritu.

549 5000 674 5052 841.
705 4999 856 5052 Prior
883 5000 925 5053 Β
948 4999 1076 5063 velu,
1109 5000 1282 5058 intrat,
1308 5008 1355 5049 et
1375 5000 1576 5051 electos.

477 5139 530 5192 Μ
549 5067 689 5190 842...
708 5067 840 5190 lare,
870 5087 968 5138 qua
989 5070 1226 5122 hominis.
1253 5067 1527 5130 \Vcilzius,
1549 5085 1649 5136 qua
1669 5082 1901 5140 corpore,
1921 5081 2042 5120 cum

532 5152 609 5190 ar.
635 5153 665 5188 e
762 5154 787 5186 a
821 5175 836 5190 .

532 5152 609 5190 ar.
635 5147 689 5190 et
716 5145 836 5190 ﬂat.

547 5208 674 5262 845.
708 5207 863 5272 Man,
905 5208 1049 5270 Bat.,
1090 5208 1261 5272 Sich.,
1291 5207 1365 5260 vis
1395 5207 1580 5258 uiciniae
1610 5224 1628 5258 :
1663 5207 1734 5261 ita
1762 5205 2043 5269 Weitzius,

475 5276 569 5350 qui
603 5286 879 5350 propterea
909 5276 1034 5342 legit
1069 5295 1168 5350 qua
1205 5292 1415 5350 corpore
1453 5287 1576 5350 toto.
1621 5277 1769 5350 Tunc
1808 5276 2045 5350 quadrua

475 5346 551 5398 vis
571 5345 757 5397 animle
784 5360 928 5398 aram
957 5349 1134 5400 cordis
1156 5349 1285 5400 adit.
1318 5345 1564 5400 Nebrissa
1589 5345 1882 5413 quadruam
1907 5346 2044 5399 hanc

474 5415 581 5469 vim
609 5415 986 5481 interpretatur
1013 5427 1239 5482 quatuor
1265 5415 1494 5469 hominis
1521 5426 1726 5468 aetates.

547 5483 674 5538 845.
711 5484 887 5549 Egm.,
911 5485 1183 5548 mendose,
1214 5502 1300 5538 seu
1323 5501 1504 5550 pueros
1526 5487 1612 5538 sub
1636 5485 1830 5553 primus
1853 5493 1990 5551 agat.

547 5554 670 5606 847.
702 5553 810 5606 Erf.
853 5570 881 5605 a
915 5553 1083 5620 prima
1115 5569 1292 5618 manu,
1337 5556 1428 5606 lux
1471 5553 1597 5618 alta,
1645 5569 1748 5606 non
1794 5554 2044 5606 absurde.

479 5621 594 5676 Duo
616 5623 932 5676 vetustiores
959 5622 1250 5685 IIeinsiani,
1276 5625 1471 5676 Alex.a
1501 5625 1667 5688 prima
1698 5637 1879 5686 manu,
1898 5624 2043 5686 ΑΜ..

480 5692 635 5748 Man.
677 5691 889 5746 Weitz..
923 5695 1084 5746 borrw
1117 5709 1135 5745 :
1167 5692 1302 5745 idem
1335 5694 1443 5747 fere
1474 5703 1556 5746 est
1579 5694 1776 5747 bon-lia:
1813 5695 1862 5745 in
1901 5692 2041 5749 Gis..

2071 4983 2124 5042 D

2221 3680 2347 3736 849.
2383 3678 2704 3734 Potioresex
2738 3680 3039 3734 Ileinsianis
3063 3694 3183 3734 cum
3204 3678 3363 3746 Aldo,
3393 3679 3536 3734 Vatt.
3563 3681 3625 3744 F,
3650 3680 3722 3745 L,

2149 3749 2214 3813 (ὲ,
2251 3763 2283 3805 a
2315 3751 2478 3816 prima
2509 3765 2697 3815 manu,
2734 3766 2933 3803 nomen.
2962 3749 3100 3808 Gis.,
3131 3748 3349 3814 Weitz.,
3381 3750 3532 3812 Man,
3567 3751 3719 3815 Rat.,

2151 3820 2367 3884 Vienn.,
2391 3821 2568 3880 Alex.,
2601 3819 2721 3874 Vat.
2744 3820 2806 3880 (Σ.
2847 3836 3050 3884 numen,
3075 3819 3216 3887 quod
3244 3819 3326 3874 lso
3352 3820 3718 3886 amplectitur.

2149 3887 2368 3942 Ileinsio
2418 3892 2615 3942 ret-tius
2666 3890 2874 3942 videtur
2921 3905 3122 3952 nomen,
3177 3889 3316 3955 quod
3365 3890 3494 3943 mihi
3549 3890 3716 3943 etiam

2150 3958 2340 4024 placet.
2375 3959 2428 4012 In
2454 3959 2571 4012 Vat.
2601 3959 2666 4024 Ο,
2701 3958 2934 4012 Occurrit
2965 3974 3149 4011 numen
3188 3959 3441 4025 quadrina
3480 3959 3548 4011 ad
3574 3974 3718 4011 com-

2148 4027 2255 4094 pita
2277 4029 2486 4084 trinunt.

2219 4097 2344 4150 85-2.
2375 4098 2518 4151 Nove
2548 4107 2601 4153 et
2630 4098 2762 4151 mire
2790 4097 2986 4151 dictum
3025 4097 3208 4150 anima:
3242 4096 3472 4150 colorum
3499 4099 3721 4152 viventes

2149 4180 2245 4234 pro
2266 4168 2398 4220 vnvis
2417 4167 2705 4220 coloribus.

2219 4236 2342 4290 853.
2371 4236 2612 4291 Gifanius
2644 4236 2755 4289 Iud.
2790 4236 2944 4289 Lucr.
2978 4236 3049 4289 ait
3078 4234 3423 4289 Prudentium
3465 4235 3579 4289 sine
3605 4236 3713 4290 duo

2147 4303 2236 4358 bio
2253 4305 2454 4375 Virgilii
2488 4307 2660 4359 locum
2689 4321 2756 4358 ex
2783 4305 2875 4358 lib.
2908 4320 2942 4357 tt
2973 4305 3166 4369 Georg.
3199 4304 3457 4375 imitatum
3487 4323 3498 4356 :
3525 4305 3583 4359 Si
3611 4323 3718 4358 non

2146 4373 2396 4444 ingentem
2423 4376 2618 4444 [oribus
2645 4375 2826 4444 domus
2845 4376 2950 4425 alta
2971 4375 3197 4442 superbis
3225 4373 3376 4427 Mane
3397 4376 3716 4427 salutantum

2149 4443 2264 4498 totis
2294 4446 2443 4498 vomit
2469 4445 2661 4498 a'dibus
2683 4443 2892 4496 undam.
2919 4445 3007 4496 Sic
3037 4447 3126 4495 lux
3151 4445 3352 4496 evomit.

2217 4514 2342 4566 854.
2367 4513 2622 4569 Weitzius
2650 4514 2836 4567 scribit
2864 4513 3153 4566 clirisolitus
3179 4553 3194 4571 .
3233 4515 3353 4580 quia
3401 4513 3470 4565 ita
3511 4513 3717 4577 reperit

2148 4584 2199 4637 in
2222 4583 2422 4640 Widm.
2454 4584 2556 4638 Sed
2589 4598 2764 4648 nonne
2789 4582 2978 4636 fuisset
3007 4582 3194 4635 melius
3219 4581 3560 4651 clirysolitlms
3589 4598 3715 4636 cum

2147 4655 2390 4706 exteris?

2218 4724 2342 4776 853.
2371 4721 2655 4781 Correetor
2681 4719 3064 4774 audacissimus
3090 4721 3138 4773 in
3174 4720 3532 4783 ltat.,abrasis
3561 4721 3717 4786 prio-

2147 4792 2316 4855 ribus,
2348 4792 2621 4844 substituit
2653 4802 2698 4842 et
2746 4790 3014 4858 beryllum,
3063 4807 3128 4842 ne
3164 4789 3331 4856 prima
3375 4790 3424 4841 in
3468 4790 3732 4856 beryllum.

2146 4861 2528 4926 corriperetur.
2564 4860 2691 4913 Eam
2716 4861 2972 4924 coriipnit
2997 4861 3338 4926 Fortunatus,
3367 4870 3418 4911 ct
3463 4858 3719 4925 Fridego-

2148 4932 2248 4983 dus
2273 4923 2323 4982 in
2358 4931 2472 4982 Vita
2496 4931 2554 4985 S.
2599 4923 3028 4982 Wilifridi'uum.
3070 4930 3156 4992 46,
3196 4923 3440 4979 Protinus
3489 4923 3719 4980 admisso

2149 5001 2322 5052 micuit
2354 5011 2621 5067 synlagma
2645 4999 2856 5068 beryllo.
2923 5036 2930 5044 .

2221 5069 2344 5121 856.
2376 5065 2552 5129 ΡυΙιΙζ,
2596 5065 2746 5130 PaL,
2783 5069 3006 5119 vaiiarat
3050 5082 3145 5130 pro
3183 5067 3430 5120 variabat.
3469 5065 3721 5118 Heinsius

2149 5137 2314 5191 edidit
2345 5139 2583 5199 variaret,
2608 5137 2700 5189 sed
2728 5142 2897 5189 varias
2923 5137 3175 5190 leclioucs
3203 5153 3306 5188 tum
3337 5136 3626 5195 adnotavit,
3660 5144 3722 5187 ttt

2149 5207 2305 5270 solet,
2336 5223 2454 5259 cum
2485 5223 2512 5258 a
2537 5217 2666 5260 vett.
2700 5205 2821 5258 cdd.
2858 5207 3077 5258 reretlit.
3109 5206 3378 5258 lleinsium
3403 5203 3722 5256 Chamillar-

2149 5274 2270 5339 dus,
2303 5286 2354 5328 et
2387 5275 2601 5328 Teolius
2628 5277 2792 5328 secuti
2827 5284 2978 5337 sunt;
3021 5274 3280 5328 Ccllarius
3317 5285 3370 5330 et
3409 5272 3724 5326 Gallandius

2150 5349 2499 5398 restituerunt
2522 5345 2769 5396 variabat.

2223 5412 2347 5465 857.
2374 5413 2772 5468 Ratishonensis
2795 5421 3068 5466 corrector
3089 5411 3156 5464 de
3183 5427 3288 5477 (tuo
3310 5426 3497 5478 nuper,
3526 5409 3725 5464 iterum
3809 5457 3814 5461 _

2152 5481 2413 5535 inscitiam
2445 5498 2594 5535 suam
2619 5482 2793 5550 prodit
2820 5481 3106 5534 Chalcedon
3138 5482 3283 5542 hebes
3306 5481 3421 5533 hinc
3451 5480 3727 5550 perfundi-

2151 5561 2249 5603 tur.
2290 5550 2504 5614 Wcitz.,
2532 5547 2714 5616 scripti
2749 5550 3040 5616 lleinsiaui,
3074 5551 3211 5614 PaL,
3245 5551 3425 5608 Alex.,
3470 5549 3550 5599 ltic
3579 5547 3725 5599 chal-

2149 5621 2327 5672 cedon.
2363 5620 2505 5684 Ald.,
2536 5621 2676 5680 Οἱς..
2717 5620 2874 5686 Man,
2910 5620 3054 5684 Iiat.,
3089 5619 3304 5682 Vienn.,
3347 5619 3462 5670 Val.
3495 5617 3551 5679 Ρ,
3581 5617 3724 5669 Gali.

2149 5700 2201 5743 ct
2229 5689 2335 5748 alii,
2353 5690 2466 5742 hinc
2487 5689 2782 5743 chalcedon.
2810 5690 2882 5744 De
2905 5689 2986 5742 his
2997 5688 3352 5761 gemmisvidc
3379 5688 3725 5761 interpretes.
