4066 6296
213 331 289 396 39
801 317 811 327 ’
1610 331 2090 388 [ιΠΤΟΟΠΑΞυΜ.
2719 399 2733 410 _
3413 347 3484 402 90

373 446 633 502 .leeste
666 443 936 514 ingenium
971 451 1090 511 post
1115 443 1304 512 gaudia
1335 442 1558 498 catulida
1592 453 1730 498 tetro
1827 450 1879 507 Α

393 538 640 594 Cessissc
652 535 946 590 stomacho!
962 537 1169 590 fervent
1186 535 1323 590 bella
1341 534 1578 604 horrida,
1594 537 1802 591 fervent

392 630 622 684 Ossibus
651 628 852 682 inclusa
878 645 890 680 :
917 627 1096 682 fremit
1121 637 1175 682 et
1203 627 1539 682 discordibus
1568 627 1732 681 armis

393 719 564 792 θεά.
608 720 723 775 Νοη
768 719 996 789 simplex
1043 730 1232 773 natura
1273 719 1686 773 hominis:nam
1716 718 1802 772 vi-

1404 810 1574 882 [saera
1605 809 1733 864 limo

401 905 647 975 Elﬁgiata
681 910 930 970 premunt
959 903 1194 955 animum
1222 918 1234 954 :
1261 909 1443 956 contra
1475 901 1582 966 ille,
1607 914 1802 956 sereno

397 995 586 1050 Editus
616 994 818 1060 atllatu,
853 991 1110 1061 nigrantis
1143 1007 1359 1046 carcere
1388 991 1565 1046 cordis

398 1086 635 1154 Estuat,
670 1097 722 1141 et
753 1084 941 1140 sordes
970 1095 1114 1138 arcta
1148 1086 1285 1139 inter
1315 1085 1483 1139 vincla
1508 1093 1744 1140 recusat.

228 905 326 961 905

2086 446 2374 516 Spiritibus
2401 457 2638 520 pugnant
2663 453 2824 507 variis
2850 452 2958 519 lux,
2984 462 3144 526 alque
3173 453 3426 521 tenebrm.

2089 539 2462 611 Distantesque
2492 543 2690 597 animat
2716 545 2910 614 duplex
2934 547 3228 602 substantia
3257 549 3395 603 vires
3419 568 3431 602 :

2089 630 2268 686 Donec
2297 634 2544 702 praesidio
2570 635 2814 691 Christus
2846 639 2984 692 Deus
3011 640 3167 700 adsit.
3199 651 3254 696 ct
3293 656 3480 698 omnes

2087 723 2350 778 Virtutum
2380 741 2617 793 gemmas
2645 739 2931 796 componat
2958 731 3085 785 sede
3116 732 3276 800 piata.

2089 813 2278 881 Atque,
2306 815 2394 868 ubi
2424 828 2698 881 peccatum
2728 831 3068 887 regnaverat,
3104 836 3268 875 aurea
3299 821 3484 890 templi

2087 901 2230 957 Atria
2259 906 2609 969 constituens,
2640 917 2782 962 texat
2805 911 3132 978 spectamine
3156 925 3362 964 morum

2085 995 2409 1053 Ornamenta
2439 998 2630 1052 anima:
2648 1015 2662 1051 :
2682 1000 2868 1068 quibus
2891 1001 3155 1056 oblectata
3177 1001 3376 1056 decoro

1911 1087 2017 1144 915
2088 1089 2369 1144 ὶΕιεηιυῐιι
2396 1091 2532 1146 solio
2554 1091 2705 1148 dives
2732 1093 2998 1162 Sapientia
3031 1104 3230 1165 regnet.

1910 630 2014 685 910

1570 1192 1853 1249 GLOSSE
1895 1195 2230 1256 VETERES.

293 1289 415 1343 902.
440 1288 610 1349 Bella,
638 1287 881 1340 virtutum
908 1293 956 1338 et
980 1286 1238 1350 vitiorum,
1274 1285 1379 1338 lso.

293 1361 418 1415 903.
442 1357 686 1420 Ossibus,
714 1357 971 1418 humanis,
1005 1356 1046 1408 Ι.

297 1429 420 1483 906.
445 1428 654 1491 Editus,
682 1427 896 1481 emissus
923 1427 999 1479 vel
1027 1426 1227 1493 factus;
1266 1425 1472 1495 spiritus
1492 1424 1806 1480 hominis.—

232 1498 433 1560 Curdis,
458 1502 652 1561 carnis,
682 1498 721 1550 Ι.

298 1569 419 1623 908.
446 1569 580 1632 Lux,
609 1577 768 1636 atque
799 1566 1055 1629 tenebrae,
1083 1565 1292 1636 spiritus
1309 1573 1354 1618 et
1383 1566 1528 1630 vitia,
1549 1566 1589 1620 l.

301 1639 418 1692 910.
447 1635 723 1702 Praesidio,
748 1639 816 1689 ad
836 1636 1156 1706 praesidium,
1189 1635 1228 1688 Ι.

298 1709 419 1764 912.
444 1709 566 1771 Ubi,
593 1709 761 1773 prius,
791 1707 830 1760 l.
1553 1735 1557 1740 —

301 1779 375 1833 De
403 1780 469 1832 12
500 1778 782 1846 lapidibus.
826 1807 878 1816 —
908 1773 974 1828 In
1005 1774 1217 1845 jaspide
1252 1792 1374 1840 ergo
1403 1777 1522 1843 ﬁdet
1549 1777 1803 1841 uiriditas,

237 1851 285 1903 in
305 1850 542 1918 sapphiro
570 1849 680 1914 spei
694 1848 910 1902 caelestis
929 1847 1238 1918 oltit_udo,in
1265 1846 1569 1918 chalcedone
1598 1849 1808 1914 ﬂamma

237 1914 484 1972 charitatis
507 1920 721 1972 interna:
742 1919 1011 1985 ﬁguratur.
1028 1914 1092 1968 In
1109 1917 1380 1984 smaragdo
1407 1927 1574 1970 autem
1588 1920 1813 1982 ejusdem

237 1990 351 2054 ﬁdei
379 1991 522 2056 fortis
542 1990 674 2041 inter
710 1988 921 2040 aduersa
944 1987 1214 2055 confessio,
1241 1988 1293 2040 in
1319 1991 1588 2041 sardonico
1611 1999 1814 2042 sancto-

238 2075 344 2111 rum
359 2061 483 2112 inter
508 2062 717 2112 uirtutes
732 2058 1012 2127 humilitas,
1029 2059 1082 2110 in
1098 2058 1272 2110 sardio
1293 2059 1594 2111 reverendus
1624 2067 1816 2127 martg.

238 2144 339 2182 ram
367 2146 514 2182 cruor
534 2130 856 2198 exprimitur.
886 2126 953 2181 In
975 2127 1288 2197 chrysolitho
1308 2144 1405 2182 vos:
1422 2129 1666 2198 spiritalis
1688 2126 1816 2196 inter

1909 1290 2192 1368 miracula,
2226 1292 2277 1344 in
2311 1291 2504 1368 bery‘llo
2539 1294 2925 1368 pradicantium
2957 1298 3182 1368 perfecta
3219 1297 3447 1368 Operatio
3467 1339 3482 1359 .

1909 1361 1961 1434 in
1991 1362 2192 1434 topasio
2221 1364 2513 1434 earumdem
2540 1361 2738 1418 ardens
2765 1361 3123 1434 contemplatio
3148 1361 3482 1420 monstratur.

1911 1428 2080 1483 Porro
2105 1431 2157 1505 in
2185 1432 2525 1505 chrysopraso
2548 1433 2808 1486 beatorum
2835 1428 3118 1504 martyrum
3145 1453 3270 1504 opus
3297 1437 3485 1505 pariter

1911 1509 1957 1553 et
1982 1501 2242 1564 prtemium
2271 1544 2286 1567 ,
2331 1503 2383 1554 in
2425 1503 2698 1570 hyacintho
2728 1501 2996 1558 doctorum
3035 1501 3246 1559 caelestis
3285 1501 3351 1558 ad
3378 1505 3487 1557 alta

1911 1570 2187 1624 sublevatio
2215 1581 2262 1624 et
2303 1582 2508 1639 propter
2552 1575 2781 1640 inﬁrmos
2809 1575 3014 1628 humilis
3052 1576 3121 1628 ad
3157 1576 3380 1628 humana
3409 1577 3488 1626 di-

1908 1641 2120 1715 scensio,
2144 1642 2197 1694 in
2223 1643 2488 1715 amethisto
2508 1644 2721 1697 caelestis
2745 1660 2948 1715 semper
2967 1646 3107 1714 regni
3139 1649 3190 1696 in
3215 1644 3486 1698 humilium

1913 1710 2356 1785 animomemoria
2386 1713 2703 1783 designatur.
2731 1710 3042 1782 Singulique"
3055 1715 3251 1785 lapides
3282 1715 3488 1782 pretiosi

1914 1780 2129 1854 singulis
2171 1791 2287 1854 sunt
2330 1780 2673 1854 fundamentis
2715 1780 2976 1852 deputati;
3025 1780 3117 1854 qui
3160 1780 3289 1837 licet
3318 1801 3490 1836 omncs

1915 1850 2148 1919 perfecti,
2174 1851 2353 1919 quibus
2382 1853 2553 1906 civitas
2595 1851 2690 1907 Dei
2716 1850 2878 1906 nostri
2904 1855 2955 1908 in
2980 1850 3147 1907 mante
3178 1866 3354 1907 sancto
3381 1855 3488 1919 ejus

1916 1930 2129 1992 ornatur
2169 1932 2319 1991 atque
2362 1924 2641 1990 fundatur,
2693 1924 2941 1992 spiritalis
2997 1926 3173 1992 gratiae
3215 1934 3332 1976 sunt
3379 1926 3488 1975 luce

1918 1989 2166 2059 fulgentes
2191 2007 2208 2044 :
2230 1989 2320 2044 alii
2347 1989 2511 2049 tanien
2539 2008 2627 2060 per
2652 1989 2888 2060 spiritum
2910 1989 3062 2046 datur
3087 2009 3256 2046 sermo
3285 1994 3486 2057 sapien-

1917 2061 2023 2124 tiae,
2047 2061 2138 2113 alii
2162 2077 2328 2114 sermo
2355 2063 2596 2126 scientiae,
2629 2063 2718 2115 alii
2743 2063 2906 2131 gratia
2934 2065 3241 2126 sanitatum,
3285 2063 3375 2115 alii
3405 2078 3470 2131 ge-

1919 2145 2040 2182 nera
2070 2131 2385 2200 linguarum,
2417 2133 2507 2186 alii
2532 2133 2658 2200 ﬁdes
2678 2133 2732 2185 in
2761 2133 2934 2186 eodem
2963 2134 3167 2203 spiritu,
3192 2142 3322 2197 etc.,
3350 2131 3454 2186 lso.

1624 2237 2189 2298 COMMENTARIUS.

301 2338 420 2392 901.
445 2334 702 2389 Weitzius
727 2348 759 2390 e
780 2333 1124 2390 ms.Piccarti
1152 2342 1302 2390 notat
1321 2344 1434 2404 post
1463 2333 1655 2402 gaudia
1680 2349 1778 2386 can

239 2409 354 2461 dido
380 2417 532 2460 retro.

301 2477 420 2532 902.
445 2476 566 2530 Ald.
597 2483 653 2530 et
678 2475 917 2530 nonnulli
949 2475 1145 2545 vulgati
1173 2489 1293 2529 cum
1323 2474 1464 2529 Picc.
1484 2513 1498 2534 .
1543 2474 1750 2528 cessisse
1776 2489 1805 2525 e

238 2548 504 2601 stomacho.
548 2546 686 2600 Vera
734 2547 893 2600 lectio
939 2553 1022 2599 est
1071 2548 1280 2598 cessisse
1318 2546 1603 2610 stomacho,
1632 2556 1804 2613 neque

242 2618 395 2672 ttllum
419 2616 666 2683 codicem
695 2615 1097 2670 dissentientem
1131 2617 1447 2682 reperimus.

305 2688 424 2741 905.
449 2686 622 2740 Simili
653 2688 860 2740 ratione
887 2685 1036 2750 Ald.,
1079 2686 1308 2740 Giselin.
1344 2695 1399 2739 et
1426 2685 1544 2749 alii,
1567 2687 1760 2742 ossibus
1783 2729 1800 2754 ,

241 2768 379 2823 atque
403 2755 602 2809 inclusa
635 2758 827 2823 fremit.
867 2755 1159 2819 Ileiusiani,
1196 2756 1333 2818 ΕΗΖ,
1372 2756 1546 2819 Eenn,
1578 2754 1801 2824 Widm.,

243 2827 372 2890 PaL,
393 2826 710 2891 Mar..Rat.,
728 2826 889 2893 Aug.,
907 2827 1081 2888 Alex.,
1107 2826 1243 2879 Valt.
1267 2827 1326 2890 F,
1346 2826 1410 2883 G.
1429 2825 1492 2884 ll.
1515 2825 1574 2890 L,
1599 2827 1804 2881 Ossibus

241 2897 426 2949 inclusa
459 2913 476 2948 :
517 2898 687 2963 fremit
717 2906 764 2948 et
788 2897 1106 2949 discordibus
1145 2897 1324 2950 armis.
1364 2895 1517 2950 Fuld.
1554 2904 1602 2949 et
1636 2899 1803 2952 l’alat.

241 2967 582 3034 distinguunt,
603 2966 1041 3026 0ssibus,iuclusa
1061 2967 1284 3034 frcmitet
1300 2965 1615 3020 discordibus
1628 2971 1803 3022 armis.

306 3037 423 3091 905.
449 3037 521 3090 De
564 3053 608 3088 vi
633 3042 728 3090 rho
769 3038 929 3105 effigia
976 3037 1096 3107 vide
1142 3037 1395 3107 hymnum
1441 3037 1506 3090 10
1532 3035 1799 3100 Catltetn.,

243 3120 371 3175 vers.
413 3108 465 3169 ι,
503 3108 646 3159 circa
673 3107 976 3175 exsequias.
1014 3106 1158 3174 Put.,
1183 3106 1539 3170 animaancui
1568 3109 1808 3162 adhzeret

245 3174 428 3230 VaLC.
459 3177 584 3243 Alii,
605 3174 852 3228 animum.

305 3248 421 3299 901i.
445 3247 605 3315 Λαὶς..
628 3247 785 3310 male,
802 3247 1048 3316 nigrantis
1075 3249 1128 3300 in
1156 3263 1356 3300 carcere
1382 3247 1570 3302 cordis.
1603 3247 1801 3317 Vat_.C,

1913 2335 2358 2407 nigrantigcurcere
2387 2327 2718 2401 cordis.'Alii,
2741 2339 2990 2407 nigrantis
3017 2353 3219 2390 carcere
3247 2338 3436 2391 cordis.

1983 2405 2088 2462 909
2140 2404 2278 2469 Erf.,
2303 2407 2544 2460 distantes
2577 2408 2768 2460 animo.
2797 2404 2860 2462 ‘ln
2889 2408 3026 2461 Vatt.
3059 2408 3120 2470 L,
3154 2409 3218 2473 Ο,
3243 2407 3489 2461 distantes

1911 2477 2128 2528 animat.
2171 2476 2226 2530 In
2269 2477 2389 2532 Vat.
2427 2478 2468 2530 1)
2497 2486 2580 2531 est
2611 2479 2760 2532 locus
2791 2492 2989 2532 vacuus
3017 2478 3225 2532 duobus
3249 2477 3490 2532 versibus

1915 2557 2039 2617 post
2065 2546 2205 2600 hunc
2232 2546 2486 2617 idoneus;
2531 2556 2642 2617 tum
2675 2551 2915 2617 sequitur
2952 2547 3132 2602 Donec
3160 2549 3420 2612 praesidio.

1982 2616 2108 2670 910.
2135 2616 2465 2680 l’aschalius,
2497 2619 2563 2671 de
2597 2615 2826 2671 Coronis
2850 2632 2968 2686 pag.
3002 2618 3127 2679 1‘24.
3156 2619 3249 2672 lib.
3283 2633 3340 2682 tt,
3369 2632 3487 2685 cap.

1915 2686 2001 2758 l5,
2049 2687 2295 2755 intelligit
2319 2687 2480 2742 ﬂores
2510 2688 2734 2758 mystico
2769 2703 2933 2742 sensu
2977 2703 3097 2743 esse
3127 2687 3225 2741 has
3252 2702 3490 2756 gemmas

1913 2755 2190 2810 virtutum.
2569 2755 2581 2758 ’
2907 2773 2909 2776 ‘

1983 2826 2107 2880 911.
2135 2827 2303 2890 Picc.,
2332 2827 2448 2881 Gis.
2471 2827 2537 2881 ad
2569 2843 2740 2890 oram,
2764 2829 2882 2882 sede
2911 2829 3076 2882 beata.
3099 2827 3217 2881 Vat.
3236 2827 3300 2883 Ο.
3331 2827 3489 2887 male.

1913 2897 2030 2969 sede
2057 2898 2272 2969 privata.
2292 2895 2494 2969 Confer
2522 2899 2940 2968 pulcherrimum
2973 2898 3248 2969 hymnum,
3269 2896 3488 2951 Caelestis

1915 2966 2030 3019 urbs
2052 2966 2400 3020 Hierusalem.

1985 3036 2110 3107 915.
2134 3035 2346 3107 ln_Valt.
2382 3037 2443 3099 Ρ,
2477 3037 2539 3100 L,
2565 3048 2776 3107 regnat;
2816 3037 2927 3102 alii,
2963 3037 3234 3107 regnet.rlu
3263 3033 3488 3107 Marjetti

1913 3106 2118 3176 codi_cc,
2162 3105 2382 3172 Explicit
2404 3107 2528 3176 liber
2550 3104 2714 3160 Prud.
2746 3109 2808 3160 de
2835 3104 3256 3176 Psychomachia.
3292 3107 3343 3176 lin
3369 3104 3484 3176 Vat.

1912 3177 1974 3235 (Ξ,
2008 3173 2235 3244 Explicit
2269 3177 2392 3228 liber
2423 3175 2720 3231 Prudentis.
2755 3179 2808 3231 ln
2845 3173 2964 3231 Vat.
3005 3177 3064 3239 Ε,
3109 3175 3331 3240 Explicit
3366 3173 3487 3227 liber

1921 3246 2082 3298 I’rud.
2116 3247 2178 3298 de
2209 3246 2588 3301 Sichomachia.
2615 3249 2668 3300 lu
2692 3247 2811 3301 Vat.
2830 3248 2893 3308 D.
2921 3247 3141 3316 Explicit
3165 3245 3310 3298 liber.

3114 3363 3394 3378 ——_—-—-.

3403 3361 3475 3378 ’.ει

2757 3370 3107 3380 ——

1332 3469 2352 3587 DlTTOCH/EUM.

1495 3779 2001 3836 'I'ESTAMENTUM
2046 3780 2286 3838 VETUS.

675 3867 833 3941 665
867 3870 914 3924 1.
949 3871 1113 3924 Αά.;ηι
1143 3881 1187 3924 et
1222 3868 1350 3922 Eva.

401 3961 503 4015 Eva
531 3961 775 4015 columba
804 3962 901 4014 fuit
928 3970 1036 4013 tum
1066 3961 1312 4026 canzlida,
1347 3959 1494 4029 nigra
1524 3959 1718 4014 deinde

2089 3869 2254 3940 666
2290 3868 2484 3934 Facta,
2529 3885 2624 3938 per
2654 3869 2938 3937 anguinum
2966 3869 3266 3924 malesuada
3302 3869 3485 3927 fraude

2180 3987 2184 3991 -
3107 3960 3408 4031 [venenum

1572 4052 1855 4110 GLOSS/E
1899 4055 2123 4109 VETER
2135 4057 2225 4111 ES.

297 4146 348 4200 1.
373 4145 478 4199 Era
507 4147 773 4210 columba,
806 4155 918 4199 sunt
949 4144 1336 4199 tetrasticha.—-
1351 4144 1506 4208 Tum,
1538 4148 1724 4214 primo,
1752 4147 1788 4200 Ι.

1609 4234 2171 4292 COMMENTARIUS.

298 4352 318 4403 l
352 4359 408 4405 et
432 4348 487 4405 2.
513 4350 626 4403 Hoc
655 4361 788 4416 opus
818 4344 986 4400 Aldus
1018 4356 1174 4401 vocat
1201 4346 1573 4413 llittocha'unt;
1612 4356 1666 4402 et
1694 4362 1798 4402 non

231 4420 377 4473 video
412 4435 510 4472 cur
550 4419 638 4471 alii
687 4416 894 4472 titulum
941 4417 1283 4476 mutaverint.
1314 4428 1366 4471 et
1396 4419 1462 4471 de
1490 4434 1626 4470 nova
1657 4419 1802 4474 line-

230 4489 416 4542 uienda
476 4488 841 4556 cogitaret-int.
893 4487 946 4540 In
994 4487 1149 4555 Prag.
1201 4488 1476 4554 inscriptio
1524 4499 1606 4541 est
1650 4488 1800 4541 Dicta

230 4557 493 4611 Prudentii
545 4560 738 4613 Aure'ii
798 4569 816 4608 .'
873 4573 1057 4610 versus
1099 4573 1285 4609 attines
1331 4569 1456 4610 sunt
1500 4559 1792 4610 continuati

229 4628 423 4697 absque
445 4629 554 4681 ttllo
575 4628 819 4681 litulo.lu
848 4627 999 4688 Muta,
1018 4624 1278 4694 Incipiunt
1306 4625 1441 4697 tituli
1469 4626 1794 4697 historiarum

229 4713 313 4766 per
341 4695 507 4750 Adam
539 4709 582 4750 et
611 4699 774 4751 Adam
819 4699 835 4759 (
861 4698 1138 4764 legendum
1182 4713 1271 4765 per
1305 4696 1540 4766 Adamet
1574 4696 1730 4748 Evam
1755 4695 1794 4766 ).

227 4765 278 4818 In
319 4769 442 4821 cod.
494 4769 613 4820 Vat.
663 4767 706 4820 A
751 4767 924 4820 nullus
975 4766 1193 4824 titulus.
1248 4774 1302 4819 et
1348 4765 1800 4833 negligentissime

227 4839 399 4890 omnia
430 4838 651 4902 scripta.
682 4837 734 4887 In
762 4837 880 4888 Val.
908 4836 964 4896 Β,
988 4835 1149 4887 Tituli
1171 4835 1496 4887 historiarum
1527 4853 1614 4902 per
1635 4836 1800 4888 Adam

227 4917 272 4957 et
301 4907 500 4968 Eram;
541 4908 610 4958 ita
636 4907 795 4958 etiam
825 4907 876 4958 in
909 4906 1027 4958 Rat.
1064 4905 1118 4956 ln
1149 4906 1331 4967 Alex.,
1364 4903 1623 4973 Incipiunt
1662 4907 1800 4958 tituli

228 4977 588 5037 historiarum;
626 4974 691 5027 ad
753 4976 1041 5041 marginem
1091 4974 1401 5027 charactere
1450 4975 1655 5037 veteri,
1705 4975 1798 5028 sed

227 5045 520 5104 minutiori,
549 5042 653 5095 Iste
678 5044 802 5096 liber
829 5042 1136 5112 Dirocheinn
1173 5052 1401 5106 vocatur,
1434 5044 1488 5094 id
1513 5053 1582 5095 est
1609 5045 1800 5112 duplex

225 5115 454 5178 refectio.
498 5113 553 5165 In
591 5113 843 5166 Urbinate
885 5113 1030 5175 cod.,
1067 5111 1257 5180 Incipit
1285 5115 1410 5170 liber
1457 5113 1756 5166 Ditrocheus
1780 5153 1796 5175 ,

221 5185 306 5246 qui
347 5184 632 5236 continetur
671 5183 724 5234 in
765 5183 926 5234 titulis
966 5181 1316 5246 historiarum.
1350 5182 1402 5234 lu
1438 5182 1552 5237 Vat.
1583 5183 1625 5244 l,
1652 5182 1797 5236 Inci-

221 5253 368 5318 piunt
408 5253 548 5303 tituli
587 5251 918 5321 historiarum
947 5267 1036 5321 per
1071 5252 1232 5305 Adam
1269 5262 1316 5304 et
1359 5250 1488 5303 Eva.
1518 5253 1571 5304 lu
1606 5251 1723 5306 Vat.
1755 5251 1800 5319 Q

221 5321 414 5373 desunt
447 5322 605 5374 tituli.
633 5320 748 5374 Alia
779 5320 898 5374 vide
922 5320 1123 5388 prole“.
1155 5338 1274 5382 cap.
1307 5323 1359 5386 5,
1388 5325 1416 5374 ri
1449 5331 1500 5373 et
1531 5324 1584 5388 5,
1615 5324 1702 5375 ubi
1732 5322 1799 5374 de

1911 4347 2100 4416 priscis
2131 4355 2320 4416 pactae,
2347 4345 2480 4400 alius
2513 4361 2630 4398 cum
2657 4344 2917 4401 Sichardo
2943 4345 3179 4411 Sedulio,
3197 4348 3314 4412 quia
3341 4351 3487 4404 scili-

1908 4427 1994 4472 cet
2032 4417 2228 4470 cultius
2267 4415 2367 4486 hoc
2408 4427 2716 4486 poemaest
2752 4419 2960 4486 cmtcris
2991 4417 3314 4471 carminibus
3353 4419 3486 4473 Pru-

1907 4486 2095 4541 dentii.
2133 4491 2268 4540 Ante
2299 4483 2713 4540 Chamillardum
2749 4483 3024 4555 Philippus
3054 4486 3299 4541 Labbeus
3337 4504 3485 4542 asse-

1908 4565 2105 4612 rtterat.
2135 4558 2234 4610 hoc
2262 4570 2478 4608 Carmen
2507 4556 2716 4609 ca-teris
2743 4552 3013 4610 Prudentii
3049 4558 3483 4621 praestareJdeoo

1906 4643 2010 4693 que
2067 4625 2354 4679 Prudentia
2399 4641 2427 4678 a
2482 4626 2658 4678 multis
2701 4625 3013 4693 alijudicari.
3065 4625 3206 4680 Idem
3249 4627 3485 4682 allirmat

1903 4695 2156 4750 Baillelus
2186 4697 2234 4747 in
2268 4694 2492 4748 ludit-lis
2524 4695 2834 4760 Sapientum
2883 4697 2949 4749 dc
2983 4695 3287 4749 Prudentio.
3317 4696 3482 4752 Aldus

1907 4767 1958 4818 in
1992 4767 2104 4817 Vita
2145 4765 2416 4836 Prlttleutii
2469 4765 2797 4836 contrarium
2851 4775 3074 4836 testatur
3109 4782 3122 4817 :
3158 4770 3482 4836 At‘r‘roxaiov,

1905 4837 2097 4903 duplex
2125 4835 2283 4894 cibus.
2322 4835 2490 4906 διττρς
2519 4834 2734 4901 duplex,
2775 4844 2832 4906 e_t_
2852 4834 3154 4906 ixviicibus.
3186 4834 3484 4906 Sunt—enim

1906 4902 2040 4958 ttuli
2089 4906 2419 4957 historiarum
2448 4904 2640 4958 Vetcris
2685 4914 2730 4956 et
2783 4902 2920 4956 Noui
2964 4904 3284 4965 Testamenti,
3333 4915 3484 4972 atque

1905 4976 2022 5028 hinc
2053 4985 2174 5045 puto
2203 4973 2681 5045 I)ittocha'um,_hoc
2701 4985 2809 5045 est,
2830 4973 3083 5045 duplicem
3111 4974 3276 5045 cilium
3303 4977 3484 5040 αρρυι-

1905 5043 2069 5097 latum
2114 5044 2251 5096 hunc
2282 5044 2468 5101 librum
2495 5062 2524 5094 a
2559 5043 2863 5097 Prudentia.
2887 5043 2992 5096 Sed
3011 5044 3251 5106 quoniam
3282 5062 3379 5098 non
3411 5045 3483 5097 sic

1904 5116 2132 5168 excultus
2178 5124 2248 5167 est
2289 5124 2334 5167 et
2376 5114 2664 5167 elaboratus
2704 5115 2786 5165 hic
2821 5112 3054 5183 librant
3084 5114 3252 5165 cwteri
3280 5133 3308 5166 α
3338 5125 3484 5183 poeta

1903 5184 2203 5252 compositi,
2249 5193 2368 5236 sunt
2418 5184 2521 5248 qui.
2545 5197 2644 5236 non
2684 5198 2791 5236 esse
2836 5180 3102 5235 Prudentii
3145 5180 3346 5236 dicunt.
3375 5183 3482 5251 Ego

1900 5268 2015 5322 uero
2039 5255 2205 5322 ipsum
2221 5261 2263 5305 'a
2291 5254 2482 5307 caeteris
2507 5268 2745 5311 separare
2765 5266 2869 5322 non
2894 5267 3007 5304 sum
3030 5269 3206 5316 ausus,
3230 5263 3334 5305 tum
3363 5258 3482 5318 quia

1904 5319 2230 5375 Gennadium
2257 5365 2269 5386 ,
2315 5325 2399 5391 qui
2448 5332 2556 5385 post
2599 5323 2766 5374 divum
2799 5319 3168 5391 Hieronymum
3196 5323 3395 5390 scripsit
3418 5323 3482 5374 de

223 5394 476 5465 operibus
529 5390 799 5465 Prudentii
821 5392 1043 5465 _agitu_r.
1093 5392 1146 5465 in
1193 5390 1323 5465 Mar.
1363 5392 1586 5465 ponitur
1633 5392 1796 5465 Ditto-
1827 5407 1879 5465 Ῑ)
1905 5393 2023 5465 uiris
2051 5389 2334 5465 illustribus
2361 5433 2373 5451 ,
2422 5391 2760 5465 Dittochwum
2781 5407 2825 5465 _a
2845 5389 3126 5465 Prudentia
3148 5389 3481 5465 coinpositum

221 5463 420 5512 ctutum
467 5471 582 5526 post
627 5461 781 5513 odem
813 5457 1053 5511 Immolat
1085 5459 1190 5511 Deo
1227 5459 1414 5527 Patri,
1437 5477 1553 5526 qum
1580 5471 1662 5514 est
1686 5461 1797 5527 epi-

221 5527 371 5588 logus
398 5525 615 5582 in’Aldo
643 5540 694 5581 et
724 5532 773 5580 in
807 5539 984 5580 nostra
1017 5530 1270 5584 editione.
1300 5532 1352 5582 lu
1383 5525 1497 5582 Vat.
1525 5531 1562 5582 Β
1587 5525 1796 5596 ponitur
1828 5545 1832 5551 '

222 5610 345 5663 post
383 5601 577 5651 lilii-um
608 5599 1056 5664 l‘eristepltaumn.
1086 5599 1477 5653 Chamillardus
1515 5616 1633 5653 cum
1677 5601 1794 5652 aliis

217 5666 557 5720 Enchiridiou
597 5667 868 5732 inscribit,
917 5676 969 5718 et
1023 5669 1170 5721 addit
1219 5671 1503 5723 nonnullos
1539 5686 1656 5724 cum
1698 5671 1794 5724 Fa-

219 5737 392 5792 ιηιλοὶο
422 5736 522 5794 hoc
548 5735 848 5802 pnetnatiuu
881 5735 1114 5796 tribucre
1135 5740 1360 5794 Ammuo
1390 5741 1594 5795 cuidam
1621 5743 1796 5806 ignoto

1904 5461 2069 5523 dicit,
2102 5471 2206 5514 tum
2251 5463 2399 5513 etiam
2427 5461 2545 5528 quia
2585 5461 2637 5512 in
2685 5461 3036 5528 antiquissimo
3077 5462 3248 5513 codice
3288 5464 3480 5513 ca'teris

1910 5527 2177 5583 Prudentii
2221 5527 2454 5599 aperibus
2496 5535 2714 5581 insertus
2745 5527 2903 5582 ethic
2931 5540 3037 5581 erat
3065 5530 3284 5593 libellus,
3310 5540 3354 5581 ct
3386 5546 3479 5596 pro

1907 5601 2267 5655 Dtrrocuauu
2291 5642 2305 5663 ,
2340 5601 2697 5654 Dmnocuazuu
2728 5600 2937 5660 titulus,
2965 5600 3265 5665 scriptarum
3294 5599 3475 5665 culpa,

1883 5674 2040 5741 quod
2069 5672 2288 5741 coniicio
2316 5671 2506 5741 facile,
2551 5671 2669 5737 quia
2696 5671 3074 5738 inurpretutum
3103 5669 3225 5720 inibi
3251 5677 3322 5721 est
3346 5669 3478 5721 anti-

1905 5739 2169 5808 quissimis
2200 5739 2595 5802 charactcribus,
2637 5755 2833 5793 utfrui-1x
2868 5753 3125 5792 uenusto
3152 5755 3240 5804 pro
3273 5751 3472 5792 υυριωί
