4066 6296
187 356 249 407 97

1527 548 1719 620 [istum

375 645 674 715 Cetijicite:
699 647 752 697 in
776 644 987 697 dotcem
1004 648 1276 696 vertentur
1302 655 1479 692 amara
1512 654 1780 708 saporem.

642 738 729 790 M.
761 733 899 788 Elim
917 733 1062 793 lucus
1087 733 1142 786 in
1166 747 1354 785 eremo.

382 831 664 885 Devenere
697 829 816 893 viri,
853 826 997 881 Mose
1024 824 1178 888 duce,
1211 839 1304 879 sex
1331 824 1415 877 ubi
1444 823 1647 884 fontes.

381 923 453 976 Et
481 936 579 976 sex
609 920 748 974 forte
773 920 860 973 alii
893 918 1061 972 vitreo
1089 918 1157 972 de
1179 930 1299 971 rore
1335 916 1578 983 rigabant

274 1016 345 1069 55
384 1014 650 1082 Septenas
669 1010 848 1065 decies
879 1008 1080 1077 palmas
1107 1026 1121 1061 :
1147 1006 1237 1075 qui
1263 1007 1519 1076 mystimts
1551 1003 1682 1057 Elim

382 1104 562 1158 Lucus
620 1101 971 1169 apostolicum
1037 1113 1318 1153 numerum
1376 1095 1794 1161 Ιιὺνίνιμιοψιθ

1497 1188 1513 1258 [
1540 1187 1723 1254 pinxit.

424 1287 585 1359 673
615 1284 701 1339 15.
737 1283 1016 1338 Duodecim
1037 1282 1232 1354 lapides
1260 1283 1312 1332 in
1332 1280 1581 1333 Jordane.

389 1380 446 1432 In
476 1378 675 1431 fontem
701 1374 870 1430 relluo
897 1372 1148 1426 .lordanis
1178 1373 1385 1441 gurgite
1419 1372 1588 1424 fertur
1610 1411 1622 1432 ,

392 1469 525 1522 Dum
553 1466 812 1521 calcanda
846 1464 939 1517 Dei
983 1464 1190 1533 populis
1216 1463 1348 1517 vada
1376 1463 1514 1516 sicca
1562 1463 1791 1531 reliquit.

1593 345 2076 402 DITTOCIIAZUM.
2105 353 2120 362 '
2330 354 2331 357 “
3198 390 3201 391 7
3395 349 3471 409 93

372 466 557 520 Moses
584 473 802 519 sanctus
833 463 906 517 ait
946 479 957 514 :
991 462 1215 531 Lignum
1258 461 1412 523 date,
1442 461 1704 529 gurgitem
1734 460 1784 513 in
1820 468 1870 524 Α

2075 462 2262 517 Testes
2294 465 2372 516 his
2400 464 2512 517 seni
2538 464 2770 532 lapides.
2803 479 2937 535 quos
2967 467 3184 521 ﬂumine
3206 467 3257 522 in
3286 467 3403 537 ipso

1972 551 2040 606 60
2073 552 2413 608 Constituere
2460 564 2666 622 patres,
2701 555 2753 608 in
2800 555 3020 610 formam
3070 556 3471 627 discipulorum.

2281 643 2369 697 16.
2407 642 2597 698 Domus
2624 644 2766 699 Raab
2794 648 3089 701 meretricis.

2079 731 2366 786 Procubuit
2395 733 2608 789 Jcricho
2633 751 2646 789 :
2676 736 2790 789 sola
2822 746 2965 790 stant
2992 737 3127 791 atria
3162 736 3327 791 Raab.

2077 822 2292 891 Hospita
2308 835 2615 879 sanctorum
2643 829 2894 880 meretrix
2922 828 3089 898 (tanta
3123 839 3205 883 est
3232 830 3350 883 lidei
3368 831 3468 893 vis)

2075 913 2361 969 Incolumis
2394 930 2581 969 secura
2612 917 2804 972 domus
2830 921 3120 987 spectabile
3148 937 3368 976 coccum

2074 1004 2240 1075 674
2293 1005 2507 1075 Ignibus
2552 1009 2794 1063 adversis
2840 1010 2890 1064 in
2946 1011 3151 1080 signum
3202 1014 3476 1082 sanguinis

3187 1103 3400 1173 [olferL

2509 1188 2597 1243 17.
2630 1186 2868 1263 Samson.

1971 1279 2040 1333 65
2078 1279 2335 1334 Invictum
2370 1281 2565 1334 virtute
2584 1297 2756 1353 coma:
2786 1283 3146 1351 leolrancere
3176 1284 3401 1340 Samson
3483 1286 3486 1291 ’

2074 1373 2423 1440 Aggreditnr;
2454 1383 2612 1428 necat
2640 1375 2732 1430 ille
2752 1376 2918 1428 feram
2945 1363 3072 1430 :sed
3099 1377 3165 1428 ab
3195 1392 3289 1430 ore
3311 1378 3478 1433 leonis

2068 1464 2231 1518 Mella
2262 1464 2459 1520 fluunt:
2490 1466 2705 1520 maxilla
2734 1467 2871 1522 asini
2896 1467 3101 1523 fontem
3132 1469 3297 1523 vomit
3317 1475 3476 1524 ultro.

1526 1575 1811 1631 GLOSSA".
1855 1574 2202 1636 VETERES.

286 1673 377 1728 53.
407 1670 588 1741 Moysi,
621 1685 714 1741 pro
745 1667 952 1741 Moyse,
982 1667 1080 1722 lso.

282 1745 378 1795 54.
413 1738 633 1805 Vit‘reo,
665 1739 853 1800 lucido,
881 1738 982 1791 lso.

286 1812 381 1866 55.
404 1811 664 1874 Septenos
693 1809 890 1871 decies,
919 1807 1236 1878 septuaginta
1258 1850 1271 1871 ,
1304 1806 1406 1864 lso.

288 1883 382 1937 56.
407 1881 615 1946 Pinxit,
650 1880 861 1949 ﬁgurat,
887 1878 924 1930 Ι.
1098 1884 1099 1887 ‘

1956 1668 2055 1789 (62.
2086 1669 2332 1792 ile'relrix
2361 1710 2376 1735 ,
2398 1670 2472 1725 at.
2509 1673 2755 1727 meritrix.
2790 1704 2850 1713 -
2873 1674 3038 1727 Tanta
3071 1673 3189 1728 lidi-i
3222 1676 3328 1733 vis.
3361 1684 3468 1740 est,

1998 1754 2085 1791 era
2111 1780 2126 1792 .
2184 1782 2198 1792 .
3040 1776 3043 1777 7
3113 1780 3123 1791 .

1896 1749 1971 1789 vet
1998 1749 2126 1802 erat,
2162 1749 2198 1795 Ι.
3040 1776 3043 1777 7

1973 1807 2060 1863 64.
2095 1809 2281 1878 Οῐΐθτῑ,
2314 1808 2504 1867 scilicet
2530 1814 2715 1882 seipse,
2752 1814 2791 1866 Ι.

1547 1962 2103 2021 COMMENTARIUS.

290 2066 383 2120 5|.
418 2064 539 2118 Vat.
563 2079 595 2117 ιι
620 2076 698 2114 ius
719 2060 855 2124 apud
885 2059 1062 2125 Teol.,
1092 2061 1290 2130 gurgite
1323 2061 1372 2113 in
1395 2060 1512 2123 isto,
1537 2059 1677 2129 quod
1712 2073 1796 2112 re-

222 2136 432 2203 peritur
461 2134 620 2189 etiam
650 2134 701 2184 in
729 2130 914 2184 Vallia.
990 2200 1021 2203 __
1222 2168 1227 2171 _

287 2206 381 2259 52.
399 2204 640 2271 Plerique
666 2211 873 2257 veteres
900 2200 1136 2271 scribunt
1153 2202 1385 2263 conicite,
1407 2215 1510 2254 non
1531 2198 1768 2271 conﬁt-ite
1780 2213 1797 2261 ;

223 2291 338 2342 qua:
360 2286 537 2329 tamen
559 2268 696 2326 nunc
716 2281 802 2327 est
824 2268 1197 2342 orthographia
1229 2272 1578 2342 cmnnnmior.
1603 2270 1719 2342 Vat.
1757 2268 1794 2331 I,

225 2338 441 2405 sancite,
472 2354 530 2398 et
549 2357 705 2411 supra
736 2351 806 2404 et,
832 2350 888 2392 ut
911 2341 978 2411 sit
1007 2342 1203 2392 concite
1223 2381 1237 2401 ,
1261 2352 1305 2392 et
1336 2346 1386 2392 in
1409 2338 1627 2393 dulcem.
1664 2340 1796 2392 Bon-

225 2428 394 2476 gars..
425 2414 660 2471 Concite,
701 2420 745 2464 et
788 2412 840 2461 in
862 2410 1338 2480 dulces_rertentur
1375 2426 1551 2480 amara
1573 2426 1796 2480 sapores.

225 2484 532 2553 Legendum
557 2481 809 2552 conjicite.
836 2479 1016 2542 [θέλω-η
1041 2477 1307 2549 Conjicite,
1330 2481 1381 2532 in
1405 2477 1800 2534 dulces‘v'erten-

227 2564 310 2605 tur
331 2570 517 2607 amara
541 2567 772 2621 sapores.
1022 2620 1057 2621 η
1134 2569 1141 2576 ·
1206 2574 1213 2579 ν

230 2628 237 2633 “
289 2623 506 2677 Titulus
542 2617 612 2675 14
652 2623 705 2675 in
739 2622 853 2674 Vat.
900 2621 976 2682 Β.
1012 2620 1183 2674 Helim
1213 2619 1353 2673 locus
1399 2625 1452 2673 in
1492 2634 1677 2673 nenia.
1730 2617 1802 2672 Ita

226 2696 383 2746 Alex.
415 2733 430 2756 ,
460 2694 590 2747 Mar.
612 2735 629 2759 ,
661 2700 714 2746 et
745 2691 860 2743 Vat.
888 2692 904 2745 l
935 2706 1054 2745 cum
1087 2689 1316 2744 Weitzio
1343 2700 1396 2743 et
1423 2690 1560 2742 aliis.
1602 2688 1719 2741 Rat.
1753 2698 1805 2742 et

225 2763 460 2825 'lhuan.,
490 2762 661 2816 Helim
687 2763 832 2814 lucus
858 2761 911 2813 in
927 2777 1108 2814 eremo.
1143 2759 1331 2823 Aldus,
1367 2760 1442 2811 De
1469 2775 1538 2812 xu
1580 2760 1805 2828 fontibus

226 2844 269 2887 et
317 2848 461 2886 Lxxx
507 2832 706 2903 palmis,
740 2832 1058 2903 (legendum
1094 2826 1589 2903 1.xx)_.__t_3i.~elinus,
1616 2826 1806 2903 fontes
1854 2830 1861 2835 ’

228 2898 516 2965 duodecim,
540 2912 584 2954 et
618 2898 805 2971 palma:
824 2898 1343 2971 'septnagiu'aaVide
1368 2914 1487 2965 cap.
1518 2914 1584 2951 xv
1616 2898 1804 2971 Exodi.

295 2974 388 3028 53.
427 2968 628 3035 Aldus,
649 2971 782 3024 Mosi
809 2970 937 3022 duce
959 2986 978 3034 ;
1000 2971 1113 3035 alii,
1148 2970 1287 3023 Mose
1314 2975 1457 3030 duce,
1486 2982 1579 3022 aut
1608 2968 1803 3038 Moyse.

229 3042 377 3096 Teol.
396 3084 409 3100 .
442 3042 608 3113 Moysi
637 3041 789 3113 duce,
812 3041 993 3113 nescio
1017 3057 1084 3093 an
1117 3042 1237 3113 data
1267 3055 1450 3113 opera.

297 3114 387 3167 55.
416 3109 585 3167 Aldus
612 3112 850 3165 ediderat
871 3111 959 3179 qui
992 3111 1231 3179 mysticus
1248 3109 1418 3172 wlim;
1447 3109 1679 3164 correxit
1724 3110 1810 3177 qui

230 3185 469 3252 mysticus
496 3182 615 3234 olim
654 3196 672 3234 :
725 3181 1059 3252 praestitisset
1088 3194 1192 3252 non
1222 3182 1525 3252 emendare.
1561 3179 1811 3252 scribenf

231 3249 355 3315 dum
391 3251 607 3322 quidem
639 3260 722 3304 cst
746 3249 934 3322 Allelim
964 3265 982 3303 :
1014 3250 1289 3322 sed;Egm.
1319 3249 1476 3322 habet
1523 3251 1692 3322 (vlint;
1721 3250 1809 3303 alii

233 3319 578 3391 Elim,'quod
617 3320 909 3390 amplector
945 3333 1066 3375 cum
1094 3319 1249 3390 Vulg.
1290 3320 1416 3374 edit.
1446 3334 1611 3374 sacrte
1666 3320 1812 3374 Scri-

268 3403 420 3448 tunc.

230 3407 595 3532 mag-Em"
621 3460 780 3532 locus.
807 3459 978 3532 Ratio
1002 3459 1170 3532 metri
1196 3460 1436 3532 postulat
1455 3458 1619 3513 lucus.
1665 3458 1806 3528 Apo-

230 3533 455 3587 stolicus
469 3527 735 3586 vnumerus
759 3531 812 3584 in
841 3530 1123 3584 duodecim
1149 3527 1380 3583 fontibus
1401 3531 1636 3598 signatus
1662 3545 1678 3594 ;
1709 3527 1806 3582 nu-

230 3617 420 3657 merus
463 3602 862 3665 discipulorum,
918 3600 1008 3666 qui
1047 3598 1439 3665 quodammodo
1479 3600 1803 3667 apostolicus

229 3683 411 3740 potest
460 3671 712 3739 appell.-ri
737 3712 751 3734 ,
800 3675 851 3722 in
882 3673 1072 3737 palmis
1112 3668 1470 3740 septuaginta.
1501 3670 1555 3722 ln
1586 3669 1805 3737 Vulgata

228 3739 447 3812 quidem
483 3742 671 3809 legitur
696 3779 710 3799 ,
739 3741 1069 3808 septuaginta
1108 3740 1243 3812 duos
1273 3739 1437 3791 fuisse
1466 3740 1759 3806 discipulos
1788 3755 1803 3791 :

227 3808 321 3867 sed
359 3815 413 3865 in
464 3808 605 3865 textu
643 3826 816 3878 gnecti
842 3812 1015 3862 solum
1043 3818 1126 3861 est
1152 3808 1491 3879 ἐϐδομήκοντα
1523 3847 1539 3867 .
1594 3819 1806 3879 septua-

224 3884 382 3947 ginta
408 3898 425 3937 :
451 3882 517 3935 de
533 3895 635 3950 qua
659 3881 1016 3934 controversia
1050 3879 1168 3932 vide
1193 3878 1514 3950 lirugensein
1543 3878 1607 3930 ad
1635 3894 1751 3950 c.-ip_.
1773 3894 1802 3931 x

228 3951 420 4017 Lucae,
451 3948 592 4006 vers.
620 3952 641 4003 1
672 3989 688 4013 ,
723 3963 776 4003 et
822 3950 1036 4003 critieos
1079 3963 1281 4003 sacros.
1326 3948 1432 4001 Nos
1456 3948 1699 4016 Vulgata:
1733 3948 1809 4002 le‘

229 4025 469 4077 stionem
495 4021 844 4091 praeferimus,
870 4018 1525 4091 eta‘l’rudentioaliisque
1547 4022 1805 4091 minorem

230 4087 519 4146 numerum
570 4090 760 4159 negligi
798 4088 1242 4159 deleudimusLS.
1292 4087 1585 4141 lldel'onsus
1627 4103 1744 4156 cap.
1774 4088 1807 4142 9

228 4163 299 4217 de
324 4163 523 4217 Itinere
546 4158 772 4221 deserti,
803 4168 947 4212 tomo
974 4158 993 4211 l
1021 4159 1122 4212 PP.
1157 4158 1532 4212 Toletanorum
1554 4199 1568 4220 ,
1592 4173 1645 4227 p.
1678 4160 1802 4220 256,

232 4232 371 4286 lude
398 4233 596 4285 venitur
622 4231 688 4282 ad
725 4230 988 4282 duodecim
1015 4229 1176 4298 fontes
1198 4244 1442 4295 aquarum
1470 4228 1729 4290 dulcium,
1759 4238 1807 4281 et

228 4304 559 4372 septuaginta
587 4300 904 4372 palmarum,
935 4298 1212 4372 qutenobls
1227 4298 1522 4372 ostendunt
1540 4300 1806 4372 duodecim

228 4369 497 4438 rpostolos
518 4411 534 4434 ,
570 4381 615 4424 et
654 4370 972 4438 septuaginta
1014 4369 1292 4437 discopulos
1320 4408 1336 4431 ,
1365 4379 1472 4433 etc.
1500 4369 1580 4421 Ali
1601 4393 1612 4415 ο
1650 4369 1809 4423 habet

230 4442 558 4504 Ildefonsus,
585 4440 775 4509 quibus
797 4439 1141 4492 ltittochmum
1166 4439 1335 4505 possis
1362 4439 1649 4492 illustrare.
1668 4439 1810 4492 (Iou-

232 4518 313 4567 ler
366 4508 627 4565 Isidorum
652 4548 668 4574 ,
702 4510 901 4575 Qua-st.
937 4524 986 4560 an
1020 4509 1188 4561 Exod.
1217 4524 1334 4575 cap.
1365 4508 1427 4561 21
1453 4551 1467 4574 ,
1504 4519 1557 4561 et
1592 4524 1710 4575 qua:
1739 4523 1803 4562 ex

226 4600 296 4637 eo
320 4581 582 4635 exscribit
599 4580 655 4634 S.
686 4580 939 4633 Martinus
966 4577 1326 4647 Legionensis,
1350 4593 1514 4631 serm.
1545 4579 1580 4630 2
1607 4578 1673 4629 de
1703 4578 1806 4630 Na-

228 4654 323 4707 tali
363 4652 607 4713 Domini,
636 4649 757 4720 §20
780 4692 794 4710 ,
830 4664 956 4720 pag.
975 4649 1077 4720 2b?
1110 4659 1163 4700 et
1183 4662 1321 4715 scq.,
1354 4658 1383 4701 t.
1411 4664 1482 4700 ιη.
1516 4648 1529 4700 Ι
1562 4662 1801 4720 operum,

225 4740 353 4790 qua:
382 4738 447 4775 ex
491 4716 816 4788 autog‘raplio
836 4716 992 4771 uotis
1013 4718 1291 4790 fillustrata
1323 4718 1609 4784 publicavit
1634 4716 1800 4787 Sego-

228 4786 332 4847 via:
363 4791 506 4847 1782
530 4786 981 4845 eminentissimus
1010 4789 1072 4841 D.
1106 4787 1165 4840 1).
1196 4786 1508 4842 Franciscus
1537 4786 1800 4842 Antonius

226 4864 294 4916 de
349 4862 690 4925 Lorenzana,
743 4860 1178 4924 archiepiscopus
1230 4858 1548 4924 Toletaaus,
1607 4861 1803 4925 primas

230 4933 528 5000 Hispaniae.
555 4930 665 4984 suis
691 4930 1021 4995 aliurumque
1049 4928 1258 4996 scriptis
1289 4929 1446 5000 editis
1466 4933 1533 4982 de
1564 4928 1801 4983 Ecclesia

224 4999 801 5056 benemerentissimns
823 5039 839 5063 ,
868 5014 1006 5052 nunc
1030 4999 1202 5065 ipsum
1226 5038 1241 5058 ,
1273 5001 1396 5052 dum
1433 4999 1544 5051 ha-e
1572 5000 1799 5066 edimus,

227 5073 429 5126 merito
452 5087 552 5125 suo
578 5086 641 5122 ac
666 5085 876 5122 summo
904 5069 1139 5121 omnium
1173 5068 1355 5135 plausu
1388 5068 1439 5122 in
1459 5084 1667 5123 sacrum
1687 5085 1806 5123 car-

227 5143 494 5195 dinallum
522 5142 800 5208 collegium
840 5148 1138 5208 cooptatus.

299 5213 363 5265 In
398 5212 553 5265 titulo
585 5203 887 5263 lévlennna
913 5203 1192 5261 Duodecim
1231 5208 1424 5273 lapides
1468 5208 1520 5261 in
1549 5207 1801 5276 Jordane,

224 5283 377 5351 quod
409 5291 581 5334 exstat
606 5279 812 5333 inVatt.
848 5279 959 5351 B_et
989 5278 1232 5351 l,AAlc._\‘.,
1255 5277 1408 5351 Muta,
1429 5279 1800 5351 Ilat.,g'l’hnan.

225 5347 280 5405 ct
333 5352 479 5404 aliis.
529 5352 817 5413 Giselinus,
876 5347 1095 5415 Lapides
1138 5348 1402 5401 duodecim
1452 5349 1506 5400 in
1554 5349 1801 5403 Jordane.

223 5423 435 5479 Aldus.
468 5419 598 5474 Filii
628 5419 791 5473 Israel
811 5417 1092 5471 Iordanem
1108 5426 1368 5470 transeunt
1387 5457 1403 5479 ,
1434 5429 1480 5469 et
1502 5435 1562 5469 et:
1591 5435 1647 5469 ιο
1673 5421 1802 5484 lapi-

223 5498 318 5544 des
351 5492 618 5557 colligunt.
648 5491 781 5544 Vide
801 5504 922 5557 cap.
952 5504 1001 5541 tv
1023 5489 1203 5549 Josue,
1237 5499 1291 5541 et
1315 5488 1469 5540 Caeli.
1502 5498 1681 5558 nymu.
1720 5489 1797 5549 l2,

224 5577 376 5615 vers.
404 5563 527 5624 ΓΠ,
564 5562 652 5614 ubi
683 5562 901 5625 reﬂuens
946 5558 1111 5629 omnis
1155 5560 1367 5626 dicitur,
1411 5571 1465 5612 et
1508 5559 1797 5629 llatnartig.

225 5646 378 5684 vers.
409 5631 538 5693 482,
572 5632 633 5684 Si
655 5632 784 5695 ripis
809 5628 956 5698 reflui
977 5627 1246 5681 Jordanis.
1454 5674 1459 5680 .

299 5704 395 5754 58.
426 5700 596 5765 Wtd.,
626 5697 871 5771 papulas,
900 5713 1004 5771 non
1035 5698 1188 5771 bene,
1206 5713 1307 5771 pro
1337 5715 1369 5767 p
1405 5698 1555 5771 palis.
1591 5697 1708 5771 Vat.
1742 5699 1802 5760 ιι,

226 5770 384 5829 “aL.
442 5772 596 5831 Mar”
629 5768 783 5834 Prag.
807 5808 825 5833 ,
856 5770 1046 5823 Wcitz.
1079 5808 1092 5831 ,
1128 5768 1256 5823 Urb.
1287 5810 1300 5832 ,
1337 5772 1447 5819 ιω.
1500 5769 1552 5831 l,
1581 5769 1799 5836 reliquit.

1902 2056 2090 2123 Aldus,
2125 2056 2307 2123 Alex.,
2339 2059 2452 2112 Gis.
2485 2069 2538 2113 et
2566 2059 2689 2122 alii,
2721 2060 2979 2125 relinquit.

1970 2125 2059 2181 60.
2106 2127 2275 2200 Sinin,
2308 2129 2570 2200 Giselsad
2619 2144 2789 2193 oram,
2824 2129 3016 2200 Faltr.,
3072 2128 3262 2198 Egm.,
3309 2130 3470 2200 Bong.

1901 2211 2080 2268 supra,
2108 2199 2175 2268 ad
2203 2201 2441 2268 formam.
2475 2199 2644 2266 Vall.,
2676 2201 2729 2252 in
2761 2198 2946 2268 forma;

1972 2266 2211 2337 .Titulns'
2240 2269 2304 2322 16
2327 2308 2341 2331 ,
2395 2269 2587 2324 Domus
2649 2266 2791 2325 Raab
2840 2269 3119 2322 meretricis
3144 2310 3158 2332 ,
3219 2269 3426 2323 Thuau.
3457 2311 3473 2337 ,

1906 2336 2051 2389 Raab
2071 2340 2331 2393 meretrix.
2356 2339 2645 2398 Giselinus.
2678 2340 2870 2393 Domus
2898 2338 3100 2394 Ila/tab.
3120 2339 3305 2402 Aldus,
3336 2336 3486 2394 llaab‘

1902 2405 1954 2460 in
1983 2405 2193 2478 Hierico
2214 2410 2557 2475 speculatores
2581 2412 2786 2478 recepit.
2805 2411 2936 2477 Cap.
2965 2425 3001 2463 ιι
3031 2409 3210 2463 Josuc.

1976 2477 2065 2531 6|.
2095 2477 2243 2544 Ald.,
2272 2479 2454 2548 Fabr.,
2488 2478 2657 2535 Gisel.
2686 2481 2750 2533 ad
2780 2495 2946 2548 marg.
2967 2519 2981 2544 ,
3005 2480 3115 2533 sola
3139 2489 3338 2543 astant;
3371 2497 3475 2536 me.

1905 2547 2006 2601 lius
2036 2549 2226 2619 reliqui
2258 2551 2368 2602 sola
2401 2547 2554 2604 stant.
2581 2549 2854 2605 Giselinus
2883 2547 3056 2604 simile
3098 2550 3198 2619 hoc
3229 2559 3376 2619 putat
3412 2552 3476 2605 li-

1904 2618 2095 2672 centia:
2131 2618 2206 2672 illi
2257 2621 2338 2673 via
2362 2619 2496 2678 sicca
2524 2622 2676 2673 eremi
2704 2635 2863 2688 supra
2912 2634 3052 2673 vers.
3083 2618 3184 2683 45,
3223 2621 3314 2674 sed
3348 2623 3476 2675 falli-

1907 2695 2039 2810 turii
2056 2703 2175 2769 nam
2199 2689 2269 2744 ob
2284 2698 2329 2742 st
2346 2689 2594 2745 dictionis
2617 2691 2889 2760 sequentis
2918 2690 3316 2761 vocalis'brevis
3335 2706 3478 2760 saepe

1911 2772 2005 2810 1)Γο
2047 2768 2233 2810 ιιςιιιιιι.

1911 2768 2233 2826 prouucntur.

1978 2826 2066 2881 δὲ.
2101 2829 2349 2884 Nonnulli
2391 2831 2589 2899 antiqui
2628 2830 2869 2885 scribunt
2904 2830 3156 2883 meritrir.
3210 2827 3478 2887 Giselinus

1912 2906 2095 2965 putat.
2128 2913 2282 2967 posse
2313 2901 2453 2955 hunc
2486 2916 2697 2955 versum
2726 2913 2908 2955 contra
2955 2900 3191 2953 omnium
3233 2900 3478 2955 codicum

1912 2967 2068 3024 tidem
2098 2968 2169 3022 ita
2199 2970 2410 3035 invetti,
2441 2972 2513 3024 t'is
2544 2978 2686 3024 tanta
2713 2971 2832 3038 ﬁdei
2854 2979 2946 3033 est,
2980 2971 3221 3038 quamvis
3252 2968 3475 3023 Pruden-

1913 3039 2014 3109 tius
2064 3037 2183 3109 aliis
2235 3041 2288 3094 in
2346 3040 2478 3095 locis
2527 3037 2741 3109 semper
2794 3037 3080 3094 secundant
3137 3040 3477 3101 corripuerit.

1910 3107 2106 3176 Scripti
2137 3119 2465 3174 consutnter,
2499 3107 2659 3163 tanta
2681 3120 2751 3164 est
2780 3111 2901 3178 ﬁdei
2942 3114 3014 3162 vis
3041 3151 3054 3175 ,
3089 3118 3313 3177 excepto
3355 3110 3477 3165 ϐοι-

1912 3178 2102 3243 dasto,
2159 3179 2248 3248 qui
2294 3183 2347 3233 in
2397 3181 2631 3234 manuali
2659 3181 2853 3235 biblico
2895 3180 3023 3248 legit
3068 3188 3208 3232 tanta
3237 3178 3358 3246 ﬁdei
3385 3183 3478 3235 vis.

1915 3247 2163 3302 Paulinus
2179 3247 2293 3304 non
2334 3251 2500 3305 semel
2528 3250 2813 3304 secundam
2850 3249 3127 3316 produxit,
3155 3258 3210 3303 et
3239 3248 3289 3300 in
3321 3266 3380 3305 re
3405 3253 3481 3304 si-

1916 3318 2136 3372 millima
2174 3334 2339 3374 carm.
2385 3320 2452 3374 de
2478 3320 2536 3376 S.
2567 3320 2771 3374 Joanne
2801 3321 2951 3389 Bapt.
2987 3321 3143 3373 habet
3171 3335 3186 3372 :
3214 3319 3481 3374 Auscultat

1915 3398 2033 3442 nato
2053 3390 2272 3453 qenitria:
2302 3390 2397 3460 (vis
2426 3399 2566 3443 tanta
2592 3388 2760 3460 ﬁdei).
2795 3388 3130 3456 lta'legerem
3162 3388 3212 3441 in
3247 3388 3482 3460 Pruden~

1908 3460 2006 3524 tio,
2036 3460 2079 3512 si
2111 3459 2454 3527 aliquandois
2476 3476 2503 3514 e
2525 3461 2575 3514 iu
2612 3460 2734 3528 ﬁdei
2758 3460 3112 3525 produxisset,
3137 3467 3227 3512 aut
3247 3459 3291 3512 si
3316 3476 3481 3515 mem-

1910 3530 2090 3599 branae
2114 3540 2440 3597 paterentur.
2471 3530 2692 3585 Carolus
2712 3531 2941 3599 Congius
2966 3529 3219 3584 Adnotat.
3248 3530 3301 3581 in
3333 3529 3478 3585 ollic.

1909 3598 2081 3653 Cicer.
2124 3598 2306 3652 laudat
2336 3601 2727 3654 hemistichium
2772 3599 3043 3669 Prudentii
3085 3599 3303 3667 levisque
3338 3601 3479 3669 ﬁdei,

1912 3676 1968 3721 et
1995 3669 2340 3736 reprehendit
2372 3672 2567 3725 sciolos
2590 3711 2605 3732 ,
2633 3672 2721 3739 qui
2752 3672 2865 3723 ausi
2897 3668 3004 3722 sint
3032 3668 3115 3739 ita_
3134 3679 3338 3723 lllﬂlJl‘ﬂ
3358 3672 3481 3738 ﬁdei

1908 3754 2101 3807 quoque
2120 3739 2317 3807 plenus.
2354 3741 2408 3791 ln
2440 3737 2688 3806 operibus
2710 3754 2827 3807 qua:
2851 3747 3068 3807 exstant-
3089 3737 3363 3792 Prudentii
3386 3742 3482 3793 hu-

1905 3806 2137 3874 jusmodi
2160 3809 2546 3874 hemistichium
2571 3824 2676 3861 non
2695 3815 2985 3874 comparet.
3006 3806 3320 3862 Parrhasius
3335 3825 3472 3862 vers.

1908 3870 2015 3934 128
2062 3878 2328 3932 Passionis
2369 3870 2589 3931 Romani
2637 3882 2765 3946 legit
2807 3870 2966 3931 Aliter
3004 3878 3284 3945 prerabor,
3328 3895 3481 3948 quam

1898 3948 2031 4014 ‘ﬁdei
2050 3958 2102 3999 ut
2124 3949 2334 4001 militent
2365 3964 2384 4001 :
2411 3949 2502 4003 sed
2533 3951 2716 4014 scripti
2749 3958 2804 4002 et
2831 3948 2917 4000 alii
2947 3948 3073 3999 editi
3097 3961 3229 4013 quos
3261 3948 3360 4001 vidi
3389 3950 3482 4003 ha.

1913 4012 2035 4070 bent
2055 4018 2225 4084 ﬁdele.
2257 4018 2336 4071 lso
2360 4020 2496 4087 apud
2529 4012 2845 4071 Goldaswnt
2871 4018 2923 4071 in
2961 4012 3150 4085 glossis
3183 4015 3309 4083 legit
3337 4030 3479 4073 tanta

1911 4087 2029 4152 ﬁdei
2056 4089 2128 4140 eis
2151 4127 2166 4150 ,
2210 4098 2300 4141 aut
2330 4090 2402 4142 vis
2431 4098 2573 4142 tanta
2611 4088 2750 4156 ﬁdei,
2787 4103 2905 4141 nam
2934 4086 3081 4139 addit
3111 4095 3206 4149 est,
3255 4088 3333 4141 uel
3376 4100 3484 4144 erat

1913 4171 2008 4227 pro
2045 4157 2242 4227 glossa.
3460 4194 3464 4207 .

1980 4226 2067 4302 ϐξ».
2097 4226 2311 4302 Weitz._,
2343 4227 2465 4282 Ald.
2492 4269 2506 4291 ,
2540 4229 2693 4302 Gis._,
2726 4227 2864 4281 Vall.
2884 4236 2991 4302 ,_et
3014 4228 3099 4283 alii
3139 4233 3279 4302 vulg.
3299 4271 3315 4294 ,
3342 4230 3486 4302 inco-

1911 4296 2039 4349 lumi
2062 4313 2240 4351 secura
2270 4300 2443 4367 domo,
2465 4313 2586 4352 cum
2615 4299 2769 4351 Alex.
2802 4312 2829 4350 a
2854 4297 3019 4364 prima
3046 4296 3485 4359 manuCGoldas-

1912 4379 2020 4432 tus,
2052 4382 2081 4419 a
2115 4367 2339 4422 Weitzio
2370 4367 2612 4422 laudatus
2635 4410 2649 4430 ,
2681 4367 2796 4422 Vat.
2822 4367 2893 4427 Β.
2928 4367 3079 4434 Urb.,
3112 4373 3254 4436 Ilat.,
3293 4371 3422 4425 Mar.
3453 4388 3484 4425 a

1912 4436 2080 4503 prima
2122 4453 2279 4491 manu
2306 4478 2323 4504 ,
2352 4437 2623 4492 incolumis
2663 4454 2839 4491 secura
2869 4436 3079 4498 domus.
3109 4450 3164 4494 et
3206 4441 3256 4494 in
3295 4440 3411 4493 Vat.
3447 4442 3485 4493 lt

1909 4507 2086 4572 glossa
2131 4508 2311 4561 domus
2348 4524 2456 4579 esse
2484 4510 2793 4579 genitivum,
2829 4516 2886 4561 ut
2916 4511 3268 4579 intelligamus
3290 4548 3306 4570 ,
3339 4509 3485 4563 Raab

1911 4590 2030 4648 esse
2059 4591 2300 4632 securam
2330 4578 2518 4633 domus
2547 4578 2825 4644 incolumis
2852 4616 2866 4640 ,
2897 4578 2982 4648 vel
3008 4578 3149 4648 quod
3176 4579 3368 4632 domus
3397 4580 3482 4631 in-

1911 4646 2137 4700 columis
2162 4658 2303 4702 esset
2330 4648 2613 4703 servanda.
2647 4648 2701 4701 In
2735 4647 2888 4716 Prag.
2910 4687 2924 4710 ,
2955 4645 3238 4703 Incolumis
3260 4692 3274 4710 ,
3303 4663 3482 4702 secura

1830 4694 1882 4754 θ
1907 4716 2088 4779 domo,
2117 4719 2258 4785 quod
2292 4718 2447 4771 ha'hct
2482 4721 2610 4772 Mar.
2651 4735 2678 4769 a
2712 4694 2941 4773 seculiulya
2976 4734 3153 4772 manu.
3190 4694 3480 4786 Sp'ectabile

1902 4802 2109 4839 coccum
2128 4796 2277 4839 vocat
2305 4797 2455 4854 poeta
2487 4786 2775 4842 funiculum
2805 4789 3131 4852 coccineum,
3161 4805 3264 4857 quo
3291 4803 3483 4854 specu-

1904 4856 2105 4980 i'atores
2130 4873 2159 4910 e
2189 4860 2417 4913 fenestra
2443 4860 2685 4926 suSpensi
2714 4859 2926 4913 luerunt
2949 4876 2962 4911 :
2989 4859 3057 4912 de
3086 4856 3189 4926 quo
3230 4872 3348 4924 cap.
3382 4871 3475 4912 cit.

1939 4943 2085 4980 usue.
2698 4970 2701 4975 .
3404 4966 3407 4973 .

1939 4943 2085 4981 05110.
2698 4970 2701 4975 .
3404 4966 3407 4973 .

1902 5032 1905 5035 -
1987 4997 2192 5050 Titulus
2223 4996 2308 5051 17.
2343 4998 2462 5050 Ald.
2488 5038 2503 5062 ,
2560 4997 2675 5051 Vat.
2708 4998 2746 5051 Β
2771 5039 2785 5060 .
2820 4998 2977 5054 Μαι..
3031 4997 3174 5057 Rau.
3231 4997 3476 5055 Samson.

1911 5068 1966 5120 In
1999 5066 2228 5133 Thuan.,
2264 5068 2482 5122 Samson
2503 5070 2695 5121 leonem
2722 5079 2886 5121 necat.
2922 5065 3059 5130 Gis.,
3094 5067 3308 5131 Wcitz.,
3337 5070 3484 5124 Sam-

1909 5138 2049 5191 sortis
2075 5139 2104 5190 ι.
2124 5155 2172 5191 o.
2203 5141 2255 5191 In
2292 5138 2407 5192 Vat.
2442 5144 2481 5191 Α
2510 5138 2842 5192 desideratur
2872 5139 2971 5190 hoc
3002 5139 3372 5206 tetrastichon,
3403 5142 3477 5194 uti

1911 5210 2070 5261 etiam
2099 5211 2148 5263 in
2177 5207 2295 5263 Vat.
2333 5210 2370 5262 I.
2405 5208 2593 5261 Deerat
2631 5223 2838 5277 quoque
2868 5209 2917 5259 iu
2942 5208 3125 5268 Alex..
3173 5211 3265 5261 sed
3297 5211 3474 5277 subje-

1908 5289 2052 5331 ctum
2084 5288 2166 5333 est
2194 5279 2243 5331 in
2276 5282 2377 5333 line
2404 5280 2628 5346 paginzc.
2661 5278 2905 5331 Barthius
2935 5277 3222 5331 Prudentia
3268 5280 3474 5347 utljndi-

1906 5347 2132 5401 eandu-n
2162 5359 2376 5413 «enset,
2406 5349 2648 5416 quamvis
2686 5349 2737 5401 in
2767 5364 2865 5402 suo
2888 5348 3075 5401 codice
3105 5349 3232 5401 illud
3266 5366 3369 5401 non
3402 5354 3482 5403 iu-

1910 5424 2134 5471 venerit.
2188 5420 2352 5471 Abest
2396 5429 2651 5483 praeterea
2696 5421 2763 5471 ab
2808 5421 2955 5483 Eum.
3013 5426 3068 5473 et
3125 5418 3290 5471 Palat.
3342 5422 3480 5487 apud

1911 5487 2213 5542 Weizium.
2247 5489 2474 5549 Historia
2506 5489 2744 5556 exposita
2775 5500 2913 5559 patet
2952 5504 3070 5557 cap.
3101 5504 3184 5542 xiv
3214 5496 3268 5541 et
3295 5506 3361 5543 xv
3390 5492 3482 5544 Ju-

1910 5559 2107 5612 dicum.

1977 5628 2064 5681 67.
2094 5626 2238 5687 Ald..
2270 5627 2482 5692 Weitz.,
2511 5626 2717 5690 llcins.,
2750 5628 2825 5683 'l‘e
2846 5629 2925 5695 .|.,
2958 5634 3148 5697 asime;
3179 5632 3290 5693 alii,
3322 5632 3475 5693 asini,

1908 5698 2048 5767 quod
2075 5712 2250 5750 venus
2279 5709 2364 5770 cst
2392 5716 2403 5749 :
2436 5714 2554 5749 nam
2594 5715 2735 5767 stupe
2762 5702 2810 5753 in
2841 5701 2939 5754 hoc
2967 5704 3080 5757 loco
3110 5717 3259 5756 sacra
3293 5702 3479 5770 pagina

1909 5770 2127 5830 asinum,
2156 5782 2259 5821 non
2289 5768 2487 5819 asinam
2520 5779 2691 5823 Vocat.
