4066 6296
156 306 262 366 129

339 418 528 488 Atque
551 419 747 475 avidus
777 418 908 485 vini,
942 417 1110 473 multo
1142 431 1203 474 se
1232 420 1436 489 proluit
1464 421 1680 489 haustu,

341 509 688 566 Gemmantis
714 520 914 580 patera:
943 511 1171 580 spumis,
1212 519 1497 576 mustoque
1539 513 1769 569 Falerno

337 602 1093 673 708Perfundensbijugum
1109 603 1340 658 rorantia
1355 612 1498 673 terga
1514 605 1764 660 ferarum.

345 695 444 754 [lis
465 709 610 749 nunc
635 710 732 764 pro
755 694 964 750 meritis
987 695 1197 749 Baccho
1212 709 1374 765 caper
1390 695 1637 751 omnibus
1659 699 1768 754 aris

166 784 265 840 150
345 785 611 852 Caeditur,
645 793 699 839 et
741 784 938 840 virides
977 784 1289 842 discindunt
1326 801 1423 842 ore
1452 787 1760 858 chelydros,

347 877 454 945 Qui
501 864 778 933 Bromium
811 877 1025 948 placare
1075 878 1262 934 volunt
1289 873 1477 951 :‘qnod
1511 889 1564 935 et
1615 881 1763 936 ebria

1417 971 1545 1043 [jam
1571 981 1695 1042 tunc

350 1065 496 1118 Ante
524 1062 718 1116 oculos
748 1063 888 1132 regis
911 1070 1212 1133 satyrorum
1241 1063 1449 1118 insania
1479 1062 1622 1130 fecit,

351 1157 418 1209 Et
441 1154 635 1210 fecisse
663 1168 789 1209 reor
830 1154 1065 1209 stimulis
1101 1153 1384 1209 furialibus
1413 1157 1554 1224 ipsas

351 1245 642 1312 Maenadas,
680 1245 1043 1301 inﬂammante
1079 1261 1229 1302 mero
1280 1247 1330 1301 in
1385 1247 1562 1302 scelus
1607 1262 1767 1303 omne

1429 1340 1675 1411 [rotatas

1277 309 1475 372 LIBER
1516 310 1535 366 1
1574 311 1849 369 CONTRA
1887 312 2334 372 SYMMACHUM.

3337 329 3442 386 150

1797 425 1984 488 A155
2059 426 2218 498 709
2250 426 2359 482 lloc
2406 428 2839 488 circumsaltante
2881 435 3086 504 choro,
3129 439 3454 499 temulentus

3153 529 3388 602 [adulter

2052 613 2264 668 lnvenit
2291 616 2593 683 expositum
2638 619 2833 675 secreti
2863 621 2915 676 in
2947 620 3144 678 littoris
3173 633 3290 680 acta

2050 707 2306 774 Corporis
2356 710 2554 777 egregii
2587 722 2858 768 scortum:
2893 715 3042 783 quod'
3082 717 3315 786 perlidus
3346 719 3453 775 illic

2051 796 2305 865 Liquerat
2326 797 2751 870 incestojuvenis
2779 805 3000 861 satiatus
3028 822 3231 864 amore.

2055 888 2201 945 Hanc
2223 889 2377 960 jubet
2401 902 2729 963 assumptam
2763 896 2977 954 fervens
3006 910 3123 969 post
3145 902 3264 956 vina
3305 903 3453 960 Neze-

3267 1012 3377 1051 rant

1881 1075 1983 1132 110
2055 1074 2249 1132 Secum
2277 1077 2329 1132 in
2354 1077 2560 1134 deliciis
2593 1080 2851 1138 ﬂuitantis
2873 1093 3016 1140 stare
3045 995 3340 1158 triumpiiia:

2055 1168 2413 1240 Regalemque
2440 1171 2604 1226 decus
2626 1173 2815 1242 capitis
2836 1184 3048 1243 gestare
3063 1193 3339 1234 coronam.

2052 1259 2174 1313 Mox
2205 1260 2519 1315 Ariadnaeus
2541 1263 2712 1318 stellis
2739 1264 3047 1320 caelestibus
3078 1268 3214 1335 ignis

2054 1348 2281 1406 Additur
2308 1369 2320 1406 :
2348 1351 2448 1407 hoc
2479 1356 2711 1422 pretium
2741 1356 2915 1411 noctis
2959 1359 3214 1427 persolvit
3248 1361 3448 1419 honore

1479 1477 1766 1533 GLOSS/E
1809 1478 2140 1539 VETERES.

239 1569 367 1624 1‘27.
400 1571 595 1637 Musto,
623 1584 772 1623 novo.
801 1597 870 1609 --
898 1567 1147 1634 Falerno,
1181 1582 1324 1622 mons
1350 1568 1451 1622 vini
1479 1570 1655 1640 optimi
1681 1571 1758 1639 [e-

171 1657 286 1704 rax,
322 1642 362 1694 Ι.
869 1660 878 1671 ·

242 1711 368 1768 19-8.
401 1711 749 1776 Perfundens,
774 1709 1007 1782 jactabat
1031 1711 1203 1765 vinum
1221 1711 1274 1764 in
1294 1726 1462 1780 equos.
1497 1710 1758 1782 —7Fera-

172 1798 317 1846 rum,
352 1800 471 1836 nam
504 1782 712 1853 tigrides
744 1781 797 1835 in
827 1797 981 1834 curru
1008 1784 1118 1851 ejus
1147 1797 1254 1837 esse
1279 1785 1536 1853 feruntur,
1569 1781 1610 1836 l.

243 1853 370 1908 129.
396 1852 590 1924 Caper,
617 1853 740 1924 quia
761 1853 1046 1924 contrarius
1070 1859 1143 1906 est
1174 1852 1440 1924 vitibus,ul.

249 1923 373 2048 15?.
421 1921 753 1988 Di'scind’unt,
803 1921 1055 1976 mordent.
1101 1951 1170 1962 —
1196 1922 1514 1993 Chelydros,
1548 1939 1758 1996 serpen-

195 2010 282 2056 αν
326 2010 366 2050 ιο

247 2065 374 2119 151.
407 2064 699 2129 Bromium,
730 2063 967 2119 Bromius
1005 2063 1235 2120 minister
1268 2065 1366 2134 fuit
1403 2065 1596 2119 Liberi.
1630 2064 1762 2119 Bro-

177 2137 334 2200 mius,
366 2135 419 2186 id
448 2145 520 2188 est
543 2134 792 2202 Bacchus,
836 2153 869 2190 a
911 2135 1105 2201 bromo,
1150 2135 1204 2188 id
1243 2145 1316 2190 est
1341 2136 1588 2202 cellario;
1627 2137 1766 2190 vela

179 2207 376 2276 bruma,
399 2205 456 2259 in
478 2223 580 2275 qua
615 2207 832 2260 multum
855 2207 1168 2269 comeditur;
1193 2207 1277 2260 cui
1305 2207 1460 2260 etiam
1488 2221 1639 2276 caper
1661 2208 1756 2262 int-

177 2274 427 2346 molatur,
457 2274 578 2346 quia
607 2277 764 2330 vineis
787 2277 935 2331 valde
963 2286 1128 2340 nocet,
1155 2277 1196 2331 1.

248 2345 374 2419 152.
393 2345 741 2419 Satyrorum,
772 2348 933 2419 satyri
976 2348 1157 2402 rustici
1184 2357 1325 2416 sunt,
1356 2363 1414 2402 eo
1442 2347 1580 2419 quod
1621 2355 1766 2401 satu-

177 2417 284 2490 reri
317 2416 524 2471 libidine
548 2428 830 2490 nequeunt;
857 2416 932 2472 vel
956 2425 1137 2488 poeta,
1168 2419 1255 2490 qui
1276 2416 1535 2488 nunquam
1558 2421 1764 2490 sapien-

177 2488 251 2541 tia
280 2496 602 2555 saturantur,
630 2489 669 2543 1.

248 2559 376 2614 154.
409 2558 690 2630 Manadas,
722 2560 960 2628 feminas,
1007 2575 1120 2630 quis
1145 2569 1191 2614 et
1225 2559 1464 2626 Bacchae,
1497 2561 1552 2614 id
1579 2567 1654 2615 est
1678 2559 1763 2614 in-

180 2630 463 2701 sanientes;
483 2659 553 2671 —
579 2629 817 2701 Botatas,
849 2629 1221 2701 pracipitatas,
1256 2631 1296 2685 1.

250 2700 379 2755 135.
420 2699 791 2766 Temulentus,
828 2699 860 2755 ιι
889 2699 1092 2770 temeto,
1120 2701 1176 2755 id
1207 2709 1282 2756 est
1309 2702 1424 2757 vino
1450 2703 1681 2773 antiquo.
1715 2701 1752 2754 Ι.

1941 1576 2063 1630 156.
2105 1577 2268 1642 Acta,
2299 1578 2351 1655 in
2384 1576 2671 1655 viriditate;
2693 1583 2958 1655 amoenitas
2990 1585 3256 1650 littorum;
3291 1598 3405 1642 acta
3428 1631 3444 1655 ,

1871 1645 1982 1698 loca
1996 1663 2228 1725 arenosu,
2247 1649 2321 1701 vel
2333 1645 2565 1704 amoma}?
2579 1667 2696 1703 nam
2708 1668 2843 1706 sorr.
2856 1651 2897 1706 G
2906 1657 3024 1708 νιετὶ
3036 1656 3208 1709 dicunt
3232 1645 3444 1725 littus,|:

1788 1753 1837 1814 Β
1863 1717 2167 1782 αηιωηίιαιε,
2184 1718 2303 1773 Rat.

1936 1788 1958 1814 l
1975 1789 2037 1814 2⁵1
2099 1788 2249 1814 ΕΔΑ-ι
2260 1807 2303 1814 ...

1936 1788 2059 1864 157.
2099 1788 2374 1864 SCOIle,
2410 1789 2683 1864 Neaeram,
2720 1791 2760 1845 1.
2793 1794 3104 1864 Ariadnem,
3147 1797 3308 1864 ﬁliam
3338 1799 3442 1854 Mi-

1865 1859 1997 1930 nois,
2026 1875 2181 1930 quam
2217 1859 2438 1914 Theseus
2467 1861 2769 1930 reliquerat,
2804 1862 2923 1918 Vat.
2957 1863 3021 1918 A.

1943 1928 2064 1984 158.
2112 1929 2348 1994 lncesto,
2383 1928 2582 1995 illicito,
2615 1933 2690 1984 vel
2723 1933 2948 1998 polluto,
2989 1935 3090 1988 lso.

1941 1999 2066 2055 159.
2098 1999 2361 2063 Neaeram,
2385 2001 2619 2068 pellicem
2645 2001 2722 2057 vel
2751 2004 3103 2069 concubinam,
3140 2003 3180 2060 1.
3208 2005 3444 2063 Neutrum

1869 2068 2018 2133 dixit,
2041 2071 2188 2138 quasi
2209 2086 2524 2124 communem
2548 2074 2766 2124 amicam
2781 2112 2797 2136 ,
2818 2074 2937 2128 Rat.

1942 2138 2064 2193 112.
2096 2139 2468 2214 Ariadnmus,
2527 2143 2822 2207 Ariadnem,
2864 2155 3034 2196 natam
3075 2145 3264 2200 Minois
3311 2151 3446 2214 regis

1866 2211 2055 2289 (Irette,
2084 2210 2236 2289 Liber
2257 2213 2480 2289 paterin
2505 2205 3047 2289 conjugium'accepit;
3071 2225 3277 2289 propter
3303 2205 3448 2289 cuius

1875 2283 2118 2336 honorem
2162 2281 2294 2334 inter
2336 2288 2476 2355 astra
2522 2281 2823 2355 locataest,
2838 2286 2915 2336 vel
2950 2281 3081 2338 uxor
3109 2285 3278 2339 Liberi
3308 2281 3448 2355 fuit;

1873 2367 2028 2423 quant
2068 2367 2186 2405 cum
2223 2353 2528 2423 accepisset,
2561 2353 2731 2423 attulit
2783 2352 3044 2408 Vulcanus
3097 2352 3365 2420 coronam,
3394 2359 3448 2411 in

1873 2420 1976 2494 qua
2031 2431 2176 2494 erant
2221 2420 2410 2493 septem
2457 2420 2695 2494 lapides:
2747 2440 2902 2493 quam
2951 2423 3101 2480 Liber
3134 2427 3195 2480 ob
3224 2443 3449 2481 amorem

1875 2491 2122 2547 Ariadna:
2161 2492 2212 2544 in
2240 2491 2364 2546 cielo
2391 2491 2692 2546 collocavit:
2719 2491 2872 2551 quam
2911 2498 3063 2550 modo
3096 2513 3174 2551 cor
3198 2513 3334 2550 mam
3363 2498 3449 2551 di.

1875 2511 2122 2547 unauna:
2161 2511 2212 2544 ιη
2240 2511 2364 2546 cum
2391 2511 2656 2546 couocatm
2674 2511 2692 2546 :
2719 2511 2764 2615 qi

1873 2563 2262 2632 cunt.—lgnis,
2295 2579 2460 2630 amor,
2497 2565 2690 2628 minna,
2753 2606 2764 2617 .

1949 2633 2074 2689 145.
2119 2633 2352 2698 Honore,
2395 2642 2600 2704 prapter
2629 2634 2891 2702 honorem,
2924 2636 2964 2690 1.

1543 2791 2106 2850 COMMENTARIUS.

179 2911 318 2962 latus
346 2911 482 2964 enim
505 2907 707 2963 Cretam
736 2925 854 2963 cum
886 2904 1122 2964 semiviro
1169 2909 1440 2974 comitatu,
1474 2914 1651 2962 nactus
1690 2919 1762 2962 est

184 2980 494 3046 impudicam
535 2979 800 3034 mulierem
843 2980 896 3033 in
925 2981 1112 3034 littore.
1153 2979 1380 3034 lmitatio
1425 2979 1657 3034 Maronis
1707 2993 1760 3034 tv

181 3048 394 3107 Eneid.
423 3069 436 3102 ε
471 3052 533 3102 At
562 3067 692 3104 nunc
715 3049 804 3103 ille
834 3049 985 3105 Paris
1010 3065 1123 3103 cum
1151 3050 1383 3104 semiviro
1405 3050 1666 3105 comitatu.

237 3119 378 3180 .126.
413 3119 530 3190 Vat.
557 3120 601 3174 A
626 3135 655 3172 a
683 3121 851 3190 prima
881 3136 1063 3185 manu,
1094 3120 1316 3185 Itastum,
1346 3128 1619 3188 corrupte.

254 3192 378 3244 127.
412 3189 722 3255 Becmanus,
756 3192 809 3245 in
833 3191 1132 3246 Manuduct.
1165 3191 1231 3244 ad
1260 3191 1386 3260 ling.
1408 3190 1522 3244 Lat.
1555 3189 1760 3260 cap.6,

181 3261 422 3314 correxit
453 3266 640 3330 patera:
678 3276 775 3328 pro
815 3271 1004 3331 patere,
1049 3260 1188 3343 quod
1236 3261 1286 3314 in
1315 3259 1584 3343 nonnullis
1613 3259 1759 3329 vulg.

183 3331 446 3385 exstabat.
473 3331 618 3386 Ald..
645 3331 835 3386 Βοιιιι..
868 3331 1054 3386 Torn..
1087 3330 1310 3386 Vthm..
1335 3340 1390 3384 et
1414 3332 1504 3386 alu
1526 3337 1759 3386 veteres.

185 3346 446 3385 exstabat.
473 3346 618 3392 Al0.,
645 3346 835 3402 uong.,
869 3346 1054 3398 't'orn.,
1092 3346 1310 3396 mum.,
1335 3346 1390 3384 et
1414 3346 1504 3386 aut
1526 3346 1760 3396 veteres,

185 3401 365 3471 multo.
418 3400 524 3456 Sed
549 3400 728 3455 verius
753 3402 962 3456 videtur
1000 3412 1163 3456 musto
1193 3401 1407 3456 Heinsio
1427 3416 1547 3455 cum
1575 3401 1760 3471 Egm.,

185 3469 426 3536 Cauch.,
467 3471 595 3541 quia
635 3482 983 3540 prmeesserat
1035 3471 1194 3526 multo
1244 3473 1449 3525 haustu.
1506 3472 1561 3526 In
1608 3469 1762 3526 Alex.

183 3541 346 3595 etiam
374 3549 430 3597 et
457 3540 624 3595 Jureti
663 3542 850 3598 codice
878 3553 960 3597 est
990 3553 1173 3610 ntusto,
1195 3551 1249 3596 et
1281 3542 1330 3594 in
1357 3541 1560 3596 Widm.
1602 3555 1762 3608 supra

185 3625 334 3676 novo,
361 3621 420 3665 ut
451 3621 616 3682 musto
642 3613 982 3682 respondeat.
1017 3612 1141 3666 Mihi
1171 3628 1274 3666 non
1305 3611 1552 3681 displicet
1576 3611 1759 3676 multo,

182 3695 308 3762 naut
321 3695 466 3762 saepe
481 3681 798 3765 Prudentius
817 3682 1117 3764 huiusmodi
1140 3683 1551 3764 repetitionibus
1576 3684 1761 3734 utitur.

183 3750 410 3806 latitatio
440 3751 646 3823 Vtrgtlu
673 3753 766 3824 ltb.
796 3767 812 3805 ι
845 3770 858 3805 :
888 3751 1242 3824 Illeitmptger
1292 3752 1462 3806 hausit
1502 3752 1761 3818 Spuman-

93 3869 99 3874 .
182 3829 281 3894 teut
300 3831 554 3894 pateram,
585 3833 632 3878 et
657 3823 808 3894 pleno
826 3839 881 3876 se
900 3823 1092 3894 proluit
1112 3823 1260 3894 auro.

258 3891 381 3947 128.
416 3892 539 3975 Bst.
569 3908 597 3946 a
620 3891 790 3963 prima
821 3891 1002 3958 manu,
1047 3893 1205 3975 male,
1251 3894 1329 4014 inii

258 3977 323 4014 In.
371 3962 614 4014 Ttarrdes
643 3973 696 4014 et
725 3965 906 4014 lvnces
933 3978 1111 4014 currui
1157 3965 1324 4014 Bacci

181 3977 344 4034 gum:
371 3962 696 4034 Tigrideset
725 3965 906 4034 lynces
933 3964 1111 4019 currui
1157 3962 1345 4018 Bacchi
1370 3962 1535 4017 tribui
1568 3962 1760 4016 solent.

251 4033 378 4088 130.
406 4033 609 4104 _P_rag.,
658 4033 834 4087 minus
885 4034 1083 4104 probe,
1129 4035 1354 4104 creditur
1382 4048 1480 4102 pro
1529 4034 1760 4104 cluditur.

181 4102 362 4172 Prag.,
406 4101 610 4158 Widin.
641 4118 798 4172 supra
818 4146 833 4170 ,
863 4101 983 4157 Rat.
1015 4119 1045 4159 a
1085 4103 1317 4159 secunda
1361 4101 1544 4167 manu,
1575 4103 1768 4155 chelin—

181 4173 317 4226 dros.
354 4173 552 4244 Bong..,
579 4173 784 4228 Widm.
804 4215 820 4240 ,
852 4175 1126 4228 celindros.
1158 4175 1277 4229 Rat.
1308 4189 1338 4227 a
1382 4173 1551 4242 prima
1579 4187 1762 4236 manu,

181 4243 449 4314 chelidris.
484 4243 806 4314 ’Legendum
851 4259 973 4300 cum
1024 4245 1144 4299 aliis
1171 4244 1455 4314 chelydros.
1504 4244 1578 4297 Ita
1605 4246 1765 4298 etiam

182 4312 346 4384 habet
374 4314 540 4384 Marp,
571 4312 665 4370 sed
694 4329 855 4384 supra
898 4315 1202 4384 chelyndros
1227 4312 1346 4368 cum
1392 4315 1566 4384 glossa
1612 4315 1761 4381 pilos.

179 4382 439 4438 Martinus
469 4383 580 4438 Boa
611 4385 701 4439 lib.
726 4382 964 4454 tt_Sing.,
1013 4382 1150 4454 part.
1179 4387 1234 4450 2,
1263 4398 1383 4452 cap.
1399 4382 1503 4449 '10,
1537 4385 1772 4438 ostendit

180 4453 286 4507 viui
300 4455 574 4509 etcolubri
600 4453 1028 4522 similitudinem,
1049 4454 1768 4523 etexplicatProverbiorum

177 4523 353 4578 locum
385 4541 402 4579 :
443 4524 632 4578 Vinum
661 4526 928 4590 mordebit,
960 4536 1014 4578 ut
1034 4525 1254 4579 coluber.
1274 4525 1418 4578 -Hinc
1449 4525 1656 4578 Baccho
1686 4524 1771 4579 di-

178 4605 328 4647 catus
352 4603 438 4650 est
462 4597 655 4660 draco;
683 4611 844 4663 caper
870 4611 1000 4651 vero
1021 4596 1095 4650 illi
1123 4595 1445 4656 caedebatur,
1469 4596 1592 4664 quia
1614 4603 1774 4649 nocet

176 4666 396 4736 vitibus.
432 4664 686 4736 Virgilius
740 4665 833 4721 lib.
866 4683 901 4720 ll
947 4667 1141 4736 Georg.
1178 4683 1190 4718 ε
1222 4665 1346 4736 Non
1385 4665 1544 4718 aliam
1573 4665 1634 4718 ob
1663 4665 1773 4718 cul-

175 4751 297 4804 pant
336 4735 542 4788 Baccho
588 4752 741 4803 caper
781 4737 1012 4791 omnibus
1054 4735 1158 4790 aris
1204 4735 1448 4800 Creditur,
1497 4745 1544 4788 et
1587 4746 1772 4788 veteres

176 4807 356 4858 iuuat
386 4807 660 4876 proscenia
689 4807 817 4860 ludi.
865 4807 1130 4861 Arnobius
1161 4807 1254 4860 lib.
1297 4822 1329 4859 v
1359 4823 1374 4861 :
1430 4805 1774 4860 Bacchanalia

174 4877 343 4947 etiam
359 4879 810 4943 prwtermittamus
834 4878 1102 4945 immania,
1119 4877 1298 4947 quibus
1320 4892 1500 4931 nomen
1523 4876 1772 4947 omoplta-

176 4948 271 5014 giis
302 4943 545 4999 Graecum
574 4957 647 5001 est
678 4963 696 5001 :
738 4949 792 5001 in
814 4947 994 5016 quibus
1023 4943 1199 5018 furore
1243 4949 1474 5013 mentito,
1507 4958 1553 5000 et
1586 4943 1766 5016 seque—

173 5023 338 5069 strata
381 5019 607 5085 pectoris
643 5019 883 5082 sanitate,
929 5019 1326 5085 circumplicatis
1361 5033 1447 5071 vos
1497 5018 1769 5088 anguibus,

84 5091 86 5100 '
176 5097 350 5154 atque,
382 5096 440 5140 ut
471 5103 559 5141 vos
588 5089 765 5158 plenos
791 5089 873 5143 dei
897 5089 1104 5142 numine
1131 5105 1194 5142 ac
1234 5090 1500 5159 majestate
1523 5088 1768 5159 doceatis,

172 5172 455 5238 δίψιοι-κω
483 5157 871 5240 reclamantium
895 5160 1086 5213 viscera
1113 5157 1386 5241 cruentatis
1415 5160 1519 5240 oris
1541 5157 1771 5241 dissipa-

170 5237 260 5281 tis.
287 5225 428 5300 V_tde
457 5237 622 5300 etiam
649 5229 706 5284 S.
739 5231 1092 5300 Augustinum
1123 5231 1191 5284 de
1213 5230 1371 5285 Civtt.
1397 5229 1489 5284 Det
1518 5229 1613 5300 lib.
1656 5244 1727 5282 vn
1754 5268 1770 5296 ,

239 5263 260 5280 ο
301 5263 428 5282 νιυιῑ
457 5263 622 5284 ςιιαιιι
650 5263 706 5284 υ.
739 5263 1092 5296 ιὶυδυιιιιιιιιι
1123 5263 1190 5284 ut:
1214 5263 1371 5285 υινιιο
1399 5263 1489 5284 IIUI
1519 5263 1613 5284 II”.
1663 5263 1726 5282 VII
1754 5268 1770 5296 ’

169 5312 295 5367 cap.
318 5297 506 5381 21,.et
534 5299 737 5354 Julium
768 5297 1053 5383 Firmicum
1083 5301 1151 5356 de
1196 5301 1382 5356 Error.
1426 5299 1566 5370 prof.
1614 5300 1767 5369 relig.

168 5367 510 5424 Prudentius
537 5369 642 5426 hoc
667 5371 938 5440 peculiare
964 5381 1166 5436 narrat,
1198 5371 1340 5441 quod
1369 5370 1640 5426 maenades
1662 5386 1769 5425 non

166 5441 376 5522 solum.
400 5441 642 5496 colubris
674 5451 1094 5524 coronarentur,
1117 5457 1309 5524 verum
1352 5443 1512 5524 etiam
1542 5455 1636 5497 eos
1676 5455 1771 5524 ore

165 5512 599 5582 comprimerent
629 5528 643 5566 :
674 5512 778 5567 hoc
805 5515 948 5568 enim
976 5523 1059 5568 est
1094 5514 1412 5578 discindunt,
1460 5513 1596 5578 sive,
1632 5522 1686 5568 ut
1716 5515 1768 5568 in

165 5581 362 5637 codice
385 5581 558 5638 Jureti
602 5583 816 5653 legitur,
858 5584 1180 5654 descindant,
1211 5586 1362 5654 quasi
1403 5584 1658 5639 colubros
1688 5584 1768 5638 Ia-

165 5661 428 5724 cerarent
452 5654 728 5709 dentibus.
761 5653 1010 5709 Barthius
1041 5655 1132 5710 lib.
1169 5653 1495 5721 xrAdvers.,
1529 5668 1648 5724 cap.
1680 5654 1765 5722 15,

162 5732 325 5802 putat
367 5723 656 5802 legendum
702 5724 756 5779 in
797 5723 1036 5802 Arnobio
1066 5723 1766 5802 ,ορήἰορῂαςὶἕεηιιιίςθιίᾳιιι

161 5793 220 5847 in
254 5793 542 5853 Clemente
567 5795 957 5858 Alexandrino.
993 5793 1146 5865 cujus
1179 5793 1364 5854 verba'
1385 5793 1628 5853 traduxit
1664 5797 1768 5851 Ar-

1333 3908 1488 3964 ugum
1513 3906 1610 3962 pro
1634 3893 1765 3964 biiu-

1871 2907 2083 2963 nobius.
2112 2908 2202 2963 Sic
2231 2908 2549 2963 Prudentius
2585 2915 2732 2963 recte
2767 2909 2842 2962 ait
2876 2884 3294 2978 ore'discinduut,
3328 2927 3448 2967 nam

1869 2977 2222 3050 opltiOphagia
2275 2987 2467 3050 sonant
2509 2979 3040 3050 dilacerationesscu
3080 2982 3449 3038 devorationes

1869 3047 2198 3121 serpentium
2229 3065 2243 3103 :
2269 3047 2449 3121 qualia
2474 3064 2598 3121 non
2632 3063 2801 3121 pauca?
2835 3049 2990 3103 hodie
3017 3065 3233 3121 quoque,
3256 3067 3284 3105 ει
3309 3067 3448 3121 prte-

1787 3109 1836 3174 C
1867 3109 2230 3191 stig'iatoribus
2260 3109 2372 3191 fieri
2399 3109 2656 3173 videmus.
2677 3119 2803 3191 AEtsi
2845 3109 3287 3191 autem'che'lydri
3309 3109 3451 3176 ’νὶιί-

1867 3189 1964 3244 des
1993 3190 2242 3244 dicantur
2278 3189 2439 3244 etiam
2493 3189 2690 3245 racemi
2749 3189 2802 3244 in
2852 3191 3083 3258 speciem
3126 3189 3450 3260 serpentium

1865 3260 2389 3385 gircumpendcntes,
2425 3259 2568 3314 aliud
2615 3269 2794 3315 tamen
2840 3269 3069 3330 arguunt
3094 3262 3253 3316 verba
3303 3261 3440 3316 Pru-

1904 3341 2056 3385 entn.

1904 3331 2056 3386 entii.

1939 3402 2062 3458 151.
2096 3402 2225 3472 Mar.
2257 3415 2288 3455 a
2326 3401 2494 3472 prima
2535 3414 2718 3472 manu,
2770 3402 3002 3472 itemque
3039 3401 3158 3456 Rat.
3204 3417 3235 3456 a
3275 3403 3445 3471 prima

1865 3485 2049 3536 manu,
2080 3470 2496 3542 placereareetc
2526 3471 2864 3526 emendatum
2895 3470 3123 3540 placare,
3170 3470 3309 3542 quod
3340 3489 3452 3530 me-

1867 3549 2008 3595 trum
2039 3541 2096 3596 et
2123 3541 2380 3596 Latinitas
2403 3544 2668 3610 exposcit.

1939 3613 2063 3666 154.
2112 3612 2360 3666 Nonnulli
2389 3612 2630 3667 scribunt
2667 3611 2932 3666 menadas.
2983 3612 3121 3675 PaL,
3168 3613 3448 3678 mendose,

1864 3690 2078 3806 augmina.
2117 3681 2194 3736 De
2224 3683 2308 3736 his
2334 3683 2459 3737 vide
2495 3680 2688 3736 Catulli
2740 3695 2956 3736 carmen
2995 3683 3155 3753 Nupt.
3209 3683 3353 3738 Pelei
3393 3694 3448 3739 et

1955 3767 1985 3806 e
2014 3768 2025 3803 I
2068 3767 2148 3805 os.

1955 3763 2148 3806 ellGOS.

1939 3822 2062 3876 155.
2105 3821 2264 3889 Prag.
2283 3861 2300 3888 ,
2328 3821 2410 3876 hic
2440 3833 2537 3893 pro
2565 3820 2690 3893 hoc._
2720 3819 3009 3893 Ricciolius
3038 3823 3088 3875 in
3131 3821 3308 3876 Indice
3337 3825 3448 3893 syl-

1866 3891 1974 3947 lab.
2002 3900 2336 3946 controvers.
2367 3891 2550 3946 multis
2580 3891 2789 3959 probat,
2823 3891 3048 3957 primam
3079 3901 3134 3944 et
3160 3891 3476 3947 secundam-

1868 3964 1922 4017 in
1951 3963 2254 4016 lentalentus
2271 3976 2390 4017 esse
2405 3975 2766 4016 communem.
2793 3960 3041 4016 Barthius
3065 3962 3169 4016 loc.
3199 3963 3294 4017 cit.
3327 3979 3452 4018 cono

1870 4033 2044 4088 tendit
2075 4032 2354 4100 legendum
2369 4031 2701 4097 merulentus,
2725 4030 2866 4100 quod
2885 4032 3015 4085 mihi
3042 4047 3147 4086 non
3162 4035 3446 4100 persuasit.

1941 4105 2067 4158 156.
2108 4102 2324 4158 Juretus
2360 4103 2534 4170 rejicit
2561 4117 2683 4154 arca
2708 4115 2804 4172 pro
2831 4110 2985 4168 acta;
3043 4103 3226 4158 nescio
3265 4113 3444 4158 autem

1871 4173 1957 4227 ubi
2004 4175 2270 4228 invenerit
2317 4190 2457 4226 arca.
2492 4172 2668 4236 Notat,
2717 4181 2884 4227 actant
2932 4187 3051 4227 esse
3100 4183 3366 4229 secretum
3396 4185 3451 4229 et

1870 4258 2141 4298 amoenum
2167 4245 2331 4307 littus,
2363 4252 2417 4297 et
2443 4243 2568 4296 olim
2591 4242 2867 4312 lupanaria
2897 4242 2947 4295 in
2981 4243 3248 4299 littoribus
3278 4245 3444 4300 fuisse

1870 4315 2183 4387 constituta,
2205 4315 2350 4387 unde
2377 4312 2559 4387 videri.
2582 4322 2754 4382 potest
2782 4312 3070 4368 deﬂuxisse
3098 4329 3293 4370 nomen
3317 4316 3445 4370 Gal-

1872 4386 2056 4445 licum.
2088 4384 2334 4438 bordeau.
2551 4384 2558 4387 '
3456 4419 3462 4423 .

1948 4457 2070 4509 157.
2117 4454 2234 4507 Vat.
2267 4455 2333 4518 A,
2354 4452 2569 4524 vitiose,
2605 4462 2802 4509 certum
2829 4461 2882 4508 et
2906 4454 3012 4507 illis
3033 4468 3129 4524 pro
3151 4465 3372 4510 scortum
3401 4465 3454 4510 et

1877 4526 2003 4580 illic.
2038 4525 2278 4578 Perlidus
2306 4525 2390 4579 hic
2411 4523 2622 4592 juvenis
2651 4524 2747 4579 fuit
2769 4524 3029 4579 Theseus.

1949 4597 2073 4650 158.
2111 4595 2292 4663 Egm.,
2333 4595 2802 4666 liqueratiingesto.

1947 4666 2113 4736 159._
2151 4667 2267 4718 Vat.
2321 4664 2406 4730 AV,
2469 4664 2657 4736 male,’
2688 4664 2943 4736 Neaeram.
3019 4666 3250 4736 Bong.,'

1875 4736 2028 4800 dose,
2063 4734 2347 4789 Newtram.
2380 4734 2642 4789 Antonius
2683 4735 2894 4790 Delrius
2925 4734 3218 4791 Commfin
3248 4736 3446 4789 Hercu-

3299 4679 3447 4718 men-

1843 4845 1846 4848 .
1876 4806 1982 4862 lem
2007 4808 2127 4861 Oet.
2161 4807 2381 4862 Seneca:
2409 4807 2679 4869 observat,
2707 4805 2807 4860 hoc
2835 4807 2952 4861 loco
2980 4807 3305 4860 Ariadnema
3325 4806 3448 4858 Pru-

1874 4877 2059 4932 dentio
2082 4878 2261 4931 vocari
2290 4878 2552 4938 Neaeram,
2584 4877 2704 4945 quia
2731 4877 3042 4932 meretrices
3065 4877 3200 4931 bene
3220 4875 3446 4938 habitas,

1876 4957 1931 5002 et
1951 4949 2095 5002 succi
2119 4948 2472 5016 plenas,quas
2499 4947 2658 5001 Attici
2685 4947 2900 5016 pugiles,
2936 4946 3156 5000 llomani
3188 4950 3450 5000 vocabant

1875 5018 2110 5073 Neteras.
2142 5019 2402 5082 Tibullus,
2430 5017 2679 5072 Horatius
2706 5017 2900 5084 aliique
2923 5016 3121 5083 passim
3145 5017 3244 5071 hoc
3267 5018 3452 5086 appel-

1874 5088 1987 5144 lant
2017 5090 2232 5144 nomine
2256 5088 2586 5149 meretrices,
2607 5094 2697 5141 aut
2725 5101 2845 5140 suas
2873 5086 3092 5140 amicas.

1948 5159 2075 5214 112.
2107 5159 2228 5213 Rat.
2279 5159 2465 5214 scribit
2510 5159 2829 5217 Ariadneus;
2859 5156 3012 5224 Prag.
3047 5158 3342 5226 ariagneus.
3381 5157 3455 5211 De

1875 5244 2075 5286 corona
2100 5229 2363 5286 Ariadnes
2387 5229 2538 5298 plura
2560 5243 2623 5282 ac
2635 5228 2779 5298 varia
2801 5227 3037 5298 Hyginus
3050 5226 3250 5282 Poetic.
3271 5229 3456 5282 Astro-

1874 5317 2023 5355 nom.
2053 5301 2148 5355 lib.
2181 5317 2216 5355 II
2240 5341 2256 5365 ,
2283 5295 2403 5367 cap.
2438 5297 2485 5352 5.
2525 5297 2829 5368 Paschalius
2870 5295 2936 5350 de
2980 5296 3208 5352 Coronis
3236 5313 3354 5368 cap.
3385 5298 3453 5360 9,

1877 5371 1972 5426 lib.
2003 5387 2044 5436 ι,
2071 5371 2140 5426 de
2170 5372 2268 5424 hac
2296 5366 2408 5439 ipsa
2432 5383 2630 5424 corona
2654 5366 2916 5439 Ariadnes
2938 5368 3100 5439 astris
3127 5366 3314 5422 addita
3332 5369 3450 5422 fuse

1874 5441 2111 5497 disserit.
2149 5442 2223 5496 l)e
2264 5437 2398 5496 voce
2421 5441 2597 5493 minna
2624 5439 2677 5492 in
2707 5438 2882 5508 glossa
2908 5437 3032 5493 vide
3052 5450 3348 5493 comment.
3385 5439 3452 5493 ad

1873 5527 2019 5568 vers.
2054 5513 2176 5566 117.
2542 5521 2552 5530 °

1947 5584 2068 5638 M5.
2099 5583 2345 5637 Heinsius
2373 5579 2593 5648 conjicit
2617 5581 2847 5645 honor-te,
2870 5579 3080 5634 scilicet
3104 5579 3293 5644 noctis;
3317 5578 3454 5632 Gro-

1874 5657 2098 5719 novius,
2150 5654 2353 5711 Itunc...
2401 5651 2647 5707 honorem
2690 5667 2786 5721 per
2830 5651 3188 5720 epexegesin,
3221 5650 3458 5721 persolvit

1874 5727 2009 5779 hunc
2040 5718 2305 5789 liciterem,
2361 5725 2578 5793 pretium
2625 5718 2812 5778 noctis.
2863 5721 2986 5776 Mihi
3009 5718 3458 5793 'clattior'videtur

1874 5796 2033 5852 lectio
2059 5795 2305 5852 codicum
2333 5792 2368 5858 ,’
2395 5793 2493 5850 Itoc
2538 5796 2732 5850 honore
2757 5793 2997 5860 persolvit
3023 5793 3244 5857 pretium
3272 5792 3458 5845 noctis.
