4068 6290
582 316 682 378 135

1033 386 1049 409 \

826 431 896 488 Ut
923 435 1090 489 semel
1121 433 1332 490 obsedit
1357 432 1576 503 gentilia
1613 440 1825 501 pectora
1851 441 2057 501 patrum

753 526 897 580 Vana
929 527 1261 596 superstitio,
1287 539 1390 580 non
1421 525 1719 594 interrupta
1746 522 1982 579 cucurrit

753 618 994 673 ditatum
1018 633 1112 683 per
1133 617 1276 671 mille
1292 616 1507 688 gradus.
1535 615 1714 671 Tener
1736 615 1942 670 horruit
1959 612 2155 680 haeres,

575 711 678 767 200
750 710 815 764 Et
845 710 1031 774 coluit,
1065 707 1325 778 quidquid
1352 708 1570 762 sibimet
1603 705 1916 762 venerabile
1941 704 2061 761 cani

753 801 1110 856 Monstrarant
1137 801 1280 854 atavi
1304 817 1316 852 :
1348 813 1636 869 puerorum
1665 797 1887 853 infantia
1911 798 2086 867 primo

756 891 1005 945 Errorem
1030 903 1151 944 cum
1180 890 1320 944 lacte
1348 889 1522 946 bibit:
1553 894 1856 960 gustaverat
1881 887 2019 942 inter

751 982 971 1053 Vagitus
999 982 1067 1037 de
1090 982 1232 1038 farre
1257 982 1448 1036 molae:
1479 995 1606 1036 saxa
1637 980 1769 1035 illita
1798 979 1937 1036 ceris

754 1073 989 1140 Viderat,
1018 1081 1398 1144 unguentoque
1421 1073 1586 1128 Lares
1610 1072 1929 1127 humescere
1959 1070 2162 1140 nigros.

572 1165 675 1222 203
749 1166 908 1238 715
939 1164 1246 1221 Formatum
1287 1165 1513 1220 fortunae
1551 1163 1792 1220 habitum
1815 1177 1938 1220 cum
1991 1163 2165 1220 divite

1865 1255 2089 1328 [cornu,

758 1348 1148 1417 Sacratumque
1175 1346 1320 1401 domi
1350 1346 1582 1417 lapidem
1605 1346 1902 1401 consistere
1933 1359 2129 1416 parvus

750 1443 1052 1510 Spectarat,
1085 1448 1416 1508 matremque
1447 1440 1562 1494 illic
1589 1439 1790 1509 pallere
1817 1448 2144 1508 precantem.

756 1532 873 1587 Mox
889 1571 906 1599 ,
929 1531 1170 1588 humeris
1194 1532 1404 1602 positus
1433 1532 1689 1598 nutricis,
1717 1531 1867 1586 trivit
1895 1539 1950 1586 et
1979 1531 2095 1600 ipse

1710 311 1988 370 AURELII
2029 309 2400 384 PRUDENTII
2435 311 2758 368 CARMINA.

3743 321 3853 378 136

2448 429 2728 498 impressis
2759 430 2964 484 silicem
2999 429 3197 498 labris,
3233 431 3455 498 puerilia
3477 442 3600 487 vota

2295 523 2402 579 210
2443 522 2635 589 Fudit,
2667 537 2901 592 opesque
2926 522 3030 577 sibi
3060 537 3195 578 caeca
3220 523 3287 579 de
3310 540 3441 592 rupe
3470 530 3744 596 poposcit,
3905 593 3912 601 _

2439 614 2868 684 Pcrsuasumque
2909 612 3114 680 habuit,
3169 614 3310 684 quod
3349 617 3470 685 quis
3515 617 3665 682 velit,
3725 619 3855 676 inde

3436 698 3777 782 [petendum

2437 799 2600 872 716
2623 797 2902 870 Nunquam
2928 797 3112 854 oculos
3129 841 3144 868 ,
3173 799 3520 870 animumque
3550 801 3734 856 levans
3757 818 3854 857 η-

3273 889 3474 961 [tionis
3499 892 3566 946 ad
3597 907 3776 949 arcem

2445 981 2670 1039 Rettulit
2704 999 2716 1036 :
2748 980 3009 1036 insulsum
3038 980 3209 1036 tenuit
3237 981 3330 1036 sed
3353 981 3608 1038 credulus
3635 997 3790 1038 usum

2445 1073 2690 1127 Privatos
2711 1071 2991 1127 celebrans
3018 1085 3277 1140 agnorum
3308 1074 3569 1142 sanguine
3596 1073 3776 1129 divos.

2301 1163 2408 1219 215
2445 1162 2670 1232 Jamque
2685 1162 2847 1216 domo
2859 1161 3156 1232 egrediens,
3174 1171 3231 1216 ut
3246 1162 3455 1232 publica
3471 1163 3853 1235 festa,diesque

2455 1254 2521 1309 Et
2551 1253 2703 1309 ludos
2730 1252 2952 1323 stupuit,
2980 1253 3124 1307 celsa
3152 1261 3209 1307 et
3225 1252 3482 1322 Capitolia
3511 1254 3674 1320 vidit,

2445 1345 2873 1416 Laurigerosque
2901 1339 3059 1398 deum
3098 1343 3310 1413 templis
3338 1353 3518 1399 astare
3545 1345 3848 1412 ministros,

2444 1438 2520 1493 Ac
2548 1437 2768 1495 Sacram
2799 1450 3054 1492 resonare
3080 1436 3220 1490 viam
3241 1435 3531 1505 mugitibus
3559 1445 3689 1492 ante

2448 1529 2739 1585 Deluhrum
2771 1527 2951 1583 Romae
2983 1526 3198 1589 (colitur
3233 1541 3354 1581 nam
3377 1527 3637 1598 sanguine
3658 1538 3716 1585 et
3742 1531 3848 1600 ipsa

1182 1685 1184 1690 ,
1888 1621 2180 1681 01.Οὸὃῶ
2221 1624 2566 1680 VETERES.

645 1715 770 1788 205.
798 1715 976 1788 Malae,
992 1716 1131 1770 mola
1151 1731 1310 1788 genus
1338 1715 1577 1785 sacriﬁcii
1605 1716 1670 1771 de
1690 1717 1830 1786 farre
1857 1725 1905 1770 et
1935 1715 2068 1772 sale.
2092 1745 2164 1760 —-
2191 1720 2240 1780 B
2335 1717 2463 1772 214.
2502 1716 2761 1788 Privatos,
2787 1730 3063 1788 pauperes,
3083 1715 3122 1768 Ι.

576 1783 731 1851 Illita,
756 1785 932 1854 polita,
958 1785 999 1840 Ι.

646 1854 771 1927 204.
806 1853 1105 1927 l_Jnguento,
1133 1873 1250 1910 cum
1277 1857 1410 1927 oleo.
1430 1885 1503 1897 -—
1525 1857 1709 1923 Lares,
1733 1873 1896 1927 ignes,
1926 1856 1968 1913 l.

641 1923 767 1981 205.
809 1923 1087 1990 Foitunae,
1125 1928 1338 1984 dew.—
1361 1926 1532 1981 Divite
1561 1941 1728 1981 cornu
1751 1923 1771 1992 ξ
1797 1928 1950 1981 idest
1979 1942 2158 1981 aureo.

574 1993 812 2049 Fortuna
842 1997 1004 2066 fertur
1049 1996 1232 2050 habere
1276 1998 1332 2050 in
1382 1996 1562 2050 dextra
1606 2013 1766 2051 manu
1804 2012 1997 2063 cornu,
2029 1998 2166 2066 quod

574 2066 812 2136 nymphae
843 2067 1074 2120 omnibus
1104 2067 1246 2120 bonis
1273 2067 1605 2135 repleverint,
1637 2066 1678 2121 1.

643 2135 772 2190 208.
812 2136 1002 2190 Trivit.
1032 2137 1289 2188 osculatus
1319 2145 1410 2190 est.
1438 2136 1560 2188 Rat.

645 2179 772 2274 Ξὶἷῖ
816 2179 1410 2274 ῥὲὶὲῦὀέιῖιῖιῗὶὶῖῖαῖ,’
1430 2179 1713 2274 speratum,
1737 2206 1778 2262 1.

645 2273 775 2331 215.
814 2273 1099 2343 lnsulsum,
1129 2275 1360 2344 stultum,
1394 2273 1787 2345 imprudentem,
1820 2278 1860 2332 Ι.

2340 1789 2468 1846 216,
2515 1787 2792 1856 Capitolia,
2817 1787 3020 1854 tentpla,
3048 1785 3086 1840 Ι.

2338 1858 2464 1914 218.
2504 1854 2726 1914 Sacram
2757 1857 2925 1921 viam,
2961 1856 3124 1911 Sacra
3163 1857 3243 1910 uia
3282 1863 3356 1909 est
3400 1854 3579 1909 Roma:
3601 1897 3615 1916 ,
3648 1859 3780 1910 sicut
3807 1867 3848 1911 et

2278 1927 2462 1982 Latina
2485 1945 2504 1983 :
2532 1929 2584 1981 in
2613 1944 2675 1980 ea
2700 1929 2780 1980 uia
2810 1927 3123 1980 reconciliati
3162 1935 3277 1979 sunt
3307 1925 3488 1981 Sabini
3527 1936 3576 1979 et
3611 1927 3846 1981 Romani.

2271 2029 2343 2040 —
2363 1998 2677 2069 Mugitibus,
2711 1997 3040 2069 admugitib‘us
3068 1996 3256 2050 scilicet
3285 1997 3435 2050 bourn
3473 1997 3552 2050 vel
3580 2000 3848 2051 obium.—

2271 2071 2433 2131 Ante,
2457 2067 2628 2122 coram
2653 2083 2726 2132 se,
2755 2067 2792 2120 Ι.

2339 2139 2464 2194 219.
2510 2140 2814 2210 Delubrutn,
2845 2137 3322 2210 templum_i"eneris
3341 2150 3387 2210 et
3415 2138 3592 2210 Roma:
3614 2143 3722 2194 dea:
3743 2142 3848 2210 pari

2272 2210 2544 2264 altitudine
2570 2225 2622 2262 se
2650 2207 2975 2263 extollebant.
2993 2237 3063 2248 --
3085 2207 3152 2263 Et
3181 2210 3316 2278 ipsa,
3347 2209 3534 2263 ironia.
3561 2211 3602 2265 l.

1927 2363 2478 2423 COMMENTARIUS.

579 2456 718 2519 vius,
741 2456 957 2510 sacravit
986 2467 1168 2510 terror.
1202 2455 1318 2510 Non
1347 2467 1430 2511 est
1455 2456 1792 2512 sollicitanda
1826 2457 1987 2513 lectio
2009 2473 2162 2513 com-

578 2525 758 2598 munis
784 2527 1049 2598 antiquum
1075 2527 1290 2598 seruauit
1322 2536 1484 2598 terror
1514 2528 1748 2598 asylum;
1786 2528 1839 2583 in
1870 2529 2042 2584 Oxon.
2069 2546 2163 2583 an-

579 2596 795 2665 tiquam,
830 2597 1006 2650 minus
1039 2595 1195 2651 bene.
1233 2596 1484 2665 Virgilius
1520 2595 1613 2651 liii.
1648 2614 1776 2651 vm:
1819 2598 1957 2652 Hinc
1992 2601 2162 2653 lucum

581 2665 850 2738 ingentem,
887 2682 1035 2738 quem
1083 2666 1333 2738 Romulus
1373 2683 1491 2738 acer
1529 2669 1732 2738 asylum
1771 2668 2002 2722 Rettulit.
2037 2669 2163 2724 Post

580 2733 726 2856 iiuna
746 2733 958 2856 vtersum
983 2736 1138 2804 Man,
1171 2735 1292 2789 Rat.
1322 2744 1379 2791 et
1405 2737 1493 2791 alii
1522 2733 1622 2807 pro
1643 2737 1823 2792 titulo:
1854 2738 2002 2793 Unde
2021 2755 2164 2794 error

581 2821 698 2856 ιηυα
722 2821 772 2856 ιιι
802 2847 814 2856 .

581 2815 814 2860 invaluit.

655 2875 777 2929 198.
815 2875 933 2946 Vat.
966 2876 1011 2930 A
1041 2887 1094 2931 et
1123 2876 1307 2946 Prag.,
1339 2893 1442 2930 una
1467 2879 1774 2944 superstitio.

611 2949 619 2956 '
655 2946 776 3001 199.
805 2945 1021 3001 Juretus
1050 2956 1218 3011 notat,
1238 2945 1444 3018 passim
1472 2947 1540 3018 ab
1568 2949 1787 3016 optimis
1813 2949 2163 3018 scriptoribus

581 3014 859 3088 horrorem
888 3025 942 3071 et
965 3014 1365 3071 venerationem
1382 3017 1552 3088 simul?
1576 3014 1846 3088 conjungi.

2334 2455 2461 2511 209.
2495 2455 2846 2528 Egm.,_PaAl_.,
2879 2452 3001 2509 Vat.
3030 2455 3094 2528 Α,
3117 2454 3286 2528 codex
3315 2455 3507 2528 Jureti,
3554 2458 3843 2521 impressit:

2265 2542 2384 2596 qua:
2415 2525 2572 2596 lectio
2598 2525 2811 2596 defendi
2839 2533 3014 2596 potest
3048 2525 3208 2580 simili
3239 2526 3354 2580 loco
3388 2526 3650 2595 Propertii
3684 2529 3775 2582 liti.
3811 2545 3847 2593 t,
3876 2574 3878 2576 .

2267 2595 2403 2667 eleg.
2437 2595 2540 2651 16:
2581 2595 2869 2667 Osculaque
2907 2595 3166 2667 impressis
3192 2599 3319 2649 nixa
3339 2597 3460 2649 dedi
3486 2600 3718 2667 genibus.
3753 2599 3848 2652 Pro

2269 2655 2381 2721 alia
2401 2667 2627 2722 lectione
2658 2655 2874 2721 facit'S.
2908 2655 3263 2736 Hieronymus
3312 2669 3469 2735 epist.
3486 2655 3564 2720 Ἤ.
3599 2669 3668 2722 ad
3711 2669 3848 2722 Ruti-

2269 2753 2394 2792 nttm
2423 2755 2435 2791 :
2470 2738 2636 2803 Quam
2663 2736 2796 2790 illud
2825 2752 2902 2800 os,
2928 2737 3066 2806 quod
3090 2752 3283 2788 merum
3307 2739 3389 2790 vel
3409 2740 3595 2790 erravit
3625 2741 3850 2806 aliquau-

2271 2809 2357 2875 do,
2388 2807 2465 2861 vel
2494 2807 2663 2877 sapuit
2711 2805 3217 2877 impressis/ignem
3253 2807 3448 2877 labiis?
3473 2808 3675 2862 Confer
3704 2805 3850 2862 nota-

2270 2879 2444 2934 tiones
2473 2874 2741 2936 woweri.
2788 2874 3203 2939 Elmenliorstii,
3249 2876 3496 2937 Heraldi.
3542 2878 3757 2941 Rigaltii
3801 2888 3850 2932 et

2266 2948 2468 3003 Ouzelii
2497 2948 2563 3002 ad
2589 2947 2703 3004 haec
2731 2945 2941 3001 Minucii
2971 2945 3130 3001 verba
3155 2963 3168 3000 :
3198 2945 3414 3000 Manum
3444 2949 3521 3001 ori
3551 2949 3848 3012 admovens,

2266 3018 2496 3089 osculum
2511 3018 2664 3089 labiis
2677 3019 2892 3089 pressit.

578 3114 628 3157 i__
650 3086 775 3140 201.
805 3086 951 3150 Rau,
974 3096 1332 3141 monstrarent.
1363 3086 1513 3153 Διά..
1544 3073 1988 3156 Ψθὶίὶ.,υΡθιθι.,
2021 3090 2160 3157 Gis.,

2335 3088 2462 3143 210.
2506 3073 2754 3144 Heinsius
2782 3087 3014 3156 conjecit
3057 3103 3187 3141 cana
3219 3102 3312 3155 pro
3339 3103 3493 3141 circa.
3536 3087 3684 3143 lianc
3721 3105 3849 3143 con-

581 3155 769 3238 Iieins.
793 3167 848 3238 et
875 3157 990 3223 alii,
1019 3158 1205 3224 primo.
1241 3157 1398 3222 Mar.,
1426 3157 1608 3228 Prag.,
1640 3159 1764 3214 Rat.
1787 3169 1842 3215 et
1881 3155 2166 3217 alii’Weit-

582 3241 744 3292 ztam,
770 3243 954 3294 prima.
2034 3266 2039 3271 -

653 3294 781 3349 (204.
819 3295 965 3367 Mar.
987 3297 1177 3367 scribit
1215 3307 1456 3367 ungento.
1491 3297 1568 3351 De
1605 3299 1990 3354 consuetudine
2017 3309 2166 3355 vete-

586 3379 704 3419 rum
737 3365 970 3438 ungendi
1001 3365 1427 3438 terminos,'sive
1457 3367 1661 3438 lapides
1681 3369 1772 3438 qui
1801 3385 1894 3438 pro
1927 3371 2166 3426 terminis

587 3445 758 3508 erant,
791 3435 968 3508 dicam
980 3437 1066 3508 ad
1104 3434 1198 3508 lib.
1238 3451 1298 3490 ιι.
1338 3436 1451 3494 Hoc
1487 3434 1676 3492 eodem
1700 3434 1877 3495 'sen'su
1914 3441 2168 3508 explicari

585 3504 731 3560 Valet
762 3521 890 3558 saxa
930 3504 1066 3558 illita
1097 3506 1226 3558 ceris
1254 3521 1399 3562 vers.
1438 3521 1644 3574 super.,
1670 3518 1727 3562 ut
1764 3509 1889 3564 alibi
1921 3504 2165 3565 ostendi:

588 3588 896 3647 quanquam
906 3575 1157 3647 intelligi
1188 3578 1352 3647 etiam
1389 3586 1582 3645 potest,
1626 3587 1828 3633 statuas
1859 3580 2001 3647 ipsas
2029 3581 2168 3635 ceris

588 3644 1032 3716 versicoloribus,
1055 3644 1200 3714 quod
1230 3647 1299 3716 ab
1333 3644 1570 3716 antiquis
1593 3649 1844 3703 usitatum
1871 3644 1976 3715 est,
2005 3648 2169 3706 fuisse

589 3715 781 3788 pictas.
813 3715 978 3788 ianus
1018 3715 1496 3788 RutgersiusAVar.
1544 3717 1695 3772 Lect.
1738 3718 1835 3773 lib.
1867 3734 1920 3786 ν,
1961 3735 2080 3788 cap.
2110 3722 2167 3785 4,

585 3785 753 3858 multa
780 3784 957 3858 aii‘ert,
989 3786 1182 3858 quibus
1231 3786 1438 3852 suadet,
1479 3804 1642 3858 genua
1680 3784 1913 3844 incerare
1957 3784 2170 3845 deorum

585 3854 720 3911 nihil
749 3855 893 3926 aliud
923 3871 1043 3926 esse
1075 3856 1175 3910 nisi
1206 3865 1332 3926 vota
1367 3854 1586 3926 ai'tig'ere
1615 3873 1737 3913 cera
1769 3861 1823 3913 in
1854 3859 2078 3925 femore,
2103 3876 2170 3915 ex

586 3925 819 4001 Apuleio
841 3936 898 4001 et
923 3925 1196 4001 iuvenali,
1237 3925 1401 3980 satira
1430 3925 1750 4001 9;:_Quando
1777 3945 1864 3998 ego
1891 3930 2046 4001 ﬁgam
2069 3929 2172 4001 ali-

589 3993 754 4062 quid?
788 3994 934 4050 Satis
974 3996 1029 4048 in
1068 3997 1206 4048 hanc
1246 4011 1359 4049 rem
1398 3997 1664 4051 evidentia
1707 3993 1832 4053 sunt
1860 3993 2024 4055 vei-ba
2059 4000 2170 4055 Lu-

589 4063 731 4117 ciani
773 4065 824 4118 in
859 4064 1215 4132 Philopseude
1247 4065 1315 4119 de
1344 4067 1572 4134 quadam
1616 4077 1790 4123 statua
1821 4087 1833 4122 :
1868 4069 2026 4124 Multi
2053 4083 2172 4124 ante

590 4135 744 4204 pedes
774 4136 885 4208 ejus
914 4134 1046 4188 oboli
1074 4135 1338 4205 jacebant,
1373 4152 1435 4188 ac
1475 4135 1581 4208 alia
1611 4155 1806 4208 quoque
1839 4141 2168 4203 numismata,

589 4201 843 4256 nonnulla
863 4201 1102 4281 argentea
1133 4220 1248 4281 cera
1274 4209 1388 4281 ejus
1416 4207 1555 4281 cruri
1574 4201 1757 4281 afﬂari;
1779 4211 2082 4281 laminrcque
2110 4201 2174 4264 ea:

591 4282 821 4348 argento,
853 4282 969 4327 vota
997 4276 1240 4348 alicujus.
1270 4276 1452 4332 Potest
1481 4276 1640 4346 igitur
1669 4280 1742 4333 ita
1775 4282 1935 4335 etiam
1968 4276 2170 4348 exponi

592 4341 680 4420 hic
715 4344 880 4410 locus,
906 4341 1210 4420 praesertim
1232 4348 1360 4420 quia
1398 4341 1542 4420 sarp'e
1569 4359 1690 4403 vota
1732 4353 1869 4404 votis
1911 4341 2174 4420 superad-

2262 3159 2522 3228 jectnram
2572 3170 2789 3214 secutus
2817 3169 2900 3213 est
2930 3158 3211 3228 Celiarius.
3248 3157 3490 3228 Teoliusi
3511 3159 3673 3212 etiam
3720 3176 3848 3213 crrsa

2268 3227 2552 3298 expressit,
2576 3238 2628 3284 et
2659 3239 2945 3297 utrumque
2971 3228 3024 3282 in
3049 3227 3190 3282 Vatt.
3214 3227 3719 3298 esseconlirniavit.
3746 3230 3850 3282 Μςι-

2268 3297 2457 3356 riettus
2484 3301 2653 3354 solum
2677 3299 2812 3354 vidit
2838 3314 2971 3351 circa
2994 3298 3045 3351 in
3069 3299 3200 3360 suis,
3231 3306 3285 3351 et
3304 3297 3355 3350 id
3389 3297 3516 3351 mihi
3550 3301 3720 3367 magis
3743 3300 3851 3364 pla-

2267 3379 2386 3433 cet;
2418 3371 2537 3436 quia
2570 3369 2773 3424 scilicet
2797 3383 2939 3422 caica
2960 3376 3015 3422 et
3032 3367 3192 3421 surda
3218 3367 3502 3421 simulacra
3524 3369 3704 3423 solent
3728 3369 3849 3424 dici.

2267 3438 2388 3494 Rat.
2419 3449 2472 3494 et
2504 3439 2695 3493 Weitz.
2729 3454 2850 3493 cum
2880 3438 3012 3502 suis,
3044 3453 3305 3507 Opemque,
3339 3452 3443 3490 non
3473 3439 3633 3491 male.

2338 3508 2464 3563 211.
2507 3508 2666 3563 Fabr.
2707 3509 2897 3577 Bong.,
2935 3508 3057 3576 quid
3083 3508 3216 3577 quis.
3251 3507 3472 3576 Egregie
3503 3509 3697 3576 probat
3726 3509 3854 3562 Pru-

2269 3579 2502 3643 dentius,
2543 3578 2786 3632 ethnicos
2818 3593 2883 3632 ex
2911 3591 3098 3631 errore
3138 3577 3367 3644 coepisse
3399 3578 3528 3632 deos
3557 3579 3761 3640 colere,
3792 3595 3854 3632 i-x

2272 3648 2652 3718 pmjudimtis,
2688 3657 2742 3702 et
2773 3647 3156 3718 prmonceptis
3185 3661 3214 3700 a
3245 3655 3430 3718 tenera
3461 3656 3619 3701 rotate
3649 3649 3857 3715 opinio—

2272 3717 2428 3773 nibus
2453 3718 2508 3772 in
2529 3717 2716 3772 eodem
2747 3717 2890 3772 cultu
2921 3717 3234 3787 perstitisse.
3263 3717 3433 3770 Sitnili
3477 3721 3733 3787 arguendi
3768 3735 3856 3771 ra-

2274 3791 2417 3858 tione
2465 3789 2704 3842 nonnulli
2768 3787 2914 3857 impii
2969 3787 3212 3842 homines
3257 3788 3532 3858 veritatem
3585 3789 3858 3858 religionis

2271 3857 2594 3912 Christiante
2616 3856 2885 3912 inlirmare
2907 3865 3198 3911 conantur:
3226 3857 3322 3910 sed
3345 3856 3703 3925 ineptissime.
3728 3859 3860 3911 Nam

2277 3927 2593 3982 Prudentius
2637 3929 2789 3997 prius
2860 3927 3096 3982 ostendit
3147 3926 3345 3980 cultum
3371 3925 3613 3997 deorum
3672 3938 3861 3997 aperto

2274 3997 2553 4053 mendacio
2580 3996 2848 4053 et'errore
2874 3998 3142 4064 cmpisse:
3176 4006 3287 4051 tum
3317 3996 3464 4068 addit
3490 4012 3634 4052 vers.
3679 3996 3860 4068 seqq.,

2274 4069 2498 4138 gentiles
2519 4083 2791 4136 nunquam
2819 4069 3052 4138 rationes
3077 4069 3159 4121 sui
3187 4069 3362 4120 cultus
3387 4067 3453 4120 ad
3485 4069 3743 4138 trutinam
3779 4085 3865 4123 re-

2274 4137 2519 4205 vocasse,
2550 4139 2645 4193 sed
2672 4139 2843 4192 solum
2870 4137 2941 4192 ob
2970 4152 3122 4192 usum
3147 4144 3203 4191 et
3225 4137 3670 4191 consuetudinem
3699 4141 3752 4192 in
3775 4155 3866 4193 su-

2279 4208 2595 4277 perstitione
2638 4207 2954 4278 perstitisse.
3002 4208 3071 4260 At
3125 4206 3315 4276 religio
3359 4205 3664 4278 Christiana
3715 4209 3868 4264 illico

2276 4276 2447 4347 qualis
2477 4276 2649 4341 esset,
2667 4279 2863 4347 patuit,
2893 4291 3066 4345 neque
3106 4278 3380 4331 erroribus
3412 4276 3869 4334 invalescentibus

2277 4358 2430 4402 aucta
2459 4359 2563 4403 est.
2597 4350 2747 4411 Eam,
2773 4349 3015 4415 quamvis
3039 4347 3204 4401 multa
3231 4347 3454 4402 obscura
3485 4347 3794 4404 tradentem
3816 4359 3870 4404 et

590 4413 875 4494 dabantur.
906 4415 1194 4494 Lucretius
1232 4413 1325 4494 lib.
1354 4433 1426 4494 vi,
1469 4413 1579 4494 Nec
1619 4421 1746 4473 uotis
1789 4413 1994 4494 nectere
2034 4432 2168 4494 vota.
2199 4433 2253 4494 ι)
2276 4418 2514 4494 difﬁcilia
2523 4413 2977 4494 praecipientem,
3019 4416 3262 4472 homines
3285 4417 3396 4494 jam
3433 4417 3872 4494 adult_i_aiiisq_ue

591 4481 836 4558 Olearius
875 4485 940 4558 ad
987 4486 1296 4558 Philostrati
1354 4481 1602 4556 lieroica,
1641 4505 1761 4557 cap.
1795 4490 1852 4554 2,
1908 4503 2020 4546 not.
2073 4492 2164 4558 15,

590 4567 711 4635 ρπβ.
741 4555 866 4625 673,
900 4557 1038 4635 hunc
1072 4557 1565 4635 Prudentii_locuni
1591 4555 1842 4635 explicat,
1883 4571 1937 4614 et
1978 4555 2168 4635 distinf

591 4626 820 4700 guiteos
869 4629 956 4694 qui
996 4626 1128 4700 deos
1159 4628 1483 4700 inungehant
1517 4626 1733 4684 honoris
1770 4645 1950 4695 causa,
1983 4641 2040 4686 et
2076 4632 2168 4700 qui

591 4709 762 4771 genua
790 4695 1008 4749 deorum
1045 4695 1374 4771 incerabant,
1401 4698 1513 4753 sive
1548 4714 1674 4754 saxa
1701 4701 1839 4754 ceris
1867 4695 2166 4771 illini-bant,

592 4765 954 4839 scilicethcera
999 4767 1232 4839 tabulam
1274 4770 1563 4838 afﬁgebant
1615 4779 1882 4839 quievota
1923 4765 2166 4826 contine;

591 4843 691 4888 ret.
727 4835 1032 4891 Philostrati
1064 4839 1224 4892 verba
1251 4839 1319 4893 de
1345 4835 1512 4893 statua
1539 4835 1654 4893 hznc
1678 4849 1839 4894 sunt:
1869 4843 2170 4896 Atterendo-

591 4921 689 4982 que
717 4922 826 4958 eam
851 4918 897 4960 et
925 4917 1149 4982 tempus,
1196 4918 1242 4961 et
1289 4909 1389 4974 illi,
1415 4910 1488 4960 ita
1507 4925 1596 4982 Arne
1633 4920 1763 4962 amet
1792 4910 2052 4980 Juppiter,
2084 4913 2172 4982 qui

591 4975 831 5045 inungere
857 4975 1041 5051 solent,
1065 4988 1153 5031 aut
1174 4988 1290 5031 vota
1318 4995 1432 5032 cera
1456 4979 1684 5048 aﬁigunt,
1725 4975 1946 5051 speciem
1983 4975 2169 5037 immu-

592 5054 763 5098 tarrint
797 5048 1047 5109 eiusdem.

659 5117 790 5170 205.
831 5118 1100 5172 Arnobius
1156 5118 1246 5191 lib.
1293 5134 1345 5191 vt
1385 5117 1795 5191 smpehabitum
1843 5132 2062 5191 usurpat
2106 5123 2174 5178 de

589 5186 760 5241 forma
804 5193 1101 5240 statuarum
1134 5203 1147 5240 :
1183 5187 1436 5242 Mulciber
1467 5186 1646 5258 ’fabrili
1678 5207 1796 5244 cum
1841 5186 2016 5245 habitu
2041 5208 2059 5246 :
2083 5204 2172 5248 aut

592 5261 802 5327 fortuna
829 5272 945 5308 cum
973 5273 1164 5324 cornu,
1197 5264 1392 5328 pomis,
1419 5261 1563 5327 ﬁcis,
1595 5269 1681 5312 aut
1712 5262 1942 5332 frugibus
1972 5272 2174 5317 autum-

592 5327 792 5380 nalibus
821 5325 994 5380 nleno.

591 5343 792 5380 nativus
820 5343 994 5395 pteno.

659 5397 803 5478 206..
827 5395 1200 5478 ρᾳρὶάεηιρςο
1241 5400 1527 5478 simulacro
1570 5401 1860 5478 Arnobius,
1891 5404 2171 5478 Minucius,

594 5469 752 5543 etiam
781 5467 964 5521 Livius
993 5469 1276 5543 accipiunt.
1306 5471 1499 5525 Primis
1533 5467 1863 5541 temporibus
1892 5473 2094 5543 lapides
2123 5467 2178 5528 et

590 5538 799 5603 stipites
845 5551 955 5613 pro
985 5538 1284 5613 simulacris
1322 5543 1543 5601 deorum
1588 5538 1830 5607 habitos,
1862 5538 2014 5598 multi
2057 5545 2175 5613 opi-

591 5615 804 5684 nantur.
841 5607 958 5684 Sed
989 5607 1228 5676 stipites,
1260 5611 1463 5681 lapides
1492 5623 1544 5666 et
1583 5614 1848 5669 columna:
1868 5654 1883 5677 ,
1913 5630 2033 5684 qua:
2078 5607 2176 5684 pro

592 5680 694 5761 diis
719 5679 1055 5761 colebantur,
1088 5688 1144 5733 ut
1172 5694 1271 5748 ego
1303 5679 1516 5761 {quidem
1553 5686 1831 5761 eaislimo,
1865 5679 2176 5761 plerumque

591 5749 770 5808 aliqua
791 5748 942 5805 rudia
961 5749 1284 5808 lineamenta
1313 5748 1559 5812 humanae
1591 5755 1774 5813 forma:
1803 5748 2154 5816 orieierebaiit

2277 4489 2619 4559 religionibus
2647 4488 2885 4542 innutriti
2915 4499 3286 4559 susceperunt.
3319 4487 3471 4541 Nunc
3500 4489 3718 4556 quidem
3755 4487 3872 4558 ple-

2273 4557 2425 4628 rique
2456 4560 2508 4614 in
2555 4574 2616 4615 ea
2667 4561 2776 4612 nati
2817 4557 3139 4626 educatique
3177 4566 3335 4628 sunt;
3382 4559 3476 4612 sed
3510 4557 3873 4615 nihilominus

2271 4627 2582 4698 argumenta
2612 4630 2804 4698 quibus
2832 4630 2949 4696 ejus
2997 4629 3192 4682 veritas
3261 4627 3663 4683 demonstratur
3707 4631 3874 4685 obvia

2273 4701 2472 4768 passim
2511 4711 2663 4765 sunt,
2695 4709 2748 4754 et
2787 4713 3001 4754 omnem
3032 4698 3417 4752 dubitationem
3460 4700 3642 4754 valent
3682 4704 3874 4771 expel-

2273 4772 2410 4826 lere.

2343 4841 2469 4895 212.
2502 4841 2649 4905 Ald.,
2678 4839 2867 4911 Torn.,
2892 4838 3167 4911 mendose,
3191 4840 3422 4911 nonqui,
3452 4854 3550 4908 pro
3571 4857 3874 4911 nunquam.

2275 4911 2452 4980 Egm.,
2487 4912 2678 4972 Palat.,
2711 4910 2829 4980 Vat.
2865 4914 2929 4973 A,
2953 4911 3120 4964 codex
3144 4909 3338 4975 Jureti,
3369 4909 3724 4980 animamque.

2346 4982 2472 5036 215.
2515 4981 2646 5036 Mar.
2671 4996 2702 5035 a
2729 4979 2894 5047 prima
2923 4995 3105 5045 mauu,
3136 4995 3352 5048 namque
3377 4980 3550 5034 domo.

2343 5053 2467 5107 216.
2506 5052 2775 5121 Virgilius,
2797 5050 3168 5106 Cassiodorius
3196 5060 3251 5105 et
3279 5050 3390 5116 alii,
3421 5050 3679 5122 Capitolia
3711 5054 3880 5107 celsa.

2275 5119 2474 5179 Confer
2503 5119 2726 5188 gloss-as.

2346 5194 2472 5248 217.
2504 5193 2625 5246 Rat.
2651 5207 2681 5245 a
2711 5189 2947 5248 secunda
2969 5205 3150 5259 manu,
3185 5192 3459 5261 turrigerae.
3486 5191 3678 5246 Retine
3711 5193 3885 5247 lauri-

2315 5281 2446 5317 6l'08.

2279 5281 2473 5388 96,2012.
2505 5331 2651 5398 Ald.,
2682 5342 2734 5386 at
2766 5330 3015 5398 Sacram;
3047 5331 3158 5396 alii,
3197 5348 3258 5385 ac
3287 5332 3521 5386 Sacram.
3559 5333 3616 5387 In
3647 5332 3793 5388 Mar.
3831 5349 3890 5392 et

2278 5403 2402 5460 Ral.
2433 5411 2552 5470 post
2587 5403 2728 5472 hunc
2759 5418 2965 5458 versum
3011 5405 3206 5458 lemma
3234 5403 3313 5472 De
3351 5403 3631 5456 simulati-0
3663 5402 3889 5472 Ronan,

2277 5483 2325 5528 et
2354 5473 2504 5527 variis
2525 5471 2837 5528 simulacris.
2868 5474 2968 5527 Alii
2999 5475 3171 5528 solum
3195 5513 3209 5536 ,
3248 5471 3323 5524 De
3348 5473 3631 5527 simulacro
3668 5471 3890 5532 ﬂorum.

2349 5543 2475 5597 219.
2505 5544 2750 5614 Smyrnei
2782 5544 2939 5615 primi
2959 5544 3212 5615 templum
3237 5543 3383 5615 urbis
3403 5544 3587 5597 Romae
3619 5556 3894 5615 tanquam

2282 5613 2395 5686 dea:
2419 5613 2740 5686 statuerunt.
2769 5613 3167 5686 Alabandenses
3188 5614 3356 5669 secuti
3383 5623 3509 5686 sunt
3537 5613 3894 5686 exemplum,

2280 5693 2334 5740 ct
2364 5684 2514 5738 ludos
2540 5684 2935 5738 anniversarios
2959 5685 3300 5740 addiderunt.
3323 5685 3590 5741 Adrianus
3629 5686 3684 5739 in
3711 5684 3726 5686 “
3747 5688 3897 5745 Urbe

2279 5755 2392 5822 ipsa
2437 5755 2634 5809 Stravit
2675 5755 2896 5814 Veneris
2929 5766 2986 5826 et
3017 5756 3204 5821 Roma)
3249 5755 3527 5820 templum.
3578 5755 3721 5812 Vide
3767 5759 3898 5823 Lip.
