4068 6290
543 322 642 376 M7

540 435 645 490 520
715 433 979 500 Cirrulus,
1002 442 1056 487 et
1076 433 1316 487 ﬂammas
1348 431 1589 485 immensi
1611 431 1805 484 sideris
1834 431 1971 483 ultra

712 524 946 579 Telluris
974 539 1210 578 normam
1234 532 1482 592 porrecto
1510 522 1799 577 extendere
1826 537 1977 592 gyro.

714 616 923 668 Numae
951 616 1113 669 etiam
1141 615 1261 667 εαξιί
1294 614 1484 677 minor,
1517 625 1565 667 et
1594 614 1920 667 contractior
1944 613 2108 675 othis,

716 704 881 774 Cujus
903 705 1179 772 planitiem
1208 703 1368 772 longo
1397 704 1758 757 transmittere
1792 712 1960 755 tractu

716 796 959 849 Circinus
984 809 1270 849 excurrens
1303 802 1439 847 meta
1466 793 1719 848 interiore
1741 794 1983 847 laborat?

541 884 644 940 525
715 885 806 939 Ille
832 885 971 939 Deus
999 898 1178 949 verus,
1204 899 1310 949 quo
1340 899 1444 937 non
1476 892 1558 939 est
1581 884 1834 954 grandior
1864 883 1965 937 ulla

712 977 981 1042 Materies,
1012 976 1101 1045 qui
1134 976 1248 1029 line
1272 986 1440 1041 caret,
1465 978 1553 1045 qui
1578 977 1829 1045 praesidet
1856 976 2000 1030 omni

709 1068 943 1130 Naturae,
975 1070 1065 1136 qui
1096 1077 1284 1122 cuncta
1314 1068 1471 1121 simul
1499 1067 1787 1134 concludit,
1818 1075 1874 1125 et
1903 1068 2106 1135 implet.

712 1158 892 1212 Solem
921 1167 1066 1212 certa
1098 1168 1242 1211 tenet
1269 1161 1437 1227 regio,
1468 1158 1616 1226 plaga
1650 1166 1792 1211 certa
1819 1168 2053 1215 coercet.

712 1250 873 1319 727
897 1248 1434 1322 Temporibuslvariis
1455 1249 1796 1318 distinguitur
1823 1265 1837 1302 :
1859 1258 1949 1301 aut
1968 1249 2112 1303 subit

1044 1360 1049 1365 η
1134 1360 1139 1365 ·
1262 1383 1271 1389 ,
1877 1339 2038 1410 [οιιυ.

540 1431 643 1486 550
715 1432 819 1484 Aut
847 1431 954 1485 ruit
974 1444 1187 1488 occasu.
1216 1431 1342 1484 latet
1364 1438 1453 1482 aut
1477 1430 1574 1483 sub
1605 1439 1758 1484 nocte
1784 1444 2068 1483 recurrens
2094 1449 2106 1481 :

716 1519 826 1573 Nec
857 1530 1108 1589 torquere
1133 1520 1298 1574 facem
1320 1520 1460 1589 potis
1480 1519 1648 1573 estad
1679 1520 1824 1588 signa
1857 1520 2108 1583 trionum,

715 1610 858 1685 qube
885 1626 985 1666 nec
1012 1611 1228 1680 obliquo
1253 1621 1432 1679 portas
1452 1610 1713 1676 aquilonis
1741 1610 1910 1671 adire.

719 1701 829 1756 Nec
845 1703 1056 1756 solitum
1080 1717 1369 1757 conversus
1391 1703 1492 1756 iter
1519 1717 1768 1755 revocare
1792 1710 2105 1755 retrorsum.

718 1794 814 1848 llic
842 1796 945 1847 erit
971 1810 1099 1861 ergo
1132 1795 1287 1853 Deus,
1321 1794 1647 1862 prmscriptis
1673 1795 1788 1863 lege
1813 1794 1912 1848 sub
1940 1810 2041 1848 una
2136 1801 2180 1859 Β

542 1885 645 1940 555
718 1886 934 1941 Deditus
965 1886 1200 1939 officiis?
1228 1884 1469 1938 Libertas
1498 1885 1665 1939 laxior
1695 1885 1793 1950 ipsi

710 1980 974 2034 Concessa
1001 1988 1082 2032 cst
1104 1978 1303 2031 homini
1331 1995 1342 2031 :
1367 1978 1591 2030 formam
1621 1977 1703 2031 ‘cui
1729 1975 1944 2030 ﬂectere
1969 1976 2112 2039 vitm,

717 2076 890 2137 Atque
913 2068 1200 2122 voluntatis
1221 2067 1420 2119 licitum
1443 2075 1545 2130 est,
1570 2081 1663 2120 seu
1687 2066 1901 2120 tramite
1926 2066 2113 2120 dextro

715 2159 1007 2222 Scandere,
1032 2172 1127 2211 seu
1156 2159 1287 2211 laevo
1307 2157 1456 2210 malit
1475 2156 1763 2210 decurrere
1792 2169 2004 2223 campo,

1634 316 1910 371 AURELII
1949 312 2314 371 PRUDI‘INTII
2350 311 2676 366 CARHINA.

3691 316 3799 374 ΝΒ

2399 426 2625 482 Sumere
2655 441 2747 481 seu
2779 428 3038 495 requiem,
3062 442 3156 481 seu
3185 429 3499 483 continuare
3528 431 3796 494 laborem,

2214 519 2317 572 5ίο
2388 518 2496 571 Seu
2530 533 2716 586 patere
2740 518 2871 577 Deo,
2905 520 3019 571 sive
3049 522 3098 571 in
3125 519 3393 575 contraria
3421 520 3576 574 verti.

2392 610 2494 662 Ista
2525 607 2849 661 ministranti
2880 608 3117 676 regimen
3147 609 3388 662 solemne
3416 610 3627 664 dierum

2395 698 2814 767 Haudquaquam
2845 699 2957 777 Suli
2988 699 3146 753 datur
3170 714 3199 752 a
3229 699 3432 753 factore
3459 708 3740 767 potestas:

2387 790 2491 846 Sed
2533 790 2765 845 famulus
2808 791 3083 859 subjectus
3128 792 3258 861 agit,
3301 792 3655 860 quodcunque
3699 809 3801 845 nc-

3002 876 3011 883 ’
3252 924 3255 929 .
3420 882 3591 953 [cesse
3618 893 3722 937 est.

2389 975 2501 1029 Hoc
2521 974 2671 1028 sidus
2693 990 2931 1039 currum,
2950 975 3266 1043 rapidasque
3288 975 3489 1044 agitare
3507 976 3765 1044 quadriga
3782 994 3797 1022 ι

2212 1067 2315 1121 5ξό
2387 1062 2712 1130 Commenti,
2735 1074 2789 1118 et
2813 1065 2992 1119 radios
3013 1066 3219 1135 capitis,
3240 1074 3295 1119 et
3320 1063 3540 1118 verbera
3565 1064 3793 1124 deum,

2386 1156 2550 1226 728
2588 1156 2654 1208 Et
2683 1158 2879 1217 frenos,
2915 1156 3289 1223 phaleras-lue,
3318 1164 3373 1209 et
3403 1170 3660 1223 equorum
3700 1170 3795 1222 pe-

2370 1232 2377 1241 “
3336 1245 3502 1317 [ctera
3529 1247 3725 1299 anhela

2390 1338 2536 1393 Air's
2564 1339 2818 1400 inaurati,
2847 1338 2930 1391 vel
2960 1340 3264 1401 marmoris,
3297 1348 3388 1390 aut
3408 1338 3682 1401 orichalci,

2395 1429 2678 1483 Jusserunt
2703 1428 2871 1481 nitido
2902 1427 3104 1492 fulgeze
3134 1430 3295 1494 polita
3326 1428 3563 1482 metallo.

2364 1521 2517 1573 'l'ost
2554 1508 2784 1582 tr'aheas,
2815 1527 2871 1573 et
2905 1519 3164 1574 eburnam
3204 1520 3457 1587 aquiLam,
3500 1519 3797 1587 sellamque

3459 1608 3722 1680 [curulem

2214 1702 2320 1756 550
2399 1700 2633 1756 Cernuat
2660 1692 2752 1756 ora
2776 1716 2938 1757 senex
2971 1702 3243 1781 barbatus,
3274 1712 3328 1755 et
3353 1705 3531 1755 oscula
3561 1703 3673 1771 llgit

2382 1796 2974 1866 Cruribusaanipedum,
2992 1799 3035 1849 si
3051 1797 3129 1851 fas
3145 1806 3225 1851 est
3240 1797 3478 1859 credere,
3496 1812 3790 1865 equorum:

2396 1890 2751 1957 hnntotasqne
2776 1902 2944 1955 retas,
2976 1896 3037 1942 et
3056 1887 3197 1941 ﬂecti
3226 1890 3402 1940 nescia
3434 1888 3547 1940 Iura

2395 1985 2498 2033 Ant
2524 1989 2681 2033 ornat
2709 1980 2950 2033 redimita
2979 1980 3136 2038 rosis,
3168 1987 3259 2031 aut
3289 1978 3443 2031 thure
3474 1986 3721 2046 vaporat.

2465 2069 2574 2123 lloc
2593 2078 2767 2124 tamen
2788 2078 3055 2138 utcunque
3072 2076 3155 2121 est
3173 2068 3465 2129 tolerabile,
3482 2068 3632 2135 quid,
3651 2066 3791 2137 quod

3486 2160 3562 2231 [et
3591 2160 3723 2227 ipsa:

1837 2242 2118 2298 GLOSSZE
2157 2244 2494 2305 VETERES.

613 2360 736 2416 520.
766 2361 989 2427 Sideris,
1016 2362 1157 2424 solis,
1190 2363 1227 2415 Ι.

612 2433 736 2495 522.
767 2433 1122 2494 Contramior,
1151 2433 1364 2487 brevior.
1387 2458 1458 2472 —-
1474 2429 1652 2495 Orbis,
1676 2428 1916 2493 circulus,
1940 2428 1981 2485 Ι.

612 2500 738 2556 521.
768 2501 1035 2565 Circinus,
1066 2501 1289 2555 circulus
1314 2503 1459 2567 solis,
1489 2501 1842 2561 sol.—Meta,
1875 2502 1997 2567 ﬁne,
2029 2500 2069 2555 1.

611 2572 738 2629 529.
773 2574 928 2627 Subit
948 2582 1087 2636 ortu,
1118 2574 1365 2634 ascendit,
1395 2572 1591 2633 crescit,
1621 2574 1801 2640 surgit,
1833 2570 1873 2625 Ι.

610 2646 734 2697 551.
771 2644 982 2709 Facem,
1030 2644 1368 2712 splendorem.
1394 2642 1762 2706 ~—Trionutn,
1810 2643 2109 2707 septentrio-

542 2730 664 2769 num
690 2714 758 2767 ad
787 2713 1226 2779 septentrionalem
1252 2715 1477 2784 plagam,
1512 2712 1552 2766 Ι.

610 2785 734 2839 55ὁ.
767 2785 860 2837 llic
888 2785 1010 2848 erit,
1036 2784 1245 2847 ironice,
1276 2782 1317 2838 Ι.

608 2853 733 2908 5Η.
763 2853 1036 2918 Soletnne,
1060 2854 1286 2915 solitum,
1320 2853 1439 2913 Vat.
1474 2851 1539 2907 A.

608 2924 732 2977 542.
764 2923 1196 2992 Haudquaquam,
1219 2940 1558 2993 nequaquam,
1588 2923 1627 2976 Ι.

605 2994 730 3048 διδ.
764 2993 905 3061 Agit,
936 2995 1081 3061 facit,
1113 2995 1149 3048 l.

605 3066 732 3117 3M.
764 3064 1001 3131 Agitare,
1035 3066 1235 3126 ducere,
1270 3063 1308 3116 Ι.

609 3132 730 3189 545.
763 3134 1058 3188 Commenti
1078 3176 1091 3191 ,
1137 3133 1468 3186 arbitrantur.
1494 3161 1562 3171 --
1585 3132 1780 3185 Radius
1805 3172 1820 3196 ,
1871 3148 2109 3190 coronant

540 3220 764 3257 auream.
792 3233 862 3242 ——
884 3203 1143 3268 Verbera,
1171 3204 1379 3273 ﬂagello
1406 3204 1585 3266 utitur,
1618 3203 1658 3256 Ι.

610 3273 733 3329 546.
762 3274 987 3337 Auhela,
1018 3274 1374 3344 faligabundu,
1410 3274 1447 3325 Ι.

2285 2361 2407 2416 547.
2439 2362 2667 2415 lnaurati
2691 2402 2706 2425 ,
2742 2361 3353 2418 deaurati.—Orichalci
3378 2401 3395 2424 ,
3439 2359 3795 2415 aurichalcum

2215 2432 2401 2503 dicitur
2422 2432 2567 2503 quasi
2608 2433 2722 2485 auri
2754 2449 2845 2495 aes,
2879 2449 2996 2485 nam
3026 2434 3240 2487 calchas
3267 2432 3459 2503 (ἔωσε,
3488 2447 3560 2503 aes
3589 2442 3790 2484 occatur

2217 2502 2417 2559 Latine.
2435 2501 2443 2503 “
2461 2501 2547 2556 Vel
2576 2502 2623 2556 si
2644 2504 2787 2556 dicas
2820 2504 3139 2566 oriclialcus,
3169 2502 3352 2556 montis
3380 2517 3455 2557 res
3493 2502 3790 2570 interpr-clm

2216 2573 2381 2636 bitur;
2408 2573 2487 2626 ori
2509 2572 2641 2625 enim
2670 2588 2832 2634 mons,
2864 2572 2904 2625 I.

2286 2643 2412 2697 548.
2437 2643 2742 2707 Jusserttnt,
2771 2642 2990 2697 ludendo
3019 2643 3312 2707 pinxerunt,
3344 2640 3448 2694 lso.

2283 2711 2406 2783 549.
2430 2711 2685 2783 Trabeas,
2726 2729 2883 2783 genus
2910 2713 3204 2775 vestimenti,
3232 2715 3307 2764 vel
3335 2720 3531 2783 vestem
3546 2711 3786 2779 regalem.

2214 2811 2285 2822 --—
2305 2782 2577 2847 Curulem,
2607 2779 2772 2837 sedent
2797 2782 3046 2843 curulem,
3078 2784 3219 2837 sedes
3245 2779 3476 2845 curialis,
3513 2780 3553 2834 1.

2287 2854 2411 2907 550.
2434 2852 2688 2917 Cernuat,
2722 2853 2980 2911 Itumiliat,
3007 2854 3241 2909 inclinat,
3275 2853 3312 2903 Ι.

2284 2924 2406 2975 5δι.
2439 2922 2783 2988 JEuipedum,
2805 2925 2924 2991 quia
2942 2938 3108 2975 teneas
3129 2919 3507 2989 pedes/iubent.
3531 2949 3602 2959 ——
3617 2920 3788 2988 Equo.

2215 3007 2353 3056 rum,
2399 3000 2542 3044 tanta
2572 2993 2813 3059 stultitia,
2849 3002 2906 3049 ut
2938 2996 3099 3049 Jtomo
3138 3007 3292 3046 crura
3318 3006 3562 3059 equorum
3593 2995 3790 3045 oscula-

2214 3073 2376 3123 retur,
2412 3064 2515 3115 lso.

2286 3133 2407 3187 554.
2450 3132 2561 3185 Huc
2599 3141 2775 3186 tamen
2810 3141 3100 3200 utcunque,
3126 3131 3264 3201 quod
3287 3131 3442 3183 salem
3466 3140 3514 3182 et
3542 3128 3717 3183 lunam
3743 3140 3790 3183 et

2213 3204 2384 3256 stellas
2404 3202 2710 3264 adorabunt,
2732 3215 2992 3269 utcunque
3014 3202 3133 3253 dicit
3162 3201 3600 3269 tolerabile;quod
3624 3209 3791 3253 tamen
3820 3204 3834 3215 '

2209 3273 2330 3326 deos
2355 3274 2636 3349 inferorum
2665 3273 2914 3339 colebant,
2949 3274 3046 3326 Itoc
3076 3274 3223 3343 pejus
3250 3272 3410 3323 multo
3429 3271 3663 3340 judicat,
3687 3272 3788 3324 lso.

1863 3377 2428 3441 COMMENTARIUS.

605 3498 733 3554 520.
766 3498 878 3554 Pal.
904 3514 934 3552 a
964 3500 1132 3567 prima
1165 3512 1355 3564 manu,
1401 3499 1642 3554 circinus.
1676 3498 1980 3569 Legendum
2007 3499 2109 3553 cir-

538 3574 701 3629 culus.
1078 3574 1085 3583 “

605 3641 733 3693 522.
764 3638 881 3691 Vat.
914 3640 976 3703 Α,
1008 3653 1192 3691 ncnne.
1225 3637 1452 3703 Cauclt.,
1485 3638 1608 3692 caelo
1638 3640 1820 3692 minor.

603 3710 729 3765 525.
753 3708 901 3770 Rau,
930 3725 1102 3762 cursu.
1133 3708 1238 3762 Pro
1266 3710 1375 3766 dir.
1397 3709 1521 3764 lect.
1554 3723 1713 3778 supra
1744 3711 1947 3763 minuto
1975 3710 2105 3765 cha-

537 3789 745 3852 ractere
768 3790 951 3852 tractu.
1185 3848 1198 3852 _
1365 3849 1376 3852 Α
1420 3840 1432 3852 ⁸

604 3848 888 3971 524.bVat.
938 3852 1006 3917 Α,
1043 3848 1319 3914 mendose,
1357 3848 1622 3902 inferiora.
1660 3850 1840 3919 Prag.,
1890 3849 2103 3917 laboret,

613 3936 711 3971 uus
776 3934 894 3971 ene.

536 3936 711 3972 IHIIIIIS
740 3934 894 3971 bene.

605 3990 736 4056 528.
764 3987 883 4040 Vat.
911 3987 1261 4056 A,corrupte,
1284 3987 1469 4040 molem
1486 4001 1584 4055 pro
1612 3988 1789 4041 solem.
1817 3987 1935 4042 Aldi
1958 4004 2109 4047 error

535 4062 676 4129 regia
708 4052 999 4129 proreqio.
1026 4052 1299 4129 Vide'qua:
1330 4052 1837 4129 Elmenhorstius‘et
1860 4058 2108 4114 Ouzelius

537 4125 724 4181 notant
768 4127 832 4180 ad
882 4125 1098 4181 Minucii
1137 4128 1297 4180 verba
1339 4143 1459 4198 pag.
1501 4127 1605 4181 258
1635 4145 1647 4179 :
1682 4126 1775 4181 Sol
1802 4129 2041 4200 demergit
2062 4142 2108 4185 et

534 4201 787 4250 nascitur.
1721 4200 1731 4211 '

606 4267 731 4323 529.
767 4269 919 4337 l'rag.
955 4266 1129 4323 minus
1151 4265 1310 4329 bene,
1342 4274 1503 4319 ortus.

604 4338 727 4390 551.
761 4338 906 4398 Ald.,
938 4352 1037 4387 non
1061 4348 1310 4404 torquere.
1808 4378 1819 4385 .

603 4408 728 4484 δεῇ
759 4409 940 4484 Ριοειε,ἱ
966 4405 1105 4477 Ergo
1126 4410 1218 4461 erit
1244 4404 1334 4461 ille
1354 4406 1498 4471 deus,
1533 4408 1853 4478 prwscriptus
1880 4414 1987 4484 lege
2013 4414 2105 4466 sub

532 4494 654 4531 nua.
683 4477 801 4537 Non
829 4477 1014 4545 probo.

605 4549 733 4603 555.
760 4548 1025 4613 Petavius,
1062 4557 1191 4601 tom.
1227 4547 1268 4611 l,
1309 4546 1404 4602 lib.
1430 4561 1484 4613 ν,
1517 4562 1636 4613 cap.
1677 4549 1729 4610 5,
1760 4547 1828 4602 de
1862 4549 2106 4607 libertate

530 4620 721 4685 agendi
752 4627 806 4672 et
833 4632 939 4670 non
968 4618 1155 4683 agendi
1184 4616 1483 4683 disputans,
1521 4616 1651 4677 Hoc,
1683 4619 1870 4685 inquit,
1889 4630 2107 4674 veterum

530 4633 561 4671 a
599 4633 721 4674 enat
752 4633 806 4672 et
833 4633 939 4670 non
968 4633 1155 4683 agendi
1184 4633 1483 4683 disputans,
1521 4633 1651 4677 nec,
1683 4633 1870 4685 inquit,
1889 4633 2107 4674 veterum

530 4633 623 4741 νᾶα
649 4689 819 4742 omnia
841 4688 1146 4755 persuadent
1166 4687 1472 4751 testimonia,
1488 4703 1601 4757 qum
1621 4689 1865 4741 hactenus
1886 4690 2107 4745 adduxi-

534 4775 645 4830 uius
671 4775 691 4814 :
721 4773 1046 4830 querqueuos
1067 4757 1413 4830 disertissimis
1441 4761 1507 4830 ad
1530 4759 1666 4810 idem
1689 4758 1977 4812 institutum
2006 4776 2109 4813 ver-

531 4829 669 4882 sibus
725 4827 1105 4881 cmicludetnus.
1162 4828 1296 4881 Tum
1355 4829 1552 4894 profert
1607 4830 1748 4882 hunc
1791 4843 1999 4881 verso":
2054 4841 2108 4884 et

533 4915 723 4967 seqq”
770 4898 998 4951 Libertas
1044 4898 1213 4951 laxior
1252 4897 1383 4968 ipsi,
1427 4909 1529 4951 etc.
1580 4901 1776 4952 CouPer
1827 4914 1967 4951 vers.
2004 4901 2106 4955 695

533 4970 770 5022 llamat‘t.

604 5039 727 5093 558.
760 5037 1029 5092 Juvenalis
1072 5047 1172 5091 sat.
1206 5038 1230 5090 1
1269 5053 1282 5090 :
1313 5036 1417 5089 Cur
1443 5046 1607 5090 tamen
1636 5040 1731 5090 hoc
1758 5037 1927 5106 potius
1954 5038 2103 5093 libeat

533 5109 796 5162 decurrere
824 5123 1020 5176 campo.

603 5178 725 5232 542.
761 5178 1103 5232 Prudentium
1146 5177 1384 5230 imitatus
1425 5177 1633 5231 videtur
1671 5177 1932 5245 Corippus
1962 5194 2100 5235 vers.

500 5246 631 5302 ’544
662 5266 676 5303 :
709 5248 814 5303 Sed
861 5250 1027 5316 [actor
1066 5245 1207 5310 solis,
1254 5259 1516 5315 postquam
1553 5248 1643 5300 sub
1677 5247 1783 5300 sole
1826 5248 1983 5302 rideri
2034 5252 2105 5305 Se

530 5319 707 5370 coluit.

536 5408 537 5411 η
600 5389 724 5458 545.
754 5385 903 5458 Ald,
932 5400 1036 5443 non
1058 5386 1215 5458 bene,
1236 5386 1492 5458 subjectus
1523 5388 1615 5458 ait.

601 5456 725 5509 544.
772 5454 847 5509 De
873 5471 1031 5509 curru
1062 5456 1189 5509 solis
1215 5454 1440 5525 aliisque
1471 5457 1733 5522 adjunctis
1761 5456 1976 5513 Ovidius
2009 5458 2101 5512 Iih.

534 5540 570 5577 Il
599 5526 991 5645 lMetamnrph.,
1033 5527 1131 5578 soli
1180 5528 1481 5595 quadrigze,
1528 5532 1666 5581 luna:
1707 5529 1841 5596 biga:
1883 5529 2099 5582 attribui

534 5606 726 5645 soeot.

532 5606 726 5647 solent.

599 5664 725 5718 545.
758 5662 877 5715 Vat.
911 5666 974 5727 A,
1009 5663 1220 5728 vitiose,
1248 5665 1458 5727 rapidos
1486 5667 1689 5732 capitis.
1717 5665 1868 5730 Urb.,
1893 5667 2030 5730 (iis.,
2055 5676 2105 5718 et

530 5735 710 5789 canitis
741 5732 1010 5797 radios;id
1032 5735 1220 5787 iuClItltt
1245 5737 1313 5788 ab
1336 5738 1397 5788 iis
1424 5738 1510 5802 qni
1535 5740 1637 5790 vim
1659 5751 1879 5790 caesttra:
1902 5738 1953 5789 in
1981 5751 2102 5803 pro-

2214 3499 2454 3573 ducenda
2486 3501 2712 3573 syllaba,
2737 3511 2791 3557 et
2810 3502 3246 3557 roosuelttdinem
3278 3503 3554 3558 Prudentii
3582 3501 3790 3571 ignora-

2214 3571 2352 3624 bant.
2384 3571 2597 3626 Jureius
2626 3573 2739 3626 fuse
2772 3575 2857 3626 hic
2882 3573 3095 3639 disserit
3115 3574 3182 3628 de
3206 3573 3367 3626 radiis
3389 3575 3584 3640 quibus
3611 3574 3790 3627 ornari

2214 3642 2457 3695 solebant
2485 3645 2678 3711 capita,
2710 3658 2776 3697 ex
2804 3642 3028 3706 Velleio,
3061 3642 3316 3697 Suetonio
3339 3652 3394 3696 et
3419 3642 3567 3707 aliis;
3591 3646 3790 3710 arguit-

2211 3727 2316 3779 que
2366 3728 2565 3766 morem
2589 3713 2846 3767 formandi
2870 3713 2922 3765 in
2941 3714 3151 3780 templis
3172 3713 3453 3766 simulacra
3475 3721 3786 3766 sanctorum

2211 3797 2275 3835 ex
2298 3782 2457 3837 simili
2481 3783 2865 3837 cenauetudine
2887 3785 2937 3835 in
2964 3784 3148 3836 statuis
3173 3783 3440 3837 Cmsarnm
3466 3782 3636 3836 videri
3667 3795 3791 3852 pro-

2211 3852 2448 3905 ﬂuxisse.
2487 3854 2716 3907 Consule
2754 3853 2821 3905 de
2844 3853 2952 3905 hoc
2995 3854 3228 3906 caelitum
3262 3852 3441 3906 nimbo
3480 3852 3787 3907 Comment.

2210 3923 2424 3975 Antonii
2462 3923 2733 3977 Francisci
2778 3921 2922 3976 Gorii
2961 3922 3028 3977 de
3062 3923 3271 3977 Mitrato
3305 3923 3431 3977 Jesu
3460 3923 3660 3977 Christi
3684 3920 3791 3976 Ca-

2213 3994 2340 4061 pite.
2365 3992 2420 4046 lu
2448 3993 2579 4046 ΛΙἀο
2603 3993 2851 4047 mendum
2881 4002 2962 4046 est
2987 3995 3203 4046 verbere.

2280 4063 2405 4117 556.
2430 4061 2549 4115 Vat.
2584 4066 2648 4127 Α,
2679 4072 2733 4115 ut
2765 4066 2957 4131 frenos.
3518 4110 3519 4115 η

2280 4133 2404 4186 547.
2428 4131 2548 4187 Vat.
2577 4137 2645 4197 A,
2677 4133 2824 4195 Ald.,
2855 4133 3114 4196 inaurata,
3146 4132 3317 4186 minus
3351 4133 3504 4186 bene.

2281 4202 2570 4273 549.7lnter
2600 4202 2822 4273 insignia
2845 4205 3151 4273 consulatus
3168 4214 3283 4257 erat
3301 4202 3793 4273 scipioeburneus,

2210 4273 2295 4324 cui
2326 4272 2586 4326 insidebat
2613 4271 2806 4342 aquila.
2859 4271 3131 4327 .luvenalis
3170 4273 3371 4342 satam
3401 4290 3412 4324 :
3450 4272 3531 4325 Da
3565 4281 3610 4323 et
3638 4272 3791 4342 cols:-

2209 4357 2362 4414 crem,
2404 4353 2600 4414 sceptro
2644 4341 2758 4414 quia
2801 4344 2964 4412 surgit
3004 4343 3213 4414 eburno.
3257 4341 3391 4395 Vide
3425 4342 3684 4414 llymnum
3718 4341 3788 4398 S.

2211 4411 2460 4482 llotnani,
2485 4427 2627 4467 vers.
2662 4411 2764 4466 M8
2786 4422 2839 4465 et
2864 4411 3015 4482 seqq.
3041 4412 3330 4481 Grangmus
3350 4411 3493 4465 solos
3518 4427 3613 4465 eos
3634 4421 3794 4477 putat

2203 4481 2475 4549 designari
2512 4484 2598 4549 qui
2639 4481 2961 4547 triumphum
3000 4482 3178 4550 adepti
3210 4486 3436 4535 fuerant.
3469 4482 3669 4535 Trabea
3698 4493 3794 4534 est

2212 4552 2526 4623 togarvirgis
2558 4552 2836 4623 purpureis
2862 4552 3030 4605 instar
3054 4552 3280 4623 trabium
3322 4553 3591 4606 distincta.
3637 4550 3789 4623 Sella

2209 4622 2412 4742 eihrililis
2464 4619 2672 4742 prqpria
2713 4631 2829 4675 erat
2866 4619 3162 4689 dictatoris,
3211 4622 3465 4683 con-aulis,
3519 4621 3785 4688 censoris,

2209 4705 2253 4743 ω
2297 4708 2306 4741 ι
2338 4707 2379 4743 IS
2405 4705 2531 4743 curn
2562 4705 2624 4745 is.

2134 4795 2185 4853 Β
2282 4760 2403 4842 550.
2434 4761 2581 4821 Ald.,
2614 4761 2742 4815 Mar.
2766 4777 2793 4815 a
2815 4761 3183 4844 prima.manu,
3200 4758 3338 4823 Gis.,
3362 4774 3651 4829 cernuaque
3669 4775 3787 4814 ora.

2211 4827 2479 4882 Plerique.
2506 4842 2730 4882 cernuat.
2761 4843 2921 4882 etiam
2943 4833 3117 4882 (illan.
3148 4842 3203 4882 et
3222 4831 3340 4882 .lur.
3365 4830 3523 4882 codd.

2275 4830 2479 4897 erique,
2506 4842 2730 4894 cernuat,
2761 4830 2921 4885 etiam
2943 4833 3117 4885 Gifan.
3148 4842 3203 4884 et
3222 4831 3340 4883 .lur.
3365 4830 3523 4883 codd.

2280 4902 2403 4954 551.
2433 4903 2581 4962 ΑΙιΙ..
2603 4901 2768 4955 codex
2792 4902 2957 4957 Jureti
2982 4910 3038 4955 et.
3061 4902 3173 4955 Cis.
3199 4902 3263 4953 ad
3285 4915 3456 4961 oram,
3476 4899 3789 4969 mripedum,

2208 4974 2349 5038 quod
2378 4972 2612 5025 malebat
2648 4971 2944 5036 Cauchius,
2976 4977 3045 5038 {et
3092 4970 3448 5024 rectissimum
3476 4972 3609 5022 dicit
3636 4970 3794 5023 Gifa-

2210 5041 2329 5092 nius
2356 5056 2418 5094 ex
2444 5049 2555 5113 yet.
2583 5042 2698 5113 lih.,
2726 5043 3055 5113 improbante
3088 5040 3321 5094 lleinsio.

2281 5111 2558 5180 555.,7Vat.
2598 5107 3020 5178 A,'depravale,
3063 5120 3178 5165 tura
3216 5126 3312 5180 pro
3345 5107 3517 5180 thure.
3551 5108 3701 5180 Virg.
3736 5125 3794 5163 ιτ

2209 5178 2464 5251 ᾸίηηίΕι
2492 5182 2731 5250 templum
2761 5176 2904 5233 llture
2934 5188 3166 5251 vaporat.
3209 5176 3535 5251 Paschalitts.
3577 5176 3796 5231 de'tlno

2211 5253 2356 5303 runis
2381 5250 2473 5304 lib.
2498 5248 2724 5319 itt,'cap.
2750 5251 2802 5316 6,
2829 5254 2936 5304 lora
2962 5248 3150 5304 currus
3173 5266 3276 5318 quo
3298 5249 3377 5302 sol
3399 5248 3631 5310 vehitur,
3654 5252 3798 5304 rosis

2211 5328 2392 5386 opella
2432 5337 2496 5372 ex
2528 5323 2627 5373 hoc
2662 5323 2778 5374 loco
2819 5331 2993 5381 notat,
3029 5330 3077 5373 ct
3118 5321 3352 5388 pluribus
3387 5319 3673 5388 conﬁrmat
3699 5334 3801 5369 ro-

2207 5401 2358 5440 seum
2382 5390 2615 5443 colorem
2639 5403 2668 5441 a
2691 5390 2862 5459 poetis
2885 5391 2937 5442 iu
2965 5386 3158 5445 coelum
3186 5388 3475 5459 invectum.
3493 5388 3623 5439 Post
3644 5386 3799 5459 hunc

2208 5472 2417 5510 versum
2464 5456 2735 5525 inscriptio
2776 5460 2829 5512 in
2870 5461 2991 5515 llat.
3030 5468 3083 5511 et
3123 5460 3249 5512 Mar.
3299 5456 3413 5510 lucc
3458 5468 3677 5510 exstat:
3710 5457 3799 5511 De

2208 5527 2344 5597 luna;
2372 5529 2591 5595 cultura,
2613 5538 2832 5597 quamet
2857 5530 3076 5581 Dianam
3104 5530 3298 5580 dicunt.

2275 5596 2401 5651 δεδι.
2437 5598 2551 5651 Lib.
2599 5594 2688 5652 .{ut
2729 5598 3004 5666 Sapient.,
3050 5614 3188 5651 vers.
3230 5599 3281 5661 ϐ,
3326 5598 3392 5650 de
3442 5596 3526 5651 bis
3556 5595 3645 5665 qui
3675 5594 3799 5650 ele-

2205 5677 2408 5733 menta,
2441 5671 2606 5725 Solem
2637 5680 2690 5722 ct
2720 5671 2895 5724 lunam
2926 5671 3055 5734 deos
3086 5678 3397 5734 putaverunt
3428 5684 3442 5721 :
3476 5665 3583 5721 Sed
3615 5677 3795 5719 tanien

2204 5734 2374 5789 adhuc
2391 5728 2442 5790 in
2466 5737 2543 5791 liis
2565 5741 2729 5791 minor
2754 5748 2825 5793 cst
2845 5728 3066 5805 qucrcila.
3086 5728 3146 5792 lu
3175 5738 3304 5791 Mar.
3338 5755 3366 5787 ει
3400 5738 3569 5804 prima
3596 5752 3793 5803 manu,
