4066 6296
726 455 862 522 Quid
888 454 1058 523 pulvis
1079 469 1255 509 cavea:
1281 467 1494 521 semper
1518 451 1779 514 funebris,
1811 461 1865 507 et
1885 452 1976 506 illa

727 546 1198 617 Ampltitheatralis
1228 544 1526 613 spectacula
1555 544 1724 598 tristia
1757 545 2005 613 pompm?

725 639 803 693 Ne
825 636 1375 707 ttpeCltaron,jugttlis
1393 637 1710 689 miscrorum
1725 652 1785 690 se
1797 636 1933 691 duce
1947 637 2133 707 dignas
2154 674 2179 711 ι.

731 729 936 798 Accipit
963 727 1197 790 inferias,
1231 727 1469 793 placatus
1490 728 1719 781 crimine
1741 743 1914 780 sacro.

728 821 822 874 lla:
842 828 967 873 sunt
986 819 1189 872 delicia:
1210 818 1669 873 Jovis‘infernalis
1690 837 1704 872 :
1728 820 1780 873 in
1812 821 1929 873 istis
1990 857 2010 879 .

727 910 940 965 Arbiter
961 909 1173 962 obscuri
1202 908 1443 976 placidus
1474 910 1761 978 requiescit
1785 912 2005 964 Averni.

731 1003 918 1057 Nonne
946 1004 1107 1070 pudet
1141 1017 1320 1071 regem
1352 1004 1627 1072 p0pulnm,
1662 1003 1996 1072 sceptrisque
2040 1019 2136 1071 po-

1821 1092 2065 1165 [tenzent,

729 1185 871 1238 Talia
899 1198 999 1253 pro
1030 1184 1212 1252 patriar
1236 1198 1461 1238 censere
1486 1184 1685 1239 litanda
1718 1184 1933 1237 salute?

732 1275 1044 1344 ltelligionis
1068 1289 1226 1342 opem
1252 1274 1525 1327 subternis
1563 1289 1787 1343 poscere
1818 1274 1887 1328 ab
1928 1274 2096 1327 antris
2116 1276 2140 1325 9

732 1368 967 1431 Evocat,
1022 1368 1159 1421 heu!
1209 1370 1385 1435 pomis
1414 1368 1696 1420 tenebrosa
1720 1383 1787 1420 cx
1827 1366 1957 1421 sede
1985 1366 2143 1418 mini-

1129 1449 1138 1457 ’
1553 1478 1564 1486 ·
1881 1458 2069 1529 [strum

730 1553 1003 1617 lnteritus,
1032 1552 1272 1620 speciosa
1299 1550 1575 1604 hominum
1599 1550 1682 1604 cui
1713 1549 1898 1603 funera
1922 1550 2116 1603 Solvat.

1688 310 1966 393 suum."
2008 313 2374 399 PRUDEN'I‘ll
2415 310 2741 386 canum.

2166 454 2217 511 Α
2245 450 2351 505 595
2423 450 2583 522 732
2608 449 2881 506 Incassum
2909 464 3135 523 arguere
3148 452 3260 522 jam
3291 451 3519 507 Taurica
3564 466 3718 507 saera
3748 466 3839 506 so-

3735 338 3832 395 132

3537 543 3764 615 [le-mus:

2422 632 2684 688 Funditur
2713 632 2980 688 humanus
3002 633 3198 689 Latiari
3230 635 3283 688 in
3314 649 3538 688 munere
3560 639 3800 703 sanguis,

2423 725 2829 794 Concessusqtte
2855 726 2943 780 ille
2970 736 3309 793 spectantum
3336 727 3499 779 solvit
3524 725 3590 779 ad
3618 740 3769 777 aram

2424 816 2664 869 Plutonis
2696 817 2806 871 fera
2836 826 2959 870 vota
2995 819 3095 870 sui.
3127 817 3264 883 Quid
3287 818 3526 872 sanctius
3550 833 3664 881 ara,

2423 908 2552 973 Quae
2583 907 2717 961 bibit
2742 917 2983 977 egestum
3009 924 3104 976 per
3127 910 3353 979 mystica
3383 910 3484 963 tela
3521 911 3810 963 cruorem?

2426 1005 2580 1052 Anztc
2611 998 2741 1052 fides
2770 1000 2935 1054 dubia
2967 1011 3050 1055 εει
3077 1000 3190 1064 tibi,
3225 1002 3325 1054 sub
3354 1002 3582 1071 caligine
3601 1017 3747 1056 amca

2425 1088 2556 1141 Esse
2580 1088 2761 1153 deum,
2789 1106 2946 1159 quem
2971 1100 3026 1145 tu
3062 1092 3238 1145 tacitis
3266 1093 3480 1147 rimeris
3508 1092 3563 1146 in
3596 1091 3848 1147 umbris?

2427 1177 2565 1231 Ecce
2598 1178 2728 1233 deos
2749 1180 2932 1235 Manes
2959 1196 3057 1235 cur
3090 1182 3347 1237 inliciaris
3379 1183 3617 1237 haberi?

2426 1270 2542 1337 Ipsa
2568 1279 2773 1339 patrum
2815 1283 3159 1327 monumenta
3188 1276 3448 1342 probant:
3480 1275 3573 1328 Dis
3599 1274 3848 1328 Manibus

3625 1366 3779 1439 [illic

2423 1456 2585 1526 733
2617 1456 2880 1511 Marmora
2919 1467 3064 1512 secta
3103 1459 3246 1529 lego,
3287 1472 3608 1528 quacunque
3654 1457 3848 1512 Latina

3490 1550 3509 1619 Ῐ⁵
3530 1559 3779 1605 vetustos

2245 997 2351 1050 400

1842 1630 2130 1699 omissas
2170 1644 2513 1700 VETERES.

622 1743 747 1798 584.
796 1741 1013 1802 Caveat,
1072 1756 1272 1806 arente,
1322 1741 1538 1804 theatri,
1591 1738 1723 1793 Mar.
1747 1764 1820 1778 -—-
1844 1736 2137 1803 Funebris,
2174 1738 2218 1798 Β
2247 1740 2325 1790 nis
2347 1738 2702 1804 infernalibus,
2734 1739 2775 1793 1.

551 1814 801 1875 mortal's,
839 1814 878 1866 Ι.

620 1883 745 1936 585.
763 1883 1256 1950 Amphitheatralis,
1284 1880 1541 1940 circulus;
1564 1880 1641 1933 vel
1663 1879 1926 1950 luxuriose
1938 1879 2143 1946 amphi-

552 1953 830 2017 theatrum,
870 1949 1021 2005 muro
1064 1954 1408 2004 circumdatus
1456 1956 1597 2003 locus
1633 1950 1861 2003 theatri:
1889 1949 2143 2003 theatrum

550 2032 623 2077 est
654 2025 1000 2092 spectaculum
1030 2022 1319 2088 ubicunque
1338 2021 1580 2089 po.itum,
1614 2020 1716 2073 lso.

618 2092 742 2146 586.
773 2093 1004 2156 Charon,
1036 2092 1295 2154 diabolus,
1332 2092 1371 2145 I.
1561 2148 1575 2157 ο

621 2163 747 2217 587.
782 2162 1023 2221 Inferias.
1050 2162 1314 2226 exsequias
1344 2170 1684 2213 mortuorum.
1722 2188 1797 2201 —
1821 2160 2009 2222 Sacro,
2054 2175 2141 2211 ea:-

551 2232 806 2293 secrabili,
831 2242 887 2303 ut
912 2233 1025 2286 auri
1041 2248 1189 2284 sacra
1210 2236 1404 2303 fames;
1429 2231 1505 2283 uel
1544 2232 1821 2284 secundum
1843 2247 1927 2285 eos
1952 2230 2039 2297 qui
2060 2229 2144 2281 ιὶια

551 2303 820 2371 putabant,
846 2302 886 2354 I.

622 2373 750 2427 588.
778 2371 926 2428 J0vis
953 2370 1250 2437 infernalis,
1277 2372 1404 2435 orci,
1428 2370 1468 2424 l.

621 2443 747 2514 589.
773 2442 1009 2514 Arbiter,
1036 2443 1208 2505 index,
1224 2445 1409 2514 judex,
1444 2441 1546 2496 lso.

622 2512 747 2566 590.
779 2512 998 2582 Regem,
1030 2512 1344 2582 regnantem,
1375 2513 1415 2566 Ι.

622 2582 749 2636 591.
775 2580 1029 2647 Censere,
1061 2580 1373 2637 construere.
1399 2610 1470 2621 —
1501 2581 1746 2644 Litanda,
1795 2582 2065 2648 sacriﬁcia,
2096 2580 2137 2635 l.

622 2652 748 2708 392.
776 2652 1110 2723 Relligionis,
1139 2654 1437 2707 divinitatis.
1458 2681 1529 2721 -,-
1548 2652 1850 2719 Subternis,
1881 2652 2136 2706 subterre-

2320 1808 2447 1864 595.
2485 1808 2803 1869 Ministrum,
2834 1808 3118 1874 diabolum,
3145 1809 3183 1862 Ι.

2316 1877 2441 1932 595.
2465 1877 2689 1931 Taurica
2711 1894 2886 1944 sacra,
2909 1873 3131 1932 Taurica
3158 1879 3318 1946 regio,
3340 1878 3393 1931 in
3420 1893 3521 1946 qua
3536 1873 3735 1946 Iunoni
3757 1891 3843 1945 ρες

2247 1950 2442 2020 regrini
2474 1949 2892 2013 immolabantur,
2934 1951 3071 2014 quod
3094 1945 3318 2003 Romani
3362 1945 3842 2020 reprehendebant;

2246 2018 2385 2086 quod
2406 2028 2575 2090 tamen
2601 2020 2699 2085 ipsi
2720 2020 2987 2073 novissime
3007 2021 3254 2090 fecerunt,
3280 2021 3320 2074 1.
3674 2018 3679 2021 ⁷

2318 2090 2443 2143 596.
2479 2089 2703 2153 Latiari,
2736 2090 2967 2143 Romano
2988 2089 3020 2142 a
3048 2090 3214 2153 Latio,
3250 2091 3287 2143 Ι.
3382 2106 3387 2113 ’

2323 2160 2452 2213 598.
2478 2160 2613 2223 Quid
2640 2161 2900 2227 sanctius,
2922 2162 3132 2224 ironice,
3162 2162 3200 2226 l,
3238 2161 3358 2215 Vat.
3389 2162 3455 2214 Α.

2318 2230 2443 2284 599.
2480 2229 2752 2295 Egestum,
2776 2230 3014 2296 elfusum,
3037 2232 3075 2286 Ι.

2318 2299 2443 2355 401.
2480 2301 2730 2363 Bimcris,
2755 2303 3012 2354 scruteris.
3049 2304 3087 2354 I.

2316 2370 2443 2424 402.
2477 2370 2752 2435 lnﬁciaris,
2784 2388 2959 2438 negas,
2993 2372 3034 2425 1.

2296 2441 2443 2497 ⁸405.
2468 2440 2730 2508 Manibus,
2764 2443 3121 2510 infernalibus,
3160 2444 3198 2493 Ι.

2316 2511 2443 2566 494.
2478 2511 2735 2566 Harmon
2790 2509 2960 2573 seeta,
3004 2515 3214 2578 scripta,
3250 2511 3367 2566 Va'.
3428 2513 3493 2564 A.
3551 2509 3617 2563 In
3658 2509 3859 2580 quibus

2245 2586 2628 2652 scriptumerat
2656 2582 2745 2636 Dts
2769 2582 3026 2636 Mutuus.
3047 2612 3120 2626 —-
3156 2582 3321 2651 Lego,
3352 2582 3518 2635 uidi-0.
3546 2608 3610 2621 -—
3630 2583 3849 2644 Latina,

2244 2654 2346 2716 ria,
2389 2653 2429 2709 Ι.

1903 2740 2456 2799 COMMENTARIUS.

524 2850 688 2907 ~rimi.
712 2833 942 2907 Lipsius,
969 2833 1075 2888 loc.
1095 2835 1212 2899 cit.,
1240 2848 1358 2903 cap.
1386 2834 1472 2897 14,
1496 2834 1659 2907 refert
1676 2832 1950 2907 Prudentii
1977 2833 2142 2907 verba

592 2913 701 2973 asta
723 2906 978 2973 uoluptas,
1008 2914 1063 2958 et
1087 2907 1152 2958 ad
1184 2907 1476 2969 marginem
1504 2906 1650 2960 addit
1672 2904 1817 2959 Malo
1844 2918 2039 2958 PABTA.
2082 2904 2137 2957 In

581 2970 746 3029 iath
775 2970 858 3044 esi.
889 2986 1055 3039 ptrla.
1082 2974 1403 3029 Prudentius
1453 2977 1587 3029 dixit
1630 2975 1879 3044 sanguine
1909 2984 2055 3042 pasta
2075 2973 2142 3028 de

551 3045 724 3114 aquila
801 3043 985 3115 bymn.
1060 3046 1094 3099 5
1134 3044 1289 3098 Cath.
1339 3061 1483 3100 vers.
1541 3046 1665 3101 167.
1722 3043 2014 3113 Grangazus
2070 3045 2144 3099 ait

550 3115 688 3168 alios
726 3115 904 3184 lcgerc
928 3125 1120 3184 pactu..
1144 3115 1472 3183 Frequenter
1500 3115 1567 3170 de
1587 3118 1688 3170 huc
1713 3116 2018 3184 spectaculo
2046 3132 2137 3168 vo-

552 3186 720 3253 luptas
760 3195 1066 3253 usurpatur.
1116 3185 1247 3239 Vide
1282 3201 1400 3251 quae
1450 3186 1706 3240 Brosscus
1754 3184 2028 3253 congessit
2072 3186 2136 3237 ad

552 3237 648 3308 uti.
688 3237 721 3309 ὖ
756 3237 1095 3319 Cassiodori,
1138 3237 1368 3323 emi;
1410 3237 1736 3326 vitam...
1766 3237 1994 3324 ’ρηέειᾶι
2023 3271 2142 3308 san-
2168 3237 2215 3298 C

553 3340 706 3391 gutne
731 3340 846 3377 suo.

627 3394 752 3447 587.
784 3394 936 3447 Prior
982 3393 1128 3449 Bott.
1160 3409 1259 3462 pro
1278 3394 1388 3449 div.
1418 3394 1626 3463 script.,
1649 3393 1888 3461 Cauch.,
1934 3411 2142 3449 munere

554 3478 723 3529 sacro,
754 3476 811 3517 ut
831 3464 897 3517 ad
921 3479 1143 3519 munera
1174 3480 1353 3521 arente
1380 3466 1599 3520 alludat.
1629 3465 1747 3520 Vat.
1789 3468 1856 3533 Α,
1893 3467 2143 3539 sanguine

555 3549 720 3587 SdCJ‘O.

626 3602 749 3657 589.
780 3604 929 3675 ΑΜ..
962 3606 1107 3673 prior
1135 3604 1304 3667 Βυιι..
1349 3605 1563 3658 obscuro
1603 3606 1835 3675 placidus
1879 3607 2145 3674 requirscit

554 3673 774 3746 Avgrno.
797 3676 865 3746 Et
886 3674 1164 3744 distinguit
1193 3676 1381 3729 Ald.in
1402 3676 1533 3729 istis.
1557 3673 1775 3729 Arbiter.
1803 3677 1916 3729 Non
1946 3673 2142 3746 placet.

626 3743 750 3799 590.
779 3742 1244 3811 ϐἱΐειιιίιις,’νθι”ι›ο
1267 3746 1578 3801 Ρκοιιεκιτλ
1607 3748 1660 3800 in
1691 3755 1797 3799 vet.
1830 3746 1926 3800 lib.
1948 3742 2143 3801 'ohscr-

553 3815 699 3868 vavit
728 3830 893 3886 regem
922 3815 1188 3885 populum,
1220 3831 1342 3870 cum
1384 3824 1539 3873 antea
1573 3818 1623 3869 in
1672 3820 1814 3881 vulg.
1873 3818 2142 3885 legeretur

553 3899 723 3951 regem
766 3887 993 3952 papulis.
1026 3887 1302 3940 Sententia
1339 3901 1441 3938 non
1491 3888 1633 3940 cadit
1669 3888 1719 3939 itt
1763 3889 2139 3953 imperatorem

556 3958 640 4006 vel
667 3955 1045 4023 imperatores,
1076 3969 1211 4023 quos
1257 3956 1577 4010 Prudentius
1604 3958 1898 4025 alloquitur
1943 3957 1996 4011 in
2042 3958 2144 4013 hoc

555 4038 742 4090 opere.
774 4026 1005 4079 imitatio
1035 4026 1233 4096 Virgilii
1257 4036 1339 4079 est
1370 4042 1382 4078 t
1411 4026 1564 4091 Ain"
1603 4026 1743 4080 Hinc
1768 4026 2015 4096 papulum
2043 4028 2144 4081 late

554 4108 745 4165 Legem,
772 4096 1003 4164 belloque
1031 4094 1323 4159 superbum.
1363 4097 1545 4150 Exstat
1588 4098 1747 4150 etiam
1770 4094 1775 4095 ⁷
1802 4094 2046 4164 populum
2087 4099 2141 4152 in

556 4161 767 4217 'l‘buan.
795 4161 945 4230 Uth,
969 4165 1124 4220 Alex.
1155 4180 1186 4218 a
1214 4166 1381 4234 prima
1413 4181 1591 4221 manu.
1618 4161 2141 4237 lntellige'populum

556 4230 878 4286 Romanum.

608 4249 878 4288 οιηειηιιηι.

629 4304 752 4359 592.
782 4306 974 4360 Weitz.
1008 4321 1105 4373 pro
1124 4306 1232 4358 div.
1266 4306 1476 4375 script.,
1504 4308 1596 4362 sub
1629 4307 1799 4362 terris.
1838 4305 1968 4360 Vide
1995 4323 2143 4362 como

559 4385 727 4430 ment.
760 4380 824 4428 ad
850 4392 989 4430 vers.
1016 4376 1121 4430 9‘22
1148 4377 1410 4437 llamarL.
1435 4390 1490 4432 et
1517 4394 1655 4431 vers.
1685 4378 1794 4431 445
1817 4379 1973 4443 hujus
2001 4379 2139 4434 libri.

625 4446 752 4501 39$.
785 4446 905 4500 Vat.
936 4448 1004 4507 A.
1044 4447 1269 4512 Caucb.,
1299 4447 1468 4503 Jureti
1505 4449 1699 4513 codex,
1746 4448 1928 4515 funera
1969 4450 2142 4515 donet,

554 4530 673 4570 cum
708 4517 890 4585 Egon,
921 4517 1035 4573 Pal.

2284 2848 2287 2855 ‘
2320 2831 2448 2887 596.
2476 2832 2622 2897 Ald.,
2648 2832 2876 2898 Latiali;
2908 2832 3026 2886 Vat.
3056 2834 3121 2887 A.
3146 2832 3353 2884 aniari
3371 2848 3389 2892 ;
3435 2832 3707 2900 Plerique,
3744 2831 3850 2885 La-

2250 2904 2392 2958 tiari.
2423 2904 2609 2974 Prag.,
2641 2902 2904 2957 Funditur
2934 2904 3212 2957 humanum
3242 2902 3463 2974 Latiari
3514 2905 3570 2959 in
3594 2905 3851 2974 sanguine

2247 2990 2454 3026 manus.
2474 2972 2794 3028 Prudentius
2817 2975 3049 3044 loquitur
3069 2975 3137 3028 de
3166 2972 3291 3027 ludo
3319 2973 3638 3044 gladiatorio
3658 2972 3714 3028 in
3750 2975 3851 3030 lto-

2249 3059 2434 3098 noretn
2466 3045 2611 3097 Juvis
2631 3043 3139 3113 Latiaris.’Lipsius.
3162 3044 3231 3098 de
3260 3043 3697 3110 Amphitheatre,
3724 3060 3850 3097 mo-

2249 3124 2340 3168 net
2374 3115 2567 3167 Latiari
2593 3130 2716 3169 esse
2745 3117 2796 3167 in
2825 3115 2988 3168 dandi
3016 3130 3177 3180 casn,
3216 3114 3440 3169 scilicet
3472 3116 3673 3167 Latiari
3703 3113 3844 3170 Jovi.

2251 3184 2331 3237 Es
2376 3186 2478 3238 hoc
2503 3200 2565 3239 ac
2591 3185 2856 3243 similibus
2888 3186 3015 3239 locis
3045 3186 3286 3239 nonnulli
3322 3195 3553 3254 arguunt
3590 3186 3846 3240 victimas

2247 3255 2508 3309 humanas
2532 3255 2649 3309 Jovi
2701 3254 2895 3311 Latiari
2922 3257 3108 3311 solitas
3142 3255 3427 3309 immolari.
3458 3254 3656 3309 Verum
3684 3257 3847 3311 intel-

2249 3325 2643 3393 ligendumest,
2673 3325 2859 3379 Jovem
2889 3326 3148 3395 sanguine
3193 3329 3427 3380 humano
3470 3341 3663 3380 eorum
3712 3327 3845 3391 coli,

2247 3396 2336 3463 qui
2377 3406 2467 3448 aut
2512 3396 2565 3448 in
2608 3399 2899 3451 certamine
2943 3397 3260 3465 gladiatorio
3302 3396 3713 3460 accidebantur,
3755 3407 3850 3450 aut

2246 3465 2483 3518 damnati
2510 3466 2574 3518 ad
2594 3466 2789 3520 bestias
2811 3466 3073 3533 peribant.
3096 3466 3475 3530 Tertullianus,
3499 3468 3672 3535 cap.9
3698 3470 3848 3535 Apo-

2248 3536 2354 3604 log.
2382 3554 2396 3589 :
2427 3536 2651 3606 Remitto
2669 3535 2917 3606 Tauricas
2942 3536 3142 3606 fabulas
3191 3537 3401 3590 theatris
3428 3538 3553 3590 suis.
3601 3535 3742 3591 Ecce
3789 3539 3849 3591 in

2245 3607 2336 3658 illa
2360 3604 2744 3676 religiosissima
2776 3605 2899 3659 urbe
2940 3604 3233 3660 )Eneadum
3262 3608 3467 3675 piorum
3491 3617 3567 3661 est
3592 3606 3851 3675 luppiter

2244 3677 2502 3753 quidam,_
2525 3692 2673 3753 quem
2701 3677 2837 3753 ludis
2876 3679 2985 3753 su_i_s
3018 3678 3241 3753 [tantane
3286 3681 3527 3753 proluunt
3562 3679 3850 3753 sanguine.

2248 3746 2355 3800 Sed
2377 3745 2620 3817 bestiarii,
2646 3747 2876 3813 inquitis.
2922 3745 3058 3812 Hoc,
3084 3745 3296 3817 opinor,
3344 3749 3513 3800 minus
3558 3745 3721 3813 quam
3752 3750 3852 3801 Ito-

2245 3817 2416 3870 miuis.
2450 3816 2630 3886 Videri
2664 3826 2887 3886 possunt
2915 3827 3055 3872 notat
3081 3816 3323 3881 Pamelii,
3351 3817 3634 3883 Minucius,
3664 3817 3851 3873 Julius

2248 3886 2528 3947 Firmicus,
2558 3885 2888 3946 Lactantius.
2917 3888 3173 3942 Tatianus
3203 3897 3259 3941 ct
3310 3887 3422 3951 alii,
3457 3888 3854 3956 qui‘hnjusce-

2247 3956 2390 4010 modi
2435 3957 2816 4011 immanitatem
2860 3957 3116 4012 Romanis
3154 3957 3570 4025 exprobrabant.
3628 3959 3767 4013 Eam
3818 3975 3853 4014 a

2246 4027 2504 4092 religione
2540 4026 2838 4081 Christiana
2870 4027 3083 4083 tandem
3120 4028 3394 4092 abolitam,
3438 4030 3579 4084 inter
3605 4029 3853 4085 maxima

2247 4097 2504 4168 beneticia
2536 4096 2841 4151 hominibus
2878 4113 2908 4151 a
2949 4099 3162 4168 Christo
3194 4098 3386 4152 collata
3416 4099 3765 4168 reponimus.

2319 4167 2450 4239 597.
2480 4169 2694 4239 ineptus
2716 4181 2990 4223 corrector
3017 4170 3069 4221 in
3100 4167 3249 4232 Bat.,
3295 4167 3501 4222 abrasis
3539 4171 3851 4236 prioribus,

2246 4237 2533 4307 supposuit
2556 4237 2754 4305 Illeque
2792 4253 3057 4291 consessus
3084 4247 3423 4305 spectantum.
3459 4240 3601 4304 PaL,
3629 4256 3855 4295 conces—

2246 4324 2449 4377 susque.
2482 4308 2637 4377 Egm.
2667 4324 2695 4360 a
2723 4309 2891 4375 prima
2923 4324 3105 4372 mattu,
3136 4325 3529 4376 consessusque,
3576 4313 3744 4365 male.
3793 4312 3853 4366 In

2246 4377 2336 4431 ed.
2358 4379 2392 4431 2
2418 4378 2557 4432 Cell.
2591 4381 2843 4432 mendum
2875 4390 3004 4448 puto
3038 4394 3304 4431 consessus
3328 4380 3437 4432 ille.
3472 4382 3545 4432 De
3570 4394 3853 4436 consessu

2247 4448 2300 4501 in
2323 4448 2718 4515 amphitheatro
2741 4448 2861 4501 vide
2886 4459 3175 4501 comment.
3193 4449 3258 4501 ad
3288 4464 3433 4504 vers.
3460 4449 3569 4505 572
3592 4451 3852 4506 "amart.

2317 4514 2444 4572 404.
2477 4517 2606 4590 Mar.
2638 4532 2668 4571 a
2698 4520 2860 4590 prima
2893 4534 3053 4572 manu
3083 4528 3137 4572 et
3161 4517 3357 4572 Weitz.
3386 4535 3509 4573 cum
3537 4521 3677 4584 suis,
3704 4538 3857 4590 qua:-

627 4587 762 4669 595ι
782 4588 960 4658 Prag.,
987 4592 1363 4669 manutaurica,
1393 4597 1665 4669 corrupte,
1715 4603 1811 4669 pro
1842 4592 1958 4669 iam
1994 4588 2137 4669 Tau-
2167 4604 2226 4664 ι)
2245 4602 2462 4669 cunque.
2501 4588 2678 4669 Longe
2703 4587 2896 4669 melius
2915 4598 3005 4668 .est
3032 4604 3367 4669 Δςιιιιιιίηηιιιιε.
3398 4592 3454 4643 In
3484 4590 3588 4644 viis
3613 4587 3853 4669 publicis

552 4661 688 4731 rica.
711 4657 843 4713 Mur.
870 4657 902 4711 τε
924 4664 1097 4725 prisca
1127 4665 1430 4731 tnann,jam
1452 4659 1645 4731 turica;
1678 4657 2135 4728 tualeﬁNonnulli,

536 4728 644 4789 nui
676 4727 818 4782 hunc
856 4745 1064 4782 vcrsmn
1109 4727 1360 4800 allegani,
1405 4728 1674 4797 trajiciunt
1721 4731 1789 4781 ita
1837 4731 1994 4800 verba
2038 4727 2137 4783 Ar?-

552 4814 704 4869 guere
726 4800 980 4853 incassum
1000 4803 1107 4867 iam
1143 4799 1363 4854 Taurica
1385 4816 1531 4852 sacra
1550 4800 1796 4869 solemus.
1832 4799 2161 4867 Legendutn-

555 4867 677 4921 izutu
708 4884 841 4922 mss.
868 4870 1139 4923 Incassum
1166 4872 1527 4941 arguerejum.
1548 4867 1865 4941 Producitur
1884 4886 1917 4941 eg
1942 4882 2140 4941 postre-

554 4954 700 4991 tnttm
733 4942 784 4992 in
816 4957 1029 5009 arguere
1062 4938 1268 4994 ratione
1295 4953 1533 4993 ca-snraa.
1574 4939 1821 5009 Colerns,
1856 4939 1919 4990 ad
1957 4938 2135 4995 Valer.

556 5010 703 5062 Max.
736 5024 856 5079 pag.
880 5008 1011 5076 568,
1041 5025 1192 5065 sacra
1211 5009 1432 5063 T.ntrica
1455 5008 1703 5076 intelligit
1727 5023 1846 5062 esse
1866 5011 2141 5079 suovitau-

552 5080 692 5132 rilia.
744 5076 1004 5134 wcitzius
1068 5084 1287 5149 exponit
1322 5079 1390 5132 de
1441 5079 1718 5149 sacrificiis
1755 5094 1886 5149 qum,
1928 5076 2139 5149 Plutoni

555 5150 724 5203 tauris
751 5160 805 5203 ct
837 5154 983 5218 nigra
1036 5147 1241 5219 pecude
1270 5148 1699 5219 liehant.ianlns
1726 5156 1813 5201 est»
1858 5147 2133 5202 dubitandi

554 5220 728 5286 locus,
760 5222 888 5286 quin
910 5218 1091 5274 sermo
1118 5224 1188 5274 sit
1229 5223 1296 5272 de
1334 5218 1606 5271 sacrificiis
1638 5219 1875 5271 Taurica:
1923 5218 2131 5284 insulae,

553 5294 686 5352 sive,
723 5301 778 5342 ut
811 5291 1142 5358 frequentius
1185 5301 1239 5343 et
1268 5291 1446 5343 verius
1491 5288 1781 5351 loquimur,
1813 5288 2132 5355 peninsulaz.

557 5360 796 5428 llyginus
825 5360 1001 5414 fabula
1031 5359 1161 5413 120:
1192 5362 1423 5424 Quorum
1446 5360 1842 5427 (Tauricorunt)
1869 5358 1967 5427 fuit
1990 5359 2138 5411 insti-

554 5440 739 5482 tutum.
775 5432 937 5498 utqui
964 5432 1101 5481 intra
1122 5433 1249 5497 fines
1276 5445 1449 5483 eorum
1473 5430 1653 5497 Itospes
1690 5431 1923 5490 reaisset,
1950 5432 2138 5495 templo

555 5498 739 5555 Biante
760 5499 1131 5553 innualaretur.
1165 5501 1238 5553 De
1261 5501 1420 5553 Diana
1452 5499 1675 5552 Taurica
1704 5510 1756 5551 et
1783 5498 2012 5552 victimis
2044 5500 2141 5551 ltu-

555 5572 729 5628 tnanis
753 5571 827 5623 illi
856 5573 1013 5623 cmsis
1049 5580 1210 5636 agunt
1232 5570 1609 5625 'l‘ertullianus.
1647 5570 1992 5631 Athanasius,
2023 5568 2134 5621 Au—

550 5642 820 5705 gustinus,
847 5639 1175 5701 Lactantius,
1219 5638 1622 5697 Cassiodorius,
1658 5639 1919 5693 Eusebius
1959 5636 2136 5692 (Σευη-

551 5711 767 5776 riensis,
805 5720 863 5764 ut
885 5711 1062 5778 plures
1089 5710 1334 5762 ethnicos
1365 5720 1700 5774 prtetcreatn.
1742 5709 1796 5762 In
1833 5711 2006 5778 glossa
2040 5723 2135 5776 pro

551 5778 747 5838 lunoni
778 5782 946 5854 legam
973 5779 1222 5836 libentius
1259 5778 1456 5830 Diana.

2242 4659 2487 4724 sepulcra
2528 4659 2657 4711 olim
2703 4658 2926 4713 Romani
2960 4658 3320 4720 collocabant,
3353 4669 3429 4721 et,
3482 4672 3540 4713 ttt
3585 4660 3850 4726 videtur,

2244 4729 2405 4799 etiam
2429 4728 2630 4799 Judaei.
2661 4725 2857 4799 Genes.
2890 4736 3054 4789 xxxv,
3084 4730 3147 4782 t9
3179 4742 3217 4781 ε·
3248 4728 3456 4799 Mortua
3484 4740 3557 4784 est
3585 4746 3713 4799 ergo
3737 4725 3854 4784 lia;
3882 4742 3897 4750 ‘

2246 4798 2377 4858 cltel,
2403 4802 2449 4851 et
2486 4796 2683 4867 sepulta
2712 4809 2785 4851 est
2810 4798 2864 4851 in
2881 4800 2960 4850 uia
2985 4814 3101 4864 qua:
3129 4799 3271 4851 ducit
3301 4798 3613 4867 Ephratam.
3646 4796 3736 4854 De
3760 4803 3851 4856 via

2250 4866 2436 4939 Latina
2462 4868 2734 4939 Juvenalis
2772 4869 2922 4939 satir.
2959 4868 2982 4921 1
3023 4885 3039 4922 :
3080 4869 3309 4939 Quorum
3350 4867 3621 4923 Flaminia
3650 4873 3853 4939 tegitur

2248 4938 2394 5000 cinis,
2419 4946 2569 5006 atque
2592 4936 2802 5008 Latna.
2827 4937 2889 4990 Et
2907 4948 3007 4990 sat.
3037 4940 3071 4994 5
3097 4956 3110 4990 :
3135 4936 3349 4992 Clivosa!
3370 4942 3566 4992 veheris
3593 4936 3722 4992 dum
3754 4956 3853 5008 per

2216 5040 2223 5047 -
2250 5016 2575 5060 monumenta
2615 5006 2831 5059 Latinw.
2866 5007 2921 5060 lu
2953 5010 3034 5061 via
3061 5009 3261 5062 Salaria
3304 5022 3696 5065 monumentum
3724 5006 3854 5067 erat

2249 5079 2457 5145 pretiosi
2489 5078 2657 5143 operis
2695 5076 2881 5130 Licinii
2924 5079 3158 5148 tonsoris
3199 5087 3254 5132 et
3282 5077 3458 5132 liberti
3489 5080 3746 5148 Augusti,
3787 5093 3852 5136 ut

2243 5148 2401 5201 tradit
2430 5148 2694 5202 Cornutus
2716 5157 2817 5199 sat.
2865 5147 2973 5200 iin
3024 5147 3286 5202 Persium.
3332 5147 3612 5217 Vitealia:
3658 5153 3850 5217 sepul-

2244 5217 2350 5269 cris
2376 5218 2616 5271 celebres
2642 5218 2854 5269 fuerunt
2880 5217 3071 5284 Appia,
3108 5220 3344 5283 Aurelia,
3372 5216 3667 5286 Lavicana,
3703 5221 3852 5276 Lau-

2228 5288 2477 5353 'rentiu:t,
2508 5286 2791 5351 Ostiensis,
2830 5288 3178 5351 Prrcnestina,
3213 5288 3519 5344 Tiburtina.
3572 5290 3855 5344 Disserta-
3890 5314 3915 5322 -

2248 5357 2444 5413 tionem
2485 5358 2552 5410 tle
2576 5355 2693 5409 Viis
2724 5356 2949 5423 publicis
2986 5371 3132 5411 anno
3162 5358 3298 5412 1786
3344 5357 3535 5413 Bonus:
3556 5360 3745 5413 edidit-
3768 5363 3845 5415 cl.

2252 5425 2561 5478 Vincentius
2611 5429 2993 5491 ltartoluct-ius,
3034 5428 3189 5493 primi
3221 5428 3458 5483 subsellii
3495 5428 3854 5494 iureconsul-

2248 5503 2351 5548 tus.
2378 5499 2457 5549 Att
2481 5506 2656 5566 autent
2690 5498 2818 5566 tunc
2845 5495 2981 5564 sigla
3016 5497 3075 5547 υ.
3110 5496 3176 5549 Μ.
3203 5507 3297 5550 aut
3348 5500 3407 5551 Ι).
3458 5499 3603 5563 ΜΑ.,
3635 5516 3764 5566 quae
3791 5502 3849 5555 in

2218 5567 2510 5638 ‘sepulgris
2532 5564 2851 5638 gltristianis
2884 5582 3265 5638 nonnunquam
3299 5579 3597 5638 apparent,
3626 5564 3853 5638 signib-

2246 5645 2369 5688 cent
2393 5633 2506 5688 Diis
2528 5635 2788 5699 Manibus,
2812 5650 2879 5687 an
2910 5636 3076 5698 aliud,
3109 5633 3249 5691 inter
3272 5633 3585 5693 Fabrettum
3629 5633 3706 5694 ct'
3728 5640 3853 5694 Ila-

2248 5704 2522 5777 biUonium
2551 5714 2808 5777 certatum
2838 5715 2941 5768 est,
2970 5721 3195 5774 quorum
3223 5708 3309 5760 hic
3333 5709 3753 5777 inscriptionem
3779 5712 3855 5764 il-

2246 5776 2350 5826 lam
2374 5789 2583 5842 semper
2604 5776 2879 5844 profanam
2909 5791 3030 5831 esse
3058 5778 3441 5845 contendebat,
3466 5776 3555 5833 ille
3577 5782 3851 5850 negabat.
