4066 6296
634 354 734 408 163

806 466 1063 520 Errabant
1094 464 1275 518 hostes
1307 478 1399 530 pcr
1436 460 1656 529 templa,
1688 474 1788 529 per
1806 459 1942 513 atria
1972 459 2191 528 passim,
2223 466 2273 519 Α
2323 482 2331 493 ο

633 563 736 617 555
811 561 1192 627 Romanunqne
1235 555 1426 619 lorum,
1469 560 1526 608 et
1574 552 1837 621 Capitolia
1868 552 2014 607 celsa
2051 561 2200 606 tene-

1400 630 1407 637 κ
1927 642 2077 713 [bant
2108 659 2118 692 :

804 744 904 809 Qui
931 740 1235 807 conjnrutas
1266 738 1377 803 ipsa
1407 736 1473 788 ad
1506 736 1689 790 vitalia
1718 735 1892 803 plebis

814 831 979 884 Moliti
1012 828 1253 890 insidias,
1284 827 1427 879 intus
1455 835 1703 893 serpente
1727 841 1953 887 veneno,

809 922 1139 972 Consuerant
1171 916 1349 969 tacitis
1376 923 1577 984 pestem
1607 916 1835 969 miscere
1861 913 2128 969 medullis.

805 1010 941 1077 Ergo
964 1007 1318 1075 triumphator
1346 1004 1574 1058 latitanti
1604 1019 1670 1058 ex
1702 1005 1857 1057 hoste
1883 1009 2093 1071 togatus

630 1101 731 1169 5ιο
802 1098 952 1153 Clara
1009 1109 1207 1167 tropica
1249 1096 1415 1152 refert
1483 1096 1600 1149 sine
1643 1093 1939 1164 sanguine,
1980 1108 2203 1162 remque

1904 1183 2132 1256 [Quirini

801 1282 1080 1336 Assuescit
1109 1293 1305 1347 supero
1334 1276 1539 1347 pollere
1571 1276 1625 1330 in
1654 1274 1854 1330 saecula
1885 1290 2072 1343 regno.

804 1374 1045 1441 Denique
1095 1384 1194 1424 nec
1247 1380 1418 1424 metas
1495 1367 1715 1432 statuit,
1804 1381 1904 1422 nec
1958 1376 2198 1433 tempora

1899 1452 1919 1526 [
1947 1454 2123 1521 ponit:

1736 343 2004 400 AURELH
2045 306 2405 399 annumin
2445 342 2767 397 canum.

2300 634 2407 689 5l5

2303 1180 2411 1235 550

3773 342 3881 397 ΝΗ

2477 456 2759 523 Imperium
2785 456 2902 510 sine
2932 459 3035 510 tiae
3056 456 3326 520 docet,-ne
3350 457 3573 510 Romula
3597 458 3768 512 virtus

2477 547 2597 600 Jam
2626 548 2697 600 sit
2722 560 2879 611 anus,
2904 548 3045 601 norit
3074 560 3143 600 ne
3174 547 3345 615 gloria
3375 557 3527 614 parta
3555 558 3827 602 senectam
3854 566 3867 599 :

2496 626 2501 629 δ
2553 630 2715 709 745
2742 636 3021 693 Exsultare
3050 646 3228 705 patres
3254 628 3454 698 videas.
3508 638 3869 706 pulcherrima

3597 727 3804 798 [mundi

2478 818 2725 883 Lumina,
2742 816 3139 885 conciliumque
3161 829 3349 870 senum
3372 820 3571 886 gestire
3588 817 3869 881 Catonum,

2478 908 2798 962 Candidiore
2826 917 2946 975 toga
2978 907 3187 961 niveum
3215 907 3424 975 pietatis
3453 909 3708 962 amictum

2481 999 2731 1064 Sumere,
2758 1010 2815 1053 et
2840 998 3061 1054 exuvias
3084 998 3354 1065 deponere
3381 999 3732 1067 pontificales.

2478 1088 2703 1157 Jamque
2726 1089 2850 1155 ruit,
2881 1090 3066 1157 paucis
3090 1089 3314 1158 Tarpeia
3343 1091 3393 1142 in
3423 1105 3556 1158 rupe
3583 1090 3808 1155 relictis,

2482 1181 2566 1235 Ad
2590 1182 2794 1236 sincera
2823 1182 2992 1236 virum
3020 1183 3313 1251 penetralia
3338 1183 3718 1246 Nazareorum,

2479 1276 2654 1341 Atque
2681 1273 2747 1326 ad
2776 1274 3384 1351 apostolicoslﬂvandria
3415 1274 3794 1336 curialoutes,

2481 1365 2784 1420 Anniadum
2813 1346 3124 1429 sobole$,'et
3146 1365 3362 1434 pignora
3388 1364 3533 1419 clara
3551 1364 3875 1418 Proborum:

2481 1456 2672 1511 Fertur
2698 1455 2838 1509 enim
2865 1465 2991 1510 ante
3017 1455 3151 1510 alios
3171 1468 3462 1521 generosus
3476 1453 3702 1508 Anicius
3722 1453 3882 1509 Urbis

1913 1545 2202 1603 GLOSSA‘J
2238 1547 2579 1605 VETERES.

706 1645 832 1700 554.
864 1642 1072 1704 llostes,
1102 1641 1376 1692 dieniones.
1406 1669 1479 1680 —
1500 1637 1728 1704 Passim,
1749 1636 1953 1706 ubique,
1982 1636 2022 1692 l.

700 1715 824 1768 556.
855 1711 1061 1771 Vitalia,
1093 1710 1313 1769 animus.
1349 1708 1451 1761 lso.

702 1784 827 1842 557.
857 1782 1136 1847 Serpente,
1165 1777 1440 1847 nato,‘lso.

703 1855 829 1907 559.
861 1844 1257 1916 'l‘riumphator,
1289 1844 1672 1911 Constantinus,
1705 1845 1747 1898 I.

702 1922 826 1976 540.
859 1914 1098 1986 'l'rOpaia,
1125 1918 1407 1970 victoriam.
1435 1946 1501 1956 —
1526 1917 1757 1983 Quirini,
1794 1914 2033 1978 Romani,
2064 1915 2105 1968 l.

701 1993 829 2046 544.
865 1992 1031 2051 Anus,
1059 2004 1232 2049 senex,
1268 1988 1304 2039 Ι.

697 2061 823 2114 545.
844 2058 1057 2121 Videas,
1088 2072 1117 2109 ο
1149 2055 1472 2124 Symmache.
1496 2055 1543 2124 7|.

697 2130 823 2185 546.
853 2128 1081 2190 Gestire,
1113 2121 1353 2195 gaudere.
1375 2150 1446 2195 -έ
1469 2123 1750 2195 Catonum,
1786 2123 2072 2195 principum
2096 2121 2198 2176 Ilo-

630 2213 914 2260 usanoruin,
966 2190 1391 2258 consiliarioruni,
1424 2194 1461 2247 I.
1498 2220 1554 2235 —-
1587 2194 1887 2261 Sapientem
1934 2190 2194 2246 Roniano-

634 2285 745 2322 rum
772 2277 975 2335 propter
1005 2264 1210 2318 Catonis
1233 2265 1557 2335 sapientiam,
1594 2264 1708 2335 Vat.
1741 2267 1803 2317 A.

699 2332 824 2394 547.
868 2332 1045 2406 Toga,
1096 2333 1533 2397 consiliariorum,
1589 2334 1704 2387 Vat.
1752 2338 1816 2388 A.
1856 2361 1925 2372 --
1956 2332 2193 2395 Pietatis,

2308 1640 2612 1699 sanctitatis,
2644 1638 2684 1692 Ι.

2377 1710 2504 1762 548.
2540 1708 2891 1770 Pontilieales,
2929 1705 3082 1761 idolis
3108 1716 3449 1770 consecratas,
3475 1705 3600 1762 Vat.
3631 1709 3702 1764 Α.

2534 1777 2685 1857 linit,
2724 1780 3022 1857 festinalkl.

2227 1876 2275 1936 Β
2530 1848 2909 1936 ﬁasareorunil,
2936 1843 3361 1936 Enristiauoruni,

2374 1920 2500 1973 55L
2529 1920 2815 1992 Evandria,
2841 1922 2907 1972 ab
2927 1917 3189 1977 Esandro,
3213 1918 3301 1983 qui
3325 1917 3521 1986 primus
3557 1920 3724 1992 fatur
3741 1931 3883 1975 stru-

2302 1994 2437 2041 xisse
2461 1990 2680 2046 curiam.
2717 1987 2753 2042 Ι.

2376 2057 2501 2112 552.
2530 2056 2843 2121 Proborum,
2872 2059 3166 2122 electorum,
3202 2061 3242 2115 I.

2371 2129 2495 2183 555.
2530 2126 2853 2192 Generosos,
2895 2131 3100 2183 nobilis.
3131 2157 3205 2172 —-
3246 2130 3488 2190 Anicius,
3533 2128 3887 2183 nobilissimus

2301 2198 2421 2272 fuit,
2452 2200 2516 2249 de
2540 2200 2691 2272 cujus
2719 2213 2899 2272 genere
2918 2196 3123 2254 Boetius
3152 2202 3271 2269 fuit,
3293 2211 3340 2255 et
3359 2218 3394 2256 a
3414 2206 3519 2272 q'uo
3545 2199 3753 2271 familia
3782 2201 3887 2251 An-

2296 2269 2504 2321 niadum
2528 2268 2734 2331 dicitur,
2763 2268 2800 2322 Ι.

1983 2419 2543 2478 COMMENTARIUS.

636 2541 828 2593 minuni
852 2540 1008 2593 statui
1040 2555 1057 2592 :
1080 2539 1157 2591 sie
1183 2539 1387 2590 interna
1413 2534 1644 2589 refertur
1666 2534 1731 2587 ad
1753 2543 2020 2588 termento.
2050 2532 2212 2587 Com-

636 2611 850 2663 munior
882 2609 1061 2672 lectio,
1106 2607 1412 2676 lnternoque
1454 2606 1720 2658 hominum
1752 2607 1909 2658 statui
1964 2612 2211 2657 tormenta

636 2688 892 2750 parantes.

701 2750 821 2804 555.
860 2750 1053 2816 Supra,
1087 2761 1225 2802 vers.
1256 2746 1386 2806 2w,
1415 2747 1549 2799 celsa
1570 2746 1636 2796 ad
1665 2743 1939 2813 Capitolia.

702 2820 827 2874 536.
857 2814 1005 2887 ligni.
1030 2836 1058 2869 a
1085 2818 1318 2871 secunda
1350 2830 1527 2878 manu,
1546 2817 1666 2882 quin
1689 2818 2006 2884 conjuratas.
2035 2814 2205 2878 Idem,

636 2889 831 2953 vitalia,
866 2890 1053 2956 plebes,
1087 2888 1243 2940 male.

704 2960 828 3013 5'59.
859 2961 1010 3023 Man,
1042 2955 1205 3022 Rat.,
1248 2956 1495 3008 latitante.
1543 2955 1718 3022 Egm.,
1763 2962 1996 3022 cogator,
2049 2969 2209 3022 supra

637 3039 872 3099 negator;
902 3030 1111 3099 corrige
1130 3036 1363 3099 legatus.
1400 3024 1760 3099 Triumphator
1785 3025 2098 3099 vocabulum
2131 3034 2211 3099 est

638 3091 865 3178 apuleii,
889 3091 1161 3166 Cypriani,
1192 3091 1248 3150 ξι
1275 3096 1327 3149 in
1349 3095 1789 3163 inscriptionibus
1816 3095 1916 3148 asvi
1943 3091 2212 3148 inferioris

640 3172 909 3235 frequens.
1620 3226 1623 3229 ἰ

708 3239 832 3291 540.
865 3237 1016 3304 Egm.
1044 3250 1228 3303 supra,
1260 3251 1440 3303 resque
1472 3234 1695 3300 Quirini.

706 3305 1434 3401 if}.-.{tfeeffirzfﬂmr
1460 3306 1658 3373 “rm
1679 3306 1711 3358 9
1741 3303 1923 3369 οδω-ι
1948 3317 2087 3358 me
2114 3303 2207 3373 θεν
2237 3339 2284 3401 c

645 3377 811 3430 redire
840 3377 1139 3428 insuesceret
1170 3388 1413 3428 mortuas.

711 3443 837 3499 542.
884 3444 961 3497 Ex
1001 3443 1259 3512 Virgiliot
1290 3443 1527 3512 Aﬁiieiil.,
1558 3441 1657 3495 His
1695 3456 1790 3512 ego
1818 3457 1908 3493 nec
1952 3451 2108 3496 metas
2136 3440 2215 3495 re-

642 3532 778 3579 rum,
812 3530 898 3567 nec
926 3511 1152 3582 tempora
1179 3529 1332 3584 pono,
1374 3511 1653 3584 Imperium
1681 3511 1790 3565 sine
1814 3512 1915 3584 ﬁne
1943 3513 2083 3565 dedi.
2117 3512 2216 3565 Ne-

641 3587 757 3639 scio
777 3599 881 3652 qua
901 3594 1108 3637 ratione
1127 3582 1371 3637 Heinsius
1385 3594 1569 3636 eontra
1590 3582 1746 3635 tidem
1762 3582 1923 3634 codd.
1942 3584 2069 3634 velit
2089 3596 2218 3652 con-

645 3650 810 3723 jicere
839 3653 1067 3722 Denique
1096 3670 1185 3706 nec
1207 3663 1364 3705 metas
1393 3654 1569 3715 statui,
1602 3667 1694 3705 nec
1714 3662 1941 3723 tempora
1977 3652 2120 3723 poni.
2154 3650 2216 3704 Et

641 3720 783 3779 illicii
808 3720 994 3777 additi
1028 3738 1195 3777 nocs'r
1225 3724 1488 3784 nimirum,
1514 3726 1652 3792 quod
1691 3722 1943 3792 sequitur.
1980 3720 2215 3792 Chamil-

648 3794 827 3848 lardus
860 3796 927 3845 ita
958 3793 1204 3860 intelligit
1232 3791 1592 3860 conjecturam
1635 3791 1856 3854 lleinsii,
1891 3799 1947 3843 ut
1974 3791 2130 3843 statui
2160 3801 2217 3844 et

646 3864 768 3929 poni
800 3863 1059 3915 referatur
1090 3865 1155 3916 ad
1184 3864 1347 3916 docet.
1379 3863 1560 3916 Lectio
1597 3860 1755 3915 codd.
1787 3860 1929 3913 clara
1960 3870 2062 3926 est,
2112 3874 2211 3913 nec

643 3932 917 3987 sollicitari
945 3932 1121 3983 debet.
1784 3960 1789 3965 η

716 4000 842 4054 544.
876 4002 1003 4054 l’ost
1045 4000 1184 4052 hunc
1214 4015 1427 4053 versum
1470 4001 1520 4052 in
1550 3998 1697 4062 Rat.,
1726 3999 1880 4063 illam.
1919 3999 2104 4052 titulus
2134 3998 2212 4053 De

649 4081 852 4124 senatus
879 4072 1218 4134 conversione,
1247 4071 1335 4134 qui
1362 4080 1535 4122 exstat
1565 4070 1617 4120 in
1648 4069 1811 4122 Alex.
1844 4068 1910 4121 ad
1961 4084 2131 4137 marg.
2159 4070 2215 4123 In

647 4139 803 4202 Urb.,
836 4138 911 4191 De
939 4139 1259 4191 conversione
1287 4150 1508 4191 senatus.
1554 4138 1720 4191 Aldus
1752 4138 1911 4191 habet
1953 4138 2213 4193 Romano-

564 4249 574 4259 .
641 4224 759 4261 sum
782 4220 1013 4261 senatum
1036 4222 1330 4260 conuersum
1355 4210 1421 4258 ad
1447 4206 1729 4260 Christum.

710 4277 841 4331 545.
872 4275 948 4329 De
977 4277 1339 4343 hujuscemodi
1360 4278 1545 4344 elogiis
1569 4288 1784 4329 senatus
1809 4274 2034 4329 Romani
2061 4279 2210 4331 testi-

642 4348 821 4400 monia
855 4354 1094 4400 veterum
1141 4348 1295 4415 plena
1327 4364 1485 4399 manu
1528 4348 1682 4415 allert
1708 4346 1921 4399 Juretus
1948 4346 2016 4399 ad
2049 4348 2210 4400 verba

642 4416 953 4486 Symmachi
978 4413 1155 4484 epist.
1174 4415 1265 4482 46,
1316 4417 1407 4470 lib.
1432 4432 1447 4469 t
1477 4431 1494 4467 :
1526 4413 1659 4468 Pars
1686 4417 1865 4469 melior
1894 4417 2099 4468 humani
2129 4434 2217 4487 ge-

640 4489 778 4539 neris
800 4494 1027 4539 senatus.

710 4556 843 4610 5‘7.
872 4553 1020 4609 Alter
1052 4558 1218 4620 ιὶοιι.⁹
1249 4555 1546 4608 candidiora
1577 4563 1726 4621 togae,
1756 4555 1896 4623 quod
1930 4553 2066 4607 haud
2095 4553 2210 4608 ine-

652 4627 834 4694 legans
863 4626 1031 4677 visum
1059 4637 1142 4676 est
1173 4624 1407 4678 lleinsio.
1456 4626 1565 4691 ligo
1595 4626 1724 4676 nihil
1760 4625 1901 4677 aliud
1946 4624 2031 4677 hic
2058 4626 2212 4677 video

2315 2533 2555 2587 alludere
2587 2532 2931 2587 Prudentium
2976 2533 3043 2587 ad
3089 2544 3264 2590 vestes
3298 2536 3447 2591 albas
3483 2546 3677 2590 recens
3723 2534 3889 2602 ὓδριὶ-

2318 2615 2687 2753 έθὲζίΐὸῗιῖίῐιιη
2716 2674 2769 2726 in
2792 2689 2921 2742 rupe
2953 2675 3155 2731 resectis
3177 2687 3195 2727 :
3218 2675 3453 2744 intelligo
3481 2674 3754 2728 latentibus
3776 2677 3891 2727 sive

2315 2750 2332 2792 t
2419 2750 2429 2753 '
2462 2782 2474 2793 .

2338 2753 2515 2867 ecggtl.
2546 2812 2603 2867 In
2628 2812 2814 2867 codice
2842 2813 3007 2867 Jureti
3036 2813 3122 2867 hic
3148 2830 3333 2869 vorsus
3362 2814 3433 2866 ita
3455 2824 3571 2867 erat
3595 2815 3893 2881 interpola-

2318 2890 2423 2946 tus,
2455 2883 2737 2947 penetralia
2763 2898 2898 2936 nou
2924 2900 3146 2947 reorum,
3189 2885 3335 2938 nullo
3369 2899 3532 2939 sensu
3553 2896 3644 2938 aut
3672 2896 3894 2938 centra-

2316 2954 2417 3005 rio.
2450 2952 2506 3005 lu
2540 2955 2693 3021 ligm.
2716 2964 2834 3008 erat
2859 2969 2992 3007 noxa
3018 2953 3261 3020 virorum,
3296 2970 3367 3009 es
3391 2970 3499 3024 quo
3524 2956 3722 3008 tactum
3750 2968 3895 3007 nou

2314 3038 2430 3075 reor
2472 3040 2539 3075 nt.
2600 3064 2601 3071 η

2315 3160 2346 3163 _
2387 3039 2513 3149 552.
2545 3092 2727 3163 Fabr.,
2759 3091 3178 3163 Widiii.,BOiig.
3210 3110 3236 3145 :i
3269 3094 3705 3155 secundamanu.
3732 3094 3893 3154 Man,

2315 3160 2461 3227 Rat.,
2508 3162 2806 3216 /Eneadum
2844 3160 3281 3225 mendoserat.
3329 3167 3396 3227 Λ,
3444 3164 3627 3232 Prag.,
3680 3165 3895 3216 Amuia-

2308 3232 2434 3283 'dum
2459 3248 2479 3286 :
2503 3235 2555 3286 iu
2586 3233 2686 3286 hoc
2728 3249 2884 3286 versu
2914 3236 3029 3287 duae
3063 3236 3292 3302 familiae,
3343 3249 3463 3302 qua:
3489 3234 3541 3302 in
3579 3250 3735 3302 unam
3764 3248 3897 3302 coa-

2315 3302 2530 3366 luerint,
2563 3313 2947 3369 memorantur,
2976 3304 3131 3356 Annit
3160 3315 3213 3356 et
3253 3300 3431 3356 Probi.
3461 3300 3640 3356 Tertia
3685 3301 3769 3356 his
3796 3301 3898 3357 ad-

2316 3371 2447 3439 dita,
2479 3373 2683 3427 scilicet
2709 3375 2900 3438 Anicii,
2945 3384 2999 3427 ut
3038 3391 3102 3427 ex
3150 3388 3287 3428 vers.
3323 3390 3435 3442 seq.
3479 3374 3663 3442 liquet.
3697 3372 3895 3427 Glossa

2316 3442 2593 3494 electorum
2616 3445 2789 3509 inepta
2818 3455 2917 3496 Bal.

2385 3512 2512 3567 555.
2546 3510 2808 3580 Conjiriat
2842 3521 2988 3567 recte
3027 3511 3219 3580 aliquis
3250 3513 3529 3580 legendum
3568 3512 3703 3565 orbis
3746 3509 3897 3565 Illu-

2316 3591 2503 3634 strasse
2541 3592 2711 3653 iaput.
2752 3582 2921 3653 Supra
2953 3599 3095 3637 vers.
3124 3584 3249 3646 497,
3301 3585 3437 3652 Ergo
3460 3598 3598 3653 cave,
3626 3586 3897 3653 egregium

2315 3662 2467 3717 caput
2498 3650 2653 3703 orbis.
2688 3652 2793 3705 Sed
2834 3650 3150 3706 Prudentius
3182 3650 3425 3705 senatuin
3467 3650 3694 3706 fortasse
3733 3650 3900 3711 vocat

2313 3731 2466 3780 caput
2496 3718 2669 3773 Urbis.
2696 3723 2790 3773 llic
2812 3719 3034 3775 Anicius
3061 3721 3353 3775 Anniorum
3388 3732 3442 3774 et
3467 3720 3762 3775 Proborum
3795 3738 3898 3775 so-

2316 3790 2467 3843 boles
2495 3801 2628 3844 erat.
2653 3790 2900 3844 Nonnulli
2946 3793 3057 3845 haec
3096 3790 3306 3851 nomina
3337 3801 3581 3858 qu:ernnt
3620 3794 3716 3843 sub
3740 3790 3895 3846 Con-

2316 3861 2570 3912 stantino.
2597 3863 2664 3913 At
2690 3860 3006 3913 Prudentius
3029 3861 3172 3915 clare
3193 3860 3426 3927 idquitur
3444 3860 3512 3912 'de
3540 3861 3622 3929 bis
3649 3861 3737 3929 qui
3766 3873 3899 3926 post

2315 3929 2485 3981 edicta
2501 3929 2807 3992 Theodosii,
2824 3930 2902 3981 vel
2920 3939 3066 3983 certe
3081 3930 3180 3983 sub
3194 3932 3308 3995 ejus
3325 3929 3567 3995 imperio,
3581 3928 3791 3995 eiurata
3806 3944 3897 3985 su-

2317 3998 2632 4065 perstitione
2648 4014 2867 4064 pagana,
2884 3998 3039 4052 lidein
3052 3998 3364 4052 catholicam
3375 4000 3601 4065 amplexi
3616 3999 3895 4053 sunt.Non

2315 4083 2443 4134 ergo
2463 4069 2756 4121 audiendus
2797 4079 2879 4121 est
2900 4068 3182 4130 Barouius,
3203 4069 3292 4137 qui
3313 4077 3461 4137 putat
3481 4071 3619 4121 hunc
3639 4071 3811 4123 Anicii
3836 4086 3894 4123 in

2316 4151 2435 4205 esst:
2456 4140 2696 4191 Anicium
2717 4137 3005 4199 lulianum,
3034 4139 3122 4205 qui
3148 4140 3335 4191 consul
3367 4137 3466 4190 fuit
3483 4154 3604 4191 cum
3633 4138 3897 4193 Petronio

2316 4203 2587 4276 Probiano
2608 4223 2749 4259 anno
2776 4207 2978 4260 Doniini
3000 4203 3123 4262 5‘21.
3146 4207 3536 4261 Clianiillardus
3575 4221 3724 4276 putat
3769 4225 3901 4264 esse

2318 4279 2536 4346 Sextum
2569 4274 2872 4330 Petronium
2897 4276 3150 4340 Probum,
3180 4278 3482 4346 praelectum
3511 4274 3766 4344 prieiorio
3788 4280 3898 4331 Vu-

2317 4345 2589 4398 lentiiiiani
2620 4346 2893 4413 principis,
2909 4345 3318 4400 consulenicum
3336 4345 3587 4400 Gratiano
3601 4362 3743 4401 anno
3760 4349 3895 4404 57L

2316 4413 2365 4467 Is
2380 4424 2524 4485 certe
2545 4416 2740 4469 dicitur
2761 4417 3020 4468 Aniciana:
3040 4420 3218 4469 domus
3239 4418 3437 4469 culmen
3459 4434 3508 4468 in
3535 4418 3900 4485 inscriptum:
3950 4450 3959 4457 -

2316 4484 2589 4552 cujusdam
2618 4489 2968 4552 monumenti,
3015 4488 3155 4553 quod
3188 4487 3322 4540 titius
3361 4486 3475 4552 ejus
3500 4484 3722 4541 Anicius
3751 4489 3896 4541 ller-

2317 4557 2665 4624 mogenianns
2696 4555 2970 4624 Olybrius,
3021 4558 3205 4609 consul
3246 4554 3566 4617 ordinatius,
3618 4569 3673 4610 et
3699 4556 3899 4610 Anicia

2314 4623 2520 4677 Joliana
2569 4623 2898 4677 dedicarnnt.
2951 4626 3063 4693 Ego
3110 4641 3235 4678 vero
3280 4641 3383 4677 null
3433 4624 3589 4678 video
3633 4641 3730 4679 cur
3779 4642 3893 4679 non

644 4698 750 4749 nisi
779 4697 1029 4748 mendum
1054 4695 1359 4747 candidiora
1385 4710 1479 4761 pio
1504 4695 1815 4746 candidiore.
1844 4694 1919 4747 De
1947 4703 2064 4761 toga
2086 4709 2216 4747 can-
2239 4700 2295 4760 D
2321 4695 2491 4758 potius
2522 4694 2663 4746 lilius
2705 4694 2857 4747 Sexti
2894 4694 3127 4747 Petronii
3160 4694 3338 4760 l'robi,
3388 4696 3479 4759 qui
3527 4696 3579 4747 in
3605 4709 3669 4749 ea
3698 4695 3897 4749 inscri-

644 4766 767 4817 dida
796 4778 859 4818 ac
880 4765 947 4817 de
971 4763 1053 4816 liis
1082 4764 1209 4832 ipsis
1242 4765 1481 4817 versibus
1510 4764 1807 4828 l’riidentii,
1845 4763 2013 4816 eriticr
2038 4775 2092 4816 et
2120 4777 2213 4816 an-

647 4836 860 4903 tiquarii
887 4835 1149 4887 innumeri
1176 4844 1357 4901 agunt.
1386 4837 1586 4900 Accipe
1614 4847 1893 4885 summam.
1938 4835 2083 4899 Toga
2109 4832 2211 4884 lto-

648 4919 927 4957 manorum
959 4918 1172 4967 semper
1199 4914 1316 4956 erat
1357 4903 1511 4964 alba;
1553 4904 1644 4953 sed
1686 4918 1806 4954 cum
1844 4904 2035 4956 diebus
2065 4903 2214 4957 testis

652 4975 887 5027 vestibus
906 4973 1228 5036 recentibus,
1255 4982 1308 5025 et
1331 4986 1436 5023 non
1458 4972 1708 5035 sordidis,
1736 4982 2032 5037 uterentur,
2057 4973 2213 5023 albati

653 5044 901 5104 peculiari
940 5044 1145 5094 ratione
1173 5040 1253 5093 his
1294 5041 1346 5093 in
1385 5040 1573 5093 diebus
1613 5042 1922 5092 dicebantur
1947 5049 2001 5093 et
2038 5051 2209 5094 erant.

653 5113 913 5164 Praeterea
956 5111 1219 5164 candidati
1260 5120 1411 5177 togas
1456 5120 1598 5170 creta
1644 5112 1978 5163 candidiores
2027 5109 2212 5163 redde-

651 5182 777 5230 bant
811 5195 823 5229 :
860 5179 998 5232 unde
1024 5181 1131 5233 illis
1155 5183 1542 5232 candidatorum
1576 5195 1766 5231 nomen
1812 5180 1984 5231 hausit.
2016 5178 2216 5232 Intelli-

644 5249 791 5315 gitur
817 5263 944 5316 ergo
973 5252 1095 5316 quid
1135 5252 1264 5303 velit
1309 5251 1649 5311 Prudentius,
1700 5249 1899 5300 scilicet
1946 5252 2215 5303 Romanos

653 5328 897 5384 tanquam
930 5318 981 5369 in
1004 5319 1087 5369 die
1118 5319 1253 5371 festo
1279 5319 1637 5371 candidiorem
1662 5328 1834 5380 togam
1864 5332 2095 5371 sumere.
2119 5318 2208 5370 Sic

653 5392 850 5455 hymno
881 5389 938 5438 ll
973 5385 1297 5454 Peristepln,
1326 5402 1466 5440 vers.
1499 5387 1639 5440 205:
1669 5384 1779 5437 Nec
1804 5388 1971 5438 minus
2002 5387 2209 5438 Albanis

646 5459 784 5508 acies
808 5473 857 5507 se
876 5455 1107 5507 candida
1128 5459 1286 5522 portis
1309 5455 1568 5520 Explicat,
1589 5466 1635 5508 et
1662 5457 1824 5522 longis
1846 5456 2046 5507 ducitur
2071 5457 2211 5509 ordi—

646 5527 813 5577 nibus.
855 5525 1069 5577 Videtur
1096 5538 1270 5579 autem
1302 5527 1618 5579 Prudentius
1648 5523 1749 5577 hoc
1793 5525 1911 5577 loco
1939 5526 2096 5579 etiam
2132 5524 2208 5578 si-

647 5595 1034 5660 gniﬁcationem
1077 5596 1355 5663 mysticam
1395 5596 1670 5656 denotare,
1711 5593 1954 5663 videlicet
2001 5595 2209 5661 pietatis

648 5674 701 5715 ιι
736 5664 1055 5717 innocentia:
1083 5662 1386 5718 candorem.
1418 5665 1524 5717 Nec
1550 5663 1679 5715 mihi
1708 5662 1950 5728 diSpilCCl
1976 5665 2116 5730 quod
2137 5664 2211 5715 ait

650 5734 960 5788 Uoininicus
998 5732 1203 5787 Macros
1249 5733 1300 5786 in
1346 5733 1634 5801 llierolex.,
1693 5733 1856 5787 \e-bo
1895 5732 2208 5796 BAI'TISIIL'S,

2321 4762 2499 4827 ptione
2529 4763 2746 4816 Anicius
2787 4762 3239 4831 llernnvgenianus
3270 4773 3488 4816 vocatur
3510 4803 3526 4829 ,
3568 4765 3639 4818 sit
3688 4766 3733 4818 is
3756 4768 3898 4819 Atii-

2318 4831 2433 4884 cius
2462 4848 2548 4897 qui
2580 4834 2783 4899 primus
2810 4830 3020 4886 Christo
3047 4848 3238 4887 nomen
3270 4833 3479 4886 dederit
3509 4845 3625 4899 post
3653 4834 3803 4901 leges
3822 4836 3897 4889 de

2320 4901 2577 4968 religione
2606 4901 2903 4954 Christiana
2945 4913 2998 4956 et
3042 4905 3320 4957 eversione
3367 4902 3629 4956 idolorum
3659 4920 3691 4956 a
3720 4905 3897 4958 'l‘heo-

2319 4972 2470 5041 dusio
2501 4977 2877 5039 promulgatas.
2908 4970 3093 5041 Deliis
3123 4973 3660 5041 laniiliis.earuinque
3689 4975 3887 5028 nobili-

2325 5048 2433 5092 tate
2457 5040 2556 5108 legi
2586 5054 2803 5105 possunt
2832 5039 3176 5108 Claudi—anus,
3222 5039 3587 5105 Mareellinus,
3612 5043 3890 5107 lusimus,

2320 5106 2589 5162 Ausonius
2618 5122 2671 5163 et
2700 5111 2811 5162 alii.
2841 5106 2897 5164 S.
2932 5110 3283 5179 Hieronymus
3312 5110 3467 5179 epist.
3493 5111 3558 5163 ad
3591 5111 3896 5166 Demetria-

2319 5181 2439 5231 drnt
2466 5196 2477 5230 :
2511 5179 2713 5232 Scilicet
2739 5196 2839 5231 non
2860 5180 2987 5231 milii
3012 5178 3295 5232 Proborum
3319 5192 3363 5232 et
3397 5178 3721 5248 Olybriorum
3744 5184 3897 5235 clara

2315 5250 2586 5321 repetenda
2611 5259 2727 5300 sunt
2753 5250 2979 5315 nomina,
3011 5260 3059 5321 et
3080 5248 3287 5321 illustre
3310 5250 3477 5321 Anicii
3505 5253 3775 5320 sanguinis
3802 5269 3896 5321 ge-

2318 5321 2412 5367 nus
2546 5318 2646 5369 Aut
2668 5320 3000 5385 proferendus
3020 5319 3261 5387 Olybrius
3281 5320 3483 5389 t‘irginis
3504 5318 3696 5374 noslrtc
3720 5318 3894 5389 pater,

2315 5401 2460 5449 quem
2481 5387 2751 5438 immatura
2775 5400 2935 5440 morte
2953 5391 3266 5441 subtractum
3296 5387 3461 5439 Iloiua
3488 5387 3801 5455 congemuit.
3836 5390 3895 5441 In

2317 5454 2455 5526 notis
2484 5458 2675 5526 dicitur
2700 5456 2843 5509 hunc
2867 5457 3138 5525 Olybrium
3177 5458 3511 5510 consulatum
3537 5454 3713 5526 egisse
3745 5477 3899 5513 anno

2318 5524 2452 5585 505;
2481 5525 2571 5576 sed
2603 5525 2881 5591 legendum
2920 5524 3146 5581 fortasse
3172 5528 3294 5580 595.
3328 5526 3384 5577 lo
3427 5524 3896 5582 l.is:is‘consulussi

2319 5594 2415 5643 hos
2441 5592 2653 5665 reperio
2681 5594 2995 5665 descriptos,
3020 5612 3129 5665 _qui
3173 5599 3239 5649 ad
3286 5597 3383 5665 has
3422 5596 3649 5651 l'aiiiilias
3681 5602 3902 5665 possint

2318 5661 2584 5727 pertinere
2628 5664 2817 5715 :Anno
2847 5664 2981 5725 δ’ἐξ,
3019 5661 3298 5719 l’etronius
3342 5664 3640 5719 l’robianus
3670 5661 3724 5721 et
3755 5669 3901 5723 Ani-

2317 5731 2431 5783 cius
2461 5731 2724 5787 Juzianus.
2749 5736 2901 5787 Anno
2928 5733 3023 5787 Sil
3068 5753 3082 5788 :
3107 5735 3375 5789 l’robiuus
3396 5750 3517 5790 cum
3548 5735 3898 5794 Marcellino.
