  <div class='ocr_page' id='page_1' title='image "/cluster/home/n/w/nwhite01/storage/ocr_20150623/60/hvd.32044015469299/103.png"; bbox 0 0 4038 6288; ppageno 0'>
   <div class='ocr_carea' id='block_1_1' title="bbox 570 313 672 371">
    <p class='ocr_par' dir='ltr' id='par_1_1' title="bbox 570 313 672 371">
     <span class='ocr_line' id='line_1_1' title="bbox 570 313 672 371; baseline 0 0"><span class='ocrx_word' id='word_1_1' title='bbox 570 313 672 371; x_wconf 76' lang='grc'><strong>185</strong></span> 
     </span>
    </p>
   </div>
   <div class='ocr_carea' id='block_1_2' title="bbox 745 503 1854 583">
    <p class='ocr_par' dir='ltr' id='par_1_2' title="bbox 745 503 1854 583">
     <span class='ocr_line' id='line_1_2' title="bbox 745 503 1854 583; baseline -0.005 -10"><span class='ocrx_word' id='word_1_2' title='bbox 745 523 932 583; x_wconf 85' lang='lat' dir='ltr'><strong>Aucta,</strong></span> <span class='ocrx_word' id='word_1_3' title='bbox 964 503 1215 572; x_wconf 77' lang='lat' dir='ltr'><strong>coloratis</strong></span> <span class='ocrx_word' id='word_1_4' title='bbox 1241 515 1462 571; x_wconf 77' lang='lat' dir='ltr'><strong>auderet</strong></span> <span class='ocrx_word' id='word_1_5' title='bbox 1488 514 1670 568; x_wconf 75' lang='lat' dir='ltr'><strong>ludere</strong></span> <span class='ocrx_word' id='word_1_6' title='bbox 1700 513 1854 570; x_wconf 83' lang='lat' dir='ltr'><strong>fucis.</strong></span> 
     </span>
    </p>
   </div>
   <div class='ocr_carea' id='block_1_3' title="bbox 570 606 1966 669">
    <p class='ocr_par' dir='ltr' id='par_1_3' title="bbox 570 606 1966 669">
     <span class='ocr_line' id='line_1_3' title="bbox 570 606 1966 669; baseline -0.004 -5"><span class='ocrx_word' id='word_1_7' title='bbox 570 609 640 664; x_wconf 60' lang='lat'><strong>45</strong></span> <span class='ocrx_word' id='word_1_8' title='bbox 747 611 836 666; x_wconf 85' lang='lat' dir='ltr'><strong>Sic</strong></span> <span class='ocrx_word' id='word_1_9' title='bbox 867 625 1028 662; x_wconf 91' lang='lat' dir='ltr'><strong>unum</strong></span> <span class='ocrx_word' id='word_1_10' title='bbox 1058 618 1330 664; x_wconf 86' lang='lat' dir='ltr'><strong>sectantur</strong></span> <span class='ocrx_word' id='word_1_11' title='bbox 1359 607 1482 669; x_wconf 87' lang='lat' dir='ltr'><strong>iter,</strong></span> <span class='ocrx_word' id='word_1_12' title='bbox 1511 616 1565 662; x_wconf 87' lang='lat' dir='ltr'><strong>et</strong></span> <span class='ocrx_word' id='word_1_13' title='bbox 1591 606 1767 660; x_wconf 83' lang='lat' dir='ltr'><strong>inania</strong></span> <span class='ocrx_word' id='word_1_14' title='bbox 1792 623 1966 660; x_wconf 89' lang='lat' dir='ltr'><strong>rerum</strong></span> 
     </span>
    </p>
   </div>
   <div class='ocr_carea' id='block_1_4' title="bbox 745 697 2146 768">
    <p class='ocr_par' dir='ltr' id='par_1_4' title="bbox 745 697 2146 768">
     <span class='ocr_line' id='line_1_4' title="bbox 745 697 2146 768; baseline -0.006 -11"><span class='ocrx_word' id='word_1_15' title='bbox 745 703 962 758; x_wconf 76' lang='lat' dir='ltr'><strong>Somnia</strong></span> <span class='ocrx_word' id='word_1_16' title='bbox 983 700 1286 768; x_wconf 89' lang='lat' dir='ltr'><strong>concipiunt</strong></span> <span class='ocrx_word' id='word_1_17' title='bbox 1309 708 1362 754; x_wconf 90' lang='lat' dir='ltr'><strong>et</strong></span> <span class='ocrx_word' id='word_1_18' title='bbox 1391 698 1670 762; x_wconf 84' lang='lat' dir='ltr'><strong>llomerus,</strong></span> <span class='ocrx_word' id='word_1_19' title='bbox 1694 707 1747 752; x_wconf 91' lang='lat' dir='ltr'><strong>et</strong></span> <span class='ocrx_word' id='word_1_20' title='bbox 1773 712 1894 751; x_wconf 81' lang='lat' dir='ltr'><strong>acer</strong></span> <span class='ocrx_word' id='word_1_21' title='bbox 1913 697 2146 766; x_wconf 77' lang='lat' dir='ltr'><strong>Apelles,</strong></span> 
     </span>
    </p>
   </div>
   <div class='ocr_carea' id='block_1_5' title="bbox 1643 307 2698 367">
    <p class='ocr_par' dir='ltr' id='par_1_5' title="bbox 1643 307 2698 367">
     <span class='ocr_line' id='line_1_5' title="bbox 1643 307 2698 367; baseline -0.004 -2"><span class='ocrx_word' id='word_1_22' title='bbox 1643 310 1920 367; x_wconf 72' lang='lat' dir='ltr'><strong>AURELII</strong></span> <span class='ocrx_word' id='word_1_23' title='bbox 1961 307 2698 367; x_wconf 69' lang='lat' dir='ltr'><strong>PRUDENTIl-CARMINA.</strong></span> 
     </span>
    </p>
   </div>
   <div class='ocr_carea' id='block_1_6' title="bbox 743 423 2217 499">
    <p class='ocr_par' dir='ltr' id='par_1_6' title="bbox 743 423 2217 499">
     <span class='ocr_line' id='line_1_6' title="bbox 743 423 2217 499; baseline -0.004 -18"><span class='ocrx_word' id='word_1_24' title='bbox 743 427 900 499; x_wconf 73' lang='lat'><strong>767</strong></span> <span class='ocrx_word' id='word_1_25' title='bbox 920 426 1147 482; x_wconf 83' lang='lat' dir='ltr'><strong>Duceret</strong></span> <span class='ocrx_word' id='word_1_26' title='bbox 1176 425 1226 479; x_wconf 92' lang='lat' dir='ltr'><strong>in</strong></span> <span class='ocrx_word' id='word_1_27' title='bbox 1250 424 1460 488; x_wconf 76' lang='lat' dir='ltr'><strong>facient,</strong></span> <span class='ocrx_word' id='word_1_28' title='bbox 1488 423 1724 492; x_wconf 79' lang='lat' dir='ltr'><strong>sociique</strong></span> <span class='ocrx_word' id='word_1_29' title='bbox 1743 424 2001 490; x_wconf 74' lang='lat' dir='ltr'><strong>poematis</strong></span> <span class='ocrx_word' id='word_1_30' title='bbox 2023 433 2138 477; x_wconf 88' lang='lat' dir='ltr'><strong>arte</strong></span> <span class='ocrx_word' id='word_1_31' title='bbox 2167 432 2217 487; x_wconf 69' lang='grc' dir='ltr'><strong>Α</strong></span> 
     </span>
    </p>
   </div>
   <div class='ocr_carea' id='block_1_7' title="bbox 3733 313 3822 368">
    <p class='ocr_par' dir='ltr' id='par_1_7' title="bbox 3733 313 3822 368">
     <span class='ocr_line' id='line_1_7' title="bbox 3733 313 3822 368; baseline 0.022 -2"><span class='ocrx_word' id='word_1_32' title='bbox 3733 313 3822 368; x_wconf 55' lang='lat' dir='ltr'><strong>lu</strong></span> 
     </span>
    </p>
   </div>
   <div class='ocr_carea' id='block_1_8' title="bbox 2421 415 3821 490">
    <p class='ocr_par' dir='ltr' id='par_1_8' title="bbox 2421 415 3821 490">
     <span class='ocr_line' id='line_1_8' title="bbox 2421 415 3821 490; baseline -0.009 -14"><span class='ocrx_word' id='word_1_33' title='bbox 2421 424 2482 476; x_wconf 72' lang='lat' dir='ltr'><strong>lit</strong></span> <span class='ocrx_word' id='word_1_34' title='bbox 2512 422 2678 476; x_wconf 78' lang='lat' dir='ltr'><strong>Numa</strong></span> <span class='ocrx_word' id='word_1_35' title='bbox 2701 461 2714 482; x_wconf 92' lang='lat'><strong>,</strong></span> <span class='ocrx_word' id='word_1_36' title='bbox 2747 426 3134 488; x_wconf 85' lang='lat' dir='ltr'><strong>cognatumque</strong></span> <span class='ocrx_word' id='word_1_37' title='bbox 3169 415 3392 485; x_wconf 88' lang='lat' dir='ltr'><strong>malum,</strong></span> <span class='ocrx_word' id='word_1_38' title='bbox 3427 422 3720 490; x_wconf 85' lang='lat' dir='ltr'><strong>pigmenta,</strong></span> <span class='ocrx_word' id='word_1_39' title='bbox 3749 441 3821 478; x_wconf 79' lang='lat' dir='ltr'><strong>cs.</strong></span> 
     </span>
    </p>
   </div>
   <div class='ocr_carea' id='block_1_9' title="bbox 3547 530 3760 569">
    <p class='ocr_par' dir='ltr' id='par_1_9' title="bbox 3547 530 3760 569">
     <span class='ocr_line' id='line_1_9' title="bbox 3547 530 3760 569; baseline 0.005 -1"><span class='ocrx_word' id='word_1_40' title='bbox 3547 530 3760 569; x_wconf 59' lang='lat' dir='ltr'><strong>musice.</strong></span> 
     </span>
    </p>
   </div>
   <div class='ocr_carea' id='block_1_10' title="bbox 2433 515 3759 674">
    <p class='ocr_par' dir='ltr' id='par_1_10' title="bbox 2433 515 3759 674">
     <span class='ocr_line' id='line_1_10' title="bbox 3547 530 3759 569; baseline 0.005 -1"><span class='ocrx_word' id='word_1_41' title='bbox 3547 530 3759 569; x_wconf 62' lang='lat' dir='ltr'><strong>minime.</strong></span> 
     </span>
     <span class='ocr_line' id='line_1_11' title="bbox 2433 515 3759 674; baseline -0.002 -14"><span class='ocrx_word' id='word_1_42' title='bbox 2433 605 2593 674; x_wconf 77' lang='lat'><strong>768</strong></span> <span class='ocrx_word' id='word_1_43' title='bbox 2623 602 2783 665; x_wconf 84' lang='lat' dir='ltr'><strong>’dola,</strong></span> <span class='ocrx_word' id='word_1_44' title='bbox 2807 602 3072 657; x_wconf 89' lang='lat' dir='ltr'><strong>convaluit</strong></span> <span class='ocrx_word' id='word_1_45' title='bbox 3104 603 3316 658; x_wconf 79' lang='lat' dir='ltr'><strong>fallendi</strong></span> <span class='ocrx_word' id='word_1_46' title='bbox 3339 605 3475 658; x_wconf 86' lang='lat' dir='ltr'><strong>trina</strong></span> <span class='ocrx_word' id='word_1_47' title='bbox 3505 515 3759 673; x_wconf 69' lang='lat' dir='ltr'><strong>iiotestas.</strong></span> 
     </span>
    </p>
   </div>
   <div class='ocr_carea' id='block_1_11' title="bbox 2436 693 3766 762">
    <p class='ocr_par' dir='ltr' id='par_1_11' title="bbox 2436 693 3766 762">
     <span class='ocr_line' id='line_1_12' title="bbox 2436 693 3766 762; baseline 0.003 -14"><span class='ocrx_word' id='word_1_48' title='bbox 2436 698 2560 748; x_wconf 72' lang='lat' dir='ltr'><strong>Haec</strong></span> <span class='ocrx_word' id='word_1_49' title='bbox 2587 695 2632 749; x_wconf 88' lang='lat' dir='ltr'><strong>si</strong></span> <span class='ocrx_word' id='word_1_50' title='bbox 2666 710 2769 748; x_wconf 81' lang='lat' dir='ltr'><strong>non</strong></span> <span class='ocrx_word' id='word_1_51' title='bbox 2803 696 2870 748; x_wconf 85' lang='lat' dir='ltr'><strong>ita</strong></span> <span class='ocrx_word' id='word_1_52' title='bbox 2895 704 3038 762; x_wconf 86' lang='lat' dir='ltr'><strong>sunt,</strong></span> <span class='ocrx_word' id='word_1_53' title='bbox 3073 693 3282 761; x_wconf 77' lang='lat' dir='ltr'><strong>edatur,</strong></span> <span class='ocrx_word' id='word_1_54' title='bbox 3313 709 3410 750; x_wconf 89' lang='lat' dir='ltr'><strong>cur</strong></span> <span class='ocrx_word' id='word_1_55' title='bbox 3436 709 3586 750; x_wconf 85' lang='lat' dir='ltr'><strong>sacra</strong></span> <span class='ocrx_word' id='word_1_56' title='bbox 3615 699 3766 752; x_wconf 79' lang='lat' dir='ltr'><strong>roliis</strong></span> 
     </span>
    </p>
   </div>
   <div class='ocr_carea' id='block_1_12' title="bbox 1879 824 2544 882">
    <p class='ocr_par' dir='ltr' id='par_1_12' title="bbox 1879 824 2544 882">
     <span class='ocr_line' id='line_1_13' title="bbox 1879 824 2544 882; baseline -0.003 -2"><span class='ocrx_word' id='word_1_57' title='bbox 1879 826 2166 882; x_wconf 63' lang='lat' dir='ltr'><strong>GLOSSJ‘J</strong></span> <span class='ocrx_word' id='word_1_58' title='bbox 2209 824 2544 882; x_wconf 75' lang='lat' dir='ltr'><strong>VETERES.</strong></span> 
     </span>
    </p>
   </div>
   <div class='ocr_carea' id='block_1_13' title="bbox 645 916 1968 994">
    <p class='ocr_par' dir='ltr' id='par_1_13' title="bbox 645 916 1968 994">
     <span class='ocr_line' id='line_1_14' title="bbox 645 916 1968 994; baseline -0.008 -14"><span class='ocrx_word' id='word_1_59' title='bbox 645 922 732 979; x_wconf 69' lang='grc'><strong>44.</strong></span> <span class='ocrx_word' id='word_1_60' title='bbox 789 924 1016 988; x_wconf 82' lang='lat' dir='ltr'><strong>Ludere,</strong></span> <span class='ocrx_word' id='word_1_61' title='bbox 1047 924 1268 994; x_wconf 81' lang='lat' dir='ltr'><strong>pingere.</strong></span> <span class='ocrx_word' id='word_1_62' title='bbox 1302 947 1368 960; x_wconf 88' lang='lat'><strong>--—</strong></span> <span class='ocrx_word' id='word_1_63' title='bbox 1397 918 1572 994; x_wconf 82' lang='lat' dir='ltr'><strong>Fucis,</strong></span> <span class='ocrx_word' id='word_1_64' title='bbox 1604 917 1905 994; x_wconf 69' lang='lat' dir='ltr'><strong>mendaciis,</strong></span> <span class='ocrx_word' id='word_1_65' title='bbox 1929 916 1968 994; x_wconf 66' lang='lat' dir='ltr'><strong>l.</strong></span> 
     </span>
    </p>
   </div>
   <div class='ocr_carea' id='block_1_14' title="bbox 644 988 2150 1061">
    <p class='ocr_par' dir='ltr' id='par_1_14' title="bbox 644 988 2150 1061">
     <span class='ocr_line' id='line_1_15' title="bbox 644 988 2150 1061; baseline -0.009 -11"><span class='ocrx_word' id='word_1_66' title='bbox 644 996 733 1050; x_wconf 69' lang='grc' dir='ltr'><strong>ιδ.</strong></span> <span class='ocrx_word' id='word_1_67' title='bbox 791 997 1070 1057; x_wconf 85' lang='lat' dir='ltr'><strong>llouierus,</strong></span> <span class='ocrx_word' id='word_1_68' title='bbox 1103 988 1248 1061; x_wconf 77' lang='lat' dir='ltr'><strong>poeta</strong></span> <span class='ocrx_word' id='word_1_69' title='bbox 1278 993 1534 1060; x_wconf 72' lang='lat' dir='ltr'><strong>magister.</strong></span> <span class='ocrx_word' id='word_1_70' title='bbox 1567 1017 1636 1028; x_wconf 91' lang='lat'><strong>——</strong></span> <span class='ocrx_word' id='word_1_71' title='bbox 1661 991 1820 1050; x_wconf 83' lang='lat' dir='ltr'><strong>Acer,</strong></span> <span class='ocrx_word' id='word_1_72' title='bbox 1854 988 2022 1056; x_wconf 75' lang='lat' dir='ltr'><strong>fortis,</strong></span> <span class='ocrx_word' id='word_1_73' title='bbox 2071 1002 2150 1038; x_wconf 85' lang='lat' dir='ltr'><strong>sa-</strong></span> 
     </span>
    </p>
   </div>
   <div class='ocr_carea' id='block_1_15' title="bbox 576 1061 1339 1133">
    <p class='ocr_par' dir='ltr' id='par_1_15' title="bbox 576 1061 1339 1133">
     <span class='ocr_line' id='line_1_16' title="bbox 576 1061 1339 1133; baseline -0.005 -15"><span class='ocrx_word' id='word_1_74' title='bbox 576 1082 694 1133; x_wconf 77' lang='lat' dir='ltr'><strong>gax.</strong></span> <span class='ocrx_word' id='word_1_75' title='bbox 727 1093 796 1106; x_wconf 91' lang='lat'><strong>-—</strong></span> <span class='ocrx_word' id='word_1_76' title='bbox 817 1065 1049 1132; x_wconf 86' lang='lat' dir='ltr'><strong>Apelles,</strong></span> <span class='ocrx_word' id='word_1_77' title='bbox 1088 1065 1272 1133; x_wconf 76' lang='lat' dir='ltr'><strong>pictor,</strong></span> <span class='ocrx_word' id='word_1_78' title='bbox 1290 1061 1339 1133; x_wconf 10' lang='lat' dir='ltr'><strong>Vl.</strong></span> 
     </span>
    </p>
   </div>
   <div class='ocr_carea' id='block_1_16' title="bbox 645 1125 2154 1196">
    <p class='ocr_par' dir='ltr' id='par_1_16' title="bbox 645 1125 2154 1196">
     <span class='ocr_line' id='line_1_17' title="bbox 645 1125 2154 1196; baseline -0.007 -8"><span class='ocrx_word' id='word_1_79' title='bbox 645 1136 734 1188; x_wconf 74' lang='grc'><strong>47.</strong></span> <span class='ocrx_word' id='word_1_80' title='bbox 781 1125 968 1196; x_wconf 78' lang='lat' dir='ltr'><strong>Nuina,</strong></span> <span class='ocrx_word' id='word_1_81' title='bbox 999 1125 1162 1184; x_wconf 81' lang='lat' dir='ltr'><strong>cultor</strong></span> <span class='ocrx_word' id='word_1_82' title='bbox 1188 1132 1466 1192; x_wconf 80' lang='lat' dir='ltr'><strong>idolorum,</strong></span> <span class='ocrx_word' id='word_1_83' title='bbox 1512 1138 1559 1181; x_wconf 91' lang='lat' dir='ltr'><strong>et</strong></span> <span class='ocrx_word' id='word_1_84' title='bbox 1607 1127 1915 1196; x_wconf 63' lang='lat' dir='ltr'><strong>aedificator</strong></span> <span class='ocrx_word' id='word_1_85' title='bbox 1945 1125 2154 1193; x_wconf 85' lang='lat' dir='ltr'><strong>templo-</strong></span> 
     </span>
    </p>
   </div>
   <div class='ocr_carea' id='block_1_17' title="bbox 577 1194 2155 1272">
    <p class='ocr_par' dir='ltr' id='par_1_17' title="bbox 577 1194 2155 1272">
     <span class='ocr_line' id='line_1_18' title="bbox 577 1194 2155 1272; baseline -0.004 -18"><span class='ocrx_word' id='word_1_86' title='bbox 577 1219 706 1256; x_wconf 86' lang='lat' dir='ltr'><strong>rum.</strong></span> <span class='ocrx_word' id='word_1_87' title='bbox 739 1231 806 1245; x_wconf 84' lang='lat'><strong>—-</strong></span> <span class='ocrx_word' id='word_1_88' title='bbox 835 1194 1150 1270; x_wconf 74' lang='lat' dir='ltr'><strong>Cognitum,</strong></span> <span class='ocrx_word' id='word_1_89' title='bbox 1180 1208 1448 1272; x_wconf 81' lang='lat' dir='ltr'><strong>cognatam</strong></span> <span class='ocrx_word' id='word_1_90' title='bbox 1479 1204 1622 1251; x_wconf 83' lang='lat' dir='ltr'><strong>vocat</strong></span> <span class='ocrx_word' id='word_1_91' title='bbox 1650 1194 1780 1272; x_wconf 79' lang='lat' dir='ltr'><strong>rem,</strong></span> <span class='ocrx_word' id='word_1_92' title='bbox 1816 1212 1876 1248; x_wconf 72' lang='lat' dir='ltr'><strong>ex</strong></span> <span class='ocrx_word' id='word_1_93' title='bbox 1897 1194 1977 1249; x_wconf 60' lang='lat' dir='ltr'><strong>liis</strong></span> <span class='ocrx_word' id='word_1_94' title='bbox 1999 1199 2155 1272; x_wconf 57' lang='lat' dir='ltr'><strong>tribus</strong></span> 
     </span>
    </p>
   </div>
   <div class='ocr_carea' id='block_1_18' title="bbox 578 1265 2148 1343">
    <p class='ocr_par' dir='ltr' id='par_1_18' title="bbox 578 1265 2148 1343">
     <span class='ocr_line' id='line_1_19' title="bbox 578 1265 2148 1343; baseline -0.006 -19"><span class='ocrx_word' id='word_1_95' title='bbox 578 1277 787 1338; x_wconf 76' lang='lat' dir='ltr'><strong>scilicet,</strong></span> <span class='ocrx_word' id='word_1_96' title='bbox 819 1265 1031 1343; x_wconf 64' lang='lat' dir='ltr'><strong>pictore,</strong></span> <span class='ocrx_word' id='word_1_97' title='bbox 1081 1265 1322 1339; x_wconf 59' lang='lat' dir='ltr'><strong>poeta&#39;et</strong></span> <span class='ocrx_word' id='word_1_98' title='bbox 1376 1284 1523 1337; x_wconf 88' lang='lat' dir='ltr'><strong>mago</strong></span> <span class='ocrx_word' id='word_1_99' title='bbox 1553 1267 1914 1320; x_wconf 86' lang='lat' dir='ltr'><strong>coadunatam.</strong></span> <span class='ocrx_word' id='word_1_100' title='bbox 1957 1294 2026 1304; x_wconf 89' lang='lat'><strong>——</strong></span> <span class='ocrx_word' id='word_1_101' title='bbox 2055 1265 2148 1316; x_wconf 83' lang='lat' dir='ltr'><strong>Ca-</strong></span> 
     </span>
    </p>
   </div>
   <div class='ocr_carea' id='block_1_19' title="bbox 2261 909 2921 985">
    <p class='ocr_par' dir='ltr' id='par_1_19' title="bbox 2261 909 2921 985">
     <span class='ocr_line' id='line_1_20' title="bbox 2261 909 2921 985; baseline -0.006 -15"><span class='ocrx_word' id='word_1_102' title='bbox 2261 933 2472 978; x_wconf 68' lang='lat' dir='ltr'><strong>moenae,</strong></span> <span class='ocrx_word' id='word_1_103' title='bbox 2504 909 2785 985; x_wconf 77' lang='lat' dir='ltr'><strong>poetarum,</strong></span> <span class='ocrx_word' id='word_1_104' title='bbox 2823 914 2921 967; x_wconf 87' lang='lat' dir='ltr'><strong>lso.</strong></span> 
     </span>
    </p>
   </div>
   <div class='ocr_carea' id='block_1_20' title="bbox 2331 986 3824 1056">
    <p class='ocr_par' dir='ltr' id='par_1_20' title="bbox 2331 986 3824 1056">
     <span class='ocr_line' id='line_1_21' title="bbox 2331 986 3824 1056; baseline 0 -16"><span class='ocrx_word' id='word_1_105' title='bbox 2331 988 2422 1040; x_wconf 78' lang='grc'><strong>48.</strong></span> <span class='ocrx_word' id='word_1_106' title='bbox 2459 986 2621 1048; x_wconf 87' lang='lat' dir='ltr'><strong>ldola,</strong></span> <span class='ocrx_word' id='word_1_107' title='bbox 2653 986 2707 1038; x_wconf 82' lang='lat' dir='ltr'><strong>id</strong></span> <span class='ocrx_word' id='word_1_108' title='bbox 2738 995 2811 1038; x_wconf 90' lang='lat' dir='ltr'><strong>est</strong></span> <span class='ocrx_word' id='word_1_109' title='bbox 2841 1001 3122 1056; x_wconf 81' lang='lat' dir='ltr'><strong>magorum.</strong></span> <span class='ocrx_word' id='word_1_110' title='bbox 3159 1013 3225 1027; x_wconf 87' lang='lat'><strong>—-</strong></span> <span class='ocrx_word' id='word_1_111' title='bbox 3254 986 3437 1050; x_wconf 75' lang='lat' dir='ltr'><strong>Docta,</strong></span> <span class='ocrx_word' id='word_1_112' title='bbox 3469 987 3520 1038; x_wconf 85' lang='lat' dir='ltr'><strong>in</strong></span> <span class='ocrx_word' id='word_1_113' title='bbox 3561 989 3762 1056; x_wconf 76' lang='lat' dir='ltr'><strong>pictura</strong></span> <span class='ocrx_word' id='word_1_114' title='bbox 3786 996 3824 1040; x_wconf 81' lang='lat' dir='ltr'><strong>et</strong></span> 
     </span>
    </p>
   </div>
   <div class='ocr_carea' id='block_1_21' title="bbox 2263 1057 2665 1120">
    <p class='ocr_par' dir='ltr' id='par_1_21' title="bbox 2263 1057 2665 1120">
     <span class='ocr_line' id='line_1_22' title="bbox 2263 1057 2665 1120; baseline -0.005 -11"><span class='ocrx_word' id='word_1_115' title='bbox 2263 1059 2314 1109; x_wconf 90' lang='lat' dir='ltr'><strong>in</strong></span> <span class='ocrx_word' id='word_1_116' title='bbox 2347 1067 2592 1120; x_wconf 69' lang='lat' dir='ltr'><strong>poemate,</strong></span> <span class='ocrx_word' id='word_1_117' title='bbox 2628 1057 2665 1109; x_wconf 91' lang='grc' dir='ltr'><strong>Ι.</strong></span> 
     </span>
    </p>
   </div>
   <div class='ocr_carea' id='block_1_22' title="bbox 2329 1125 3825 1194">
    <p class='ocr_par' dir='ltr' id='par_1_22' title="bbox 2329 1125 3825 1194">
     <span class='ocr_line' id='line_1_23' title="bbox 2329 1125 3825 1194; baseline 0.001 -14"><span class='ocrx_word' id='word_1_118' title='bbox 2329 1127 2418 1180; x_wconf 67' lang='grc'><strong>49.</strong></span> <span class='ocrx_word' id='word_1_119' title='bbox 2457 1127 2669 1187; x_wconf 86' lang='lat' dir='ltr'><strong>Edatur,</strong></span> <span class='ocrx_word' id='word_1_120' title='bbox 2710 1125 2926 1188; x_wconf 76' lang='lat' dir='ltr'><strong>dicatur,</strong></span> <span class='ocrx_word' id='word_1_121' title='bbox 2970 1125 3258 1194; x_wconf 69' lang='lat' dir='ltr'><strong>proferatur</strong></span> <span class='ocrx_word' id='word_1_122' title='bbox 3283 1144 3314 1180; x_wconf 88' lang='lat' dir='ltr'><strong>a</strong></span> <span class='ocrx_word' id='word_1_123' title='bbox 3341 1128 3498 1180; x_wconf 74' lang='lat' dir='ltr'><strong>sobis.</strong></span> <span class='ocrx_word' id='word_1_124' title='bbox 3528 1155 3599 1167; x_wconf 90' lang='lat'><em>--</em></span> <span class='ocrx_word' id='word_1_125' title='bbox 3623 1126 3733 1182; x_wconf 86' lang='lat' dir='ltr'><strong>Cur</strong></span> <span class='ocrx_word' id='word_1_126' title='bbox 3750 1142 3825 1181; x_wconf 80' lang='lat' dir='ltr'><strong>sa-</strong></span> 
     </span>
    </p>
   </div>
   <div class='ocr_carea' id='block_1_23' title="bbox 2263 1196 3004 1262">
    <p class='ocr_par' dir='ltr' id='par_1_23' title="bbox 2263 1196 3004 1262">
     <span class='ocr_line' id='line_1_24' title="bbox 2263 1196 3004 1262; baseline -0.008 -10"><span class='ocrx_word' id='word_1_127' title='bbox 2263 1207 2372 1262; x_wconf 80' lang='lat' dir='ltr'><strong>Cra,</strong></span> <span class='ocrx_word' id='word_1_128' title='bbox 2399 1199 2549 1250; x_wconf 80' lang='lat' dir='ltr'><strong>verba</strong></span> <span class='ocrx_word' id='word_1_129' title='bbox 2577 1207 2798 1261; x_wconf 86' lang='lat' dir='ltr'><strong>senatus,</strong></span> <span class='ocrx_word' id='word_1_130' title='bbox 2831 1196 2868 1249; x_wconf 91' lang='grc'><strong>1.</strong></span> <span class='ocrx_word' id='word_1_131' title='bbox 3001 1229 3004 1231; x_wconf 50' lang='grc' dir='ltr'>λ</span> 
     </span>
    </p>
   </div>
   <div class='ocr_carea' id='block_1_24' title="bbox 1919 1353 2481 1410">
    <p class='ocr_par' dir='ltr' id='par_1_24' title="bbox 1919 1353 2481 1410">
     <span class='ocr_line' id='line_1_25' title="bbox 1919 1353 2481 1410; baseline 0 0"><span class='ocrx_word' id='word_1_132' title='bbox 1919 1353 2481 1410; x_wconf 73' lang='lat' dir='ltr'><strong>COMMENTARIUS.</strong></span> 
     </span>
    </p>
   </div>
   <div class='ocr_carea' id='block_1_25' title="bbox 582 1451 2156 1527">
    <p class='ocr_par' dir='ltr' id='par_1_25' title="bbox 582 1451 2156 1527">
     <span class='ocr_line' id='line_1_26' title="bbox 582 1451 2156 1527; baseline -0.006 -15"><span class='ocrx_word' id='word_1_133' title='bbox 582 1461 839 1527; x_wconf 74' lang='lat' dir='ltr'><strong>Figueroa</strong></span> <span class='ocrx_word' id='word_1_134' title='bbox 861 1455 1052 1513; x_wconf 85' lang='lat' dir='ltr'><strong>librum</strong></span> <span class='ocrx_word' id='word_1_135' title='bbox 1095 1471 1194 1511; x_wconf 90' lang='lat' dir='ltr'><strong>ms.</strong></span> <span class='ocrx_word' id='word_1_136' title='bbox 1229 1457 1292 1510; x_wconf 87' lang='lat' dir='ltr'><strong>de</strong></span> <span class='ocrx_word' id='word_1_137' title='bbox 1321 1457 1470 1510; x_wconf 89' lang='lat' dir='ltr'><strong>reteri</strong></span> <span class='ocrx_word' id='word_1_138' title='bbox 1500 1451 1710 1508; x_wconf 80' lang='lat' dir='ltr'><strong>Pictura</strong></span> <span class='ocrx_word' id='word_1_139' title='bbox 1737 1453 1972 1527; x_wconf 81' lang='lat' dir='ltr'><strong>reliquit,</strong></span> <span class='ocrx_word' id='word_1_140' title='bbox 2002 1465 2156 1521; x_wconf 89' lang='lat' dir='ltr'><strong>quem</strong></span> 
     </span>
    </p>
   </div>
   <div class='ocr_carea' id='block_1_26' title="bbox 582 1524 2159 1594">
    <p class='ocr_par' dir='ltr' id='par_1_26' title="bbox 582 1524 2159 1594">
     <span class='ocr_line' id='line_1_27' title="bbox 582 1524 2159 1594; baseline -0.005 -12"><span class='ocrx_word' id='word_1_141' title='bbox 582 1524 760 1584; x_wconf 78' lang='lat' dir='ltr'><strong>laudat</strong></span> <span class='ocrx_word' id='word_1_142' title='bbox 783 1529 897 1583; x_wconf 84' lang='lat' dir='ltr'><strong>Nic.</strong></span> <span class='ocrx_word' id='word_1_143' title='bbox 928 1529 1211 1583; x_wconf 81' lang='lat' dir='ltr'><strong>Antonius.</strong></span> <span class='ocrx_word' id='word_1_144' title='bbox 1243 1527 1327 1582; x_wconf 77' lang='lat' dir='ltr'><strong>Cl.</strong></span> <span class='ocrx_word' id='word_1_145' title='bbox 1360 1527 1644 1594; x_wconf 77' lang='lat' dir='ltr'><strong>Requenus</strong></span> <span class='ocrx_word' id='word_1_146' title='bbox 1671 1540 1778 1578; x_wconf 91' lang='lat' dir='ltr'><strong>non</strong></span> <span class='ocrx_word' id='word_1_147' title='bbox 1826 1524 2006 1576; x_wconf 82' lang='lat' dir='ltr'><strong>multis</strong></span> <span class='ocrx_word' id='word_1_148' title='bbox 2035 1530 2159 1594; x_wconf 86' lang='lat' dir='ltr'><strong>ante</strong></span> 
     </span>
    </p>
   </div>
   <div class='ocr_carea' id='block_1_27' title="bbox 581 1593 2159 1667">
    <p class='ocr_par' dir='ltr' id='par_1_27' title="bbox 581 1593 2159 1667">
     <span class='ocr_line' id='line_1_28' title="bbox 581 1593 2159 1667; baseline -0.006 -15"><span class='ocrx_word' id='word_1_149' title='bbox 581 1601 736 1653; x_wconf 85' lang='lat' dir='ltr'><strong>annis</strong></span> <span class='ocrx_word' id='word_1_150' title='bbox 766 1608 1001 1653; x_wconf 77' lang='lat' dir='ltr'><strong>veterem</strong></span> <span class='ocrx_word' id='word_1_151' title='bbox 1044 1597 1292 1667; x_wconf 89' lang='lat' dir='ltr'><strong>pingendi</strong></span> <span class='ocrx_word' id='word_1_152' title='bbox 1330 1593 1706 1667; x_wconf 25' lang='lat' dir='ltr'><strong>ratioiiem,_‘e_t</strong></span> <span class='ocrx_word' id='word_1_153' title='bbox 1742 1609 1864 1667; x_wconf 80' lang='lat' dir='ltr'><strong>cera</strong></span> <span class='ocrx_word' id='word_1_154' title='bbox 1899 1606 1994 1667; x_wconf 86' lang='lat' dir='ltr'><strong>pro</strong></span> <span class='ocrx_word' id='word_1_155' title='bbox 2037 1593 2159 1645; x_wconf 90' lang='lat' dir='ltr'><strong>oleo</strong></span> 
     </span>
    </p>
   </div>
   <div class='ocr_carea' id='block_1_28' title="bbox 583 1664 2159 1737">
    <p class='ocr_par' dir='ltr' id='par_1_28' title="bbox 583 1664 2159 1737">
     <span class='ocr_line' id='line_1_29' title="bbox 583 1664 2159 1737; baseline -0.005 -16"><span class='ocrx_word' id='word_1_156' title='bbox 583 1670 788 1734; x_wconf 88' lang='lat' dir='ltr'><strong>utendi,</strong></span> <span class='ocrx_word' id='word_1_157' title='bbox 815 1670 925 1737; x_wconf 89' lang='lat' dir='ltr'><strong>jam</strong></span> <span class='ocrx_word' id='word_1_158' title='bbox 953 1664 1158 1737; x_wconf 81' lang='lat' dir='ltr'><strong>pridem</strong></span> <span class='ocrx_word' id='word_1_159' title='bbox 1187 1666 1536 1737; x_wconf 79' lang='lat' dir='ltr'><strong>deperditam,</strong></span> <span class='ocrx_word' id='word_1_160' title='bbox 1562 1664 1784 1719; x_wconf 75' lang='lat' dir='ltr'><strong>feliciter</strong></span> <span class='ocrx_word' id='word_1_161' title='bbox 1811 1664 2159 1737; x_wconf 72' lang='lat' dir='ltr'><strong>invenit,_aiit</strong></span> 
     </span>
    </p>
   </div>
   <div class='ocr_carea' id='block_1_29' title="bbox 581 1731 2153 1800">
    <p class='ocr_par' dir='ltr' id='par_1_29' title="bbox 581 1731 2153 1800">
     <span class='ocr_line' id='line_1_30' title="bbox 581 1731 2153 1800; baseline -0.006 -9"><span class='ocrx_word' id='word_1_162' title='bbox 581 1741 740 1792; x_wconf 84' lang='lat' dir='ltr'><strong>aliam</strong></span> <span class='ocrx_word' id='word_1_163' title='bbox 767 1731 966 1792; x_wconf 64' lang='lat' dir='ltr'><strong>nam&quot;;</strong></span> <span class='ocrx_word' id='word_1_164' title='bbox 981 1739 1206 1790; x_wconf 90' lang='lat' dir='ltr'><strong>similem</strong></span> <span class='ocrx_word' id='word_1_165' title='bbox 1235 1731 1591 1800; x_wconf 60' lang='grc' dir='ltr'><strong>έκεομίιτινίις</strong></span> <span class='ocrx_word' id='word_1_166' title='bbox 1622 1748 1781 1800; x_wconf 89' lang='lat' dir='ltr'><strong>quam</strong></span> <span class='ocrx_word' id='word_1_167' title='bbox 1811 1733 1996 1786; x_wconf 81' lang='lat' dir='ltr'><strong>Petrus</strong></span> <span class='ocrx_word' id='word_1_168' title='bbox 2023 1731 2153 1786; x_wconf 80' lang='lat' dir='ltr'><strong>Gar-</strong></span> 
     </span>
    </p>
   </div>
   <div class='ocr_carea' id='block_1_30' title="bbox 581 1803 2157 1870">
    <p class='ocr_par' dir='ltr' id='par_1_30' title="bbox 581 1803 2157 1870">
     <span class='ocr_line' id='line_1_31' title="bbox 581 1803 2157 1870; baseline -0.005 -8"><span class='ocrx_word' id='word_1_169' title='bbox 581 1810 660 1862; x_wconf 88' lang='lat' dir='ltr'><strong>cia</strong></span> <span class='ocrx_word' id='word_1_170' title='bbox 699 1810 765 1862; x_wconf 91' lang='lat' dir='ltr'><strong>de</strong></span> <span class='ocrx_word' id='word_1_171' title='bbox 812 1809 858 1862; x_wconf 89' lang='lat' dir='ltr'><strong>la</strong></span> <span class='ocrx_word' id='word_1_172' title='bbox 907 1809 1122 1870; x_wconf 88' lang='lat' dir='ltr'><strong>Huerta,</strong></span> <span class='ocrx_word' id='word_1_173' title='bbox 1154 1807 1333 1860; x_wconf 88' lang='lat' dir='ltr'><strong>multis</strong></span> <span class='ocrx_word' id='word_1_174' title='bbox 1377 1805 1629 1858; x_wconf 85' lang='lat' dir='ltr'><strong>adhibitis</strong></span> <span class='ocrx_word' id='word_1_175' title='bbox 1677 1803 2060 1867; x_wconf 77' lang='lat' dir='ltr'><strong>experimentis</strong></span> <span class='ocrx_word' id='word_1_176' title='bbox 2103 1810 2157 1854; x_wconf 91' lang='lat' dir='ltr'><strong>et</strong></span> 
     </span>
    </p>
   </div>
   <div class='ocr_carea' id='block_1_31' title="bbox 580 1873 2155 1943">
    <p class='ocr_par' dir='ltr' id='par_1_31' title="bbox 580 1873 2155 1943">
     <span class='ocr_line' id='line_1_32' title="bbox 580 1873 2155 1943; baseline -0.003 -14"><span class='ocrx_word' id='word_1_177' title='bbox 580 1879 748 1932; x_wconf 79' lang='lat' dir='ltr'><strong>dnctis</strong></span> <span class='ocrx_word' id='word_1_178' title='bbox 768 1877 1250 1939; x_wconf 79' lang='lat' dir='ltr'><strong>observationibus,</strong></span> <span class='ocrx_word' id='word_1_179' title='bbox 1282 1889 1414 1943; x_wconf 85' lang='lat' dir='ltr'><strong>quas</strong></span> <span class='ocrx_word' id='word_1_180' title='bbox 1445 1876 1500 1929; x_wconf 92' lang='lat' dir='ltr'><strong>in</strong></span> <span class='ocrx_word' id='word_1_181' title='bbox 1527 1875 1716 1942; x_wconf 86' lang='lat' dir='ltr'><strong>vulgus</strong></span> <span class='ocrx_word' id='word_1_182' title='bbox 1746 1875 1908 1928; x_wconf 87' lang='lat' dir='ltr'><strong>edere</strong></span> <span class='ocrx_word' id='word_1_183' title='bbox 1937 1873 2155 1941; x_wconf 79' lang='lat' dir='ltr'><strong>cogitat,</strong></span> 
     </span>
    </p>
   </div>
   <div class='ocr_carea' id='block_1_32' title="bbox 585 1943 2158 2016">
    <p class='ocr_par' dir='ltr' id='par_1_32' title="bbox 585 1943 2158 2016">
     <span class='ocr_line' id='line_1_33' title="bbox 585 1943 2158 2016; baseline -0.004 -16"><span class='ocrx_word' id='word_1_184' title='bbox 585 1946 805 2002; x_wconf 76' lang='lat' dir='ltr'><strong>feliciter</strong></span> <span class='ocrx_word' id='word_1_185' title='bbox 851 1949 1133 2016; x_wconf 84' lang='lat' dir='ltr'><strong>promovit.</strong></span> <span class='ocrx_word' id='word_1_186' title='bbox 1175 1946 1227 2000; x_wconf 91' lang='lat' dir='ltr'><strong>Id</strong></span> <span class='ocrx_word' id='word_1_187' title='bbox 1273 1943 2052 2016; x_wconf 10' lang='lat' dir='ltr'><strong>opportuneimonereuvolui,</strong></span> <span class='ocrx_word' id='word_1_188' title='bbox 2102 1953 2158 2016; x_wconf 75' lang='lat' dir='ltr'><strong>ut</strong></span> 
     </span>
    </p>
   </div>
   <div class='ocr_carea' id='block_1_33' title="bbox 583 2009 2198 2085">
    <p class='ocr_par' dir='ltr' id='par_1_33' title="bbox 583 2009 2198 2085">
     <span class='ocr_line' id='line_1_34' title="bbox 583 2009 2198 2085; baseline -0.003 -16"><span class='ocrx_word' id='word_1_189' title='bbox 583 2019 772 2071; x_wconf 87' lang='lat' dir='ltr'><strong>melius</strong></span> <span class='ocrx_word' id='word_1_190' title='bbox 819 2009 1182 2085; x_wconf 75' lang='lat' dir='ltr'><strong>intelligantur</strong></span> <span class='ocrx_word' id='word_1_191' title='bbox 1223 2009 1324 2069; x_wconf 48' lang='lat' dir='ltr'><strong>cl.&#39;</strong></span> <span class='ocrx_word' id='word_1_192' title='bbox 1351 2009 1605 2084; x_wconf 87' lang='lat' dir='ltr'><strong>Stephani</strong></span> <span class='ocrx_word' id='word_1_193' title='bbox 1652 2014 1868 2085; x_wconf 81' lang='lat' dir='ltr'><strong>Antonii</strong></span> <span class='ocrx_word' id='word_1_194' title='bbox 1921 2009 2156 2085; x_wconf 58' lang='lat' dir='ltr'><strong>Marcelli</strong></span> <span class='ocrx_word' id='word_1_195' title='bbox 2194 2059 2198 2064; x_wconf 90' lang='lat'><strong>.</strong></span> 
     </span>
    </p>
   </div>
   <div class='ocr_carea' id='block_1_34' title="bbox 581 2082 2158 2152">
    <p class='ocr_par' dir='ltr' id='par_1_34' title="bbox 581 2082 2158 2152">
     <span class='ocr_line' id='line_1_35' title="bbox 581 2082 2158 2152; baseline -0.003 -13"><span class='ocrx_word' id='word_1_196' title='bbox 581 2088 743 2140; x_wconf 84' lang='lat' dir='ltr'><strong>verba</strong></span> <span class='ocrx_word' id='word_1_197' title='bbox 768 2089 821 2141; x_wconf 92' lang='lat' dir='ltr'><strong>in</strong></span> <span class='ocrx_word' id='word_1_198' title='bbox 839 2082 1238 2141; x_wconf 83' lang='lat' dir='ltr'><strong>commentariis</strong></span> <span class='ocrx_word' id='word_1_199' title='bbox 1259 2082 1670 2152; x_wconf 74' lang='lat' dir='ltr'><strong>elegantissimis</strong></span> <span class='ocrx_word' id='word_1_200' title='bbox 1693 2083 1756 2136; x_wconf 88' lang='lat' dir='ltr'><strong>ad</strong></span> <span class='ocrx_word' id='word_1_201' title='bbox 1787 2083 1994 2136; x_wconf 85' lang='lat' dir='ltr'><strong>calend.</strong></span> <span class='ocrx_word' id='word_1_202' title='bbox 2022 2082 2158 2135; x_wconf 86' lang='lat' dir='ltr'><strong>Con-</strong></span> 
     </span>
    </p>
   </div>
   <div class='ocr_carea' id='block_1_35' title="bbox 584 2153 2158 2226">
    <p class='ocr_par' dir='ltr' id='par_1_35' title="bbox 584 2153 2158 2226">
     <span class='ocr_line' id='line_1_36' title="bbox 584 2153 2158 2226; baseline -0.005 -16"><span class='ocrx_word' id='word_1_203' title='bbox 584 2159 874 2226; x_wconf 87' lang='lat' dir='ltr'><strong>stantinop.</strong></span> <span class='ocrx_word' id='word_1_204' title='bbox 907 2168 1034 2210; x_wconf 90' lang='lat' dir='ltr'><strong>tom.</strong></span> <span class='ocrx_word' id='word_1_205' title='bbox 1063 2157 1104 2223; x_wconf 91' lang='lat' dir='ltr'><strong>l,</strong></span> <span class='ocrx_word' id='word_1_206' title='bbox 1139 2171 1270 2225; x_wconf 82' lang='lat' dir='ltr'><strong>.pag.</strong></span> <span class='ocrx_word' id='word_1_207' title='bbox 1304 2155 1405 2208; x_wconf 76' lang='lat' dir='ltr'><strong>HG</strong></span> <span class='ocrx_word' id='word_1_208' title='bbox 1439 2172 1450 2206; x_wconf 93' lang='lat'>:</span> <span class='ocrx_word' id='word_1_209' title='bbox 1486 2153 1703 2207; x_wconf 78' lang='lat' dir='ltr'><strong>Tabulas</strong></span> <span class='ocrx_word' id='word_1_210' title='bbox 1735 2162 1968 2226; x_wconf 86' lang='lat' dir='ltr'><strong>encausto</strong></span> <span class='ocrx_word' id='word_1_211' title='bbox 1999 2153 2158 2219; x_wconf 73' lang='lat' dir='ltr'><strong>pictas</strong></span> 
     </span>
    </p>
   </div>
   <div class='ocr_carea' id='block_1_36' title="bbox 583 2225 2154 2293">
    <p class='ocr_par' dir='ltr' id='par_1_36' title="bbox 583 2225 2154 2293">
     <span class='ocr_line' id='line_1_37' title="bbox 583 2225 2154 2293; baseline -0.005 -12"><span class='ocrx_word' id='word_1_212' title='bbox 583 2243 716 2288; x_wconf 69' lang='lat' dir='ltr'><strong>arua</strong></span> <span class='ocrx_word' id='word_1_213' title='bbox 758 2225 857 2280; x_wconf 88' lang='lat' dir='ltr'><strong>non</strong></span> <span class='ocrx_word' id='word_1_214' title='bbox 887 2228 1046 2290; x_wconf 73' lang='lat' dir='ltr'><strong>(redit,</strong></span> <span class='ocrx_word' id='word_1_215' title='bbox 1093 2235 1146 2278; x_wconf 87' lang='lat' dir='ltr'><strong>ut</strong></span> <span class='ocrx_word' id='word_1_216' title='bbox 1177 2242 1333 2293; x_wconf 86' lang='lat' dir='ltr'><strong>nuper</strong></span> <span class='ocrx_word' id='word_1_217' title='bbox 1360 2225 1646 2277; x_wconf 84' lang='lat' dir='ltr'><strong>encaustica</strong></span> <span class='ocrx_word' id='word_1_218' title='bbox 1687 2239 1891 2276; x_wconf 88' lang='lat' dir='ltr'><strong>rursum</strong></span> <span class='ocrx_word' id='word_1_219' title='bbox 1936 2225 2154 2284; x_wconf 65' lang='lat' dir='ltr'><strong>inventu,</strong></span> 
     </span>
    </p>
   </div>
   <div class='ocr_carea' id='block_1_37' title="bbox 585 2293 2157 2362">
    <p class='ocr_par' dir='ltr' id='par_1_37' title="bbox 585 2293 2157 2362">
     <span class='ocr_line' id='line_1_38' title="bbox 585 2293 2157 2362; baseline -0.004 -13"><span class='ocrx_word' id='word_1_220' title='bbox 585 2295 804 2354; x_wconf 71' lang='lat' dir='ltr'><strong>victores</strong></span> <span class='ocrx_word' id='word_1_221' title='bbox 846 2299 896 2349; x_wconf 88' lang='lat' dir='ltr'><strong>in</strong></span> <span class='ocrx_word' id='word_1_222' title='bbox 932 2295 992 2348; x_wconf 82' lang='lat' dir='ltr'><strong>Ui</strong></span> <span class='ocrx_word' id='word_1_223' title='bbox 1008 2297 1065 2348; x_wconf 93' lang='lat' dir='ltr'><strong>be</strong></span> <span class='ocrx_word' id='word_1_224' title='bbox 1094 2296 1407 2347; x_wconf 83' lang='lat' dir='ltr'><strong>verissimum</strong></span> <span class='ocrx_word' id='word_1_225' title='bbox 1443 2293 1782 2362; x_wconf 72' lang='lat' dir='ltr'><strong>experimento</strong></span> <span class='ocrx_word' id='word_1_226' title='bbox 1820 2293 2157 2354; x_wconf 80' lang='lat' dir='ltr'><strong>deprehende—</strong></span> 
     </span>
    </p>
   </div>
   <div class='ocr_carea' id='block_1_38' title="bbox 585 2362 2156 2426">
    <p class='ocr_par' dir='ltr' id='par_1_38' title="bbox 585 2362 2156 2426">
     <span class='ocr_line' id='line_1_39' title="bbox 585 2362 2156 2426; baseline -0.002 -10"><span class='ocrx_word' id='word_1_227' title='bbox 585 2375 723 2418; x_wconf 84' lang='lat' dir='ltr'><strong>runt.</strong></span> <span class='ocrx_word' id='word_1_228' title='bbox 751 2365 909 2419; x_wconf 76' lang='lat' dir='ltr'><strong>Recte</strong></span> <span class='ocrx_word' id='word_1_229' title='bbox 933 2365 1164 2419; x_wconf 78' lang='lat' dir='ltr'><strong>ostendit</strong></span> <span class='ocrx_word' id='word_1_230' title='bbox 1199 2364 1476 2417; x_wconf 84' lang='lat' dir='ltr'><strong>Morcellns</strong></span> <span class='ocrx_word' id='word_1_231' title='bbox 1503 2379 1569 2417; x_wconf 80' lang='lat' dir='ltr'><strong>ex</strong></span> <span class='ocrx_word' id='word_1_232' title='bbox 1599 2363 1829 2416; x_wconf 92' lang='lat' dir='ltr'><strong>concilio</strong></span> <span class='ocrx_word' id='word_1_233' title='bbox 1855 2362 2070 2415; x_wconf 73' lang='lat' dir='ltr'><strong>Nicaeuo</strong></span> <span class='ocrx_word' id='word_1_234' title='bbox 2100 2376 2156 2426; x_wconf 87' lang='lat' dir='ltr'><strong>ii,</strong></span> 
     </span>
    </p>
   </div>
   <div class='ocr_carea' id='block_1_39' title="bbox 587 2431 2158 2502">
    <p class='ocr_par' dir='ltr' id='par_1_39' title="bbox 587 2431 2158 2502">
     <span class='ocr_line' id='line_1_40' title="bbox 587 2431 2158 2502; baseline -0.001 -16"><span class='ocrx_word' id='word_1_235' title='bbox 587 2435 760 2489; x_wconf 85' lang='lat' dir='ltr'><strong>adhuc</strong></span> <span class='ocrx_word' id='word_1_236' title='bbox 789 2435 984 2488; x_wconf 63' lang='lat' dir='ltr'><strong>sarculo</strong></span> <span class='ocrx_word' id='word_1_237' title='bbox 1015 2450 1104 2488; x_wconf 80' lang='lat' dir='ltr'><strong>vui</strong></span> <span class='ocrx_word' id='word_1_238' title='bbox 1136 2435 1271 2487; x_wconf 69' lang='lat' dir='ltr'><strong>hinc</strong></span> <span class='ocrx_word' id='word_1_239' title='bbox 1298 2433 1545 2502; x_wconf 78' lang='lat' dir='ltr'><strong>pingendi</strong></span> <span class='ocrx_word' id='word_1_240' title='bbox 1575 2432 1832 2486; x_wconf 83' lang='lat' dir='ltr'><strong>rationem</strong></span> <span class='ocrx_word' id='word_1_241' title='bbox 1865 2431 2158 2498; x_wconf 88' lang='lat' dir='ltr'><strong>pictoribus</strong></span> 
     </span>
    </p>
   </div>
   <div class='ocr_carea' id='block_1_40' title="bbox 588 2502 2158 2570">
    <p class='ocr_par' dir='ltr' id='par_1_40' title="bbox 588 2502 2158 2570">
     <span class='ocr_line' id='line_1_41' title="bbox 588 2502 2158 2570; baseline -0.001 -15"><span class='ocrx_word' id='word_1_242' title='bbox 588 2503 750 2558; x_wconf 78' lang='lat' dir='ltr'><strong>fuisse</strong></span> <span class='ocrx_word' id='word_1_243' title='bbox 777 2505 1086 2558; x_wconf 79' lang='lat' dir='ltr'><strong>faniiliarein</strong></span> <span class='ocrx_word' id='word_1_244' title='bbox 1114 2521 1126 2556; x_wconf 93' lang='lat'>:</span> <span class='ocrx_word' id='word_1_245' title='bbox 1154 2503 1273 2557; x_wconf 80' lang='lat' dir='ltr'><strong>Non</strong></span> <span class='ocrx_word' id='word_1_246' title='bbox 1309 2504 1530 2556; x_wconf 86' lang='lat' dir='ltr'><strong>tabulam</strong></span> <span class='ocrx_word' id='word_1_247' title='bbox 1568 2518 1682 2555; x_wconf 85' lang='lat' dir='ltr'><strong>cera</strong></span> <span class='ocrx_word' id='word_1_248' title='bbox 1707 2505 1964 2570; x_wconf 75' lang='lat' dir='ltr'><strong>perfusam</strong></span> <span class='ocrx_word' id='word_1_249' title='bbox 1999 2502 2158 2554; x_wconf 84' lang='lat' dir='ltr'><strong>Itono-</strong></span> 
     </span>
    </p>
   </div>
   <div class='ocr_carea' id='block_1_41' title="bbox 587 2572 2160 2642">
    <p class='ocr_par' dir='ltr' id='par_1_41' title="bbox 587 2572 2160 2642">
     <span class='ocr_line' id='line_1_42' title="bbox 587 2572 2160 2642; baseline -0.001 -18"><span class='ocrx_word' id='word_1_250' title='bbox 587 2583 778 2634; x_wconf 81' lang='lat' dir='ltr'><strong>rantes,</strong></span> <span class='ocrx_word' id='word_1_251' title='bbox 808 2576 894 2627; x_wconf 87' lang='lat' dir='ltr'><strong>sed</strong></span> <span class='ocrx_word' id='word_1_252' title='bbox 932 2591 1186 2642; x_wconf 76' lang='lat' dir='ltr'><strong>regem....</strong></span> <span class='ocrx_word' id='word_1_253' title='bbox 1221 2575 1520 2640; x_wconf 79' lang='lat' dir='ltr'><strong>Quanquam</strong></span> <span class='ocrx_word' id='word_1_254' title='bbox 1550 2573 1720 2641; x_wconf 78' lang='lat' dir='ltr'><strong>imago</strong></span> <span class='ocrx_word' id='word_1_255' title='bbox 1759 2573 1889 2625; x_wconf 81' lang='lat' dir='ltr'><strong>nihil</strong></span> <span class='ocrx_word' id='word_1_256' title='bbox 1912 2572 2056 2623; x_wconf 85' lang='lat' dir='ltr'><strong>aliud</strong></span> <span class='ocrx_word' id='word_1_257' title='bbox 2087 2580 2160 2624; x_wconf 87' lang='lat' dir='ltr'><strong>est</strong></span> 
     </span>
    </p>
   </div>
   <div class='ocr_carea' id='block_1_42' title="bbox 587 2641 2157 2714">
    <p class='ocr_par' dir='ltr' id='par_1_42' title="bbox 587 2641 2157 2714">
     <span class='ocr_line' id='line_1_43' title="bbox 587 2641 2157 2714; baseline -0.001 -20"><span class='ocrx_word' id='word_1_258' title='bbox 587 2658 737 2714; x_wconf 78' lang='lat' dir='ltr'><strong>quam</strong></span> <span class='ocrx_word' id='word_1_259' title='bbox 767 2641 1059 2714; x_wconf 20' lang='lat' dir='ltr'><strong>lignunyiet</strong></span> <span class='ocrx_word' id='word_1_260' title='bbox 1081 2646 1273 2697; x_wconf 88' lang='lat' dir='ltr'><strong>colores</strong></span> <span class='ocrx_word' id='word_1_261' title='bbox 1303 2660 1413 2696; x_wconf 86' lang='lat' dir='ltr'><strong>cera</strong></span> <span class='ocrx_word' id='word_1_262' title='bbox 1441 2643 1700 2714; x_wconf 75' lang='lat' dir='ltr'><strong>commixti</strong></span> <span class='ocrx_word' id='word_1_263' title='bbox 1723 2650 1768 2694; x_wconf 89' lang='lat' dir='ltr'><strong>et</strong></span> <span class='ocrx_word' id='word_1_264' title='bbox 1795 2647 2076 2714; x_wconf 74' lang='lat' dir='ltr'><strong>temperati.</strong></span> <span class='ocrx_word' id='word_1_265' title='bbox 2104 2641 2157 2694; x_wconf 91' lang='lat' dir='ltr'><strong>In</strong></span> 
     </span>
    </p>
   </div>
   <div class='ocr_carea' id='block_1_43' title="bbox 589 2711 2128 2782">
    <p class='ocr_par' dir='ltr' id='par_1_43' title="bbox 589 2711 2128 2782">
     <span class='ocr_line' id='line_1_44' title="bbox 589 2711 2128 2782; baseline -0.002 -18"><span class='ocrx_word' id='word_1_266' title='bbox 589 2711 1034 2782; x_wconf 68' lang='lat' dir='ltr'><strong>Epheméridbus</strong></span> <span class='ocrx_word' id='word_1_267' title='bbox 1064 2715 1313 2767; x_wconf 70' lang='lat' dir='ltr'><strong>Romanis</strong></span> <span class='ocrx_word' id='word_1_268' title='bbox 1343 2714 1464 2767; x_wconf 89' lang='lat' dir='ltr'><strong>anni</strong></span> <span class='ocrx_word' id='word_1_269' title='bbox 1497 2713 1652 2774; x_wconf 73' lang='grc'><strong>1781,</strong></span> <span class='ocrx_word' id='word_1_270' title='bbox 1680 2725 1797 2782; x_wconf 79' lang='lat' dir='ltr'><strong>pag.</strong></span> <span class='ocrx_word' id='word_1_271' title='bbox 1830 2711 1953 2772; x_wconf 78' lang='lat'><strong>“9.</strong></span> <span class='ocrx_word' id='word_1_272' title='bbox 1987 2726 2128 2782; x_wconf 66' lang='lat' dir='ltr'><strong>eripe</strong></span> 
     </span>
    </p>
   </div>
   <div class='ocr_carea' id='block_1_44' title="bbox 588 2781 2162 2849">
    <p class='ocr_par' dir='ltr' id='par_1_44' title="bbox 588 2781 2162 2849">
     <span class='ocr_line' id='line_1_45' title="bbox 588 2781 2162 2849; baseline 0 -15"><span class='ocrx_word' id='word_1_273' title='bbox 588 2781 731 2836; x_wconf 88' lang='lat' dir='ltr'><strong>nitur</strong></span> <span class='ocrx_word' id='word_1_274' title='bbox 758 2787 1065 2847; x_wconf 82' lang='lat' dir='ltr'><strong>opusculum</strong></span> <span class='ocrx_word' id='word_1_275' title='bbox 1089 2786 1365 2849; x_wconf 76' lang='lat' dir='ltr'><strong>Anglicum</strong></span> <span class='ocrx_word' id='word_1_276' title='bbox 1403 2783 1602 2836; x_wconf 87' lang='lat' dir='ltr'><strong>domini</strong></span> <span class='ocrx_word' id='word_1_277' title='bbox 1636 2783 1699 2836; x_wconf 66' lang='lat' dir='ltr'><strong>li.</strong></span> <span class='ocrx_word' id='word_1_278' title='bbox 1721 2781 1781 2834; x_wconf 85' lang='lat' dir='ltr'><strong>E.</strong></span> <span class='ocrx_word' id='word_1_279' title='bbox 1801 2782 1995 2844; x_wconf 83' lang='lat' dir='ltr'><strong>Raspe,</strong></span> <span class='ocrx_word' id='word_1_280' title='bbox 2023 2781 2162 2834; x_wconf 88' lang='lat' dir='ltr'><strong>Lon-</strong></span> 
     </span>
    </p>
   </div>
   <div class='ocr_carea' id='block_1_45' title="bbox 587 2850 2156 2920">
    <p class='ocr_par' dir='ltr' id='par_1_45' title="bbox 587 2850 2156 2920">
     <span class='ocr_line' id='line_1_46' title="bbox 587 2850 2156 2920; baseline -0.001 -17"><span class='ocrx_word' id='word_1_281' title='bbox 587 2852 697 2904; x_wconf 85' lang='lat' dir='ltr'><strong>dini</strong></span> <span class='ocrx_word' id='word_1_282' title='bbox 722 2853 876 2918; x_wconf 78' lang='grc'><strong>1780,</strong></span> <span class='ocrx_word' id='word_1_283' title='bbox 899 2870 1003 2920; x_wconf 82' lang='lat' dir='ltr'><strong>qun</strong></span> <span class='ocrx_word' id='word_1_284' title='bbox 1029 2855 1215 2918; x_wconf 88' lang='lat' dir='ltr'><strong>probat</strong></span> <span class='ocrx_word' id='word_1_285' title='bbox 1231 2852 1522 2908; x_wconf 85' lang='lat' dir='ltr'><strong>verisimile</strong></span> <span class='ocrx_word' id='word_1_286' title='bbox 1539 2866 1676 2916; x_wconf 86' lang='lat' dir='ltr'><strong>esse,</strong></span> <span class='ocrx_word' id='word_1_287' title='bbox 1693 2854 1831 2919; x_wconf 91' lang='lat' dir='ltr'><strong>apud</strong></span> <span class='ocrx_word' id='word_1_288' title='bbox 1855 2850 2156 2920; x_wconf 68' lang='lat' dir='ltr'><strong>.Egyptios,</strong></span> 
     </span>
    </p>
   </div>
   <div class='ocr_carea' id='block_1_46' title="bbox 589 2920 2156 2990">
    <p class='ocr_par' dir='ltr' id='par_1_46' title="bbox 589 2920 2156 2990">
     <span class='ocr_line' id='line_1_47' title="bbox 589 2920 2156 2990; baseline -0.001 -16"><span class='ocrx_word' id='word_1_289' title='bbox 589 2920 806 2976; x_wconf 62' lang='lat' dir='ltr'><strong>Oramus</strong></span> <span class='ocrx_word' id='word_1_290' title='bbox 853 2935 904 2976; x_wconf 89' lang='lat' dir='ltr'><strong>et</strong></span> <span class='ocrx_word' id='word_1_291' title='bbox 953 2924 1218 2977; x_wconf 79' lang='lat' dir='ltr'><strong>Romanos</strong></span> <span class='ocrx_word' id='word_1_292' title='bbox 1263 2923 1699 2977; x_wconf 75' lang='lat' dir='ltr'><strong>consuetudinem</strong></span> <span class='ocrx_word' id='word_1_293' title='bbox 1741 2924 1860 2976; x_wconf 92' lang='lat' dir='ltr'><strong>oleo</strong></span> <span class='ocrx_word' id='word_1_294' title='bbox 1907 2923 2156 2990; x_wconf 76' lang='lat' dir='ltr'><strong>pingendi</strong></span> 
     </span>
    </p>
   </div>
   <div class='ocr_carea' id='block_1_47' title="bbox 591 2992 2160 3061">
    <p class='ocr_par' dir='ltr' id='par_1_47' title="bbox 591 2992 2160 3061">
     <span class='ocr_line' id='line_1_48' title="bbox 591 2992 2160 3061; baseline 0.001 -19"><span class='ocrx_word' id='word_1_295' title='bbox 591 2992 768 3057; x_wconf 86' lang='lat' dir='ltr'><strong>tuisse,</strong></span> <span class='ocrx_word' id='word_1_296' title='bbox 807 3003 896 3046; x_wconf 88' lang='lat' dir='ltr'><strong>aut</strong></span> <span class='ocrx_word' id='word_1_297' title='bbox 937 3002 1145 3049; x_wconf 85' lang='lat' dir='ltr'><strong>veteres</strong></span> <span class='ocrx_word' id='word_1_298' title='bbox 1187 2993 1415 3060; x_wconf 86' lang='lat' dir='ltr'><strong>pictores</strong></span> <span class='ocrx_word' id='word_1_299' title='bbox 1462 2995 1701 3061; x_wconf 70' lang='lat' dir='ltr'><strong>posime</strong></span> <span class='ocrx_word' id='word_1_300' title='bbox 1739 2994 1806 3044; x_wconf 83' lang='lat' dir='ltr'><strong>ad</strong></span> <span class='ocrx_word' id='word_1_301' title='bbox 1836 3007 1952 3045; x_wconf 88' lang='lat' dir='ltr'><strong>eam</strong></span> <span class='ocrx_word' id='word_1_302' title='bbox 1980 3005 2160 3045; x_wconf 88' lang='lat' dir='ltr'><strong>acces-</strong></span> 
     </span>
    </p>
   </div>
   <div class='ocr_carea' id='block_1_48' title="bbox 587 3063 2160 3118">
    <p class='ocr_par' dir='ltr' id='par_1_48' title="bbox 587 3063 2160 3118">
     <span class='ocr_line' id='line_1_49' title="bbox 587 3063 2160 3118; baseline -0.001 -4"><span class='ocrx_word' id='word_1_303' title='bbox 587 3063 722 3114; x_wconf 77' lang='lat' dir='ltr'><strong>SiSSc</strong></span> <span class='ocrx_word' id='word_1_304' title='bbox 751 3080 763 3114; x_wconf 74' lang='grc' dir='ltr'><strong>Ξ</strong></span> <span class='ocrx_word' id='word_1_305' title='bbox 796 3073 1000 3118; x_wconf 89' lang='lat' dir='ltr'><strong>certum</strong></span> <span class='ocrx_word' id='word_1_306' title='bbox 1031 3079 1150 3118; x_wconf 88' lang='lat' dir='ltr'><strong>esse</strong></span> <span class='ocrx_word' id='word_1_307' title='bbox 1183 3065 1258 3115; x_wconf 88' lang='lat' dir='ltr'><strong>ait</strong></span> <span class='ocrx_word' id='word_1_308' title='bbox 1285 3063 1479 3116; x_wconf 65' lang='grc' dir='ltr'><strong>5313οη10</strong></span> <span class='ocrx_word' id='word_1_309' title='bbox 1510 3078 1539 3116; x_wconf 72' lang='grc' dir='ltr'><strong>Χ</strong></span> <span class='ocrx_word' id='word_1_310' title='bbox 1576 3070 1667 3114; x_wconf 71' lang='lat' dir='ltr'><strong>ill&quot;.</strong></span> <span class='ocrx_word' id='word_1_311' title='bbox 1696 3076 1744 3114; x_wconf 70' lang='lat' dir='ltr'><strong>Il</strong></span> <span class='ocrx_word' id='word_1_312' title='bbox 1782 3077 1898 3116; x_wconf 89' lang='lat' dir='ltr'><strong>eam</strong></span> <span class='ocrx_word' id='word_1_313' title='bbox 1934 3076 2160 3114; x_wconf 67' lang='grc'><strong>(20115110-</strong></span> 
     </span>
    </p>
   </div>
   <div class='ocr_carea' id='block_1_49' title="bbox 2267 1448 3827 1520">
    <p class='ocr_par' dir='ltr' id='par_1_49' title="bbox 2267 1448 3827 1520">
     <span class='ocr_line' id='line_1_50' title="bbox 2267 1448 3827 1520; baseline 0.001 -16"><span class='ocrx_word' id='word_1_314' title='bbox 2267 1461 2434 1504; x_wconf 83' lang='lat' dir='ltr'><strong>menta</strong></span> <span class='ocrx_word' id='word_1_315' title='bbox 2461 1453 2645 1520; x_wconf 82' lang='lat' dir='ltr'><strong>Bong.,</strong></span> <span class='ocrx_word' id='word_1_316' title='bbox 2663 1449 2872 1514; x_wconf 23' lang='lat' dir='ltr'><strong>,Widm.</strong></span> <span class='ocrx_word' id='word_1_317' title='bbox 2902 1465 2928 1501; x_wconf 90' lang='lat' dir='ltr'><strong>a</strong></span> <span class='ocrx_word' id='word_1_318' title='bbox 2957 1452 3120 1514; x_wconf 87' lang='lat' dir='ltr'><strong>prima</strong></span> <span class='ocrx_word' id='word_1_319' title='bbox 3141 1464 3320 1508; x_wconf 86' lang='lat' dir='ltr'><strong>manu.</strong></span> <span class='ocrx_word' id='word_1_320' title='bbox 3344 1448 3604 1518; x_wconf 82' lang='lat' dir='ltr'><strong>Gilanius,</strong></span> <span class='ocrx_word' id='word_1_321' title='bbox 3628 1451 3827 1518; x_wconf 75' lang='lat' dir='ltr'><strong>ﬁgmen-</strong></span> 
     </span>
    </p>
   </div>
   <div class='ocr_carea' id='block_1_50' title="bbox 2266 1520 3827 1589">
    <p class='ocr_par' dir='ltr' id='par_1_50' title="bbox 2266 1520 3827 1589">
     <span class='ocr_line' id='line_1_51' title="bbox 2266 1520 3827 1589; baseline 0.002 -18"><span class='ocrx_word' id='word_1_322' title='bbox 2266 1532 2339 1585; x_wconf 75' lang='lat' dir='ltr'><strong>ta.</strong></span> <span class='ocrx_word' id='word_1_323' title='bbox 2385 1522 2575 1575; x_wconf 81' lang='lat' dir='ltr'><strong>Retine</strong></span> <span class='ocrx_word' id='word_1_324' title='bbox 2605 1523 2880 1589; x_wconf 68' lang='lat' dir='ltr'><strong>pigmenta,</strong></span> <span class='ocrx_word' id='word_1_325' title='bbox 2931 1535 2982 1575; x_wconf 89' lang='lat' dir='ltr'><strong>et</strong></span> <span class='ocrx_word' id='word_1_326' title='bbox 3015 1521 3250 1587; x_wconf 78' lang='lat' dir='ltr'><strong>intelligo</strong></span> <span class='ocrx_word' id='word_1_327' title='bbox 3277 1521 3556 1586; x_wconf 84' lang='lat' dir='ltr'><strong>picturam.</strong></span> <span class='ocrx_word' id='word_1_328' title='bbox 3592 1520 3827 1575; x_wconf 79' lang='lat' dir='ltr'><strong>Heinsius</strong></span> 
     </span>
    </p>
   </div>
   <div class='ocr_carea' id='block_1_51' title="bbox 2267 1591 3826 1659">
    <p class='ocr_par' dir='ltr' id='par_1_51' title="bbox 2267 1591 3826 1659">
     <span class='ocr_line' id='line_1_52' title="bbox 2267 1591 3826 1659; baseline 0 -15"><span class='ocrx_word' id='word_1_329' title='bbox 2267 1602 2520 1657; x_wconf 65' lang='lat' dir='ltr'><strong>praeterea</strong></span> <span class='ocrx_word' id='word_1_330' title='bbox 2554 1593 2737 1645; x_wconf 88' lang='lat' dir='ltr'><strong>scribit</strong></span> <span class='ocrx_word' id='word_1_331' title='bbox 2783 1600 2838 1644; x_wconf 87' lang='lat' dir='ltr'><strong>et</strong></span> <span class='ocrx_word' id='word_1_332' title='bbox 2873 1591 3210 1644; x_wconf 81' lang='lat' dir='ltr'><strong>scribendum</strong></span> <span class='ocrx_word' id='word_1_333' title='bbox 3252 1591 3323 1644; x_wconf 90' lang='lat' dir='ltr'><strong>ait</strong></span> <span class='ocrx_word' id='word_1_334' title='bbox 3371 1605 3642 1654; x_wconf 70' lang='lat' dir='ltr'><strong>camaenas,</strong></span> <span class='ocrx_word' id='word_1_335' title='bbox 3679 1608 3826 1659; x_wconf 85' lang='lat' dir='ltr'><strong>repu-</strong></span> 
     </span>
    </p>
   </div>
   <div class='ocr_carea' id='block_1_52' title="bbox 2264 1663 3828 1730">
    <p class='ocr_par' dir='ltr' id='par_1_52' title="bbox 2264 1663 3828 1730">
     <span class='ocr_line' id='line_1_53' title="bbox 2264 1663 3828 1730; baseline -0.001 -16"><span class='ocrx_word' id='word_1_336' title='bbox 2264 1663 2548 1730; x_wconf 83' lang='lat' dir='ltr'><strong>gnantibus</strong></span> <span class='ocrx_word' id='word_1_337' title='bbox 2576 1663 2932 1724; x_wconf 73' lang='lat' dir='ltr'><strong>membranis;</strong></span> <span class='ocrx_word' id='word_1_338' title='bbox 2965 1677 3120 1728; x_wconf 87' lang='lat' dir='ltr'><strong>quem</strong></span> <span class='ocrx_word' id='word_1_339' title='bbox 3147 1670 3320 1713; x_wconf 83' lang='lat' dir='ltr'><strong>tamen</strong></span> <span class='ocrx_word' id='word_1_340' title='bbox 3349 1673 3566 1715; x_wconf 85' lang='lat' dir='ltr'><strong>secutus</strong></span> <span class='ocrx_word' id='word_1_341' title='bbox 3606 1671 3686 1713; x_wconf 84' lang='lat' dir='ltr'><strong>est</strong></span> <span class='ocrx_word' id='word_1_342' title='bbox 3715 1665 3828 1715; x_wconf 64' lang='lat' dir='ltr'><strong>iaci.</strong></span> 
     </span>
    </p>
   </div>
   <div class='ocr_carea' id='block_1_53' title="bbox 2269 1731 3826 1814">
    <p class='ocr_par' dir='ltr' id='par_1_53' title="bbox 2269 1731 3826 1814">
     <span class='ocr_line' id='line_1_54' title="bbox 2269 1731 3826 1814; baseline 0.001 -30"><span class='ocrx_word' id='word_1_343' title='bbox 2269 1743 2353 1813; x_wconf 77' lang='lat' dir='ltr'><strong>tus</strong></span> <span class='ocrx_word' id='word_1_344' title='bbox 2379 1733 2610 1814; x_wconf 60' lang='lat' dir='ltr'><strong>&#39;I‘eol&#39;pis.</strong></span> <span class='ocrx_word' id='word_1_345' title='bbox 2645 1733 2766 1813; x_wconf 64' lang='grc' dir='ltr'>ΜΗιί</span> <span class='ocrx_word' id='word_1_346' title='bbox 2793 1743 2940 1785; x_wconf 83' lang='lat' dir='ltr'><strong>certe</strong></span> <span class='ocrx_word' id='word_1_347' title='bbox 2963 1747 3065 1783; x_wconf 88' lang='lat' dir='ltr'><strong>non</strong></span> <span class='ocrx_word' id='word_1_348' title='bbox 3092 1731 3336 1814; x_wconf 70' lang='lat' dir='ltr'><strong>displicet</strong></span> <span class='ocrx_word' id='word_1_349' title='bbox 3360 1731 3764 1814; x_wconf 65' lang='lat' dir='ltr'><strong>lectiolleinsii,</strong></span> <span class='ocrx_word' id='word_1_350' title='bbox 3782 1744 3826 1786; x_wconf 83' lang='lat' dir='ltr'><strong>et</strong></span> 
     </span>
    </p>
   </div>
   <div class='ocr_carea' id='block_1_54' title="bbox 2264 1800 3823 1856">
    <p class='ocr_par' dir='ltr' id='par_1_54' title="bbox 2264 1800 3823 1856">
     <span class='ocr_line' id='line_1_55' title="bbox 2264 1800 3823 1856; baseline 0 -2"><span class='ocrx_word' id='word_1_351' title='bbox 2264 1801 2315 1854; x_wconf 91' lang='lat' dir='ltr'><strong>in</strong></span> <span class='ocrx_word' id='word_1_352' title='bbox 2349 1800 2577 1856; x_wconf 85' lang='lat' dir='ltr'><strong>iiiente&#39;in</strong></span> <span class='ocrx_word' id='word_1_353' title='bbox 2600 1805 2758 1855; x_wconf 86' lang='lat' dir='ltr'><strong>etiam</strong></span> <span class='ocrx_word' id='word_1_354' title='bbox 2781 1812 2932 1854; x_wconf 84' lang='lat' dir='ltr'><strong>antea</strong></span> <span class='ocrx_word' id='word_1_355' title='bbox 2963 1809 3182 1853; x_wconf 82' lang='lat' dir='ltr'><strong>venerat</strong></span> <span class='ocrx_word' id='word_1_356' title='bbox 3205 1819 3218 1852; x_wconf 85' lang='lat'><strong>:</strong></span> <span class='ocrx_word' id='word_1_357' title='bbox 3242 1800 3336 1853; x_wconf 89' lang='lat' dir='ltr'><strong>sed</strong></span> <span class='ocrx_word' id='word_1_358' title='bbox 3359 1801 3643 1855; x_wconf 87' lang='lat' dir='ltr'><strong>videndum</strong></span> <span class='ocrx_word' id='word_1_359' title='bbox 3667 1811 3746 1854; x_wconf 87' lang='lat' dir='ltr'><strong>est</strong></span> <span class='ocrx_word' id='word_1_360' title='bbox 3764 1819 3823 1854; x_wconf 80' lang='lat' dir='ltr'><strong>an</strong></span> 
     </span>
    </p>
   </div>
   <div class='ocr_carea' id='block_1_55' title="bbox 2264 1871 3830 1941">
    <p class='ocr_par' dir='ltr' id='par_1_55' title="bbox 2264 1871 3830 1941">
     <span class='ocr_line' id='line_1_56' title="bbox 2264 1871 3830 1941; baseline -0.001 -16"><span class='ocrx_word' id='word_1_361' title='bbox 2264 1872 2422 1938; x_wconf 85' lang='lat' dir='ltr'><strong>lectio</strong></span> <span class='ocrx_word' id='word_1_362' title='bbox 2450 1873 2692 1926; x_wconf 87' lang='lat' dir='ltr'><strong>codicum</strong></span> <span class='ocrx_word' id='word_1_363' title='bbox 2723 1872 2935 1925; x_wconf 82' lang='lat' dir='ltr'><strong>delendi</strong></span> <span class='ocrx_word' id='word_1_364' title='bbox 2970 1873 3161 1924; x_wconf 82' lang='lat' dir='ltr'><strong>valeat.</strong></span> <span class='ocrx_word' id='word_1_365' title='bbox 3196 1871 3438 1923; x_wconf 84' lang='lat' dir='ltr'><strong>Gitauius</strong></span> <span class='ocrx_word' id='word_1_366' title='bbox 3487 1871 3614 1937; x_wconf 86' lang='lat' dir='ltr'><strong>legit</strong></span> <span class='ocrx_word' id='word_1_367' title='bbox 3657 1887 3830 1941; x_wconf 81' lang='lat' dir='ltr'><strong>cogna-</strong></span> 
     </span>
    </p>
   </div>
   <div class='ocr_carea' id='block_1_56' title="bbox 2263 1941 3829 2013">
    <p class='ocr_par' dir='ltr' id='par_1_56' title="bbox 2263 1941 3829 2013">
     <span class='ocr_line' id='line_1_57' title="bbox 2263 1941 3829 2013; baseline 0.001 -20"><span class='ocrx_word' id='word_1_368' title='bbox 2263 1952 2466 2011; x_wconf 82' lang='lat' dir='ltr'><strong>tumque</strong></span> <span class='ocrx_word' id='word_1_369' title='bbox 2487 1944 2657 1995; x_wconf 85' lang='lat' dir='ltr'><strong>rolunt</strong></span> <span class='ocrx_word' id='word_1_370' title='bbox 2687 1943 2928 2013; x_wconf 82' lang='lat' dir='ltr'><strong>ﬁgmenta</strong></span> <span class='ocrx_word' id='word_1_371' title='bbox 2956 1957 3219 2013; x_wconf 69' lang='lat' dir='ltr'><strong>(animum,</strong></span> <span class='ocrx_word' id='word_1_372' title='bbox 3245 1951 3298 1994; x_wconf 88' lang='lat' dir='ltr'><strong>et</strong></span> <span class='ocrx_word' id='word_1_373' title='bbox 3322 1941 3555 2009; x_wconf 77' lang='lat' dir='ltr'><strong>explicat</strong></span> <span class='ocrx_word' id='word_1_374' title='bbox 3583 1943 3688 1993; x_wconf 84' lang='lat' dir='ltr'><strong>acri</strong></span> <span class='ocrx_word' id='word_1_375' title='bbox 3726 1959 3829 2011; x_wconf 82' lang='lat' dir='ltr'><strong>cog-</strong></span> 
     </span>
    </p>
   </div>
   <div class='ocr_carea' id='block_1_57' title="bbox 2262 2011 3828 2079">
    <p class='ocr_par' dir='ltr' id='par_1_57' title="bbox 2262 2011 3828 2079">
     <span class='ocr_line' id='line_1_58' title="bbox 2262 2011 3828 2079; baseline 0.001 -15"><span class='ocrx_word' id='word_1_376' title='bbox 2262 2024 2438 2065; x_wconf 88' lang='lat' dir='ltr'><strong>natum</strong></span> <span class='ocrx_word' id='word_1_377' title='bbox 2467 2015 2657 2077; x_wconf 87' lang='lat' dir='ltr'><strong>volunt,</strong></span> <span class='ocrx_word' id='word_1_378' title='bbox 2700 2011 2796 2064; x_wconf 52' lang='lat' dir='ltr'><strong>li&#39;oc</strong></span> <span class='ocrx_word' id='word_1_379' title='bbox 2829 2026 2918 2073; x_wconf 83' lang='lat' dir='ltr'><strong>est,</strong></span> <span class='ocrx_word' id='word_1_380' title='bbox 2959 2011 3100 2065; x_wconf 89' lang='lat' dir='ltr'><strong>idem</strong></span> <span class='ocrx_word' id='word_1_381' title='bbox 3141 2012 3325 2063; x_wconf 89' lang='lat' dir='ltr'><strong>volunt</strong></span> <span class='ocrx_word' id='word_1_382' title='bbox 3369 2014 3617 2079; x_wconf 87' lang='lat' dir='ltr'><strong>tigmenta</strong></span> <span class='ocrx_word' id='word_1_383' title='bbox 3643 2027 3828 2065; x_wconf 76' lang='lat' dir='ltr'><strong>canue-</strong></span> 
     </span>
    </p>
   </div>
   <div class='ocr_carea' id='block_1_58' title="bbox 2262 2082 3822 2149">
    <p class='ocr_par' dir='ltr' id='par_1_58' title="bbox 2262 2082 3822 2149">
     <span class='ocr_line' id='line_1_59' title="bbox 2262 2082 3822 2149; baseline -0.001 -15"><span class='ocrx_word' id='word_1_384' title='bbox 2262 2098 2344 2134; x_wconf 78' lang='lat' dir='ltr'><strong>na:</strong></span> <span class='ocrx_word' id='word_1_385' title='bbox 2375 2082 2600 2149; x_wconf 62' lang='lat' dir='ltr'><strong>Egeriae.</strong></span> <span class='ocrx_word' id='word_1_386' title='bbox 2635 2083 2850 2135; x_wconf 86' lang='lat' dir='ltr'><strong>Scilicet</strong></span> <span class='ocrx_word' id='word_1_387' title='bbox 2875 2083 3114 2149; x_wconf 79' lang='lat' dir='ltr'><strong>Egeriam</strong></span> <span class='ocrx_word' id='word_1_388' title='bbox 3143 2097 3422 2134; x_wconf 70' lang='lat' dir='ltr'><strong>commitam</strong></span> <span class='ocrx_word' id='word_1_389' title='bbox 3451 2083 3634 2135; x_wconf 86' lang='lat' dir='ltr'><strong>vocari</strong></span> <span class='ocrx_word' id='word_1_390' title='bbox 3667 2092 3822 2147; x_wconf 79' lang='lat' dir='ltr'><strong>putat.</strong></span> 
     </span>
    </p>
   </div>
   <div class='ocr_carea' id='block_1_59' title="bbox 2261 2150 3830 2219">
    <p class='ocr_par' dir='ltr' id='par_1_59' title="bbox 2261 2150 3830 2219">
     <span class='ocr_line' id='line_1_60' title="bbox 2261 2150 3830 2219; baseline 0.001 -18"><span class='ocrx_word' id='word_1_391' title='bbox 2261 2153 2383 2216; x_wconf 86' lang='lat' dir='ltr'><strong>quia</strong></span> <span class='ocrx_word' id='word_1_392' title='bbox 2412 2161 2558 2219; x_wconf 84' lang='lat' dir='ltr'><strong>grata</strong></span> <span class='ocrx_word' id='word_1_393' title='bbox 2589 2153 2681 2206; x_wconf 85' lang='lat' dir='ltr'><strong>iuit</strong></span> <span class='ocrx_word' id='word_1_394' title='bbox 2703 2152 2983 2216; x_wconf 76' lang='lat' dir='ltr'><strong>cammnis,</strong></span> <span class='ocrx_word' id='word_1_395' title='bbox 3017 2160 3074 2203; x_wconf 90' lang='lat' dir='ltr'><strong>ut</strong></span> <span class='ocrx_word' id='word_1_396' title='bbox 3099 2152 3174 2204; x_wconf 92' lang='lat' dir='ltr'><strong>ait</strong></span> <span class='ocrx_word' id='word_1_397' title='bbox 3201 2150 3419 2204; x_wconf 86' lang='lat' dir='ltr'><strong>Ovidius</strong></span> <span class='ocrx_word' id='word_1_398' title='bbox 3452 2167 3510 2204; x_wconf 85' lang='grc' dir='ltr'><strong>ιιι</strong></span> <span class='ocrx_word' id='word_1_399' title='bbox 3543 2151 3830 2204; x_wconf 80' lang='lat' dir='ltr'><strong>Fastorum.</strong></span> 
     </span>
    </p>
   </div>
   <div class='ocr_carea' id='block_1_60' title="bbox 2263 2220 3830 2291">
    <p class='ocr_par' dir='ltr' id='par_1_60' title="bbox 2263 2220 3830 2291">
     <span class='ocr_line' id='line_1_61' title="bbox 2263 2220 3830 2291; baseline 0 -17"><span class='ocrx_word' id='word_1_400' title='bbox 2263 2222 2454 2274; x_wconf 83' lang='lat' dir='ltr'><strong>Eodem</strong></span> <span class='ocrx_word' id='word_1_401' title='bbox 2478 2239 2616 2291; x_wconf 87' lang='lat' dir='ltr'><strong>ergo.</strong></span> <span class='ocrx_word' id='word_1_402' title='bbox 2659 2223 2848 2291; x_wconf 79' lang='lat' dir='ltr'><strong>inquit,</strong></span> <span class='ocrx_word' id='word_1_403' title='bbox 2891 2223 3105 2287; x_wconf 85' lang='lat' dir='ltr'><strong>pertinet</strong></span> <span class='ocrx_word' id='word_1_404' title='bbox 3151 2222 3448 2288; x_wconf 74' lang='lat' dir='ltr'><strong>ﬁgmentum</strong></span> <span class='ocrx_word' id='word_1_405' title='bbox 3497 2223 3627 2274; x_wconf 83' lang='lat' dir='ltr'><strong>illud</strong></span> <span class='ocrx_word' id='word_1_406' title='bbox 3662 2220 3830 2274; x_wconf 78' lang='lat' dir='ltr'><strong>Numa!</strong></span> 
     </span>
    </p>
   </div>
   <div class='ocr_carea' id='block_1_61' title="bbox 2261 2291 3831 2360">
    <p class='ocr_par' dir='ltr' id='par_1_61' title="bbox 2261 2291 3831 2360">
     <span class='ocr_line' id='line_1_62' title="bbox 2261 2291 3831 2360; baseline -0.001 -16"><span class='ocrx_word' id='word_1_407' title='bbox 2261 2293 2324 2344; x_wconf 84' lang='lat' dir='ltr'><strong>de</strong></span> <span class='ocrx_word' id='word_1_408' title='bbox 2356 2291 2565 2358; x_wconf 81' lang='lat' dir='ltr'><strong>Egeria.</strong></span> <span class='ocrx_word' id='word_1_409' title='bbox 2609 2292 2737 2357; x_wconf 82' lang='lat' dir='ltr'><strong>Que</strong></span> <span class='ocrx_word' id='word_1_410' title='bbox 2767 2293 3050 2355; x_wconf 82' lang='lat' dir='ltr'><strong>explicatio</strong></span> <span class='ocrx_word' id='word_1_411' title='bbox 3101 2292 3226 2344; x_wconf 90' lang='lat' dir='ltr'><strong>mihi</strong></span> <span class='ocrx_word' id='word_1_412' title='bbox 3271 2307 3375 2347; x_wconf 78' lang='lat' dir='ltr'><strong>non</strong></span> <span class='ocrx_word' id='word_1_413' title='bbox 3406 2292 3681 2360; x_wconf 85' lang='lat' dir='ltr'><strong>probatur.</strong></span> <span class='ocrx_word' id='word_1_414' title='bbox 3716 2293 3831 2344; x_wconf 77' lang='lat' dir='ltr'><strong>Puto</strong></span> 
     </span>
    </p>
   </div>
   <div class='ocr_carea' id='block_1_62' title="bbox 2261 2363 3847 2432">
    <p class='ocr_par' dir='ltr' id='par_1_62' title="bbox 2261 2363 3847 2432">
     <span class='ocr_line' id='line_1_63' title="bbox 2261 2363 3847 2432; baseline -0.001 -17"><span class='ocrx_word' id='word_1_415' title='bbox 2261 2376 2388 2431; x_wconf 89' lang='lat' dir='ltr'><strong>ergo</strong></span> <span class='ocrx_word' id='word_1_416' title='bbox 2403 2363 2694 2432; x_wconf 71' lang='lat' dir='ltr'><strong>legendum</strong></span> <span class='ocrx_word' id='word_1_417' title='bbox 2723 2372 3088 2432; x_wconf 73' lang='lat' dir='ltr'><strong>cognatumque</strong></span> <span class='ocrx_word' id='word_1_418' title='bbox 3117 2363 3330 2427; x_wconf 85' lang='lat' dir='ltr'><strong>malum,</strong></span> <span class='ocrx_word' id='word_1_419' title='bbox 3360 2363 3638 2430; x_wconf 78' lang='lat' dir='ltr'><strong>pigmenta,</strong></span> <span class='ocrx_word' id='word_1_420' title='bbox 3661 2377 3847 2414; x_wconf 67' lang='lat' dir='ltr'><strong>cernar</strong></span> 
     </span>
    </p>
   </div>
   <div class='ocr_carea' id='block_1_63' title="bbox 2263 2430 3831 2500">
    <p class='ocr_par' dir='ltr' id='par_1_63' title="bbox 2263 2430 3831 2500">
     <span class='ocr_line' id='line_1_64' title="bbox 2263 2430 3831 2500; baseline -0.001 -16"><span class='ocrx_word' id='word_1_421' title='bbox 2263 2430 2363 2492; x_wconf 76' lang='lat' dir='ltr'><strong>me,</strong></span> <span class='ocrx_word' id='word_1_422' title='bbox 2390 2430 2563 2497; x_wconf 81' lang='lat' dir='ltr'><strong>ldola,</strong></span> <span class='ocrx_word' id='word_1_423' title='bbox 2591 2430 2844 2486; x_wconf 77' lang='lat' dir='ltr'><strong>convaluit</strong></span> <span class='ocrx_word' id='word_1_424' title='bbox 2876 2432 3092 2500; x_wconf 76' lang='lat' dir='ltr'><strong>fallendi</strong></span> <span class='ocrx_word' id='word_1_425' title='bbox 3119 2432 3251 2484; x_wconf 88' lang='lat' dir='ltr'><strong>trina</strong></span> <span class='ocrx_word' id='word_1_426' title='bbox 3275 2442 3495 2494; x_wconf 83' lang='lat' dir='ltr'><strong>potestas</strong></span> <span class='ocrx_word' id='word_1_427' title='bbox 3521 2447 3539 2483; x_wconf 90' lang='lat'><strong><em>:</em></strong></span> <span class='ocrx_word' id='word_1_428' title='bbox 3571 2442 3628 2484; x_wconf 94' lang='lat' dir='ltr'><strong>ut</strong></span> <span class='ocrx_word' id='word_1_429' title='bbox 3650 2447 3831 2499; x_wconf 81' lang='lat' dir='ltr'><strong>cogna-</strong></span> 
     </span>
    </p>
   </div>
   <div class='ocr_carea' id='block_1_64' title="bbox 2263 2501 3832 2568">
    <p class='ocr_par' dir='ltr' id='par_1_64' title="bbox 2263 2501 3832 2568">
     <span class='ocr_line' id='line_1_65' title="bbox 2263 2501 3832 2568; baseline 0.003 -14"><span class='ocrx_word' id='word_1_430' title='bbox 2263 2511 2370 2554; x_wconf 89' lang='lat' dir='ltr'><strong>tum</strong></span> <span class='ocrx_word' id='word_1_431' title='bbox 2405 2503 2599 2556; x_wconf 85' lang='lat' dir='ltr'><strong>malum</strong></span> <span class='ocrx_word' id='word_1_432' title='bbox 2628 2505 2977 2565; x_wconf 77' lang='lat' dir='ltr'><strong>convaluerit,</strong></span> <span class='ocrx_word' id='word_1_433' title='bbox 3007 2501 3210 2554; x_wconf 84' lang='lat' dir='ltr'><strong>scilicet</strong></span> <span class='ocrx_word' id='word_1_434' title='bbox 3230 2502 3522 2568; x_wconf 83' lang='lat' dir='ltr'><strong>pigmenta.</strong></span> <span class='ocrx_word' id='word_1_435' title='bbox 3553 2516 3832 2558; x_wconf 57' lang='lat' dir='ltr'><strong>caminum.</strong></span> 
     </span>
    </p>
   </div>
   <div class='ocr_carea' id='block_1_65' title="bbox 2263 2569 3832 2639">
    <p class='ocr_par' dir='ltr' id='par_1_65' title="bbox 2263 2569 3832 2639">
     <span class='ocr_line' id='line_1_66' title="bbox 2263 2569 3832 2639; baseline -0.003 -14"><span class='ocrx_word' id='word_1_436' title='bbox 2263 2572 2421 2635; x_wconf 90' lang='lat' dir='ltr'><strong>idola,</strong></span> <span class='ocrx_word' id='word_1_437' title='bbox 2461 2572 2603 2639; x_wconf 91' lang='lat' dir='ltr'><strong>quod</strong></span> <span class='ocrx_word' id='word_1_438' title='bbox 2635 2574 2827 2626; x_wconf 87' lang='lat' dir='ltr'><strong>malum</strong></span> <span class='ocrx_word' id='word_1_439' title='bbox 2857 2581 2939 2627; x_wconf 61' lang='lat' dir='ltr'><strong>est</strong></span> <span class='ocrx_word' id='word_1_440' title='bbox 2983 2572 3116 2624; x_wconf 87' lang='lat' dir='ltr'><strong>trina</strong></span> <span class='ocrx_word' id='word_1_441' title='bbox 3149 2569 3358 2625; x_wconf 84' lang='lat' dir='ltr'><strong>lallendi</strong></span> <span class='ocrx_word' id='word_1_442' title='bbox 3392 2581 3625 2638; x_wconf 72' lang='lat' dir='ltr'><strong>pote~tas</strong></span> <span class='ocrx_word' id='word_1_443' title='bbox 3650 2590 3661 2621; x_wconf 90' lang='lat'>:</span> <span class='ocrx_word' id='word_1_444' title='bbox 3691 2583 3745 2625; x_wconf 89' lang='lat' dir='ltr'><strong>et</strong></span> <span class='ocrx_word' id='word_1_445' title='bbox 3770 2576 3832 2621; x_wconf 85' lang='lat' dir='ltr'><strong>la-</strong></span> 
     </span>
    </p>
   </div>
   <div class='ocr_carea' id='block_1_66' title="bbox 2263 2641 3833 2710">
    <p class='ocr_par' dir='ltr' id='par_1_66' title="bbox 2263 2641 3833 2710">
     <span class='ocr_line' id='line_1_67' title="bbox 2263 2641 3833 2710; baseline -0.001 -16"><span class='ocrx_word' id='word_1_446' title='bbox 2263 2653 2350 2696; x_wconf 80' lang='lat' dir='ltr'><strong>ret</strong></span> <span class='ocrx_word' id='word_1_447' title='bbox 2381 2643 2504 2696; x_wconf 85' lang='lat' dir='ltr'><strong>huic</strong></span> <span class='ocrx_word' id='word_1_448' title='bbox 2552 2644 2786 2707; x_wconf 85' lang='lat' dir='ltr'><strong>lectioni,</strong></span> <span class='ocrx_word' id='word_1_449' title='bbox 2821 2643 2959 2710; x_wconf 87' lang='lat' dir='ltr'><strong>quod</strong></span> <span class='ocrx_word' id='word_1_450' title='bbox 3011 2642 3061 2694; x_wconf 92' lang='lat' dir='ltr'><strong>in</strong></span> <span class='ocrx_word' id='word_1_451' title='bbox 3110 2642 3377 2696; x_wconf 88' lang='lat' dir='ltr'><strong>nonnullis</strong></span> <span class='ocrx_word' id='word_1_452' title='bbox 3411 2652 3530 2709; x_wconf 89' lang='lat' dir='ltr'><strong>post</strong></span> <span class='ocrx_word' id='word_1_453' title='bbox 3580 2641 3723 2694; x_wconf 83' lang='lat' dir='ltr'><strong>idola</strong></span> <span class='ocrx_word' id='word_1_454' title='bbox 3761 2653 3833 2694; x_wconf 85' lang='lat' dir='ltr'><strong>est</strong></span> 
     </span>
    </p>
   </div>
   <div class='ocr_carea' id='block_1_67' title="bbox 2262 2713 2997 2778">
    <p class='ocr_par' dir='ltr' id='par_1_67' title="bbox 2262 2713 2997 2778">
     <span class='ocr_line' id='line_1_68' title="bbox 2262 2713 2997 2778; baseline 0 -14"><span class='ocrx_word' id='word_1_455' title='bbox 2262 2727 2493 2765; x_wconf 85' lang='lat' dir='ltr'><strong>comma.</strong></span> <span class='ocrx_word' id='word_1_456' title='bbox 2527 2713 2657 2766; x_wconf 82' lang='lat' dir='ltr'><strong>Vide</strong></span> <span class='ocrx_word' id='word_1_457' title='bbox 2684 2728 2824 2766; x_wconf 90' lang='lat' dir='ltr'><strong>vers.</strong></span> <span class='ocrx_word' id='word_1_458' title='bbox 2857 2727 2997 2778; x_wconf 89' lang='lat' dir='ltr'><strong>seq..</strong></span> 
     </span>
    </p>
   </div>
   <div class='ocr_carea' id='block_1_68' title="bbox 2335 2781 3832 2850">
    <p class='ocr_par' dir='ltr' id='par_1_68' title="bbox 2335 2781 3832 2850">
     <span class='ocr_line' id='line_1_69' title="bbox 2335 2781 3832 2850; baseline -0.003 -14"><span class='ocrx_word' id='word_1_459' title='bbox 2335 2783 2424 2836; x_wconf 73' lang='grc'><strong>48.</strong></span> <span class='ocrx_word' id='word_1_460' title='bbox 2468 2781 2524 2834; x_wconf 90' lang='lat' dir='ltr'><strong>In</strong></span> <span class='ocrx_word' id='word_1_461' title='bbox 2555 2782 2674 2836; x_wconf 76' lang='lat' dir='ltr'><strong>Rat.</strong></span> <span class='ocrx_word' id='word_1_462' title='bbox 2705 2797 2800 2849; x_wconf 86' lang='lat' dir='ltr'><strong>p-o</strong></span> <span class='ocrx_word' id='word_1_463' title='bbox 2841 2783 2981 2836; x_wconf 85' lang='lat' dir='ltr'><strong>idola</strong></span> <span class='ocrx_word' id='word_1_464' title='bbox 3025 2782 3222 2835; x_wconf 88' lang='lat' dir='ltr'><strong>sciolus</strong></span> <span class='ocrx_word' id='word_1_465' title='bbox 3269 2791 3588 2850; x_wconf 73' lang='lat' dir='ltr'><strong>apposuerat</strong></span> <span class='ocrx_word' id='word_1_466' title='bbox 3620 2790 3832 2841; x_wconf 74' lang='lat' dir='ltr'><strong>spei-tra-</strong></span> 
     </span>
    </p>
   </div>
   <div class='ocr_carea' id='block_1_69' title="bbox 2261 2851 3832 2922">
    <p class='ocr_par' dir='ltr' id='par_1_69' title="bbox 2261 2851 3832 2922">
     <span class='ocr_line' id='line_1_70' title="bbox 2261 2851 3832 2922; baseline -0.001 -18"><span class='ocrx_word' id='word_1_467' title='bbox 2261 2868 2378 2922; x_wconf 89' lang='lat' dir='ltr'><strong>que.</strong></span> <span class='ocrx_word' id='word_1_468' title='bbox 2408 2852 2571 2906; x_wconf 89' lang='lat' dir='ltr'><strong>Aldus</strong></span> <span class='ocrx_word' id='word_1_469' title='bbox 2600 2868 2813 2920; x_wconf 87' lang='lat' dir='ltr'><strong>quoque</strong></span> <span class='ocrx_word' id='word_1_470' title='bbox 2847 2868 2966 2906; x_wconf 90' lang='lat' dir='ltr'><strong>cum</strong></span> <span class='ocrx_word' id='word_1_471' title='bbox 2997 2851 3254 2906; x_wconf 89' lang='lat' dir='ltr'><strong>edidisset</strong></span> <span class='ocrx_word' id='word_1_472' title='bbox 3285 2852 3434 2904; x_wconf 86' lang='lat' dir='ltr'><strong>Idola</strong></span> <span class='ocrx_word' id='word_1_473' title='bbox 3477 2853 3715 2922; x_wconf 62' lang='lat' dir='ltr'><strong>conﬂauit</strong></span> <span class='ocrx_word' id='word_1_474' title='bbox 3742 2851 3832 2919; x_wconf 77' lang='lat' dir='ltr'><strong>{ul-</strong></span> 
     </span>
    </p>
   </div>
   <div class='ocr_carea' id='block_1_70' title="bbox 2265 2919 3833 2988">
    <p class='ocr_par' dir='ltr' id='par_1_70' title="bbox 2265 2919 3833 2988">
     <span class='ocr_line' id='line_1_71' title="bbox 2265 2919 3833 2988; baseline -0.002 -12"><span class='ocrx_word' id='word_1_475' title='bbox 2265 2919 2400 2976; x_wconf 87' lang='lat' dir='ltr'><strong>lendi</strong></span> <span class='ocrx_word' id='word_1_476' title='bbox 2445 2924 2580 2975; x_wconf 76' lang='lat' dir='ltr'><strong>trina</strong></span> <span class='ocrx_word' id='word_1_477' title='bbox 2617 2919 2854 2988; x_wconf 85' lang='lat' dir='ltr'><strong>potestas,</strong></span> <span class='ocrx_word' id='word_1_478' title='bbox 2900 2923 3080 2988; x_wconf 91' lang='lat' dir='ltr'><strong>inepte</strong></span> <span class='ocrx_word' id='word_1_479' title='bbox 3118 2926 3285 2978; x_wconf 73' lang='lat' dir='ltr'><strong>velut</strong></span> <span class='ocrx_word' id='word_1_480' title='bbox 3326 2919 3616 2977; x_wconf 79' lang='lat' dir='ltr'><strong>emendare</strong></span> <span class='ocrx_word' id='word_1_481' title='bbox 3641 2919 3833 2982; x_wconf 73' lang='lat' dir='ltr'><strong>tTriua-</strong></span> 
     </span>
    </p>
   </div>
   <div class='ocr_carea' id='block_1_71' title="bbox 2261 2988 3833 3063">
    <p class='ocr_par' dir='ltr' id='par_1_71' title="bbox 2261 2988 3833 3063">
     <span class='ocr_line' id='line_1_72' title="bbox 2261 2988 3833 3063; baseline -0.001 -20"><span class='ocrx_word' id='word_1_482' title='bbox 2261 3008 2358 3058; x_wconf 87' lang='lat' dir='ltr'><strong>que</strong></span> <span class='ocrx_word' id='word_1_483' title='bbox 2397 2994 2634 3062; x_wconf 76' lang='lat' dir='ltr'><strong>conﬂavit</strong></span> <span class='ocrx_word' id='word_1_484' title='bbox 2683 2993 2898 3063; x_wconf 78' lang='lat' dir='ltr'><strong>fallendi</strong></span> <span class='ocrx_word' id='word_1_485' title='bbox 2927 2991 3068 3063; x_wconf 87' lang='lat' dir='ltr'><strong>idola</strong></span> <span class='ocrx_word' id='word_1_486' title='bbox 3096 2988 3352 3063; x_wconf 75' lang='lat' dir='ltr'><strong>potestas,</strong></span> <span class='ocrx_word' id='word_1_487' title='bbox 3384 3007 3451 3046; x_wconf 89' lang='lat' dir='ltr'><strong>ne</strong></span> <span class='ocrx_word' id='word_1_488' title='bbox 3478 2992 3686 3046; x_wconf 87' lang='lat' dir='ltr'><strong>scilicet</strong></span> <span class='ocrx_word' id='word_1_489' title='bbox 3707 3007 3754 3063; x_wconf 13' lang='lat' dir='ltr'><strong>io</strong></span> <span class='ocrx_word' id='word_1_490' title='bbox 3785 2992 3833 3063; x_wconf 83' lang='lat' dir='ltr'><strong>in</strong></span> 
     </span>
    </p>
   </div>
   <div class='ocr_carea' id='block_1_72' title="bbox 2263 3060 3832 3130">
    <p class='ocr_par' dir='ltr' id='par_1_72' title="bbox 2263 3060 3832 3130">
     <span class='ocr_line' id='line_1_73' title="bbox 2263 3060 3832 3130; baseline -0.003 -14"><span class='ocrx_word' id='word_1_491' title='bbox 2263 3060 2882 3130; x_wconf 32' lang='lat' dir='ltr'><strong>idolum,‘corriperetur.</strong></span> <span class='ocrx_word' id='word_1_492' title='bbox 2936 3060 3269 3128; x_wconf 24' lang='lat' dir='ltr'><strong>Alil.,’Gis.,</strong></span> <span class='ocrx_word' id='word_1_493' title='bbox 3318 3062 3519 3116; x_wconf 90' lang='lat' dir='ltr'><strong>lleius..</strong></span> <span class='ocrx_word' id='word_1_494' title='bbox 3583 3061 3832 3130; x_wconf 72' lang='lat' dir='ltr'><strong>conﬂauit.</strong></span> 
     </span>
    </p>
   </div>
   <div class='ocr_carea' id='block_1_73' title="bbox 590 3129 3832 3201">
    <p class='ocr_par' dir='ltr' id='par_1_73' title="bbox 590 3129 3832 3201">
     <span class='ocr_line' id='line_1_74' title="bbox 590 3129 3832 3201; baseline -0.001 -17"><span class='ocrx_word' id='word_1_495' title='bbox 590 3132 824 3187; x_wconf 85' lang='lat' dir='ltr'><strong>tudinem</strong></span> <span class='ocrx_word' id='word_1_496' title='bbox 857 3133 1106 3201; x_wconf 87' lang='lat' dir='ltr'><strong>viguisse.</strong></span> <span class='ocrx_word' id='word_1_497' title='bbox 1142 3134 1327 3188; x_wconf 89' lang='lat' dir='ltr'><strong>Inserit</strong></span> <span class='ocrx_word' id='word_1_498' title='bbox 1353 3134 1485 3186; x_wconf 89' lang='lat' dir='ltr'><strong>duos</strong></span> <span class='ocrx_word' id='word_1_499' title='bbox 1511 3142 1768 3186; x_wconf 85' lang='lat' dir='ltr'><strong>tractatus</strong></span> <span class='ocrx_word' id='word_1_500' title='bbox 1798 3133 1974 3186; x_wconf 71' lang='lat' dir='ltr'><strong>saeculi</strong></span> <span class='ocrx_word' id='word_1_501' title='bbox 2008 3147 2039 3184; x_wconf 69' lang='grc' dir='ltr'>χ</span> <span class='ocrx_word' id='word_1_502' title='bbox 2070 3138 2161 3184; x_wconf 87' lang='lat' dir='ltr'><strong>aut</strong></span> <span class='ocrx_word' id='word_1_503' title='bbox 2191 3137 2238 3199; x_wconf 73' lang='grc' dir='ltr'>ο</span> <span class='ocrx_word' id='word_1_504' title='bbox 2273 3134 2513 3201; x_wconf 80' lang='lat' dir='ltr'><strong>Plerique</strong></span> <span class='ocrx_word' id='word_1_505' title='bbox 2541 3129 2746 3201; x_wconf 88' lang='lat' dir='ltr'><strong>scripti,</strong></span> <span class='ocrx_word' id='word_1_506' title='bbox 2795 3133 3066 3194; x_wconf 86' lang='lat' dir='ltr'><strong>convaluit,</strong></span> <span class='ocrx_word' id='word_1_507' title='bbox 3119 3143 3178 3185; x_wconf 92' lang='lat' dir='ltr'><strong>ut</strong></span> <span class='ocrx_word' id='word_1_508' title='bbox 3211 3132 3327 3185; x_wconf 86' lang='lat' dir='ltr'><strong>Vat.</strong></span> <span class='ocrx_word' id='word_1_509' title='bbox 3380 3135 3442 3196; x_wconf 82' lang='lat' dir='ltr'><strong>A,</strong></span> <span class='ocrx_word' id='word_1_510' title='bbox 3493 3131 3646 3192; x_wconf 67' lang='lat' dir='ltr'><strong>Man,</strong></span> <span class='ocrx_word' id='word_1_511' title='bbox 3703 3129 3832 3191; x_wconf 81' lang='lat' dir='ltr'><strong>Rat.,</strong></span> 
     </span>
    </p>
   </div>
   <div class='ocr_carea' id='block_1_74' title="bbox 589 3202 2165 3272">
    <p class='ocr_par' dir='ltr' id='par_1_74' title="bbox 589 3202 2165 3272">
     <span class='ocr_line' id='line_1_75' title="bbox 589 3202 2165 3272; baseline 0.001 -19"><span class='ocrx_word' id='word_1_512' title='bbox 589 3203 1061 3272; x_wconf 88' lang='lat' dir='ltr'><strong>circiter,alterum</strong></span> <span class='ocrx_word' id='word_1_513' title='bbox 1086 3203 1368 3271; x_wconf 86' lang='lat' dir='ltr'><strong>Theophili</strong></span> <span class='ocrx_word' id='word_1_514' title='bbox 1400 3202 1718 3272; x_wconf 78' lang='lat' dir='ltr'><strong>presbyteri,</strong></span> <span class='ocrx_word' id='word_1_515' title='bbox 1748 3203 1970 3255; x_wconf 86' lang='lat' dir='ltr'><strong>alterum</strong></span> <span class='ocrx_word' id='word_1_516' title='bbox 2003 3203 2165 3272; x_wconf 65' lang='lat' dir='ltr'><strong>ltera-</strong></span> 
     </span>
    </p>
   </div>
   <div class='ocr_carea' id='block_1_75' title="bbox 590 3269 2167 3326">
    <p class='ocr_par' dir='ltr' id='par_1_75' title="bbox 590 3269 2167 3326">
     <span class='ocr_line' id='line_1_76' title="bbox 590 3269 2167 3326; baseline -0.001 -3"><span class='ocrx_word' id='word_1_517' title='bbox 590 3271 681 3324; x_wconf 91' lang='lat' dir='ltr'><strong>clii</strong></span> <span class='ocrx_word' id='word_1_518' title='bbox 716 3274 790 3324; x_wconf 85' lang='lat' dir='ltr'><strong>De</strong></span> <span class='ocrx_word' id='word_1_519' title='bbox 828 3274 1081 3326; x_wconf 89' lang='lat' dir='ltr'><strong>coloribus</strong></span> <span class='ocrx_word' id='word_1_520' title='bbox 1109 3285 1154 3325; x_wconf 93' lang='lat' dir='ltr'><strong>et</strong></span> <span class='ocrx_word' id='word_1_521' title='bbox 1180 3269 1372 3326; x_wconf 81' lang='lat' dir='ltr'><strong>artibus</strong></span> <span class='ocrx_word' id='word_1_522' title='bbox 1407 3269 1776 3326; x_wconf 73' lang='lat' dir='ltr'><strong>Romanorum.</strong></span> <span class='ocrx_word' id='word_1_523' title='bbox 1815 3272 2042 3324; x_wconf 75' lang='lat' dir='ltr'><strong>Carmen</strong></span> <span class='ocrx_word' id='word_1_524' title='bbox 2079 3269 2167 3323; x_wconf 85' lang='lat' dir='ltr'><strong>Hi-</strong></span> 
     </span>
    </p>
   </div>
   <div class='ocr_carea' id='block_1_76' title="bbox 591 3339 2166 3410">
    <p class='ocr_par' dir='ltr' id='par_1_76' title="bbox 591 3339 2166 3410">
     <span class='ocr_line' id='line_1_77' title="bbox 591 3339 2166 3410; baseline 0 -18"><span class='ocrx_word' id='word_1_525' title='bbox 591 3339 864 3407; x_wconf 76' lang='lat' dir='ltr'><strong>spanicum</strong></span> <span class='ocrx_word' id='word_1_526' title='bbox 892 3343 958 3394; x_wconf 90' lang='lat' dir='ltr'><strong>de</strong></span> <span class='ocrx_word' id='word_1_527' title='bbox 989 3342 1196 3396; x_wconf 85' lang='lat' dir='ltr'><strong>Pictura</strong></span> <span class='ocrx_word' id='word_1_528' title='bbox 1225 3357 1344 3396; x_wconf 91' lang='lat' dir='ltr'><strong>cum</strong></span> <span class='ocrx_word' id='word_1_529' title='bbox 1377 3343 1518 3395; x_wconf 83' lang='lat' dir='ltr'><strong>notis</strong></span> <span class='ocrx_word' id='word_1_530' title='bbox 1549 3341 1793 3410; x_wconf 67' lang='lat' dir='ltr'><strong>Segoviie</strong></span> <span class='ocrx_word' id='word_1_531' title='bbox 1817 3340 2040 3402; x_wconf 72' lang='lat' dir='ltr'><strong>editum,</strong></span> <span class='ocrx_word' id='word_1_532' title='bbox 2073 3355 2166 3392; x_wconf 89' lang='lat' dir='ltr'><strong>au-</strong></span> 
     </span>
    </p>
   </div>
   <div class='ocr_carea' id='block_1_77' title="bbox 592 3409 2163 3478">
    <p class='ocr_par' dir='ltr' id='par_1_77' title="bbox 592 3409 2163 3478">
     <span class='ocr_line' id='line_1_78' title="bbox 592 3409 2163 3478; baseline 0.001 -17"><span class='ocrx_word' id='word_1_533' title='bbox 592 3424 740 3464; x_wconf 70' lang='lat' dir='ltr'><strong>ctore</strong></span> <span class='ocrx_word' id='word_1_534' title='bbox 774 3412 834 3464; x_wconf 81' lang='grc' dir='ltr'><strong>Ι).</strong></span> <span class='ocrx_word' id='word_1_535' title='bbox 867 3411 1061 3464; x_wconf 86' lang='lat' dir='ltr'><strong>Didaco</strong></span> <span class='ocrx_word' id='word_1_536' title='bbox 1099 3412 1332 3465; x_wconf 87' lang='lat' dir='ltr'><strong>Antonio</strong></span> <span class='ocrx_word' id='word_1_537' title='bbox 1375 3413 1540 3478; x_wconf 72' lang='lat' dir='ltr'><strong>ltejon</strong></span> <span class='ocrx_word' id='word_1_538' title='bbox 1579 3409 1646 3464; x_wconf 82' lang='lat' dir='ltr'><strong>de</strong></span> <span class='ocrx_word' id='word_1_539' title='bbox 1689 3409 1850 3475; x_wconf 84' lang='lat' dir='ltr'><strong>Silva,</strong></span> <span class='ocrx_word' id='word_1_540' title='bbox 1877 3413 1927 3463; x_wconf 91' lang='lat' dir='ltr'><strong>in</strong></span> <span class='ocrx_word' id='word_1_541' title='bbox 1965 3411 2163 3463; x_wconf 84' lang='lat' dir='ltr'><strong>eisdem</strong></span> 
     </span>
    </p>
   </div>
   <div class='ocr_carea' id='block_1_78' title="bbox 593 3479 2168 3547">
    <p class='ocr_par' dir='ltr' id='par_1_78' title="bbox 593 3479 2168 3547">
     <span class='ocr_line' id='line_1_79' title="bbox 593 3479 2168 3547; baseline -0.001 -15"><span class='ocrx_word' id='word_1_542' title='bbox 593 3479 1036 3547; x_wconf 87' lang='lat' dir='ltr'><strong>Ephemeridihns</strong></span> <span class='ocrx_word' id='word_1_543' title='bbox 1063 3480 1316 3534; x_wconf 70' lang='lat' dir='ltr'><strong>Ennianis</strong></span> <span class='ocrx_word' id='word_1_544' title='bbox 1345 3498 1485 3534; x_wconf 85' lang='lat' dir='ltr'><strong>anno</strong></span> <span class='ocrx_word' id='word_1_545' title='bbox 1505 3481 2168 3543; x_wconf 67' lang='lat' dir='ltr'><strong>1786,nuiu.47,summis</strong></span> 
     </span>
    </p>
   </div>
   <div class='ocr_carea' id='block_1_79' title="bbox 598 3550 2164 3614">
    <p class='ocr_par' dir='ltr' id='par_1_79' title="bbox 598 3550 2164 3614">
     <span class='ocr_line' id='line_1_80' title="bbox 598 3550 2164 3614; baseline 0.001 -14"><span class='ocrx_word' id='word_1_546' title='bbox 598 3551 842 3606; x_wconf 59' lang='lat' dir='ltr'><strong>laudibus</strong></span> <span class='ocrx_word' id='word_1_547' title='bbox 863 3552 1294 3614; x_wconf 83' lang='lat' dir='ltr'><strong>commendatur;</strong></span> <span class='ocrx_word' id='word_1_548' title='bbox 1327 3567 1448 3606; x_wconf 88' lang='lat' dir='ltr'><strong>eum</strong></span> <span class='ocrx_word' id='word_1_549' title='bbox 1482 3551 1632 3606; x_wconf 84' lang='lat' dir='ltr'><strong>novis</strong></span> <span class='ocrx_word' id='word_1_550' title='bbox 1662 3551 1882 3604; x_wconf 87' lang='lat' dir='ltr'><strong>edendis</strong></span> <span class='ocrx_word' id='word_1_551' title='bbox 1914 3550 2061 3603; x_wconf 86' lang='lat' dir='ltr'><strong>libris</strong></span> <span class='ocrx_word' id='word_1_552' title='bbox 2100 3550 2164 3602; x_wconf 88' lang='lat' dir='ltr'><strong>ad</strong></span> 
     </span>
    </p>
   </div>
   <div class='ocr_carea' id='block_1_80' title="bbox 594 3621 2165 3692">
    <p class='ocr_par' dir='ltr' id='par_1_80' title="bbox 594 3621 2165 3692">
     <span class='ocr_line' id='line_1_81' title="bbox 594 3621 2165 3692; baseline 0 -20"><span class='ocrx_word' id='word_1_553' title='bbox 594 3621 841 3676; x_wconf 85' lang='lat' dir='ltr'><strong>liberales</strong></span> <span class='ocrx_word' id='word_1_554' title='bbox 867 3632 1012 3675; x_wconf 75' lang='lat' dir='ltr'><strong>aites</strong></span> <span class='ocrx_word' id='word_1_555' title='bbox 1041 3621 1382 3677; x_wconf 81' lang='lat' dir='ltr'><strong>illustrandas</strong></span> <span class='ocrx_word' id='word_1_556' title='bbox 1408 3623 1619 3692; x_wconf 80' lang='lat' dir='ltr'><strong>egregie</strong></span> <span class='ocrx_word' id='word_1_557' title='bbox 1646 3621 1973 3684; x_wconf 87' lang='lat' dir='ltr'><strong>incumbere,</strong></span> <span class='ocrx_word' id='word_1_558' title='bbox 2015 3632 2165 3673; x_wconf 85' lang='lat' dir='ltr'><strong>eom-</strong></span> 
     </span>
    </p>
   </div>
   <div class='ocr_carea' id='block_1_81' title="bbox 595 3691 2073 3758">
    <p class='ocr_par' dir='ltr' id='par_1_81' title="bbox 595 3691 2073 3758">
     <span class='ocr_line' id='line_1_82' title="bbox 595 3691 2073 3758; baseline 0.007 -16"><span class='ocrx_word' id='word_1_559' title='bbox 595 3700 801 3758; x_wconf 78' lang='lat' dir='ltr'><strong>perium</strong></span> <span class='ocrx_word' id='word_1_560' title='bbox 834 3691 988 3744; x_wconf 69' lang='lat' dir='ltr'><strong>nol&#39;is</strong></span> <span class='ocrx_word' id='word_1_561' title='bbox 1013 3703 1114 3747; x_wconf 88' lang='lat' dir='ltr'><strong>est.</strong></span> <span class='ocrx_word' id='word_1_562' title='bbox 2067 3727 2073 3734; x_wconf 64' lang='grc' dir='ltr'><em>υ</em></span> 
     </span>
    </p>
   </div>
   <div class='ocr_carea' id='block_1_82' title="bbox 661 3759 2164 3828">
    <p class='ocr_par' dir='ltr' id='par_1_82' title="bbox 661 3759 2164 3828">
     <span class='ocr_line' id='line_1_83' title="bbox 661 3759 2164 3828; baseline -0.005 -13"><span class='ocrx_word' id='word_1_563' title='bbox 661 3760 752 3815; x_wconf 76' lang='grc'><strong>45.</strong></span> <span class='ocrx_word' id='word_1_564' title='bbox 785 3762 1033 3816; x_wconf 89' lang='lat' dir='ltr'><strong>lleinsius</strong></span> <span class='ocrx_word' id='word_1_565' title='bbox 1082 3777 1203 3816; x_wconf 92' lang='lat' dir='ltr'><strong>cum</strong></span> <span class='ocrx_word' id='word_1_566' title='bbox 1254 3763 1426 3817; x_wconf 84' lang='lat' dir='ltr'><strong>altero</strong></span> <span class='ocrx_word' id='word_1_567' title='bbox 1479 3761 1650 3828; x_wconf 62' lang='lat' dir='ltr'><strong>Roth,</strong></span> <span class='ocrx_word' id='word_1_568' title='bbox 1695 3760 1882 3826; x_wconf 82' lang='lat' dir='ltr'><strong>Fabr.,</strong></span> <span class='ocrx_word' id='word_1_569' title='bbox 1939 3759 2164 3822; x_wconf 84' lang='lat' dir='ltr'><strong>Widm.,</strong></span> 
     </span>
    </p>
   </div>
   <div class='ocr_carea' id='block_1_83' title="bbox 589 3830 2167 3901">
    <p class='ocr_par' dir='ltr' id='par_1_83' title="bbox 589 3830 2167 3901">
     <span class='ocr_line' id='line_1_84' title="bbox 589 3830 2167 3901; baseline -0.001 -17"><span class='ocrx_word' id='word_1_570' title='bbox 589 3830 782 3901; x_wconf 64' lang='lat' dir='ltr'><strong>Bong,</strong></span> <span class='ocrx_word' id='word_1_571' title='bbox 821 3833 992 3896; x_wconf 88' lang='lat' dir='ltr'><strong>&#39;l‘eol.,</strong></span> <span class='ocrx_word' id='word_1_572' title='bbox 1021 3831 1234 3896; x_wconf 72' lang='lat' dir='ltr'><strong>Charm,</strong></span> <span class='ocrx_word' id='word_1_573' title='bbox 1266 3831 1380 3888; x_wconf 80' lang='lat' dir='ltr'><strong>Gis.</strong></span> <span class='ocrx_word' id='word_1_574' title='bbox 1415 3833 1480 3886; x_wconf 88' lang='lat' dir='ltr'><strong>ad</strong></span> <span class='ocrx_word' id='word_1_575' title='bbox 1516 3848 1708 3896; x_wconf 62' lang='lat' dir='ltr'><strong>mai-3.,</strong></span> <span class='ocrx_word' id='word_1_576' title='bbox 1740 3830 2066 3901; x_wconf 83' lang='lat' dir='ltr'><strong>Sich.,_Vat.</strong></span> <span class='ocrx_word' id='word_1_577' title='bbox 2097 3831 2167 3891; x_wconf 88' lang='lat' dir='ltr'><strong>A,</strong></span> 
     </span>
    </p>
   </div>
   <div class='ocr_carea' id='block_1_84' title="bbox 595 3899 2165 3968">
    <p class='ocr_par' dir='ltr' id='par_1_84' title="bbox 595 3899 2165 3968">
     <span class='ocr_line' id='line_1_85' title="bbox 595 3899 2165 3968; baseline -0.001 -15"><span class='ocrx_word' id='word_1_578' title='bbox 595 3899 738 3964; x_wconf 48' lang='lat' dir='ltr'><strong>list;</strong></span> <span class='ocrx_word' id='word_1_579' title='bbox 769 3902 932 3956; x_wconf 87' lang='lat' dir='ltr'><strong>&#39;l‘nrn.</strong></span> <span class='ocrx_word' id='word_1_580' title='bbox 957 3901 1021 3954; x_wconf 86' lang='lat' dir='ltr'><strong>ad</strong></span> <span class='ocrx_word' id='word_1_581' title='bbox 1048 3918 1219 3965; x_wconf 88' lang='lat' dir='ltr'><strong>oram,</strong></span> <span class='ocrx_word' id='word_1_582' title='bbox 1255 3903 1384 3955; x_wconf 80' lang='lat' dir='ltr'><strong>Mar.</strong></span> <span class='ocrx_word' id='word_1_583' title='bbox 1417 3904 1488 3956; x_wconf 87' lang='lat' dir='ltr'><strong>sic</strong></span> <span class='ocrx_word' id='word_1_584' title='bbox 1514 3919 1658 3956; x_wconf 84' lang='lat' dir='ltr'><strong>cassa</strong></span> <span class='ocrx_word' id='word_1_585' title='bbox 1679 3901 1876 3968; x_wconf 75' lang='lat' dir='ltr'><strong>figuris.</strong></span> <span class='ocrx_word' id='word_1_586' title='bbox 1914 3899 2067 3962; x_wconf 85' lang='lat' dir='ltr'><strong>Urh.,</strong></span> <span class='ocrx_word' id='word_1_587' title='bbox 2093 3903 2165 3952; x_wconf 81' lang='lat' dir='ltr'><strong>sic</strong></span> 
     </span>
    </p>
   </div>
   <div class='ocr_carea' id='block_1_85' title="bbox 592 3968 2168 4040">
    <p class='ocr_par' dir='ltr' id='par_1_85' title="bbox 592 3968 2168 4040">
     <span class='ocr_line' id='line_1_86' title="bbox 592 3968 2168 4040; baseline -0.002 -16"><span class='ocrx_word' id='word_1_588' title='bbox 592 3974 774 4040; x_wconf 82' lang='lat' dir='ltr'><strong>segnia</strong></span> <span class='ocrx_word' id='word_1_589' title='bbox 810 3987 999 4023; x_wconf 85' lang='lat' dir='ltr'><strong>rerum.</strong></span> <span class='ocrx_word' id='word_1_590' title='bbox 1022 3974 1172 4025; x_wconf 65' lang='lat' dir='ltr'><strong>Alex.</strong></span> <span class='ocrx_word' id='word_1_591' title='bbox 1207 3987 1237 4023; x_wconf 88' lang='lat' dir='ltr'><strong>a</strong></span> <span class='ocrx_word' id='word_1_592' title='bbox 1277 3974 1444 4038; x_wconf 87' lang='lat' dir='ltr'><strong>prima</strong></span> <span class='ocrx_word' id='word_1_593' title='bbox 1485 3987 1664 4040; x_wconf 85' lang='lat' dir='ltr'><strong>manu,</strong></span> <span class='ocrx_word' id='word_1_594' title='bbox 1697 3969 1920 4040; x_wconf 71' lang='lat' dir='ltr'><strong>Weitz.,</strong></span> <span class='ocrx_word' id='word_1_595' title='bbox 1968 3968 2168 4022; x_wconf 87' lang='lat' dir='ltr'><strong>Widin.</strong></span> 
     </span>
    </p>
   </div>
   <div class='ocr_carea' id='block_1_86' title="bbox 593 4039 2166 4108">
    <p class='ocr_par' dir='ltr' id='par_1_86' title="bbox 593 4039 2166 4108">
     <span class='ocr_line' id='line_1_87' title="bbox 593 4039 2166 4108; baseline 0 -16"><span class='ocrx_word' id='word_1_596' title='bbox 593 4039 660 4092; x_wconf 88' lang='lat' dir='ltr'><strong>ad</strong></span> <span class='ocrx_word' id='word_1_597' title='bbox 687 4055 857 4103; x_wconf 85' lang='lat' dir='ltr'><strong>oram,</strong></span> <span class='ocrx_word' id='word_1_598' title='bbox 897 4041 1152 4108; x_wconf 74' lang='lat' dir='ltr'><strong>Bongars.</strong></span> <span class='ocrx_word' id='word_1_599' title='bbox 1176 4042 1241 4094; x_wconf 89' lang='lat' dir='ltr'><strong>ad</strong></span> <span class='ocrx_word' id='word_1_600' title='bbox 1272 4055 1442 4105; x_wconf 87' lang='lat' dir='ltr'><strong>oram,</strong></span> <span class='ocrx_word' id='word_1_601' title='bbox 1476 4039 1718 4094; x_wconf 76' lang='lat' dir='ltr'><strong>Clanius</strong></span> <span class='ocrx_word' id='word_1_602' title='bbox 1739 4055 1808 4093; x_wconf 79' lang='lat' dir='ltr'><strong>ex</strong></span> <span class='ocrx_word' id='word_1_603' title='bbox 1841 4039 2010 4092; x_wconf 87' lang='lat' dir='ltr'><strong>tribus</strong></span> <span class='ocrx_word' id='word_1_604' title='bbox 2035 4049 2166 4093; x_wconf 85' lang='lat' dir='ltr'><strong>vett.</strong></span> 
     </span>
    </p>
   </div>
   <div class='ocr_carea' id='block_1_87' title="bbox 595 4108 2172 4178">
    <p class='ocr_par' dir='ltr' id='par_1_87' title="bbox 595 4108 2172 4178">
     <span class='ocr_line' id='line_1_88' title="bbox 595 4108 2172 4178; baseline -0.001 -16"><span class='ocrx_word' id='word_1_605' title='bbox 595 4110 774 4174; x_wconf 82' lang='lat' dir='ltr'><strong>libris,</strong></span> <span class='ocrx_word' id='word_1_606' title='bbox 798 4110 995 4174; x_wconf 76' lang='lat' dir='ltr'><strong>Uxon.,</strong></span> <span class='ocrx_word' id='word_1_607' title='bbox 1027 4111 1259 4173; x_wconf 86' lang='lat' dir='ltr'><strong>Tliiian.,</strong></span> <span class='ocrx_word' id='word_1_608' title='bbox 1309 4111 1482 4178; x_wconf 85' lang='lat' dir='ltr'><strong>Egm.,</strong></span> <span class='ocrx_word' id='word_1_609' title='bbox 1514 4111 1586 4164; x_wconf 87' lang='lat' dir='ltr'><strong>sic</strong></span> <span class='ocrx_word' id='word_1_610' title='bbox 1611 4109 1788 4172; x_wconf 83' lang='lat' dir='ltr'><strong>inania</strong></span> <span class='ocrx_word' id='word_1_611' title='bbox 1815 4122 2005 4162; x_wconf 80' lang='lat' dir='ltr'><strong>rerum.</strong></span> <span class='ocrx_word' id='word_1_612' title='bbox 2033 4108 2172 4162; x_wconf 72' lang='lat' dir='ltr'><strong>Cotto</strong></span> 
     </span>
    </p>
   </div>
   <div class='ocr_carea' id='block_1_88' title="bbox 597 4178 2170 4249">
    <p class='ocr_par' dir='ltr' id='par_1_88' title="bbox 597 4178 2170 4249">
     <span class='ocr_line' id='line_1_89' title="bbox 597 4178 2170 4249; baseline -0.001 -17"><span class='ocrx_word' id='word_1_613' title='bbox 597 4179 766 4232; x_wconf 78' lang='lat' dir='ltr'><strong>tendit</strong></span> <span class='ocrx_word' id='word_1_614' title='bbox 793 4178 1059 4245; x_wconf 80' lang='lat' dir='ltr'><strong>Gilanius,</strong></span> <span class='ocrx_word' id='word_1_615' title='bbox 1093 4181 1166 4233; x_wconf 88' lang='lat' dir='ltr'><strong>sic</strong></span> <span class='ocrx_word' id='word_1_616' title='bbox 1195 4195 1349 4242; x_wconf 85' lang='lat' dir='ltr'><strong>posse</strong></span> <span class='ocrx_word' id='word_1_617' title='bbox 1377 4181 1607 4249; x_wconf 89' lang='lat' dir='ltr'><strong>corripi,</strong></span> <span class='ocrx_word' id='word_1_618' title='bbox 1646 4189 1701 4233; x_wconf 89' lang='lat' dir='ltr'><strong>ut</strong></span> <span class='ocrx_word' id='word_1_619' title='bbox 1741 4178 1846 4247; x_wconf 78' lang='lat' dir='ltr'><strong>fac.</strong></span> <span class='ocrx_word' id='word_1_620' title='bbox 1896 4179 2170 4249; x_wconf 75' lang='lat' dir='ltr'><strong>Repugnat</strong></span> 
     </span>
    </p>
   </div>
   <div class='ocr_carea' id='block_1_89' title="bbox 598 4248 2171 4318">
    <p class='ocr_par' dir='ltr' id='par_1_89' title="bbox 598 4248 2171 4318">
     <span class='ocr_line' id='line_1_90' title="bbox 598 4248 2171 4318; baseline 0 -16"><span class='ocrx_word' id='word_1_621' title='bbox 598 4249 863 4313; x_wconf 86' lang='lat' dir='ltr'><strong>Heinsius,</strong></span> <span class='ocrx_word' id='word_1_622' title='bbox 897 4250 987 4318; x_wconf 86' lang='lat' dir='ltr'><strong>qui</strong></span> <span class='ocrx_word' id='word_1_623' title='bbox 1014 4265 1118 4303; x_wconf 89' lang='lat' dir='ltr'><strong>non</strong></span> <span class='ocrx_word' id='word_1_624' title='bbox 1152 4250 1288 4305; x_wconf 87' lang='lat' dir='ltr'><strong>bene</strong></span> <span class='ocrx_word' id='word_1_625' title='bbox 1309 4250 1498 4304; x_wconf 88' lang='lat' dir='ltr'><strong>Aldum</strong></span> <span class='ocrx_word' id='word_1_626' title='bbox 1523 4248 1657 4305; x_wconf 85' lang='lat' dir='ltr'><strong>citat</strong></span> <span class='ocrx_word' id='word_1_627' title='bbox 1695 4264 1791 4317; x_wconf 91' lang='lat' dir='ltr'><strong>pro</strong></span> <span class='ocrx_word' id='word_1_628' title='bbox 1822 4249 1921 4302; x_wconf 85' lang='lat' dir='ltr'><strong>hac</strong></span> <span class='ocrx_word' id='word_1_629' title='bbox 1946 4248 2171 4318; x_wconf 89' lang='lat' dir='ltr'><strong>lectione</strong></span> 
     </span>
    </p>
   </div>
   <div class='ocr_carea' id='block_1_90' title="bbox 596 4317 2174 4388">
    <p class='ocr_par' dir='ltr' id='par_1_90' title="bbox 596 4317 2174 4388">
     <span class='ocr_line' id='line_1_91' title="bbox 596 4317 2174 4388; baseline 0.001 -18"><span class='ocrx_word' id='word_1_630' title='bbox 596 4319 669 4371; x_wconf 87' lang='lat' dir='ltr'><strong>sic</strong></span> <span class='ocrx_word' id='word_1_631' title='bbox 695 4321 868 4372; x_wconf 84' lang='lat' dir='ltr'><strong>inania</strong></span> <span class='ocrx_word' id='word_1_632' title='bbox 890 4317 1052 4372; x_wconf 84' lang='lat' dir='ltr'><strong>:nam</strong></span> <span class='ocrx_word' id='word_1_633' title='bbox 1075 4319 1236 4373; x_wconf 78' lang='lat' dir='ltr'><strong>Aldus</strong></span> <span class='ocrx_word' id='word_1_634' title='bbox 1267 4323 1336 4373; x_wconf 89' lang='lat' dir='ltr'><strong>ita</strong></span> <span class='ocrx_word' id='word_1_635' title='bbox 1357 4320 1567 4388; x_wconf 86' lang='lat' dir='ltr'><strong>quidem</strong></span> <span class='ocrx_word' id='word_1_636' title='bbox 1589 4319 1852 4381; x_wconf 68' lang='lat' dir='ltr'><strong>ediderat,</strong></span> <span class='ocrx_word' id='word_1_637' title='bbox 1874 4317 1968 4371; x_wconf 87' lang='lat' dir='ltr'><strong>sed</strong></span> <span class='ocrx_word' id='word_1_638' title='bbox 1989 4334 2174 4373; x_wconf 82' lang='lat' dir='ltr'><strong>emen-</strong></span> 
     </span>
    </p>
   </div>
   <div class='ocr_carea' id='block_1_91' title="bbox 596 4389 2172 4458">
    <p class='ocr_par' dir='ltr' id='par_1_91' title="bbox 596 4389 2172 4458">
     <span class='ocr_line' id='line_1_92' title="bbox 596 4389 2172 4458; baseline 0 -16"><span class='ocrx_word' id='word_1_639' title='bbox 596 4390 742 4444; x_wconf 89' lang='lat' dir='ltr'><strong>davit</strong></span> <span class='ocrx_word' id='word_1_640' title='bbox 783 4399 831 4443; x_wconf 87' lang='lat' dir='ltr'><strong>et</strong></span> <span class='ocrx_word' id='word_1_641' title='bbox 875 4393 1047 4443; x_wconf 86' lang='lat' dir='ltr'><strong>inania</strong></span> <span class='ocrx_word' id='word_1_642' title='bbox 1077 4406 1264 4455; x_wconf 84' lang='lat' dir='ltr'><strong>rerum,</strong></span> <span class='ocrx_word' id='word_1_643' title='bbox 1297 4404 1417 4458; x_wconf 68' lang='lat' dir='ltr'><strong>quin</strong></span> <span class='ocrx_word' id='word_1_644' title='bbox 1464 4391 1620 4444; x_wconf 84' lang='lat' dir='ltr'><strong>lectio</strong></span> <span class='ocrx_word' id='word_1_645' title='bbox 1646 4389 1772 4443; x_wconf 91' lang='lat' dir='ltr'><strong>mihi</strong></span> <span class='ocrx_word' id='word_1_646' title='bbox 1803 4389 2076 4456; x_wconf 85' lang='lat' dir='ltr'><strong>probatur,</strong></span> <span class='ocrx_word' id='word_1_647' title='bbox 2118 4399 2172 4444; x_wconf 92' lang='lat' dir='ltr'><strong>et</strong></span> 
     </span>
    </p>
   </div>
   <div class='ocr_carea' id='block_1_92' title="bbox 597 4458 2169 4528">
    <p class='ocr_par' dir='ltr' id='par_1_92' title="bbox 597 4458 2169 4528">
     <span class='ocr_line' id='line_1_93' title="bbox 597 4458 2169 4528; baseline -0.001 -14"><span class='ocrx_word' id='word_1_648' title='bbox 597 4471 770 4514; x_wconf 76' lang='lat' dir='ltr'><strong>exstat</strong></span> <span class='ocrx_word' id='word_1_649' title='bbox 795 4463 844 4512; x_wconf 93' lang='lat' dir='ltr'><strong>in</strong></span> <span class='ocrx_word' id='word_1_650' title='bbox 879 4464 1026 4514; x_wconf 68' lang='lat' dir='ltr'><strong>Alei.</strong></span> <span class='ocrx_word' id='word_1_651' title='bbox 1063 4475 1158 4528; x_wconf 89' lang='lat' dir='ltr'><strong>pro</strong></span> <span class='ocrx_word' id='word_1_652' title='bbox 1183 4459 1520 4528; x_wconf 85' lang='lat' dir='ltr'><strong>div.script.,</strong></span> <span class='ocrx_word' id='word_1_653' title='bbox 1557 4471 1610 4514; x_wconf 92' lang='lat' dir='ltr'><strong>et</strong></span> <span class='ocrx_word' id='word_1_654' title='bbox 1650 4461 1702 4513; x_wconf 92' lang='lat' dir='ltr'><strong>in</strong></span> <span class='ocrx_word' id='word_1_655' title='bbox 1753 4466 1898 4512; x_wconf 79' lang='lat' dir='ltr'><strong>testu</strong></span> <span class='ocrx_word' id='word_1_656' title='bbox 1946 4458 2169 4512; x_wconf 82' lang='lat' dir='ltr'><strong>Giselini</strong></span> 
     </span>
    </p>
   </div>
   <div class='ocr_carea' id='block_1_93' title="bbox 599 4510 2253 4598">
    <p class='ocr_par' dir='ltr' id='par_1_93' title="bbox 599 4510 2253 4598">
     <span class='ocr_line' id='line_1_94' title="bbox 599 4510 2253 4598; baseline 0.001 -16"><span class='ocrx_word' id='word_1_657' title='bbox 599 4540 810 4598; x_wconf 88' lang='lat' dir='ltr'><strong>recepta</strong></span> <span class='ocrx_word' id='word_1_658' title='bbox 830 4541 931 4585; x_wconf 80' lang='lat' dir='ltr'><strong>est.</strong></span> <span class='ocrx_word' id='word_1_659' title='bbox 962 4510 1270 4584; x_wconf 78' lang='lat' dir='ltr'><strong>Galiandius</strong></span> <span class='ocrx_word' id='word_1_660' title='bbox 1293 4533 1384 4590; x_wconf 86' lang='lat' dir='ltr'><strong>ait,</strong></span> <span class='ocrx_word' id='word_1_661' title='bbox 1405 4510 1455 4582; x_wconf 73' lang='lat' dir='ltr'><strong>iii</strong></span> <span class='ocrx_word' id='word_1_662' title='bbox 1478 4510 1717 4584; x_wconf 59' lang='lat' dir='ltr'><strong>formes.</strong></span> <span class='ocrx_word' id='word_1_663' title='bbox 1744 4510 2005 4584; x_wconf 36' lang='lat' dir='ltr'><strong>essecui—n</strong></span> <span class='ocrx_word' id='word_1_664' title='bbox 2023 4510 2172 4583; x_wconf 65' lang='grc' dir='ltr'><strong>’Ᾰιὶιὸ</strong></span> <span class='ocrx_word' id='word_1_665' title='bbox 2203 4510 2253 4569; x_wconf 79' lang='grc' dir='ltr'><strong>Ῑ)</strong></span> 
     </span>
    </p>
   </div>
   <div class='ocr_carea' id='block_1_94' title="bbox 596 4599 2176 4665">
    <p class='ocr_par' dir='ltr' id='par_1_94' title="bbox 596 4599 2176 4665">
     <span class='ocr_line' id='line_1_95' title="bbox 596 4599 2176 4665; baseline -0.001 -13"><span class='ocrx_word' id='word_1_666' title='bbox 596 4601 776 4654; x_wconf 84' lang='lat' dir='ltr'><strong>inania</strong></span> <span class='ocrx_word' id='word_1_667' title='bbox 801 4617 968 4654; x_wconf 87' lang='lat' dir='ltr'><strong>rerum</strong></span> <span class='ocrx_word' id='word_1_668' title='bbox 1002 4602 1053 4654; x_wconf 89' lang='lat' dir='ltr'><strong>in</strong></span> <span class='ocrx_word' id='word_1_669' title='bbox 1083 4610 1258 4665; x_wconf 79' lang='lat' dir='ltr'><strong>textu;</strong></span> <span class='ocrx_word' id='word_1_670' title='bbox 1287 4601 1379 4653; x_wconf 80' lang='lat' dir='ltr'><strong>sed</strong></span> <span class='ocrx_word' id='word_1_671' title='bbox 1411 4615 1515 4653; x_wconf 86' lang='lat' dir='ltr'><strong>non</strong></span> <span class='ocrx_word' id='word_1_672' title='bbox 1547 4600 1776 4662; x_wconf 76' lang='lat' dir='ltr'><strong>explicat</strong></span> <span class='ocrx_word' id='word_1_673' title='bbox 1804 4613 1873 4651; x_wconf 81' lang='lat' dir='ltr'><strong>an</strong></span> <span class='ocrx_word' id='word_1_674' title='bbox 1890 4599 1956 4650; x_wconf 90' lang='lat' dir='ltr'><strong>sit</strong></span> <span class='ocrx_word' id='word_1_675' title='bbox 1986 4599 2033 4650; x_wconf 88' lang='lat' dir='ltr'><strong>el</strong></span> <span class='ocrx_word' id='word_1_676' title='bbox 2063 4600 2176 4651; x_wconf 90' lang='lat' dir='ltr'><strong>ina-</strong></span> 
     </span>
    </p>
   </div>
   <div class='ocr_carea' id='block_1_95' title="bbox 597 4668 2174 4739">
    <p class='ocr_par' dir='ltr' id='par_1_95' title="bbox 597 4668 2174 4739">
     <span class='ocr_line' id='line_1_96' title="bbox 597 4668 2174 4739; baseline 0 -16"><span class='ocrx_word' id='word_1_677' title='bbox 597 4674 702 4734; x_wconf 88' lang='lat' dir='ltr'><strong>nia,</strong></span> <span class='ocrx_word' id='word_1_678' title='bbox 721 4687 787 4724; x_wconf 87' lang='lat' dir='ltr'><strong>an</strong></span> <span class='ocrx_word' id='word_1_679' title='bbox 808 4673 882 4724; x_wconf 74' lang='lat' dir='ltr'><strong>sic</strong></span> <span class='ocrx_word' id='word_1_680' title='bbox 906 4672 1100 4724; x_wconf 86' lang='lat' dir='ltr'><strong>inania.</strong></span> <span class='ocrx_word' id='word_1_681' title='bbox 1133 4670 1287 4739; x_wconf 71' lang='lat' dir='ltr'><strong>Siepe</strong></span> <span class='ocrx_word' id='word_1_682' title='bbox 1312 4668 1506 4723; x_wconf 86' lang='lat' dir='ltr'><strong>accidit</strong></span> <span class='ocrx_word' id='word_1_683' title='bbox 1525 4683 1578 4722; x_wconf 89' lang='lat' dir='ltr'><strong>ut</strong></span> <span class='ocrx_word' id='word_1_684' title='bbox 1601 4671 1652 4722; x_wconf 92' lang='lat' dir='ltr'><strong>in</strong></span> <span class='ocrx_word' id='word_1_685' title='bbox 1679 4668 1968 4722; x_wconf 78' lang='lat' dir='ltr'><strong>Prudentio</strong></span> <span class='ocrx_word' id='word_1_686' title='bbox 1995 4684 2174 4723; x_wconf 83' lang='lat' dir='ltr'><strong>veram</strong></span> 
     </span>
    </p>
   </div>
   <div class='ocr_carea' id='block_1_96' title="bbox 552 4739 2173 4811">
    <p class='ocr_par' dir='ltr' id='par_1_96' title="bbox 552 4739 2173 4811">
     <span class='ocr_line' id='line_1_97' title="bbox 552 4739 2173 4811; baseline -0.001 -18"><span class='ocrx_word' id='word_1_687' title='bbox 552 4784 555 4787; x_wconf 95' lang='lat'><strong>.</strong></span> <span class='ocrx_word' id='word_1_688' title='bbox 599 4741 880 4796; x_wconf 77' lang='lat' dir='ltr'><strong>lectionem</strong></span> <span class='ocrx_word' id='word_1_689' title='bbox 911 4742 1245 4811; x_wconf 83' lang='lat' dir='ltr'><strong>corruperint</strong></span> <span class='ocrx_word' id='word_1_690' title='bbox 1271 4741 1432 4807; x_wconf 79' lang='lat' dir='ltr'><strong>inepti</strong></span> <span class='ocrx_word' id='word_1_691' title='bbox 1462 4752 1819 4811; x_wconf 80' lang='lat' dir='ltr'><strong>correctores,</strong></span> <span class='ocrx_word' id='word_1_692' title='bbox 1867 4739 1954 4804; x_wconf 87' lang='lat' dir='ltr'><strong>qui</strong></span> <span class='ocrx_word' id='word_1_693' title='bbox 2001 4740 2173 4806; x_wconf 87' lang='lat' dir='ltr'><strong>sylla-</strong></span> 
     </span>
    </p>
   </div>
   <div class='ocr_carea' id='block_1_97' title="bbox 599 4809 2180 4876">
    <p class='ocr_par' dir='ltr' id='par_1_97' title="bbox 599 4809 2180 4876">
     <span class='ocr_line' id='line_1_98' title="bbox 599 4809 2180 4876; baseline -0.001 -12"><span class='ocrx_word' id='word_1_694' title='bbox 599 4811 719 4865; x_wconf 74' lang='lat' dir='ltr'><strong>bam</strong></span> <span class='ocrx_word' id='word_1_695' title='bbox 758 4815 968 4866; x_wconf 69' lang='lat' dir='ltr'><strong>brevem</strong></span> <span class='ocrx_word' id='word_1_696' title='bbox 1014 4809 1220 4865; x_wconf 81' lang='lat' dir='ltr'><strong>ratione</strong></span> <span class='ocrx_word' id='word_1_697' title='bbox 1250 4809 1581 4866; x_wconf 69' lang='grc' dir='ltr'>είιιευιω,ειιι</span> <span class='ocrx_word' id='word_1_698' title='bbox 1614 4823 1680 4863; x_wconf 86' lang='lat' dir='ltr'><strong>eo</strong></span> <span class='ocrx_word' id='word_1_699' title='bbox 1724 4809 2031 4876; x_wconf 79' lang='lat' dir='ltr'><strong>frequenter</strong></span> <span class='ocrx_word' id='word_1_700' title='bbox 2062 4825 2180 4876; x_wconf 85' lang='lat' dir='ltr'><strong>pro-</strong></span> 
     </span>
    </p>
   </div>
   <div class='ocr_carea' id='block_1_98' title="bbox 599 4883 1084 4950">
    <p class='ocr_par' dir='ltr' id='par_1_98' title="bbox 599 4883 1084 4950">
     <span class='ocr_line' id='line_1_99' title="bbox 599 4883 1084 4950; baseline 0.01 -18"><span class='ocrx_word' id='word_1_701' title='bbox 599 4886 719 4935; x_wconf 89' lang='lat' dir='ltr'><strong>duci</strong></span> <span class='ocrx_word' id='word_1_702' title='bbox 750 4883 1084 4950; x_wconf 78' lang='lat' dir='ltr'><strong>ignorabant.</strong></span> 
     </span>
    </p>
   </div>
   <div class='ocr_carea' id='block_1_99' title="bbox 670 4946 2180 5020">
    <p class='ocr_par' dir='ltr' id='par_1_99' title="bbox 670 4946 2180 5020">
     <span class='ocr_line' id='line_1_100' title="bbox 670 4946 2180 5020; baseline 0 -18"><span class='ocrx_word' id='word_1_703' title='bbox 670 4946 1060 5019; x_wconf 45' lang='lat' dir='ltr'><strong>etifcitanine,</strong></span> <span class='ocrx_word' id='word_1_704' title='bbox 1089 4951 1176 5020; x_wconf 80' lang='lat' dir='ltr'><strong>qui</strong></span> <span class='ocrx_word' id='word_1_705' title='bbox 1206 4951 1367 5005; x_wconf 87' lang='lat' dir='ltr'><strong>verbo</strong></span> <span class='ocrx_word' id='word_1_706' title='bbox 1399 4950 1506 5004; x_wconf 69' lang='lat' dir='ltr'><strong>Fac</strong></span> <span class='ocrx_word' id='word_1_707' title='bbox 1527 4957 1692 5003; x_wconf 88' lang='lat' dir='ltr'><strong>totum</strong></span> <span class='ocrx_word' id='word_1_708' title='bbox 1726 4946 1865 5002; x_wconf 86' lang='lat' dir='ltr'><strong>hunc</strong></span> <span class='ocrx_word' id='word_1_709' title='bbox 1896 4949 2068 5004; x_wconf 91' lang='lat' dir='ltr'><strong>locum</strong></span> <span class='ocrx_word' id='word_1_710' title='bbox 2103 4951 2180 5003; x_wconf 78' lang='lat' dir='ltr'><strong>la-</strong></span> 
     </span>
    </p>
   </div>
   <div class='ocr_carea' id='block_1_100' title="bbox 603 5020 2175 5090">
    <p class='ocr_par' dir='ltr' id='par_1_100' title="bbox 603 5020 2175 5090">
     <span class='ocr_line' id='line_1_101' title="bbox 603 5020 2175 5090; baseline 0.002 -19"><span class='ocrx_word' id='word_1_711' title='bbox 603 5020 756 5074; x_wconf 84' lang='lat' dir='ltr'><strong>liorat</strong></span> <span class='ocrx_word' id='word_1_712' title='bbox 798 5025 1087 5090; x_wconf 80' lang='lat' dir='ltr'><strong>explicare,</strong></span> <span class='ocrx_word' id='word_1_713' title='bbox 1129 5037 1296 5075; x_wconf 87' lang='lat' dir='ltr'><strong>acrem</strong></span> <span class='ocrx_word' id='word_1_714' title='bbox 1337 5036 1528 5074; x_wconf 88' lang='lat' dir='ltr'><strong>sonare</strong></span> <span class='ocrx_word' id='word_1_715' title='bbox 1554 5021 1890 5090; x_wconf 82' lang='lat' dir='ltr'><strong>ingeniosum</strong></span> <span class='ocrx_word' id='word_1_716' title='bbox 1927 5022 2175 5074; x_wconf 88' lang='lat' dir='ltr'><strong>advert.t.</strong></span> 
     </span>
    </p>
   </div>
   <div class='ocr_carea' id='block_1_101' title="bbox 603 5088 2176 5157">
    <p class='ocr_par' dir='ltr' id='par_1_101' title="bbox 603 5088 2176 5157">
     <span class='ocr_line' id='line_1_102' title="bbox 603 5088 2176 5157; baseline 0.001 -15"><span class='ocrx_word' id='word_1_717' title='bbox 603 5091 657 5142; x_wconf 93' lang='lat' dir='ltr'><strong>In</strong></span> <span class='ocrx_word' id='word_1_718' title='bbox 682 5091 799 5144; x_wconf 86' lang='lat' dir='ltr'><strong>Vat.</strong></span> <span class='ocrx_word' id='word_1_719' title='bbox 818 5088 1144 5151; x_wconf 76' lang='lat' dir='ltr'><strong>Amendntn</strong></span> <span class='ocrx_word' id='word_1_720' title='bbox 1175 5102 1251 5146; x_wconf 83' lang='lat' dir='ltr'><strong>est</strong></span> <span class='ocrx_word' id='word_1_721' title='bbox 1291 5107 1406 5144; x_wconf 84' lang='lat' dir='ltr'><strong>acer</strong></span> <span class='ocrx_word' id='word_1_722' title='bbox 1433 5089 1660 5157; x_wconf 77' lang='lat' dir='ltr'><strong>Apelles.</strong></span> <span class='ocrx_word' id='word_1_723' title='bbox 1708 5088 1969 5142; x_wconf 87' lang='lat' dir='ltr'><strong>Iudicatur</strong></span> <span class='ocrx_word' id='word_1_724' title='bbox 1999 5091 2176 5156; x_wconf 88' lang='lat' dir='ltr'><strong>poesis</strong></span> 
     </span>
    </p>
   </div>
   <div class='ocr_carea' id='block_1_102' title="bbox 601 5160 2174 5283">
    <p class='ocr_par' dir='ltr' id='par_1_102' title="bbox 601 5160 2174 5283">
     <span class='ocr_line' id='line_1_103' title="bbox 601 5160 2174 5283; baseline 0.003 -73"><span class='ocrx_word' id='word_1_725' title='bbox 601 5160 653 5283; x_wconf 60' lang='lat' dir='ltr'><strong>iuit</strong></span> <span class='ocrx_word' id='word_1_726' title='bbox 707 5162 958 5228; x_wconf 85' lang='lat' dir='ltr'><strong>lloine’ro,</strong></span> <span class='ocrx_word' id='word_1_727' title='bbox 1011 5165 1217 5232; x_wconf 89' lang='lat' dir='ltr'><strong>pictura</strong></span> <span class='ocrx_word' id='word_1_728' title='bbox 1281 5163 1331 5216; x_wconf 88' lang='lat' dir='ltr'><strong>in</strong></span> <span class='ocrx_word' id='word_1_729' title='bbox 1387 5163 1590 5230; x_wconf 81' lang='lat' dir='ltr'><strong>Apelle,</strong></span> <span class='ocrx_word' id='word_1_730' title='bbox 1646 5172 1700 5214; x_wconf 88' lang='lat' dir='ltr'><strong>et</strong></span> <span class='ocrx_word' id='word_1_731' title='bbox 1754 5160 2066 5228; x_wconf 75' lang='lat' dir='ltr'><strong>supersdiio</strong></span> <span class='ocrx_word' id='word_1_732' title='bbox 2123 5161 2174 5216; x_wconf 86' lang='lat' dir='ltr'><strong>in</strong></span> 
     </span>
     <span class='ocr_line' id='line_1_104' title="bbox 651 5245 836 5283; baseline 0.011 -2"><span class='ocrx_word' id='word_1_733' title='bbox 651 5245 790 5283; x_wconf 86' lang='lat' dir='ltr'><strong>uina.</strong></span> <span class='ocrx_word' id='word_1_734' title='bbox 833 5253 836 5256; x_wconf 47' lang='grc' dir='ltr'>λ</span> 
     </span>
    </p>
   </div>
   <div class='ocr_carea' id='block_1_103' title="bbox 651 5245 836 5284">
    <p class='ocr_par' dir='ltr' id='par_1_103' title="bbox 651 5245 836 5284">
     <span class='ocr_line' id='line_1_105' title="bbox 651 5245 836 5284; baseline 0.016 -3"><span class='ocrx_word' id='word_1_735' title='bbox 651 5245 790 5284; x_wconf 84' lang='lat' dir='ltr'><strong>mna.</strong></span> <span class='ocrx_word' id='word_1_736' title='bbox 833 5253 836 5256; x_wconf 70' lang='grc'>“</span> 
     </span>
    </p>
   </div>
   <div class='ocr_carea' id='block_1_104' title="bbox 673 5298 2173 5368">
    <p class='ocr_par' dir='ltr' id='par_1_104' title="bbox 673 5298 2173 5368">
     <span class='ocr_line' id='line_1_106' title="bbox 673 5298 2173 5368; baseline -0.001 -14"><span class='ocrx_word' id='word_1_737' title='bbox 673 5301 764 5354; x_wconf 71' lang='grc'><strong>47.</strong></span> <span class='ocrx_word' id='word_1_738' title='bbox 805 5299 946 5362; x_wconf 86' lang='lat' dir='ltr'><strong>Alil.,</strong></span> <span class='ocrx_word' id='word_1_739' title='bbox 979 5299 1219 5356; x_wconf 86' lang='lat' dir='ltr'><strong>Gil&#39;anius</strong></span> <span class='ocrx_word' id='word_1_740' title='bbox 1243 5303 1347 5356; x_wconf 84' lang='lat' dir='ltr'><strong>loc.</strong></span> <span class='ocrx_word' id='word_1_741' title='bbox 1375 5302 1492 5363; x_wconf 83' lang='lat' dir='ltr'><strong>eil.,</strong></span> <span class='ocrx_word' id='word_1_742' title='bbox 1518 5301 1738 5368; x_wconf 72' lang='lat' dir='ltr'><strong>Weitz.~,</strong></span> <span class='ocrx_word' id='word_1_743' title='bbox 1764 5298 1962 5354; x_wconf 86' lang='lat' dir='ltr'><strong>Widm.</strong></span> <span class='ocrx_word' id='word_1_744' title='bbox 1994 5313 2173 5368; x_wconf 85' lang='lat' dir='ltr'><strong>supra,</strong></span> 
     </span>
    </p>
   </div>
   <div class='ocr_carea' id='block_1_105' title="bbox 604 5369 2172 5437">
    <p class='ocr_par' dir='ltr' id='par_1_105' title="bbox 604 5369 2172 5437">
     <span class='ocr_line' id='line_1_107' title="bbox 604 5369 2172 5437; baseline 0.001 -14"><span class='ocrx_word' id='word_1_745' title='bbox 604 5369 783 5437; x_wconf 55' lang='grc' dir='ltr'>Μαι,</span> <span class='ocrx_word' id='word_1_746' title='bbox 815 5371 966 5433; x_wconf 61' lang='lat' dir='ltr'><strong>Urb,</strong></span> <span class='ocrx_word' id='word_1_747' title='bbox 994 5371 1104 5423; x_wconf 85' lang='lat' dir='ltr'><strong>Gis.</strong></span> <span class='ocrx_word' id='word_1_748' title='bbox 1135 5373 1198 5424; x_wconf 83' lang='lat' dir='ltr'><strong>ad</strong></span> <span class='ocrx_word' id='word_1_749' title='bbox 1227 5388 1398 5431; x_wconf 87' lang='lat' dir='ltr'><strong>oram,</strong></span> <span class='ocrx_word' id='word_1_750' title='bbox 1421 5372 1656 5436; x_wconf 78' lang='lat' dir='ltr'><strong>&#39;I&#39;linan.,</strong></span> <span class='ocrx_word' id='word_1_751' title='bbox 1685 5371 1876 5425; x_wconf 87' lang='lat' dir='ltr'><strong>Boher.</strong></span> <span class='ocrx_word' id='word_1_752' title='bbox 1895 5378 2172 5436; x_wconf 81' lang='lat' dir='ltr'><strong>vetustior,</strong></span> 
     </span>
    </p>
   </div>
   <div class='ocr_carea' id='block_1_106' title="bbox 602 5440 2171 5510">
    <p class='ocr_par' dir='ltr' id='par_1_106' title="bbox 602 5440 2171 5510">
     <span class='ocr_line' id='line_1_108' title="bbox 602 5440 2171 5510; baseline 0.003 -20"><span class='ocrx_word' id='word_1_753' title='bbox 602 5451 968 5510; x_wconf 80' lang='lat' dir='ltr'><strong>cognatumque</strong></span> <span class='ocrx_word' id='word_1_754' title='bbox 1010 5442 1201 5494; x_wconf 79' lang='lat' dir='ltr'><strong>volunt.</strong></span> <span class='ocrx_word' id='word_1_755' title='bbox 1239 5442 1356 5495; x_wconf 80' lang='lat' dir='ltr'><strong>Vat.</strong></span> <span class='ocrx_word' id='word_1_756' title='bbox 1383 5443 1448 5506; x_wconf 79' lang='grc' dir='ltr'><strong>Α.</strong></span> <span class='ocrx_word' id='word_1_757' title='bbox 1493 5444 1657 5496; x_wconf 81' lang='lat' dir='ltr'><strong>codex</strong></span> <span class='ocrx_word' id='word_1_758' title='bbox 1689 5440 1856 5494; x_wconf 80' lang='lat' dir='ltr'><strong>Jureti</strong></span> <span class='ocrx_word' id='word_1_759' title='bbox 1883 5449 1938 5510; x_wconf 76' lang='lat' dir='ltr'><strong>et</strong></span> <span class='ocrx_word' id='word_1_760' title='bbox 1961 5441 2171 5494; x_wconf 83' lang='lat' dir='ltr'><strong>&#39;l&#39;liuau.</strong></span> 
     </span>
    </p>
   </div>
   <div class='ocr_carea' id='block_1_107' title="bbox 602 5509 2172 5581">
    <p class='ocr_par' dir='ltr' id='par_1_107' title="bbox 602 5509 2172 5581">
     <span class='ocr_line' id='line_1_109' title="bbox 602 5509 2172 5581; baseline 0.002 -21"><span class='ocrx_word' id='word_1_761' title='bbox 602 5525 630 5560; x_wconf 89' lang='lat' dir='ltr'><strong>a</strong></span> <span class='ocrx_word' id='word_1_762' title='bbox 661 5509 892 5581; x_wconf 60' lang='lat' dir='ltr'><strong>Secunda</strong></span> <span class='ocrx_word' id='word_1_763' title='bbox 922 5526 1100 5572; x_wconf 87' lang='lat' dir='ltr'><strong>manu,</strong></span> <span class='ocrx_word' id='word_1_764' title='bbox 1129 5523 1494 5581; x_wconf 76' lang='lat' dir='ltr'><strong>cognatumque</strong></span> <span class='ocrx_word' id='word_1_765' title='bbox 1519 5522 1718 5566; x_wconf 84' lang='lat' dir='ltr'><strong>vocant.</strong></span> <span class='ocrx_word' id='word_1_766' title='bbox 1749 5512 1899 5573; x_wconf 68' lang='lat' dir='ltr'><strong>Man,</strong></span> <span class='ocrx_word' id='word_1_767' title='bbox 1927 5509 2071 5573; x_wconf 79' lang='lat' dir='ltr'><strong>Rat.,</strong></span> <span class='ocrx_word' id='word_1_768' title='bbox 2092 5511 2172 5563; x_wconf 83' lang='lat' dir='ltr'><strong>al-</strong></span> 
     </span>
    </p>
   </div>
   <div class='ocr_carea' id='block_1_108' title="bbox 603 5579 2172 5653">
    <p class='ocr_par' dir='ltr' id='par_1_108' title="bbox 603 5579 2172 5653">
     <span class='ocr_line' id='line_1_110' title="bbox 603 5579 2172 5653; baseline 0 -21"><span class='ocrx_word' id='word_1_769' title='bbox 603 5590 683 5653; x_wconf 85' lang='lat' dir='ltr'><strong>t_er</strong></span> <span class='ocrx_word' id='word_1_770' title='bbox 712 5579 882 5653; x_wconf 68' lang='grc' dir='ltr'>Βυιιη</span> <span class='ocrx_word' id='word_1_771' title='bbox 923 5582 1046 5643; x_wconf 70' lang='grc' dir='ltr'><strong>υχί,</strong></span> <span class='ocrx_word' id='word_1_772' title='bbox 1083 5579 1430 5653; x_wconf 64' lang='lat' dir='ltr'><strong>r..b‘r.,es.,</strong></span> <span class='ocrx_word' id='word_1_773' title='bbox 1476 5585 1664 5653; x_wconf 78' lang='lat' dir='ltr'><strong>llong.,</strong></span> <span class='ocrx_word' id='word_1_774' title='bbox 1703 5582 1927 5644; x_wconf 87' lang='lat' dir='ltr'><strong>Widm.,</strong></span> <span class='ocrx_word' id='word_1_775' title='bbox 1963 5581 2172 5653; x_wconf 90' lang='lat' dir='ltr'><strong>lleins.,</strong></span> 
     </span>
    </p>
   </div>
   <div class='ocr_carea' id='block_1_109' title="bbox 601 5649 2176 5721">
    <p class='ocr_par' dir='ltr' id='par_1_109' title="bbox 601 5649 2176 5721">
     <span class='ocr_line' id='line_1_111' title="bbox 601 5649 2176 5721; baseline -0.001 -17"><span class='ocrx_word' id='word_1_776' title='bbox 601 5649 777 5716; x_wconf 79' lang='lat' dir='ltr'><strong>Teol.,</strong></span> <span class='ocrx_word' id='word_1_777' title='bbox 800 5660 1161 5721; x_wconf 74' lang='lat' dir='ltr'><strong>regnatumque</strong></span> <span class='ocrx_word' id='word_1_778' title='bbox 1181 5651 1368 5702; x_wconf 89' lang='lat' dir='ltr'><strong>malum</strong></span> <span class='ocrx_word' id='word_1_779' title='bbox 1392 5669 1484 5719; x_wconf 90' lang='lat' dir='ltr'><strong>per</strong></span> <span class='ocrx_word' id='word_1_780' title='bbox 1501 5649 1843 5720; x_wconf 71' lang='lat' dir='ltr'><strong>epexegesin,</strong></span> <span class='ocrx_word' id='word_1_781' title='bbox 1866 5663 1921 5706; x_wconf 90' lang='lat' dir='ltr'><strong>ut</strong></span> <span class='ocrx_word' id='word_1_782' title='bbox 1941 5652 2176 5717; x_wconf 83' lang='lat' dir='ltr'><strong>pigmen-</strong></span> 
     </span>
    </p>
   </div>
   <div class='ocr_carea' id='block_1_110' title="bbox 563 5720 2170 5791">
    <p class='ocr_par' dir='ltr' id='par_1_110' title="bbox 563 5720 2170 5791">
     <span class='ocr_line' id='line_1_112' title="bbox 563 5720 2170 5791; baseline -0.001 -17"><span class='ocrx_word' id='word_1_783' title='bbox 563 5785 569 5791; x_wconf 25' lang='lat'><strong><em>.</em></strong></span> <span class='ocrx_word' id='word_1_784' title='bbox 604 5730 676 5787; x_wconf 85' lang='lat' dir='ltr'><strong>ta,</strong></span> <span class='ocrx_word' id='word_1_785' title='bbox 708 5720 984 5786; x_wconf 65' lang='lat' dir='ltr'><strong>canticum,</strong></span> <span class='ocrx_word' id='word_1_786' title='bbox 1032 5723 1166 5774; x_wconf 84' lang='lat' dir='ltr'><strong>idola</strong></span> <span class='ocrx_word' id='word_1_787' title='bbox 1217 5720 1315 5774; x_wconf 88' lang='lat' dir='ltr'><strong>sint</strong></span> <span class='ocrx_word' id='word_1_788' title='bbox 1355 5733 1630 5790; x_wconf 76' lang='lat' dir='ltr'><strong>Cogitatum</strong></span> <span class='ocrx_word' id='word_1_789' title='bbox 1677 5725 1890 5778; x_wconf 87' lang='lat' dir='ltr'><strong>malum.</strong></span> <span class='ocrx_word' id='word_1_790' title='bbox 1932 5723 2030 5774; x_wconf 75' lang='lat' dir='ltr'><strong>l‘io</strong></span> <span class='ocrx_word' id='word_1_791' title='bbox 2063 5723 2170 5788; x_wconf 78' lang='lat' dir='ltr'><strong>pia-</strong></span> 
     </span>
    </p>
   </div>
   <div class='ocr_carea' id='block_1_111' title="bbox 2273 3201 3832 3271">
    <p class='ocr_par' dir='ltr' id='par_1_111' title="bbox 2273 3201 3832 3271">
     <span class='ocr_line' id='line_1_113' title="bbox 2273 3201 3832 3271; baseline -0.004 -14"><span class='ocrx_word' id='word_1_792' title='bbox 2273 3202 2425 3271; x_wconf 88' lang='lat' dir='ltr'><strong>Urb.,</strong></span> <span class='ocrx_word' id='word_1_793' title='bbox 2453 3203 2647 3258; x_wconf 80' lang='lat' dir='ltr'><strong>Giianii</strong></span> <span class='ocrx_word' id='word_1_794' title='bbox 2687 3213 2742 3257; x_wconf 91' lang='lat' dir='ltr'><strong>et</strong></span> <span class='ocrx_word' id='word_1_795' title='bbox 2771 3203 2940 3259; x_wconf 78' lang='lat' dir='ltr'><strong>Jureti</strong></span> <span class='ocrx_word' id='word_1_796' title='bbox 2988 3202 3224 3265; x_wconf 84' lang='lat' dir='ltr'><strong>codices,</strong></span> <span class='ocrx_word' id='word_1_797' title='bbox 3272 3202 3532 3257; x_wconf 81' lang='lat' dir='ltr'><strong>Weitzius</strong></span> <span class='ocrx_word' id='word_1_798' title='bbox 3561 3217 3682 3255; x_wconf 89' lang='lat' dir='ltr'><strong>cum</strong></span> <span class='ocrx_word' id='word_1_799' title='bbox 3713 3201 3832 3254; x_wconf 83' lang='lat' dir='ltr'><strong>suis.</strong></span> 
     </span>
    </p>
   </div>
   <div class='ocr_carea' id='block_1_112' title="bbox 2271 3273 3835 3342">
    <p class='ocr_par' dir='ltr' id='par_1_112' title="bbox 2271 3273 3835 3342">
     <span class='ocr_line' id='line_1_114' title="bbox 2271 3273 3835 3342; baseline -0.002 -16"><span class='ocrx_word' id='word_1_800' title='bbox 2271 3274 2454 3334; x_wconf 82' lang='lat' dir='ltr'><strong>Alex.,</strong></span> <span class='ocrx_word' id='word_1_801' title='bbox 2480 3274 2766 3342; x_wconf 84' lang='lat' dir='ltr'><strong>conﬂurunt</strong></span> <span class='ocrx_word' id='word_1_802' title='bbox 2794 3289 2822 3325; x_wconf 91' lang='lat' dir='ltr'><strong>a</strong></span> <span class='ocrx_word' id='word_1_803' title='bbox 2852 3273 3016 3338; x_wconf 87' lang='lat' dir='ltr'><strong>prima</strong></span> <span class='ocrx_word' id='word_1_804' title='bbox 3054 3287 3236 3338; x_wconf 90' lang='lat' dir='ltr'><strong>manu,</strong></span> <span class='ocrx_word' id='word_1_805' title='bbox 3265 3273 3500 3340; x_wconf 76' lang='lat' dir='ltr'><strong>ron/lauit</strong></span> <span class='ocrx_word' id='word_1_806' title='bbox 3525 3289 3553 3327; x_wconf 83' lang='lat' dir='ltr'><strong>a</strong></span> <span class='ocrx_word' id='word_1_807' title='bbox 3578 3285 3736 3324; x_wconf 85' lang='lat' dir='ltr'><strong>manu</strong></span> <span class='ocrx_word' id='word_1_808' title='bbox 3760 3285 3835 3323; x_wconf 78' lang='lat' dir='ltr'><strong>se-</strong></span> 
     </span>
    </p>
   </div>
   <div class='ocr_carea' id='block_1_113' title="bbox 2269 3342 3836 3410">
    <p class='ocr_par' dir='ltr' id='par_1_113' title="bbox 2269 3342 3836 3410">
     <span class='ocr_line' id='line_1_115' title="bbox 2269 3342 3836 3410; baseline -0.001 -15"><span class='ocrx_word' id='word_1_809' title='bbox 2269 3344 2459 3396; x_wconf 87' lang='lat' dir='ltr'><strong>cunda.</strong></span> <span class='ocrx_word' id='word_1_810' title='bbox 2512 3345 2757 3400; x_wconf 67' lang='lat' dir='ltr'><strong>lleinsius</strong></span> <span class='ocrx_word' id='word_1_811' title='bbox 2804 3343 2987 3410; x_wconf 73' lang='lat' dir='ltr'><strong>ri-jecit</strong></span> <span class='ocrx_word' id='word_1_812' title='bbox 3033 3345 3182 3396; x_wconf 86' lang='lat' dir='ltr'><strong>docta</strong></span> <span class='ocrx_word' id='word_1_813' title='bbox 3213 3353 3452 3408; x_wconf 75' lang='lat' dir='ltr'><strong>potestas,</strong></span> <span class='ocrx_word' id='word_1_814' title='bbox 3483 3342 3624 3410; x_wconf 88' lang='lat' dir='ltr'><strong>quod</strong></span> <span class='ocrx_word' id='word_1_815' title='bbox 3671 3342 3836 3394; x_wconf 54' lang='lat' dir='ltr'><strong>hactec</strong></span> 
     </span>
    </p>
   </div>
   <div class='ocr_carea' id='block_1_114' title="bbox 2271 3410 3834 3481">
    <p class='ocr_par' dir='ltr' id='par_1_114' title="bbox 2271 3410 3834 3481">
     <span class='ocr_line' id='line_1_116' title="bbox 2271 3410 3834 3481; baseline -0.004 -15"><span class='ocrx_word' id='word_1_816' title='bbox 2271 3428 2391 3476; x_wconf 90' lang='lat' dir='ltr'><strong>nus,</strong></span> <span class='ocrx_word' id='word_1_817' title='bbox 2433 3414 2624 3481; x_wconf 88' lang='lat' dir='ltr'><strong>inquit,</strong></span> <span class='ocrx_word' id='word_1_818' title='bbox 2671 3414 3164 3467; x_wconf 76' lang='lat' dir='ltr'><strong>circinmierebatur.</strong></span> <span class='ocrx_word' id='word_1_819' title='bbox 3197 3413 3267 3467; x_wconf 91' lang='lat' dir='ltr'><strong>At</strong></span> <span class='ocrx_word' id='word_1_820' title='bbox 3285 3415 3392 3478; x_wconf 86' lang='lat' dir='ltr'><strong>jam</strong></span> <span class='ocrx_word' id='word_1_821' title='bbox 3424 3422 3545 3464; x_wconf 80' lang='lat' dir='ltr'><strong>ante</strong></span> <span class='ocrx_word' id='word_1_822' title='bbox 3577 3410 3834 3465; x_wconf 80' lang='lat' dir='ltr'><strong>Heinsiuni</strong></span> 
     </span>
    </p>
   </div>
   <div class='ocr_carea' id='block_1_115' title="bbox 2270 3482 3837 3550">
    <p class='ocr_par' dir='ltr' id='par_1_115' title="bbox 2270 3482 3837 3550">
     <span class='ocr_line' id='line_1_117' title="bbox 2270 3482 3837 3550; baseline -0.003 -15"><span class='ocrx_word' id='word_1_823' title='bbox 2270 3485 2404 3536; x_wconf 85' lang='lat' dir='ltr'><strong>trina</strong></span> <span class='ocrx_word' id='word_1_824' title='bbox 2456 3492 2670 3550; x_wconf 73' lang='lat' dir='ltr'><strong>potestas</strong></span> <span class='ocrx_word' id='word_1_825' title='bbox 2699 3483 2978 3537; x_wconf 86' lang='lat' dir='ltr'><strong>ediderant</strong></span> <span class='ocrx_word' id='word_1_826' title='bbox 3027 3482 3196 3537; x_wconf 87' lang='lat' dir='ltr'><strong>Aldus</strong></span> <span class='ocrx_word' id='word_1_827' title='bbox 3239 3493 3292 3536; x_wconf 93' lang='lat' dir='ltr'><strong>ct</strong></span> <span class='ocrx_word' id='word_1_828' title='bbox 3338 3482 3616 3547; x_wconf 80' lang='lat' dir='ltr'><strong>Weitzius,</strong></span> <span class='ocrx_word' id='word_1_829' title='bbox 3680 3495 3837 3550; x_wconf 80' lang='lat' dir='ltr'><strong>neque</strong></span> 
     </span>
    </p>
   </div>
   <div class='ocr_carea' id='block_1_116' title="bbox 2271 3549 3837 3622">
    <p class='ocr_par' dir='ltr' id='par_1_116' title="bbox 2271 3549 3837 3622">
     <span class='ocr_line' id='line_1_118' title="bbox 2271 3549 3837 3622; baseline -0.003 -16"><span class='ocrx_word' id='word_1_830' title='bbox 2271 3553 2722 3608; x_wconf 86' lang='lat' dir='ltr'><strong>contemnendum</strong></span> <span class='ocrx_word' id='word_1_831' title='bbox 2754 3563 2837 3608; x_wconf 86' lang='lat' dir='ltr'><strong>est</strong></span> <span class='ocrx_word' id='word_1_832' title='bbox 2866 3554 3014 3607; x_wconf 77' lang='lat' dir='ltr'><strong>docta</strong></span> <span class='ocrx_word' id='word_1_833' title='bbox 3046 3562 3264 3622; x_wconf 85' lang='lat' dir='ltr'><strong>potestas</strong></span> <span class='ocrx_word' id='word_1_834' title='bbox 3283 3592 3299 3618; x_wconf 94' lang='lat'><strong>,</strong></span> <span class='ocrx_word' id='word_1_835' title='bbox 3341 3552 3479 3620; x_wconf 87' lang='lat' dir='ltr'><strong>quod</strong></span> <span class='ocrx_word' id='word_1_836' title='bbox 3512 3551 3770 3622; x_wconf 60' lang='lat' dir='ltr'><strong>reperitur</strong></span> <span class='ocrx_word' id='word_1_837' title='bbox 3791 3549 3837 3602; x_wconf 90' lang='lat' dir='ltr'><strong>in</strong></span> 
     </span>
    </p>
   </div>
   <div class='ocr_carea' id='block_1_117' title="bbox 2271 3620 3839 3692">
    <p class='ocr_par' dir='ltr' id='par_1_117' title="bbox 2271 3620 3839 3692">
     <span class='ocr_line' id='line_1_119' title="bbox 2271 3620 3839 3692; baseline -0.003 -16"><span class='ocrx_word' id='word_1_838' title='bbox 2271 3622 2422 3687; x_wconf 62' lang='lat' dir='ltr'><strong>Man,</strong></span> <span class='ocrx_word' id='word_1_839' title='bbox 2459 3623 2602 3685; x_wconf 81' lang='lat' dir='ltr'><strong>Rat..</strong></span> <span class='ocrx_word' id='word_1_840' title='bbox 2652 3624 2846 3692; x_wconf 84' lang='lat' dir='ltr'><strong>Bong..</strong></span> <span class='ocrx_word' id='word_1_841' title='bbox 2889 3620 3083 3678; x_wconf 83' lang='lat' dir='ltr'><strong>Gilauii</strong></span> <span class='ocrx_word' id='word_1_842' title='bbox 3109 3623 3316 3686; x_wconf 70' lang='lat' dir='ltr'><strong>codice,</strong></span> <span class='ocrx_word' id='word_1_843' title='bbox 3368 3622 3550 3686; x_wconf 57' lang='lat' dir='ltr'><strong>Fabia,</strong></span> <span class='ocrx_word' id='word_1_844' title='bbox 3580 3620 3694 3676; x_wconf 77' lang='lat' dir='ltr'><strong>Gis.</strong></span> <span class='ocrx_word' id='word_1_845' title='bbox 3726 3620 3839 3692; x_wconf 76' lang='lat' dir='ltr'><strong>Bar-</strong></span> 
     </span>
    </p>
   </div>
   <div class='ocr_carea' id='block_1_118' title="bbox 2273 3691 3838 3763">
    <p class='ocr_par' dir='ltr' id='par_1_118' title="bbox 2273 3691 3838 3763">
     <span class='ocr_line' id='line_1_120' title="bbox 2273 3691 3838 3763; baseline -0.004 -17"><span class='ocrx_word' id='word_1_846' title='bbox 2273 3694 2414 3746; x_wconf 88' lang='lat' dir='ltr'><strong>thius</strong></span> <span class='ocrx_word' id='word_1_847' title='bbox 2443 3707 2654 3763; x_wconf 84' lang='lat' dir='ltr'><strong>quoque</strong></span> <span class='ocrx_word' id='word_1_848' title='bbox 2695 3691 2786 3747; x_wconf 72' lang='lat' dir='ltr'><strong>lib.</strong></span> <span class='ocrx_word' id='word_1_849' title='bbox 2824 3708 2905 3756; x_wconf 87' lang='lat' dir='ltr'><strong>vi,</strong></span> <span class='ocrx_word' id='word_1_850' title='bbox 2946 3708 3065 3760; x_wconf 85' lang='lat' dir='ltr'><strong>cap.</strong></span> <span class='ocrx_word' id='word_1_851' title='bbox 3111 3693 3180 3746; x_wconf 70' lang='lat'><strong>26</strong></span> <span class='ocrx_word' id='word_1_852' title='bbox 3227 3693 3477 3752; x_wconf 85' lang='lat' dir='ltr'><strong>Advers.,</strong></span> <span class='ocrx_word' id='word_1_853' title='bbox 3521 3692 3648 3757; x_wconf 79' lang='lat' dir='ltr'><strong>legit</strong></span> <span class='ocrx_word' id='word_1_854' title='bbox 3701 3691 3838 3742; x_wconf 85' lang='lat' dir='ltr'><strong>docta</strong></span> 
     </span>
    </p>
   </div>
   <div class='ocr_carea' id='block_1_119' title="bbox 2270 3763 3839 3832">
    <p class='ocr_par' dir='ltr' id='par_1_119' title="bbox 2270 3763 3839 3832">
     <span class='ocr_line' id='line_1_121' title="bbox 2270 3763 3839 3832; baseline -0.001 -17"><span class='ocrx_word' id='word_1_855' title='bbox 2270 3771 2516 3831; x_wconf 85' lang='lat' dir='ltr'><strong>potestas,</strong></span> <span class='ocrx_word' id='word_1_856' title='bbox 2561 3771 2616 3817; x_wconf 80' lang='lat' dir='ltr'><strong>et</strong></span> <span class='ocrx_word' id='word_1_857' title='bbox 2649 3763 2700 3817; x_wconf 89' lang='lat' dir='ltr'><strong>id</strong></span> <span class='ocrx_word' id='word_1_858' title='bbox 2743 3763 3080 3818; x_wconf 85' lang='lat' dir='ltr'><strong>relcreiidum</strong></span> <span class='ocrx_word' id='word_1_859' title='bbox 3113 3772 3258 3830; x_wconf 84' lang='lat' dir='ltr'><strong>putat</strong></span> <span class='ocrx_word' id='word_1_860' title='bbox 3283 3763 3348 3816; x_wconf 89' lang='lat' dir='ltr'><strong>ad</strong></span> <span class='ocrx_word' id='word_1_861' title='bbox 3375 3763 3734 3832; x_wconf 76' lang='lat' dir='ltr'><strong>eloquentiam</strong></span> <span class='ocrx_word' id='word_1_862' title='bbox 3755 3775 3839 3813; x_wconf 78' lang='lat' dir='ltr'><strong>eo-</strong></span> 
     </span>
    </p>
   </div>
   <div class='ocr_carea' id='block_1_120' title="bbox 2272 3831 3840 3972">
    <p class='ocr_par' dir='ltr' id='par_1_120' title="bbox 2272 3831 3840 3972">
     <span class='ocr_line' id='line_1_122' title="bbox 2272 3831 3836 3902; baseline -0.004 -15"><span class='ocrx_word' id='word_1_863' title='bbox 2272 3847 2390 3887; x_wconf 90' lang='lat' dir='ltr'><strong>rum</strong></span> <span class='ocrx_word' id='word_1_864' title='bbox 2433 3834 2521 3902; x_wconf 92' lang='lat' dir='ltr'><strong>qui</strong></span> <span class='ocrx_word' id='word_1_865' title='bbox 2569 3833 2709 3892; x_wconf 83' lang='lat' dir='ltr'><strong>idola</strong></span> <span class='ocrx_word' id='word_1_866' title='bbox 2756 3836 3070 3887; x_wconf 72' lang='lat' dir='ltr'><strong>invaserunt</strong></span> <span class='ocrx_word' id='word_1_867' title='bbox 3113 3833 3243 3885; x_wconf 83' lang='lat' dir='ltr'><strong>:ubi</strong></span> <span class='ocrx_word' id='word_1_868' title='bbox 3301 3841 3470 3894; x_wconf 85' lang='lat' dir='ltr'><strong>notat,</strong></span> <span class='ocrx_word' id='word_1_869' title='bbox 3505 3831 3836 3885; x_wconf 81' lang='lat' dir='ltr'><strong>Prudentium</strong></span> 
     </span>
     <span class='ocr_line' id='line_1_123' title="bbox 2272 3900 3840 3972; baseline -0.003 -16"><span class='ocrx_word' id='word_1_870' title='bbox 2272 3903 2462 3958; x_wconf 86' lang='lat' dir='ltr'><strong>eadem</strong></span> <span class='ocrx_word' id='word_1_871' title='bbox 2492 3905 2654 3960; x_wconf 83' lang='lat' dir='ltr'><strong>verbo</strong></span> <span class='ocrx_word' id='word_1_872' title='bbox 2685 3917 2836 3962; x_wconf 87' lang='lat' dir='ltr'><strong>usum</strong></span> <span class='ocrx_word' id='word_1_873' title='bbox 2867 3903 3008 3969; x_wconf 84' lang='lat' dir='ltr'><strong>quod</strong></span> <span class='ocrx_word' id='word_1_874' title='bbox 3060 3901 3123 3972; x_wconf 74' lang='lat' dir='ltr'><strong>in</strong></span> <span class='ocrx_word' id='word_1_875' title='bbox 3159 3903 3410 3958; x_wconf 87' lang='lat' dir='ltr'><strong>Varronis</strong></span> <span class='ocrx_word' id='word_1_876' title='bbox 3459 3914 3641 3972; x_wconf 84' lang='lat' dir='ltr'><strong>satyra</strong></span> <span class='ocrx_word' id='word_1_877' title='bbox 3688 3900 3840 3972; x_wconf 49' lang='lat' dir='ltr'><strong>{Veste</strong></span> 
     </span>
    </p>
   </div>
   <div class='ocr_carea' id='block_1_121' title="bbox 2272 3970 3842 4043">
    <p class='ocr_par' dir='ltr' id='par_1_121' title="bbox 2272 3970 3842 4043">
     <span class='ocr_line' id='line_1_124' title="bbox 2272 3970 3842 4043; baseline -0.001 -20"><span class='ocrx_word' id='word_1_878' title='bbox 2272 3973 2490 4043; x_wconf 88' lang='lat' dir='ltr'><strong>teipsum</strong></span> <span class='ocrx_word' id='word_1_879' title='bbox 2518 3973 2724 4043; x_wconf 80' lang='lat' dir='ltr'><strong>Nonius</strong></span> <span class='ocrx_word' id='word_1_880' title='bbox 2747 3975 3021 4039; x_wconf 71' lang='lat' dir='ltr'><strong>explanat.</strong></span> <span class='ocrx_word' id='word_1_881' title='bbox 3074 3971 3223 4043; x_wconf 81' lang='lat' dir='ltr'><strong>Nihil</strong></span> <span class='ocrx_word' id='word_1_882' title='bbox 3268 3984 3385 4026; x_wconf 77' lang='lat' dir='ltr'><strong>sunt</strong></span> <span class='ocrx_word' id='word_1_883' title='bbox 3439 3970 3638 4043; x_wconf 40' lang='lat' dir='ltr'><strong>nius—.23</strong></span> <span class='ocrx_word' id='word_1_884' title='bbox 3684 3970 3842 4043; x_wconf 52' lang='lat' dir='ltr'><strong>Pessis</strong></span> 
     </span>
    </p>
   </div>
   <div class='ocr_carea' id='block_1_122' title="bbox 2272 4035 3838 4112">
    <p class='ocr_par' dir='ltr' id='par_1_122' title="bbox 2272 4035 3838 4112">
     <span class='ocr_line' id='line_1_125' title="bbox 2272 4035 3838 4112; baseline -0.003 -17"><span class='ocrx_word' id='word_1_885' title='bbox 2272 4035 2438 4112; x_wconf 63' lang='lat' dir='ltr'><strong>iteitra</strong></span> <span class='ocrx_word' id='word_1_886' title='bbox 2463 4059 2592 4112; x_wconf 86' lang='lat' dir='ltr'><strong>quas</strong></span> <span class='ocrx_word' id='word_1_887' title='bbox 2629 4035 2838 4109; x_wconf 59' lang='lat' dir='ltr'><strong>arti/iri</strong></span> <span class='ocrx_word' id='word_1_888' title='bbox 2861 4043 3029 4096; x_wconf 76' lang='lat' dir='ltr'><strong>duxit.</strong></span> <span class='ocrx_word' id='word_1_889' title='bbox 3077 4042 3168 4096; x_wconf 86' lang='lat' dir='ltr'><strong>Sic</strong></span> <span class='ocrx_word' id='word_1_890' title='bbox 3193 4042 3335 4096; x_wconf 89' lang='lat' dir='ltr'><strong>enim</strong></span> <span class='ocrx_word' id='word_1_891' title='bbox 3377 4043 3506 4109; x_wconf 69' lang='lat' dir='ltr'><strong>legit</strong></span> <span class='ocrx_word' id='word_1_892' title='bbox 3532 4041 3692 4096; x_wconf 82' lang='lat' dir='ltr'><strong>verba</strong></span> <span class='ocrx_word' id='word_1_893' title='bbox 3717 4035 3794 4093; x_wconf 81' lang='lat' dir='ltr'><strong>i&#39;la</strong></span> <span class='ocrx_word' id='word_1_894' title='bbox 3826 4057 3838 4091; x_wconf 93' lang='lat'>:</span> 
     </span>
    </p>
   </div>
   <div class='ocr_carea' id='block_1_123' title="bbox 2279 4109 3841 4182">
    <p class='ocr_par' dir='ltr' id='par_1_123' title="bbox 2279 4109 3841 4182">
     <span class='ocr_line' id='line_1_126' title="bbox 2279 4109 3841 4182; baseline -0.002 -18"><span class='ocrx_word' id='word_1_895' title='bbox 2279 4109 2426 4182; x_wconf 70' lang='lat' dir='ltr'><strong>tViliil</strong></span> <span class='ocrx_word' id='word_1_896' title='bbox 2449 4109 2567 4168; x_wconf 78' lang='lat' dir='ltr'><strong>sunt</strong></span> <span class='ocrx_word' id='word_1_897' title='bbox 2593 4129 2748 4167; x_wconf 74' lang='lat' dir='ltr'><strong>nume</strong></span> <span class='ocrx_word' id='word_1_898' title='bbox 2771 4114 2948 4179; x_wconf 81' lang='lat' dir='ltr'><strong>potiris</strong></span> <span class='ocrx_word' id='word_1_899' title='bbox 2972 4122 3146 4166; x_wconf 71' lang='lat' dir='ltr'><strong>uestra:</strong></span> <span class='ocrx_word' id='word_1_900' title='bbox 3167 4129 3293 4182; x_wconf 74' lang='lat' dir='ltr'><strong>quas</strong></span> <span class='ocrx_word' id='word_1_901' title='bbox 3319 4113 3506 4180; x_wconf 66' lang='lat' dir='ltr'><strong>auriﬁce</strong></span> <span class='ocrx_word' id='word_1_902' title='bbox 3528 4112 3696 4172; x_wconf 66' lang='lat' dir='ltr'><strong>duxti,</strong></span> <span class='ocrx_word' id='word_1_903' title='bbox 3733 4124 3841 4178; x_wconf 78' lang='lat' dir='ltr'><strong>qua:</strong></span> 
     </span>
    </p>
   </div>
   <div class='ocr_carea' id='block_1_124' title="bbox 2274 4179 3840 4252">
    <p class='ocr_par' dir='ltr' id='par_1_124' title="bbox 2274 4179 3840 4252">
     <span class='ocr_line' id='line_1_127' title="bbox 2274 4179 3840 4252; baseline -0.003 -18"><span class='ocrx_word' id='word_1_904' title='bbox 2274 4179 2439 4252; x_wconf 82' lang='lat' dir='ltr'><strong>Janus</strong></span> <span class='ocrx_word' id='word_1_905' title='bbox 2486 4182 2794 4250; x_wconf 77' lang='lat' dir='ltr'><strong>Rutgersius</strong></span> <span class='ocrx_word' id='word_1_906' title='bbox 2840 4183 3032 4247; x_wconf 84' lang='lat' dir='ltr'><strong>aliter,</strong></span> <span class='ocrx_word' id='word_1_907' title='bbox 3080 4179 3234 4237; x_wconf 85' lang='lat' dir='ltr'><strong>aliter</strong></span> <span class='ocrx_word' id='word_1_908' title='bbox 3277 4179 3486 4252; x_wconf 77' lang='lat' dir='ltr'><strong>Lipsius</strong></span> <span class='ocrx_word' id='word_1_909' title='bbox 3530 4182 3840 4252; x_wconf 80' lang='lat' dir='ltr'><strong>emaculant.</strong></span> 
     </span>
    </p>
   </div>
   <div class='ocr_carea' id='block_1_125' title="bbox 2273 4251 3840 4320">
    <p class='ocr_par' dir='ltr' id='par_1_125' title="bbox 2273 4251 3840 4320">
     <span class='ocr_line' id='line_1_128' title="bbox 2273 4251 3840 4320; baseline -0.004 -13"><span class='ocrx_word' id='word_1_910' title='bbox 2273 4251 2477 4307; x_wconf 78' lang='lat' dir='ltr'><strong>Sensus</strong></span> <span class='ocrx_word' id='word_1_911' title='bbox 2517 4261 2643 4306; x_wconf 89' lang='lat' dir='ltr'><strong>tunc</strong></span> <span class='ocrx_word' id='word_1_912' title='bbox 2673 4253 2798 4314; x_wconf 87' lang='lat' dir='ltr'><strong>erit,</strong></span> <span class='ocrx_word' id='word_1_913' title='bbox 2839 4252 3135 4320; x_wconf 74' lang='lat' dir='ltr'><strong>cognatum</strong></span> <span class='ocrx_word' id='word_1_914' title='bbox 3169 4251 3368 4307; x_wconf 81' lang='lat' dir='ltr'><strong>malum</strong></span> <span class='ocrx_word' id='word_1_915' title='bbox 3397 4252 3646 4307; x_wconf 78' lang='lat' dir='ltr'><strong>conﬂavit</strong></span> <span class='ocrx_word' id='word_1_916' title='bbox 3683 4251 3840 4311; x_wconf 76' lang='lat' dir='ltr'><strong>idola;</strong></span> 
     </span>
    </p>
   </div>
   <div class='ocr_carea' id='block_1_126' title="bbox 2278 4322 3838 4391">
    <p class='ocr_par' dir='ltr' id='par_1_126' title="bbox 2278 4322 3838 4391">
     <span class='ocr_line' id='line_1_129' title="bbox 2278 4322 3838 4391; baseline -0.001 -17"><span class='ocrx_word' id='word_1_917' title='bbox 2278 4322 2379 4376; x_wconf 90' lang='lat' dir='ltr'><strong>hoc</strong></span> <span class='ocrx_word' id='word_1_918' title='bbox 2403 4333 2582 4377; x_wconf 86' lang='lat' dir='ltr'><strong>autem</strong></span> <span class='ocrx_word' id='word_1_919' title='bbox 2611 4332 2890 4387; x_wconf 80' lang='lat' dir='ltr'><strong>cognatum</strong></span> <span class='ocrx_word' id='word_1_920' title='bbox 2918 4323 3119 4376; x_wconf 81' lang='lat' dir='ltr'><strong>malum</strong></span> <span class='ocrx_word' id='word_1_921' title='bbox 3147 4332 3270 4375; x_wconf 90' lang='lat' dir='ltr'><strong>sunt</strong></span> <span class='ocrx_word' id='word_1_922' title='bbox 3301 4325 3568 4387; x_wconf 80' lang='lat' dir='ltr'><strong>pigmenta</strong></span> <span class='ocrx_word' id='word_1_923' title='bbox 3597 4322 3838 4391; x_wconf 78' lang='lat' dir='ltr'><strong>(pictura.</strong></span> 
     </span>
    </p>
   </div>
   <div class='ocr_carea' id='block_1_127' title="bbox 2275 4383 3942 4462">
    <p class='ocr_par' dir='ltr' id='par_1_127' title="bbox 2275 4383 3942 4462">
     <span class='ocr_line' id='line_1_130' title="bbox 2275 4383 3942 4462; baseline -0.004 -17"><span class='ocrx_word' id='word_1_924' title='bbox 2275 4393 2538 4460; x_wconf 85' lang='lat' dir='ltr'><strong>Apelles),</strong></span> <span class='ocrx_word' id='word_1_925' title='bbox 2567 4383 2824 4447; x_wconf 61' lang='lat' dir='ltr'><strong>cantilenae</strong></span> <span class='ocrx_word' id='word_1_926' title='bbox 2855 4395 3064 4460; x_wconf 66' lang='lat' dir='ltr'><strong>(musas.</strong></span> <span class='ocrx_word' id='word_1_927' title='bbox 3100 4383 3408 4462; x_wconf 75' lang='lat' dir='ltr'><strong>Homerus),</strong></span> <span class='ocrx_word' id='word_1_928' title='bbox 3454 4383 3672 4445; x_wconf 72' lang='lat' dir='ltr'><strong>fallendi</strong></span> <span class='ocrx_word' id='word_1_929' title='bbox 3698 4390 3839 4443; x_wconf 81' lang='lat' dir='ltr'><strong>docta</strong></span> <span class='ocrx_word' id='word_1_930' title='bbox 3937 4383 3942 4388; x_wconf 74' lang='grc'><em>’</em></span> 
     </span>
    </p>
   </div>
   <div class='ocr_carea' id='block_1_128' title="bbox 2277 4461 3842 4532">
    <p class='ocr_par' dir='ltr' id='par_1_128' title="bbox 2277 4461 3842 4532">
     <span class='ocr_line' id='line_1_131' title="bbox 2277 4461 3842 4532; baseline -0.004 -17"><span class='ocrx_word' id='word_1_931' title='bbox 2277 4472 2512 4530; x_wconf 85' lang='lat' dir='ltr'><strong>potestas</strong></span> <span class='ocrx_word' id='word_1_932' title='bbox 2542 4462 2895 4532; x_wconf 86' lang='lat' dir='ltr'><strong>(superstitio,</strong></span> <span class='ocrx_word' id='word_1_933' title='bbox 2939 4462 3149 4531; x_wconf 81' lang='lat' dir='ltr'><strong>Numa).</strong></span> <span class='ocrx_word' id='word_1_934' title='bbox 3191 4461 3377 4516; x_wconf 80' lang='lat' dir='ltr'><strong>Melius</strong></span> <span class='ocrx_word' id='word_1_935' title='bbox 3404 4475 3578 4532; x_wconf 78' lang='lat' dir='ltr'><strong>tanien</strong></span> <span class='ocrx_word' id='word_1_936' title='bbox 3607 4472 3690 4515; x_wconf 74' lang='lat' dir='ltr'><strong>est</strong></span> <span class='ocrx_word' id='word_1_937' title='bbox 3719 4463 3842 4512; x_wconf 78' lang='lat' dir='ltr'><strong>tritis</strong></span> 
     </span>
    </p>
   </div>
   <div class='ocr_carea' id='block_1_129' title="bbox 2281 4531 3843 4601">
    <p class='ocr_par' dir='ltr' id='par_1_129' title="bbox 2281 4531 3843 4601">
     <span class='ocr_line' id='line_1_132' title="bbox 2281 4531 3843 4601; baseline 0 -19"><span class='ocrx_word' id='word_1_938' title='bbox 2281 4541 2520 4598; x_wconf 81' lang='lat' dir='ltr'><strong>potestas,</strong></span> <span class='ocrx_word' id='word_1_939' title='bbox 2555 4531 2640 4586; x_wconf 88' lang='lat' dir='ltr'><strong>ut</strong></span> <span class='ocrx_word' id='word_1_940' title='bbox 2668 4534 2888 4595; x_wconf 85' lang='lat' dir='ltr'><strong>pictura,</strong></span> <span class='ocrx_word' id='word_1_941' title='bbox 2941 4533 3120 4600; x_wconf 87' lang='lat' dir='ltr'><strong>poesis</strong></span> <span class='ocrx_word' id='word_1_942' title='bbox 3167 4542 3222 4586; x_wconf 85' lang='lat' dir='ltr'><strong>et</strong></span> <span class='ocrx_word' id='word_1_943' title='bbox 3251 4531 3565 4601; x_wconf 88' lang='lat' dir='ltr'><strong>superstitio</strong></span> <span class='ocrx_word' id='word_1_944' title='bbox 3609 4545 3843 4596; x_wconf 82' lang='lat' dir='ltr'><strong>compre-</strong></span> 
     </span>
    </p>
   </div>
   <div class='ocr_carea' id='block_1_130' title="bbox 2280 4601 3842 4669">
    <p class='ocr_par' dir='ltr' id='par_1_130' title="bbox 2280 4601 3842 4669">
     <span class='ocr_line' id='line_1_133' title="bbox 2280 4601 3842 4669; baseline -0.003 -15"><span class='ocrx_word' id='word_1_945' title='bbox 2280 4601 2598 4656; x_wconf 88' lang='lat' dir='ltr'><strong>hendantur.</strong></span> <span class='ocrx_word' id='word_1_946' title='bbox 2635 4602 2822 4656; x_wconf 84' lang='lat' dir='ltr'><strong>Poesin</strong></span> <span class='ocrx_word' id='word_1_947' title='bbox 2863 4611 3040 4656; x_wconf 85' lang='lat' dir='ltr'><strong>autem</strong></span> <span class='ocrx_word' id='word_1_948' title='bbox 3067 4617 3197 4655; x_wconf 83' lang='lat' dir='ltr'><strong>cum</strong></span> <span class='ocrx_word' id='word_1_949' title='bbox 3233 4603 3433 4667; x_wconf 80' lang='lat' dir='ltr'><strong>pictura</strong></span> <span class='ocrx_word' id='word_1_950' title='bbox 3461 4601 3744 4669; x_wconf 78' lang='lat' dir='ltr'><strong>quamdam</strong></span> <span class='ocrx_word' id='word_1_951' title='bbox 3772 4601 3842 4652; x_wconf 86' lang='lat' dir='ltr'><strong>in-</strong></span> 
     </span>
    </p>
   </div>
   <div class='ocr_carea' id='block_1_131' title="bbox 2280 4671 3842 4740">
    <p class='ocr_par' dir='ltr' id='par_1_131' title="bbox 2280 4671 3842 4740">
     <span class='ocr_line' id='line_1_134' title="bbox 2280 4671 3842 4740; baseline -0.001 -18"><span class='ocrx_word' id='word_1_952' title='bbox 2280 4681 2359 4726; x_wconf 89' lang='lat' dir='ltr'><strong>ter</strong></span> <span class='ocrx_word' id='word_1_953' title='bbox 2385 4686 2444 4725; x_wconf 90' lang='lat' dir='ltr'><strong>se</strong></span> <span class='ocrx_word' id='word_1_954' title='bbox 2469 4672 2838 4740; x_wconf 86' lang='lat' dir='ltr'><strong>cognationem</strong></span> <span class='ocrx_word' id='word_1_955' title='bbox 2867 4682 2921 4725; x_wconf 91' lang='lat' dir='ltr'><strong>et</strong></span> <span class='ocrx_word' id='word_1_956' title='bbox 2955 4672 3368 4725; x_wconf 76' lang='lat' dir='ltr'><strong>similitudinem</strong></span> <span class='ocrx_word' id='word_1_957' title='bbox 3391 4671 3743 4726; x_wconf 77' lang='lat' dir='ltr'><strong>habere-nihil</strong></span> <span class='ocrx_word' id='word_1_958' title='bbox 3773 4678 3842 4723; x_wconf 85' lang='lat' dir='ltr'><strong>est</strong></span> 
     </span>
    </p>
   </div>
   <div class='ocr_carea' id='block_1_132' title="bbox 2278 4741 3843 4809">
    <p class='ocr_par' dir='ltr' id='par_1_132' title="bbox 2278 4741 3843 4809">
     <span class='ocr_line' id='line_1_135' title="bbox 2278 4741 3843 4809; baseline -0.003 -14"><span class='ocrx_word' id='word_1_959' title='bbox 2278 4756 2376 4795; x_wconf 90' lang='lat' dir='ltr'><strong>cur</strong></span> <span class='ocrx_word' id='word_1_960' title='bbox 2415 4743 2722 4808; x_wconf 84' lang='lat' dir='ltr'><strong>probemus.</strong></span> <span class='ocrx_word' id='word_1_961' title='bbox 2769 4757 2890 4795; x_wconf 90' lang='lat' dir='ltr'><strong>cum</strong></span> <span class='ocrx_word' id='word_1_962' title='bbox 2933 4742 3064 4795; x_wconf 88' lang='lat' dir='ltr'><strong>satis</strong></span> <span class='ocrx_word' id='word_1_963' title='bbox 3094 4751 3288 4809; x_wconf 80' lang='lat' dir='ltr'><strong>pateat.</strong></span> <span class='ocrx_word' id='word_1_964' title='bbox 3333 4741 3443 4796; x_wconf 79' lang='lat' dir='ltr'><strong>Hoc</strong></span> <span class='ocrx_word' id='word_1_965' title='bbox 3475 4743 3745 4808; x_wconf 82' lang='lat' dir='ltr'><strong>proprium</strong></span> <span class='ocrx_word' id='word_1_966' title='bbox 3771 4747 3843 4792; x_wconf 79' lang='lat' dir='ltr'><strong>est</strong></span> 
     </span>
    </p>
   </div>
   <div class='ocr_carea' id='block_1_133' title="bbox 2282 4811 3843 4881">
    <p class='ocr_par' dir='ltr' id='par_1_133' title="bbox 2282 4811 3843 4881">
     <span class='ocr_line' id='line_1_136' title="bbox 2282 4811 3843 4881; baseline -0.003 -16"><span class='ocrx_word' id='word_1_967' title='bbox 2282 4811 2575 4881; x_wconf 75' lang='lat' dir='ltr'><strong>Prudentii,</strong></span> <span class='ocrx_word' id='word_1_968' title='bbox 2625 4811 2763 4879; x_wconf 86' lang='lat' dir='ltr'><strong>quod</strong></span> <span class='ocrx_word' id='word_1_969' title='bbox 2793 4813 3225 4881; x_wconf 71' lang='lat' dir='ltr'><strong>superstitionem</strong></span> <span class='ocrx_word' id='word_1_970' title='bbox 3259 4814 3341 4865; x_wconf 90' lang='lat' dir='ltr'><strong>his</strong></span> <span class='ocrx_word' id='word_1_971' title='bbox 3389 4813 3624 4880; x_wconf 63' lang='lat' dir='ltr'><strong>litigandi</strong></span> <span class='ocrx_word' id='word_1_972' title='bbox 3655 4811 3843 4881; x_wconf 84' lang='lat' dir='ltr'><strong>artibus</strong></span> 
     </span>
    </p>
   </div>
   <div class='ocr_carea' id='block_1_134' title="bbox 2280 4880 3844 4950">
    <p class='ocr_par' dir='ltr' id='par_1_134' title="bbox 2280 4880 3844 4950">
     <span class='ocr_line' id='line_1_137' title="bbox 2280 4880 3844 4950; baseline -0.003 -17"><span class='ocrx_word' id='word_1_973' title='bbox 2280 4880 2555 4948; x_wconf 82' lang='lat' dir='ltr'><strong>ingeniose</strong></span> <span class='ocrx_word' id='word_1_974' title='bbox 2605 4880 2960 4950; x_wconf 84' lang='lat' dir='ltr'><strong>conjunxerit.</strong></span> <span class='ocrx_word' id='word_1_975' title='bbox 3005 4882 3208 4936; x_wconf 76' lang='lat' dir='ltr'><strong>llcinsii</strong></span> <span class='ocrx_word' id='word_1_976' title='bbox 3257 4883 3546 4948; x_wconf 75' lang='lat' dir='ltr'><strong>explicatio</strong></span> <span class='ocrx_word' id='word_1_977' title='bbox 3586 4892 3671 4936; x_wconf 89' lang='lat' dir='ltr'><strong>est</strong></span> <span class='ocrx_word' id='word_1_978' title='bbox 3718 4880 3844 4948; x_wconf 86' lang='lat' dir='ltr'><strong>quod</strong></span> 
     </span>
    </p>
   </div>
   <div class='ocr_carea' id='block_1_135' title="bbox 2281 4949 3844 5021">
    <p class='ocr_par' dir='ltr' id='par_1_135' title="bbox 2281 4949 3844 5021">
     <span class='ocr_line' id='line_1_138' title="bbox 2281 4949 3844 5021; baseline 0.001 -17"><span class='ocrx_word' id='word_1_979' title='bbox 2281 4953 2415 5005; x_wconf 90' lang='lat' dir='ltr'><strong>trina</strong></span> <span class='ocrx_word' id='word_1_980' title='bbox 2447 4951 2660 5006; x_wconf 80' lang='lat' dir='ltr'><strong>fallendi</strong></span> <span class='ocrx_word' id='word_1_981' title='bbox 2695 4949 2926 5020; x_wconf 85' lang='lat' dir='ltr'><strong>potestas</strong></span> <span class='ocrx_word' id='word_1_982' title='bbox 2956 4953 3206 5006; x_wconf 83' lang='lat' dir='ltr'><strong>conﬂavit</strong></span> <span class='ocrx_word' id='word_1_983' title='bbox 3247 4953 3343 5020; x_wconf 88' lang='lat' dir='ltr'><strong>(ita</strong></span> <span class='ocrx_word' id='word_1_984' title='bbox 3374 4953 3514 5006; x_wconf 89' lang='lat' dir='ltr'><strong>enim</strong></span> <span class='ocrx_word' id='word_1_985' title='bbox 3556 4949 3709 5021; x_wconf 83' lang='lat' dir='ltr'><strong>legit)</strong></span> <span class='ocrx_word' id='word_1_986' title='bbox 3748 4954 3844 5018; x_wconf 79' lang='lat' dir='ltr'><strong>pig-</strong></span> 
     </span>
    </p>
   </div>
   <div class='ocr_carea' id='block_1_136' title="bbox 2285 5021 3845 5092">
    <p class='ocr_par' dir='ltr' id='par_1_136' title="bbox 2285 5021 3845 5092">
     <span class='ocr_line' id='line_1_139' title="bbox 2285 5021 3845 5092; baseline -0.001 -18"><span class='ocrx_word' id='word_1_987' title='bbox 2285 5035 2483 5082; x_wconf 88' lang='lat' dir='ltr'><strong>menta.</strong></span> <span class='ocrx_word' id='word_1_988' title='bbox 2512 5037 2785 5078; x_wconf 71' lang='lat' dir='ltr'><strong>caiutenas</strong></span> <span class='ocrx_word' id='word_1_989' title='bbox 2811 5033 2862 5077; x_wconf 90' lang='lat' dir='ltr'><strong>et</strong></span> <span class='ocrx_word' id='word_1_990' title='bbox 2929 5021 3090 5086; x_wconf 87' lang='lat' dir='ltr'><strong>idola,</strong></span> <span class='ocrx_word' id='word_1_991' title='bbox 3121 5038 3239 5092; x_wconf 74' lang='lat' dir='ltr'><strong>qua:</strong></span> <span class='ocrx_word' id='word_1_992' title='bbox 3264 5031 3388 5076; x_wconf 90' lang='lat' dir='ltr'><strong>sunt</strong></span> <span class='ocrx_word' id='word_1_993' title='bbox 3412 5032 3698 5090; x_wconf 79' lang='lat' dir='ltr'><strong>cognatum</strong></span> <span class='ocrx_word' id='word_1_994' title='bbox 3731 5035 3845 5092; x_wconf 60' lang='lat' dir='ltr'><strong>ina-</strong></span> 
     </span>
    </p>
   </div>
   <div class='ocr_carea' id='block_1_137' title="bbox 2283 5090 3844 5161">
    <p class='ocr_par' dir='ltr' id='par_1_137' title="bbox 2283 5090 3844 5161">
     <span class='ocr_line' id='line_1_140' title="bbox 2283 5090 3844 5161; baseline -0.002 -16"><span class='ocrx_word' id='word_1_995' title='bbox 2283 5092 2413 5146; x_wconf 91' lang='lat' dir='ltr'><strong>lnm.</strong></span> <span class='ocrx_word' id='word_1_996' title='bbox 2447 5093 2633 5146; x_wconf 83' lang='lat' dir='ltr'><strong>Nostra</strong></span> <span class='ocrx_word' id='word_1_997' title='bbox 2667 5094 2832 5161; x_wconf 86' lang='lat' dir='ltr'><strong>magis</strong></span> <span class='ocrx_word' id='word_1_998' title='bbox 2855 5092 2921 5146; x_wconf 87' lang='lat' dir='ltr'><strong>ad</strong></span> <span class='ocrx_word' id='word_1_999' title='bbox 2947 5093 3104 5146; x_wconf 71' lang='lat' dir='ltr'><strong>(odd.</strong></span> <span class='ocrx_word' id='word_1_1000' title='bbox 3135 5090 3266 5146; x_wconf 83' lang='lat' dir='ltr'><strong>mss.</strong></span> <span class='ocrx_word' id='word_1_1001' title='bbox 3292 5102 3344 5146; x_wconf 92' lang='lat' dir='ltr'><strong>et</strong></span> <span class='ocrx_word' id='word_1_1002' title='bbox 3368 5093 3433 5146; x_wconf 89' lang='lat' dir='ltr'><strong>ad</strong></span> <span class='ocrx_word' id='word_1_1003' title='bbox 3467 5103 3701 5146; x_wconf 87' lang='lat' dir='ltr'><strong>utentem</strong></span> <span class='ocrx_word' id='word_1_1004' title='bbox 3731 5090 3844 5161; x_wconf 66' lang='grc' dir='ltr'>Ρινιιτ</span> 
     </span>
    </p>
   </div>
   <div class='ocr_carea' id='block_1_138' title="bbox 2281 5159 3842 5231">
    <p class='ocr_par' dir='ltr' id='par_1_138' title="bbox 2281 5159 3842 5231">
     <span class='ocr_line' id='line_1_141' title="bbox 2281 5159 3842 5231; baseline -0.003 -15"><span class='ocrx_word' id='word_1_1005' title='bbox 2281 5163 2446 5216; x_wconf 86' lang='lat' dir='ltr'><strong>deutii</strong></span> <span class='ocrx_word' id='word_1_1006' title='bbox 2476 5165 2704 5224; x_wconf 84' lang='lat' dir='ltr'><strong>accedit,</strong></span> <span class='ocrx_word' id='word_1_1007' title='bbox 2728 5159 2870 5231; x_wconf 76' lang='lat' dir='ltr'><strong>quod</strong></span> <span class='ocrx_word' id='word_1_1008' title='bbox 2907 5173 3188 5229; x_wconf 80' lang='lat' dir='ltr'><strong>cognatum</strong></span> <span class='ocrx_word' id='word_1_1009' title='bbox 3218 5163 3435 5220; x_wconf 87' lang='lat' dir='ltr'><strong>malum,</strong></span> <span class='ocrx_word' id='word_1_1010' title='bbox 3470 5163 3608 5215; x_wconf 88' lang='lat' dir='ltr'><strong>trina</strong></span> <span class='ocrx_word' id='word_1_1011' title='bbox 3642 5159 3842 5216; x_wconf 75' lang='lat' dir='ltr'><strong>fallendi</strong></span> 
     </span>
    </p>
   </div>
   <div class='ocr_carea' id='block_1_139' title="bbox 2285 5232 3846 5301">
    <p class='ocr_par' dir='ltr' id='par_1_139' title="bbox 2285 5232 3846 5301">
     <span class='ocr_line' id='line_1_142' title="bbox 2285 5232 3846 5301; baseline -0.004 -15"><span class='ocrx_word' id='word_1_1012' title='bbox 2285 5243 2539 5299; x_wconf 87' lang='lat' dir='ltr'><strong>potestas,</strong></span> <span class='ocrx_word' id='word_1_1013' title='bbox 2569 5232 2815 5287; x_wconf 83' lang='lat' dir='ltr'><strong>videlicet</strong></span> <span class='ocrx_word' id='word_1_1014' title='bbox 2852 5233 3138 5301; x_wconf 86' lang='lat' dir='ltr'><strong>pigmenta,</strong></span> <span class='ocrx_word' id='word_1_1015' title='bbox 3171 5247 3450 5296; x_wconf 71' lang='lat' dir='ltr'><strong>cammare,</strong></span> <span class='ocrx_word' id='word_1_1016' title='bbox 3483 5233 3641 5290; x_wconf 83' lang='lat' dir='ltr'><strong>idola,</strong></span> <span class='ocrx_word' id='word_1_1017' title='bbox 3672 5245 3846 5285; x_wconf 80' lang='lat' dir='ltr'><strong>conva-</strong></span> 
     </span>
    </p>
   </div>
   <div class='ocr_carea' id='block_1_140' title="bbox 2283 5303 3845 5371">
    <p class='ocr_par' dir='ltr' id='par_1_140' title="bbox 2283 5303 3845 5371">
     <span class='ocr_line' id='line_1_143' title="bbox 2283 5303 3845 5371; baseline -0.001 -16"><span class='ocrx_word' id='word_1_1018' title='bbox 2283 5303 2396 5366; x_wconf 85' lang='lat' dir='ltr'><strong>luit,</strong></span> <span class='ocrx_word' id='word_1_1019' title='bbox 2441 5304 2540 5356; x_wconf 87' lang='lat' dir='ltr'><strong>hoc</strong></span> <span class='ocrx_word' id='word_1_1020' title='bbox 2566 5313 2648 5357; x_wconf 84' lang='lat' dir='ltr'><strong>est</strong></span> <span class='ocrx_word' id='word_1_1021' title='bbox 2678 5304 2836 5357; x_wconf 85' lang='lat' dir='ltr'><strong>simul</strong></span> <span class='ocrx_word' id='word_1_1022' title='bbox 2882 5304 3065 5365; x_wconf 87' lang='lat' dir='ltr'><strong>valuit,</strong></span> <span class='ocrx_word' id='word_1_1023' title='bbox 3099 5304 3344 5370; x_wconf 72' lang='lat' dir='ltr'><strong>viresque</strong></span> <span class='ocrx_word' id='word_1_1024' title='bbox 3373 5314 3555 5357; x_wconf 83' lang='lat' dir='ltr'><strong>mutua</strong></span> <span class='ocrx_word' id='word_1_1025' title='bbox 3585 5318 3687 5371; x_wconf 87' lang='lat' dir='ltr'><strong>ope</strong></span> <span class='ocrx_word' id='word_1_1026' title='bbox 3714 5315 3845 5354; x_wconf 78' lang='lat' dir='ltr'><strong>acce-</strong></span> 
     </span>
    </p>
   </div>
   <div class='ocr_carea' id='block_1_141' title="bbox 2281 5373 3634 5441">
    <p class='ocr_par' dir='ltr' id='par_1_141' title="bbox 2281 5373 3634 5441">
     <span class='ocr_line' id='line_1_144' title="bbox 2281 5373 3634 5441; baseline -0.001 -17"><span class='ocrx_word' id='word_1_1027' title='bbox 2281 5375 2354 5440; x_wconf 89' lang='lat' dir='ltr'><strong>pit</strong></span> <span class='ocrx_word' id='word_1_1028' title='bbox 2384 5391 2394 5424; x_wconf 92' lang='lat'>:</span> <span class='ocrx_word' id='word_1_1029' title='bbox 2427 5373 2527 5426; x_wconf 87' lang='lat' dir='ltr'><strong>hoc</strong></span> <span class='ocrx_word' id='word_1_1030' title='bbox 2554 5376 2694 5427; x_wconf 88' lang='lat' dir='ltr'><strong>enim</strong></span> <span class='ocrx_word' id='word_1_1031' title='bbox 2721 5383 2916 5441; x_wconf 84' lang='lat' dir='ltr'><strong>pugnat</strong></span> <span class='ocrx_word' id='word_1_1032' title='bbox 2951 5373 3288 5425; x_wconf 82' lang='lat' dir='ltr'><strong>Prudentius.</strong></span> <span class='ocrx_word' id='word_1_1033' title='bbox 3622 5377 3634 5388; x_wconf 75' lang='lat'><strong>‘</strong></span> 
     </span>
    </p>
   </div>
   <div class='ocr_carea' id='block_1_142' title="bbox 2353 5441 3846 5510">
    <p class='ocr_par' dir='ltr' id='par_1_142' title="bbox 2353 5441 3846 5510">
     <span class='ocr_line' id='line_1_145' title="bbox 2353 5441 3846 5510; baseline -0.003 -16"><span class='ocrx_word' id='word_1_1034' title='bbox 2353 5442 2444 5496; x_wconf 72' lang='grc'><strong>49.</strong></span> <span class='ocrx_word' id='word_1_1035' title='bbox 2487 5444 2611 5496; x_wconf 69' lang='lat' dir='ltr'><strong>llaec</strong></span> <span class='ocrx_word' id='word_1_1036' title='bbox 2638 5443 2684 5498; x_wconf 93' lang='lat' dir='ltr'><strong>si</strong></span> <span class='ocrx_word' id='word_1_1037' title='bbox 2739 5452 2933 5510; x_wconf 78' lang='lat' dir='ltr'><strong>negent</strong></span> <span class='ocrx_word' id='word_1_1038' title='bbox 2969 5444 3214 5510; x_wconf 79' lang='lat' dir='ltr'><strong>gentiles,</strong></span> <span class='ocrx_word' id='word_1_1039' title='bbox 3267 5442 3644 5508; x_wconf 80' lang='lat' dir='ltr'><strong>respondeant,</strong></span> <span class='ocrx_word' id='word_1_1040' title='bbox 3693 5441 3846 5505; x_wconf 89' lang='lat' dir='ltr'><strong>inquit</strong></span> 
     </span>
    </p>
   </div>
   <div class='ocr_carea' id='block_1_143' title="bbox 2281 5511 3845 5578">
    <p class='ocr_par' dir='ltr' id='par_1_143' title="bbox 2281 5511 3845 5578">
     <span class='ocr_line' id='line_1_146' title="bbox 2281 5511 3845 5578; baseline -0.002 -15"><span class='ocrx_word' id='word_1_1041' title='bbox 2281 5511 2618 5576; x_wconf 82' lang='lat' dir='ltr'><strong>Prudentius,</strong></span> <span class='ocrx_word' id='word_1_1042' title='bbox 2674 5517 3044 5578; x_wconf 87' lang='lat' dir='ltr'><strong>rationemque</strong></span> <span class='ocrx_word' id='word_1_1043' title='bbox 3067 5513 3291 5565; x_wconf 65' lang='lat' dir='ltr'><strong>reddant</strong></span> <span class='ocrx_word' id='word_1_1044' title='bbox 3327 5528 3424 5565; x_wconf 89' lang='lat' dir='ltr'><strong>cur</strong></span> <span class='ocrx_word' id='word_1_1045' title='bbox 3452 5526 3603 5564; x_wconf 84' lang='lat' dir='ltr'><strong>sacra</strong></span> <span class='ocrx_word' id='word_1_1046' title='bbox 3628 5512 3724 5577; x_wconf 89' lang='lat' dir='ltr'><strong>ipsi</strong></span> <span class='ocrx_word' id='word_1_1047' title='bbox 3761 5525 3845 5562; x_wconf 82' lang='lat' dir='ltr'><strong>su-</strong></span> 
     </span>
    </p>
   </div>
   <div class='ocr_carea' id='block_1_144' title="bbox 2279 5580 3846 5652">
    <p class='ocr_par' dir='ltr' id='par_1_144' title="bbox 2279 5580 3846 5652">
     <span class='ocr_line' id='line_1_147' title="bbox 2279 5580 3846 5652; baseline -0.001 -19"><span class='ocrx_word' id='word_1_1048' title='bbox 2279 5594 2423 5636; x_wconf 89' lang='lat' dir='ltr'><strong>mant</strong></span> <span class='ocrx_word' id='word_1_1049' title='bbox 2470 5599 2533 5636; x_wconf 82' lang='lat' dir='ltr'><strong>ex</strong></span> <span class='ocrx_word' id='word_1_1050' title='bbox 2581 5583 2779 5650; x_wconf 87' lang='lat' dir='ltr'><strong>pictura</strong></span> <span class='ocrx_word' id='word_1_1051' title='bbox 2833 5583 3130 5652; x_wconf 82' lang='lat' dir='ltr'><strong>fabulisque</strong></span> <span class='ocrx_word' id='word_1_1052' title='bbox 3182 5584 3439 5649; x_wconf 79' lang='lat' dir='ltr'><strong>poeticis?</strong></span> <span class='ocrx_word' id='word_1_1053' title='bbox 3473 5580 3846 5652; x_wconf 75' lang='lat' dir='ltr'><strong>Esenipliloco</strong></span> 
     </span>
    </p>
   </div>
   <div class='ocr_carea' id='block_1_145' title="bbox 2277 5650 3842 5733">
    <p class='ocr_par' dir='ltr' id='par_1_145' title="bbox 2277 5650 3842 5733">
     <span class='ocr_line' id='line_1_148' title="bbox 2277 5650 3842 5733; baseline -0.003 -31"><span class='ocrx_word' id='word_1_1054' title='bbox 2277 5667 2373 5733; x_wconf 67' lang='lat' dir='ltr'><strong>cur</strong></span> <span class='ocrx_word' id='word_1_1055' title='bbox 2396 5653 2701 5733; x_wconf 75' lang='lat' dir='ltr'><strong>sacerdotes</strong></span> <span class='ocrx_word' id='word_1_1056' title='bbox 2727 5653 2954 5733; x_wconf 63' lang='lat' dir='ltr'><strong>Cybeles</strong></span> <span class='ocrx_word' id='word_1_1057' title='bbox 2983 5650 3190 5733; x_wconf 75' lang='lat' dir='ltr'><strong>seipsos</strong></span> <span class='ocrx_word' id='word_1_1058' title='bbox 3215 5660 3473 5733; x_wconf 73' lang='lat' dir='ltr'><strong>castraut,</strong></span> <span class='ocrx_word' id='word_1_1059' title='bbox 3508 5650 3605 5704; x_wconf 86' lang='lat' dir='ltr'><strong>nisi</strong></span> <span class='ocrx_word' id='word_1_1060' title='bbox 3640 5652 3763 5733; x_wconf 79' lang='lat' dir='ltr'><strong>quia</strong></span> <span class='ocrx_word' id='word_1_1061' title='bbox 3788 5650 3842 5699; x_wconf 36' lang='lat' dir='ltr'><strong>la.</strong></span> 
     </span>
    </p>
   </div>
   <div class='ocr_carea' id='block_1_146' title="bbox 2279 5722 3844 5793">
    <p class='ocr_par' dir='ltr' id='par_1_146' title="bbox 2279 5722 3844 5793">
     <span class='ocr_line' id='line_1_149' title="bbox 2279 5722 3844 5793; baseline -0.003 -17"><span class='ocrx_word' id='word_1_1062' title='bbox 2279 5722 2406 5776; x_wconf 86' lang='lat' dir='ltr'><strong>bula</strong></span> <span class='ocrx_word' id='word_1_1063' title='bbox 2455 5722 2821 5791; x_wconf 79' lang='lat' dir='ltr'><strong>poeticaAtiin</strong></span> <span class='ocrx_word' id='word_1_1064' title='bbox 2875 5724 3018 5793; x_wconf 84' lang='lat' dir='ltr'><strong>lingit</strong></span> <span class='ocrx_word' id='word_1_1065' title='bbox 3050 5731 3323 5784; x_wconf 77' lang='lat' dir='ltr'><strong>cssrctum</strong></span> <span class='ocrx_word' id='word_1_1066' title='bbox 3400 5722 3512 5777; x_wconf 70' lang='lat' dir='ltr'><strong>sive</strong></span> <span class='ocrx_word' id='word_1_1067' title='bbox 3543 5729 3844 5780; x_wconf 79' lang='lat' dir='ltr'><strong>castratum,</strong></span> 
     </span>
    </p>
   </div>
  </div>
