4038 6288
697 311 786 366 191

793 434 806 454 ‘
865 427 1134 497 Principio
1158 428 1382 494 institui,
1415 429 1686 497 nitidoque
1716 429 1942 497 insignia
1973 429 2172 482 mundo

805 584 822 596 χ
865 516 1186 572 Ornamcnta
1209 519 1352 583 dedi,
1380 520 1722 588 speciosaque
1745 519 1946 573 semina
1971 520 2117 572 tinxi.

697 605 796 659 155
867 607 972 662 Sed
990 619 1162 664 tamen
1179 626 1294 664 esse
1317 611 1529 664 modum
1550 609 1710 672 volui,
1737 612 2013 678 parcisque
2034 610 2254 664 fruenda

863 700 1094 755 Moribus
1122 702 1336 766 indulsi,
1359 713 1613 771 quantum
1639 702 2011 767 moribundus,
2045 711 2099 756 et
2119 717 2259 770 aeger

872 789 1151 857 Corporis,
1186 807 1248 846 ac
1278 795 1398 846 vitae
1427 793 1658 848 volucris
1683 793 1781 847 sibi
1813 801 2056 861 posceret
2073 805 2208 846 usus
2241 810 2254 844 :

873 878 985 931 Non
1015 890 1070 932 ut
1100 891 1286 950 captus
1309 881 1471 936 homo
1492 881 1701 946 studiis,
1725 893 1779 937 et
1801 882 2026 936 inaniter
2043 882 2255 950 ardens,

873 973 1100 1029 Duceret
1145 991 1304 1031 omne
1353 977 1549 1031 bonum
1596 977 1825 1046 positum
1873 977 1928 1029 in
1979 975 2264 1029 dulcedine

1969 1064 2190 1135 [rerum,

877 1155 941 1208 lit
971 1155 1152 1223 specie
1180 1156 1349 1221 tenui,
1376 1171 1508 1224 quas
1535 1169 1752 1209 currere
1781 1163 2018 1221 tempore
2045 1153 2206 1220 iussi,
2257 1153 2265 1161 “

874 1245 1037 1315 776
1065 1245 1239 1313 Atque
1273 1259 1444 1299 sevum
1487 1245 1680 1309 statui,
1713 1243 1812 1297 sub
1858 1259 1967 1312 quo
2009 1256 2265 1311 generosa

1593 1391 1610 1404 ,
1894 1337 2196 1408 [probarem

877 1427 1120 1492 Pectora,
1153 1444 1221 1483 ne
1257 1439 1494 1496 torpens,
1526 1437 1580 1483 et
1607 1443 1710 1482 non
1741 1428 1972 1482 exercita
1998 1428 2194 1492 virtus,

702 1151 800 1207 H0

881 1517 1064 1572 Robur
1093 1529 1401 1573 enervatum
1421 1528 1634 1587 gereret
1658 1520 1775 1573 sine
1801 1519 1958 1572 laude
1988 1518 2284 1587 πωπω-ω.

879 1607 1232 1674 lllecebrosus
1257 1609 1399 1664 enim
1427 1624 1589 1677 sapor
1612 1618 1712 1672 est,
1735 1617 1789 1663 et
1813 1607 2029 1676 pestifer
2056 1608 2268 1674 borum,

707 1699 810 1753 115
880 1699 1008 1764 Qua:
1018 1741 1033 1765 ,
1047 1700 1170 1754 dum
1191 1709 1536 1768 praetereunt,
1552 1701 1686 1753 miro
1699 1698 2052 1753 oblectamine
2065 1709 2274 1754 mentes

1815 310 2090 368 AURELII
2131 313 2492 370 l’llUDEN'I‘ll
2528 315 2846 392 CARMINA.
3817 323 3892 378 l9!

2537 433 2820 502 Implicitas
2846 475 2859 500 ,
2920 434 3226 503 vinctasque
3264 445 3444 492 tenent
3481 455 3492 490 :
3536 440 3784 494 vincenda
3825 461 3893 494 ro-

2749 541 2756 545 ’
3628 531 3838 602 [περίεις.

2546 616 2882 682 Elaqueanda
2911 617 3072 670 animi
3094 620 3409 684 constantia,
3441 635 3507 674 ne
3533 625 3792 677 retinaclis

2546 706 2812 774 Mollibus,
2843 721 2906 760 ac
2935 706 3094 761 lentis
3123 723 3257 762 nexa
3278 749 3292 772 ,
3321 719 3373 763 et
3401 712 3612 779 captiva
3640 727 3892 779 prematur.

2542 795 2868 850 Luctandum
2898 798 3119 850 summis
3143 800 3420 852 conatibus
3450 819 3464 854 :
3501 802 3641 856 inter
3665 807 3839 860 acerba

2371 885 2473 940 150
2545 885 2864 940 Sectandum
2893 885 3104 939 virtutis
3135 887 3234 940 iter
3265 907 3277 940 :
3309 905 3376 941 ne
3400 893 3582 945 suavia
3612 893 3761 948 ﬂuxa

2542 975 2872 1030 Conditionis
2892 986 3054 1037 amet,
3078 977 3296 1030 nimium
3327 993 3425 1034 nec
3443 993 3695 1049 congerat
3713 999 3893 1049 aurum,

2543 1066 2700 1138 777
2755 1066 2864 1120 Nec
2919 1067 3092 1122 varios
3141 1068 3371 1138 lapidum
3437 1072 3629 1142 cupide
3687 1086 3898 1142 spectare

3639 1162 3846 1235 [colores

2548 1248 2843 1302 Ambitiosa
2871 1248 2996 1301 velit
3027 1267 3038 1300 :
3071 1263 3170 1303 nec
3199 1264 3257 1305 se
3283 1253 3624 1320 popularibus
3649 1258 3786 1310 auris

2546 1340 2809 1402 Ostentet,
2856 1337 3185 1408 pulchroque
3213 1339 3390 1394 inﬂata
3420 1352 3676 1398 tumescat
3703 1347 3897 1407 honore.

2373 1425 2477 1482 155
2548 1426 2626 1481 Ne
2654 1427 2829 1482 natale
2856 1428 3049 1488 solum,
3082 1430 3237 1497 patrii
3264 1427 3334 1485 'ne
3357 1432 3540 1500 jugera
3567 1437 3719 1492 ruris.

2551 1516 2778 1580 Tendat,
2800 1525 2855 1572 et
2875 1528 3130 1573 externos
3153 1522 3388 1575 animum
3414 1523 3668 1579 dill'undat
3692 1528 3740 1580 in
3755 1543 3898 1598 agros,

2553 1608 2618 1661 Et
2644 1622 2710 1662 ne
2735 1609 3007 1677 corporeis
3033 1611 3244 1666 addicat
3263 1615 3511 1668 sens‘bus
3529 1631 3704 1682 omne,

2550 1698 2701 1766 Quod
2716 1700 2846 1767 vult,
2865 1702 3110 1772 autquod
3132 1706 3272 1774 agit:
3293 1721 3360 1761 ne
3375 1707 3899 1780 przel'eratutilejut-tn,

2021 1784 2310 1846 GLOSSE
2349 1787 2680 1845 VETERES.

782 1880 893 1934 155.
926 1881 1105 1933 Parcis
1128 1880 1379 1942 moribus,
1415 1879 1824 1948 frugalitatibus,
1849 1879 1890 1933 l.

774 1951 892 2004 157.
931 1949 1188 2009 Volueris.
1224 1965 1338 2018 quae
1362 1950 1462 2002 cito
1485 1951 1689 2018 transit,
1719 1948 1758 2002 Ι.

780 2021 895 2071 158.
927 2019 1062 2083 Νοη,
1091 2037 1186 2073 ηοη
1214 2017 1329 2072 ideo
1357 2019 1634 2083 distribuit,
1667 2017 1770 2073 lso.

776 2089 898 2143 159.
934 2090 1176 2154 Din-cret,
1201 2091 1495 2153 aestimaret,
1523 2089 1562 2142 Ι.

705 2229 721 2279 Ι
775 2159 1553 2280 145..E.tterlvatutn,infirmum.
1569 2187 1636 2198 ο-
1650 2158 1937 2224 Palmstrzr,
1959 2157 2267 2224 certaminis,

725 2239 1009 2280 uctamsms.
1067 2268 1082 2280 .

725 2230 1009 2294 uctantinis,
1045 2230 1082 2283 Ι.

778 2297 895 2351 141.
922 2298 1289 2420 :llecebrosus,
1321 2296 1552 2355 illicitas.
1579 2327 1650 2338 —
1675 2298 1903 2365 llorum,
1931 2297 2270 2353 delectamen-

778 2384 888 2420 “nm.
946 2409 960 2420 .

704 2377 888 2430 torum,
922 2377 960 2423 l.

778 2438 896 2492 ’47.
926 2437 1256 2505 Constantia,
1290 2437 1446 2508 ligata
1473 2454 1506 2492 a
1534 2439 1757 2506 diabolo,
1789 2439 1888 2494 lso.

2301 1885 2348 1944 B
2448 1879 2570 1934 148.
2601 1879 2799 1945 Lentis,
2825 1881 3148 1948 ﬂexibilibus,
3180 1882 3218 1938 Ι.

2445 1950 2569 2005 149.
2601 1952 2825 2006 Acerba.
2857 1953 3124 2019 supplicia,
3163 1953 3200 2005 Ι.

2446 2019 2568 2074 155.
2600 2020 2774 2082 Auris,
2804 2021 3090 2089 favoribus,
3127 2024 3163 2074 I.
3397 2045 3402 2056 -

2611 2091 2852 2174 ostentet
2877 2129 2892 2173 τ
2918 2093 3214 2174 ‘glorietur,
3256 2097 3436 2166 jactet.
3470 2127 3536 2137 --
3568 2099 3901 2174 Pulchraque,

2373 2161 2504 2214 sicut
2532 2160 2818 2212 hominibus
2845 2163 3058 2224 videtur,
3092 2163 3128 2216 l.

2447 2230 2569 2301 156.
2601 2229 2824 2301 Tendat,
2855 2231 3049 2294 dilatet,
3080 2233 3148 2284 ad
3167 2251 3220 2289 se
3250 2235 3435 2301 trahat,
3473 2237 3512 2290 1.

2447 2299 2566 2353 157.
2612 2299 2852 2363 Addicat,
2885 2301 3092 2358 tribuat.
3123 2303 3160 2356 1.

2447 2371 2570 2425 158.
2605 2369 2742 2425 Utile
2759 2370 2920 2439 justo,
2950 2371 3214 2426 utilitatem
3227 2377 3467 2444 justitiae,
3492 2380 3572 2432 vel
3591 2390 3845 2450 terrenum,
3871 2385 3901 2439 l.

2085 2523 2645 2584 COMMENTARIUS.

701 2609 794 2654 tur.
829 2599 1033 2655 teolius
1069 2614 1188 2657 cum
1217 2600 1433 2655 Heinsio
1458 2600 1599 2667 facit,
1631 2601 1725 2656 sed
1754 2617 1859 2656 non
1899 2599 2038 2655 bene
2077 2599 2267 2654 distin-

701 2670 815 2756 guit
833 2686 954 2756 quis
969 2672 1185 2756 continet
1199 2711 1226 2756 ,7
1242 2672 1353 2756 ipsa
1374 2667 1637 2756 Principio
1656 2673 1884 2754 institui,
1900 2669 2015 2756 nisi
2040 2668 2268 2756 fortasse

716 2738 959 2810 [lieolius
1003 2738 1270 2809 intelligat
1299 2741 1414 2810 ipsa
1456 2738 1637 2795 cuncta
1671 2756 1793 2810 qua:
1834 2741 2022 2810 gignit,
2047 2739 2261 2794 humus.

705 2808 1239 2892 lleinsiusoitttelligit,
1263 2808 1376 2880 quite
1397 2813 1615 2867 continet
1635 2808 1745 2882 ipsa
1764 2808 1968 2866 humus.
2001 2809 2128 2876 Alii,
2161 2811 2269 2880 ipse

701 2895 815 2948 ego,
845 2888 1065 2935 institui.

925 2949 1174 3023 ξοπιηυίιί
1205 2950 1374 3023 vttlg.,
1398 2950 1557 3023 male,
1581 2953 1902 3023 rpatiosaque
1919 2951 2133 3023 semina.

775 2969 895 3073 ἶὲἒῖ
925 2969 2268 3091 τὲἱῖ¹¹ῗιῖ¹¹νῖῗὲἑξξ’ἓῗιὶῖξιῖἕῗἘῗΊῖἕξηέῗΐὶῗῧὴοηι.

707 3097 869 3143 tatem
900 3092 1034 3157 parit
1058 3091 1344 3159 depravata
1375 3089 1475 3146 hoc
1520 3089 1635 3146 luco
1659 3091 1924 3147 scribendi
1959 3091 2094 3144 ratio
2135 3089 2267 3143 volvi

707 3160 989 3231 propalari.
1013 3159 1402 3231 Cbamillardus
1425 3176 1634 3231 quoque
1659 3161 1825 3217 edidit
1845 3162 1996 3231 volvi.

779 3229 901 3302 156.
931 3229 1076 3294 Ald.,
1104 3231 1227 3301 agri
1243 3246 1261 3295 ;
1283 3229 1470 3286 melius
1499 3229 1650 3302 «eger.
1681 3231 1842 3295 Ales.
1867 3230 1906 3283 a'
1919 3230 2086 3300 prima
2109 3243 2268 3283 manu

707 3298 912 3364 vitiose,
936 3313 1079 3366 ager.

778 3369 899 3422 158.
923 3368 1034 3440 Gis.
1088 3371 1140 3422 in
1168 3368 1394 3437 quodam
1433 3370 1614 3427 codice
1642 3372 1844 3428 invenit
1881 3379 2059 3440 captus
2093 3370 2266 3423 humo.

710 3437 942 3501 Tltt:an.,
976 3439 1192 3492 inaniter
1222 3456 1364 3493 usus.

779 3508 900 3564 140.
929 3508 1065 3572 Gis.,
1084 3509 1248 3578 Bong.
1266 3512 1317 3564 in
1342 3519 1510 3575 textu,
1535 3512 1666 3567 Mar.
1694 3527 1725 3566 a
1751 3510 1920 3578 prima
1953 3524 2133 3570 manu,
2157 3508 2270 3564 Gis.

709 3578 761 3648 in
793 3588 958 3642 textu,
982 3589 1026 3648 et
1050 3581 1236 3648 species
1258 3590 1447 3637 tenues.
1478 3581 1647 3636 Jureti
1673 3578 1864 3648 codex,
1886 3579 2058 3647 Siclt.,
2090 3578 2271 3644 Alex.,

710 3647 828 3721 Yat.
856 3651 923 3719 A,
949 3647 1202 3721 weitzius
1229 3666 1346 3704 cum
1372 3653 1636 3721 plerisque
1664 3652 1794 3716 suis,
1827 3650 2059 3721 Tlinao.,
2091 3649 2270 3721 Eg_m.,

707 3718 896 3791 Bolrer.
928 3731 982 3774 et
1011 3719 1156 3774 Rott.
1186 3722 1410 3788 priores,
1440 3732 1486 3776 et
1511 3718 1676 3791 specie
1706 3722 1861 3775 tenui.
1888 3720 2014 3776 Urb.
2071 3719 2198 3788 legit
2220 3731 2275 3791 et

704 3789 975 3861 distinguit
1003 3801 1049 3843 et
1073 3793 1266 3855 specie,
1297 3798 1435 3845 tenui
1454 3789 1579 3860 quas
1615 3807 1818 3846 currere
1857 3801 2079 3858 tempore
2111 3789 2271 3861 justi.

706 3858 973 3927 Gilani'ns,
1006 3863 1171 3916 verbo
1199 3861 1288 3914 \‘ts
1333 3858 1529 3927 nscas,
1567 3878 1688 3916 cum
1727 3863 1886 3916 alium
1918 3861 2090 3914 locum
2112 3858 2273 3912 Ῥιπι-

705 3930 873 3985 dentii
898 3930 1233 3998 adduxisset,
1266 3929 1419 3993 Eum,
1463 3932 1652 3999 inquit,
1679 3942 1877 4000 poetam
1927 3929 2274 4000 Christianum

704 4000 824 4064 quia
845 4015 998 4062 nunc,
1026 4009 1079 4050 ut
1103 4001 1303 4068 opinor,
1329 4003 1434 4067 fere
1452 4010 1612 4056 totum
1636 3999 2001 4053 vindicarimus
2026 4015 2058 4054 a
2079 3999 2274 4052 mendis

707 4068 1191 4134 innumerabilibus,
1237 4070 1487 4126 addamus
1535 4081 1581 4124 et
1629 4071 1860 4134 aliquot,
1907 4079 1960 4121 ut
1989 4069 2060 4121 ita
2086 4069 2271 4134 dicam,

707 4139 952 4208 manticas
975 4180 992 4204 ,
1025 4147 1071 4191 et
1101 4138 1232 4192 hanc
1252 4139 1498 4205 imprimis
1528 4156 1555 4192 e
1583 4140 1673 4194 lib.
1713 4155 1751 4195 tt
1777 4140 1831 4194 in
1862 4138 2229 4208 Symmachum
2255 4153 2274 4193 :

709 4217 822 4259 tum
847 4207 944 4262 hos
969 4222 1151 4263 versus
1176 4210 1448 4274 cascribit,
1481 4221 1533 4265 et
1561 4209 1809 4278 explicat.
1842 4207 1946 4264 seu
1977 4217 2273 4278 opportune

709 4285 864 4346 antea
893 4279 1120 4333 monebo
1143 4318 1160 4343 ,
1192 4278 1417 4334 fortasse
1453 4295 1518 4334 ex
1546 4277 1833 4335 ltis'verbis
1877 4278 2152 4346 deceptos,
2183 4277 2273 4346 qui

711 4344 974 4402 Giianinnt
1023 4360 1172 4402 notas
1199 4363 1328 4403 mss.
1363 4349 1413 4402 in
1440 4348 1786 4404 Prudentium
1817 4344 2098 4416 reliquisse
2131 4344 2274 4400 allir-

710 4427 876 4489 ruant.
903 4416 1139 4473 Gilanius
1165 4419 1381 4489 quidem
1421 4419 1551 4474 nihil
1578 4421 1720 4474 aliud
1752 4418 1852 4472 hoc
1877 4418 2011 4489 loco
2035 4417 2140 4489 ait,
2171 4417 2274 4473 nisi

711 4486 1052 4557 Prudentium
1087 4486 1196 4543 fere
1226 4497 1391 4543 totum
1412 4505 1442 4544 a
1464 4505 1524 4545 se
1547 4491 1597 4543 in
1623 4489 1714 4544 illo
1740 4490 1852 4557 ipso
1873 4488 2047 4542 indice
2073 4487 2271 4557 Lucre-

707 4556 853 4628 tiano
879 4573 908 4611 a
939 4559 1143 4613 mendis
1170 4561 1512 4615 vindicatum.
1544 4555 1840 4628 Explicatio
1875 4568 2053 4628 autem
2079 4555 2272 4612 Gilanii

706 4627 950 4683 innititur
994 4630 1169 4684 verbis
1211 4641 1257 4684 et
1282 4631 1417 4682 tenui
1458 4626 1684 4694 specie:
1724 4639 1778 4683 et
1811 4631 1885 4682 ait
1925 4644 1946 4682 :
2000 4626 2141 4681 Vetat
2183 4643 2272 4680 nos

706 4696 891 4752 bonum
923 4716 1070 4753 omne
1095 4700 1342 4754 collocare
1388 4701 1442 4752 in
1477 4698 1765 4770 voluptate,
1795 4714 1908 4768 qua!
1945 4697 2190 4770 eerebus
2224 4708 2272 4750 et

2369 2597 2490 2659 03.,
2510 2595 2646 2668 Δδίκῃ.
2675 2596 2746 2668 _A,
2771 2595 2914 2664 prior
2943 2595 3360 2668 Bo_lrg_.,_Egm.,
3385 2606 3452 2668 nt
3479 2613 3537 2654 se
3565 2600 3750 2668 legisse
3775 2602 3898 2658 alitr-

2373 2675 2482 2720 mat
2510 2663 2780 2730 Heinsius,
2807 2665 3050 2734 quamvis
3064 2663 3324 2721 Weitzius
3345 2666 3395 2720 id
3419 2679 3596 2733 neget.
3619 2663 3729 2725 'Alii
3757 2673 3900 2728 solum

2372 2744 2668 2802 agnoscunt
2683 2733 2894 2789 versum
2915 2733 3086 2787 Robur
3103 2747 3410 2800 enervatum,
3440 2739 3704 2796 utWidm.
3726 2753 3777 2796 et
3798 2745 3904 2796 Mar.

2372 2807 2427 2860 In
2443 2806 2562 2860 Rat.
2584 2805 2792 2859 videtur
2814 2803 2899 2858 hic
2919 2804 3066 2858 solus
3082 2820 3266 2859 versus
3281 2805 3460 2868 fuisse.
3483 2817 3539 2863 et
3556 2813 3754 2865 recenti
3774 2814 3905 2868 manu

2373 2875 2534 2930 additi
2552 2885 2678 2930 sunt
2697 2873 2804 2928 duo
2826 2874 2945 2928 illia
2961 2873 3197 2928 Giselino
3218 2884 3271 2930 et
3299 2876 3367 2930 ab
3381 2877 3500 2932 aliis
3526 2883 3714 2935 merito
3730 2885 3906 2937 omissi.

2379 2947 2433 2999 In
2466 2945 2596 3001 Urb.
2626 2954 2681 3000 et
2721 2944 2875 2999 Alex.
2909 2952 3119 2998 exstant
3150 2944 3337 3016 biduo
3363 2961 3582 3014 versus,
3613 2952 3703 3004 sed
3733 2967 3821 3016 pro
3840 2953 3906 3006 di-

2376 3030 2528 3102 vnersa
2553 3015 3039 3102 .lectione,.nor‘t'tjtt
3067 3022 3174 3102 tres
3203 3015 3283 3102 illi
3313 3017 3473 3102 simul
3499 3020 3662 3102 recipi
3690 3015 3906 3102 debeant.

2375 3084 2633 3140 Weitzius
2669 3085 2870 3154 putavit
2913 3084 3103 3154 Aldum
3151 3085 3320 3140 tribus
3364 3085 3447 3141 his
3486 3084 3725 3144 versibus
3762 3092 3907 3145 locum

2373 3155 2584 3230 dedisse
2621 3173 2636 3208 :
2672 3153 2729 3210 et
2752 3155 2847 3230 _ita
2893 3153 3106 3224 quidem
3139 3155 3366 3230 fecerat.
3389 3157 3489 3212 sed
3521 3163 3723 3215 monuit
3751 3171 3904 3230 postea

2375 3226 2654 3300 delendum
2685 3226 2914 3300 primum
2945 3239 3154 3300 versum
3199 3224 3372 3280 Robur
3405 3239 3694 3300 enervatum
3738 3224 3906 3300 gereret

2375 3298 2482 3349 sine
2507 3295 2662 3366 laude
2682 3293 2936 3366 palestrte.
2974 3293 3316 3366 Perspicuum
3341 3306 3424 3351 est
3450 3298 3586 3353 duos
3606 3293 3911 3355 alios’rersus

2378 3367 2586 3421 additos
2611 3364 2690 3420 ab
2707 3365 2900 3433 aliquo,
2934 3364 3024 3432 qui
3053 3367 3282 3432 primum
3313 3383 3341 3420 e
3379 3368 3429 3421 in
3458 3381 3742 3422 enervatum
3771 3372 3912 3426 nollet

2299 3411 2361 3472 C'
2377 3411 2585 3520 ξᾶἕξῖῥῖ
2598 3411 2964 3520 εἲῖεᾙξιῖᾄᾶἱιεῖ
2975 3411 3751 3520 scisma:33:13:55}
3772 3411 3906 3494 ἱζῖιῖ

2376 3506 2431 3560 ln
2472 3507 2623 3560 Alex.
2651 3506 2899 3560 scribitur
2923 3507 3219 3569 inervatum,
3252 3507 3328 3562 uti
3358 3506 3592 3562 etiamin
3625 3510 3825 3564 Thuan.

2448 3575 2567 3649 146.
2600 3575 2906 3649 Lactantius
2934 3588 3053 3641 cap.
3083 3573 3173 3640 21,
3203 3575 3293 3630 lib.
3328 3592 3375 3649 vt
3403 3596 3415 3630 :
3450 3576 3683 3649 Cavenda
3702 3590 3812 3633 sunt
3837 3580 3913 3649 igi-

2375 3655 2458 3698 tur
2483 3647 2845 3718 oblectamenta
2874 3646 3009 3718 ista,
3052 3655 3292 3718 tanquam
3321 3647 3518 3718 laquei,
3567 3659 3613 3701 et
3643 3651 3825 3718 plagis,
3853 3646 3914 3702 ἠε

2374 3718 2679 3768 snavitatum
2702 3715 2914 3786 mollitie
2947 3715 3101 3786 capti,
3126 3718 3217 3768 sub
3239 3715 3484 3770 ditionem
3509 3715 3684 3772 mortis
3699 3715 3810 3772 cunt
3827 3722 3915 3786 ipsa

2374 3801 2584 3855 corpore
2605 3785 2914 3855 redigamur,
2945 3785 3025 3836 cui
3049 3801 3140 3838 nos
3167 3787 3533 3853 mancipamus.
3565 3789 3686 3858 Agit
3718 3785 3912 3844 Lactan-

2375 3859 2476 3910 tius
2506 3854 2573 3910 de
2601 3855 2804 3910 sanoris
2828 3864 2881 3908 et
2904 3853 3084 3908 odoris
3105 3855 3478 3910 voluntatibus.

2399 3872 2476 3910 IIIS
2506 3872 2573 3910 ae
2601 3872 2804 3911 83001³15
2828 3872 2881 3908 ει
2904 3872 3084 3908 01101⁸15
3105 3872 3478 3911 νοιιωιθιιυιιε.

2445 3872 2476 3907 ις
2506 3869 2573 3910 ne
2601 3870 2804 3921 saporis
2828 3869 2881 3908 et
2904 3869 3084 3908 ouorts
3105 3869 3478 3923 vontptattbus.

2445 3927 2568 3981 147.
2596 3924 2890 3997 Elaqueare
2909 3923 3109 3997 laqueis
3134 3925 3409 3982 exsolvere
3455 3925 3595 3997 apud
3625 3926 3911 3988 Sidonium;

2375 3998 2682 4065 elaqueatus
2698 3994 2837 4065 apud
2869 3995 3225 4065 Ammianum.
3240 4063 3251 4065 _
3491 3994 3505 3997 “
3800 4017 3810 4021 -

2442 4063 2564 4138 149.
2588 4063 2746 4138 ΑΜ..⁷
2767 4065 2905 4128 Gis.,
2933 4063 3128 4138 durati
3156 4063 3352 4138 cedes,
3383 4066 3594 4138 Oxon",
3615 4066 3790 4138 Egm.,
3819 4064 3917 4118 Vat.

2375 4133 2440 4200 Α,
2473 4136 2744 4204 nitendum
2763 4133 2991 4204 summis.
3036 4133 3279 4188 Heinsius
3308 4133 3445 4190 banc
3478 4133 3781 4193 lectionem,
3808 4151 3919 4204 pra-

2377 4206 2495 4258 tulit
2521 4205 2571 4259 in
2604 4203 2750 4260 brevi
2779 4203 3011 4258 indiculo
3031 4212 3325 4257 erratornm
3348 4216 3436 4258 aut
3458 4203 3845 4267 mutandortmi,
3871 4214 3918 4257 ut

2375 4274 2544 4328 dicam
2572 4274 2637 4329 ad
2670 4289 2812 4330 vers.
2850 4272 2952 4326 7l9
2979 4273 3032 4326 in
3071 4272 3342 4337 Romano;
3370 4275 3424 4329 in
3456 4284 3603 4330 testu
3645 4275 3808 4330 edidit
3831 4274 3919 4326 luc-

2378 4346 2609 4414 tandum,
2633 4354 2738 4399 etc.
2768 4342 2984 4414 Teolins
3013 4342 3240 4414 Heinsio
3267 4344 3490 4414 Imputat
3515 4346 3816 4408 nitendum;
3843 4342 3919 4397 sed

2379 4413 2624 4470 lleinsius
2649 4415 2794 4468 clare
2814 4411 3301 4485 ediditlnctandum
3321 4411 3439 4485 cum
3464 4415 3732 4485 plerisque
3751 4415 3850 4485 suis
3873 4421 3918 4467 et

2377 4486 2576 4539 nostris
2609 4501 2623 4538 :
2655 4499 2827 4552 neque
2857 4483 2996 4548 aliud
3025 4483 3076 4536 in
3109 4482 3249 4552 notis
3273 4483 3504 4539 advertit
3532 4482 3660 4539 nisi'
3682 4484 3919 4538 nitendum

2366 4554 2576 4609 habere
2603 4551 2803 4615 Oxon.,
2836 4552 2984 4620 Egm.
3016 4562 3070 4605 et
3095 4551 3218 4606 Ald.

2448 4624 2568 4677 151.
2595 4623 2739 4687 Ald.,
2769 4622 2907 4686 PaL,
2936 4639 2997 4675 ne
3026 4630 3279 4692 congerat.
3304 4621 3418 4678 Gis.
3445 4623 3569 4692 legit
3590 4632 3645 4677 et
3669 4621 3919 4690 distinguit

2375 4705 2506 4747 amet
2533 4693 2744 4746 nimium
2769 4708 2864 4747 :ne
2883 4701 3114 4762 congerat
3140 4707 3321 4745 aurum
3349 4707 3368 4745 :
3391 4693 3460 4746 ita
3493 4693 3543 4746 in
3575 4702 3746 4758 textu,
3771 4693 3855 4746 sed
3879 4693 3920 4742 in

704 4783 876 4841 earum
900 4771 1035 4823 tenui
1051 4772 1212 4840 specie
1231 4787 1318 4823 seu
1337 4760 1923 4841 nitorecapitursp'tttat
1945 4767 2098 4841 nullo
2110 4781 2268 4820 sensu
2303 4777 2345 4834 ο
2377 4762 2696 4841 indiculoﬂe
2722 4778 2825 4841 quo
2849 4760 3168 4841 paulorantoe,
3190 4771 3355 4841 amet;
3379 4763 3595 4815 nimium
3619 4779 3681 4816 ne
3705 4768 3917 4832 congerat

705 4839 810 4911 dici
839 4850 886 4894 ct
927 4836 1116 4911 species
1140 4850 1328 4894 tenues.
1358 4836 1635 4911 rGiselinns
1662 4855 1780 4894 cum
1812 4854 1909 4892 suo
1941 4852 2052 4911 gms.
2085 4836 2268 4911 l_egen-_

706 4910 829 4963 dum
859 4905 1205 4966 contendit‘et
1229 4910 1418 4980 species
1443 4921 1638 4976 tenues,
1663 4913 1783 4978 quia
1814 4910 2027 4974 respicit
2046 4907 2110 4960 ad
2140 4905 2264 4980 illud

703 4982 1024 5052 speciosaque
1045 4982 1241 5052 semina
1257 4977 1415 5047 ﬁnxi,
1445 4981 1635 5052 quibus
1660 4977 1816 5048 parce
1843 4987 1896 5052 et
1923 4986 2070 5031 certo
2111 4977 2268 5030 modo

707 5049 958 5105 utendum
981 5060 1085 5107 est.
1119 5050 1390 5104 Mariettus
1411 5050 1570 5103 etiam
1604 5052 1738 5102 banc
1769 5050 2051 5102 lcetionem
2078 5061 2269 5112 appro-

708 5117 796 5187 bat
823 5129 876 5172 et
900 5123 1173 5175 conﬁrmat
1196 5135 1260 5176 es
1291 5133 1431 5174 vers.
1457 5121 1593 5174 755:
1617 5119 1846 5187 Exiguos
1865 5132 2031 5169 rerum
2055 5117 2264 5187 species.

707 5186 857 5242 'l‘unc
881 5207 1068 5244 sensus
1096 5191 1197 5244 erit
1223 5207 1238 5243 :
1267 5188 1502 5253 Duceret,
1533 5205 1638 5243 esse
1668 5186 1853 5241 bonum
1879 5201 2025 5239 omne
2048 5186 2265 5253 positum

704 5257 759 5308 in
777 5259 1043 5314 dulcedine
1070 5275 1257 5322 rerum,
1287 5269 1331 5311 et
1358 5275 1462 5312 esse
1483 5261 1668 5312 bonum
1692 5258 1880 5326 species
1912 5264 2082 5326 tenues
2099 5295 2114 5326 ,
2133 5271 2268 5326 quas

705 5340 1144 5398 curreretempore
1159 5330 1322 5398 jussi.
1351 5329 1534 5382 Verior
1562 5324 1796 5398 milii,'et
1838 5325 2035 5380 clarior
2063 5324 2268 5398 videtur

702 5397 802 5450 alia
826 5401 1000 5467 lectio,
1024 5394 1141 5467 quae
1160 5394 1317 5452 etiam
1333 5409 1415 5452 est
1435 5400 1580 5459 Aldi,
1605 5397 1800 5453 lleinsii
1821 5406 1872 5450 et
1893 5394 2265 5467 recentiorum.

773 5466 896 5523 145.
943 5461 1072 5523 1³οεί
1113 5469 1252 5520 hunc
1280 5483 1490 5522 versum
1539 5467 1693 5532 Fab.,
1727 5469 1919 5534 Bong.,
1948 5463 2082 5517 alter
2121 5461 2264 5534 Rott.

703 5537 957 5611 inducunt
980 5539 1114 5592 alios
1135 5536 1268 5611 duos
1285 5577 1299 5597 ,
1335 5535 1591 5611 Enercare
1611 5553 1761 5611 suum
1791 5533 2030 5611 corrupta
2052 5549 2140 5601 per
2165 5533 2268 5611 otia

701 5608 854 5663 robur
884 5608 1059 5664 Posset
1085 5649 1101 5673 ,
1143 5617 1188 5658 et
1218 5607 1268 5658 in
1296 5607 1438 5661 nullo
1466 5608 1734 5661 luctamine
1762 5607 2132 5676 pigrajaceret.
2152 5601 2267 5676 Alii

701 5676 950 5733 oriiittunt
981 5671 1123 5732 hunc
1146 5690 1358 5729 versum
1391 5677 1560 5729 Ilobnr
1585 5671 1898 5743 enervatum,
1918 5671 2050 5734 etc,
2077 5679 2127 5743 et
2152 5671 2269 5724 illos

701 5754 834 5805 tlnos
858 5752 970 5820 ejus
993 5750 1110 5803 loco
1132 5756 1420 5817 apponunt,
1446 5756 1505 5838 ut
1525 5748 1686 5803 Jurcti
1718 5741 1905 5811 codex,
1933 5744 2076 5812 prior
2097 5741 2261 5806 llott.,

2377 4848 2578 4886 aurum.
2609 4832 2852 4895 Plerique
2886 4840 3048 4896 amet,
3073 4831 3289 4901 nimium
3326 4847 3415 4884 nec
3448 4844 3692 4901 congerat
3738 4831 3918 4883 aurum.

2379 4903 2507 4956 Mar.
2528 4903 2684 4972 male,
2703 4919 2790 4955 nec
2801 4910 3049 4968 congeret.
3068 4899 3361 4972 Fabricius,
3376 4918 3439 4955 ne
3458 4899 3730 4972 congerere
3745 4916 3916 4962 astrum,

2376 4973 2578 5027 scilicet
2602 4971 2741 5036 velit,
2771 4972 2911 5040 quod
2943 4985 3062 5040 mox
3092 4969 3349 5039 sequitur.

2451 5043 2570 5099 155.
2603 5042 2750 5108 Virg.
2776 5039 2873 5112 lib.
2906 5056 2978 5094 vr.
3016 5039 3165 5112 Nunc
3203 5055 3400 5110 quoque
3419 5044 3536 5112 jam
3575 5042 3788 5094 nimium
3812 5055 3920 5112 gau—

2376 5112 2499 5164 dens
2545 5111 2876 5182 popularibus
2923 5109 3085 5182 auris.
3137 5109 3226 5182 De;
3256 5109 3786 5182 auris_'popularibus
3823 5109 3920 5161 vids

2375 5177 2663 5236 comment.
2692 5181 2757 5234 ad
2780 5195 2919 5234 vers.
2951 5177 3022 5232 2‘2
3048 5178 3229 5248 hymni
3261 5181 3281 5231 1
3312 5177 3464 5233 Catii.

2449 5253 2567 5305 154.
2590 5251 2718 5304 Mar.
2748 5265 2776 5302 a
2806 5251 2973 5318 prima
3001 5263 3182 5314 manu,
3207 5250 3435 5302 tumescit
3493 5248 3654 5305 male.
3955 5304 3962 5310 _

2446 5321 2562 5375 156.
2618 5320 2895 5376 Salvianus
2940 5318 3076 5372 lib.t
3127 5319 3194 5371 ad
3249 5318 3450 5373 Eccles.
3486 5321 3627 5375 calli.
3689 5321 3922 5374 adversus

2373 5393 2646 5444 avaritiam
2699 5407 2710 5441 :
2765 5388 2997 5449 Videtis,
3044 5404 3170 5457 quas
3200 5389 3371 5455 parari
3417 5405 3536 5456 opes
3585 5407 3617 5442 a
3651 5389 3923 5459 parentibus

2373 5461 2498 5530 filiis
2532 5459 2670 5513 Deus
2691 5459 2902 5530 jubeat,
2929 5474 3028 5511 non
3058 5459 3380 5530 pecuniarias
3417 5460 3799 5514 tltesauros.....
3841 5476 3926 5510 non

2371 5529 2556 5596 fundos
2585 5528 2978 5583 interminabiles
2996 5567 3010 5591 ,
3044 5537 3091 5580 et
3119 5528 3345 5579 notitiam
3372 5530 3676 5596 possessoris
3697 5530 3777 5582 sui
3804 5545 3925 5580 exce-

2373 5601 2562 5665 dentes,
2587 5600 2672 5666 qui
2693 5609 2947 5653 consortes
2970 5597 3077 5667 pati
3095 5596 3366 5667 indignum
3387 5601 3656 5660 a’stiment,
3701 5610 3748 5652 et
3774 5599 3926 5652 ricini-

2373 5678 2522 5740 tntetn
2553 5669 2798 5740 injuriam
2843 5665 3041 5740 putent.
3091 5665 3290 5740 eadem
3338 5670 3602 5740 sententia
3637 5672 3829 5740 passim
3873 5667 3927 5718 ab

2372 5735 2750 5807 etltnicis'ipsis
2785 5735 3064 5807 repetitur,
3095 5735 3331 5799 lloratio,
3362 5735 3700 5794 Juvenala‘ct
3734 5739 3868 5794 aliis.
