4024 6292
507 313 540 365 ‘2
556 316 612 367 1Ῠὶ
1606 318 1882 376 Αυῆειιι
1927 319 2290 380 PRUDENTII
2329 324 2656 381 CARMINA.

687 424 822 500 Quin
841 435 894 482 et
911 426 1045 483 velle
1059 426 1297 498 adigunt,
1312 441 1532 500 pravum
1552 429 1873 488 insinuantia
1891 442 2097 506 votum,
2125 439 2181 500 Α

507 517 617 581 465
687 519 852 592 802
902 518 979 576 Ne
1025 519 1183 575 liceat
1235 519 1442 575 miseris
1489 523 1712 580 vetitum
1757 525 2096 582 committere

1830 615 2022 689 [no“e.

3691 326 3808 383 216

2379 438 2539 510 803
2562 438 2694 493 Esse
2719 437 2906 502 Deum,
2929 437 3054 494 nulli
3081 440 3300 494 vetitum
3329 440 3582 499 fatalibus
3605 443 3807 512 astris,

2379 532 2488 588 Nec
2508 531 2765 589 mathesis
2791 533 3099 603 praescripto
3119 533 3297 606 aliqua
3318 535 3404 604 pia
3426 545 3550 594 vota
3576 539 3805 608 repelli,

2378 623 2560 691 Spirat
2584 628 2726 681 enim
2756 627 2956 695 majora
2985 628 3226 695 animus,
3249 643 3416 702 seque
3435 631 3604 688 altius
3641 630 3803 692 δῦθι-ι

681 703 910 775 Cedite,
953 704 998 760 si
1040 703 1210 775 pudor
1262 711 1385 770 est,
1427 705 1768 779 gladiumque
1826 707 2095 765 retundite
2196 715 2304 774 480
2378 719 2684 785 Sideribus,
2718 723 3014 791 transitque
3042 724 3278 780 viaszet
3307 726 3488 782 nubila
3521 727 3650 796 fati,

1709 798 1729 872 [
1745 809 1985 855 vestrum
2002 841 2020 868 ,

686 892 889 962 Aspera
920 889 991 945 nil
1018 889 1238 945 meritos
1267 891 1443 962 poenis
1474 891 1758 960 plectentia
1786 891 1904 962 jura
1931 907 1947 946 :

684 984 910 1041 Antrum
945 997 1253 1039 carcereum
1285 985 1581 1048 dissolvite,
1605 999 1831 1056 corpora
1861 985 1962 1042 sub
1985 1000 2093 1059 quo

682 1078 925 1148 Agminis
944 1078 1160 1134 innocui
1184 1077 1293 1132 fato
1315 1090 1567 1149 peccante
1592 1079 1805 1135 tenetis.

685 1168 853 1227 Nemo
869 1185 1089 1240 nocens,
1109 1170 1153 1224 si
1172 1170 1277 1225 fata
1296 1179 1504 1241 regunt,
1523 1171 1664 1240 quod
1687 1171 1899 1238 vivitur,
1918 1187 1980 1228 ac
1998 1173 2090 1231 fit:

685 1266 798 1322 lmo
821 1277 1050 1332 nocens,
1085 1264 1383 1335 quicunque
1407 1263 1620 1331 volens,
1642 1265 1784 1336 quod
1812 1281 1918 1320 non
1941 1265 2088 1337 licet,

1803 1356 2017 1428 [audet.

682 1448 1014 1504 Alterutrum
1031 1449 1151 1518 quia
1173 1447 1312 1503 velle
1333 1461 1488 1502 suum
1511 1455 1613 1515 est,
1637 1462 1736 1504 nec
1757 1447 1860 1502 fata
1885 1457 2090 1505 reatum

685 1543 966 1614 Imponunt
997 1543 1198 1597 homini
1228 1560 1240 1594 :
1264 1541 1358 1598 sed
1383 1541 1442 1596 lit
1459 1557 1583 1597 reus
1609 1545 1721 1611 ipse
1742 1552 1932 1612 suopte

681 1635 940 1699 Arbitrio,
966 1636 1322 1708 placitumque
1345 1633 1512 1700 nefas,
1539 1642 1592 1690 et
1615 1633 1752 1693 fama
1775 1635 2021 1705 rependit

688 1730 852 1798 Impia
877 1729 1181 1800 suppliciis,
1210 1729 1431 1795 merito,
1463 1743 1567 1782 non
1590 1737 1735 1783 sorte
1758 1737 2086 1799 peremptus.

464 1131 468 1133 ’
505 1169 615 1232 470

507 1729 614 1795 J75

684 1823 918 1900 Quisque
937 1832 1119 1898 putat,
1150 1821 1262 1878 fato
1287 1834 1407 1880 esse
1449 1820 1645 1890 locum,
1670 1821 1824 1888 sciat,
1849 1823 2096 1892 omnipa-
2121 1836 2172 1899 Β

1789 1914 2020 1988 [rentem

2376 813 2443 868 Et
2477 823 2746 870 momenta
2784 815 2981 886 premit
3015 815 3275 887 pedibus,
3314 833 3663 891 quaecunque
3704 835 3802 892 pu-

3500 912 3733 985 [tantur

2374 999 2569 1073 Figere
2589 1005 2917 1074 propositam
2948 1006 3112 1063 natali
3144 1015 3391 1078 tempore
3418 1023 3655 1068 sortem.

2375 1103 2488 1160 Huc
2509 1103 2830 1172 ades,omne
2847 1105 3124 1164 hominum
3144 1124 3335 1182 genus,
3362 1113 3466 1168 huc
3482 1115 3802 1174 concurrite

3411 1210 3489 1283 [et
3511 1213 3687 1270 urbes
3714 1234 3729 1267 :

2371 1307 2485 1364 Lux
2509 1309 2764 1366 immensa
2787 1318 2945 1367 vocat
2967 1329 2980 1367 :
3004 1310 3259 1368 factorem
3281 1314 3487 1371 noscite
3503 1309 3768 1374 vestrum'
3785 1358 3801 1374 .

2193 1408 2298 1465 485
2371 1409 2561 1468 Libera
2599 1422 2741 1468 secta
2766 1421 2911 1484 patet
2936 1432 2949 1468 :
2974 1415 3049 1470 nil
3079 1426 3204 1470 sunt
3236 1417 3448 1486 fatalia,
3480 1421 3570 1476 vel
3603 1421 3656 1476 si
3707 1459 3764 1504 ο

2369 1509 2505 1565 Sunt
2529 1511 2727 1582 aliqua,
2751 1513 2999 1583 Opposito
3029 1526 3325 1572 vanescunt
3356 1517 3506 1574 irrita
3534 1519 3785 1576 Christo.

2449 1614 2554 1670 Sed
2579 1602 2954 1673 multiduxere
2980 1618 3067 1674 dei
3097 1634 3192 1689 per
3216 1635 3477 1690 prospera
3514 1623 3756 1679 Romam
3783 1640 3801 1681 :

2367 1715 2511 1782 Quos
2531 1717 2657 1774 colit
2673 1717 2744 1771 ob
2763 1718 3011 1774 meritum
3029 1721 3235 1790 magnis
3258 1721 3452 1778 donata
3472 1723 3800 1795 triumphis.

2375 1820 2543 1895 80E.
2575 1821 2716 1896 Ergo
2743 1837 2872 1893 age,
2905 1823 3179 1891 bellatrix,
3213 1840 3334 1896 qua:
3363 1826 3446 1882 vis
3475 1827 3800 1900 subiecerit,

3559 1927 3725 2001 [ωε.

1813 2009 2102 2069 GLOSSE
2143 2015 2479 2101 VETERES.

577 2111 701 2168 564.
735 2109 1002 2179 Adigunt,
1034 2113 1254 2177 cogunt,
1287 2102 1616 2177 compellunt.
1646 2100 2091 2173 —lnsinuantia,

509 2183 845 2241 ostendentia.
880 2180 922 2235 l.

575 2253 700 2308 467.
733 2251 1042 2314 Plectentia,
1074 2249 1356 2318 punientia,
1382 2246 1421 2301 1.

575 2326 702 2380 472.
733 2317 1086 2388 Alterutrum,
1112 2319 1298 2374 bonum
1319 2320 1394 2374 vel
1419 2318 1632 2373 malum.
1658 2345 1731 2359 —
1751 2317 1944 2384 Suum,
1972 2333 2092 2387 pro-

734 2395 899 2529 ἔξω.
928 2463 1426 2536 ιιιιὶηίιαηιωηιηοάο
1449 2462 1502 2516 in
1525 2460 1804 2517 Dominum
1825 2459 2018 2525 credat,
2041 2467 2090 2514 et

503 2538 650 2596 nulla
681 2538 786 2608 fata
815 2535 1016 2601 nocent,
1052 2535 1090 2592 I.

575 2604 703 2665 477⁷.
739 2608 993 2670 Vetitum,
1029 2607 1219 2661 scilicet
1241 2621 1370 2668 esse,
1400 2604 1439 2659 Ι.

579 2680 702 2735 478.
740 2679 1009 2734 Matliesis.
1034 2678 1258 2732 siderum
1286 2691 1458 2730 cursu.
1482 2705 1552 2716 —
1591 2673 1942 2743 Prascripto,
1971 2689 2094 2728 con-

508 2753 702 2822 stituto,
732 2751 1110 2823 impedimento.
1143 2778 1212 2790 --
1241 2747 1470 2820 itepelli,
1500 2746 1689 2804 scilicet
1719 2761 1886 2818 posse,
1915 2744 2019 2799 lso.

2267 2111 2397 2168 479.
2428 2109 2611 2176 Effert,
2643 2111 2830 2176 exerit,
2859 2112 3042 2174 elevat,
3069 2109 3175 2165 lso.

2271 2181 2396 2237 481.
2432 2182 2723 2254 Momenta,
2747 2183 3222 2238 recordationes.—
3241 2178 3465 2249 Premit,
3488 2182 3692 2254 spernit
3716 2198 3802 2238 co-

2197 2253 2524 2322 gitationibus
2539 2294 2554 2316 ,
2586 2253 2625 2307 I.

2267 2323 2389 2378 482.
2420 2323 2653 2382 Sortem.
2680 2326 2864 2394 fatum,
2887 2323 2929 2394 1.

2268 2395 2394 2449 484.
2434 2394 2565 2459 Lux,
2598 2393 2851 2458 Christus,
2881 2393 2920 2449 1.

2269 2465 2394 2522 485.
2428 2465 2606 2530 Secta,
2637 2467 2889 2528 doctrina,
2920 2465 2960 2520 Ι.

2269 2537 2393 2592 488.
2427 2537 2654 2601 Donata,
2686 2547 2886 2597 ornata.
2917 2534 2959 2590 1.

2266 2607 2393 2666 489.
2427 2610 2558 2676 Age,
2589 2624 2689 2677 νοτε
2714 2608 3003 2661 orantis.—
3028 2606 3310 2672 Bellalrix,
3341 2607 3527 2664 Roma.
3555 2638 3630 2653 —
3659 2610 3800 2677 Ede,

2197 2677 2302 2746 dic,
2326 2680 2454 2733 sicut
2476 2675 2598 2734 alibi
2613 2675 2758 2732 :Edc
2787 2678 3168 2744 Martinlem,id
3194 2688 3286 2745 est,
3311 2679 3418 2749 dic,
3442 2681 3523 2735 vel
3549 2690 3733 2749 canta,
3759 2675 3800 2742 1.

1873 2831 2431 2890 COMMENTARIUS.

575 2933 703 2990 466.
747 2932 994 2988 Heinsius
1019 2928 1198 2985 mallet
1225 2928 1551 3001 gladiumque
1575 2928 1852 3001 reconditi}.
1875 2926 2094 3001 ‘Verum

507 3006 571 3061 ad
621 3013 790 3074 poetic
839 3013 1067 3074 mentem
1108 2997 1300 3055 melius
1335 3010 1417 3057 est
1460 2997 1736 3074 retundite.
1789 2997 1915 3074 Vult
1953 2997 2094 3051 enim

506 3069 741 3148 gladium
784 3073 1001 3148 iustitiae
1036 3073 1269 3148 omnino
1309 3071 1518 3148 retundi
1544 3114 1560 3139 ,
1595 3082 1840 3148 tanquam
1874 3069 1978 3139 jam
2007 3082 2097 3121 su-

507 3137 800 3216 perustum:
835 3147 878 3199 si
909 3144 1149 3216 homian
1176 3158 1280 3216 non
1313 3145 1480 3216 libere
1511 3137 1754 3216 peccant.
1807 3137 1883 3194 Ita
1913 3148 2097 3208 postea

508 3213 613 3273 non
638 3218 728 3281 ait,
759 3230 1026 3272 carcerem
1055 3213 1248 3277 claudi,
1281 3215 1373 3269 sed
1401 3215 1638 3269 dissolvi.

579 3289 704 3344 46$.
743 3291 956 3340 Autrum
985 3301 1271 3338 carcereum
1299 3294 1376 3339 est
1405 3285 1628 3339 interior
1657 3281 1890 3337 carceris
1915 3288 2092 3335 custo-

413 3357 419 3362 ’
512 3362 601 3415 dia
633 3378 644 3414 :
682 3359 896 3426 Hispmi
923 3364 1116 3410 vocant
1141 3353 1397 3426 calubozo.
1443 3355 1766 3426 Destribitur
1795 3368 1824 3406 a
1855 3351 2092 3406 Pruden-

511 3432 587 3486 tio
618 3432 668 3483 in
702 3423 897 3497 Ityinno
925 3428 983 3481 S.
1023 3427 1280 3480 Vilirentii
1304 3425 1438 3497 ,_ubi
1480 3426 1629 3493 plura
1669 3423 1884 3477 afferam
1913 3464 1928 3488 ,
1973 3431 2025 3477 et
2060 3437 2088 3497 ti

509 3493 763 3557 Sallustio
800 3499 866 3553 de
908 3497 1052 3552 Bello
1081 3497 1234 3551 Catil.
1273 3513 1284 3546 :
1321 3495 1411 3550 Est
1443 3498 1585 3551 locus
1610 3497 1664 3549 in
1695 3511 1769 3548 ca!
1784 3509 1924 3556 cere,
1954 3493 2092 3563 quod

513 3573 825 3626 TULLIANUH
866 3588 967 3639 app
998 3569 1154 3622 llatur
1187 3584 1205 3622 :
1233 3567 1316 3620 ubi
1361 3569 1628 3635 paululum
1671 3566 1985 3619 descenderis
2025 3564 2092 3616 ad

511 3645 689 3698 [meum
720 3642 915 3696 circiter
946 3640 1123 3711 viginti
1155 3639 1304 3706 pedes
1335 3639 1473 3692 humi
1501 3641 1798 3708 depressus;
1840 3641 2095 3711 eunt‘mu;

513 3725 656 3767 nunt
688 3713 907 3776 undique
935 3707 1149 3773 parces
1169 3750 1182 3770 .
1221 3720 1370 3778 atque
1408 3707 1616 3780 insuper
1642 3723 1851 3780 camera
1874 3707 2093 3780 lapideis

513 3784 789 3854 fornicibus
808 3786 1012 3854 jttm'ta,
1043 3787 1132 3854 sed
1159 3783 1347 3834 inculta
1363 3778 1614 3854 tenebris,
1647 3781 1800 3854 odore
1828 3778 1985 3854 forda,
2015 3786 2095 3854 at:

512 3847 608 3925 'que
636 3847 868 3910 terribilis
899 3857 1006 3925 ejus
1033 3852 1192 3925 facies
1215 3861 1306 3925 est.
1356 3853 1408 3904 Si
1437 3866 1624 3925 carcer
1652 3847 1998 3925 Mamertinus
2026 3847 2093 3901 ad

514 3919 722 3981 radices
750 3919 945 3979 montis
969 3924 1120 3990 (Sapit
1163 3923 1282 3985 lilii,
1317 3937 1422 3989 quo
1447 3920 1542 3976 SS.
1580 3920 1850 3988 apostolos
1880 3919 2092 3990 Petrum

514 4008 569 4053 et
592 3997 808 4049 Paul-im
835 3989 1079 4048 detentus
1102 3994 1261 4046 fuisse
1283 4000 1396 4045 acta
1421 4000 1658 4054 narrant,
1684 4004 1786 4044 non
1810 3997 1892 4043 est
1913 3990 1955 4042 is
1979 3989 2096 4052 ipse

514 4067 664 4121 locus
680 4065 978 4119 Tullianum
997 4063 1192 4124 dictus,
1215 4071 1360 4117 certe
1381 4061 1664 4115 admodum
1687 4059 1877 4113 similis
1899 4060 1971 4112 illi
1990 4070 2091 4114 est.

513 4135 596 4190 Cl.
640 4136 1015 4191 Caneellieriu-x
1055 4133 1233 4188 multis
1264 4133 1556 4186 rationibus
1606 4145 1873 4186 carcerem
1896 4129 2097 4184 Tullia-

517 4218 643 4261 num
689 4221 753 4263 ac
805 4206 1167 4259 Mamertinum
1211 4203 1454 4258 eumde
1500 4202 1663 4256 fuisse
1703 4201 1913 4270 egregie
1967 4216 2095 4255 con-

519 4279 694 4332 firmat
723 4280 772 4330 in
806 4294 966 4343 opmi-
996 4293 1008 4328 :
1042 4274 1241 4328 Notizie
1264 4277 1346 4327 del
1370 4290 1567 4327 carcere
1595 4271 1830 4326 Tulliano
1851 4274 1989 4325 detto
2011 4274 2097 4342 poi

517 4347 848 4411 Mamertino,
879 4356 1013 4407 εις..
1046 4345 1248 4408 Romae.
1283 4345 1433 4399 i788.

588 4420 713 4474 475.
751 4419 937 4478 Alex.,
973 4416 1129 4472 Urb..
1165 4417 1319 4478 Ald.,
1352 4415 1546 4470 Widm.
1581 4428 1770 4483 supra,
1803 4412 1939 4479 PaL,
1965 4414 2091 4479 Οκ..

521 4489 674 4559 Egm.
697 4504 726 4542 a
749 4488 979 4544 secunda
1003 4503 1179 4552 manu,
1205 4488 1369 4540 Veteri
1394 4491 1689 4559 scriptura_
1677 4499 1893 4559 prorsus
1918 4499 2092 4559 erasa,

405 4610 408 4612 .
516 4554 604 4614 sed
630 4561 687 4630 ﬁt
718 4576 832 4614 reus
858 4560 966 4629 ipse
991 4569 1171 4630 suapte
1196 4559 1435 4630 Arbitrio.
1471 4557 1611 4620 Rat.,
1642 4554 1841 4630 Widm.
1867 4571 1895 4609 a
1924 4557 2094 4630 prima

515 4626 675 4684 manu
701 4672 716 4693 ,
753 4626 916 4695 llong.
939 4671 953 4692 ,
989 4626 1178 4692 Fabr.,
1203 4629 1316 4683 Gis.
1345 4630 1409 4681 ad
1432 4643 1614 4690 oram,
1642 4626 1841 4680 Caucli.
1861 4667 1875 4688 ,
1917 4627 2006 4679 sed
2036 4627 2094 4694 ﬁt

2203 2924 2499 2980 emendatis
2527 2967 2541 2992 ,
2585 2939 2705 2978 nam
2732 2965 2747 2986 ,
2787 2931 3117 2998 repugnante
3157 2933 3331 2981 metro
3354 2970 3368 2992 ,
3394 2925 3658 2986 ediderat
3685 2932 3802 2998 quis

2199 3006 2347 3068 putat
2367 3000 2600 3068 esseifato
2631 2999 2819 3050 locum.
2848 2995 3070 3068 Poniiur
3089 2999 3300 3068 quisque
3325 3011 3422 3064 pro
3442 2995 3712 3067 quisquis}
3735 3001 3802 3057 de

2199 3067 2432 3136 quoiam
2463 3067 2664 3121 dictum
2687 3107 2702 3128 .
2737 3075 2792 3120 et
2822 3067 2986 3120 videri
3020 3077 3190 3130 potest
3221 3067 3558 3122 Burmannus
3596 3071 3652 3124 in
3689 3072 3804 3127 An-

2201 3141 2402 3207 tholog.
2431 3138 2572 3200 Διό..
2605 3138 2781 3190 minus
2809 3138 2963 3202 liene,
2996 3139 3412 3205 omnipatrntem.

2272 3209 2396 3264 477.
2429 3209 2576 3269 Ald.,
2597 3207 2705 3263 duo
2728 3207 2944 3280 Ruben,
2968 3208 3199 3273 Thuan.,
3225 3209 3402 3275 Egm.,
3425 3210 3628 3277 Oxon.,
3650 3211 3798 3280 PaL,

2203 3280 2314 3334 Gis.
2357 3281 2408 3334 in
2432 3290 2600 3344 textu,
2629 3295 2774 3334 nosse
2799 3278 2984 3340 Deum,
3005 3280 3144 3344 quod
3170 3289 3344 3334 exstat
3363 3285 3525 3334 etiam
3552 3283 3608 3335 in
3639 3278 3801 3339 Alex.

2197 3350 2321 3412 Alii,
2344 3369 2452 3405 esse
2475 3351 2648 3414 deum,
2672 3363 2792 3404 cuin
2817 3349 2966 3415 Rat.,
2993 3350 3145 3420 Urb.,
3174 3348 3394 3414 πρίω..
3418 3354 3591 3406 altero
3619 3351 3801 3420 Rott.,

2198 3420 2839 3493 ileinsioaprior'Rott.
2869 3462 2882 3480 .
2939 3436 3084 3493 posse
3115 3419 3296 3493 Deum.
3352 3422 3555 3478 Deinde
3601 3419 3801 3480 omnes

2197 3491 2492 3556 Heinsiani,
2525 3491 2690 3546 Jureii
2732 3493 2930 3563 codex.
2970 3491 3114 3563 ΛΨ..
3145 3492 3260 3545 (iis.
3289 3494 3353 3545 all
3386 3508 3560 3556 oram,
3597 3493 3796 3563 Fabr.,

2195 3563 2361 3621 Bona.
2385 3604 2399 3625 ,
2437 3563 2581 3625 PaL,
2615 3563 2767 3625 Rat.,
2798 3562 2974 3633 Mem,
3009 3561 3170 3624 Urb.,
3204 3563 3482 3631 fatalibus;
3524 3561 3796 3633 nonnulli,

2197 3635 2484 3704 fallacibus.
2534 3633 2586 3688 In
2633 3634 2748 3686 Rat.
2795 3632 3002 3685 videtur
3037 3647 3159 3687 esse
3198 3635 3411 3687 veritum
3433 3677 3449 3698 ,
3481 3636 3624 3688 ιιι-σιμ
3647 3678 3661 3696 ,
3696 3632 3800 3702 pro

2193 3707 2417 3759 uetitum.
2462 3705 2736 3758 Sententia
2765 3712 2871 3767 est,
2905 3717 3002 3757 nec
3033 3705 3168 3757 bona
3202 3718 3300 3758 nec
3330 3707 3465 3760 mala
3497 3720 3664 3773 Opera
3697 3722 3800 3764 ne-

2193 3776 2428 3831 cessario
2464 3774 2600 3829 fieri.

2268 3847 2392 3900 478.
2441 3846 2559 3899 Ald.
2593 3853 2648 3898 et
2693 3845 2812 3898 Rat.
2867 3841 3068 3899 recen’ti
3105 3859 3304 3907 manu,
3356 3846 3626 3914 prioribus
3672 3849 3801 3904 aliis

2195 3918 2418 3972 omnino
2442 3916 2648 3986 abrasis
2672 3956 2687 3980 ,
2728 3914 2838 3968 Nec
2867 3918 3157 3985 prwscripto
3188 3917 3360 3982 aliquo
3384 3915 3529 3983 pellit
3557 3921 3652 3986 pia
3677 3930 3800 3973 rota

2196 3988 2455 4041 mathesis.
2493 3985 2793 4040 Voluerunt
2821 3997 3066 4039 recentes
3093 3998 3449 4050 correctores,
3483 3985 3738 4042 mathesis
3768 4007 3801 4044 a

2198 4058 2487 4113 Prudenrio
2512 4057 2743 4110 secunda
2775 4057 3027 4125 producta
3049 4057 3252 4123 efierri,
3277 4058 3397 4124 quia
3427 4058 3528 4126 ipsi
3559 4063 3630 4114 ita
3665 4059 3803 4115 επε-

2197 4129 2404 4185 rebaut.
2441 4129 2494 4182 In
2515 4127 2677 4199 Egm.
2707 4128 2985 4199 perscripto
3006 4138 3089 4199 est
3119 4141 3217 4196 pro
3240 4130 3559 4199 ρνιιιεαιὶριο,
3607 4135 3802 4184 Λευ-ο-

2199 4198 2632 4324 logiilirpraecipue
2671 4197 2911 4252 mathesis
2943 4198 3158 4252 nomine
3196 4199 3409 4255 solebat
3445 4197 3474 4253 a
3514 4202 3801 4257 veteribus

2199 4282 2307 4324 Inlte
2351 4286 2441 4324 121.

2197 4271 2441 4340 intelligi.

2266 4339 2391 4397 482.
2440 4341 2590 4405 Rat.,
2631 4339 2832 4396 Widm.
2853 4379 2869 4404 ,
2915 4339 3082 4409 Bong.
3107 4382 3123 4403 ,
3153 4340 3306 4396 Alex.
3338 4355 3367 4395 a
3398 4341 3568 4404 prima
3604 4357 3798 4406 manu.

2196 4411 2429 4475 Thuan.,
2463 4409 2856 4485 tnerqueRott.
2879 4451 2894 4473 ,
2915 4411 3038 4485 ‘Gi_s_.
3063 4412 3131 4485 ad
3152 4427 3330 4485 orum.
3359 4411 3798 4485 Sich.._ﬁngere.

2197 4485 2324 4550 Alii,
2359 4485 2530 4552 ﬁgere,
2565 4482 2704 4549 quod
2730 4480 2953 4549 arripuit
2983 4481 3230 4537 Heinsius
3252 4521 3268 4548 ,
3295 4483 3418 4552 quia
3448 4480 3678 4537 verbum
3714 4494 3799 4539 est

2197 4554 2654 4610 mathematicum.

2267 4626 2392 4680 485.
2445 4623 2565 4696 Huc
2603 4622 2763 4688 ades,
2795 4636 2964 4690 genus
3005 4622 3258 4693 loquendi
3303 4622 3528 4695 Virgilio
3557 4623 3799 4696 aliisque

514 4718 628 4772 reus
657 4702 761 4772 ipse
785 4694 873 4771 per
900 4699 1123 4772 amplum
1154 4699 1441 4772 Ingenium.
1486 4698 1599 4754 Gis.
1633 4700 1900 4772 in‘tcxtu,
1929 4696 2096 4772 quies
2124 4704 2178 4766 Ῑ)
2205 4694 2711 4772 frequentissimum.

513 4767 705 4839 Jureti,
734 4767 912 4840 suopte
942 4767 1177 4826 Arbitrio.
1209 4767 1443 4834 Tlmanu
1471 4777 1653 4840 suapte
1682 4768 1704 4820 l
1715 4768 1919 4837 ngenio.
1941 4767 2100 4840 Prior

505 4837 891 4905 'llutt.,isunnte
919 4841 1162 4913 lngwnio:
1191 4843 1344 4913 alter
1365 4882 1382 4906 ,
1413 4837 1908 4913 suoptelugenium.
1941 4838 2099 4892 licin-

513 4914 623 4966 sius
671 4913 838 4966 edidit
884 4909 1060 4978 suopte
1106 4912 1347 4966 Arbitrio.
1413 4909 1516 4965 Sed
1557 4910 1630 4964 ait
1659 4909 1819 4962 si-rilii
1850 4916 2098 4977 oportere

512 4985 600 5037 sed
633 4986 687 5044 ﬁt
723 5001 835 5036 reus
860 4985 967 5048 ipse
993 4992 1193 5050 suapte.
1234 4980 1524 5048 lngenitum
1561 4979 2094 5050 placitumqucnefas.

514 5054 734 5109 Scilicet
762 5047 970 5120 suapte,
1004 5047 1098 5106 sua
1140 5061 1336 5122 sponte.
1378 5051 1627 5122 Intelligit
1654 5057 1862 5105 autem.
1900 5047 2096 5122 ingeni:

511 5136 614 5177 tum
665 5124 811 5193 nefas
857 5118 977 5176 ἐξελε
1023 5118 1296 5186 peccatum
1353 5121 1610 5193 originale
1634 5162 1661 5193 ,_
1698 5127 1756 5193 tit
1799 5118 2098 5193 “33.915

515 5189 748 5258 Apotlt.,
800 5193 860 5245 Et
889 5202 1021 5246 tenet
1052 5198 1298 5257 ingenuas
1327 5189 1614 5243 animarum
1645 5189 1862 5256 infantia
1891 5189 1943 5241 in
1973 5201 2089 5242 ortu

512 5263 678 5317 Primi
698 5264 916 5317 hominis
940 5265 1188 5316 maculas.
1216 5263 1392 5330 Neque
1415 5261 1633 5314 Ile-nsio
1653 5260 1891 5327 displicet
1911 5267 2090 5328 suapte

510 5337 734 5404 ingenio.
783 5333 870 5404 Sic
898 5333 1154 5404 ingenium
1185 5347 1280 5397 pio
1309 5348 1407 5394 ing-
1429 5345 1537 5384 n-ta
1563 5331 1721 5404 animi
1751 5333 1801 5380 vi
1824 5369 1838 5388 ,
1871 5341 1958 5381 aut
1992 5345 2087 5404 pro

511 5399 699 5458 initura
736 5403 857 5466 toni
900 5399 1152 5470 Apuleius
1183 5418 1583 5470 nonnunquam.
1629 5399 1979 5470 Miltirvernm
2011 5399 2087 5453 vi-

513 5477 668 5527 detur
697 5486 873 5542 suopte
896 5476 975 5526 vel
1006 5483 1183 5541 suapte
1211 5469 1450 5535 arbitrio,
1482 5483 1539 5525 ut
1577 5473 1735 5522 homo
1768 5469 2089 5539 intelligatur

513 5559 736 5614 peccare
768 5561 865 5597 suo
891 5561 937 5596 al
957 5544 1112 5614 bitrio
1141 5555 1192 5595 et
1222 5552 1412 5611 sponte
1441 5557 1554 5596 sua.

585 5616 710 5669 475.
743 5615 887 5679 Aid.,
915 5613 1182 5682 suppliciis
1211 5609 1264 5664 et
1290 5625 1462 5665 mento
1490 5628 1509 5665 :
1536 5620 1717 5666 contra
1750 5620 1976 5665 metrum
2005 5609 2089 5664 in-

509 5686 744 5754 t‘r'ndgtur
771 5696 836 5740 et.
869 5684 1021 5749 Urb.,
1053 5700 1114 5735 ne
1142 5694 1314 5746 sorte;
1348 5687 1460 5751 lege
1488 5700 1586 5735 non
1617 5691 1766 5754 sorte.

578 5747 1015 5827 '.i"i'0.p.i’l,eriquc,
1035 5755 1243 5822 quisque
1277 5747 1418 5827 putat
1449 5754 1554 5822 fato
1576 5769 1682 5827 esse
1711 5752 1902 5827 locum.
1935 5747 2088 5827 Urb.,

514 5836 675 5888 putet.
721 5819 1217 5894 Aldufquis'putat
1257 5819 1361 5875 esse
1403 5819 1567 5874 locum
1609 5824 1714 5886 fato
1743 5861 1755 5884 ,
1789 5819 1992 5875 scilicet
2036 5820 2088 5871 in

2273 4763 2397 4818 484.
2433 4765 2576 4826 Rat.,
2604 4772 2785 4828 vacat;
2823 4777 3011 4832 supra,
3043 4773 3208 4819 vocat.

2267 4835 2392 4908 486.
2425 4834 2550 4908 Post
2572 4834 2710 4888 hunc
2740 4848 2950 4908 versum
2972 4835 3131 4908 verba
3159 4835 3274 4908 hac
3293 4842 3418 4908 sunt
3435 4834 3754 4908 Symmachi
3776 4855 3795 4893 :

2200 4905 2402 4960 Accedit
2430 4904 2645 4964 utilitas,
2675 4920 2788 4971 qua:
2813 4907 3030 4958 maxime
3051 4905 3244 4958 homini
3268 4907 3390 4959 deos
3412 4904 3618 4962 asierit.
3649 4906 3797 4963 Nam

2199 4992 2316 5030 cum
2347 4976 2475 5048 ratio
2505 4976 2746 5048 omniain
2774 4985 2948 5048 operto
2976 4977 3038 5028 sit
3065 5016 3080 5038 ,
3125 4980 3261 5029 unde
3302 4977 3490 5030 rectius
3531 4993 3691 5048 quam
3730 4980 3797 5033 de

2200 5046 2442 5120 memoria
2474 5055 2625 5120 atque
2646 5045 2974 5120 documentis
2996 5061 3165 5098 rerum
3192 5045 3796 5120 secundanichgnitio

2200 5117 2332 5169 venit
2359 5117 2660 5189 numinum?
2683 5116 2736 5170 lu
2769 5115 2912 5180 Rut.,
2939 5115 3061 5168 deos
3084 5133 3192 5172 esse
3215 5119 3416 5171 asserit.
3450 5118 3599 5187 Ald.,
3627 5115 3794 5189 quam

2196 5203 2457 5241 memoria.

2269 5258 2393 5310 487.
2439 5257 2554 5312 Rat.
2580 5297 2597 5321 ,
2636 5256 2679 5308 si
2719 5254 2866 5308 multi
2894 5257 3087 5310 duxere
3125 5258 3226 5310 dei.
3257 5259 3412 5314 Alex.
3437 5299 3453 5322 ,
3487 5259 3578 5312 sed
3616 5258 3788 5311 multi.

2203 5327 2358 5398 Urb.,
2383 5329 2473 5381 sed
2495 5327 2657 5379 multa
2683 5327 2874 5379 duxere
2902 5326 2998 5398 dii,
3023 5328 3162 5395 quod
3189 5329 3392 5384 Plamiit
3421 5329 3576 5393 Aldo,
3612 5345 3794 5398 neque

2198 5397 2326 5452 mihi
2353 5398 2621 5468 displicet.
2652 5398 2814 5452 Recte
2842 5397 3254 5468 enitnprospera
3284 5400 3447 5454 multa
3477 5416 3497 5454 :
3523 5415 3647 5454 nam
3675 5397 3793 5468 agi-

2199 5477 2283 5521 tur
2330 5468 2396 5520 de
2441 5467 2708 5532 utilitate,
2757 5480 2913 5537 quam
2970 5465 3101 5523 deos
3133 5465 3388 5526 attulisse
3424 5465 3794 5543 Symmachus

2199 5537 2514 5590 affirmabat.
3732 5543 3734 5548 ’

2195 5543 2514 5591 affirmabat.
3732 5543 3734 5548 '

2273 5607 2400 5662 489.
2435 5607 2577 5672 Rut.,
2607 5607 2906 5679 subjecerat,
2931 5609 3130 5663 recenti
3153 5626 3343 5675 manu;
3376 5627 3483 5667 non
3514 5612 3674 5668 bene.
3714 5613 3792 5668 De

2202 5676 2301 5731 hac
2341 5676 2716 5750 superstitione
2755 5678 3115 5750 Romanorum
3141 5721 3157 5747 ,
3191 5684 3278 5750 qui
3306 5683 3511 5737 auiilio
3555 5683 3791 5737 deorum

2199 5761 2263 5823 ἐξ
2294 5750 2478 5823 ρτιςειη
2523 5746 2800 5823 stibegisse
2839 5746 3158 5823 iactabant,
3199 5746 3298 5823 legi
3344 5756 3508 5808 etiam
3559 5763 3790 5823 possunt

2200 5817 2457 5872 Minucius
2485 5827 2540 5872 et
2561 5817 2916 5874 Tertullianus
2943 5833 3063 5888 cap.
3091 5821 3164 5876 ‘25
3193 5817 3420 5894 Apolog.
3472 5817 3788 5880 lso'indicat
