4024 6292
466 4695 468 4697 -
563 4665 683 4720 dem
711 4664 921 4718 Macedo
945 4675 1001 4719 et
1031 4664 1228 4719 Maceta
1249 4666 1431 4719 cadent

528 359 633 414 ‘22?»

705 477 812 536 Sed
831 478 985 547 dicis,
1003 479 1196 551 legisse
1218 478 1366 543 deos,
1395 475 1483 531 ubi
1507 474 1737 530 sanctior
1764 487 1889 527 usus

529 568 636 627 540
709 569 1052 640 Templorum
1079 569 1222 624 cultu
1247 564 1448 623 celebri
1492 566 1608 620 sine
1637 564 1740 620 fine
1762 570 2024 629 maneret,

709 661 1109 733 IEneadumque
1137 661 1275 716 ultro
1303 658 1542 714 victricia
1579 659 1728 728 signa
1757 656 1992 712 virorum

707 752 867 818 Regis
894 768 1077 809 amore
1106 752 1313 819 Numae,
1345 749 1492 806 nullo
1522 758 1768 817 cogente,
1793 756 2028 804 secutos.

705 845 839 901 Num
863 845 1126 900 Diomedis
1147 845 1274 899 item
1305 841 1530 899 tentoria
1552 881 1569 908 ,
1597 851 1650 897 et
1687 841 1826 895 acris
1860 838 2033 909 Ulyssi

709 937 890 994 Castra
919 938 1104 994 volens
1151 936 1359 1001 Pallas,
1387 935 1543 989 caesis
1571 932 1882 988 custodibus
1917 929 2058 986 arcis
2081 967 2099 996 ,

531 1033 634 1089 545
707 1030 878 1102 Legit,
902 1031 989 1085 ubi
1017 1029 1258 1084 humenti
1295 1028 1715 1111 sudaretmoesta
1746 1013 1962 1093 sigillo?

704 1125 865 1196 811
900 1125 1006 1177 Aut
1030 1122 1238 1193 quoties
1263 1119 1455 1175 ductor
1481 1116 1754 1176 Macedum
1783 1114 2105 1170 fortissimus

1875 1207 2034 1281 [altos

706 1305 1054 1376 Templorum
1081 1304 1294 1361 cineres
1317 1304 1476 1360 victis
1502 1303 1792 1359 cumulavit
1833 1300 2101 1376 Amyclis:

709 1398 970 1468 Optarunt
999 1397 1190 1466 praedis
1217 1396 1421 1451 domini
1461 1412 1520 1452 se
1549 1394 1768 1450 numina
1809 1403 1960 1464 capta

714 1489 943 1555 Misceri,
969 1490 1312 1560 Assyriaeque
1332 1489 1455 1544 vehi
1499 1489 1782 1560 Babylonis
1807 1487 1872 1541 ad
1896 1487 2103 1543 arcem?

538 1582 642 1643 550
715 1581 826 1637 Non
861 1581 995 1646 fero,
1027 1581 1326 1637 Romanum
1354 1597 1574 1648 nomen,
1611 1579 1902 1651 sudataque
1937 1579 2096 1648 bella,

711 1673 776 1733 Et
803 1673 1012 1741 titulos,
1047 1681 1195 1728 tanto
1231 1673 1485 1744 quaesitos
1530 1673 1790 1744 sanguine
1813 1713 1828 1739 ,
1860 1671 2028 1737 carpi.

1624 359 1710 415 AU
1723 358 1892 413 ιιι·;ι.ιι
1937 355 2296 413 PRUDENTII
2335 353 2418 411 CA
2428 352 2657 410 RMINA.

2128 474 2183 535 Α

3674 345 3792 406 224

2384 466 2629 524 Detrahit
2656 464 2870 520 invictis
2895 462 3214 534 legionibus,
3244 469 3297 518 et
3326 475 3422 518 sua
3450 461 3638 517 Romae

2381 560 2605 617 Praemia
2615 555 3255 628 diminuit,qui,quidquid
3267 554 3475 610 fortiter
3483 562 3662 608 actum
3676 560 3759 607 est
3771 594 3786 618 ,

2378 652 2614 710 Ascribit
2641 651 2864 708 Veneri:
2897 651 3128 721 palmam
3159 648 3454 704 victoribus
3479 647 3672 703 aufert.

2203 750 2312 809 555
2383 749 2601 806 Frustra
2646 749 2807 819 igitur
2833 760 3024 801 currus
3053 758 3266 800 summo
3291 743 3551 798 miramur
3577 741 3630 796 in
3655 753 3792 795 arcu

2387 848 2552 919 812
2580 843 2955 914 Quadriiugos,
2981 848 3291 910 stantesque
3327 838 3494 895 duces
3521 837 3576 892 in
3605 835 3820 891 curri—7

3421 931 3545 1005 [bus
3566 931 3710 995 altis,

2381 1031 2678 1097 Fabricios,
2701 1028 2916 1094 Curios,
2947 1027 3071 1083 hinc
3093 1027 3314 1091 Drusos,
3343 1025 3469 1080 inde
3500 1024 3788 1089 Camillos,

2381 1124 2494 1179 Sub
2543 1121 2874 1192 pedibusque
2903 1119 3098 1175 ducum
3123 1118 3368 1187 captivos
3410 1117 3613 1188 poplite
3643 1114 3791 1169 flexo

2382 1213 2462 1270 Ad
2505 1214 2629 1284 juga
2661 1212 2980 1284 depressos,
3031 1210 3406 1279 manibusque
3430 1210 3486 1263 in
3517 1217 3670 1275 terga
3699 1219 3791 1260 re—

3506 1299 3686 1372 [tortis
3700 1339 3715 1362 ,

2207 1395 2316 1456 560
2388 1397 2456 1453 Et
2481 1408 2738 1467 suspensa
2776 1393 2925 1465 gravi
2973 1394 3202 1450 telorum
3252 1392 3512 1463 fragmina
3557 1400 3788 1444 trunco:

2397 1487 2456 1548 Si
2487 1488 2758 1543 Brennum
2784 1527 2801 1555 ,
2833 1484 3183 1551 Antiochum,
3221 1483 3443 1551 Persen,
3476 1483 3744 1555 Pyrrhum
3770 1520 3788 1546 ,

3305 1574 3716 1647 [Mithridatem,

2384 1673 2543 1730 Flora
2565 1713 2583 1741 ,
2626 1673 2823 1739 Ceres,
2879 1671 3082 1728 Matuta
3109 1677 3166 1728 et
3191 1669 3492 1726 Larentina
3542 1665 3786 1736 subegit.

1841 1765 2125 1824 GLOSSIE
2163 1768 2508 1826 VETERES.

605 1864 730 1922 559.
761 1864 926 1935 Dicis,
951 1879 982 1918 ο
1004 1863 1330 1935 Symmache,
1347 1861 1404 1935 _l.

606 1936 731 1992 540.
757 1934 986 2003 Celebri,
1018 1933 1310 2003 venerabili,
1345 1933 1385 1987 l.
2067 1987 2070 1990 ,

604 2007 730 2062 542.
761 2003 967 2071 Ntlmze,
999 2006 1276 2076 imperator
1300 2005 1396 2073 [uit
1420 2003 1783 2076 Romanorum,
1811 2003 1893 2071 qui
1914 2003 2109 2076 primus

539 2073 1282 2200 culturazuudco'rum'invenit
1306 2116 1323 2143 ,
1374 2086 1430 2128 ut
1471 2073 1716 2147 populum
1765 2083 2021 2128 revocaret
2048 2073 2110 2127 ab

539 2165 707 2200 [more
769 2164 795 2200 e
840 2166 896 2200 l.
952 2183 968 2200 ο

539 2165 707 2204 sutore
738 2149 852 2202 belli
877 2189 896 2214 ,
928 2149 968 2200 1.

607 2219 732 2272 545.
768 2217 1071 2288 Diomedis,
1103 2216 1280 2288 fabula
1324 2224 1563 2288 nota_est
1587 2216 1642 2270 in
1697 2214 2108 2288 Virgilio;_cum

542 2287 813 2343 Diomedes
839 2298 886 2341 et
913 2285 1118 2358 Ulgsses
1143 2297 1420 2358 rapuerunt
1443 2285 1760 2353 Palladium,
1784 2285 2111 2341 ascendentes

542 2375 742 2413 murum
771 2375 859 2425 per
889 2357 1169 2428 (miculas,
1198 2357 1244 2410 et
1270 2359 1560 2412 detulerunt
1578 2358 1631 2410 id
1666 2359 1720 2412 in
1753 2358 1933 2411 castris
1961 2359 2066 2411 suis
2091 2401 2107 2425 ,

543 2431 627 2514 tibi
655 2438 801 2556 gluttu
837 2429 1101 2502 sanguinis
1140 2429 1394 2496 sudabat;
1415 2430 1552 2499 quod
1586 2438 1693 2483 erat
1725 2430 1925 2500 signum
1954 2429 2116 2483 tristi-

544 2509 656 2556 ηαξ.
704 2514 787 2556 so.

544 2502 625 2554 tice
641 2544 656 2568 ,
681 2502 787 2556 lso.

611 2572 737 2644 545.
768 2571 942 2644 Legit,
971 2569 1419 2644 elegit.—Sigillo,
1446 2570 1755 2644 simulacro,
1788 2571 1828 2626 l.

614 2643 740 2767 5461.
767 2638 996 2710 Ductor,
1029 2638 1708 2711 Alexandeh—Macedum,
1743 2638 1835 2714 pro
1867 2638 2111 2694 Macedo-

619 2729 690 2767 m.
736 2753 753 2767 .

547 2729 690 2778 num,
711 2729 753 2768 ι.

600 2783 727 2842 548.
756 2783 1039 2856 Optatum,
1065 2784 1378 2854 obtulerunt,
1407 2784 1681 2858 elegerunt,
1714 2784 1754 2839 l.

2135 1881 2184 1944 Β
2250 1933 2262 1944 ,
2280 1863 2405 1944 550.
2431 1860 2556 1944 lion
2592 1859 2727 1928 fero,
2751 1875 2853 1915 non
2883 1860 3131 1925 sustineo,
3161 1873 3263 1914 nan
3287 1851 3788 1928 patior.——Sudata,

2212 1933 2495 1997 elaborata,
2520 1932 2563 1986 l.

2285 2005 2411 2060 551.
2443 1995 2673 2068 Titulus,
2700 1998 3191 2069 honores.—Carpi,
3244 1997 3542 2069 vituperari,
3569 1995 3611 2050 I.

2285 2075 2409 2130 552.
2445 2065 2702 2199 Detrahit,
2744 2091 2774 2129 ο
2817 2065 3565 2147 δυτηηιαεὴε’.-έ-1..θείὸηὶι)ιιε,
3603 2065 3794 2122 Ronta~

2285 2161 2417 2199 Γιιητ.
2474 2185 2488 2198 ο

2213 2161 2417 2213 norum,
2450 2161 2488 2199 I.

2283 2211 2410 2272 555.
2442 2215 2718 2280 Diminuit,
2740 2217 2930 2272 scilicet
2957 2216 3043 2284 qui
3069 2214 3193 2268 talia
3219 2212 3357 2274 dicit,
3386 2211 3426 2265 1.

2287 2285 2416 2344 555.
2451 2286 2506 2340 ιιι
2534 2302 2686 2352 arcu,
2710 2289 2760 2341 in
2780 2280 2989 2358 fornice,
3020 2287 3073 2339 in
3095 2287 3241 2356 cujus
3267 2283 3561 2336 summitate
3581 2280 3796 2351 quadri-

2210 2359 2578 2432 iuaeawrye
2605 2359 2932 2432 ξοςιιρεθαηις
2965 2359 3006 2411 ι-

2293 2428 2418 2484 557.
2475 2423 2776 2495 Fabricios,
2834 2430 2987 2483 duccs
3046 2427 3394 2480 Romanorum
3445 2423 3797 2478 nobilissimos

2215 2508 2578 2556 commemorat
2603 2499 2704 2566 hic,
2734 2500 2776 2555 Ι.

2292 2570 2416 2625 561.
2453 2571 2743 2636 Brennum,
2774 2570 2951 2625 ducem
2981 2565 3693 2633 Gallorum—Antiochum,
3719 2581 3796 2617 re-

2219 2657 2334 2712 gem
2350 2640 2600 2713 Sgrjre.-—
2617 2635 2813 2713 PerSen
2830 2683 2845 2707 ,
2871 2657 3034 2713 regem
3065 2635 3799 2713 Macedonum.-_—Pyrrhum,

2217 2707 2412 2783 regent'
2433 2707 3030 2783 Epiri—Mithridatem
3049 2752 3066 2778 ,
3094 2726 3258 2783 regem
3292 2709 3478 2773 Ponti,
3511 2707 3553 2763 l.

2290 2782 2416 2838 562.
2452 2781 2635 2849 Flora,
2658 2783 2772 2849 dea,
2804 2783 2847 2838 Ι.

1890 2864 2444 2935 COMMENTARIUS.

617 2971 747 3028 540.
787 2971 933 3037 Rat"
970 2971 1151 3036 Fabr.,
1195 2972 1340 3026 cultu
1367 2971 1592 3026 celebris.

619 3042 744 3104 544.
795 3042 962 3097 Jureti
1007 3043 1198 3108 codex,
1231 3044 1351 3096 Ald.
1377 3082 1394 3108 ,
1446 3042 1562 3096 Vat.
1597 3043 1640 3096 A
1667 3083 1682 3108 ,
1726 3040 1917 3106 Alex.,
1963 3041 2118 3104 Urb.,

549 3113 772 3177 Caucb.,
822 3113 1095 3168 Heinsiani
1147 3115 1421 3181 plerique,
1455 3115 1589 3176 PaL,
1639 3111 1930 3168 custodibus
1965 3113 2119 3166 arcis.

2300 2972 2425 3026 555.
2467 2972 2569 3027 Alii
2613 2971 2880 3037 deminuit,
2914 2970 3004 3026 alii
3030 2970 3264 3027 diminnit
3292 2969 3553 3028 scribunt.
3586 2967 3802 3038 Quaerat

2228 3043 2423 3111 aliquis
2449 3059 2623 3098 annon
2651 3046 2834 3100 eadem
2856 3047 3063 3098 ratione
3096 3044 3308 3112 praemia
3337 3044 3659 3105 diminuam,
3694 3042 3804 3108 qui,

2229 3116 2487 3184 quidquid
2520 3115 2732 3170 fortiter
2759 3126 2931 3169 actum
2967 3126 3048 3168 est
3085 3129 3113 3166 a
3157 3113 3469 3168 Christianis
3499 3112 3804 3184 militibus,

551 3185 696 3250 Bat.,
716 3181 1006 3237 custodibus
1021 3183 1188 3237 ultro:
1209 3183 1372 3252 Legit.
1389 3181 1528 3248 Gis.,
1554 3181 1771 3250 Weitz.,
1791 3185 1926 3254 alter
1949 3184 2118 3247 Both,
2149 3183 2198 3247 ο
2229 3181 2501 3239 ascribunt
2549 3187 2803 3254 peculiari
2855 3186 3052 3239 auxilio
3095 3185 3210 3238 Dei.
3256 3181 3804 3254 Verumﬁbristiani,

551 3265 604 3310 et
634 3255 819 3310 BOher.
864 3256 1005 3308 caesis
1050 3254 1361 3319 custodibus,
1408 3257 1540 3307 ultro
1569 3254 1733 3324 Legit.
1791 3253 2020 3308 Primam
2050 3254 2124 3308 le-

552 3327 787 3381 ctionem
807 3326 1087 3378 conlirmat
1109 3326 1279 3391 locus,
1303 3335 1352 3378 et
1371 3340 1554 3378 versus
1577 3325 1804 3391 Virgilii,
1819 3340 1974 3392 quem
1995 3325 2125 3377 Pru-

554 3397 765 3452 dentius
816 3395 1084 3460 imitatur,
1145 3396 1239 3449 lib.
1283 3411 1317 3448 ll
1362 3394 1604 3464 Aineid.,
1661 3395 1953 3448 Palladium
1982 3396 2125 3449 clasis

555 3481 764 3522 summa
782 3466 1070 3520 custodibus
1088 3466 1243 3520 arcis.
1329 3503 1340 3509 -

627 3538 754 3592 545.
811 3537 969 3601 Ald.,
1004 3535 1134 3594 Fab.
1159 3579 1174 3601 ,
1209 3537 1418 3590 Thuan.
1450 3547 1504 3591 et
1536 3537 1858 3592 vetustiores
1899 3535 2123 3602 lleinsii,

557 3608 736 3672 Alex.,
769 3606 1076 3679 Urb.,ﬁVat.
1124 3609 1189 3669 A.
1221 3607 1362 3679 legit,
1388 3609 1490 3679 ubi.
1524 3609 1670 3663 Siclt.
1697 3649 1712 3673 ,
1744 3608 1856 3662 Gis.
1883 3610 1947 3662 ad
1976 3623 2124 3660 oram

557 3679 583 3734 1
614 3679 726 3743 ed.,
759 3679 907 3750 Rat.,
935 3677 1128 3732 Weitz.
1158 3677 1414 3750 cuni_snis
1465 3677 1608 3750 legit,
1642 3689 1717 3733 ut.
1763 3679 1880 3732 Vat.
1937 3683 1976 3732 A
2001 3720 2015 3739 ,
2046 3681 2126 3750 vi-

557 3751 711 3811 tiose,
739 3749 928 3814 sugillo
946 3765 1041 3817 pro
1067 3751 1256 3818 sigillo.
1281 3747 1599 3804 Prudentius
1625 3751 1750 3804 alibi
1774 3751 1932 3804 etiam
1955 3749 2124 3821 sigillo

559 3835 659 3890 pro
687 3829 863 3874 statua
909 3835 1033 3874 usus
1063 3831 1172 3885 est;
1205 3821 1292 3874 hic
1319 3831 1492 3874 autem
1537 3823 1756 3876 omnino
1785 3824 2000 3890 proprie
2032 3837 2128 3888 pro

561 3890 817 3954 Palladio,
867 3890 935 3944 de
973 3905 1078 3959 quo
1127 3891 1480 3959 Apollodorus
1528 3893 1778 3950 Bibliutli.
1832 3892 1925 3944 lib.
1969 3906 2048 3943 ιιι.
2081 3891 2127 3945 A

559 3962 696 4015 caelo
737 3962 837 4016 hoc
884 3961 1159 4028 delapsum
1205 3970 1311 4022 est,
1332 3971 1384 4015 et
1425 3962 1499 4014 llo
1528 3964 1636 4030 regi
1691 3962 1965 4015 traditum.
2001 3961 2127 4014 Erat

560 4043 734 4085 autem
766 4030 1128 4097 magnitudine
1166 4030 1496 4095 tricubiiale,
1537 4030 1718 4085 habitu
1747 4033 1899 4099 quasi
1947 4033 2125 4099 ingre-

561 4101 788 4166 dio-ntis,
812 4101 1000 4154 dextra
1024 4099 1226 4153 hastam
1257 4101 1515 4154 sublatam
1543 4101 1881 4169 prtcferebat,
1909 4101 2126 4156 sinistra

563 4171 740 4224 fusum
766 4177 821 4224 et
844 4171 1053 4240 colum;
1084 4172 1237 4238 cujus
1265 4171 1535 4224 historiam
1568 4172 1681 4226 fuse
1705 4182 1889 4226 narrat
1909 4172 2128 4240 Apollo-

545 4241 747 4304 ,dorns.
793 4239 1112 4296 Prudentius
1156 4242 1372 4307 respicit
1416 4241 1616 4310 Virgilii
1663 4244 1834 4296 locum
1863 4239 1988 4296 cit.’:
2027 4242 2128 4295 Via:

564 4313 782 4382 positum
812 4313 990 4365 castris
1011 4313 1357 4378 simulacrum,
1390 4328 1560 4366 arsere
1587 4329 1808 4366 corusca:
1832 4313 2126 4367 Luminibus

564 4381 1018 4454 ﬂanttnceiarrectis
1044 4423 1058 4444 ,
1089 4384 1351 4451 salsusque
1377 4400 1466 4454 per
1503 4394 1645 4436 artus
1668 4383 1841 4438 Sudor
1869 4385 1947 4454 iit.

632 4452 754 4506 546.
785 4453 899 4507 Vat.
935 4455 998 4517 A,
1030 4453 1188 4516 altus,
1215 4469 1317 4507 non
1352 4452 1505 4518 bene,
1535 4468 1628 4522 pro
1658 4456 1812 4508 altos.
1849 4453 2115 4508 Vetustin-

565 4535 654 4578 res
673 4523 940 4577 lleiusiani
961 4539 1088 4578 cum
1104 4523 1298 4587 Oxon.,
1332 4523 1478 4577 Rott.
1507 4526 1712 4591 priore,
1738 4529 1918 4578 ductor
1946 4523 2121 4578 Mace-

2229 3256 2320 3323 qui
2345 3257 2486 3309 ultro
2513 3253 2744 3312 fatentur
2766 3255 2897 3311 nihil
2928 3272 2985 3310 se
3008 3255 3203 3309 habere
3231 3255 3371 3323 quod
3395 3270 3424 3307 a
3452 3253 3562 3308 Deo
3585 3267 3695 3306 non
3721 3267 3801 3306 ac-

2228 3327 2487 3392 ceperint,
2515 3329 2680 3382 multo
2708 3328 2873 3393 magis
2912 3326 3150 3394 ejusdem
3175 3325 3546 3381 beneficentiae
3574 3324 3806 3377 libenter

2229 3399 2524 3469 attribuunt
2544 3399 2801 3469 quidquid
2830 3399 3084 3467 peculiari
3108 3396 3224 3469 ejus
3242 3396 3440 3469 auxilio
3463 3394 3668 3469 factum
3687 3407 3807 3448 esse

2229 3464 2779 3539 constiteritCNeque
2831 3464 3014 3523 tamen
3067 3468 3273 3539 idcirco
3325 3468 3461 3539 bona
3506 3464 3807 3539 hominum

2230 3552 2415 3606 Opera,
2444 3555 2562 3603 qum
2594 3536 2760 3596 libere
2785 3539 2998 3608 abipsis
3025 3537 3355 3603 efficiuntur,
3379 3536 3553 3606 gloria
3583 3549 3648 3590 ac
3672 3550 3802 3602 prae.

2231 3625 2281 3662 ιιι
2292 3624 2340 3661 l0
2368 3625 2426 3663 ca
2436 3621 2572 3664 rent.

2300 3679 2425 3734 554.
2466 3681 2616 3748 Quod
2644 3681 2715 3734 ait
2744 3681 2812 3737 de
2835 3681 3064 3747 Venere,
3094 3680 3160 3734 de
3184 3679 3303 3733 aliis
3323 3692 3533 3749 quoque
3576 3677 3684 3749 diis
3729 3677 3808 3731 in-

2241 3752 2451 3819 tellige:
2482 3767 2785 3820 quanquam
2822 3752 3046 3805 Veneris
3073 3751 3310 3804 victricis
3335 3748 3591 3819 templum
3611 3748 3809 3820 ﬂama!

2234 3835 2263 3874 a
2292 3818 2550 3889 Pompeio
2593 3818 2897 3878 dedicatum
2952 3824 3046 3875 fuit
3072 3864 3086 3888 ,
3119 3831 3172 3874 et
3223 3818 3573 3885 imperatores
3610 3818 3809 3873 Veneri

2235 3891 2440 3945 victrici
2471 3907 2596 3946 suas
2628 3895 2881 3948 victorias
2924 3894 3117 3960 passim
3145 3892 3501 3958 inscribebant,
3531 3889 3696 3958 cujus
3727 3889 3807 3944 rei

2242 3964 2499 4016 memoria
2531 3973 2709 4018 exstat
2742 3966 2794 4016 in
2828 3965 3058 4016 numinis
3081 3962 3373 4017 veteribus.

2302 4033 2426 4087 555.
2471 4033 2617 4101 Rat.,
2651 4037 2787 4088 alter
2814 4033 2998 4097 Rott.,
3026 4032 3253 4100 Weitz.,
3301 4048 3500 4087 summa
3553 4034 3810 4086 miramur

2229 4102 2284 4156 in
2308 4119 2443 4157 arce.
2480 4104 2749 4174 Plerique,
2778 4121 2975 4158 summo
2995 4106 3242 4157 miramur
3262 4105 3313 4157 in
3338 4119 3481 4158 arcu.
3516 4102 3693 4158 Jureti
3716 4117 3811 4157 co-

2230 4174 2354 4237 dex,
2399 4175 2669 4229 mirantur.
2701 4177 2943 4229 Heinsius
2988 4177 3058 4226 uit
3086 4191 3202 4227 arce
3226 4174 3295 4228 de
3347 4174 3616 4241 Capitolio
3643 4189 3811 4243 posse

2230 4243 2474 4313 intelligi,
2529 4262 2653 4300 arcu
2707 4259 2865 4300 arcus
2917 4244 3271 4313 trittmpha'cs
3319 4244 3623 4312 designare.
3674 4244 3816 4299 Vide

2227 4315 2394 4439 xtianli
2441 4332 2560 4385 qua:
2589 4317 2658 4372 de
2704 4331 2829 4371 arcu
2885 4325 2939 4371 et
2990 4329 3113 4371 arce
3163 4317 3341 4371 notavi
3390 4317 3455 4368 ad
3498 4331 3645 4370 vers.
3700 4314 3809 4368 525

2281 4396 2364 4439 οιιι
2387 4402 2428 4439 l.
2764 4424 2772 4432 .

2314 4387 2428 4443 ttlh.
2764 4424 2772 4432 .

2454 4458 2590 4525 Pal.,
2636 4424 2812 4528 Egm'”
2839 4459 3168 4528 quadrijngo,
3200 4456 3476 4528 mendose.
3522 4456 3810 4511 Juvenalis

2229 4534 2330 4581 sat.
2351 4529 2406 4590 8,
2437 4545 2574 4590 vers.
2602 4530 2637 4584 3
2670 4527 2695 4582 τί
2720 4530 2782 4582 Et
2810 4540 2995 4582 stantes
3026 4527 3335 4583 inicurribus
3357 4527 3696 4584 lEmiliunos.

563 4597 692 4668 tum,
719 4595 1079 4668 quodtenent
1111 4567 1454 4668 recentiores,
1475 4567 1578 4649 ntrtn
1611 4567 1767 4662 male,
1795 4593 2124 4665 quandoqui-
2150 4567 2207 4631 Β
2443 4567 3706 4668 ’ξιὲὶιῖᾉ
3737 4596 3806 4650 ad

635 4680 683 4719 m
711 4675 921 4718 Macedo
945 4675 1001 4719 et
1031 4675 1228 4719 Maceta
1249 4675 1431 4719 cadent
1453 4682 1584 4735 gens
1609 4675 1710 4721 est.

635 4735 761 4792 547.
803 4734 978 4801 Sich.,
1027 4737 1198 4791 Gis.l
1254 4738 1339 4790 rd.
1371 4737 1434 4790 ad
1480 4751 1669 4802 oram,
1715 4735 1896 4800 Fabr.,
1932 4737 2123 4805 Bong.,

2230 4668 2392 4737 pedes
2408 4669 2731 4737 iacentibus,
2761 4682 2812 4724 et
2852 4669 3154 4738 prostratis,
3191 4681 3248 4722 ut
3293 4669 3467 4723 adhuc
3487 4683 3718 4722 cernere
3745 4668 3810 4722 li-

2227 4748 2333 4794 cet.
2370 4739 2568 4809 Statius
2597 4741 2648 4794 in
2673 4740 3115 4809 Equo'Maximo:
3156 4738 3342 4793 Vacua:
3367 4755 3458 4809 pro
3486 4739 3677 4806 cespite
3705 4747 3806 4791 ter-

563 4805 789 4879 Cauch.,
839 4807 1108 4879 cumulavit
1137 4807 1200 4879 ab
1233 4806 1402 4860 Indis.
1454 4807 1704 4879 Heinsius
1746 4807 2118 4879 suspicabatur
2226 4825 2299 4862 ra:
2324 4808 2488 4862 xEnea
2511 4813 2695 4879 captiui
2724 4805 2911 4864 crinem
2936 4813 3049 4864 terit
3071 4811 3261 4879 ungula
3277 4805 3464 4864 Rheni.
3490 4805 3808 4877 Propertius

563 4877 982 4950 Apliidnis,_quaa
1005 4877 1424 4950 Lacedtemonia:
1443 4878 1692 4950 ditionis;
1727 4877 1848 4950 agit
1886 4879 2028 4930 enim
2059 4877 2126 4931 de
2224 4879 2320 4934 lib.
2354 4895 2420 4943 tv,
2444 4877 2582 4947 eleg.
2607 4881 2821 4936 ultima:
2856 4881 2964 4936 Sub
2985 4877 3198 4948 quorum
3221 4882 3405 4946 titulis,
3431 4879 3608 4950 Africa
3630 4889 3805 4941 tonsa.

563 4946 858 5016 belloquod
873 4947 1175 5014 Alexander
1190 4947 1404 5018 Magnus
1425 4963 1545 5001 cum
1568 4947 1986 5018 Lacedaemoniis
2009 4963 2126 5014 ges-

563 5019 654 5088 sit.
685 5020 914 5086 Agnovit
942 5027 1145 5078 autem.
1173 5017 1250 5088 sic
1295 5017 1455 5071 etiam
1501 5016 1726 5088 Amyclis
1757 5016 1875 5088 esse
1925 5017 2122 5072 locum.

569 5087 772 5142 Revera
803 5089 874 5141 ita
901 5090 1139 5156 plerique
1169 5087 1384 5156 legunt,
1406 5097 1479 5150 et,
1517 5099 1570 5141 ut
1602 5087 1968 5142 Lacedaemon
2000 5088 2127 5142 urbs

564 5167 648 5212 est
673 5158 1022 5225 Peloponnesi
1050 5159 1192 5226 regia
1212 5158 1454 5223 Menelai,
1472 5159 1544 5212 ita
1568 5158 1802 5226 Amyclae
1824 5162 1950 5211 urbs
1967 5165 2129 5213 etiam

568 5228 944 5294 Peloponnesi.
974 5226 1188 5282 Tindari
1219 5229 1385 5296 regia,
1417 5229 1654 5282 Castoris
1678 5240 1733 5281 et
1777 5228 2009 5282 Pollucis
2035 5245 2130 5298 pa-

567 5299 690 5350 tria.
722 5298 1088 5366 Aphidnarum
1118 5299 1398 5354 obscurius
1420 5299 1560 5368 apud
1589 5308 1798 5353 veteres
1839 5301 2132 5368 scriptores

566 5375 647 5420 est
673 5382 884 5422 numen.

637 5437 759 5506 548.
803 5437 1245 5506 Egm.,dominis,
1280 5452 1384 5494 non
1412 5439 1481 5494 ita
1513 5439 1670 5494 bene.

638 5504 778 5582 549.Δ
806 5504 1128 5582 b‘abr.,_Gis.
1166 5511 1234 5564 ad
1261 5522 1460 5582 marg"
1492 5507 1798 5582 Assyriaque
1822 5508 1933 5582 vehi
1964 5508 2137 5582 Babyf

569 5577 702 5631 lonis
724 5576 788 5652 ab
813 5592 952 5652 arte.
993 5577 1182 5652 Bong.,
1238 5576 1558 5652 Aissgr'iccque
1591 5576 1709 5634 ἰοεΙή
1755 5578 2032 5652 Babylonis
2071 5576 2134 5633 ab

569 5661 705 5773 ariae.
738 5648 926 5703 Melius
955 5646 1024 5700 ad
1057 5664 1243 5704 arcem.
1269 5646 1846 5722 Babyloneexstinctns
1867 5646 1950 5705 est
1970 5649 2133 5705 Alex-

569 5731 636 5771 ιιι
676 5734 758 5773 er.

569 5731 758 5773 snaer.

641 5787 768 5860 5‘50.
808 5789 881 5844 De
911 5787 1017 5856 hac
1037 5788 1213 5859 phrasi
1261 5790 1538 5860 sudataque
1579 5791 1712 5844 bella
1740 5789 1860 5846 vide
1890 5792 2072 5860 ltymn.
2099 5788 2136 5841 2

571 5850 751 5921 Cath.,
781 5873 918 5914 vers.
937 5853 1024 5914 7o.

2219 4951 2384 5021 jaces.
2414 4950 2577 5004 Tituli
2615 4962 2738 5006 sunt
2765 4952 3140 5021 inscriptiones
3167 4952 3330 5006 basis.

2300 5020 2424 5094 559.
2464 5022 2632 5094 {ureti
2665 5023 2864 5086 codex,
2894 5020 3166 5094 depressis,
3187 5023 3380 5075 minus
3423 5020 3583 5074 bene.

2303 5091 2425 5146 560.
2465 5091 2690 5160 Tropaea
2745 5091 2968 5162 proprie
3009 5104 3164 5146 erant
3197 5107 3426 5162 corpora
3459 5099 3648 5162 trunca
3677 5104 3807 5146 cum

2232 5162 2442 5228 spoliis,
2470 5166 2646 5231 qualia
2678 5161 2941 5231 hodieque
2973 5172 3185 5216 exstant
3214 5161 3397 5215 Romae
3423 5171 3548 5215 ante
3586 5161 3811 5230 Capito-

2234 5233 2386 5298 lium,
2417 5243 2469 5284 et
2500 5235 2661 5287 Mario
2685 5243 2860 5288 erecta
2889 5233 3157 5287 dicuntur.
3203 5234 3405 5287 Turres
3447 5233 3609 5286 etiam
3635 5271 3650 5294 ,
3684 5246 3811 5286 aras

2234 5312 2290 5356 et
2335 5302 2609 5373 columnas
2655 5319 2750 5369 pro
2797 5304 3010 5371 ιιοιιωίε
3047 5304 3253 5373 antiqui
3287 5303 3643 5364 adhibebant,
3697 5302 3812 5355 imo

2237 5381 2456 5426 truncos
2483 5371 2642 5426 rudes
2669 5374 2943 5436 arborum,
2974 5375 3166 5442 quibus
3182 5371 3359 5441 Vspolia
3373 5373 3809 5442 suspendebant:

2236 5458 2355 5508 qua:
2384 5444 2562 5496 omnia
2615 5445 2728 5496 fuse
2779 5440 3044 5512 explicata
3091 5440 3291 5497 videin
3322 5447 3462 5497 notis
3487 5440 3812 5512 Utirzeliidad

2237 5512 2547 5574 Minucium,
2565 5526 2688 5582 pag.
2713 5509 2958 5578 229,'ubi
2984 5514 3217 5582 explicat
3235 5514 3452 5568 Minucii
3474 5511 3638 5566 verba
3662 5527 3678 5565 :
3711 5509 3812 5565 Tot

2236 5583 2422 5655 dedit}
2447 5584 2634 5655 spolia,
2653 5593 2782 5655 quot
2798 5586 2869 5655 de
2907 5585 3134 5655 ge_ntibus
3162 5595 3207 5655 et
3234 5596 3448 5655 tropwa.

2308 5651 2433 5706 562.
2491 5650 2609 5706 Vat.
2638 5650 2704 5717 Α,
2739 5650 2924 5718 Flora,
2943 5652 3122 5720 Ceres,
3153 5650 3375 5710 Matuta.
3425 5653 3563 5720 Alii,
3591 5651 3762 5708 Flora
3789 5694 3808 5719 ,

2241 5720 2461 5782 Matuta,
2490 5719 2662 5777 Ceres.
2696 5724 2847 5792 Egm.
2869 5763 2888 5790 ,
2920 5725 3073 5778 Alex.
3101 5719 3133 5778 a
3155 5725 3326 5793 prima
3367 5739 3528 5778 manu
3550 5719 3570 5787 ⁷,
3615 5723 3812 5777 Larem

2242 5792 2389 5864 tina,
2406 5793 2779 5864 quodmelius
2805 5793 3023 5864 Heinsio
3043 5792 3436 5864 videturquam
3468 5793 3809 5848 Laurentina.

2240 5859 2499 5918 Weitrius
2546 5859 2890 5928 Egmondano
2943 5863 3164 5931 imputat
3217 5859 3562 5926 La'ruentina;
3607 5865 3813 5920 rectius
