4024 6292
185 400 300 458 925

365 614 556 668 Omina
584 613 845 679 laetiﬁcos,
879 623 933 670 et
964 614 1090 670 felix
1112 615 1260 670 aﬂ'uit
1277 617 1410 672 ales.

187 704 294 761 565
359 706 498 774 Quid
526 706 628 762 sibi
656 708 782 763 vult’
799 709 990 774 virtus,
1021 708 1150 778 quid
1181 709 1371 778 gloria,
1399 711 1445 765 si
1476 709 1766 769 Corvinum

369 800 532 871 813
567 799 774 858 Corvus
823 799 1131 872 Apollineus
1171 815 1380 871 penna,
1432 803 1514 858 vel
1557 813 1769 875 gutture

1514 894 1701 968 [juvit‘l

369 987 474 1042 Sed
498 996 676 1044 tamen
696 986 783 1044 hic
805 1002 994 1044 corvus
1013 1003 1112 1044 cur
1131 988 1296 1046 deluit
1324 989 1528 1044 exitiali

372 1079 529 1134 Forte
556 1079 666 1147 die,
697 1079 952 1137 infaustas
976 1089 1217 1151 tegerent
1245 1095 1368 1136 cum
1401 1081 1586 1136 lunera
1631 1081 1759 1138 Can-

1555 1175 1694 1244 [nas,

366 1267 756 1338 Oppeteretque
783 1282 945 1340 super
959 1278 1209 1338 congesta
1229 1267 1492 1324 cadavera
1513 1267 1733 1324 consul?

193 1363 298 1419 570
369 1362 476 1419 Cur
495 1364 760 1420 Cremerae
815 1365 870 1420 in
919 1363 1122 1434 campis
1173 1365 1408 1445 cornice,
1457 1367 1539 1421 vel
1585 1366 1767 1421 oscine

1516 1461 1694 1532 [parra

368 1548 533 1604 Nemo
575 1547 731 1604 deum
786 1547 989 1604 monuit
1016 1549 1282 1619 perituros
1332 1551 1502 1606 Marte
1551 1551 1770 1606 sinistro

365 1642 684 1699 Tercentum
727 1641 957 1710 Fabios,
1018 1644 1105 1699 vix
1177 1644 1344 1715 stirpe
1389 1645 1670 1715 superstite
1717 1644 1768 1698 in

1531 1734 1699 1806 [nno?

1269 399 1468 458 LIBER
1508 404 1547 458 ll
1585 405 1862 462 CONTRA
1897 407 2326 467 SYMMACHUM

370 515 463 570 His
480 524 658 572 tamen
685 517 986 588 auspicibus
1001 530 1280 573 successus
1292 518 1478 575 dextra
1502 520 1765 578 dederunt
1789 523 1842 584 Α

3338 419 3443 474 226

2041 526 2208 598 ειή
2232 525 2461 582 Nullane
2493 527 2755 584 tristiﬁcis
2778 528 2992 585 tritonia
3037 538 3229 586 noctua
3273 532 3451 591 Curris

2048 619 2404 686 Advolitans,
2482 631 2679 692 praesto
2753 639 2873 681 esse
2956 625 3109 681 deam
3161 631 3452 695 praenuntia

3167 715 3382 792 [ϐπ-ειεξο

1875 807 1981 865 575
2054 807 2333 864 Prodidit?
2353 817 2443 864 aut
2467 807 2720 878 Paphiam
2749 810 2920 867 niveae
2947 826 3139 868 vexere
3161 813 3450 880 columbae,

2042 897 2207 970 Cujus
2253 900 2555 957 inauratum
2606 911 2860 960 tremeret
2897 919 3028 974 gens
3059 905 3270 960 Persica
3341 906 3452 961 lim-

3191 997 3381 1070 [humi

2048 1085 2154 1142 Sed
2187 1085 2360 1152 video,
2392 1101 2510 1156 qua:
2556 1095 2608 1142 te
2649 1097 2896 1144 moveant
2939 1092 3179 1158 exempla
3229 1098 3450 1146 velusltB

2055 1178 2274 1233 Virtutis
2303 1195 2317 1232 :
2343 1176 2499 1247 dicis,
2527 1178 2784 1235 domitum
2819 1191 3087 1252 terraque,
3115 1181 3351 1254 marique

2046 1267 2242 1326 Orbem
2277 1290 2290 1325 :
2325 1287 2410 1327 res
2431 1273 2600 1337 laetas,
2618 1284 2672 1328 et
2695 1289 2946 1343 prospera
2966 1292 3185 1346 qua-que
3213 1281 3446 1333 retexis:

1873 1366 1978 1423 580
2049 1365 2194 1421 Mille
2214 1365 2600 1436 triumphorum
2627 1383 2891 1422 memoras
2915 1384 2980 1424 es
2999 1369 3184 1425 ordine
3207 1385 3444 1440 pompas,

2045 1457 2320 1528 Ductaque
2359 1472 2454 1527 per
2490 1457 2720 1514 mediam
2774 1459 3062 1530 Spoliorum
3101 1459 3298 1515 fercula
3345 1459 3448 1515 Ro-

3191 1551 3374 1624 [man].

2047 1641 2141 1696 Vis
2185 1640 2379 1706 dicam,
2423 1655 2540 1710 qua:
2571 1656 2728 1697 causa
2759 1650 2894 1709 tuos,
2935 1643 3205 1711 Romane,
3239 1643 3450 1700 labores

2050 1733 2108 1786 ln
2135 1742 2336 1787 tantum
2359 1733 2644 1788 extulerit?
2672 1737 2821 1790 oueis
2859 1735 3022 1804 gloria
3072 1736 3267 1792 latibus
3294 1746 3449 1794 aucta

1485 1850 1770 1908 GLOSSIE
1809 1848 2156 1909 VETERES.

266 1946 382 2001 565.
405 1944 524 2017 His,
546 1943 1754 2017 oSymmaclte.-—Successus,prosperitatesql.
1784 1948 1832 2010 Β
1931 1947 2055 2000 571.
2076 1943 2322 2017 S_in_islr0,
2356 1941 2586 2017 adverso,
2618 1942 2657 1997 Ι.

268 2017 384 2071 ὅθι.
403 2015 690 2083 Lmtilicos,
709 2018 1208 2088 jucundos.—Ales,
1237 2016 1425 2085 aquila,
1445 2016 1563 2084 quia
1593 2021 1641 2071 in
1662 2015 1754 2072 au-

198 2088 350 2157 spicio
380 2089 502 2147 (alia:
526 2100 632 2143 erat
657 2130 674 2154 ,
696 2089 800 2143 lso.

261 2159 378 2214 565.
412 2158 484 2217 Si.
506 2175 598 2225 pro
618 2157 1126 2221 nom—Corvinum,
1143 2159 1248 2212 dum
1271 2158 1614 2213 Romanorum
1635 2158 1755 2227 fuit,

198 2232 302 2296 qui,
329 2247 439 2284 cum
474 2231 702 2286 hostibus
723 2243 1033 2301 premeretur
1055 2273 1069 2295 ,
1099 2230 1284 2301 Apollo
1312 2232 1445 2284 misit
1475 2231 1520 2284 ei
1559 2245 1757 2285 corvum

197 2302 249 2354 its
272 2302 580 2372 adjutorium
602 2343 617 2366 ,
651 2319 748 2369 quo
780 2300 1022 2355 liberatus
1043 2300 1205 2362 est,’l.

263 2373 379 2428 566.
411 2372 745 2441 Apollineus.
788 2374 874 2440 qui
926 2372 1187 2442 Appollini
1207 2383 1524 2442 consecratus
1565 2383 1660 2428 est.
1691 2404 1761 2414 —

197 2444 383 2507 Penna,
414 2443 604 2497 volatu.
631 2441 977 2509 —‘Gutture,
997 2459 1134 2499 voce.
1157 2473 1227 2482 —
1247 2441 1408 2510 Juvit,
1435 2445 1486 2497 in
1514 2443 1722 2509 bello,l.

265 2516 382 2570 568.
408 2513 638 2586 Cannas,
700 2513 935 2582 ignobilis
966 2515 1102 2568 uicus
1127 2515 1349 2580 Apuliw,
1394 2516 1482 2568 sed
1511 2518 1766 2586 magnitu-

196 2589 311 2642 dine
336 2586 492 2639 cladis
521 2585 748 2654 famosus
779 2587 997 2652 emersit,
1023 2587 1106 2637 ubi
1151 2587 1545 2654 famosissimum
1580 2585 1765 2654 bellum

197 2658 318 2782 ἰατά
332 2659 450 2782 fuit,l
465 2660 674 2727 quando
699 2655 957 2711 Hannibal
979 2657 1292 2710 nobilitatem
1317 2657 1659 2712 Romanorum
1690 2660 1768 2713 in-

197 2741 266 2782 ter
290 2739 377 2782 εειι
392 2771 407 2782 .
460 2769 471 2780 .

197 2731 377 2795 terfecit
392 2771 407 2793 ,
431 2731 471 2782 l.

264 2801 380 2856 569.
411 2799 721 2868 Oppeteret,
749 2808 1042 2854 moreretur.
1092 2797 1380 2868 Cadavera,
1428 2813 1668 2870 corpora.
1695 2829 1764 2842 —

197 2872 403 2938 Consul,
433 2869 648 2928 Paulus.
679 2871 716 2926 Ι.

263 2944 378 2999 570.
406 2941 692 3004 Cremerae.
747 2943 921 2996 ciuitas
949 2940 1137 3016 Italite.
1166 2972 1235 2980 —
1255 2941 1470 3016 Oscine,
1522 2945 1762 3016 augurio,

198 3015 255 3069 ab
284 3031 363 3068 ore
381 3023 424 3067 et
454 3030 618 3079 cano;
646 3015 749 3068 avis
778 3015 1049 3085 augurium
1088 3015 1361 3083 quaerebat,
1412 3015 1616 3085 quando
1647 3032 1762 3070 cum

198 3085 476 3140 Hannibale
506 3087 767 3157 pugnavit.
794 3113 864 3126 -
889 3084 1070 3151 Parra,
1123 3085 1224 3139 auis
1255 3085 1390 3139 malo
1425 3084 1618 3157 Omine,
1649 3087 1690 3142 Ι.

1935 2017 2058 2071 572.
2088 2014 2298 2080 Fabios,
2322 2014 2406 2083 qui
2439 2028 2608 2066 omnes
2651 2015 2897 2081 interfecti
2933 2027 3068 2083 sunt.
3094 2031 3194 2068 uno
3223 2025 3446 2074 tantum-

1865 2089 2014 2143 modo
2037 2081 2435 2155 super.~tite,bqui
2459 2094 2631 2153 postea
2645 2101 2872 2156 magnus
2904 2081 3099 2140 Fabius
3139 2088 3301 2142 dictus
3345 2103 3440 2145 est.

1863 2189 1934 2202 —
1959 2154 2274 2226 Superstite,
2309 2165 2614 2226 remanente,
2644 2154 2745 2210 lso.

1936 2224 2060 2285 573.
2085 2228 2343 2284 'l‘ritonia.
2372 2228 2495 2297 quia
2527 2224 2769 2280 Minerua:
2793 2238 2870 2280 est
2896 2239 3209 2293 consecrata.
3244 2259 3313 2271 —
3341 2231 3448 2287 No-

1865 2311 2008 2367 ctua,
2035 2302 2144 2353 ideo
2167 2298 2375 2352 Palladi
2403 2307 2475 2351 est
2502 2308 2811 2362 Consecratur,
2861 2302 2979 2366 quia
3013 2313 3156 2352 nocte
3183 2301 3314 2356 videt
3340 2319 3358 2367 ;
3401 2315 3448 2360 et

1869 2372 2070 2436 Pallas,
2103 2387 2215 2437 qum
2238 2369 2492 2439 sapientia
2515 2369 2722 2432 dicitur,
2778 2369 2932 2423 nullis
2961 2369 3174 2425 tenebris
3221 2372 3446 2439 o/I'usea-

1870 2457 1973 2499 tur.
1998 2472 2067 2484 —
2095 2438 2542 2510 Carris,p0pulis,
2575 2439 2612 2492 Ι.

1939 2514 2062 2573 574.
2095 2515 2307 2575 Crasso,
2340 2512 2479 2572 duci,
2506 2510 2723 2576 consuli,
2759 2511 2796 2566 l.

1939 2587 2062 2643 575.
2095 2583 2372 2651 Paphiam,
2433 2580 2695 2636 Venerem.
2728 2611 2798 2623 —
2833 2581 3129 2652 Columba),
3175 2587 3267 2642 sub
3291 2587 3448 2644 tutela

1881 2657 2086 2714 Veneris
2107 2661 2270 2718 erant,
2297 2652 2336 2708 Ι.

1940 2726 2367 2798 576.¹[τθηιβτθι,
2385 2723 2908 2798 timeret.-Limbnm,
2927 2740 3016 2783 ora
3029 2731 3326 2798 vestimenti,
3343 2729 3444 2786 lso.

1939 2801 2065 2856 578.
2098 2796 2392 2862 Domitum,
2423 2797 2764 2866 subiugatum,
2794 2797 2896 2851 lso.

1937 2871 2064 2926 581.
2090 2869 2340 2935 Fercula,
2372 2883 2591 2932 mensas,
2611 2871 2979 2937 sustentacula,
3011 2872 3113 2928 lso.

1937 2943 2061 2996 582.
2093 2939 2357 3004 Romane,
2390 2954 2420 2991 ο
2455 2939 2782 3007 Symmache,
2813 2941 2853 2994 Ι.

1939 3012 2062 3068 585.
2095 3009 2335 3088 Fotibus,
2389 3011 2840 3088 nutrim-‘ntis._—
2877 3010 3151 3086 Fortibus,
3200 3017 3446 3088 principi-

1869 3086 1956 3140 bus
1978 3127 1992 3151 ,
2020 3081 2364 3148 nutrimentis,
2385 3079 2466 3135 vel
2484 3081 2716 3149 auxiliis,
2749 3082 2789 3136 Ι.

1529 3179 2092 3233 COMMENTARIUS.

1529 3179 1570 3230 (Ἰ
1750 3182 1764 3233 1
1961 3181 1973 3230 Ι
2077 3217 2092 3231 .

198 3271 433 3327 Heinsius
467 3270 657 3338 legerit
686 3268 982 3324 Larentina.
1016 3269 1138 3324 Haec
1165 3268 1263 3323 fuit
1303 3284 1436 3324 uxor
1475 3176 2220 3340 Faugrtiitzrlfﬁcucsladem
2244 3267 2523 3338 conjunxit
2546 3277 2646 3324 sat.
2692 3269 2727 3323 2
2755 3268 2868 3339 ,lib.
2901 3286 2916 3325 l
2950 3285 2965 3327 :
3006 3272 3149 3340 Quid
3202 3274 3447 3333 Cremerae

199 3346 366 3398 nutrix
397 3342 547 3397 Remi
578 3352 632 3397 et
656 3341 890 3402 Romuli.
914 3341 1068 3408 cujus
1091 3342 1142 3393 in
1163 3341 1424 3396 honorem
1455 3339 1756 3397 Larentalia

198 3423 318 3468 sunt
342 3414 598 3467 instituta.
629 3411 827 3466 Matuta
854 3411 976 3475 dea,
1006 3427 1123 3480 quae
1154 3421 1350 3481 praeest
1378 3413 1609 3481 tempori
1644 3429 1759 3468 ma-

200 3485 532 3539 tutino.H.ue
559 3483 722 3538 lectio
750 3483 868 3539 Vat.
894 3487 934 3537 Α
961 3483 1125 3548 magis
1154 3483 1364 3537 accedit
1387 3483 1454 3537 ad
1484 3485 1752 3540 rationem

198 3557 376 3618 metri,
407 3556 632 3624 ideoque
659 3570 687 3608 a
721 3555 872 3610 nobis
913 3553 1242 3624 prafferenda
1273 3562 1375 3610 est.

261 3626 383 3683 564.
423 3623 684 3681 Meursius
721 3627 774 3680 in
821 3623 1088 3678 nonnullis
1117 3625 1260 3693 vulg.
1295 3623 1496 3680 invenit
1545 3628 1715 3680 omnia
1741 3667 1756 3691 ,

198 3714 257 3754 ac
293 3709 433 3755 recte
479 3698 686 3752 monuit
725 3698 779 3752 in
828 3701 966 3749 notis
1011 3695 1075 3748 ad
1126 3697 1328 3750 Arnob.
1374 3697 1756 3764 corrigendum

199 3771 376 3825 omina.
411 3770 751 3824 Praevenerat
789 3767 977 3833 Aldus,
1008 3781 1166 3835 quem
1213 3777 1427 3822 secutus
1458 3779 1538 3822 est
1583 3766 1763 3824 Weit-

198 3843 322 3895 sius.
359 3841 542 3895 Omina
585 3840 904 3894 contirmant
933 3839 1122 3903 nostri,
1171 3837 1425 3894 meliores
1457 3838 1757 3908 Heinsiani,

200 3923 251 3967 et
275 3914 436 3967 codex
471 3911 660 3966 Jureti.

266 3981 384 4037 566.
409 3984 584 4037 Livius
613 3982 803 4050 lib.vtt,
831 3995 948 4050 cap.
975 3979 1070 4046 25,
1101 3979 1377 4036 historiam
1399 3982 1535 4037 hanc
1553 3991 1758 4038 narrat.

199 4024 392 4109 οοῖξιῖἐ.
410 4024 519 4123 ’ῥὶυό
527 4024 732 4108 ῖὶείιῖὲὄ
745 4024 968 4106 ’ἰνεῖἔῆὸ
980 4024 1260 4122 ’ὅιῖςῖιῖιῖζ
1274 4024 1535 4108 unus"
1552 4024 1760 4110 ἧὸὲὶἓιὶί

197 4136 384 4190 rostro,
414 4122 672 4195 unguibus
725 4123 930 4193 alisque
961 4122 1252 4195 turbabat:
1283 4138 1378 4178 cur
1419 4127 1593 4180 autem
1626 4125 1761 4180 Pru-

197 4195 398 4250 dentius
425 4194 566 4250 dicat
595 4195 672 4250 t'el
695 4204 918 4265 gutture,
949 4194 1083 4249 ratio
1129 4194 1232 4260 peti
1263 4197 1460 4265 poterit
1507 4211 1574 4250 ex
1603 4206 1762 4252 cantu

197 4270 509 4337 augurioque
534 4267 700 4329 corvi,
733 4269 881 4335 quasi
913 4266 1177 4337 crocitans
1210 4266 1262 4320 in
1301 4265 1508 4337 Gallum
1545 4267 1763 4322 insilue-

196 4335 280 4392 ritl
312 4335 559 4407 Virgilius
588 4353 605 4391 1
635 4337 826 4406 Georg.
864 4353 1005 4392 vers.
1063 4336 1169 4409 410
1219 4353 1231 4390 :
1289 4335 1435 4391 Corvi
1471 4353 1643 4409 presso
1689 4349 1764 4409 ter

198 4419 388 4478 gutture
413 4425 578 4476 uoces,
606 4413 704 4461 Aut
727 4419 906 4476 quater
923 4408 1235 4481 ingeminant
1254 4424 1273 4474 ;
1294 4416 1349 4462 et
1368 4408 1507 4465 vers.
1524 4409 1630 4464 425
1657 4426 1670 4463 :
1694 4408 1763 4463 Et

196 4489 392 4562 orantes
410 4492 619 4562 gutture
643 4481 797 4534 corvi.

259 4552 381 4607 568.
410 4551 638 4606 ?Funera
686 4566 782 4619 pro
831 4551 1142 4620 corporibus
1195 4551 1563 4608 defunctorum
1621 4566 1763 4607 non-

196 4637 456 4691 nunquam
499 4630 802 4678 sumuntur.

259 4694 377 4767 569.
417 4695 608 4767 Florus
630 4694 694 4749 de
725 4693 823 4767 hac
852 4701 1028 4763 strage
1058 4693 1153 4751 lib.
1181 4709 1236 4761 ιι,
1269 4710 1390 4767 cap.
1420 4696 1452 4751 6
1483 4712 1496 4748 :
1534 4693 1755 4750 Paulum

194 4766 386 4836 puduit,
416 4765 583 4820 Varro
596 4835 599 4836 ν
611 4781 712 4819 non
732 4765 1032 4836 desperavit.

257 4836 553 4902 570.Rat.,
587 4835 738 4900 Urb.,
789 4835 1011 4899 Widm.,
1062 4835 1255 4906 Bong.,
1313 4837 1518 4905 partita.
1567 4836 1753 4904 Fabr.,

192 4917 353 4976 parta.
378 4907 616 4962 Latinius
643 4908 801 4961 etiam
825 4908 1032 4961 videtur
1052 4907 1322 4962 invenisse
1348 4919 1495 4976 parta
1521 4908 1572 4960 in
1622 4907 1757 4964 Tor-

193 4992 338 5046 n.’es.,
362 4994 459 5049 pro
481 4995 586 5045 quo
609 4977 882 5049 substituit
908 4993 1082 5046 parra,
1141 4987 1198 5032 ut
1228 4978 1462 5048 plerique
1490 4978 1750 5034 scribunt.

191 5047 429 5104 Nonnulli
455 5051 653 5104 habent
676 5047 888 5119 parrha,
930 5049 1071 5116 quod
1110 5049 1328 5116 perinde
1374 5047 1476 5104 est.
1515 5049 1754 5114 Juretus,

191 5121 367 5175 nescio
392 5121 478 5175 ubi
510 5121 795 5184 invenerit,
820 5135 990 5184 parca.
1016 5119 1215 5174 Cantus
1239 5135 1407 5190 parrae
1430 5121 1756 5188 injucundis-

189 5192 350 5246 simus
371 5203 471 5247 est.
505 5191 757 5247 Horatius
785 5191 875 5244 lib.
916 5206 991 5256 nt,
1015 5192 1104 5244 od.
1157 5190 1226 5243 27
1285 5209 1297 5244 :
1350 5191 1547 5261 Impias
1587 5207 1758 5262 parrae

189 5264 450 5318 recinentis
473 5280 620 5318 omen
672 5262 859 5315 Ducat.
910 5265 1050 5316 Aves
1091 5263 1285 5316 oscines
1339 5264 1608 5331 dicuntur,
1638 5279 1758 5332 qua

187 5347 276 5404 ore
294 5338 575 5404 augurium
600 5333 819 5404 faciunt,
847 5342 904 5386 ut
930 5332 1097 5404 alites,
1140 5347 1259 5402 quae
1287 5333 1405 5389 alis.
1455 5332 1648 5404 Glossa
1682 5336 1759 5388 ait

189 5401 471 5459 Cremeram
492 5419 612 5461 esse
657 5403 953 5468 civitatem;
1005 5401 1218 5457 [luvium
1265 5404 1472 5459 Tusciae
1522 5403 1760 5473 plerique

187 5473 366 5532 dicunt
390 5491 532 5540 esse,
558 5485 615 5531 et
640 5475 862 5530 fortasse
887 5483 943 5530 et
979 5473 1172 5529 ﬂumen
1219 5483 1273 5528 et
1293 5475 1546 5544 oppidum
1602 5474 1760 5544 hujus

188 5549 412 5601 nominis
443 5547 618 5601 luerit.
653 5547 864 5611 Fabios,
907 5545 992 5614 qui
1030 5545 1314 5614 perierunt.
1343 5546 1430 5600 alii
1462 5553 1757 5608 tercentum

186 5631 272 5672 ses
304 5627 642 5674 numerante:
681 5617 776 5672 sed
833 5617 1143 5685 plerumque
1198 5631 1452 5672 numerus
1503 5617 1762 5672 rotundus

185 5687 396 5757 ponitur
423 5688 680 5747 etiamab
701 5688 768 5743 iis
809 5688 899 5758 qui
927 5687 1283 5742 diversitatem
1323 5686 1556 5758 aliquam
1583 5689 1759 5743 inesse

185 5761 371 5815 sciunt.
402 5759 622 5816 Ovidius
648 5757 929 5830 aliquando
961 5767 1226 5830 trecentos
1271 5758 1426 5830 dixit,
1474 5757 1759 5830 aliquando

188 5839 450 5888 trecentos
464 5846 561 5887 sex
571 5869 585 5884 .
605 5829 888 5888 Poetarum
907 5831 960 5885 in
989 5829 1072 5884 his
1087 5829 1257 5897 major
1270 5838 1352 5884 est
1375 5829 1584 5884 licentia
1613 5847 1625 5881 :
1647 5844 1763 5885 ser-

189 5902 334 5957 viunt
366 5903 507 5959 enim
559 5903 656 5972 ipsi
706 5903 816 5959 suis
856 5903 1107 5958 numeris.
1162 5899 1436 5957 Juvenalis
1487 5911 1765 5971 utramque

1858 3345 2019 3411 legio,
2075 3351 2123 3396 et
2160 3337 2357 3412 Cannis
2404 3348 2702 3410 consumpta
2735 3337 3247 3412 juventuszomze
3305 3364 3445 3405 anno

1859 3409 1999 3492 ΠΜ
2028 3412 2224 3481 prodiit
2249 3409 2450 3465 Lettera
2473 3409 2626 3492 sopra
2667 3413 2701 3466 ι’
2734 3409 2985 3492 uccistone
3027 3417 3108 3472 dei
3137 3417 3238 3474 506
3285 3417 3443 3492 Fabj.

1859 3485 2062 3541 Auctor
2145 3496 2452 3554 anonymus
2498 3482 2818 3552 conjecturis
2874 3487 3058 3554 probat
3109 3505 3212 3544 non
3259 3482 3447 3548 omnes

1858 3556 2022 3611 fuisse
2055 3569 2087 3609 θ
2111 3553 2308 3608 lamilia
2330 3552 2635 3621 Fabiorum,
2667 3556 2760 3610 sed
2786 3552 2961 3620 pleros
2981 3574 3066 3618 me
3090 3559 3155 3614 ad
3185 3576 3301 3615 eam
3329 3572 3446 3616 tan-

1859 3636 1972 3683 tum
2029 3626 2346 3699 pertinuisse
2399 3633 2490 3699 aut
2537 3624 2606 3699 ob
2653 3631 3187 3699 consanguinitatem,
3231 3641 3324 3686 aut
3377 3633 3447 3688 ob

1858 3697 2186 3760 clientelam,
2213 3707 2303 3748 aut
2331 3695 2518 3763 quavis
2539 3695 2640 3748 alia
2673 3695 2899 3752 ratione.

1929 3769 2062 3843 571.
2091 3766 2261 3843 {ureti
2291 3767 2480 3832 codex,
2524 3777 2679 3843 novit.
2719 3768 2832 3824 Vat.
2856 3771 2944 3843 _A.
2967 3772 3104 3841 juuit
3139 3787 3158 3826 :
3183 3771 3298 3843 lege
3331 3790 3444 3828 mo-

1861 3839 1989 3894 nuit.
2022 3837 2206 3892 Nullus
2227 3835 2444 3912 deorum
2470 3839 2694 3912 monuit,
2718 3840 2935 3895 cornice
2955 3835 3034 3896 vel
3057 3858 3208 3908 parra
3229 3835 3410 3899 oscine
3425 3885 3442 3912 ,

1861 3919 2158 3984 tercentum
2185 3907 2466 3984 perituros.
2501 3907 2673 3984 Aldus
2717 3913 2854 3984 male
2898 3907 3223 3984 interpungit
3265 3907 3441 3984 parra.

1864 3981 2032 4036 Nemo
2057 3981 2226 4034 deum.
2262 3978 2500 4033 Notanda
2517 3987 2598 4033 est
2630 3979 2835 4044 phrasis
2863 4000 3007 4038 nemo
3034 3978 3180 4039 deum
3206 4001 3224 4040 :
3253 3978 3320 4040 de
3347 3983 3440 4041 ho-

1861 4053 2006 4110 mine
2025 4052 2162 4106 solet
2204 4050 2307 4104 dici
2346 4066 2513 4118 nemo,
2543 4049 2746 4105 scilicet
2798 4069 2860 4107 ne
2902 4054 3072 4111 homo.
3127 4057 3443 4113 Prudentius

1863 4126 2025 4180 etiam
2053 4123 2187 4198 dixit
2214 4137 2362 4198 nemo
2379 4121 2484 4175 dies
2517 4123 2568 4175 in
2603 4120 2841 4198 Romano
2858 4141 2997 4181 vers.
3023 4126 3146 4194 744,
3171 4128 3309 4198 quod
3335 4144 3440 4184 non

1862 4197 2074 4264 reperio
2104 4193 2169 4248 ab
2207 4193 2312 4247 alio
2340 4204 2671 4258 usurpatum.
2701 4194 2950 4264 Virgilius
2977 4198 3068 4253 lib.
3091 4193 3336 4263 nihers.
3367 4202 3441 4257 6:

1862 4265 2058 4330 Turne,
2079 4265 2214 4333 quod
2242 4265 2440 4332 aptanti
2476 4264 2648 4333 diuum
2669 4268 2960 4329 promittere
2989 4286 3134 4324 nemo
3165 4272 3402 4325 Auderet.

1936 4338 2061 4407 575.
2094 4332 2250 4390 Alex.
2279 4335 2464 4407 scribit
2507 4332 2737 4401 Carrhis,
2794 4335 2921 4393 Urb.
2968 4349 3022 4393 et
3069 4341 3186 4394 Ald.
3244 4340 3440 4407 Curris,

1864 4409 1988 4480 Rat.
2012 4406 2239 4461 Chai-ris.
2269 4406 2347 4461 Ad
2376 4406 2573 4480 Carras
2599 4407 2824 4463 Crassus
2871 4425 2902 4465 a
2956 4411 3166 4466 Parthis
3189 4406 3441 4480 disiectus

1864 4479 2175 4549 fugatusque
2198 4487 2291 4550 est
2321 4494 2334 4531 :
2359 4476 2426 4531 de
2447 4492 2548 4547 qua
2599 4489 2775 4550 strage
2830 4483 2968 4536 obvii
2999 4493 3121 4536 sunt
3162 4476 3444 4538 historico-

1864 4546 1984 4624 rui_n
2015 4551 2169 4624 liliri._
2183 4546 2364 4624 Came
2387 4546 2512 4624 vero
2539 4563 2643 4605 non
2672 4546 2796 4624 sunt
2825 4552 3021 4624 populi,
3046 4562 3103 4607 ut
3141 4553 3216 4606 ait
3240 4553 3438 4622 glossa,

1865 4621 1960 4677 sed
1988 4622 2114 4692 urbs
2154 4620 2546 4692 lilesopotamiae
2592 4636 2623 4675 a
2663 4620 2824 4676 lluvio
2875 4620 3189 4692 cognomine
3240 4620 3440 4679 nuncué

1863 4703 2006 4764 pata.
2034 4687 2500 4764 NonnulliCarrus
2531 4693 2717 4747 urbem
2747 4687 2958 4764 Arabiai
2982 4710 3101 4751 esse
3127 4692 3331 4749 dicunt.

1931 4763 2056 4818 576.
2091 4762 2231 4835 Ald"
2261 4761 2415 4835 me,
2443 4763 2687 4835 lembum,
2733 4774 2788 4819 et
2826 4762 3110 4834 Grangaeus
3132 4767 3444 4835 interpreta-

1861 4844 1947 4890 tur
1977 4834 2266 4888 baltheum.
2291 4831 2554 4887 Cauchius
2591 4835 2809 4902 exponit
2847 4836 2914 4891 de
2973 4831 3188 4892 Veneris
3234 4831 3438 4892 ciesto:

1861 4907 2137 4978 invenerat
2165 4913 2340 4978 autem
2365 4903 2417 4957 in
2443 4903 2555 4978 suis
2580 4905 2901 4978 membranis
2925 4907 3102 4960 libum.
3129 4907 3286 4962 Fabr.
3317 4907 3444 4978 legit

1862 4977 2108 5041 nimbum,
2159 4974 2362 5030 scilicet
2406 4975 2764 5044 splendorem,
2815 4975 2902 5042 qui
2951 4993 3070 5033 cum
3138 4974 3442 5035 horninibus

1856 5063 2067 5118 semper
2081 5055 2184 5112 est,
2209 5055 2267 5100 ut
2284 5049 2356 5100 ait
2388 5045 2626 5102 Servius.
2651 5045 2978 5104 Vetustiores
3005 5048 3218 5105 codices
3246 5051 3437 5116 nostri,

1858 5128 1915 5175 et
1944 5117 2500 5190 Heinsianiplimbum.
2532 5120 2649 5190 Rat.
2682 5119 2866 5190 scribit
2912 5121 3157 5190 lymbum.
3191 5121 3292 5174 Pro
3316 5119 3440 5175 Per-

1859 5191 1967 5245 sica
1996 5189 2224 5244 fortasse
2254 5188 2530 5257 legendum
2557 5187 2824 5253 Parthica.
2848 5187 3148 5260 quanquam
3169 5190 3349 5247 Parthi
3375 5208 3441 5250 eo

1864 5269 2105 5329 tempore
2137 5262 2412 5314 Persarum
2444 5260 2668 5328 imperio
2709 5259 3064 5327 potiebantur.

1937 5330 2060 5402 578.
2099 5330 2254 5395 Urb.,
2308 5329 2522 5396 Weitz.,
2559 5331 2730 5397 dices;
2779 5331 2924 5400 Rau,
2969 5333 3347 5402 dicens;Ales.
3389 5351 3420 5392 e

1864 5401 1951 5456 alii
1977 5401 2102 5456 edd.
2134 5411 2191 5456 et
2213 5416 2367 5468 mss.,
2394 5404 2539 5456 dicis.

1934 5471 2060 5526 579.
2091 5471 2214 5528 Rat.
2238 5473 2442 5547 recenti
2490 5487 2670 5547 manu,
2692 5473 2960 5542 prioribus
3007 5476 3230 5547 abrasis,
3261 5491 3440 5535 cuncta

1865 5557 1962 5614 pro
1982 5559 2220 5615 quaque.
2238 5542 2406 5615 Idem,
2429 5544 2642 5615 reteagit;
2672 5559 2849 5615 supra,
2882 5549 3086 5604 retexis.

1935 5614 2062 5670 581.
2080 5613 2312 5692 Fercula
2327 5615 2500 5669 solent
2521 5613 2626 5668 dici
2644 5613 2835 5692 missus
2866 5620 3135 5692 carnium;
3157 5621 3443 5692 aliquando

1866 5694 2133 5812 ﬁegmata,
2167 5684 2260 5766 ubi
2287 5683 2526 5770 feruntur
2551 5684 2722 5754 spolia
2752 5687 2820 5742 ad
2873 5683 3131 5773 triumphi
3165 5683 3432 5776 pompam.

1917 5771 1980 5812 ac
1999 5755 2186 5811 eadem
2215 5757 2600 5812 signiﬁcatione
2628 5760 2821 5812 fercula
2839 5770 3018 5812 posuit
3043 5760 3243 5812 Pllnms
3264 5781 3314 5812 ιιι
3345 5766 3432 5812 I’a-

1917 5754 1980 5812 ac
1999 5755 2190 5828 eadem
2215 5754 2603 5828 signiﬁcatione
2627 5760 2821 5826 facula
2839 5762 3018 5828 posuit
3037 5754 3243 5818 Plinius
3263 5754 3314 5819 in
3345 5766 3440 5818 l’a-

1870 5827 2123 5900 negytjco
2148 5825 2389 5900 Frajani,
2415 5825 2526 5900 ubi_
2539 5825 2866 5900 triumphum
2891 5833 3140 5900 graphice
3167 5833 3450 5890 describit-

1943 5895 2068 5956 585.
2099 5895 2457 5967 ΑιᾶοίΑιθιη
2488 5896 2603 5956 Gis.
2630 5907 2686 5956 et
2706 5895 2826 5969 alii,
2856 5895 3086 5970 lenibus.
3121 5903 3262 5969 ΒΜ..
3291 5904 3440 5972 Urb,
