4024 6292
147 383 239 440 237

1219 383 1422 440 LIBER
1461 383 1504 438 ιι
1540 382 1814 441 CONTRA
1851 382 2301 440 svuuacuuu.
2407 353 2412 356 ’

3266 377 3371 435 258

309 492 477 564 836
502 491 808 560 Praecurrit,
835 506 954 562 quae
977 489 1175 547 Christi
1201 492 1406 561 apicem
1431 492 1709 546 sublimior
1735 499 1786 554 Α
1813 492 1916 548 72θ
1984 492 2146 561 827
2170 491 2226 546 bi
2253 489 2399 558 potui
2428 487 2960 542 mauibus‘Gallarum
2991 487 3167 543 excisa
3196 489 3376 546 levare

1442 581 1632 653 [ell‘ert.

317 673 428 729 Illic
446 681 533 728 ter
556 672 715 728 denis
740 687 871 743 gens
893 671 1179 728 exitiabilis
1197 674 1353 728 annis

315 766 602 832 Pannonia:
632 779 817 833 poenas
847 764 1058 818 tandem
1095 764 1269 820 deleta
1291 765 1564 834 pependit.

315 858 552 925 Corpora
578 854 799 910 famosis
823 855 949 908 olim
983 854 1150 908 ditata
1178 853 1378 923 rapinis

316 949 372 1003 ln
399 947 648 1004 cumulos
674 955 926 1014 congesta
947 946 1144 1008 iacent.
1173 945 1434 1001 Miraliere
1461 945 1620 1010 seris,

316 1035 634 1101 Posteritas,
659 1035 837 1089 saeclis
857 1035 1127 1088 inhumata
1157 1035 1416 1090 cadavera
1443 1037 1566 1102 late,

316 1128 447 1195 Quae.
483 1126 810 1182 Pollentinos
842 1133 1087 1181 texerunt
1112 1125 1324 1182 ossibus
1352 1141 1530 1196 agros.

155 769 246 823 715

1988 581 2062 635 De
2099 580 2339 634 cinerum
2380 579 2626 646 squalore
2654 586 2833 645 caput,
2863 577 3121 634 redeunte
3148 578 3377 637 Camillo

1988 673 2146 740 Signa
2171 670 2431 726 renidenti
2454 670 2664 724 fumans
2691 670 2735 724 si
2765 670 2938 724 fronte
2966 671 3146 736 recepi
3181 686 3196 722 :

1987 761 2044 818 Si
2072 761 2214 830 ροιυί
2238 759 2462 815 miseras
2489 762 2648 816 sertis
2679 760 2930 816 redimire
2951 761 3132 815 ruinas

1992 854 2055 906 Et
2077 851 2215 906 male
2242 851 2530 933 pendentes
2555 851 2705 906 lauro
2732 852 3056 921 praecingere
3081 861 3258 908 turres
3287 870 3302 904 :

1816 942 1922 1000 725
1992 943 2109 1008 Quo
2131 950 2182 995 te
2206 940 2492 1009 suscipiam
2514 940 2737 1010 gremio,
2762 941 3049 996 fortissime
3071 942 3340 1012 princeps,

1995 1031 2140 1098 Quos
2165 1044 2409 1099 spargam
2443 1030 2624 1095 ﬂores,
2657 1032 2848 1100 quibus
2869 1032 3140 1088 insertabo
3165 1034 3376 1089 coronis

1995 1125 2165 1190 Atria,
2194 1137 2313 1192 qute
2338 1121 2490 1177 festis
2515 1122 2835 1192 suspendam
2857 1123 3012 1193 pallia
3037 1125 3235 1194 portis,

1418 1256 1704 1315 GLOSSIE
1745 1254 2062 1312 VETERES

223 1373 338 1430 713.
369 1371 555 1436 επακ.
582 1371 758 1434 elevat,
791 1370 830 1424 Ι.

225 1444 342 1498 715.
373 1441 651 1509 Pependit,
676 1440 932 1510 persolvit.
957 1437 998 1492 l.

227 1513 342 1566 717.
367 1511 648 1572 Mirabere,
673 1509 998 1580 apostropha,
1030 1509 1072 1564 Ι.

225 1583 342 1637 718.
368 1581 663 1643 Inhumata,
693 1578 946 1647 dispersa,
974 1578 1014 1631 Ι.

225 1651 342 1707 720.
370 1651 635 1720 Manibus,
658 1649 735 1720 de_
749 1645 1102 1720 manibus.‘—
1132 1649 1342 1715 Excisa,
1367 1655 1643 1720 perempta,
1667 1645 1710 1700 ι.

228 1721 344 1775 721.
369 1719 672 1786 Redeunte,
695 1717 936 1785 Romam,
961 1717 1004 1772 1.

1890 1365 2013 1419 722.
2049 1364 2299 1430 Fumans,
2330 1364 2522 1429 adhuc,
2550 1363 2590 1418 Ι.

1887 1438 2013 1491 7'23.
2052 1435 2341 1499 Reditnire,
2368 1449 2571 1495 ornare,
2607 1433 2646 1486 Ι.

1882 1506 2008 1560 724.
2035 1503 2225 1566 Lauro,
2251 1503 2480 1568 victoria,
2504 1503 2544 1557 l.

1885 1577 2012 1629 725.
2041 1574 2317 1643 Princeps,
2347 1571 2618 1639 Theodosi,
2662 1574 2742 1627 vel
2775 1571 2978 1642 Stilico,
3027 1579 3103 1632 vel
3131 1578 3385 1638 Constan-

1817 1645 1939 1707 tine,
1971 1646 2012 1699 l.

1885 1713 2010 1768 726.
2035 1714 2335 1781 lnsertabo,
2358 1713 2572 1788 ornabo,
2595 1711 2635 1766 l.

1483 1827 2039 1886 COMMENTARIUS.

176 1943 462 2018 εῃςοιιῐρωιῃ
502 1941 780 2018 frontibus
803 1940 1247 2018 circumferebant
1274 1958 1289 1995 :
1321 1955 1384 1997 ac
1414 1944 1584 2018 multa
1608 1958 1709 1998 un-
1739 1950 1788 2010 Β
1812 1948 2094 2018 pugnantes
2120 1941 2348 2018 vicimus,
2371 1941 2585 1995 victores
2603 1942 2724 2018 victi
2747 1957 2954 2018 sumus.
2977 1943 3140 2000 Taceo
3169 1948 3231 2002 de
3250 1950 3380 2018 ipso-

176 2017 315 2081 dique
338 2011 539 2078 colligit
564 2011 1059 2081 quibusrutramque
1095 2012 1231 2066 hanc
1273 2012 1710 2067 consuetudinem

177 2080 448 2138 conﬁrmet.
482 2081 685 2146 Quibus
714 2080 910 2134 addere
935 2080 1086 2149 juvat
1119 2081 1281 2135 verba
1304 2082 1475 2136 Orosii
1509 2082 1601 2136 lib.
1623 2097 1716 2148 vit,

1819 2010 1934 2066 rum
1971 2013 2100 2064 inter
2125 2027 2178 2064 se
2207 2010 2534 2063 barbarorum
2578 2011 3048 2078 dilacerationibus,
3081 2031 3196 2069 cum
3219 2010 3282 2071 se'
3302 2021 3384 2072 in~

1820 2083 1978 2154 vicem
2004 2079 2286 2154 Galliarum
2307 2079 2454 2154 cunei
2495 2080 2619 2142 duo,
2650 2080 2834 2154 dgi‘nde
2855 2082 3006 2154 Alani
3033 2095 3181 2154 atque
3210 2087 3386 2142 Hunni
3446 2135 3456 2143 .

177 2168 279 2221 cap.
315 2152 418 2226 _§_5,
476 2150 568 2226 tibi
593 2150 904 2226 Theodosii
927 2148 1108 2226 contra
1153 2150 1443 2226 Eugenium
1489 2167 1717 2226 pugnam
1819 2153 1974 2204 variis
1996 2151 2215 2204 aedibus
2246 2148 3046 2226 pOpulabanlur._Rbadagaisus,
3077 2148 3179 2226 etc.
3212 2153 3388 2226 Pergit

177 2210 444 2277 describit:
478 2210 664 2274 Sciens.
684 2235 798 2272 vero
821 2218 1200 2290 (Theodosius)
1230 2210 1282 2274 ἴε
1307 2237 1414 2274 esse
1433 2210 1535 2274 non
1554 2210 1720 2274 iclum

180 2297 308 2362 s‘gno
331 2290 495 2362 crucis
524 2290 785 2362 tuendum,
811 2291 898 2362 sed
927 2299 973 2342 et
997 2291 1255 2362 victoriam
1279 2291 1615 2362 adepturum.
1647 2291 1718 2344 si-

180 2359 266 2429 gna
290 2361 446 2432 crucis
470 2375 528 2412 se
548 2360 800 2432 muniens,
825 2359 1028 2432 signum
1052 2361 1271 2432 victoria;
1293 2361 1452 2432 dedit,
1483 2375 1544 2413 ac
1573 2361 1722 2432 signa

182 2427 322 2484 crucis
345 2427 929 2511 signumprceliodedit,
977 2445 1038 2481 ac
1059 2446 1112 2511 se
1149 2431 1216 2510 in.
1253 2430 1460 2511 bellum,
1485 2427 1637 2483 etiam
1678 2430 1724 2483 si

183 2516 310 2552 nemo
331 2507 637 2567 sequeretur,
669 2502 825 2578 victor
848 2498 1048 2567 futurus
1077 2499 1305 2552 immisit.

192 2639 205 2647 _
240 2566 538 2647 7i§_._._Gis.,.
560 2567 839 2647 .subltnno!
869 2567 1033 2634 oﬁ'ert,
1061 2567 1127 2622 ad
1152 2583 1301 2622 oram
1341 2571 1621 2626 sublimiter
1647 2572 1726 2642 ef-

185 2639 287 2705 fert.
309 2636 428 2694 Alii.
458 2636 722 2690 sublimior
748 2635 917 2702 e/fert.

245 2706 358 2761 7M.
397 2705 726 2778 Claudianus
745 2707 813 2760 de
841 2706 987 2778 bello
1013 2706 1218 2772 Getico,
1257 2706 1466 2778 Unoque
1506 2711 1589 2764 die
1621 2712 1727 2766 Ro-

187 2793 322 2830 mana
334 2777 554 2843 rependit
589 2775 849 2844 Quidquid
876 2775 1096 2830 terdenis
1121 2778 1255 2830 acies
1274 2775 1533 2834 amisimus
1557 2782 1724 2835 annis.

187 2846 328 2902 Gothi
350 2860 380 2898 a
415 2844 669 2899 Stilicone
697 2845 822 2901 caesi
848 2853 975 2898 sunt
999 2860 1140 2899 anno
1167 2847 1294 2911 405,
1323 2862 1444 2902 cum
1494 2851 1563 2906 50
1601 2861 1727 2907 ante

189 2930 338 2996 annos
371 2915 648 2994 imperium
676 2913 972 2969 Romanum
998 2915 1336 2971 invasissent.
1358 2919 1728 3001 Cassiodorius

191 3003 235 3038 Ill
258 2978 509 3039 Chronico
531 2998 810 3052 perperam
837 2984 905 3037 ad
935 2987 1265 3040 consulatum
1294 2997 1534 3050 quintum
1561 2991 1728 3045 Arca-

463 3005 509 3036 ἷυ
531 3005 810 3042 pervenant
837 3005 905 3037 au
935 3005 1265 3040 ωηδιιιεηιιηι
1294 3005 1534 3042 autttutm
1561 3005 1728 3042 At'ca-

191 3003 509 3066 lllblll'OlllCO
528 3003 905 3068 perper-among
935 3003 1265 3064 COIISlﬂalllln
1294 3003 1534 3050 (ιιιιιιιιιιῐι
1561 3003 1728 3045 arca-

191 3056 253 3109 du
278 3067 326 3108 et
347 3053 582 3115 Honorii,
611 3069 704 3122 qui
725 3053 913 3108 incidit
937 3069 990 3108 tn
1012 3069 1208 3110 annum
1236 3055 1364 3122 402,
1389 3057 1586 3114 bellum
1609 3058 1731 3113 Pol-

193 3125 424 3180 lentioum
451 3121 658 3189 reiecit.

251 3194 364 3247 715.
391 3192 445 3245 in
471 3191 594 3246 Rat.
627 3192 712 3264 hic
755 3206 953 3264 versus
973 3194 1308 3262 postponitur
1336 3197 1577 3264 sequenti
1607 3195 1732 3252 Cor-

195 3280 322 3331 pora.
341 3266 537 3316 Sensus
551 3261 698 3336 aliud
726 3263 915 3336 po_scit.
939 3261 1254 3336 Intelligitur
1277 3283 1396 3336 gens
1416 3261 1732 3334 Pannonia;

1823 2234 2042 2274 narrare
2069 2217 2319 2287 stragem
2344 2217 2662 2288 Rhadagaisi
2693 2217 2913 2288 eiusque
2946 2225 3231 2277 exercitus.
3267 2217 3383 2280 Εἱί-

1821 2291 1980 2344 stimo
2008 2288 2253 2342 Orosium
2287 2289 2335 2340 in
2366 2287 2472 2341 illis
2500 2287 2676 2341 verbis
2702 2287 2914 2341 victores
2951 2291 3067 2343 victi
3102 2309 3274 2348 sumus
3302 2296 3391 2349 in-

1824 2375 2010 2432 nuere,
2042 2358 2332 2432 Romanos,
2377 2355 2589 2411 favente
2626 2356 2836 2432 _Cotlios
2863 2359 3148 2432 Stilicone,
3183 2365 3251 2415 ab
3276 2366 3391 2432 ipso

1826 2429 2246 2500 Alaricovictos
2264 2427 2446 2500 fuisse,
2479 2441 2600 2500 cum
2626 2426 2816 2500 Urbem
2845 2429 3056 2500 obsedit
3083 2440 3139 2484 et
3167 2426 3386 2500 irrupit;

1825 2499 1926 2552 nisi
1957 2497 2111 2553 malis
2139 2497 2380 2566 accipere
2404 2497 2472 2551 de
2497 2497 2670 2566 aliqua
2702 2497 2802 2551 levi
2831 2499 3072 2563 victoria,
3104 2516 3259 2566 quam
3280 2497 3389 2558 Co;

1828 2569 1902 2622 thi
1931 2570 2052 2622 victi
2079 2576 2264 2620 contra
2310 2565 2576 2637 Romanos
2602 2567 2864 2633 victores,
2911 2580 2965 2622 et
3016 2565 3132 2636 post
3156 2573 3392 2637 praelium

1826 2637 2185 2692 Pollentinum
2235 2634 2576 2706 negligentes,
2627 2637 2973 2702 obtinuerint,
3015 2634 3170 2704 quod
3205 2657 3393 2696 narra-

1828 2707 1961 2782 tioni
1991 2705 2262 2782 Claudiani
2291 2705 2507 2782 minime
2532 2716 2809 2782 consonat.
2834 2707 3033 2782 Nam-is
3059 2708 3113 2763 in
3145 2725 3393 2782 panegyr.

1827 2778 1895 2848 de
1927 2779 2090 2832 Sexto
2131 2775 2348 2848 Consul.
2384 2775 2600 2848 Honorii
2630 2776 2784 2830 aliatn
2827 2780 3100 2848 victoriam
3133 2775 3254 2848 post
3277 2775 3392 2837 P'ol.

1831 2847 2086 2902 lentiuum
2120 2845 2684 2918 prteliutnaﬁtilicoue
2704 2860 2881 2918 prope
2912 2845 3168 2900 Veronam
3193 2859 3396 2918 partam

1829 2925 2250 2984 commemorat:
2278 2913 2372 2984 Ubi
2404 2912 2563 2966 Roma
2607 2916 2794 2984 periclo
2819 2912 2940 2968 Jam
2985 2912 3256 2984 proculfet
3280 2920 3396 2973 belli

1831 2986 2028 3039 medius
2062 2983 2237 3037 Padus
2261 2983 2450 3036 arbiter
2484 2984 2602 3036 ibat.
2635 2983 3000 3038 Cassiodorius
3025 2996 3080 3039 et
3101 2983 3395 3044 Jornandes

1831 3055 1965 3120 sive,
2007 3063 2064 3107 ut
2094 3055 2182 3124 alii
2214 3061 2436 3124 vocant,
2475 3052 2740 3124 Jordanus
2767 3051 2991 3108 fortasse
3019 3055 3225 3124 decepti
3253 3067 3396 3124 sunt,

1831 3129 1970 3194 quod
2000 3123 2246 3179 Orosium
2279 3137 2382 3175 non
2413 3121 2550 3176 bene
2591 3122 2970 3194 intelle'xeiint.
2995 3123 3062 3194 lli
3087 3121 3235 3180 certe
3267 3121 3396 3180 Prol
3487 3173 3496 3182 κ

1833 3191 1999 3248 dentii
2041 3207 2226 3247 versus
2278 3199 2460 3260 aperte
2489 3191 2774 3245 ostendunt
2817 3191 2888 3245 ita
2936 3193 3096 3246 fuisse
3125 3194 3400 3250 Pollentia!

1834 3263 2040 3318 Gothos
2064 3262 2336 3330 disiectos,
2361 3270 2416 3314 ut
2439 3261 2602 3314 Roma
2625 3260 2733 3328 iam
2754 3274 2937 3314 secura
2965 3275 3296 3319 censeretur.
3323 3266 3399 3320 Ex

193 3310 1728 3404 εῑ.ῑ’.“υῑεῑι;’.ιί;βιεί’βέίίίιδιίξεῑπξίι-ιξιέέῐρ·.;ε·δ;;“;ῑῖ›ῑ
1758 3310 1805 3373 c
1833 3310 2666 3404 una;sarissas;iis;
2684 3310 3398 3404 Musonianum;

195 3418 317 3456 ltllllc
343 3417 464 3468 pars
493 3401 768 3456 orientalis
797 3403 1025 3455 Austrize
1053 3413 1154 3471 est,
1188 3405 1356 3459 altera
1385 3401 1621 3470 inferior,
1644 3408 1734 3462 ubi

195 3487 317 3546 nunc
341 3484 522 3546 inagna
547 3485 668 3546 pars
687 3471 1384 3546 Hung_a_ri:e_inlerioris_cum
1408 3486 1558 3546 parte
1579 3478 1736 3531 Scia-

196 3541 366 3593 vonia.
429 3541 754 3594 Pannonium
821 3539 1166 3595 Sirmiensem
1229 3539 1522 3599 Gothorum
1545 3547 1729 3601 sedem

195 3611 412 3664 nominat
449 3609 821 3664 Cassiodorius
871 3610 962 3664 lib.
1015 3625 1074 3664 ιιι
1121 3609 1393 3667 Variarum
1442 3617 1508 3668 ad
1550 3615 1737 3672 Colos-

252 3748 364 3802 716.
399 3747 543 3810 Rat.,
573 3747 744 3818 dicata
769 3749 986 3818 rapmis,
1018 3759 1203 3803 contra
1231 3759 1480 3806 metrum.

253 3818 365 3888 7l7.
394 3819 512 3888 Gis.
541 3817 608 3888 ad
634 3832 804 3888 oram,
831 3817 1061 3888 eonjecta
1079 3820 1278 3888 jacent.

253 3885 364 3942 7l9.
391 3886 716 3940 Claudianus
766 3887 866 3939 loc.
895 3885 1017 3950 c'it.,
1065 3885 1110 3940 0
1134 3887 1434 3942 celebranda
1463 3889 1586 3944 mihi
1618 3906 1738 3944 cun-

193 3955 274 4027 ctis
295 3957 545 4027 Pollentig
569 3957 752 4008 steclis.
785 3956 1038 4027 Pollentia
1068 3957 1294 4027 Liguria:
1326 3959 1451 4014 urbs
1478 3976 1614 4015 nunc
1636 3959 1740 4014 Po-

194 4026 318 4076 tenso
337 4025 477 4093 apud
498 4025 786 4078 Tanarum.
811 4026 955 4078 Multi
979 4025 1216 4081 scribunt
1238 4028 1492 4082 Potentia.
1518 4029 1633 4084 Alia
1655 4039 1740 4084 est

195 4094 427 4148 Pollentia
448 4095 500 4148 in
520 4094 736 4159 Piceno,
757 4109 896 4149 nunc
921 4095 1092 4149 Monte
1114 4096 1334 4151 Helene.
1357 4099 1556 4153 Omitto
1576 4101 1733 4154 aliam

196 4162 487 4218 Pollentiam
511 4165 568 4217 in
590 4164 793 4218 Baleari
824 4165 1034 4231 maiori,
1074 4182 1214 4220 nunc
1237 4165 1502 4221 Pollenza.
1532 4170 1604 4224 De
1627 4170 1740 4223 Pol-

195 4232 840 4307 [cntia_Liguri:e‘bellutn
871 4234 1229 4307 Pollentinum
1287 4238 1618 4307 intelligitur.
1667 4239 1734 4292 Et

192 4301 492 4369 Claudianus
537 4302 748 4369 quidem
795 4306 861 4357 de
892 4305 1040 4358 Bello
1067 4305 1253 4359 Getico
1283 4307 1443 4360 tradit
1463 4301 1736 4361 Maricam

193 4368 351 4442 fusum
373 4368 619 4442 Ligurum
648 4373 850 4442 r_egione
874 4390 1128 4442 suprema.
1161 4375 1266 4430 Sed
1297 4391 1392 4430 cur
1420 4377 1739 4431 Prudentius

193 4454 318 4516 vers.
336 4439 453 4516 701'
473 4439 971 4516 dixin-Tusculum?
1019 4443 1182 4498 solum
1208 4447 1337 4499 victo
1366 4462 1511 4498 amne
1539 4461 1738 4516 preme-

193 4510 308 4583 bat?
334 4511 466 4564 Puto
497 4511 787 4583 Alaricum
807 4513 873 4583 ad
918 4512 1163 4568 Tusciam
1205 4525 1259 4569 et
1286 4516 1520 4568 Tiberim
1539 4510 1740 4583 'perve-

194 4579 341 4644 uisse,
369 4591 422 4634 et
454 4589 730 4643 nostiuam
777 4581 900 4636 inde
944 4585 1296 4648 excessisset,
1327 4587 1391 4636 ad
1426 4579 1736 4638 Pollentiam

193 4649 393 4703 victum.
418 4649 550 4703 Vide
569 4659 860 4702 comment.
889 4653 953 4703 ad
976 4667 1115 4706 vers.
1139 4654 1261 4708 729.
1287 4652 1658 4707 Cassiodorius
1686 4663 1740 4708 et

130 4758 134 4765 .
192 4716 470 4772 lornandes
500 4728 722 4771 narrant
747 4721 1051 4774 Stiliconem
1079 4739 1196 4776 cum
1228 4724 1466 4778 exercitu
1495 4723 1736 4777 Romano

192 4802 216 4838 a
237 4787 423 4861 Gothis
439 4787 714 4861 Pollentiae
741 4789 936 4861 victum
966 4792 1302 4861 fugatumque
1332 4792 1514 4848 fuisse.
1542 4791 1734 4846 Verum

255 4857 354 4931 tius
397 4859 879 4931 lidcs__-Apr:e_stauda
927 4857 1408 4930 est'script'oribus
1449 4862 1739 4931 aequalibus

229 4927 482 5000 radentia,
512 4927 805 5000 Claudiano
839 4938 893 4982 et
915 4932 1125 4984 Urosio.
1170 4927 1247 4984 Et
1269 4931 1496 4986 Orosius
1515 4927 1737 5000 quidem

193 5007 294 5058 post
333 4995 628 5070 Stiliconis
667 4997 842 5070 scelus
882 5008 948 5070 et
985 5001 1196 5070 _obitum
1247 4995 1740 5070 scribebatfneque

191 5073 320 5128 gesta
351 5067 487 5133 apud
538 5065 849 5118 Pollentiam
882 5067 1090 5132 laudat,
1118 5071 1310 5123 vicisse
1339 5079 1512 5123 tamen
1543 5065 1738 5124 Roma-

193 5134 562 5206 nosconcedi‘t.
597 5135 670 5188 Ita
697 5135 880 5206 scribit
900 5136 992 5191 lib.
1023 5154 1115 5202 vn,
1147 5155 1264 5206 cap.
1293 5141 1360 5194 57
1388 5140 1456 5194 de
1476 5138 1665 5192 Rufino
1686 5151 1742 5193 et

190 5202 472 5278 Stiliconc:
505 5203 690 5278 _Geutes
719 5204 957 5278 barbaras
977 5205 1066 5278 ille
1089 5202 1317 5274 immisit,
1349 5211 1431 5261 hic
1461 5211 1598 5278 fovit.
1629 5207 1738 5261 Ta-

191 5287 264 5325 ceo
288 5274 349 5346 de
375 5275 577 5326 Alarico
603 5290 718 5346 rege
746 5290 859 5327 cum
890 5275 1073 5346 Gothis,
1106 5279 1212 5330 suis
1253 5294 1385 5346 sirpe
1411 5274 1562 5342 victo,
1608 5293 1743 5344 swpe

191 5345 431 5415 concluso,
455 5345 752 5413 semperque
795 5347 1019 5398 dimisso.
1051 5345 1215 5398 Taceo
1241 5349 1302 5399 de
1327 5345 1610 5415 infelicibus
1640 5347 1745 5399 illis

193 5415 314 5485 apud
343 5412 856 5485 Pollentiam’gestis.
883 5431 995 5466 cum
1035 5415 1249 5468 barbaro
1291 5428 1338 5468 et
1363 5412 1560 5485 pagano
1605 5418 1743 5480 duci,

192 5481 274 5556 (φο
295 5494 366 5534 est
390 5483 561 5548 Sauli,
588 5481 785 5556 summa
813 5484 927 5556 belli
953 5486 1219 5537 commissa
1243 5495 1311 5556 est
1341 5481 1371 5537 τ’
1388 5481 1532 5556 cujus
1559 5486 1748 5554 impro-

192 5550 331 5604 bitate
357 5553 757 5606 reverendissimi
802 5554 907 5606 dies
938 5565 984 5606 et
1013 5567 1244 5606 sanctum
1271 5550 1470 5608 Pascha
1507 5550 1750 5609 violatum

191 5629 274 5686 est,
301 5621 592 5690 cedentique
621 5623 754 5682 hosti
798 5634 1003 5690 prepter
1033 5625 1350 5692 religionem,
1382 5634 1436 5676 ut
1480 5635 1750 5693 pugnaret,

116 5747 125 5761 .
191 5701 433 5761 {exortum
454 5703 524 5745 est
551 5707 570 5744 :
600 5707 716 5744 cum
741 5693 943 5760 quidem
972 5697 1260 5746 ostendente
1302 5694 1355 5746 in
1381 5694 1516 5747 brevi
1555 5695 1755 5761 judicio

198 5755 305 5818 Dei.
333 5772 381 5815 et
405 5761 526 5822 quid
553 5762 701 5825 favor
727 5755 841 5826 eius
883 5773 1068 5826 posset.
1100 5771 1151 5818 et
1192 5763 1315 5826 quid
1346 5763 1472 5816 ultio
1517 5755 1754 5828 ciigerct,

1837 3403 2135 3458 Pollentino
2165 3401 2416 3463 adfuisse,
2447 3399 2542 3454 sed
2579 3400 2794 3455 Saulem
2821 3401 3037 3467 ducem,
3081 3403 3167 3457 cui
3193 3399 3400 3458 summa

1837 3472 1964 3527 belli
1993 3471 2275 3527 commissa
2305 3468 2420 3523 fuit.

1906 3542 2029 3596 721.
2062 3541 2227 3595 Aldus
2259 3540 2446 3609 inserit
2471 3547 2519 3592 et
2548 3549 2667 3608 post
2699 3550 2876 3609 caput,
2925 3540 3066 3609 quod
3094 3549 3270 3596 tamen
3317 3541 3400 3596 lex

1834 3612 2088 3665 carminis
2133 3613 2354 3678 respuit.
2400 3607 2655 3664 Camillus
2685 3607 2866 3664 Gallos
2893 3607 3215 3678 capitolium
3257 3612 3400 3666 obsi-

1835 3681 2024 3735 dentes
2052 3680 2228 3747 eiecit.

1907 3749 2030 3804 722.
2062 3746 2210 3814 Ald.,
2235 3746 2387 3809 Fab"
2418 3747 2564 3815 signa
2604 3747 2878 3811 renitenti;
2925 3749 3100 3802 renuit
3128 3756 3356 3804 metrum
3387 3768 3400 3804 :

1837 3818 2088 3872 renidenti
2114 3827 2196 3872 est
2223 3832 2318 3884 pro
2344 3818 2548 3867 ridenti.

1907 3888 2029 3941 723.
2051 3889 2228 3953 Egm.,
2248 3886 2466 3948 misera;
2500 3884 2612 3938 Vat.
2637 3885 2703 3944 A.
2728 3884 3008 3951 miserans;
3031 3885 3144 3953 alii,
3170 3889 3402 3944 miseras.

1910 3957 2034 4012 721.
2066 3953 2300 4020 Tltuan.,
2332 3955 2481 4007 lauru
2505 3969 2600 4022 pro
2628 3953 2795 4008 lauro.

1910 4028 2036 4082 725.
2069 4027 2144 4080 Ex
2188 4025 2289 4079 hoc
2317 4025 2436 4080 loco
2463 4037 2611 4077 recte
2635 4025 2875 4090 arguitur
2913 4025 3257 4080 Prudentium
3290 4027 3404 4083 haec

1841 4098 2115 4164 scripsisse
2137 4093 2714 4166 antequamHonorius
2741 4094 3141 4166 triumphasset,
3165 4101 3406 4166 adeoque

1843 4163 1984 4220 inter
2023 4167 2296 4247 victoriam
2326 4163 2677 4250 I‘cilletitiiiiitii
2708 4173 2762 4218 et
2793 4164 3113 4250 triumphum
3161 4163 3402 4250 Honorii,

1839 4252 1926 4305 qui
1959 4237 2148 4290 accidit
2193 4250 2331 4305 anno
2373 4233 2478 4305 405
2524 4243 2778 4305 exeunt»,
2810 4234 2980 4305 ut'ait
3009 4233 3401 4292 Tillemoutinsi

1842 4301 2130 4371 Grangaeus
2158 4319 2223 4357 ex
2251 4303 2544 4358 Claudiano
2591 4306 2658 4355 de
2699 4301 2865 4357 Sexto
2913 4304 3129 4357 Consul.
3161 4306 3436 4361 "llonorii-

1841 4377 2016 4443 arguit
2047 4375 2206 4428 fuisse
2225 4389 2421 4426 annum
2451 4372 2725 4436 40b,'cum
2751 4373 3015 4427 llonorius
3038 4385 3092 4428 et
3117 4375 3404 4430 Aristenaa:

1843 4454 1925 4497 tus
1945 4444 2272 4497 consulatum
2303 4451 2562 4496 tenerent.

1915 4514 2037 4568 727.
2070 4512 2281 4581 Colligit
2308 4511 2624 4565 Prudentius
2670 4525 2730 4565 ea
2761 4511 2938 4564 omnia
2976 4526 3096 4581 quae
3128 4512 3179 4566 in
3211 4515 3404 4568 trium:

1843 4583 1950 4650 pho
1979 4585 2153 4651 aliquo
2179 4581 2500 4635 celebrando
2527 4596 2556 4632 a
2590 4581 2781 4648 populo
2804 4581 2918 4634 fieri
2948 4583 3212 4650 solebant,
3247 4589 3405 4639 sertis
3497 4601 3506 4615 κ

1767 4663 1815 4723 ι)
1843 4653 2091 4706 redimire
2119 4667 2316 4716 muros,
2357 4652 2507 4723 lauro
2553 4652 2873 4716 ιιι·ωοίημιο
2911 4659 3102 4715 turres,
3155 4668 3406 4721 spargere

1845 4724 2025 4782 flores,
2055 4727 2186 4775 atria
2213 4721 2719 4792 coronisdecorare,
2750 4723 3266 4792 portisrsuspendere
3293 4726 3406 4792 pal-

1844 4793 1931 4846 lia.
1964 4793 2094 4858 Quae
2119 4791 2300 4843 omnia
2341 4789 2518 4843 multis
2552 4799 2769 4855 possent
2805 4789 3141 4852 conﬁrmari;
3173 4793 3266 4845 sed
3294 4789 3407 4846 ’res

1845 4871 1929 4915 est
1954 4871 2119 4924 certa,
2169 4874 2266 4912 nec
2293 4860 2467 4912 minus
2491 4860 2644 4913 obvia
2675 4869 2728 4912 et
2756 4860 3050 4912 clarissima
3079 4861 3250 4913 adhuc
3287 4875 3407 4915 exs-

1848 4940 1981 4994 tant,
2015 4930 2196 4983 Romae
2222 4929 2537 4994 przusertim,
2563 4929 2801 4998 vestigia.
2821 4928 3080 4982 Victorius
3108 4930 3159 4982 in
3187 4931 3404 4985 Dissert.

1849 4999 2097 5068 philolog.
2130 5004 2337 5066 probat,
2369 4999 2494 5050 olim
2519 5001 2569 5052 in
2598 5015 2694 5052 usu
2726 5000 2776 5051 fu
2801 5011 2889 5050 sse
2914 4998 3030 5050 vela
3060 5013 3122 5068 ex
3153 5001 3324 5054 serico
3351 5008 3406 5054 et

1848 5085 1978 5123 auro
2020 5069 2086 5122 ad
2115 5081 2383 5138 ornatum,
2431 5070 2627 5120 cultum
2676 5077 2730 5120 ct
2755 5073 2999 5120 decorem
3029 5067 3248 5138 alicuius
3277 5071 3404 5122 aedis

1848 5154 2036 5205 sacrae,
2083 5137 2332 5199 artubus,
2363 5139 2715 5206 zophorisque
2752 5137 3253 5190 ancutnmbdata’ad
3295 5153 3406 5191 mo-

1848 5208 1971 5261 dum
2024 5209 2235 5276 enearpi
2267 5224 2280 5258 :
2313 5207 2380 5262 de
2432 5211 2623 5276 quibus
2679 5207 2777 5259 Iioc
2829 5207 2946 5259 loco
2977 5206 3310 5261 Prudentius.
3341 5211 3410 5263 At

1853 5278 2168 5332 Prudentius
2197 5281 2262 5330 de
2288 5290 2476 5329 ornatu
2509 5277 2823 5344 templorum
2855 5291 2992 5328 nunc
3024 5276 3238 5328 minime
3280 5280 3408 5344 agit;

1854 5348 2002 5400 Illum
2029 5359 2204 5401 autem
2248 5363 2448 5400 morem
2499 5348 2548 5399 in
2591 5345 2832 5398 ecclesiis
2863 5355 3126 5396 servatum
3161 5344 3411 5399 Paulinus

1855 5433 1957 5469 non
1986 5419 2152 5470 semel
2173 5417 2506 5483 signiﬁcavit,
2549 5417 2616 5469 de
2645 5431 2749 5482 quo
2780 5413 2944 5467 videri
2991 5424 3212 5483 possunt
3237 5416 3411 5468 Ciam-

1858 5487 2028 5553 pinius
2055 5488 2107 5539 in
2132 5502 2294 5549 Opere
2336 5488 2404 5538 de
2431 5486 2607 5539 Sacris
2640 5484 2920 5553 :edillciis,
2949 5493 3004 5536 et
3033 5483 3412 5538 liuonarrotius

1858 5552 2298 5610 tnObservation.
2325 5558 2388 5606 ad
2417 5569 2563 5608 sacra
2594 5552 2859 5622 diptyrha.
2894 5552 3182 5622 Grangacus
3209 5553 3414 5606 dubitat

1859 5641 1923 5677 an
1955 5635 2157 5678 tantum
2188 5635 2353 5693 porta:
2381 5621 2798 5692 triumpliali,’an
2825 5625 3030 5693 cieteris
3062 5621 3217 5693 Urbis
3247 5625 3415 5689 portis

1865 5695 2016 5762 pallia
2049 5694 2098 5746 in
2151 5692 2417 5761 triumpho
2465 5694 2928 5760 suspenderentur.
2974 5692 3210 5762 Coujicit
3239 5702 3414 5746 tamen

1869 5760 2040 5826 portas
2071 5764 2156 5818 hic
2201 5760 2336 5816 sumi
2371 5779 2466 5826 pro
2490 5762 2684 5826 ianuis,
2735 5761 2876 5826 quod
2917 5760 3043 5813 milii
3083 5761 3414 5822 exploratum
