4024 6292
624 372 731 430 2ιὸ

797 483 959 557 831
977 483 1220 540 Persistit
1244 489 1416 536 vimen
1433 477 1729 542 affirmans,
1751 479 1853 532 iter
1870 492 1992 531 esse
2013 475 2188 530 viandi
2217 481 2269 538 Α

796 577 959 648 832
987 572 1318 634 Multiﬁdum.
1347 571 1681 639 variumque,
1713 569 1856 624 Deus
1883 584 2002 622 cum
2043 582 2191 637 qua:-

1779 658 1934 730 [ritur
1961 673 2117 712 unus.

733 811 738 813 _
802 755 937 810 Hinc
963 755 1115 816 alios,
1146 765 1230 807 ast
1257 753 1379 807 inde
1397 751 1533 806 alios
1561 765 1848 818 properare
1873 762 2138 809 seorsum,

625 847 732 903 775
801 846 1072 920 Quemque
1108 858 1200 914 per
1228 843 1498 898 anfractus
1527 841 1808 911 proprios:
1840 839 1936 894 sed
1964 838 2196 906 compita

1911 928 2122 1000 [eodem

796 1025 960 1097 833
1010 1024 1142 1080 Fine
1184 1021 1465 1087 coarctari,
1511 1021 1669 1077 simul
1703 1030 1758 1077 et
1793 1020 2113 1074 concurrere
2143 1018 2195 1072 in

1899 1109 2122 1188 Ι[υηιιιῐι.

797 1207 934 1275 Quin
956 1207 1114 1280 etiam
1139 1207 1355 1271 calum,
1383 1199 1760 1282 atque-solum,
1786 1217 1884 1254 νιιιι
1911 1215 1995 1266 os,
2028 1214 2195 1265 mare,

1901 1289 2104 1361 [nubes

790 1387 1051 1444 Omnibus
1075 1389 1126 1443 in
1157 1399 1440 1442 commune
1482 1384 1614 1447 dari,
1655 1383 1736 1438 vel
1766 1382 1854 1450 qui
1882 1373 2196 1445 colimus'te,

800 1478 1031 1546 Christe,
1056 1479 1138 1533 vel
1159 1488 1280 1532 cxta
1304 1477 1456 1530 litant
1479 1476 1698 1542 sculptis
1717 1479 1804 1543 qui
1834 1472 2007 1526 tabida
2031 1471 2198 1527 saxis.

876 1570 989 1626 Non
1007 1576 1498 1638 nego‘eommuneut
1515 1566 1718 1620 coactis
1735 1564 2031 1618 viventibus
2047 1578 2200 1618 usum

799 1663 975 1728 Aeris,
1005 1672 1291 1724 astrorum,
1325 1657 1519 1727 pelagi,
1546 1657 1774 1722 telluris,
1800 1665 1854 1709 et
1882 1655 2089 1708 imbris.

797 1762 914 1814 almo
944 1761 1101 1814 etiam
1133 1759 1359 1826 injustus
1406 1759 1624 1822 pariter,
1654 1755 1936 1824 justusque
1964 1754 2065 1807 sub
2093 1768 2199 1808 uno

801 1863 917 1914 Axe
942 1858 1180 1911 ltahitant
1202 1873 1214 1908 :
1237 1870 1369 1909 uuas
1386 1855 1526 1921 capit
1549 1853 1766 1922 impius,
1795 1864 1847 1907 et
1867 1853 1985 1922 pius
2002 1867 2161 1906 auras
2187 1870 2198 1906 :
2235 1847 2280 1906 Β

797 1958 1009 2024 Castus,
1038 1967 1094 2013 et
1134 1958 1407 2012 incestus:
1454 1955 1735 2022 meretrix,
1767 1964 1821 2010 et
1845 1965 2046 2024 nupta:
2099 1970 2200 2010 nec

1951 2054 1969 2125 [
1996 2055 2131 2110 alter

627 2158 734 2214 785
805 2157 911 2212 Ore
943 2157 1260 2222 sacerdotis,
1292 2170 1450 2224 quam
1482 2153 1818 2209 mirmillonis
1843 2155 2062 2210 anhelat

801 2257 1054 2326 Spiritus,
1083 2256 1234 2309 aerio
1263 2257 1422 2308 vitam
1451 2254 1542 2324 qui
1577 2263 1838 2321 temperat
1880 2253 2092 2308 hau~tu.

769 2365 772 2367 λ
802 2354 982 2410 Nuhcs
995 2368 1155 2408 verna
1177 2353 1308 2423 pluit
1325 2355 1558 2422 zephyro
1580 2351 1885 2419 impellente
1907 2369 1919 2405 :
1945 2352 2038 2407 sed
2053 2368 2203 2423 atque

806 2455 981 2518 Foris,
1014 2463 1069 2510 et
1097 2454 1306 2508 innocui
1340 2453 1586 2507 fecundat
1608 2467 1728 2507 rura
1755 2451 1952 2508 coloni.

803 2555 1038 2622 Gurgitis
1063 2555 1230 2608 mstivi
1257 2552 1332 2606 sic
1360 2567 1488 2621 pura
1529 2551 1722 2606 fluenta
1753 2553 1948 2614 viator,

599 2678 602 2680 ν
629 2653 732 2710 790
807 2653 871 2708 Ut
901 2653 1034 2707 latro
1056 2651 1250 2717 fessus,
1281 2650 1421 2704 adit:
1449 2650 1526 2704 sic
1553 2650 1737 2718 piratis
1763 2663 1910 2704 mare
1938 2649 2127 2715 servit,

1720 362 1992 420 AUilELll
2035 360 2405 417 PRL‘DENTII
2444 360 2774 415 CARMINA.

3773 356 3873 414 ΞΜ

2474 474 2542 528 Ut
2569 473 2852 530 mercatori
2878 490 2890 524 :
2923 485 3021 526 nec
3045 471 3238 526 fluctus
3259 471 3435 526 secius
3455 469 3596 524 hosti

2467 565 2639 637 83b
2654 563 2999 633 Obsequitur,
3021 579 3182 634 quam
3199 577 3320 618 cum
3348 561 3504 617 licitzn
3524 560 3626 617 fert
3649 570 3873 622 tratum

3040 684 3064 690 -
3559 651 3808 724 [carina

2478 746 2618 816 Ergo
2636 758 2801 812 capax
2829 744 3105 812 utriusque
3127 743 3202 798 rei
3226 751 3412 796 natura
3441 743 3697 798 creandis

2478 834 2548 890 Se
2579 834 2779 903 praebet
2798 833 3030 903 populis,
3075 847 3174 888 nec
3199 831 3685 886 hahetdiscernere
3704 832 3875 902 dispar

2482 923 2758 978 Viventum
2789 923 3060 988 meritum,
3095 937 3228 992 quos
3257 933 3464 977 tantum
3496 923 3872 992 pascerejussa

3658 1013 3678 1086 [
3707 1026 3808 1068 est.

2480 1103 2660 1160 Servtt
2690 1103 2833 1160 euim
2881 1102 3131 1168 mundus,
3178 1117 3284 1156 non
3333 1102 3536 1171 judicat
3586 1120 3600 1154 :
3638 1103 3739 1158 hoc
3779 1106 3872 1159 sibi

3530 1193 3552 1265 [
3573 1210 3810 1249 summus

2482 1272 2695 1341 Na'urze
2715 1286 2963 1341 dominus
2992 1297 3301 1354 prmscrtpta
3327 1302 3379 1340 ιη
3411 1297 3652 1357 tempora
3684 1304 3870 1344 servat.

2483 1374 2634 1428 Nunc
2696 1377 2891 1430 adsunt
2945 1375 3149 1429 homini
3201 1377 3322 1430 data
3391 1393 3610 1430 nuutera
3685 1380 3875 1448 legibus

3554 1464 3573 1536 Ῐ
3607 1467 3813 1532 iisdem,

2478 1555 2644 1620 Queis
2699 1569 2950 1610 concessa
3009 1557 3174 1610 semel
3210 1573 3221 1609 :
3257 1555 3376 1610 fons
3427 1555 3670 1624 liquitur,
3717 1561 3876 1613 amnis

3529 1649 3547 1719 [
3573 1650 3812 1713 inundat,

2305 1743 2410 1798 800
2488 1743 2782 1797 \‘elivolum
2811 1747 3015 1798 ratuhus
3040 1758 3186 1798 mare
3231 1742 3466 1806 finditur,
3495 1742 3674 1796 innuit
3700 1744 3876 1812 imber,

2485 1835 2630 1888 Aura
2652 1835 2797 1887 volat
2820 1833 3014 1900 tenuis,
3040 1842 3316 1902 vegetatur
3344 1831 3563 1886 mobilis
3584 1847 3700 1896 aer,

2484 1926 2549 1980 Et
2575 1941 2664 1981 res
2693 1935 2898 1980 natura:
2924 1928 2982 1979 fit
3007 1926 3241 1995 publica,
3270 1936 3626 1996 promptaque
3662 1926 3876 1987 cunctis,

2483 2015 2615 2070 Dum
2645 2027 2857 2070 servant
2896 2015 3160 2072 elementa
3208 2030 3362 2071 suum
3410 2014 3722 2069 famulantia
3764 2029 3876 2067 cur-

3635 2104 3654 2176 [
3682 2121 3815 2160 sum.

2489 2197 2580 2252 Sic
2606 2197 2828 2266 probus,
2851 2206 3012 2266 atque
3037 2211 3163 2252 reus
3182 2197 3424 2266 capitalis
3442 2197 3684 2252 criminis
3706 2195 3877 2249 iisdem

2315 2291 2422 2347 805
2494 2291 2793 2359 Sideribus,
2826 2292 3101 2361 facilisque
3140 2292 3246 2360 poli
3288 2288 3818 2366 bonitate-fruuntur.

2487 2382 2678 2438 Vivere
2697 2397 2982 2445 commune
2997 2393 3079 2438 est
3099 2398 3113 2435 :
3137 2381 3232 2436 sed
3249 2396 3353 2436 non
3366 2395 3651 2435 commune
3676 2380 3877 2434 mereri.

2495 2477 2734 2546 denique
2764 2476 3056 2542 Romanus,
3090 2475 3256 2542 Daha,
3298 2474 3561 2539 Sarmata,
3595 2474 3878 2537 Vandalus,

3527 2566 3536 2636 ι
3577 2565 3820 2627 llunans,

2473 2655 2730 2722 Gaetulus,
2745 2656 3062 2723 Garamans,
3080 2656 3426 2720 Alamannus,
3440 2657 3608 2721 Saxo,
3622 2652 3880 2717 Galaulas,

2299 925 2405 980 705

1933 2760 2217 2816 GLOSSIE
2256 2760 2593 2822 VETERES.

695 2853 820 2908 τη.
853 2853 1058 2907 Viandl.
1093 2856 1160 2905 ad
1184 2853 1462 2912 ueritatem,
1499 2852 1536 2904 Ι.

697 2925 818 2980 775.
849 2922 1111 2990 Compita,
1135 2931 1418 2990 competum
1435 2921 1644 2984 dicitur,
1665 2920 1751 2973 ubi
1775 2919 1949 2973 multa:
1960 2919 2201 2974 uiwcont-

627 3004 891 3064 petuntur,
922 2994 975 3046 id
1005 3001 1077 3046 est
1099 2994 1406 3064 junguntur.
1434 3019 1506 3064 _—-
1534 2991 1755 3056 Eodem,
1785 3006 1908 3058 uno,
1945 2990 1984 3044 l.

613 3060 639 3081 ’⁷
697 3064 821 3118 779.
852 3064 1046 3123 Litant,
1093 3060 1405 3130 sacriﬁcant,
1433 3060 1472 3116 Ι.

697 3134 820 3188 780.
852 3132 1095 3194 Cunctis,
1128 3148 1253 3192 esse,
1289 3133 1330 3185 Ι.

703 3202 827 3256 785.
864 3206 999 3264 Axe,
1027 3202 1173 3266 uelo,
1209 3200 1248 3252 Ι.

594 3305 596 3307 ›
698 3271 822 3325 784.
854 3271 1111 3332 Incestus,
1151 3268 1396 3338 pollutus.
1428 3267 1471 3322 1.

697 3341 822 3394 785.
854 3342 978 3398 Ure.
1011 3339 1074 3393 de
1104 3336 1191 3392 ore
1216 3367 1286 3377 —
1309 3336 1661 3396 Mirtnillonis,
1691 3351 1900 3390 scurra.
1953 3337 2202 3391 Mirmillo

589 3421 594 3426 '
630 3408 886 3482 gladiator
910 3409 1030 3476 fuit,
1063 3418 1112 3462 et
1137 3408 1342 3477 ponitur
1362 3422 1455 3474 pro
1483 3408 1619 3460 omni
1647 3407 1920 3473 homicida,
1953 3406 1994 3460 |.

2383 2853 2505 2909 787.
2539 2854 2736 2920 Verria,
2776 2854 3014 2918 t'ernalis,
3048 2854 3089 2908 Ι.

2379 2924 2504 2980 790.
2538 2923 2750 2989 Piratis,
2782 2925 2994 2978 marinis
3014 2924 3316 2988 latronibus,
3346 2923 3386 2977 1.

2379 2993 2504 3047 795.
2535 2993 2841 3062 Utriusque,
2874 2994 2993 3046 boni
3015 3003 3064 3047 et
3093 2993 3238 3056 mali,
3271 2995 3311 3048 I.
3433 2991 3437 2996 ’

2382 3064 2510 3136 797.
2537 3063 2749 3136 Servat,
2790 3065 2845 3116 in
2871 3065 2952 3116 die
2977 3063 3183 3136 judicii,
3211 3063 3251 3118 Ι.
3418 3132 3451 3136 __
3551 3131 3553 3133 ι
3579 3133 3595 3136 _
3723 3117 3730 3122 .

2379 3133 2508 3187 802.
2540 3133 2914 3202 Promptaque.
2966 3132 3088 3200 auia
3113 3142 3261 3186 servit
3293 3132 3546 3202 omnibus,
3578 3133 3676 3188 lso.
3819 3171 3832 3185 .

2381 3203 2507 3258 804.
2536 3201 2823 3270 Capitalis,
2843 3219 2943 3272 quo
2971 3219 3084 3255 reus
3112 3205 3277 3268 capite
3297 3202 3450 3272 plecti
3471 3201 3634 3267 debet,
3664 3203 3703 3256 Ι.

2381 3272 2505 3330 808.
2537 3269 2864 3338 Garamans,
2879 3272 3055 3343 populi
3085 3269 3383 3328 διεξιίανζ-
3413 3269 3678 3339 Galaulas,
3705 3279 3883 3343 populi

2317 3341 2364 3394 in
2398 3341 2687 3395 Orienteal.

2310 3344 2364 3394 in
2398 3344 2687 3409 Orienteﬂ.

1972 3495 2526 3552 COMMENTARIUS.

701 3589 804 3644 772
833 3597 886 3644 et
918 3589 1040 3644 775.
1065 3589 1186 3643 Vat.
1209 3600 1273 3652 Α,
1301 3603 1407 3641 esse
1436 3586 1669 3646 vocandi,
1704 3585 1878 3640 minus
1909 3587 2065 3642 bene.
2107 3588 2200 3640 Vi-

631 3662 784 3714 detur
802 3659 1116 3712 Prudentius
1134 3671 1426 3727 agnoscere
1448 3657 1828 3726 Symmachum
1849 3673 2010 3710 unum
2032 3657 2196 3712 Deum

631 3729 803 3784 fateri.
855 3727 967 3782 Non
998 3737 1173 3782 tamen
1218 3729 1286 3781 ita
1318 3736 1400 3781 est
1438 3742 1453 3781 :
1485 3742 1604 3778 nam
1642 3737 2008 3794 argumentum
2042 3727 2198 3796 Sym-

630 3799 800 3853 machi
831 3799 881 3852 in
909 3813 974 3852 eo
1002 3807 1264 3862 versatur,
1290 3798 1428 3866 quod
1457 3797 1635 3848 multa:
1661 3805 1781 3848 sunt
1801 3796 1900 3851 viae
1925 3797 2196 3864 quaaretuli

630 3868 1008 3928 Divinitatem;
1043 3883 1162 3920 nam
1197 3883 1345 3934 a~que
1385 3880 1501 3919 eam
1545 3876 1787 3932 qureruut
1821 3866 1912 3930 qtti
1943 3881 2104 3919 unum
2134 3880 2199 3920 ac

629 3939 718 4006 qui
753 3936 1094 4006 plures‘Deos
1115 3946 1380 4006 astrtt‘un‘t.
1417 3934 1716 4006 Vidcrvers.
1747 3935 1871 3988 879.

703 4007 803 4060 774
855 4004 955 4058 Ald
984 4045 1000 4068 ,
1030 4006 1212 4068 Ales.,
1257 4003 1410 4070 [ξι-ιλ,
1453 4001 1669 4066 Wcitz.,
1711 4018 1956 4058 seorsum.
1986 4003 2194 4070 Heins.,

587 4121 592 4125 .
630 4075 770 4135 Gis.,
808 4074 952 4135 Rat.,
981 4075 1209 4127 seorsim.
1617 4113 1626 4120 ,.

702 4144 827 4197 775.
859 4145 1038 4203 A!ex.,
1089 4143 1233 4200 llat.,
1265 4142 1544 4207 anfractos.
1591 4141 1713 4199 Alii.
1761 4145 2045 4208 anfrartus.
2074 4141 2194 4196 Vat.

551 4216 553 4218 ’
629 4218 698 4277 Α,
730 4213 873 4270 Rat..
908 4212 1106 4266 Widm.
1139 4211 1380 4265 scribunt
1407 4221 1664 4279 rompeta.
1687 4209 1961 4275 Weitzius,
1992 4213 2081 4279 qui
2109 4213 2199 4266 Al-

630 4284 755 4334 clqu
800 4284 994 4351 allegat
1026 4296 1121 4345 pio
1149 4289 1400 4350 competa,
1447 4296 1552 4334 non
1583 4278 1790 4351 viderat
1831 4280 1986 4348 hujus
2015 4278 2198 4334 eorre-

628 4353 856 4408 ctionem
882 4349 1120 4416 compita.
1157 4349 1285 4403 Vide
1306 4359 1594 4404 comment.
1625 4349 1709 4401 ad.
1742 4365 1884 4419 vers.
1913 4353 1944 4404 7
1965 4352 2128 4419 praef.
2155 4351 2191 4402 2

628 4425 852 4489 Apoth.,
891 4420 982 4476 ubi
1027 4424 1171 4490 plura
1213 4420 1320 4474 disi
1361 4421 1434 4475 de
1465 4418 1842 4488 orthographia
1879 4418 2025 4475 vocis
2055 4437 2195 4474 cont-

665 4496 810 4544 ilum.

628 4511 822 4615 pugillo.
849 4551 983 4614 l‘luic
1036 4559 1214 4614 versui
1263 4560 1422 4615 verba
1466 4558 1767 4628 Symmachi
1807 4558 2194 4627 subjiciuntur:

628 4629 857 4698 quu’um
883 4641 978 4693 est,
1009 4629 1258 4697 quidquid
1285 4646 1454 4683 omnes
1473 4631 1668 4698 colunt,
1701 4644 1858 4680 unum
1885 4632 2072 4695 putari.
2095 4629 2200 4680 Ea-

627 4695 741 4759 dem
769 4695 1056 4768 spectamus
1080 4695 1252 4751 astra:
1275 4714 1536 4753 commune
1565 4695 1746 4752 caelum
1771 4707 1842 4748 est
1863 4714 1881 4750 :
1930 4700 2061 4751 idem
2106 4714 2200 4750 nos

630 4771 850 4826 mundus
872 4768 1098 4822 involvit.
1135 4769 1269 4830 Quid
1310 4771 1528 4830 interest,
1557 4782 1657 4834 qua
1681 4773 1890 4834 quisque
1929 4768 2199 4834 prudentia

2373 3588 2496 3643 790.
2533 3587 2654 3641 Vat.
2686 3589 2753 3649 A,
2778 3601 2923 3639 mare
2947 3587 3134 3655 ferum;
3174 3586 3364 3642 melius
3393 3588 3482 3642 alii
3511 3591 3682 3643 servit.
3704 3589 3826 3643 Rat.
3852 3605 3879 3642 a

2301 3659 2472 3726 prima
2503 3672 2683 3722 matiu,
2706 3665 2871 3726 servat
2895 3673 2915 3720 ;
2945 3671 3128 3725 supra,
3162 3658 3334 3710 seruit.
3385 3659 3590 3713 Seneca
3619 3659 3710 3713 lib.
3741 3675 3795 3713 tr
3818 3660 3884 3713 de

2302 3725 2510 3798 lleaef.,
2541 3741 2661 3798 cap.
2691 3725 2782 3798 26,
2834 3725 2897 3798 Si
2927 3727 3047 3798 deos
3074 3726 3311 3798 imitaris,
3343 3729 3412 3780 da
3431 3739 3478 3780 et
3506 3729 3720 3798 ingratis
3740 3731 3884 3784 bene-

2299 3797 2436 3866 ﬁcia.
2474 3797 2745 3867 sceleratis
2764 3796 3055 3867 sol_orit_ur,
3077 3806 3126 3848 et
3149 3797 3328 3867 piratis
3353 3807 3526 3867 patent
3561 3796 3742 3852 maria.

2371 3867 2503 3938 79!.
2530 3866 2584 3919 ln
2608 3865 2739 3938 Vat.
2764 3865 2809 3919 A
2828 3865 3202 3938 desiderantur
3222 3865 3336 3938 haec
3354 3865 3546 3928 verba,
3585 3884 3675 3920 nec
3699 3871 3885 3938 ﬂuctus

2297 3938 2460 3989 secius
2486 3936 2638 3987 hosti.
2669 3936 2845 4001 Egm”
2873 3934 3152 3998 mendose,
3181 3937 3370 3997 sedius,
3402 3952 3498 4004 pro
3524 3934 3709 3993 secius.

2370 4007 2495 4059 792.
2529 4005 2675 4071 Ald.,
2707 4005 2974 4062 Tornazsu
3011 4004 3285 4068 Galland.,
3315 4004 3429 4060 Gis.
3483 4007 3534 4060 in
3567 4017 3736 4070 testu,
3790 4009 3883 4061 do-

2302 4076 2474 4128 minre.
2508 4073 2653 4130 Rat..
2683 4073 2904 4139 Weitz.,
2925 4073 3152 4142 Widm.,
3187 4076 3376 4138 Palat.,
3410 4075 3684 4132 Heinsiani
3710 4087 3766 4133 et
3796 4094 3884 4132 re-

2299 4147 2583 4207 centiores,
2615 4144 2786 4196 liritte.

2372 4214 2496 4268 800.
2521 4213 2770 4267 Heinsius
2800 4212 2982 4282 mallet
3004 4213 3206 4282 impluit
3235 4213 3414 4267 imber.

2371 4282 2496 4337 804.
2535 4283 2804 4336 Arnobius
2851 4281 2943 4335 lib.
2995 4280 3085 4346 tv,
3117 4280 3395 4336 Femorem
3447 4284 3721 4352 genitalem
3764 4287 3886 4339 solis

2303 4351 2466 4415 Deus,
2499 4354 2661 4404 noctis
2683 4360 2730 4404 et
2759 4359 3223 4422 tempora,puentos,
3250 4351 3469 4419 plut-ias,
3501 4355 3674 4422 fruges
3694 4357 3884 4408 cunctis

2299 4422 2638 4492 subministrat
2663 4420 3169 4492 (equaliterkbonis,
3221 4420 3662 4492 malistinjust—is,
3704 4426 3883 4486 servis,

2300 4491 2629 4561 pauperibus,
2663 4490 2921 4561 diuitibus.
2956 4489 3141 4542 Matth.
3175 4505 3228 4552 v,
3249 4491 3360 4561 νόει
3393 4491 3457 4546 Ut
3484 4489 3599 4546 sitis
3645 4493 3747 4560 filii
3776 4492 3885 4546 Ρα-

2300 4559 2588 4622 ὶι-ἱὶιοεεινὶ,
2634 4561 2722 4626 qui
2765 4559 2924 4612 solem
2951 4575 3098 4612 suum
3129 4560 3256 4611 oriri
3295 4559 3426 4627 facit
3452 4569 3614 4631 ‘super
3647 4559 3817 4617 bonos
3840 4573 3886 4617 et

2301 4631 2481 4692 malos,
2513 4639 2563 4698 et
2579 4631 2717 4698 pluit
2733 4645 2885 4698 super
2894 4631 3062 4698 justos
3084 4639 3130 4680 et
3151 4631 3389 4698 injustas.

3702 4699 3848 4754 Deba
3870 4719 3884 4764 ;

2371 4701 2494 4754 807.
2527 4697 2927 4763 Urb.,Widm.,
2977 4698 3123 4760 Rat,
3178 4697 3362 4762 Dona;
3406 4698 3523 4753 Vat.
3576 4700 3644 4762 Δ,

2285 4757 2447 4834 ‘Ald.,
2475 4757 2683 4831 Hefns.,
2713 4757 2927 4824 Weitz..
2951 4757 3126 4828 Enim,
3149 4757 3499 4831 Metabo/ta
3520 4785 3538 4831 ;
3563 4757 3704 4831 6.5.,
3735 4757 3886 4836 Dan}

627 4837 1087 4924 t'eruntr'eq‘uirat?
1125 4837 1258 4924 ‘Uno
1290 4839 1466 4892 itinere
1511 4853 1612 4890 non
1659 4845 1818 4904 potest
1860 4838 2105 4906 perveniri
2130 4837 2200 4890 ad
2226 4863 2278 4924 Β
2304 4837 2486 4924 Eligilt“...
2523 4836 2646 4924 Dlea'.
2682 4836 3029 4924 liatx'sicribit
3052 4835 3362 4924 ‘Vfllltla—ljlf,
3393 4838 3552 4924 [:“abr.
3593 4837 3885 4909 Vandalus,

627 4919 725 4962 tam
755 4909 946 4968 arande
981 4919 1247 4962 secretum.

700 4979 803 5032 780
853 4979 1002 5043 Ald.,
1025 4993 1289 5030 commune
1309 4977 1500 5031 cunctis
1518 4977 1788 5032 viventibus
1809 4977 1998 5044 ipsum.
2014 4989 2202 5043 perpe-

629 5062 763 5100 ram.
798 5049 852 5101 ltt
881 5048 1044 5102 Turn.
1074 5046 1234 5100 etiam
1263 5057 1379 5100 erat
1405 5047 1594 5114 ipsum,
1618 5048 1758 5114 quod
1794 5046 2030 5099 Latinius
2075 5059 2200 5098 cor-

577 5128 580 5130 ‘
628 5119 785 5171 rexit.

699 5187 821 5241 786.
850 5184 1030 5252 Esau,
1066 5177 1183 5237 Vat.
1233 5184 1300 5243 Α.
1338 5183 1541 5238 hausto.
1569 5184 1749 5250 Ales.,
1785 5191 1974 5248 austu;
2013 5197 2197 5252 supra,

629 5258 835 5318 haustu,
864 5255 1003 5320 quod
1031 5269 1212 5306 verum
1251 5263 1353 5306 est.

699 5326 822 5378 787.
853 5322 1016 5392 Nabis
1051 5323 1165 5375 Vat.
1199 5323 1264 5384 A,
1298 5337 1448 5376 more
1468 5325 1704 5392 antiquo.

701 5395 825 5448 789.
859 5391 1063 5444 Λιίειίυα
1093 5403 1216 5445 sunt
1234 5393 1351 5444 loca
1378 5390 1624 5446 umbrosa
1641 5392 1692 5446 in
1710 5390 1902 5461 quibus
1927 5404 2021 5456 per
2037 5397 2196 5461 aesta-

629 5473 735 5518 tem
767 5477 957 5531 pecora
994 5463 1159 5514 vitant
1204 5461 1434 5531 calorem
1480 5463 1643 5531 _solis,
1697 5460 1760 5516 es
1814 5461 2001 5516 Servio
2028 5460 2095 5512 ad
2140 5473 2198 5511 ιιι

627 5529 848 5600 εἶξαι-ξς..
879 5531 966 5582 ubi
988 5531 1132 5582 addit
1160 5545 1225 5584 es
1249 5529 1440 5595 Statio,
1472 5529 1538 5584 Et
1564 5531 1783 5585 umbrosi
1804 5542 2008 5598 patuere
2025 5531 2200 5582 testiva

628 5599 796 5672 lycwi.
821 5601 1134 5672 Prudentius
1181 5602 1442 5672 gurgitem
1490 5602 1716 5655 arstivum
1759 5599 1889 5652 dicit
1935 5614 2038 5653 non
2089 5608 2196 5652 tam

629 5669 768 5742 quod
800 5669 1082 5742 umbrosus
1110 5683 1232 5742 esse
1257 5671 1442 5736 possit,
1489 5687 1647 5740 quam
1689 5672 1810 5739 quia
1840 5684 1932 5738 per
1961 5678 2196 5723 :cstateut

629 5737 744 5808 ejus
767 5757 901 5808 aqua
931 5739 1126 5794 vitatur
1154 5737 1318 5792 calor.
1508 5737 1522 5740 '
1710 5737 1725 5768 ι

2303 4907 2394 4960 al.i
2432 4905 2714 4959 Vandalus.
2758 4906 2934 4966 Alex.,
2965 4922 3116 4965 unus.
3146 4909 3369 4960 emenda
3396 4906 3638 4960 Hunnus.

2374 4977 2463 5031 88.
2499 4975 2769 5028 lleinsiani
2791 4975 2972 5042 scripti
2995 4984 3050 5028 et
3079 4974 3194 5037 alii,
3223 4974 3531 5040 Garamans,
3559 4985 3615 5030 et
3641 4977 3890 5032 Alaman-

2303 5061 2398 5098 nus
2443 5062 2459 5102 :
2501 5043 2749 5098 Heinsius
2804 5053 2978 5097 tamen
3035 5044 3206 5097 edidit
3251 5042 3534 5106 Garamas,
3579 5047 3886 5103 Alamanos.

2303 5115 2490 5168 Glossa
2515 5115 2694 5180 inepte
2726 5113 3079 5166 Garamantas
3120 5115 3343 5180 populos
3381 5114 3582 5168 Sicilia:
3624 5116 3783 5177 dicit,
3834 5127 3889 5170 nt

2301 5184 2553 5238 Galaulas
2585 5183 2807 5250 p0pulos
2839 5182 2889 5234 iu
2917 5182 3156 5236 Oriente.
3203 5181 3446 5236 Nonnulli
3486 5183 3732 5238 scribunt
3763 5185 3891 5239 Ale-

2302 5269 2537 5305 mannus.
2568 5247 2712 5314 Καί..
2741 5247 2976 5310 Thuau.,
3005 5250 3226 5304 Galaula
3267 5268 3287 5304 :
3339 5254 3570 5308 fortasse
3613 5252 3888 5308 Galaules.

2302 5322 2521 5375 Orosius
2548 5321 2638 5374 lib.
2668 5336 2704 5383 ι,
2727 5335 2846 5388 cap.
2876 5322 2932 5383 2,
2963 5321 3012 5374 iu
3037 5321 3228 5373 Africae
3255 5321 3616 5388 descriptione
3663 5341 3676 5375 :
3707 5326 3752 5375 .4
3780 5341 3890 5377 me-

2301 5391 2620 5461 ridiegentes
2643 5389 2878 5442 Aulolum
2899 5389 3006 5459 (al.
3034 5390 3272 5442 Autolum
3292 5391 3310 5459 )
3333 5408 3459 5461 opus
3485 5408 3617 5444 nunc
3635 5391 3892 5447 Gaulales

2305 5459 2418 5527 (sic
2441 5459 2465 5526 )8
2496 5471 2694 5522 uocant,
2727 5474 2882 5518 usque
2921 5461 2989 5510 ad
3029 5475 3275 5511 oceanum
3331 5459 3634 5526 Hesperium
3685 5463 3893 5516 contin-

2301 5538 2497 5598 gentes.
2529 5528 2630 5580 llic
2655 5537 2725 5580 est
2747 5528 2990 5598 terminus
3021 5529 3265 5580 universa:
3292 5528 3497 5597 Africm.
3527 5531 3744 5584 Auloles
3773 5535 3891 5585 sive

2305 5596 2525 5651 Atttoles
2554 5614 2583 5650 a
2608 5598 2820 5650 Lucano
2842 5596 2934 5648 lih.
2968 5612 3020 5648 tv
3049 5610 3306 5651 vocantur
3332 5596 3612 5662 Autololes,
3659 5611 3716 5653 et
3760 5613 3891 5654 sunt

2305 5667 2483 5734 populi
2516 5667 2754 5737 Numidis
2800 5679 2861 5717 ac
2890 5665 3094 5737 Gc‘tulis
3125 5666 3353 5737 finitimi.
3403 5669 3695 5737 Grangzrns
3720 5671 3804 5723 ait
3828 5688 3889 5723 se

2301 5733 2438 5805 apud
2467 5733 2798 5806 geographos
2829 5748 2934 5788 non
2965 5733 3154 5802 legiSsc
3175 5737 3292 5804 quis
3327 5736 3417 5792 ille
3451 5738 3522 5792 sit
3547 5733 3798 5808 pupulus,
3833 5750 3890 5796 et
