4038 6288
243 288 368 346 249

1631 509 1755 547 nos.

240 583 364 642 870
431 583 541 639 llos
569 593 648 648 tu,
677 583 817 649 Nile,
845 583 996 654 colis,
1023 582 1144 638 illos
1169 546 1244 646 tu,
1271 583 1467 643 Tibris.
1495 492 1707 640 adet-If:

437 677 549 732 Una
562 677 872 747 superstitio
886 685 991 739 est.
1005 677 1254 746 quamvis
1269 691 1374 729 non
1391 675 1644 730 concolor
1655 690 1827 729 error.

430 767 596 840 βω
635 769 770 824 llinc
796 769 900 824 alia
928 769 1190 838 exoritur,
1223 769 1522 824 tenebrosis
1552 777 1684 823 tecta
1721 766 1830 820 fru-

1279 865 1286 876 ‘
1593 857 1756 922 lictis,

438 950 642 1008 Semita
667 967 682 1005 :
712 965 870 1021 quam
901 948 1155 1021 pecudes,
1185 959 1240 1006 et
1265 958 1407 1005 muta
1432 857 1831 1004 animiiiiiiziir-

654 1090 665 1096 -
937 1085 940 1088 .
1578 1047 1756 1104 lpum,

654 1090 665 1096 _
937 1085 940 1088 .
1639 1055 1702 1092 un

430 1135 667 1202 Qumque
695 1133 862 1188 latent
885 1131 1036 1187 silvis
1061 1149 1076 1186 :
1109 1133 1348 1200 operitur
1374 1131 1550 1186 nescia
1578 1037 1702 1187 Eis"

435 1226 583 1279 Mens
608 1225 906 1288 hominum,
936 1239 1079 1278 δειξιό
1105 1225 1295 1277 vivens
1319 1223 1525 1292 captiva
1555 1229 1799 1292 tyranno.

432 1319 558 1374 [lac
587 1327 755 1388 putat,
782 1331 904 1372 esse
936 1315 1094 1372 deum
1119 1315 1359 1370 nullum:
1395 1329 1622 1384 namque
1647 1314 1823 1368 omnia

1621 1407 1754 1460 verti

1621 1421 1681 1460 ve
1715 1422 1718 1453 ι

425 1499 672 1558 Casibus.
700 1507 755 1551 et
779 1496 926 1552 nullo
954 1495 1054 1550 sub
1084 1495 1312 1565 prmside
1342 1493 1498 1549 smcla
1531 1404 1718 1550 roiarir.

425 1589 541 1642 Hoc
569 1589 670 1643 iter
690 1587 1096 1656 haudquaquam
1119 1600 1310 1655 magno
1327 1585 1638 1640 discrimine
1664 1585 1825 1640 distat

243 1226 361 1281 875

431 1679 589 1732 lliscc
616 1678 738 1743 viis,
767 1691 900 1744 quas
921 1691 1018 1731 vos
1047 1676 1238 1741 teritis,
1264 1678 1353 1744 qui
1382 1675 1595 1729 numina
1630 1675 1819 1740 multa,

245 1771 353 1826 883

425 1860 696 1924 Simplicis
722 1876 850 1922 ergo
874 1861 974 1913 vite
999 1859 1103 1914 tlnx
1127 1867 1209 1914 est
1231 1857 1370 1912 Deus
1391 1875 1406 1911 :
1438 1858 1528 1913 ille
1551 1873 1642 1924 per
1663 1867 1821 1914 uuam

426 1951 509 2004 Ire
535 1950 687 2016 jubet
716 1951 938 2004 mortale
964 1963 1169 2018 genus:
1201 1963 1356 2018 quam
1386 1949 1566 2016 dirigit
1597 1950 1708 2017 ipse

413 2043 722 2099 Sublimem
751 2043 941 2098 dextro
969 2044 1112 2098 celsa
1141 2042 1207 2098 ad
1238 2043 1444 2113 fastigia
1475 2042 1632 2098 clivo.

1279 274 1479 345 LIBER
1520 289 1562 346 tt
1597 290 1871 348 comas
1912 293 2357 354 svnuacuou.

440 399 510 455 Et
537 397 842 456 crocodilus
869 397 1032 465 idem,
1055 396 1194 465 quod
1214 397 1376 463 Juno,
1401 399 1662 466 Laverna,
1688 401 1834 463 Pria:
1859 405 1910 464 Α

428 1771 498 1823 Et
516 1780 787 1838 portenta,
806 1768 970 1824 Deum
989 1782 1280 1832 summum,
1297 1782 1580 1821 numerosa
1605 1767 1817 1836 putatis.
1856 1754 1899 1811 Β

3404 293 3508 349 250

2114 406 2292 462 Prima
2319 408 2421 462 vite
2448 407 2614 464 iacies
2641 408 2859 478 inculta,
2884 407 3224 476 subhorrida,
3257 406 3442 470 tristis.

1935 495 2041 551 885
2111 497 2356 553 Diflicilis
2382 515 2398 553 :
2426 499 2519 552 sed
2550 501 2655 556 line
2684 501 2765 555 sui
2795 499 3171 570 pulcherrima,
3200 508 3253 554 et
3277 501 3470 569 amplis
3507 507 3510 510 ’

2110 586 2336 642 Ρηιόίιιι
2367 589 2590 655 divitiis,
2615 599 2672 645 et
2700 590 2974 645 abundans
3004 591 3118 645 luce
3143 589 3384 657 perenni,

2108 678 2175 733 Et
2198 694 2320 746 qua:
2349 681 2649 748 praeteritos
2681 683 2846 750 possit
2876 697 3101 750 pensare
3127 681 3359 737 labores.

2111 767 2390 837 Multiplici
2420 769 2526 824 dux
2552 772 2760 826 dzemon
2787 771 2959 838 adest,
2989 772 3078 842 qui
3101 761 3262 840 parte
3286 772 3500 828 sinistra

2107 861 2425 916 Centilidum
2449 864 2722 918 confundit
2745 850 2864 928 iter.
2880 866 3044 919 trahit
3063 865 3185 919 inde
3205 864 3496 932 sophistas.

1931 951 2037 1010 890
2105 952 2266 1025 84],
2295 953 2574 1022 Barbatos,
2607 955 2772 1011 trahit
2799 956 2923 1013 hinc
2952 957 3163 1026 opibus,
3187 956 3268 1010 vel
3294 957 3499 1011 honoro

3137 1046 3428 1118 [potentes,
3459 1077 3466 1084 -
3559 1072 3562 1073 ν

2105 1132 2262 1188 lllicit
2288 1143 2344 1188 et
2367 1134 2639 1188 volucrum
2669 1133 2892 1204 linguis,
2934 1145 2987 1189 et
3015 1134 3292 1204 haruspice
3323 1135 3494 1190 fallit:

2099 1225 2321 1295 lnstigat
2346 1206 2814 1281 bacchantis.anus
2839 1225 3062 1296 ambage
3087 1227 3316 1298 sibyllae,

2007 1353 2010 1357 λ
2101 1313 2330 1368 Involvit
2357 1315 2608 1379 mathesi,
2637 1316 2869 1383 magicas
2899 1316 3126 1384 impellit
3155 1315 3207 1370 in
3239 1328 3408 1382 artes,

2101 1408 2292 1461 Omine
2320 1407 2594 1475 sollicitat,
2621 1407 2763 1475 capit
2792 1422 3016 1475 augure.
3046 1407 3257 1462 territat
3283 1409 3442 1463 extis.

1925 1497 2032 1554 895
2100 1498 2309 1562 Cernis,
2328 1508 2382 1550 nt
2408 1513 2509 1550 una
2528 1498 2608 1550 via
2626 1509 2732 1562 est,
2750 1499 2928 1551 multis
2947 1497 3271 1552 anfractibus
3288 1513 3495 1563 errans,

2101 1588 2284 1642 Talem
2313 1602 2468 1656 passa
2495 1587 2706 1652 ducem,
2734 1589 2822 1657 qui
2853 1604 2958 1643 non
2985 1589 3124 1643 sinat
3149 1589 3226 1643 ire
3253 1588 3445 1642 salutis

2106 1678 2184 1735 Ad
2213 1678 2512 1745 dominum,
2543 1677 2637 1734 sed
2667 1681 2852 1735 mortis
2887 1680 2990 1734 iter
3025 1695 3122 1748 per
3153 1679 3304 1733 devia
3341 1693 3493 1732 mon-

3225 1771 3382 1842 [stret
3403 1770 3426 1821 τ

2107 1861 2296 1923 Devia,
2325 1863 2462 1928 picta
2494 1860 2649 1915 bonis
2679 1860 2960 1924 brevibus,
2991 1860 3086 1914 sed
3115 1862 3220 1916 line
3248 1863 3347 1914 sub
3375 1862 3491 1927 ipso

2103 1953 2295 2007 Tristia
2315 1992 2332 2019 ,
2374 1963 2427 2008 et
2457 1951 2509 2007 iu
2537 1951 2764 2007 subitam
2798 1967 3034 2022 praeceps
3069 1951 3316 2005 itnnier-a
3347 1939 3490 2004 (iba-

2251 2053 2255 2060 '
3171 2040 3424 2114 [t'ybdim.

1543 2129 1828 2188 ϐίλΟόεῶ
1859 2131 2205 2189 VETERES.

244 2225 646 2298 .Egyptiorum;
684 2225 912 2278 maritus.
936 2253 1029 2298 —_
1048 2223 1246 2298 Grandi
1278 2224 1442 2298 calda
1465 2264 1480 2284 .
1510 2225 1630 2298 quia
1661 2242 1818 2291 genus

245 2294 513 2350 siniiorum
541 2307 633 2359 est,
663 2298 750 2362 qui
778 2311 987 2362 magnas
1009 2294 1193 2348 habent
1221 2297 1429 2356 caudas.
1457 2305 1506 2346 et
1531 2295 1630 2357 ipsi
1653 2311 1821 2346 cerro.

244 2367 434 2433 pitheci
459 2369 727 2429 dicuntur;
757 2379 804 2419 et
826 2365 970 2417 aliud
995 2381 1150 2434 genus
1178 2365 1326 2429 spina
1350 2365 1560 2434 dicitur,
1590 2365 1728 2433 quod
1748 2376 1820 2418 est

245 2437 514 2497 villosum;
545 2447 590 2487 et
619 2436 820 2488 tertium
848 2433 1004 2502 genus
1030 2443 1103 2486 est
1132 2440 1240 2486 sine
1263 2433 1452 2500 cauda,
1485 2434 1522 2486 Ι.
1611 2462 1614 2464 ~

313 2506 442 2561 869.
475 2504 802 2567 Crocodilus,
833 2513 1113 2557 monstrum
1144 2503 1376 2571 [Εςῃριί.
1401 2531 1471 2542 -
1495 2508 1762 2565 Laverna,
1787 2520 1820 2556 a

245 2573 486 2630 lavando.
507 2603 581 2615 —
607 2575 848 2641 I'riapns.
873 2576 994 2626 deus
1021 2574 1301 2633 hortorum,
1335 2575 1372 2628 l.

314 2647 444 2698 872.
479 2645 632 2710 llinc,
657 2653 767 2713 post
795 2642 923 2698 hac.
948 2671 1016 2681 -—
1043 2642 1291 2706 Frutetis,
1314 2642 1588 2708 erroribus,
1618 2641 1657 2697 I.

316 2716 448 2769 875.
480 2714 736 2776 Carptntt,
766 2713 1026 2776 incedunt,
1059 2715 1098 2766 I.

317 2786 448 2838 874.
481 2785 636 2845 Caeli.
662 2783 907 2844 veritatis,
938 2783 980 2835 Ι.

315 2857 447 2909 875.
483 2853 658 2909 Szevo.
684 2853 773 2906 sub
799 2853 1025 2913 diabolo.
1055 2850 1095 2905 1.

317 2925 448 2980 878.
480 2923 821 2989 Discrimine,
846 2923 1167 2986 discretione,
1192 2918 1235 2974 Ι.
1333 2961 1344 2975 .

1996 2224 2120 2279 881.
2153 2223 2342 2285 Unam.
2367 2225 2520 2284 ciant.
2545 2223 2584 2278 l.

1995 2294 2119 2347 883.
2149 2293 2326 2358 Clilto,
2349 2297 2573 2356 veritate,
2596 2291 2635 2346 Ι.

1990 2365 2066 2418 88
2080 2363 2123 2418 ι.
2156 2362 2352 2427 Prima,
2375 2379 2486 2426 aute
2505 2363 2644 2416 ducit
2664 2362 2734 2416 ad
2757 2362 3002 2417 uitam.--
3024 2361 3230 2427 Facies,
3253 2361 3484 2431 qualitas.

1923 2461 1996 2476 --
2017 2434 2225 2494 'l'rislis,
2253 2435 2306 2486 in
2335 2433 2597 2502 prasenti,
2628 2432 2669 2486 Ι.

1996 2503 2120 2557 887.
2151 2500 2403 2566 PenSare.
2428 2517 2831 2569 recompensare.
2860 2500 2899 2554 l.
3259 2543 3265 2546 .

1995 2573 2120 2626 888.
2151 2572 2443 2637 Multiplici,
2467 2573 2658 2625 scilicet
2681 2573 2794 2635 vice,
2816 2571 2880 2624 de
2902 2571 2985 2623 eia
3009 2571 3215 2626 sinistra
3238 2570 3380 2634 dicit,
3404 2571 3446 2625 I.

2000 2642 2123 2697 890.
2161 2644 2434 2702 llarliatos.
2464 2643 2639 2712 fortes,
2666 2641 2705 2696 Ι.
2806 2710 2813 2712 Α
2863 2711 2869 2712 γ
2936 2695 2959 2712 _.

2000 2713 2124 2766 891.
2159 2713 2328 2768 lllicit.
2353 2709 2544 2765 scilicet
2566 2711 2684 2764 illos
2702 2710 2914 2780 decipit,
2936 2709 2978 2766 I.

1999 2783 2034 2835 8
2069 2783 2126 2838 ‘2.
2159 2783 2419 2848 Ambage,
2443 2782 2682 2842 circuitu,
2705 2781 2747 2834 1.

2001 2851 2126 2906 89a.
2157 2853 2365 2915 Talem,
2393 2853 2447 2903 id
2473 2861 2544 2904 est
2571 2850 2852 2913 diabolum,
2879 2850 2958 2903 vel
2982 2848 3368 2918 Symmoclsum,
3393 2850 3432 2904 Ι.

2000 2921 2124 2975 899.
2156 2920 2502 2990 Charybdim,
2529 2920 2840 2990 uoraginem,
2868 2921 2908 2973 Ι.

1585 3011 2136 3070 COMMENTARIUS.

247 3107 326 3161 l‘e
343 3107 714 3173 cercOpitheco
731 3105 986 3160 Martialis
1007 3105 1101 3159 lib.
1118 3121 1226 3166 xiv,
1246 3103 1534 3170 θρίω-,202
1554 3122 1565 3156 :
1587 3106 1816 3161 (.‘allittus
1845 3104 1891 3167 C
1990 3106 2115 3161 885.
2148 3106 2290 3171 Ald.,
2310 3107 2516 3169 celsam.
2537 3107 2714 3162 minus
2730 3106 2898 3170 bene;
2928 3120 3024 3160 nec
3045 3106 3235 3160 melius
3250 3106 3466 3161 Teolius

246 3180 462 3230 emissas
488 3177 694 3231 eludere
729 3177 906 3230 simius
933 3177 1134 3239 hastas,
1182 3176 1241 3230 Si
1283 3176 1407 3228 mihi
1448 3180 1614 3228 cauda
1652 3177 1816 3246 foret,

245 3247 626 3300 cercouitlterns
654 3262 788 3299 erant
799 3286 811 3299 .

317 3313 449 3372 809.
480 3317 676 3369 Witlm.
710 3313 893 3369 scribit
920 3313 1273 3370 crocodrillus.
1307 3313 1457 3367 Alex.
1487 3316 1818 3378 crocodillus,

245 3386 360 3450 alii,
389 3386 694 3440 crocodilus.
733 3387 930 3448 Oxum,
963 3383 1107 3436 ldem
1135 3394 1227 3438 est.
1261 3384 1469 3437 Tbnan.
1502 3396 1552 3436 et
1581 3387 1675 3439 alii
1710 3388 1820 3441 fere

243 3471 437 3510 omnes
467 3455 757 3517 Ileinsiani.
791 3454 970 3513 Alex.,
1003 3453 1129 3508 Urb.
1151 3469 1272 3506 cum
1299 3455 1455 3516 Aldo,
1484 3455 1636 3517 idem,
1661 3458 1816 3522 quod.

243 3525 444 3579 Weitz.
474 3541 594 3578 cum
624 3524 754 3585 suis.
784 3523 922 3585 Gis.,
958 3525 1097 3588 ltat.,
1130 3525 1184 3589 id
1211 3533 1304 3582 esl,
1334 3524 1491 3593 quod.
1523 3525 1643 3576 Ald.
1671 3541 1820 3578 tuen-

242 3596 410 3656 dose.
463 3595 682 3647 Lacerta.
741 3594 1062 3660 Becntanus,
1115 3593 1327 3646 Mannd.
1377 3594 1440 3645 ad
1486 3594 1611 3657 liug.
1660 3595 1816 3657 l.at.,

242 3665 431 3717 ttescio
462 3664 549 3719 ubi
587 3664 786 3717 invenit
813 3662 1066 3724 Laurenti,
1097 3663 1238 3724 quod
1272 3677 1415 3715 reete
1445 3663 1692 3716 emendat
1719 3681 1818 3732 per

245 3735 503 3792 Laverna.
535 3745 628 3787 seu
660 3732 909 3793 Labcrna',
940 3749 1057 3798 quae
1087 3743 1171 3786 est
1194 3733 1292 3785 dea
1319 3733 1516 3786 furum.

314 3805 442 3860 870.
475 3804 622 3868 ΑΜ..
645 3803 782 3867 Gis.,
810 3801 922 3854 Hos
950 3812 1024 3862 tu.
1057 3802 1196 3865 Nile,
1226 3806 1346 3854 dcos
1372 3801 1520 3863 colis.
1549 3810 1596 3853 et
1626 3811 1699 3862 tu.
1722 3801 1814 3854 Ti-

241 3874 372 3937 bris,
408 3876 613 3927 adoras.
667 3873 811 3935 Rau,
852 3871 958 3924 Hos
1002 3882 1076 3932 tu,
1109 3871 1279 3934 Tibri,
1319 3872 1476 3934 colis;
1515 3873 1629 3923 illos
1662 3872 1817 3925 [\‘ilus

238 3944 450 3997 adorat.
473 3944 578 3999 Sed
621 3942 734 3996 hzec
773 3945 931 3995 verba
965 3941 1127 4005 Tibri,
1168 3943 1290 3994 deos
1327 3943 1472 4000 colis,
1515 3941 1630 3992 illos
1663 3941 1815 3994 Nilus

237 4025 364 4066 sunt
395 4016 465 4066 ab
494 4013 678 4066 audaci
706 4021 1030 4070 correctore.
1057 4012 1321 4076 prioribus
1349 4010 1545 4063 erasis:
1573 4008 1816 4066 Gifanius

239 4093 390 4135 recte
437 4099 503 4136 ex
551 4091 661 4136 vet.
697 4083 787 4136 lib.
820 4081 945 4149 lgit
978 4079 1085 4132 llos
1124 4089 1198 4142 tu,
1234 4080 1374 4142 Nile,
1405 4081 1552 4141 colis.
1583 4082 1699 4134 illos
1737 4093 1812 4146 tu,

236 4151 433 4216 Tibris,
466 4153 672 4217 adoras.
715 4152 854 4217 quod
894 4161 1106 4202 secutus
1147 4160 1229 4203 est
1250 4150 1505 4203 Weitzins
1533 4166 1652 4203 cntn
1676 4152 1812 4215 suis,

236 4232 291 4275 et
320 4223 597 4274 adita-rent
628 4221 792 4273 nostri
824 4230 876 4272 et
905 4219 1193 4272 Ileinsiaoi.
1245 4221 1298 4271 In
1331 4221 1456 4272 colis
1483 4221 1664 4273 ultitna
1693 4235 1813 4287 pro-

235 4291 453 4344 ducitur
476 4292 679 4345 ratione
699 4305 936 4353 cmsurte,
957 4291 1092 4357 quod
1113 4289 1370 4343 fatniliare
1389 4304 1508 4344 esse
1524 4290 1813 4343 Prudentio

233 4375 382 4414 saepe
409 4361 659 4413 diximus.

307 4431 436 4484 87L
467 4431 680 4483 lure-tus
705 4439 905 4490 monet,
951 4440 1096 4482 recte
1135 4444 1237 4480 una
1274 4428 1562 4497 superstitio
1590 4443 1711 4482 esse
1756 4432 1805 4481 ln

233 4500 509 4559 omnibus,
541 4515 644 4552 non
683 4515 813 4552 vana
850 4499 1158 4564 superstitio.
1202 4509 1253 4551 et
1295 4498 1480 4549 eodem
1514 4500 1620 4550 fere
1649 4499 1806 4550 modo

235 4570 449 4622 locutos
477 4568 852 4632 llouoriunret
887 4569 1244 4622 'l‘hcodosiuttt
1274 4567 1324 4619 itt
1355 4568 1469 4632 lege
1499 4568 1566 4620 60
1591 4567 1657 4620 tle
1688 4567 1807 4620 lla:-

233 4639 442 4700 reticis,
465 4640 584 4692 cod.
615 4630 818 4702 Tlteotl.
852 4637 942 4690 lib.
969 4652 1085 4690 xvn:
1121 4638 1350 4699 Quorum
1379 4630 1539 4688 sectas
1566 4639 1806 4704 piissimte

232 4708 489 4775 sanctioni
534 4707 685 4760 taedet
733 4708 967 4772 inserere,
1013 4708 1191 4775 quibus
1225 4706 1418 4758 cunctis
1454 4707 1653 4761 diversa
1691 4719 1806 4760 sunt

232 4774 475 4838 nomina,
498 4778 586 4828 sed
617 4792 716 4845 una
745 4777 976 4845 perﬁdia.

303 4845 435 4900 874.
484 4845 630 4908 Altl.,
678 4843 857 4910 Fabri,
907 4847 1084 4908 Alex”
1131 4843 1275 4906 ἢθη..
1305 4843 1423 4897 Vat.
1469 4849 1536 4905 Α.
1581 4843 1804 4910 Ωαωίμιε

230 4913 408 4984 latent
437 4915 577 4968 silvis
598 4916 885 4984 {operitur
913 4916 1077 4967 nescia
1105 4916 1236 4966 cteli.
1292 4914 1443 4973 Urb..
1473 4916 1614 4971 lalet.
1665 4914 1755 4968 (iis
1783 4957 1800 4982 ,

233 4982 431 5038 Weitz.
463 4999 583 5036 cum
614 4982 810 5052 Witlm.
861 4999 889 5036 a
940 4987 1105 5046 prima
1160 4999 1341 5047 mantt,
1374 4984 1598 5052 Qturqnc
1644 4984 1806 5038 latens

227 5054 375 5106 silvis
406 5053 634 5119 operitur
654 5069 672 5106 :
711 5046 878 5104 itescio
907 5054 1040 5106 cteli.
1096 5046 1343 5106 Heinsius
1372 5046 1568 5105 uttlla'tn
1599 5053 1803 5108 discre-

229 5125 467 5186 pantiam
495 5123 731 5191 agnovit,
759 5121 1048 5176 Giselionm
1078 5132 1311 5174 Secutus.
1346 5121 1591 5175 Fortasse
1621 5125 1803 5192 legen-

228 5195 358 5244 dum
388 5193 516 5253 erit.
546 5201 603 5245 et
623 5192 1054 5260 distinguendum
1084 5193 1305 5257 Quinque
1330 5193 1491 5243 latens
1517 5193 1658 5244 silvis
1681 5210 1804 5260 ope—

226 5263 362 5314 ritur
413 5263 581 5314 nescia
625 5261 759 5316 caeli.
831 5261 1080 5314 lleinsius
1134 5260 1502 5313 admirationis
1551 5272 1804 5329 punctum

227 5331 431 5398 adjecit
458 5333 626 5384 verbo
657 5343 872 5398 tyranno
902 5345 1058 5392 versu
1088 5345 1211 5400 seq.
1231 5330 1447 5400 Scilicet
1481 5331 1702 5400 Quicque
1730 5333 1808 5385 la-
1879 5361 1884 5364 -

226 5409 346 5453 tens
371 5401 510 5453 sifvis
538 5402 767 5465 operitur
787 5416 806 5453 :
851 5401 1020 5452 nescia
1049 5399 1159 5452 caeli
1189 5399 1336 5453 Mens
1363 5399 1645 5466 hominum,
1675 5418 1804 5456 saw

225 5472 399 5523 vivens
424 5473 622 5538 captiva
649 5483 863 5538 tyranno
885 5470 907 5521 ,ν

1928 3175 2156 3298 Slnblpne
2175 3176 2354 3232 dextro
2375 3179 2560 3232 celsam
2579 3179 2645 3231 ad
2666 3177 2871 3248 fastigia
2893 3177 3042 3230 clivo.
3070 3177 3209 3247 Lege
3227 3177 3478 3232 sublime»

1928 3262 1953 3298 e
2003 3263 2058 3298 ce
2078 3264 2157 3298 sa.

1925 3255 1980 3300 et
2003 3255 2157 3300 celsa.

1993 3315 2118 3370 888.
2151 3315 2299 3380 Ald.,
2325 3316 2507 3382 Fahr.,
2530 3315 2804 3381 multiplici
2825 3316 3023 3369 dtemon
3045 3315 3136 3369 sed
3157 3320 3316 3369 adest.
3347 3316 3514 3376 Οἱς..

1923 3385 2222 3452 multiplicis
2245 3394 2350 3439 dua:
2373 3388 2572 3440 damon
2597 3399 2646 3440 at
2671 3395 2765 3441 est.
2797 3387 2943 3447 Rat..
2972 3385 3271 3453 Multiplicis
3295 3386 3488 3443 daemon

1924 3458 2033 3508 du:
2055 3466 2158 3521 est;
2188 3456 2280 3510 sed
2313 3457 2409 3510 tria
2438 3457 2597 3510 verba
2626 3458 2826 3510 damon
2851 3458 2958 3507 dua:
2986 3464 3057 3507 est
3085 3466 3208 3508 sunt
3235 3457 3462 3521 abanda
3481 3483 3492 3499 ε

1922 3520 2144 3594 cissimo
2161 3536 2483 3590 correctore,
2510 3527 2774 3594 prioribus
2793 3527 2983 3594 erasis.
3016 3525 3243 3594 Widm..
3270 3520 3483 3586 Wt-itz..

1921 3593 2218 3657 multiplicis
2250 3596 2358 3648 dua:
2386 3592 2583 3648 damon
2614 3598 2776 3648 adest.
2811 3592 2947 3657 PaL.
2979 3595 3189 3648 codices
3217 3593 3408 3661 Jureti,
3435 3605 3486 3654 et

1920 3661 2114 3717 Gifanii
2133 3665 2293 3718 verbo
2309 3663 2519 3728 Vas‘rts,
2541 3664 2720 3718 lleins.
2741 3679 2862 3717 cum
2885 3663 3060 3729 priore
3090 3661 3260 3724 Rott..
3287 3665 3487 3728 Oxon.,

1922 3733 2191 3799 multiplici
2217 3735 2323 3787 dua:
2347 3735 2543 3785 dtern'on
2567 3735 2728 3787 adest.
2773 3731 3049 3795 Weitzins,
3088 3731 3486 3794 Egtnondanunt

1921 3801 2117 3872 allegat
2147 3818 2243 3869 pro
2269 3803 2583 3872 multiplicis.
2620 3803 2867 3872 Heinsius
2895 3817 2989 3872 pro
3015 3801 3302 3872 multiplici.
3328 3800 3485 3872 UCIIIII

1921 3871 2139 3926 lleinsio
2163 3872 2361 3928 faciunt
2388 3869 2539 3926 Ales.
2572 3881 2628 3926 et
2654 3871 2809 3932 Urb..
2841 3869 2934 3923 sed
2967 3871 3018 3923 in
3049 3871 3202 3923 Ales.
3233 3870 3486 3925 scribitur

1921 3941 2124 4007 demon,
2152 3958 2254 3996 non
2283 3943 2500 3996 daemon.
2534 3941 2644 3996 Dici
2673 3954 2849 3995 autem
2881 3951 3052 4007 potest
3095 3939 3202 3991 dua:
3228 3941 3404 4006 alicui,
3432 3953 3487 3997 et

1916 4011 2285 4077 alicuius.Ald.
2304 4022 2356 4066 et
2371 4011 2525 4068 Fabr.
2538 4053 2553 4074 .
2565 4022 2722 4064 morte
2734 4010 2956 4069 sinister;
2970 4010 3082 4070 alii,
3099 4018 3242 4068 parte
3252 4011 3481 4065 sinistra.

1989 4081 2112 4135 890.
2144 4081 2418 4136 iuvenalis
2447 4092 2548 4135 sat.
2576 4083 2663 4144 M,
2693 4096 2832 4135 vers.
2861 4079 2946 4137 12.
2977 4077 3222 4132 Barbatos
3247 4079 3366 4134 licet
3395 4085 3487 4134 ad-

1917 4166 2113 4222 moveas
2141 4151 2280 4222 mille
2305 4153 2423 4222 inde
2447 4153 2735 4222 inagistros.
2765 4149 2886 4204 Vat.
2909 4155 2976 4214 A,
3001 4149 3159 4222 male,
3184 4148 3439 4222 barbatus.

1986 4219 2111 4274 891.
2144 4221 2385 4275 Gifanius
2414 4219 2578 4275 verbo
2617 4222 2771 4274 Mm:
2811 4236 2874 4273 ex
2908 4227 3020 4272 vet.
3052 4219 3144 4272 lib.
3175 4220 3379 4283 optimo
3405 4221 3486 4273 in-

1916 4288 2075 4342 licitat
2100 4293 2361 4344 volucrum
2384 4290 2593 4358 linguis.
2622 4290 2736 4344 Non
2763 4289 3017 4358 approbat
3043 4288 3338 4349 Maricttus,
3361 4291 3484 4357 quia

1920 4359 2237 4414 Prudentius
2268 4360 2511 4425 intelligit
2539 4370 2725 4413 cantus
2755 4362 2958 4419 avium,
2987 4359 3100 4410 sive
3126 4359 3403 4426 augurium
3430 4373 3485 4412 ιιι

1918 4426 2326 4495 haruspicinam,
2363 4431 2554 4496 (“NIMIS
2591 4430 2738 4482 multi
2767 4428 3186 4494 tlecipiebantnr.
3233 4427 3483 4480 Heinsius

1920 4512 2047 4566 vero
2074 4500 2316 4552 eamdem
2351 4498 2630 4553 lectionem
2662 4499 2864 4566 rejicit.
2905 4497 3023 4563 quia
3052 4496 3252 4566 illicitat
3295 4511 3480 4566 parum

1893 4565 2155 4620 Latinum
2185 4579 2297 4622 est;
2322 4568 2602 4622 dicendum
2632 4564 2772 4622 enim
2801 4579 2938 4620 esset
2962 4566 3174 4617 illectal.
3207 4564 3481 4618 Mariettus

1915 4638 2140 4689 fortasse
2181 4636 2268 4690 illa
2310 4654 2404 4691 sua
2448 4639 2654 4690 ratione
2685 4637 2958 4691 refellebat
2996 4633 3298 4698 haruspide,
3337 4637 3478 4700 quod

1917 4705 2041 4771 legit
2067 4706 2120 4760 in
2143 4705 2372 4770 Gifanio,
2395 4723 2458 4760 ac
2481 4722 2666 4761 revera
2697 4708 2747 4760 in
2771 4721 2835 4758 eo
2855 4713 3047 4758 exstat.
3075 4702 3180 4758 Sed
3203 4703 3481 4759 Itarustn'de

1916 4785 2041 4846 puto
2064 4779 2461 4846 essemendunt
2491 4792 2585 4846 pro
2611 4777 2894 4846 haruspice.

1983 4845 2105 4900 892.
2139 4844 2328 4899 Weitz.
2357 4862 2476 4900 cum
2499 4845 2699 4914 Widm.
2728 4840 2948 4914 a'pritna
2966 4855 3162 4914 manu,
3185 4840 3476 4898 bace/tatus.

1913 4915 2037 4975 Alii.
2063 4914 2369 4969 bace/tantis.
2405 4916 2520 4970 Vat.
2547 4909 2612 4979 Ᾰ,
2639 4909 2796 4979 male,
2822 4912 3025 4981 sibylla.
3249 4979 3254 4981 Α
3483 4932 3485 4936 ·

1979 4985 2102 5039 893.
2140 4987 2281 5051 Alit.,
2315 4983 2436 5039 Rat.
2463 4988 2529 5039 ab
2561 4987 2746 5053 ignaro
2786 4979 3129 5053 correctore,
3169 4979 3258 5053 qui
3299 4981 3475 5051 priora

1911 5055 2093 5115 erasit.
2124 5047 2310 5118 Fabr..
2338 5065 2468 5109 vett.
2490 5047 2614 5108 edd'.
2642 5054 2778 5122 apud
2805 5052 2966 5113 Gall.,
2999 5047 3064 5101 ln
3095 5047 3316 5122 magicas
3343 5062 3478 5105 artes

1916 5123 2102 5187 trultit,
2133 5117 2437 5188 involvitque
2465 5117 2696 5178 mathe’si.
2749 5125 2821 5177 lta
2853 5122 3047 5174 factum
3076 5117 3143 5170 ab
3173 5119 3237 5173 iis
3267 5122 3352 5188 qui
3385 5136 3475 5175 se-

1910 5195 2137 5246 cundam
2168 5194 2222 5246 itt
2245 5195 2457 5248 mathesi
2483 5195 2698 5257 produci
2723 5193 2986 5256 sciebant,
3013 5198 3068 5242 et
3091 5196 3324 5244 Velet‘em
3349 5205 3477 5246 cou-

1908 5264 2243 5316 suctudinem
2267 5265 2585 5316 contrariam
2615 5263 2944 5326 ignorabant.
3313 5258 3326 5270 ⁸

1980 5332 2105 5386 897.
2139 5332 2285 5399 Ald.,
2338 5335 2516 5402 Ales..
2567 5331 2944 5402 llrbtiabrq
2991 5333 3167 5402 Egm..
3210 5339 3474 5386 monstrat.

1912 5401 2027 5454 Vat.
2059 5404 2123 5463 A,
2157 5404 2297 5466 Ilat.,
2323 5401 2537 5461 Weitz..
2565 5400 2702 5463 Gis.,
2733 5401 2940 5467 lleins.,
2967 5400 3228 5458 monstret.

1977 5470 2099 5524 899.
2135 5469 2255 5540 Vat.
2278 5473 2343 5535 A,
2370 5472 2571 5540 tristitia
2601 5481 2647 5524 et
2674 5470 2842 5524 subita
2862 5487 3105 5540 praeceps.
3139 5469 3268 5540 Urb.
3293 5467 3474 5540 tristis,
3582 5478 3585 5480 ·

303 5540 430 5594 880.
466 5537 744 5599 Portenta.
789 5548 846 5592 ut
886 5538 1012 5592 alibi
1048 5551 1270 5592 monstra
1297 5540 1468 5594 deum.
1520 5541 1614 5592 llic
1644 5543 1801 5596 etiam
1904 5553 1952 5594 et
1993 5543 2046 5592 in
2084 5539 2334 5602 subitam,
2379 5539 2518 5606 quod
2561 5555 2666 5594 non
2695 5537 2957 5605 displiéet.
3010 5537 3109 5597 Alii
3138 5537 3473 5607 Charybdim.

230 5607 558 5662 Prudentius
588 5609 804 5662 numina
835 5609 1019 5673 multa,
1047 5614 1238 5676 qtntms
1265 5612 1461 5665 inesset
1489 5626 1692 5665 smuma
1721 5613 1799 5665 dt-

229 5679 452 5747 vinitas,
478 5681 546 5735 ab
570 5678 797 5736 ethnicis
821 5681 1033 5749 agnosci
1061 5681 1359 5734 confirmat.

1905 5612 1989 5662 alii
2018 5609 2335 5680 Charybdem
2363 5608 2624 5680 scribunt.
2676 5609 2948 5665 Sententia
2977 5611 3256 5680 desutnp'a
3291 5616 3375 5663 est
3409 5621 3482 5661 ex

1907 5680 2092 5735 Matth.
2122 5695 2211 5746 vn,
2245 5678 2397 5734 Luca:
2427 5694 2535 5745 Mil,
2568 5678 2774 5736 lict-les.
2806 5695 2916 5738 xu.
