4024 6292
171 400 265 458 εδδ

1573 614 1662 649 tSlS
1707 616 1710 620 ’

1573 621 1582 647 ι
1619 614 1629 649 l
1707 616 1710 620 ’

337 685 500 760 8“
518 653 845 758 Virginibus,
872 687 1142 757 castisque
1157 687 1336 743 choris
1364 598 1616 742 alimdiit:
1636 613 1735 743 iste-

1513 792 1667 838 nlur:

1513 792 1566 834 nl
1613 797 1666 838 r:

343 870 586 925 Vestales
613 870 789 925 solitis
819 869 1132 925 fraudentur
1169 781 1666 941 suunptibdﬁgnibs.

344 963 474 1017 Hinc
505 964 581 1017 ait
607 972 662 1018 et
687 963 899 1028 steriles
921 962 1224 1032 frugescere
1248 964 1423 1018 rarius
1451 979 1632 1032 agros,

343 1052 502 1126 845
533 1054 601 1108 Et
626 1054 833 1108 tristem
863 1053 1053 1108 saevire
1081 1053 1298 1122 famem,
1333 1062 1607 1122 totumque
1651 1067 1745 1122 per

1465 1144 1670 1215 [urbem

190 1240 281 1295 913
345 1239 598 1294 Mortales
623 1238 823 1309 pallere
852 1237 1059 1306 inopes,
1090 1236 1332 1308 acipanis
1354 1251 1576 1303 egenos.

1179 395 1380 470 LIBER
1419 395 1461 452 ll
1499 397 1774 454 CONTRA
1816 395 2258 466 SVMMACIIUM.

176 511 267 566 910
329 506 490 579 8&3
511 505 762 570 Palladiis
783 505 925 576 quod
954 504 1091 560 farra
1123 503 1278 570 locis.
1304 508 1388 563 vel
1415 510 1556 578 quod
1582 511 1734 578 stipis
1761 514 1816 572 Α

3303 403 3412 459 23b

2017 509 2150 582 Quae
2177 517 2323 577 tanta
2349 509 2612 565 exstiterit
2632 493 2881 580 persenti
2909 519 3168 579 tempore,
3201 524 3412 581 lattttlllc

2019 598 2286 662 Invidiosa
2315 599 2507 663 fames,
2538 615 2694 668 quam
2729 601 3066 670 Triptolemi,
3098 603 3414 676 Cererisque

2019 689 2243 744 Moverit
2271 691 2346 744 ira
2378 705 2516 757 penu
2538 706 2635 760 pro
2661 692 2879 760 virginis
2905 693 3231 762 ulciscendo,

2019 781 2134 836 Non
2154 781 2368 836 memini
2388 799 2400 834 :
2424 797 2524 836 nec
2539 784 2646 846 tale
2668 783 2866 852 aliquid
2891 784 2974 838 vel
2993 784 3129 838 fama
3154 795 3414 842 susurrat.

2012 871 2190 944 846
2227 871 2422 938 Audio,
2466 887 2557 942 per
2610 871 2832 928 Pharios
2891 873 3065 928 Nilum
3114 876 3419 932 discurrere

2021 1054 2170 1110 More
2194 1069 2315 1118 suo,
2347 1053 2640 1122 viridisque
2659 1062 2772 1108 sata
2803 1034 3048 1124 stagnare
3073 965 3350 1124 0:32:08

2032 1143 2140 1197 Aut
2168 1143 2366 1208 veniat,
2400 1143 2545 1197 sicco
2567 1143 2658 1212 qui
2689 1144 2907 1198 flumine
2934 1146 3155 1200 nuntius
3181 1146 3339 1200 allen.

2023 1234 2272 1300 Jejunam
2305 1233 2549 1307 squalere
2577 1234 2673 1289 siti
2701 1234 2800 1288 sub
2829 1234 3048 1304 pulvere
3075 1237 3387 1306 Memphim,

1845 873 1952 928 9'30

1492 1325 1777 1382 GLOSSE
1816 1325 2160 1380 VETERES.

253 1423 361 1479 9l0.
394 1421 663 1485 Palladiis,
695 1398 963 1488 sacrificiis
991 1417 1254 1486 Minervae,
1289 1437 1325 1471 I.

253 1495 366 1548 915.
393 1494 501 1558 Ait,
531 1491 744 1558 legatus.
771 1521 840 1530 —
871 1489 1078 1551 Rarius,
1114 1490 1299 1556 minus,
1331 1488 1372 1543 Ι.

253 1561 368 1616 917.
391 1556 733 1643 Triptolemi,
764 1563 993 1612 iurentor
1034 1559 1260 1628 frugum.
1292 1589 1358 1599 —
1386 1556 1620 1626 Cereris,
1653 1557 1749 1612 dea

197 1634 443 1702 (mutaui,
470 1631 510 1683 l.
855 1696 857 1698 η

254 1702 368 1756 918.
402 1701 568 1764 Peuu,
587 1700 792 1784 stipem,
822 1697 862 1752 1.

1921 1417 2044 1486 92f).
2079 1385 2323 1479 Pharios,
2349 1416 2648 1486 Egyptios,
3467 1460 3470 1462 γ

1921 1481 2046 1569 92.1.
2078 1488 2357 1556 Stagnare,
2385 1481 2616 1557 irrigare.
2636 1481 2714 1530 7-
2735 1486 2960 1556 Canopi,
2990 1487 3232 1556 oppidum
3253 1487 3422 1560 ,Ερυ-

1859 1555 2047 1680 Ριὲἓὲ.
2079 1624 2264 1685 Aﬂ'ert,
2289 1627 2509 1687 nuntiat,
2539 1627 2580 1682 1.
3070 1681 3076 1687 ,

1924 1696 2048 1752 925.
2083 1696 2396 1764 Memphim,
2425 1695 2734 1768 Egyptum,
2774 1697 3025 1750 civitatem
3051 1693 3289 1767 (Egypti,
3322 1697 3357 1750 Ι.

211 1840 213 1842 .
1432 1801 1436 1812 "
1506 1789 1696 1844 COMM
1708 1787 1764 1842 El

1869 1787 2072 1844 tRlUS.

211 1840 213 1842 .
1432 1801 1436 1812 ί
1600 1825 1612 1844 .
1651 1790 1678 1842 ἃ
1889 1787 1956 1840 Rl
2055 1825 2072 1843 .

201 1900 312 1948 mus.
349 1881 660 1951 Hujusmodi
692 1853 1112 1950 subscriptiones
1141 1895 1172 1934 a
1201 1880 1490 1951 Sirmondo
1506 1787 2306 1951 ξοὶἓᾞῗυιιὲἓωηάίωε,
2331 1879 2585 1951 invectitio
2623 1878 2754 1951 Urbs
2790 1879 2902 1933 sala
2930 1880 3123 1951 egebat,
3147 1881 3425 1948 frumento,

202 1953 256 2006 ad
275 1948 564 2015 Sidonium,
604 1966 633 2004 a
678 1950 838 2005 Petro
860 1948 1162 2005 Burmanno
1199 1950 1416 2019 juniore
1444 1952 1497 2004 in
1529 1961 1640 2004 not.
1686 1948 1752 2000 ad

171 2024 369 2078 'Critic.
414 2021 611 2075 Valesii
666 2021 897 2090 aliisque
943 2022 1267 2076 doctissimis
1324 2020 1629 2073 hominibus
1682 2019 1752 2072 ita

203 2101 489 2156 cxarantur,
521 2101 576 2160 ut
603 2089 912 2144 emendatio
959 2091 1028 2144 ab
1059 2091 1197 2144 Urbe
1237 2091 1449 2144 condita
1488 2090 1753 2160 intelliga-

204 2173 277 2216 tur
300 2162 460 2226 facta;
489 2159 660 2229 neque
703 2160 800 2226 ipsi
846 2161 1244 2214 distinctionem
1274 2168 1482 2224 notant,
1514 2171 1605 2212 aut
1629 2159 1751 2212 aliis
1781 2191 1784 2195 -

206 2232 468 2285 notandam
491 2238 779 2298 exponunt.
811 2231 883 2284 lta
924 2233 1068 2284 enim
1103 2230 1214 2283 fere
1239 2230 1478 2285 scribunt
1514 2247 1526 2282 :
1554 2229 1749 2282 Emen-

207 2303 304 2354 davi
352 2300 691 2354 Nicomachus
721 2299 1002 2354 Flavianus
1048 2301 1110 2353 ab
1143 2298 1278 2353 Urbe
1303 2300 1542 2353 condita.
1575 2299 1754 2352 Victo-

207 2397 360 2450 rianus
378 2395 465 2450 VC
492 2394 819 2449 emendabam
841 2395 1062 2448 dominis
1085 2393 1426 2464 Symmachis.
1453 2396 1518 2447 At
1544 2407 1756 2464 correc-

209 2477 334 2520 tores
370 2465 440 2519 illi
471 2466 676 2530 antiqui
710 2465 850 2518 inter
898 2465 1066 2518 lineas
1093 2461 1294 2517 codicis
1339 2479 1487 2517 suam
1515 2461 1755 2517 Subscri-

193 2537 426 2606 _ptionem
462 2535 803 2606 inserebant;
835 2534 1196 2606 exscriptores
1231 2537 1376 2587 ’vero
1401 2533 1756 2606 posteriores

211 2607 370 2658 omnia
390 2605 554 2659 verba
577 2618 606 2657 a
630 2619 688 2657 se
713 2613 920 2672 reperta
955 2618 1060 2656 uno
1081 2605 1242 2656 ductu
1272 2603 1674 2666 continuabaut,
1698 2608 1758 2655 ut

194 2687 236 2725 'a
279 2675 419 2728 nobis
447 2675 498 2728 in
530 2688 593 2728 ea
623 2673 1015 2740 subscriptione
1059 2673 1253 2742 factum
1284 2673 1391 2736 cst,"
1415 2679 1540 2742 quae
1579 2682 1757 2727 tamen

213 2744 275 2797 ita
309 2745 402 2814 legi
434 2743 793 2812 distinguique
818 2743 972 2798 debet
985 2761 1019 2814 ξ
1054 2742 1155 2795 Titi
1186 2741 1321 2814 Livii
1355 2741 1590 2796 ab’Urbe
1616 2758 1755 2814 icon-

214 2815 304 2866 dita
330 2812 525 2882 eiplicit
549 2814 676 2866 liber
696 2815 959 2876 septimus.
983 2812 1118 2867 Tum
1132 2813 1296 2882 quasi
1326 2821 1586 2881 supra,-et
1604 2813 1757 2867 inter

215 2884 360 2939 lineas
380 2881 396 2938 ἐ
419 2882 697 2937 Emendavi
727 2882 1075 2936 Nicomachus
1118 2881 1399 2937 Flavianus
1437 2892 1510 2936 ter
1530 2883 1756 2952 prefect.

188 2979 349 3032 .Urbis
375 2979 509 3048 apud
532 2977 797 3048 Hennam.
836 2977 1156 3048 Victorianus
1179 2977 1266 3031 VC
1307 2978 1634 3030 emendabam
1661 2977 1756 3030 do-

215 3050 346 3101 minis
362 3046 697 3117 Summachis.
719 3047 1034 3115 lntelligitur
1055 3056 1228 3101 autem
1251 3048 1430 3099 iterum
1454 3047 1756 3114 praefectus,

219 3135 324 3171 nam
352 3128 422 3171 ter
446 3117 764 3171 mendosum
792 3125 876 3186 est
900 3131 1019 3186 Apro
1061 3118 1174 3170 iter.
1205 3125 1295 3169 aut
1332 3119 1541 3170 iterum.
1574 3119 1756 3186 llenna

218 3188 291 3240 civ
311 3197 386 3242 tas
409 3187 608 3242 Siciliae
635 3195 774 3250 erat,
793 3175 1275 3248 'ubi'l‘iicomachus
1301 3187 1600 3240 consularis
1639 3185 1756 3239 fuit.

221 3257 512 3312 Przefectnra
541 3257 742 3310 urbana
772 3255 1074 3310 Nicomachi
1106 3255 1584 3324 subscriptionihus
1613 3253 1755 3310 indi-

218 3328 331 3380 catis
343 3329 580 3381 codicum
603 3327 708 3380 Titi
734 3326 864 3380 Livii
889 3340 920 3379 a
941 3325 1184 3380 Corsinio
1208 3327 1466 3392 potuisset
1486 3325 1759 3379 illustrari.

277 3397 369 3450 910
397 3406 451 3451 et
478 3398 603 3452 9H.
635 3396 783 3458 Ald.,
812 3396 1006 3450 vetusti
1037 3395 1251 3449 codices
1279 3395 1571 3456 lleinsiani.
1593 3397 1761 3461 stipis,

123 3481 126 3484 ’
219 3479 320 3518 cum
353 3468 526 3530 Alex.,
576 3466 731 3529 Urb.,
757 3465 874 3520 Rat.
907 3474 962 3520 et
988 3465 1128 3520 aliis.
1163 3464 1356 3519 Wcitz.
1383 3479 1505 3519 cum
1535 3465 1762 3532 Widm.,

219 3537 370 3604 stipes.
403 3537 637 3604 Utroque
659 3536 817 3600 modo
844 3535 948 3590 dici
991 3543 1167 3604 potest
1196 3535 1249 3587 in
1285 3543 1434 3589 recto
1459 3549 1584 3588 casu
1614 3549 1765 3590 more

218 3607 380 3660 veteri.
414 3605 557 3665 Stips
575 3621 700 3658 usus
713 3605 980 3660 recentior
1002 3605 1195 3670 poscit.
1221 3604 1276 3658 In
1302 3619 1466 3658 versu-
1488 3619 1617 3658 vero
1639 3619 1764 3658 mox

219 3676 435 3743 sequenti
470 3675 615 3736 Rau.
652 3676 768 3728 Vat.
793 3676 863 3742 Α,
894 3675 1059 3730 Jureti
1100 3674 1288 3737 codex,
1319 3673 1510 3743 Weitz,
1539 3673 1762 3738 Widm.,

219 3741 372 3809 agn...
406 3745 544 3812 PaL,
590 3745 858 3799 lleinsiani
901 3755 1111 3798 veteres
1139 3744 1321 3806 codd.,
1357 3741 1471 3796 (iis.
1501 3744 1565 3796 ad
1588 3757 1759 3808 oram,

219 3815 546 3878 Alex.,‘llrb.,
576 3815 827 3885 castisque
843 3815 1037 3885 choris.
1064 3813 1208 3885 Διά..
1243 3813 1565 3885 Gisuetalii
1595 3815 1761 3882 vulg.,

219 3888 438 3953 rastisque
476 3887 620 3946 toris,
662 3882 803 3952 quod
849 3899 952 3938 non
989 3883 1258 3950 displicet.
1303 3882 1541 3937 Gifanius
1585 3892 1762 3953 taun-u

224 3952 364 4007 verbo
384 3952 581 4008 Ves'rts
600 3969 665 4008 ex
696 3969 794 4007 suo
815 3962 924 4009 vet.
944 3953 1036 4006 lib.
1063 3953 1450 4020 przefercudum
1477 3954 1549 4005 ait
1571 3952 1763 4005 choris.

276 4025 387 4078 915.
416 4026 594 4092 Alex.,
618 4025 787 4078 .lmeti
808 4026 997 4091 codex,
1026 4025 1170 4086 Ald.,
1202 4023 1375 4090 Ego...
1399 4022 1578 4092 Fabr.,
1609 4022 1768 4092 llein-

219 4093 354 4162 sisui,
385 4105 613 4160 excepto
639 4094 808 4148 altero
836 4095 1004 4156 Roth,
1034 4094 1203 4162 rarius
1222 4108 1392 4162 agros.
1437 4091 1583 4156 Hat.,
1613 4091 1766 4156 Urb.,

221 4161 415 4224 We;t'z..
445 4164 585 4227 εἰς...
637 4165 844 4229 parcius
866 4180 1037 4231 agros.
1079 4161 1388 4230 Frugescere
1411 4162 1768 4215 Tertullianus

220 4233 358 4286 etiam
385 4234 541 4289 dixit.
575 4235 650 4287 De
681 4234 858 4286 verbis
888 4233 942 4286 in
970 4248 1134 4286 escere
1173 4233 1294 4286 vide
1317 4231 1680 4297 llispaniolum
1713 4231 1766 4284 in

221 4303 448 4372 Apolog.,
463 4305 552 4364 ubi
567 4305 640 4357 ait
655 4303 870 4356 Furium
886 4302 1153 4356 Antiatem
1170 4301 1473 4368 hujusmodi
1495 4301 1768 4353 voeabulis

221 4372 543 4436 delectatum,
571 4383 628 4426 ut
658 4372 984 4441 fapidescere,
1027 4387 1294 4434 serescere,
1331 4372 1568 4434 diescere,
1596 4379 1764 4423 nocte-

203 4455 355 4508 :scerr,
384 4445 687 4509 coalescere,
717 4446 957 4496 virescere
982 4447 1103 4511 (pro
1140 4442 1268 4494 vires
1295 4441 1569 4510 assumere)
1594 4441 1770 4510 opule-

222 4525 361 4576 scere,
386 4512 640 4568 lutescere.

1857 1957 1963 2003 etc.
1995 1949 2344 2018 Symmacltus
2385 1948 2476 2000 lib.
2537 1963 2592 2013 ll,
2624 1949 2780 2012 epist.
2813 1951 2843 2002 7
2883 1950 2947 2001 ad
2984 1949 3292 2004 Flavianum
3323 1952 3426 2004 fra-

1859 2027 1991 2070 trem
2021 2013 2049 2069 ;’
2070 2013 2155 2070 Dii
2174 2019 2325 2087 facile
2349 2019 2566 2086 gratiam
2595 2019 2931 2087 neglecturum
2960 2037 3233 2072 sacrorum.
3266 2018 3426 2073 Mise-

1837 2101 1967 2138 ram
1992 2085 2181 2152 {autem
2194 2085 2382 2157 pellite.
2409 2088 2518 2139 Cttr
2547 2087 2703 2154 igitur
2733 2085 3048 2141 Prudentius
3071 2102 3227 2156 negat
3243 2089 3426 2157 hujus-

1858 2157 2001 2211 modi
2025 2157 2251 2210 famem?
2281 2156 2611 2222 Responderi
2641 2166 2811 2224 potest
2835 2157 3177 2211 Prudentium
3205 2156 3426 2214 disertis

1856 2226 2036 2280 verbis
2069 2227 2208 2294 loqui
2237 2226 2305 2280 de
2327 2234 2570 2295 tempore
2592 2241 2699 2294 quo
2728 2225 3014 2290 scribebat,
3039 2229 3274 2295 praesenti
3307 2239 3429 2282 tent-

1893 2312 2000 2366 are.
2045 2295 2113 2349 At
2143 2311 2264 2350 Cllm
2310 2294 2627 2366 Symmachi
2650 2297 2822 2349 oratio
2872 2311 3013 2349 anno
3041 2294 3156 2350 ⁷584
3188 2297 3430 2352 exhibita

1879 2365 2034 2431 uerit,
2069 2366 2192 2434 quid
2220 2366 2375 2434 juvat
2403 2365 2726 2434 respondere
2752 2379 2856 2419 non
2884 2380 3004 2420 esse
3046 2367 3238 2419 famem
3259 2409 3274 2431 ,
3309 2382 3429 2423 eum

1858 2435 2130 2489 scribebat
2152 2435 2558 2498 Prudentius,~si
2583 2449 2707 2490 vere
2735 2437 2911 2498 fuerit,
2929 2451 3049 2489 cum
3071 2435 3426 2503 Symmachus

1861 2503 2023 2557 fuisse
2065 2503 2332 2558 affirmat?
2377 2505 2551 2571 Aliqui
2611 2503 2788 2570 aiunt,
2836 2505 3176 2567 Prudentium
3206 2506 3429 2560 oblitum

1863 2574 2028 2627 fuisse
2053 2576 2194 2641 quod
2237 2575 2560 2642 jatnplures
2589 2575 2716 2628 anui
2757 2576 2825 2628 ab
2876 2575 2962 2627 illa
3012 2575 3151 2628 fame
3190 2576 3430 2629 effluxis-

1861 2655 2014 2696 scnt:
2045 2643 2168 2697 addi
2205 2653 2381 2709 potest
2428 2644 2567 2710 quod
2614 2645 2960 2712 probabiliter
2998 2644 3320 2698 Prudentius
3363 2646 3459 2700 ab.

1861 2713 2004 2768 Urbe
2032 2722 2270 2782 tempore
2317 2714 2471 2768 famis
2496 2715 2651 2782 longe
2694 2715 2902 2778 aberat,
2931 2714 3169 2780 adeoque
3203 2730 3308 2768 non
3347 2728 3433 2768 est

1859 2785 2052 2837 mirum
2070 2784 2113 2836 si
2142 2783 2583 2844 nihilresciverit.
2618 2783 2861 2838 Profecto
2883 2786 2940 2838 S.
2971 2783 3305 2841 Ambrosius.
3334 2785 3425 2850 qui

1869 2854 2058 2906 famem
2082 2869 2223 2907 anno
2244 2854 2348 2908 585
2365 2854 2527 2907 fuisse
2553 2853 2924 2918 fatetur,addit
2948 2855 2997 2907 itt
3021 2853 3389 2918 Respon-ione
3413 2870 3430 2908 :

1863 2919 1929 2993 Et
1951 2932 2116 2993 tamen
2141 2924 2290 2993 etiam
2318 2925 2748 2993 superioreianno‘
2762 2924 3023 2993 plerasque
3051 2923 3280 2975 novimus
3306 2939 3430 2991 pro-

1860 2992 2052 3062 vincias
2078 2990 2403 3062 redundasse
2425 2991 2787 3062 fructibus.De
2808 2990 2989 3046 Galliis
3004 2993 3128 3062 quid
3150 2990 3327 3061 loquar
3350 3009 3432 3044 so-

1862 3061 1950 3113 lito
1979 3062 2292 3115 ditioribus?
2331 3061 2592 3116 Praeterea
2624 3061 2899 3123 cx‘istimo.
2941 3061 3238 3114 orationem
3285 3076 3430 3114 eam-

1863 3129 1983 3184 dem
2012 3130 2511 3200 Symmachi,quam
2536 3145 2676 3184 anno
2699 3132 2802 3186 584
2828 3130 3196 3185 Valentiniano
3217 3131 3428 3198 obtulit,

1864 3201 1948 3255 vel
1978 3215 2009 3254 a
2041 3201 2363 3270 Symmacho
2384 3202 2465 3256 vel
2493 3202 2561 3254 ab
2591 3201 2712 3254 aliis
2738 3201 2855 3268 ejus
2876 3202 3063 3254 amicis
3078 3202 3294 3269 paganis
3319 3202 3428 3253 llo-

1866 3272 2019 3323 norio
2037 3271 2279 3324 traditam
2305 3271 2486 3330 fuisse.
2505 3280 2561 3324 ut
2577 3285 2690 3324 eam
2712 3271 2930 3335 legeret.
2952 3271 3107 3323 Multa
3138 3272 3279 3323 enim
3309 3285 3429 3338 quae

1869 3339 2188 3394 Prudentius
2204 3339 2676 3409 alfert'hujnsmotli
2698 3356 2893 3393 novum
2915 3341 3142 3408 aliquem
3161 3340 3432 3404 gentilium

1865 3423 2111 3463 conatum
2134 3410 2378 3472 suadent,
2407 3422 2462 3464 et
2491 3427 2609 3465 cum
2638 3409 2957 3464 Prudentius
2984 3419 3218 3463 veterent
3241 3414 3434 3463 oratio-

1839 3495 1988 3532 'ncm
2025 3481 2253 3542 refellat,
2309 3491 2435 3549 puto
2463 3481 2706 3534 eamdem
2756 3495 2786 3532 a
2831 3480 3114 3549 gentilibus
3152 3479 3305 3532 avide
3358 3495 3435 3534 re-

1861 3558 2088 3614 tentam,
2133 3551 2307 3603 denuo
2343 3550 2509 3604 fuisse
2546 3552 2597 3602 iu
2628 3550 2815 3618 vulgus
2838 3550 3170 3618 emissatniet
3199 3550 3428 3616 impera-

1868 3620 1967 3671 tori
1998 3623 2249 3673 oblatam.
2277 3619 2456 3688 Itaque
2484 3617 2804 3672 Prudentﬁus
2825 3629 2968 3674 recte
2991 3634 3054 3672 ex
3089 3617 3172 3688 his
3193 3634 3435 3687 quzesuo
3518 3667 3522 3670 .

1869 3698 2109 3754 tempere
2140 3688 2253 3741 fieri
2285 3687 2516 3752 videbat,
2548 3698 2854 3756 argmnenta
2886 3687 3190 3757 Symmachi
3213 3689 3436 3742 convel-

1868 3757 1948 3809 lit.
1980 3758 2330 3826 Symmachus
2353 3758 2467 3822 ipse
2490 3755 2664 3809 inania
2685 3757 2797 3810 ha-c
2815 3755 3125 3824 argumenta
3150 3755 3318 3810 fuisse
3346 3759 3416 3809 ali

1865 3827 2079 3891 quando
2109 3826 2280 3878 fassus
2311 3837 2429 3881 est:
2463 3829 2530 3878 itu
2561 3826 2701 3879 enirn
2742 3827 3064 3893 interpretor
3094 3827 3216 3893 ejus"
3239 3827 3437 3891 cpisto-

1869 3895 1972 3948 lam
2005 3895 2074 3949 82
2101 3896 2164 3947 ad
2199 3895 2442 3948 Rufinum
2494 3896 2586 3948 ιιι).
2627 3910 2684 3948 Ill
2707 3893 2730 3948 ':
2765 3894 2983 3948 Tantum
3022 3895 3086 3946 de
3106 3897 3220 3960 ripa
3244 3894 3438 3948 Tiberis

1870 3965 2011 4034 (nam
2042 3982 2131 4032 per
2159 3967 2282 4032 ﬁnes
2304 3981 2441 4018 meos
2468 3967 2649 4034 fluvius
2681 3964 2920 4035 elabitur)
2943 3980 3124 4017 onusta
3153 3977 3320 4034 specto
3348 3982 3440 4035 ηρ-

1867 4032 2021 4104 vigia,
2053 4052 2154 4088 non
2177 4037 2288 4105 jam
2313 4032 2580 4101 sollicitus,
2609 4045 2666 4088 ut
2698 4046 2834 4093 ante.
2863 4032 2925 4087 de
2961 4038 3095 4103 [ante
3120 4032 3323 4088 civium.
3359 4032 3440 4087 Ea:

1866 4105 2041 4171 inapia
2067 4121 2279 4172 namque
2323 4106 2556 4176 publicus
2587 4113 2749 4158 metus
2787 4120 2959 4176 versus
2989 4115 3062 4176 est
3085 4106 3137 4157 in
3170 4105 3436 4176 gaudium,

1870 4185 2134 4243 postquam
2157 4171 2454 4230 venerabilis
2475 4187 2614 4244 pater
2634 4177 2814 4245 patrita
2835 4171 3442 4228 Macedonicis'cammen-

1849 4244 1998 4298 tibus
2021 4245 2209 4313 Africae
2230 4245 2419 4298 damna
2461 4244 2681 4315 pensavit
2703 4259 2720 4315 ς
2750 4261 2898 4312 quem
2923 4259 3056 4315 nunc
3081 4253 3252 4296 omnes
3290 4255 3344 4296 ut
3367 4246 3443 4295 a.’-

1872 4321 2029 4368 torem
2049 4312 2245 4384 generis
2271 4312 2480 4368 humani
2510 4315 2660 4368 deum
2682 4314 2934 4384 diligunt.
2952 4312 3100 4364 Nihil
3113 4317 3243 4366 enim
3266 4330 3446 4384 passus

1871 4394 1941 4436 est
1965 4386 2151 4437 austris
2173 4385 2549 4437 contumacibus
2576 4385 2816 4438 adversus
2850 4383 3062 4435 Romam
3079 4384 3250 4436 licere.
3279 4383 3331 4434 ln
3363 4398 3444 4436 re-

1873 4453 2074 4508 latione
2102 4455 2194 4516 ait,
2226 4454 2378 4508 Nihil
2407 4455 2595 4508 austris
2623 4453 2952 4519 imputemus.
3439 4483 3454 4498 ρ

1943 4523 2067 4577 920.
2098 4523 2320 4588 Widm.,
2351 4526 2538 4590 varios,
2563 4539 2744 4591 supra,
2781 4522 3020 4590 Pharios,
3052 4524 3188 4589 sive,
3218 4531 3275 4576 ut
3312 4537 3446 4574 nou-

209 4607 233 4656 ᾗ
277 4588 394 4642 914.
423 4591 564 4654 Ald.,
594 4591 781 4652 Alex.,
817 4589 969 4656 Urb.,
999 4589 1144 4654 llat.,
1167 4588 1336 4642 Jureti
1363 4588 1550 4650 codex,
1577 4601 1769 4640 omnes
1797 4593 1851 4654 D
1876 4593 2005 4647 nulli
2035 4595 2294 4656 scribunt,
2322 4588 2532 4646 Furios.

223 4655 496 4725 Heinsiani,
541 4662 716 4714 mire
755 4660 962 4727 famem.
1010 4659 1124 4714 Gis.
1168 4668 1222 4713 et
1267 4659 1355 4712 alii
1398 4657 1575 4726 Vulg.,
1610 4657 1769 4724 male,

221 4730 387 4782 servire
405 4733 614 4799 famem.
1193 4740 1195 4743 ’

205 4807 211 4826 ³
277 4807 393 4862 917.
426 4809 592 4862 Aldus
621 4808 872 4862 omiserat
916 4807 1056 4862 hunc
1084 4820 1317 4871 versum,
1350 4815 1402 4859 et
1440 4805 1510 4857 ita
1549 4820 1669 4859 eum
1715 4804 1770 4858 in

223 4878 495 4932 emendatis
526 4879 724 4945 adjecit
766 4877 1023 4931 invidiosa
1062 4879 1241 4941 fames,
1290 4892 1390 4940 qua
1442 4873 1762 4941 Treptolemi,

224 4945 513 5015 Cererisque.
542 4947 755 5012 Cmteri,
785 4950 965 5014 fontes,
1009 4963 1158 5016 quam
1186 4945 1511 5016 Triptolemi;
1533 4945 1770 5016 nonnulli

223 5014 439 5087 scribunt
465 5019 640 5087 famis.
666 5016 784 5071 Vat.
805 5019 848 5070 Α
869 5014 1054 5087 contra
1077 5014 1768 5087 metrum,Treptofemique,

223 5083 509 5158 Cererisque.
544 5087 903 5156 Triptolemus
927 5104 953 5136 a
983 5085 1202 5154 Virgilio
1236 5085 1336 5158 ιιι).
1370 5084 1616 5158 t__Georg._
1638 5083 1770 5138 dici-

224 5163 296 5208 tur
326 5153 550 5227 Untn'que
585 5153 714 5226 puer
740 5165 1050 5209 monstrator
1084 5153 1267 5208 aratri.
1298 5154 1343 5208 Λ
1367 5153 1563 5208 Cerere
1595 5153 1771 5222 fruges

223 5237 381 5281 serere
400 5227 605 5281 didicit.
1719 5237 1721 5239 ’

281 5297 395 5366 918.
430 5296 636 5350 Thnau.
668 5311 796 5366 peno
816 5310 916 5363 pro
943 5309 1096 5366 penu.

281 5364 399 5420 919.
431 5366 507 5420 De
538 5362 678 5420 fame
706 5362 834 5433 quae
852 5362 993 5417 anno
1021 5363 1126 5418 583
1149 5363 1430 5431 contigerit
1455 5362 1654 5433 mentio
1684 5377 1774 5416 oc-

222 5435 370 5488 currit
385 5436 521 5502 apud
539 5431 902 5499 Ammianum,
933 5432 1085 5501 cujus
1112 5434 1269 5486 verba
1291 5434 1512 5500 ascripsi
1542 5431 1608 5485 ad
1631 5447 1771 5486 vers.

223 5502 315 5575 ξιξ)
358 5503 791 5575 Psychomachizp
835 5513 891 5558 et
936 5503 1081 5575 apud
1121 5504 1194 5575 S._
1220 5502 1575 5575 Ambrosium
1597 5503 1685 5575 lib.
1721 5516 1776 5554 ιιι

223 5569 467 5642 ψηοὶοιῖ,
513 5589 630 5642 cap.
663 5575 716 5626 '7.
754 5573 829 5626 De
860 5569 1141 5626 Itac'enim
1173 5571 1310 5642 fame
1346 5572 1488 5640 loqui
1529 5571 1773 5642 videtur:

226 5640 412 5711 Quanto
442 5648 536 5696 hoc
556 5640 736 5696 utilius
782 5658 933 5711 quam
961 5642 1112 5706 illud,
1163 5641 1298 5709 quod
1341 5642 1571 5710 proxime
1600 5640 1776 5693 Roma:

226 5709 397 5783 factum
417 5723 512 5777 est,
541 5715 722 5783 ejectos
751 5709 856 5764 esse
895 5711 1015 5764 urbe
1038 5709 1371 5783 amplissima,
1399 5711 1487 5779 qui
1515 5712 1638 5783 jant
1660 5711 1774 5778 plu-

228 5779 388 5835 rimam
417 5783 526 5836 illic
556 5779 755 5836 ietatem
784 5779 1130 5850 transegerant
1148 5780 1236 5834 Ρ...
1277 5790 1323 5833 et
1362 5789 1495 5833 certe
1518 5779 1775 5834 'arriserat

1946 4663 2073 4720 922.
2105 4663 2377 4718 Giselinus
2406 4664 2678 4718 invenerat
2717 4672 2804 4716 aut
2832 4665 2997 4717 veniat
3026 4663 3181 4726 sicco,
3226 4677 3290 4715 ex
3317 4675 3446 4714 con-

1868 4733 2073 4803 jectura
2100 4736 2335 4787 correxit
2365 4733 2507 4786 haud
2532 4734 2664 4786 venit
2693 4751 2724 4786 a
2748 4734 2903 4800 sicco,
2936 4735 3072 4803 quod
3097 4744 3300 4803 postea,
3313 4731 3447 4803 vidit

1874 4819 1901 4854 a
1931 4801 2112 4856 codice
2141 4803 2446 4856 Buslidiano
2474 4803 2842 4871 probatum.ld
2875 4801 3150 4870 amplexus
3179 4812 3262 4856 est
3288 4801 3447 4871 llein-

1875 4872 2006 4936 sius,
2038 4872 2171 4925 nihil
2205 4869 2560 4940 peculiare—ex
2587 4871 2698 4926 suis
2719 4869 3186 4935 animadvertetis;
3219 4881 3272 4926 et
3296 4869 3447 4923 Hein-

1873 4943 2011 4994 sium
2039 4943 2205 4996 secuti
2255 4953 2377 4996 sunt
2414 4943 2759 4997 recentiores.
2801 4942 3058 4996 Weitzius
3100 4957 3219 4994 cum
3269 4941 3450 5008 Egm.,

1876 5010 2102 5076 Widm.,
2134 5010 2364 5078 Gifanio,
2383 5013 2583 5080 legerat
2603 5019 2689 5064 aut
2718 5013 2880 5064 veniat
2907 5013 3060 5064 sicco.
3092 5010 3241 5076 Quod
3272 5019 3455 5063 autem

1875 5080 2132 5134 Weitzius
2158 5081 2349 5135 Aldum
2375 5097 2470 5148 pro
2511 5097 2568 5134 se
2595 5083 2806 5149 allegat,
2855 5081 3054 5134 fallitur
3080 5103 3090 5132 :
3119 5096 3240 5132 nam
3278 5080 3454 5132 Aldus

1877 5151 2118 5204 ediderat
2147 5153 2359 5218 quidem
2399 5161 2484 5204 aut
2517 5153 2705 5214 veniat,
2745 5150 2838 5202 sed
2873 5149 3176 5204 emendavit
3205 5149 3345 5218 haud
3367 5165 3456 5201 ve-

1877 5221 2006 5286 niat,
2037 5221 2176 5288 quod
2208 5219 2506 5275 Fabricium
2558 5237 2660 5274 non
2713 5220 2862 5287 fugit.
2889 5221 3045 5274 Certe
3068 5221 3111 5272 is
3135 5217 3299 5288 edidit
3328 5219 3450 5270 haut

1877 5287 2219 5344 veniat’sicw.
2262 5290 2618 5344 Nihilominus
2677 5299 2832 5344 teneo
2882 5290 3165 5343 lectionem
3217 5287 3447 5352 Weitsii,

1879 5371 2034 5426 quant
2057 5361 2372 5413 confirmant
2399 5361 2544 5426 itan,
2592 5359 2706 5413 Vat.
2739 5363 2805 5425 A,
2863 5359 3042 5419 Alex..
3074 5359 3228 5422 Urb.,
3258 5369 3310 5412 et
3351 5372 3448 5410 ex-

1862 5429 2038 5497 plicat
2061 5428 2302 5482 Gifanius
2330 5431 2493 5482 verbo
2527 5429 2733 5482 Ves'rts.
2769 5429 3074 5497 Legendum
3093 5429 3210 5483 sine
3236 5436 3453 5497 contra:

1885 5496 2057 5551 versia
2086 5513 2148 5552 es
2173 5511 2278 5551 vet.
2310 5500 2402 5552 lib.
2427 5499 2500 5551 ait
2522 5508 2610 5549 aut
2631 5500 2796 5550 veniat
2819 5496 2971 5557 sicco.
2999 5507 3106 5552 etc.
3140 5497 3378 5558 Scilicet,
3406 5496 3458 5548 si

1883 5567 2419 5637 falsaicommemoro,
2471 5568 2693 5635 prodeat
2737 5569 2932 5637 aliquis
2980 5568 3072 5637 qui
3103 5566 3266 5630 dicat,
3309 5565 3456 5618 sicco

1837 5629 1844 5634 ’
1875 5637 1984 5706 jam
2015 5636 2132 5690 Nilo
2160 5629 2447 5706 Egyptum
2474 5629 2612 5691 tame
2635 5636 2828 5705 perire.

1951 5706 2083 5761 925.
2107 5701 2456 5771 ltatJWeitz.
2482 5722 2601 5762 cum
2620 5701 2750 5774 suis,
2776 5709 2905 5774 sitis,
2924 5705 3068 5772 Ald,
3095 5705 3274 5771 Alex.,
3295 5701 3458 5770 Urb.,
3548 5755 3554 5760 .

1880 5777 1989 5831 Gis.
2020 5786 2073 5831 et
2095 5775 2203 5844 alti,
2234 5778 2340 5832 siti.
