4024 6292
1300 557 1305 560 _
1358 497 1464 570 [rat
1487 512 1638 554 error

314 586 587 652 Fasciolis,
610 585 692 640 vel
718 585 927 656 gallina:
949 586 1197 655 pulmone
1226 587 1420 656 rigare,

313 678 613 744 Frangitur,
640 685 694 730 et
719 676 877 729 nullis
907 677 1134 730 violatur
1163 677 1421 732 terminus
1448 677 1605 742 extis,

315 769 400 836 Et,
431 783 550 838 qure
581 766 837 821 fumiﬁcas
865 766 1025 820 arbor
1047 765 1226 819 vittata
1255 767 1497 821 lucernas

169 860 283 916 1010
312 856 476 930 854
505 857 792 921 Servabat,
827 856 969 909 cadit
1013 856 1190 909 ultrici
1219 857 1425 911 succisa
1468 857 1703 926 bipenni.

316 949 422 1002 Nec
447 960 621 1002 tamen
653 946 850 1001 idcirco
877 947 1049 999 minor
1083 956 1165 1002 est
1192 957 1280 1000 aut
1309 950 1508 1001 fruetus
1529 947 1708 1018 agelli,

319 1040 424 1110 Aut
450 1036 783 1105 tempestatis
809 1036 1085 1089 clementia
1109 1035 1225 1091 laeta
1255 1051 1476 1101 serente,

317 1127 606 1195 Temperet
629 1134 721 1179 aut
751 1125 960 1194 pluvius
988 1125 1074 1190 qui
1097 1125 1236 1177 culta
1268 1127 1472 1179 novalia
1500 1139 1708 1179 ventus.

320 1218 422 1275 Sed
445 1233 543 1272 nec
565 1231 757 1286 magno
773 1232 906 1286 opus
927 1225 1008 1270 est
1027 1215 1161 1283 frugi
1183 1215 1504 1281 viventibus,
1521 1226 1574 1272 et
1594 1233 1711 1271 cunt

176 1310 291 1366 l0i5
324 1309 548 1364 Maxima
570 1309 911 1380 proveniunt,
934 1321 1040 1362 non
1062 1307 1240 1378 amplo
1262 1307 1314 1362 in
1337 1291 1527 1377 gaudia
1551 1325 1715 1363 censu

233 1557 378 1610 1007.
401 1555 614 1624 Rigare,
642 1551 868 1624 placare,
893 1550 934 1604 1.

234 1625 378 1680 1008.
400 1619 702 1686 Terminus,
730 1623 891 1675 limes.
917 1649 988 1662 -—
1008 1619 1180 1684 Extis,
1201 1620 1256 1674 in
1277 1620 1638 1690 sacriﬁcando,
1667 1621 1708 1676 1.

237 1695 377 1750 1010.
405 1695 646 1761 Bipenni,
679 1693 938 1754 dolatura,
967 1691 1008 1746 1.

237 1764 379 1819 1012.
401 1758 778 1827 Tempestatis,
801 1776 961 1814 auria.
995 1789 1066 1800 —
1085 1758 1322 1826 Serenus,
1348 1775 1512 1828 parte.
1545 1759 1642 1814 lso.

238 1834 382 1889 1014.
408 1833 594 1900 Magno
617 1871 633 1892 ,
680 1831 939 1899 alimento,
961 1845 1036 1882 re.
1058 1857 1127 1870 —
1149 1829 1307 1899 Frugi
1333 1869 1348 1894 ,
1389 1829 1719 1896 abstinenter,

1200 288 1398 346 LIBER
1437 289 1479 344 ll
1515 289 1784 344 CthTRA
1823 288 2266 346 SYMMACHUM.

313 407 476 480 853
501 406 556 462 Si
587 405 732 461 stetit
759 395 1038 476 antiquus,
1084 419 1241 474 quem
1265 406 1483 476 cingere
1515 421 1706 462 sueve-
1731 413 1783 470 Α

3269 285 3369 342 262

1976 402 2840 475 Solvimurﬁnqueluerumstndio
2851 404 3178 459 exsultamus
3191 417 3372 458 avaro.

1989 496 2120 551 Nam
2141 497 2331 566 quibus
2354 505 2611 554 aeternum
2633 509 2758 562 spes
2781 494 3098 547 informatur
3117 492 3375 558 inzevuni,

1987 588 2155 643 Omne
2186 587 2382 641 bonum
2410 594 2570 642 tenue
2611 595 2724 652 est,
2754 585 2894 656 quod
2923 598 3158 654 pricsens
3187 583 3378 652 ingerit

2048 748 2053 753 _
3135 674 3304 746 [aetas

1924 819 1926 821 ,
1987 768 2031 824 Ο
2062 768 2184 823 felix
2208 769 2427 822 nimiunt
2457 769 2689 837 sapiens.
2712 776 2767 823 et
2791 768 3021 822 rusticus
3047 767 3211 830 idem,

1816 856 1955 912 1020
1992 857 2090 924 Qui
2111 868 2280 911 terras
2291 858 2630 926 animumque
2647 857 2848 922 colens,
2868 857 3123 925 impendit
3141 855 3380 923 utrisque

1986 949 2176 1004 Curam
2210 949 2514 1018 pervigilem
2545 963 2560 1002 :
2586 948 2790 1012 quales,
2819 963 2950 1014 quos
2982 946 3166 1000 imbuit
3195 957 3380 1000 anetor

1985 1041 2148 1113 855
2175 1039 2440 1105 Christus,
2469 1049 2523 1094 et
2551 1040 2836 1106 assumptis
2863 1037 3007 1092 dedit
3038 1037 3150 1090 hinc
3179 1050 3379 1103 prmce-

2017 1193 2022 1200 ,
2942 1126 3052 1198 [pta
3081 1124 3306 1179 colonis.

1992 1220 2205 1277 Semina
2227 1235 2347 1275 cum
2380 1219 2544 1273 sulcis
2575 1217 2924 1280 committitis,
2950 1230 3074 1268 arva
3098 1223 3280 1269 cavete

1994 1314 2131 1368 Dura
2159 1313 2460 1384 lapillorum
2491 1313 2682 1377 macie,
2699 1325 2780 1386 ‘ne
2807 1307 3015 1366 decidat
3040 1307 3148 1362 illic

1474 1437 1756 1496 GLOSSIE
1797 1443 2136 1502 VETERES.

1818 1555 1896 1609 vel
1921 1574 2089 1625 parce,
2119 1558 2157 1611 l.

1894 1626 2048 1697 1020.
2079 1629 2344 1697 Utrisque,
2369 1630 2579 1682 terrenis
2599 1639 2644 1682 et
2671 1628 2966 1692 caelestibus,
2990 1627 3032 1682 ῐ.

1897 1696 2050 1769 1οᾏ2.
2083 1696 2400 1769 Assumptus,
2427 1699 2615 1769 elecis.
2635 1729 2716 1763 λ--
2734 1697 2974 1762 Colonis,
3000 1698 3264 1769 apostolis,
3293 1698 3333 1753 1.

1899 1767 2053 1822 1025.
2086 1767 2300 1835 Cavete,
2337 1769 2508 1832 vitate,
2543 1768 2581 1822 Ι.
2649 1787 2655 1793 ·
3029 1803 3033 1807 ε

1501 1936 2055 2008 COMMENTARIUS.

183 2070 236 2111 ac
261 2054 473 2108 fortasse
510 2060 633 2104 sunt
681 2049 773 2121 illi,
800 2049 898 2121 ipsi
930 2048 1104 2121 acervi
1127 2047 1204 2121 de
1233 2048 1422 2118 quibus
1457 2050 1716 2121 _P_rmerb.
1752 2054 1798 2114 Β
1827 2051 1914 2104 illa
1943 2059 2026 2104 est
2057 2063 2284 2121 quercus
2312 2065 2339 2101 a
2365 2049 2578 2121 Lucano
2603 2049 2964 2118 descripta.et
2988 2053 3072 2107 cui
3107 2052 3387 2121 Pompeius
3461 2069 3472 2073 ’λ

184 2141 306 2190 xm,
328 2127 391 2176 8:
419 2123 561 2176 Sicut
591 2120 684 2189 qui
708 2119 1169 2190 mittit'lapidemiin
1197 2135 1428 2172 acervum
1452 2119 1716 2179 Mercurii.

184 2199 243 2248 ita
260 2187 336 2257 qui
357 2193 528 2246 tribuit
547 2187 802 2256 insipienti
822 2187 1082 2242 honorem.
1098 2187 1416 2259 Nonnullum
1438 2191 1718 2259 vestigium

186 2266 322 2332 huius
357 2260 744 2330 superstitionis
776 2259 992 2332 memini
1040 2258 1414 2332 meviderein
1449 2258 1717 2332 Hispania.

185 2327 371 2386 Variam
399 2327 560 2385 [uisse
599 2327 1035 2383 consuetudinem
1068 2329 1370 2381 celebrandi
1400 2331 1716 2394 terminatio,

186 2405 255 2458 vel
274 2397 339 2456 ex
368 2404 481 2468 ipso
514 2399 694 2454 Siculo
714 2399 904 2452 Flacco
928 2405 1068 2465 patet
1095 2414 1108 2448 :
1136 2397 1301 2450 Favos
1328 2415 1544 2467 quoque,
1579 2407 1623 2452 et
1648 2401 1723 2452 vi-

185 2489 310 2537 num,
331 2473 554 2537 aliaque,
580 2469 760 2539 quibus
795 2476 904 2539 erat
937 2468 1245 2539 consuetudo
1274 2469 1498 2539 terminis
1523 2485 1723 2539 sacrant

187 2544 282 2608 ﬁeri
305 2583 319 2602 ,
358 2537 601 2608 infossa
629 2537 950 2610 adjiciebant.
993 2537 1150 2610 Solus
1188 2537 1539 2610 Prudentius,
1582 2538 1722 2610 quod

186 2606 352 2672 sciam,
388 2606 628 2663 meminit
651 2606 919 2676 pulmonis
940 2606 1172 2673 gallinae,
1197 2620 1303 2674 quo
1328 2606 1577 2661 videlicet
1593 2608 1725 2661 Ter-

189 2684 343 2735 minus
367 2680 658 2748 rigabatttt‘,
685 2677 796 2748 sive
827 2677 1122 2748 ungebatnr
1146 2691 1327 2748 Luam
1375 2678 1571 2747 rigare,
1605 2692 1724 2748 non

187 2767 346 2818 rogare
364 2745 557 2804 censeo
580 2747 860 2818 legendum
891 2762 1031 2799 vers.
1056 2745 1224 2818 _100‘l.
1248 2745 1480 2818 Termini
1505 2762 1550 2807 s,
1569 2747 1726 2818 alios-

188 2815 276 2888 que
299 2834 476 2872 omnes
496 2815 731 2871 veterum
763 2815 912 2878 deos,
929 2815 1100 2888 scrtis
1125 2826 1178 2869 et
1202 2817 1415 2888 coronis
1439 2815 1598 2870 fuisse
1621 2817 1726 2888 de-

189 2884 393 2952 coratos,
421 2903 506 2940 res
535 2896 660 2939 nota
688 2895 770 2939 est
786 2885 1076 2956 grauibus;
1115 2901 1220 2953 quo
1247 2884 1472 2939 fortasse
1502 2886 1728 2956 pertinet

190 2959 300 3012 illud
322 2957 541 3010 Lucretii
565 2956 658 3009 lib.
681 2971 747 3007 v:
775 2952 896 3006 Non
931 2955 1093 3023 pietas
1121 2952 1227 3006 ulla
1255 2966 1324 3012 est
1352 2952 1568 3009 velatum
1593 2971 1728 3023 sa'pc

189 3029 326 3081 videri
347 3026 537 3080 Vertier
557 3026 626 3077 ad
653 3024 891 3090 lapidem.
915 3022 1112 3078 Confer
1133 3023 1487 3092 Pascltalium,
1530 3026 1597 3080 de
1624 3022 1726 3082 Co-

190 3098 318 3152 mttis
345 3096 428 3150 lib.
444 3110 658 3158 tv,cap.
675 3092 728 3146 4.

249 3167 557 3226 1007.Α1(1.,
592 3165 768 3226 Alex.,
801 3162 1177 3234 Thuan.,0x.,
1204 3165 1470 3234 fasceolis;
1507 3164 1616 3230 alii,
1649 3168 1729 3234 [a-

191 3237 360 3289 sciolis.
378 3235 643 3300 Gilanins,
672 3235 833 3288 verbo
863 3233 1042 3298 LAPIS,
1068 3233 1214 3300 putat
1242 3236 1520 3302 legendum
1541 3233 1727 3304 rigare,

191 3306 453 3359 etluretus
483 3307 712 3357 altirtnat
738 3304 1022 3356 nonnullos
1048 3304 1283 3371 proliteri
1311 3305 1361 3356 in
1391 3306 1503 3358 suis
1535 3305 1730 3362 veteri-

1824 2130 2160 2186 comparatur
2187 2119 2276 2171 lib.
2316 2135 2329 2171 t
2357 2137 2368 2170 :
2397 2119 2512 2173 Stat
2542 2121 2713 2188 magni
2735 2123 2955 2174 nominis
2977 2123 3174 2175 umbra.
3206 2119 3386 2186 Qualis

1824 2190 2071 2261 frugifero
2093 2205 2306 2256 quercus
2345 2189 2572 2261 sublimis
2590 2191 2652 2242 ~in
2677 2206 2804 2261 agro
2840 2190 3066 2243 Exuvias
3094 2200 3276 2246 veteres
3301 2209 3390 2260 po-

1821 2259 1955 2328 puli,
1982 2269 2273 2325 sacrataque
2301 2267 2499 2328 gestans
2530 2259 2678 2312 Dona
2700 2259 2887 2313 ducum
2917 2276 2935 2313 :
2961 2276 3050 2313 nec
3064 2261 3176 2328 jam
3210 2259 3390 2314 validis

1820 2327 2074 2382 radicibus
2097 2327 2316 2400 linteas,
2354 2327 2585 2400 Pondere
2610 2330 2716 2394 ﬁxa
2741 2346 2834 2382 suo
2861 2337 2935 2383 est
2965 2347 2984 2384 :
3019 2327 3281 2400 nudosque
3305 2347 3392 2395 per

1822 2415 1943 2470 aera
1970 2413 2149 2470 ramos
2171 2395 2452 2470 Effundens
2472 2438 2488 2463 ,
2529 2409 2706 2470 trunco
2727 2438 2740 2462 ,
2785 2416 2886 2452 non
2917 2395 3221 2470 frondibus,
3249 2402 3392 2470 eﬁicit

1823 2469 2054 2521 umbram
2078 2482 2096 2518 :
2118 2469 2181 2518 At
2201 2469 2426 2531 quamvis
2457 2469 2622 2536 primo
2643 2478 2782 2522 nutet
2802 2485 2983 2523 casura
3006 2469 3095 2522 sub
3113 2468 3392 2534 Euro,"Tot

1825 2540 2015 2590 circum
2039 2535 2179 2589 silvia
2210 2536 2356 2603 ﬁrmo
2386 2553 2438 2589 se
2460 2535 2639 2591 robore
2667 2538 2870 2602 tollant,
2913 2538 3039 2592 Sola
3064 2550 3230 2592 tamen
3269 2541 3393 2593 coli-

1826 2607 2180 2673 tur.Virgilius
2199 2622 2269 2659 vu
2296 2623 2309 2658 :
2333 2606 2531 2659 Laurus
2555 2618 2731 2663 erat...
2761 2607 2923 2662 Sacra
2944 2624 3160 2672 comam,
3183 2608 3394 2663 multos-

1824 2693 1919 2746 que
1943 2686 2075 2730 metu
2102 2687 2299 2730 servata
2323 2692 2411 2743 per
2433 2694 2612 2731 annos.
2636 2678 2714 2732 Ad
2743 2678 3174 2732 consul-tudinem
3197 2693 3394 2746 appen-

1825 2747 1982 2800 dendi
2006 2750 2246 2816 lucernas
2265 2747 2542 2800 arboribus
2563 2746 2750 2802 referri
2775 2748 3214 2815 potestMartialis
3232 2749 3322 2803 lib.
3340 2765 3394 2816 x,

1827 2817 1994 2885 epigr.
2028 2815 2060 2870 6
2085 2834 2108 2885 :_
2130 2815 2347 2880 Quando
2375 2817 2468 2868 erit
2499 2816 2586 2869 ille
2607 2818 2712 2870 dies
2745 2834 2842 2883 quo
2870 2833 3107 2884 campus,
3147 2827 3194 2870 et
3222 2815 3394 2883 arbor,

1827 2883 1874 2939 et
1897 2886 2058 2939 omnis
2083 2883 2287 2956 Lucebit
2317 2886 2440 2938 latia
2465 2887 2601 2956 culta
2629 2887 2845 2956 fenestra
2867 2883 3035 2939 nuru?
3073 2888 3114 2940 Τ
3117 2887 3281 2940 maias
3303 2902 3395 2942 seu

1829 2957 1988 3008 vittas
2035 2954 2257 3013 arboris.
2293 2970 2424 3021 quas
2449 2954 2750 3008 discoloram
2795 2957 2962 3009 lanam
2985 2965 3138 3010 vocat
3163 2957 3396 3011 l'ruilen-

1831 3026 1935 3078 tius
1983 3025 2086 3079 loc.
2133 3025 2224 3077 cit.
2271 3025 2514 3083 Romani.
2552 3025 2802 3092 exprimit
2832 3026 3030 3080 Statius
3065 3026 3158 3079 lib.
3190 3042 3224 3080 ll
3255 3027 3398 3080 Tlte-

1767 3133 1772 3137 ρ
1831 3094 1972 3147 baid.
1997 3111 2013 3147 :
2043 3093 2113 3146 Ab
2141 3095 2317 3148 arbore
2337 3106 2475 3148 casta
2499 3093 2713 3148 Nectent
2736 3112 3019 3164 purpureas
3048 3096 3188 3148 niveo
3218 3095 3399 3149 discri-

1831 3165 1963 3217 mine
1999 3166 2167 3217 vittas.
2215 3165 2481 3218 Arnobius
2508 3165 2600 3218 lib.
2637 3179 2667 3215 v
2710 3180 2723 3216 :
2777 3165 2914 3230 Quid
2953 3167 3138 3229 compti
3165 3167 3399 3220 violaceis

1832 3235 2070 3298 coronis,
2116 3235 2430 3287 et,redimiti
2473 3236 2666 3287 arboris
2694 3236 2916 3287 ramuli?
2959 3236 3012 3286 In
3043 3234 3162 3288 cod.
3193 3235 3398 3290 Tlteod.

1837 3303 1919 3356 tit.
1954 3305 2022 3358 de
2065 3305 2310 3374 l’aganis,
2335 3303 2442 3374 leg.
2487 3306 2576 3368 1‘2,
2616 3304 2866 3357 Redimita
2901 3305 3036 3357 vittis
3072 3306 3269 3371 arbore,
3312 3305 3400 3358 ubi

192 3374 622 3468 busmeltnbranis
652 3372 1579 3468 tegili-igalreLV-ll-eigmplerisque
1598 3379 1728 3440 suis,
1759 3404 1804 3468 ρ
1836 3372 2414 3468 probaui-lotholredus
2437 3416 2452 3442 ,
2502 3374 2800 3444 bujusmodi
2848 3375 3284 3443 superstitionem
3310 3375 3401 3432 diu

193 3453 244 3496 nt
261 3445 481 3507 videtur,
503 3445 692 3512 rigare.
717 3443 768 3496 ld
794 3443 924 3496 mihi
951 3443 1190 3511 apprime
1218 3446 1405 3509 placet,
1428 3455 1482 3498 et
1512 3459 1731 3512 respuu-

192 3515 275 3567 det
293 3529 471 3567 versus
498 3527 728 3582 sequens
766 3523 812 3565 et
855 3512 1010 3565 nullis
1048 3513 1265 3564 violatur
1294 3514 1552 3582 terminus
1581 3517 1730 3580 extis,

194 3583 283 3637 hoc
309 3593 405 3646 est,
439 3581 600 3636 nullis
644 3584 856 3649 ungitur
883 3583 1049 3646 extis,
1091 3582 1230 3646 quod
1257 3581 1324 3635 ab
1363 3583 1591 3636 ethnicis
1620 3586 1730 3637 tieri

197 3654 405 3716 solebat,
435 3662 492 3706 ut
521 3667 586 3706 ex
602 3652 780 3706 Siculo
794 3652 983 3705 Flacco
1009 3661 1063 3706 et
1088 3651 1313 3704 Minucio
1341 3663 1583 3715 constat;
1624 3655 1737 3720 qui-

195 3723 281 3774 bus
325 3723 457 3777 adde
486 3722 777 3774 Arnobiutu
827 3721 970 3774 lib.t
1012 3738 1026 3774 :
1071 3720 1337 3790 Siquando
1379 3738 1737 3791 conspexerant

194 3794 473 3845 lubricatum
499 3791 753 3858 lapidem,
784 3799 828 3842 et
871 3807 934 3844 ea:
971 3791 1088 3843 olivi
1127 3793 1347 3860 unguine
1384 3792 1723 3845 sordidatum.

194 3863 439 3928 Apuleius
464 3862 557 3914 lib.
589 3875 605 3912 l
635 3860 841 3914 Florid:
865 3861 1042 3929 Neque
1081 3861 1212 3913 enim
1230 3862 1423 3928 justius
1451 3862 1738 3930 religiosam

195 3948 373 3984 moram
393 3933 576 3983 viatori
603 3931 840 3999 objecerit
870 3941 957 3983 aut
997 3945 1089 3983 ora
1110 3932 1319 3999 ﬂoribus
1340 3933 1572 3984 redimita
1597 3973 1612 3994 ,
1653 3941 1742 3984 aut

193 4002 418 4066 spelunca
459 4001 722 4068 frondibus
760 4002 1083 4064 inumbrati,
1121 4011 1210 4052 aut
1257 4017 1472 4070 quercus
1508 4003 1740 4054 cornibus

194 4085 407 4134 onerata,
435 4079 525 4123 aut
557 4071 704 4141 fagus
732 4071 948 4135 pellibus
972 4081 1248 4141 coronata;
1291 4073 1366 4122 vel
1405 4073 1556 4141 etiam
1596 4071 1742 4124 colli-

195 4141 326 4193 culus
352 4141 596 4210 sepimine
615 4139 962 4210 consecratus,
1001 4139 1076 4192 vel
1101 4149 1309 4193 truncus
1347 4139 1601 4192 dolamine
1640 4142 1744 4210 e/ﬁ-

193 4212 350 4278 giattts
368 4250 382 4270 .
410 4209 488 4263 vel
529 4225 702 4277 cespes
730 4208 966 4261 libamine
1005 4210 1294 4278 Ituntigatus
1317 4249 1332 4270 ,
1375 4210 1453 4262 vel
1478 4211 1611 4278 lapis
1650 4208 1745 4263 un-

195 4280 336 4349 grtiae
355 4279 632 4332 delibutus.
667 4278 778 4330 Non
810 4293 938 4332 vero
963 4279 1462 4349 aSsentior‘Teolio,
1503 4285 1592 4348 qui
1623 4281 1746 4334 exi-

195 4346 384 4411 stimat,
400 4351 610 4418 gallina:
632 4350 870 4416 pulmone
896 4363 1079 4417 rogare
1101 4346 1416 4418 ,Signiticare
1436 4346 1746 4403 consuetum

195 4417 414 4485 auspicia
444 4419 692 4483 captandi
724 4421 880 4474 ritum
914 4434 1005 4484 per
1024 4417 1204 4470 avium
1233 4426 1285 4471 et
1313 4433 1557 4486 pecorum
1586 4421 1751 4472 visce-

197 4503 303 4540 rum
346 4489 752 4556 inspectionetu.
798 4487 1139 4540 Victitnarum
1169 4489 1419 4542 inteStina
1452 4490 1502 4540 in
1547 4489 1750 4540 sacrili-

195 4558 326 4611 cium
353 4558 420 4610 ab
448 4557 682 4611 ethnicis
707 4557 886 4611 ollet'ri
927 4558 1269 4611 consuevisse
1310 4557 1644 4624 exploratum
1671 4567 1754 4610 est

196 4626 400 4680 Persius
424 4637 526 4680 sat.
551 4628 587 4678 2
615 4644 628 4678 :
667 4628 766 4679 Aut
789 4628 1030 4696 quidnam
1061 4638 1150 4689 est,
1176 4643 1275 4693 qua
1301 4636 1354 4679 tu
1382 4630 1607 4680 mercede
1633 4630 1756 4681 deo-

197 4711 302 4748 rum
334 4697 531 4751 Emeris
563 4697 860 4749 auriculas?
887 4697 1124 4764 pulmone
1147 4706 1191 4748 et
1219 4699 1429 4749 lactibus
1455 4697 1652 4749 unctis?

260 4766 417 4840 1009.
444 4766 676 4840 Lipsius,
691 4766 785 4832 lib.
811 4782 827 4819 t
849 4760 1314 4840 Elect.,cap._5,ex
1345 4766 1445 4820 hoc
1473 4767 1590 4840 loco
1613 4774 1759 4840 notat
1784 4760 1835 4820 1)

196 4833 468 4890 arboribus
497 4839 664 4889 sacris
695 4847 902 4890 veteres
947 4838 1266 4903 appendisse
1292 4836 1534 4889 lucernas
1577 4835 1589 4887 ὲ
1634 4837 1758 4903 quia

197 4903 398 4959 scilicet
425 4920 513 4958 res
542 4919 693 4958 sacra
719 4915 836 4958 erat
864 4906 1098 4970 lucerna,
1124 4905 1364 4973 adeoque
1393 4906 1671 4958 sacriﬁculi
1706 4914 1760 4958 et

196 4986 340 5028 vates
392 4974 665 5028 lucernam
713 4987 768 5043 et
819 4975 1024 5028 laurum
1071 4975 1423 5043 praefert-bant
1449 4991 1514 5028 ex
1557 4974 1757 5028 Seneca

195 5046 258 5095 de
270 5043 390 5097 Vita
415 5045 564 5097 beata
597 5041 821 5111 cap.27.
844 5041 1083 5096 Arborem
1109 5047 1334 5096 vittatam
1363 5046 1492 5098 dicit
1525 5045 1760 5098 Pruden-

199 5113 320 5171 tius.
342 5115 490 5182 quia,
536 5124 593 5167 ut
622 5114 779 5181 paulo
802 5124 924 5168 ante
955 5115 1201 5178 vidimus,
1229 5114 1451 5168 arbores
1479 5117 1640 5168 etiam
1671 5129 1760 5168 co-

197 5184 525 5236 ronabantnr
549 5202 562 5236 :
587 5185 654 5237 de
722 5200 790 5238 uo
820 5183 982 5237 videri
1011 5192 1230 5250 possunt
1260 5185 1290 5235 lt
1333 5199 1486 5237 mnus
1521 5184 1585 5237 10
1617 5185 1761 5236 Peri-

197 5255 395 5304 stenh..
429 5269 571 5304 ve.s.
762 5264 817 5304 et
848 5267 964 5304 uua:
1004 5199 1603 5304 notatWinlelmannus
1628 5261 1760 5304 tom.

173 5255 395 5320 ‘steph.,
429 5269 571 5307 ve.s.
616 5253 739 5317 502,
762 5264 817 5308 et
848 5267 964 5321 qua:
1004 5253 1603 5306 notatWinkelmannus
1628 5261 1760 5307 tom.

199 5321 444 5377 llaudati
485 5324 683 5390 operis,
726 5337 844 5390 pag.
884 5323 972 5385 57,
1007 5338 1072 5378 ex
1117 5322 1436 5376 Philostrato
1461 5366 1475 5388 ,
1515 5324 1683 5378 Statio
1713 5332 1767 5376 et

197 5390 444 5458 Eliano,
482 5395 570 5446 ubi
619 5405 770 5446 vetus
817 5401 1215 5446 monumentum
1257 5395 1494 5446 existens
1543 5395 1592 5446 itt
1634 5393 1762 5446 villa

197 5463 444 5525 ltomana
465 5463 928 5516 excellentissime
950 5463 1141 5516 domus
1158 5463 1414 5524 Albanim,
1437 5471 1490 5516 et
1519 5463 1762 5516 arborem

198 5536 378 5586 taeniis
403 5542 675 5595 ornatam,
716 5545 838 5600 qua:
863 5531 916 5584 in
945 5547 1011 5585 eo
1053 5543 1483 5597 reprzesentatur,
1513 5534 1763 5600 explicat.

197 5602 462 5671 Existimo
493 5603 544 5654 in
575 5603 800 5669 singulis
829 5602 970 5670 agris
999 5601 1164 5655 fuisse
1189 5603 1418 5671 aliquam
1451 5610 1682 5657 veterem
1714 5612 1768 5655 et

197 5669 468 5740 insignem
497 5669 939 5740 arborcnt,quam
969 5669 1300 5741 possessores
1323 5672 1768 5742 colerent,qualis

1835 3457 2222 3512 perseverasse.

1906 3513 2064 3566 1010.
2088 3512 2581 3574 Widtn.,setvebat:
2619 3515 2738 3582 lege
2766 3513 3012 3567 servabat.

1909 3583 2064 3636 1015.
2089 3582 2457 3645 Ald.,Weitz.,
2475 3584 2617 3646 Gis.,'
2630 3595 2889 3650 temperat.
2910 3582 3176 3635 Heinsiani
3197 3583 3403 3648 scripti,

1840 3651 1985 3712 “aL.
2016 3651 2192 3712 Alex.,
2225 3652 2354 3704 Urb.
2388 3664 2440 3703 et
2461 3655 2572 3714 alii,
2600 3663 2854 3721 temperet.
2882 3652 3029 3721 Ald.,
3058 3651 3266 3713 lleins.,
3287 3652 3404 3705 Gis.

1839 3721 1892 3774 in
1944 3731 2122 3785 textu,
2173 3721 2350 3779 Alex..
2393 3723 2533 3782 llat.,
2577 3719 2758 3781 Fabri,
2808 3732 2896 3773 aut
2949 3719 3166 3785 pluvius,
3207 3723 3407 3774 rectius

1840 3806 1997 3860 quant
2028 3790 2321 3860 atttrplttvt'is
2345 3788 2685 3847 Weitz..Gis.
2714 3789 2779 3842 ad
2811 3806 2976 3844 oratu.

1911 3861 2069 3916 1014.
2091 3858 2312 3924 Widin.,
2348 3860 2687 3925 venientibus;
2726 3861 2792 3913 ad
2823 3875 2971 3914 orant
3007 3867 3152 3914 recte
3180 3861 3409 3930 positum

1840 3931 2133 3985 viventibus.
3142 3962 3145 3964 -

1915 4001 2073 4054 1015.
2098 4000 2395 4054 Gronovius
2425 4015 2542 4067 cap.
2575 3998 2608 4052 5
2638 3999 2917 4054 Observat.
2950 4001 3143 4054 eccles.
3185 4001 3410 4066 coniecit

1845 4087 1997 4124 censu
2026 4086 2120 4137 pro
2150 4087 2301 4124 sensu
2347 4086 2366 4123 :
2404 4086 2558 4136 quam
2589 4071 2948 4136 conjecturam
2976 4072 3109 4123 satis
3131 4073 3414 4125 continuat

1845 4150 2086 4195 eorreeto
2131 4142 2234 4193 alio
2286 4141 2402 4195 loco
2434 4140 2490 4194 S.
2523 4140 2777 4209 Cypriani
2827 4155 2892 4194 ex
2947 4142 3039 4194 lib.
3094 4141 3162 4193 de
3197 4141 3413 4208 discfpl.

1845 4211 2113 4264 Cauchius
2137 4210 2207 4263 eti
2226 4226 2293 4262 im
2322 4209 2547 4262 malebat
2575 4225 2744 4274 censu,
2769 4209 2908 4278 quod
2938 4211 2987 4262 in
3014 4211 3206 4263 Bober.
3241 4210 3416 4274 piiin‘e

1847 4290 2116 4345 repertum
2158 4280 2384 4345 arripuit
2416 4279 2667 4332 llelnsius
2697 4320 2710 4342 ,
2743 4291 2794 4332 et
2823 4295 2941 4331 cuttt
2976 4295 3040 4330 eo
3071 4281 3414 4332 recentiores.

1844 4349 2157 4402 Gallandim
2207 4349 2354 4401 addit
2399 4350 2452 4401 in
2502 4357 2631 4401 vett.
2678 4347 2801 4400 edd.
2835 4349 3090 4401 mendose
3119 4363 3235 4400 esse
3264 4364 3417 4400 sensu

1852 4433 1948 4488 pro
1976 4433 2149 4470 censu.
2192 4417 2317 4471 Mihi
2348 4434 2450 4471 non
2475 4417 2718 4488 displicet
2747 4419 2903 4471 lectio
2932 4417 3089 4470 codd.
3136 4433 3330 4488 sensu;
3361 4430 3417 4468 nt

1852 4485 1993 4542 enim
2021 4502 2161 4542 vers.
2192 4501 2304 4556 seq.
2335 4489 2408 4541 ait
2450 4498 2627 4556 poeta,
2659 4486 2993 4540 ChriSIianos
3020 4503 3118 4539 non
3165 4485 3328 4546 exsult
3365 4502 3418 4538 re

1855 4558 2021 4609 studio
2042 4573 2193 4610 avaro
2225 4555 2278 4609 in
2297 4555 2514 4619 lucrum,
2543 4559 2611 4609 ita
2637 4573 2776 4610 nunc
2797 4556 3023 4610 aflirmat
3051 4572 3145 4610 eos
3171 4572 3272 4608 non
3293 4555 3418 4616 solvi

1856 4629 2027 4696 amplo
2056 4644 2205 4680 sensu
2246 4627 2297 4678 in
2326 4627 2534 4695 gaudia.
2564 4627 2674 4680 Non
2704 4637 2880 4680 tamen
2911 4627 3278 4689 dissimulabo,
3309 4626 3421 4691 epi—

1861 4697 2044 4750 theton
2070 4697 2239 4765 avvplo
2272 4699 2438 4763 magis
2463 4712 2756 4764 congruere
2781 4697 2953 4749 censui
2979 4696 3348 4762 quamsensui.

1934 4766 2089 4819 1021.
2119 4764 2385 4818 Giselinus
2413 4766 2689 4833 enallagen
2719 4767 2922 4819 numeri
2952 4767 3189 4834 agnoscit
3215 4766 3265 4816 in
3292 4780 3422 4832 qua-

1861 4838 1956 4900 les,
1991 4852 2144 4903 quos,
2175 4845 2230 4887 ttt
2266 4836 2316 4888 in
2350 4837 2437 4889 illo
2461 4836 2699 4888 Terentii
2727 4836 2941 4889 Phorm.
2980 4844 3084 4888 act.
3119 4852 3170 4896 v,
3204 4849 3278 4887 se.
3314 4835 3373 4888 11
3407 4849 3420 4884 :

1864 4905 1960 4969 Qui
1987 4905 2110 4957 mihi
2133 4943 2148 4967 ,
2175 4904 2259 4956 ubi
2288 4906 2355 4956 ad
2380 4920 2561 4957 uxores
2597 4915 2798 4958 ventum
2838 4915 2908 4958 est
2926 4945 2941 4966 ,
2970 4917 3075 4956 tum
3113 4905 3239 4971 ﬁunt
3263 4919 3420 4956 senes.

1863 4975 2122 5029 Parabola
2147 4973 2341 5027 Christi
2375 4975 2461 5027 hic
2491 4974 2716 5028 indicata
2750 4984 2922 5028 exstat
2951 4974 3131 5027 Matth.
3166 4989 3282 5026 χιιι.

1933 5044 2092 5098 1025.
2141 5043 2432 5112 Virgiliust
2481 5043 2670 5113 Georg.
2716 5059 2857 5098 vers.
2889 5041 3236 5097 223:0ebita
3273 5058 3425 5112 quant

1863 5115 2018 5168 sulcis
2046 5117 2334 5166 committas
2353 5115 2564 5167 semina.

1938 5183 2094 5237 1024.
2121 5183 2314 5237 \Veitz.
2346 5199 2464 5234 cutu
2509 5184 2623 5240 Vat.
2654 5186 2718 5247 Α,
2771 5182 2944 5248 Egon,
2997 5179 3179 5240 Fabr..
3225 5181 3424 5234 Witlm.

1865 5267 2022 5320 supra
2058 5254 2188 5304 dura
2214 5253 2506 5320 lapillorum
2535 5255 2663 5318 acie,
2719 5254 2891 5306 minus
2916 5250 3071 5305 bene.
3116 5251 3215 5304 Alii
3247 5252 3428 5318 macie,

1867 5328 2028 5377 etiam
2057 5323 2245 5385 Aldus,
2286 5337 2441 5390 quem
2487 5339 2760 5390 perp--ram
2802 5321 3058 5374 Wi-itzius
3097 5321 3291 5390 allegat
3335 5335 3429 5383 pro

1868 5393 2024 5444 aciem
2062 5407 2080 5444 :
2119 5407 2239 5443 nam
2287 5393 2359 5454 id,
2410 5392 2550 5458 quod
2598 5395 2820 5458 primttm
2849 5403 3116 5457 posuerat,
3167 5391 3218 5444 in
3247 5404 3433 5443 emen-

1868 5462 2006 5514 datis
2032 5464 2252 5524 mutavit
2276 5463 2326 5514 iu
2358 5477 2407 5513 m
2426 5463 2536 5512 .cie.
2564 5462 2679 5514 ltat.
2715 5462 2899 5516 scribit
2927 5461 3126 5524 maciw,
3156 5459 3431 5514 mendose.

1872 5531 2063 5584 Macies
2083 5531 2372 5595 lapillorum
2395 5540 2476 5583 est
2497 5531 2670 5598 glarea
2691 5533 2872 5596 tenuis,
2893 5547 3011 5598 qum
3037 5531 3270 5585 occurrit
3288 5543 3434 5598 vers.

1874 5599 2030 5657 1045.
2082 5600 2200 5652 Vat.
2245 5601 2311 5666 A,
2362 5597 2568 5666 decidit,
2618 5601 2984 5665 corrigendum
3016 5600 3232 5655 decidat.
3284 5597 3434 5658 Urb.,

1874 5682 1963 5723 nec
1987 5670 2206 5723 decidat.

1873 5682 1963 5723 nec
1987 5672 2206 5725 decidat.
