4024 6292
149 389 246 445 365

1218 385 1416 442 LIBER
1455 385 1497 441 ll
1533 385 1808 445 CONTRA
1845 387 2298 448 SYMMACHUM.

3303 394 3404 454 266

154 502 281 560 1055
315 499 482 573 858
508 498 578 554 Et
607 496 803 569 pudor,
836 505 892 554 et
920 505 1106 554 sancto
1129 505 1301 555 tectus
1323 498 1591 557 velamine
1612 501 1726 557 vul-
1751 504 1802 566 A
1832 502 1968 560 1060
2006 503 2208 559 Horrea
2237 511 2499 559 nocturno
2524 518 2632 558 non
2659 517 2889 574 unquam
2914 499 3142 563 obnoxia
3171 507 3293 564 iuri.

1540 603 1626 652 tus

1540 603 1626 652 tus

313 683 379 738 Et
404 691 642 753 privatus
670 683 865 751 honos,
901 697 999 739 nec
1027 691 1175 750 nota,
1203 693 1256 741 et
1286 688 1492 757 publica
1516 592 1715 757 [forma

319 773 387 830 Et
414 789 553 829 rarae
582 782 876 844 tenuesque
904 775 1098 845 epulze,
1122 786 1176 832 et
1205 794 1356 835 mens
1378 782 1558 837 sobria
1578 797 1721 838 sem-

317 865 533 935 Lexque
564 865 834 934 pudicitia:
863 867 986 922 vitae
1012 881 1134 923 cum
1165 870 1272 925 line
1299 882 1534 941 peracta.
1579 875 1715 948 [per,

319 955 448 1011 llinc
477 955 658 1013 decies
683 955 806 1012 deni
837 956 1150 1029 rediguntur
1180 962 1232 1015 in
1273 961 1462 1019 horrea
1489 965 1716 1035 fructus,

2002 594 2133 650 Nam
2166 595 2358 650 malum
2390 595 2474 650 fur
2495 595 2672 650 nullus
2695 595 2843 652 adit:
2869 597 3109 654 cmlestia
3129 614 3400 670 nunquam

2006 687 2215 744 Fraude
2245 687 2580 757 resignantur
2606 706 2618 740 :
2645 687 2791 743 fraus
2821 688 2979 744 terris
3003 689 3229 745 volvitur
3255 691 3398 748 imis.

2001 784 2132 850 Quae
2159 799 2301 840 nunc
2330 784 2548 840 vestalis
2578 783 2650 839 sit
2669 784 2994 855 virginitatis
3016 785 3289 854 honestas,

2003 875 2318 943 Discutiam,
2352 891 2457 946 qua
2484 875 2600 946 lege
2622 885 2770 947 regat
2789 876 2950 933 decus
2975 893 3132 933 omne
3159 878 3396 947 pudoris.

1822 966 1961 1023 1065
1999 967 2077 1024 Ac
2107 968 2332 1038 primum
2366 983 2540 1038 parva!
2571 969 2774 1024 teneris
2799 969 3081 1039 capiuntur
3103 969 3153 1023 in
3181 971 3356 1039 annis,

1420 1093 1706 1151 GLOSSIE
1746 1095 2086 1154 VETERES.

217 1181 365 1234 1055.
393 1178 592 1245 Pudor,
622 1181 851 1247 castitas,
881 1182 919 1235 l.

216 1252 359 1304 1057.
393 1251 628 1316 Tenues,
660 1251 782 1305 viles
802 1251 878 1306 vel
908 1267 1096 1321 parum,
1127 1254 1168 1310 Ι.

215 1321 362 1375 1059.
399 1321 556 1387 Hinc,
605 1321 872 1390 posthaec.
907 1352 978 1362 —
1004 1323 1216 1392 Decies,
1263 1325 1326 1379 de
1373 1325 1540 1382 viduis
1587 1329 1711 1381 dicit

155 1393 288 1445 modo
310 1407 328 1446 :
348 1392 509 1445 decies
548 1392 656 1446 seni
685 1394 952 1463 sexaginta
990 1393 1207 1464 faciunt,
1241 1405 1286 1450 et
1312 1412 1402 1451 sea:
1434 1415 1712 1468 sexagena-

1823 1191 1930 1244 rius
1957 1207 2195 1244 numerus
2224 1191 2390 1244 viduis
2419 1186 2655 1260 pertinet,
2688 1183 2810 1246 lso.'

1892 1263 2048 1316 1060.
2081 1261 2305 1329 Horrea,
2334 1262 2524 1316 scilicet
2554 1261 2690 1326 dico,
2721 1263 2761 1316 l.

1892 1330 2047 1388 1061.
2076 1331 2320 1398 Pudoris,
2354 1332 2624 1396 castitatis,
2660 1333 2700 1384 l.

1481 1490 2036 1548 COMMENTARIUS.

156 1582 222 1654 Ex
251 1581 330 1654 his
353 1581 478 1636 licet
523 1583 830 1654 perspicere
857 1581 1211 1654 virginitatem
1259 1595 1564 1654 perpetuam
1598 1587 1708 1647 Deo

156 1652 267 1708 olim
295 1652 455 1707 fuisse
482 1650 802 1722 promissam
833 1650 992 1708 etiam
1017 1653 1070 1708 in
1093 1650 1393 1711 aitate'no'n
1418 1657 1705 1713 admodum

159 1723 479 1778 adultazimo
523 1738 588 1776 ex
637 1733 952 1793 argumento
994 1739 1100 1792 quo
1146 1725 1471 1783 Prudentius
1527 1739 1705 1784 vesta-

1814 1585 1985 1640 solum
2013 1583 2134 1658 quia
2167 1583 2221 1638 in
2246 1597 2368 1638 eum
2392 1591 2587 1658 cretum
2611 1592 2810 1658 coactae
2831 1594 2956 1658 sunt
2984 1585 3208 1658 ingredi,
3239 1603 3387 1649 ante-

1810 1671 1968 1723 quam
2016 1655 2179 1710 libera
2232 1662 2375 1708 secta
2407 1653 2691 1708 voluntatis
2737 1656 2965 1723 propria:
3004 1653 3388 1719 condemnaret

1809 1725 2018 1780 vincula
2062 1725 2208 1794 justa
2238 1724 2520 1778 maritandi
2560 1740 2741 1791 sexus,
2789 1726 2880 1780 sed
2912 1728 3071 1783 etiam
3115 1732 3236 1792 quia
3278 1749 3384 1790 non

159 1795 269 1868 lium
311 1793 666 1868 virginitatem
720 1794 945 1868 refellit,
997 1795 1126 1868 satis
1168 1797 1431 1852 evincitur
1475 1800 1707 1867 virgines
1741 1795 1782 1856 Β
1813 1806 1980 1852 totum
2002 1793 2125 1866 spes
2147 1796 2291 1868 salva
2316 1795 2564 1868 interﬁcit
2585 1794 2783 1862 ignem,
2809 1797 3235 1868 quandoquidem
3261 1814 3387 1859 teni-

159 1864 462 1920 Christianas
491 1863 545 1917 in
570 1863 853 1933 ju‘ventute
873 1865 984 1920 Deo
1002 1863 1165 1920 fuisse
1186 1863 1708 1933 consecrataszan-

160 1937 264 2009 dein
293 1935 562 2009 virgineam
609 1935 807 2005 fastidit
857 1934 1006 2009 Vesta
1043 1948 1315 1992 senectam.
1371 1940 1426 1994 Si
1477 1941 1708 2009 virgines

160 2005 647 2081 Christian:e_solum
690 2007 952 2081 senectuti
983 2009 1238 2081 proximae
1269 2025 1460 2081 vovere
1490 2005 1709 2081 virgini-

162 2085 302 2150 tatem
323 2075 638 2150 potuissent,
675 2078 860 2150 reponi
884 2075 1067 2132 contra
1097 2077 1440 2135 Prudentium
1489 2075 1702 2150 posset:

163 2147 311 2221 ‘Vestat
341 2147 536 2221 fastidit
564 2146 857 2221 virgineam
885 2157 1177 2221 senectam,
1227 2161 1278 2203 at
1309 2146 1504 2221 religio
1528 2162 1707 2208 vestra

159 2216 338 2272 fastidit
364 2215 665 2286 virgineam
675 2215 1031 2286 juventutem.
1059 2219 1288 2275 Adverte
1315 2215 1501 2286 etia'm,
1534 2222 1705 2279 Emi-

161 2287 288 2362 lism,
332 2302 485 2356 quam
514 2287 789 2362 Ausonius
837 2290 1036 2355 laudat,
1077 2291 1427 2362 virginitatem
1459 2293 1704 2350 devotam

160 2360 361 2414 coluisse
391 2368 644 2424 septenos
671 2360 857 2414 novies
886 2374 981 2428 per
1003 2360 1194 2417 annos.
1217 2362 1347 2429 Quis
1377 2373 1552 2418 autem
1576 2365 1706 2420 satis

159 2429 319 2504 mirari
357 2429 529 2504 valeat
576 2430 992 2504 intolerandam
1020 2431 1205 2504 Pawii,
1257 2433 1405 2500 impii
1454 2433 1700 2501 hominis,

159 2500 537 2566 impudentiam,
584 2500 672 2571 qui
715 2500 1172 2557 declamationem
1201 2503 1476 2559 Prudentii
1517 2500 1701 2560 contra

160 2571 363 2626 vestales
390 2585 518 2625 mox
570 2571 941 2640 proferendam
974 2572 1039 2626 ad
1093 2582 1302 2628 nostras
1348 2575 1602 2630 moniales
1633 2577 1702 2631 ita

160 2641 636 2712 «commodaverit,
663 2643 813 2710 quasi
841 2643 1160 2699 Prudentius
1181 2645 1390 2699 crimini
1413 2646 1703 2703 vestalibus

162 2713 352 2768 verterit
378 2711 520 2778 quod
546 2712 906 2782 virginitatem
929 2716 1404 2770 conservaverint?
1435 2715 1515 2770 En
1538 2720 1698 2771 verba

159 2798 212 2838 ex
230 2798 375 2854 opere
393 2782 713 2854 Recfterclics
733 2783 1141 2854 philosopliiques
1162 2801 1250 2838 sur
1273 2786 1342 2840 les
1367 2787 1699 2853 Américains,

161 2871 241 2930 par
267 2852 339 2930 ΙΙ.
370 2854 434 2906 de
482 2852 629 2930 Paro,
666 2852 797 2908 tome
824 2855 888 2930 ll_,
933 2852 972 2908 'a
993 2852 1190 2930 ﬁdem»,
1234 2855 1393 2925 1777,
1445 2852 1700 2930 μαψ-95.

164 2941 180 2974 r
205 2923 450 2978 Prudence
473 2941 505 2976 a
533 2924 628 2993 [ait
658 2941 754 2978 une
777 2926 932 2978 satire
956 2925 1243 2980 clirétienne
1265 2923 1537 2981 contre'les
1575 2927 1700 2983 Vcs-

160 2995 265 3068 tales
297 2995 376 3064 qui
401 2995 593 3068 etaient
635 3011 812 3068 encore
836 2995 868 3047 ἀ
898 2995 1058 3068 Rome
1086 2997 1148 3050 de
1171 3013 1262 3050 son
1287 3010 1466 3067 temps,
1499 2999 1533 3052 ὰ
1554 3001 1638 3068 qui
1664 2999 1705 3052 il

160 3067 322 3139 {nituit
339 3065 492 3118 crime
509 3066 698 3139 d‘avtoir
724 3067 958 3139 conserve
984 3066 1095 3139 leur
1123 3067 1355 3139 virginité
1377 3065 1396 3121 ἐ
1416 3071 1461 3123 si
1475 3085 1537 3139 ce
1550 3065 1704 3139 pieua:
1747 3126 1753 3132 ,

1727 3173 1776 3237 C

160 3136 470 3190 déclamateur
512 3137 748 3208 avaitpu
784 3136 1161 3208 prévoiralors
1203 3136 1298 3208 que
1337 3138 1390 3192 Ia
1433 3136 1702 3195 chrétienté

160 3208 287 3277 seruit
309 3223 370 3260 un
386 3209 513 3275 jour
528 3207 835 3277 surcliargée
849 3209 910 3261 de
937 3207 1246 3277 religienses,
1265 3208 1302 3261 il
1327 3225 1378 3263 se
1401 3213 1556 3264 scralt
1578 3221 1651 3262 tu.
1675 3229 1694 3262 ι

162 3275 208 3332 Si
234 3277 426 3332 Pawius
474 3275 807 3345 praevidisset
849 3275 1137 3348 aliquando
1186 3279 1299 3334 hac
1327 3280 1484 3335 verba
1532 3281 1701 3348 subji-

160 3348 320 3403 cienda
338 3347 460 3420 lore
482 3348 658 3420 elogio
682 3363 788 3418 quo
811 3347 1129 3403 Prudentius
1159 3359 1464 3416 perpetuam
1484 3347 1704 3420 virgini-

161 3427 299 3472 tatem
324 3418 678 3474 Christianam
710 3421 1068 3490 prosequitur,
1099 3428 1256 3488 atque
1290 3421 1361 3474 illi
1390 3420 1490 3490 ipsi
1519 3418 1698 3478 decla-

160 3490 350 3543 mationi
373 3505 478 3558 qua
507 3499 709 3544 tantum
748 3489 968 3544 damnat
996 3503 1254 3555 coaetani,
1300 3489 1697 3560 temporariam,

160 3574 211 3630 ac
237 3559 366 3614 mille
387 3559 530 3614 vitiis
556 3560 852 3628 expositam
883 3560 1239 3630 virginitatem
1271 3559 1571 3626 vestalium,
1605 3580 1699 3618 ne-

159 3628 252 3685 seio
271 3646 391 3685 sane
410 3645 478 3684 an
505 3631 608 3687 sibi
639 3644 826 3685 manus
856 3628 1154 3695 intulisset;
1199 3631 1292 3686 sed
1334 3642 1478 3687 certe
1504 3647 1568 3688 ex
1603 3632 1700 3689 ho-

159 3701 333 3772 minum
358 3711 647 3768 conspectu
669 3701 924 3769 aufugere
948 3699 1238 3761 debuisset.
1265 3701 1310 3756 si
1331 3702 1521 3756 frontis
1545 3704 1699 3772 quid-

160 3786 292 3839 quam
318 3771 608 3826 habuisset.
654 3771 753 3838 Qui
793 3773 933 3826 enim
966 3773 1080 3827 fieri
1105 3772 1276 3842 potuit
1305 3782 1362 3826 ut
1382 3771 1700 3829 Prudentius

158 3843 479 3911 virginitatem
509 3851 878 3898 conservatam
902 3843 1103 3898 crimen
1131 3859 1249 3897 esse
1271 3847 1554 3912 putaverit,
1577 3859 1698 3899 cum

158 3927 217 3985 ex
240 3917 344 3982 lege
381 3912 674 3985 pudicitiae,
713 3913 841 3985 rvita:
884 3929 1004 3985 cum
1045 3915 1149 3969 fine
1175 3923 1424 3982 peractae,
1461 3915 1705 3985 colligat,

160 3982 274 4035 Hinc
295 3985 456 4037 decies
485 3983 602 4037 deni
630 3983 928 4052 rediguntur
951 3984 1004 4037 in
1030 3987 1208 4038 horrea
1232 3985 1464 4053 fructus?
1500 3982 1697 4040 Verum

157 4053 213 4108 de
233 4053 398 4108 Pawio
429 4054 589 4120 paulo
615 4063 735 4121 post
763 4055 956 4108 redibit
984 4070 1182 4110 sermo.

216 4124 358 4180 1055.
388 4124 768 4188 Tertullianus,
793 4125 861 4178 de
887 4124 1187 4193 Virginibus
1212 4125 1447 4179 velandis
1471 4140 1699 4195 przeser-

158 4195 234 4249 tim
272 4211 384 4264 cap.
420 4195 508 4261 16,
557 4196 747 4264 probat
786 4195 1114 4264 Scripturam
1160 4196 1329 4264 legem
1373 4195 1440 4249 de
1471 4197 1698 4252 velando

157 4268 366 4321 mulieres
394 4267 568 4335 capite
591 4265 915 4332 condidisse,
947 4275 1190 4320 naturain
1217 4268 1527 4329 contestari,
1569 4282 1699 4321 con-

155 4336 463 4391 suetudinem
497 4337 730 4406 exigere,
761 4337 990 4391 maxime
1015 4337 1066 4391 in
1099 4337 1321 4406 virgine,
1349 4353 1467 4405 qua:
1485 4337 1698 4392 Christo

156 4406 330 4479 nupsit.
359 4405 944 4479 Tertullianoconeinit
972 4405 1268 4479 Cyprianus
1296 4407 1347 4460 in
1396 4407 1486 4462 lib.
1515 4406 1583 4462 de
1607 4408 1697 4461 Di-

154 4478 349 4544 sciplina
371 4487 425 4532 et
451 4476 634 4532 habitu
665 4477 945 4547 virginum.

1811 1882 1941 1936 pore
1965 1864 2273 1936 priescripto
2294 1867 2496 1920 resides
2519 1866 2759 1936 flammas
2783 1867 2999 1920 adolere
3021 1864 3221 1926 licebit.
3246 1874 3389 1928 Prae.

1812 1934 2276 2010 terea'vestalibus
2305 1936 2594 2010 exprobrat
2615 1934 2757 2003 quod
2782 1937 2845 2010 ad
2875 1943 3176 2010 spectacula
3208 1944 3386 2010 publi-

1808 2022 1902 2077 ca,
1955 2007 2113 2062 etiam
2160 2007 2225 2060 ad
2275 2005 2734 2077 sanguinulentam
2782 2007 3151 2075 gladiatorium
3200 2005 3382 2071 indum

1810 2074 2181 2142 convenirent,
2211 2074 2493 2146 crudusque
2535 2074 2808 2129 hominum
2855 2092 2959 2130 non
3005 2086 3205 2135 tantum
3239 2085 3386 2141 vides

1808 2159 1948 2212 rent,
1984 2148 2078 2204 sed
2110 2149 2270 2201 etiam
2299 2148 2644 2213 imperarent,
2671 2155 2724 2200 et
2748 2146 3071 2214 voluptatem
3101 2166 3166 2205 ex
3200 2154 3279 2210 eis
3300 2169 3388 2210 ca-

1813 2229 2021 2288 perent.
2053 2219 2176 2272 lla‘c
2200 2218 2495 2288 claratsunt
2523 2215 2922 2288 inPrudeniio;
2971 2227 3023 2270 at
3047 2219 3258 2278 Pawius
3287 2227 3385 2278 lin-

1793 2286 1882 2358 git
1909 2289 2051 2360 quod
2079 2289 2169 2360 ille
2199 2286 2490 2360 vestalibus
2523 2286 2615 2360 fait
2644 2303 2714 2339 un
2749 2291 2906 2360 crime
2933 2288 3128 2360 d'avoir
3147 2299 3382 2349 conservé

1808 2356 1940 2414 Ieur'
1969 2359 2222 2441 virginite.
2277 2359 2508 2441 Juretus
2543 2357 2619 2441 ait
2668 2356 2904 2438 omnino.
2932 2357 3215 2441 legendum
3267 2379 3388 2420 esse

1806 2445 1871 2484 ex
1894 2427 2065 2486 veteri
2086 2430 2271 2484 codice
2299 2439 2352 2482 et
2385 2427 2696 2500 melioribus
2725 2428 2936 2482 excusis
2965 2427 3256 2500 capiuntur,
3282 2450 3389 2491 non

1807 2502 2099 2571 rapiuntur,
2136 2514 2433 2571 quanquam
2457 2497 2634 2571 ethoc
2666 2507 2990 2571 postremum
3023 2497 3127 2554 non
3157 2518 3271 2558 s;ne
3297 2521 3387 2560 co-

1806 2567 1922 2626 lore
1942 2567 2164 2626 defendi
2185 2567 2368 2638 possit,
2399 2569 2521 2638 quia
2549 2568 2782 2638 adhibita
2812 2567 2862 2622 vi
2893 2579 2945 2622 et
2971 2579 3176 2624 extorta
3205 2576 3386 2629 volun-

1809 2650 1919 2696 tate
1949 2654 2004 2695 ut
2036 2637 2338 2711 plurimum,
2369 2637 2599 2708 virgines
2622 2637 2832 2711 tenella;
2862 2640 3030 2711 sacris
3065 2642 3386 2699 addiceban-

1809 2721 1914 2765 tur.
1945 2708 2163 2780 Pi'tiprie
2191 2721 2366 2768 autem
2386 2711 2504 2782 capi
2526 2709 2754 2782 vestales
2773 2708 3108 2764 dicebantur.
3131 2711 3388 2782 Ulpianns

1808 2782 1902 2836 lib.
1935 2779 2235 2852 regularum
2269 2783 2350 2834 tit.
2378 2779 2482 2852 10A:
2516 2780 2577 2832 lu
2608 2788 2852 2852 potestate
2873 2782 3140 2849 parentum
3169 2779 3276 2838 esse
3295 2789 3388 2840 de-

1806 2849 2054 2925 sinunt-rt
2079 2853 2152 2925 hi,
2199 2852 2286 2919 qui
2311 2850 2544 2925 ﬂamines
2584 2849 2743 2925 diales
2783 2849 3175 2925 inaugurantur,
3204 2864 3251 2907 et
3276 2872 3388 2925 qua:

1819 2921 1981 2994 Vesta
2007 2918 2224 2994 virgines
2249 2922 2541 2994 capiuntur.
2584 2920 2750 2994 Aulus
2778 2918 3010 2994 Gellius,
3055 2921 3146 2975 lib.
3178 2939 3193 2976 ι
3219 2962 3234 2986 ,
3267 2918 3385 2994 cap.

1809 2992 1875 3046 12
1905 3012 1914 3045 :
1945 2994 2046 3058 Qui
2069 2988 2131 3046 de
2168 2988 2344 3045 vestali
2373 2991 2568 3057 virgine
2605 2988 2858 3058 capienda
2883 2991 3260 3060 scripserunt...
3293 2988 3387 3050 nii.

1806 3078 1981 3117 norem
2009 3079 2158 3134 quam
2194 3077 2352 3115 annos
2379 3075 2507 3134 seq:,_
2535 3061 2778 3134 majorem
2805 3075 2957 3134 quam
3009 3077 3170 3115 annos
3215 3065 3386 3119 decem

1805 3144 1980 3187 natam
2006 3128 2310 3199 negaverunt
2335 3131 2449 3200 capi
2481 3131 2558 3199 fas
2586 3128 2714 3183 esse.
2739 3128 3040 3202 Suetonius,
3065 3146 3183 3202 cap.
3210 3136 3299 3202 51,
3334 3137 3386 3190 in

1806 3204 2044 3274 Augusto
2075 3222 2087 3257 :
2124 3203 2460 3257 Sacerdotum
2484 3211 2530 3274 et
2563 3215 2854 3274 numerum,
2878 3210 2923 3252 et
2947 3201 3266 3274 dignitatem,
3299 3207 3387 3260 sed

1805 3283 1850 3327 et
1882 3269 2147 3328 Eonimoda
2167 3274 2331 3338 auxit,
2363 3271 2615 3340 pra’cipue
2635 3270 2900 3323 vestalium
2928 3269 3199 3340 virginum.
3233 3274 3387 3338 Cum-

1804 3361 1900 3414 que
1921 3347 1973 3398 in
1997 3346 2274 3398 demortua:
2299 3343 2463 3414 locum
2491 3342 2645 3394 aliain
2674 3341 2790 3414 capi
2816 3351 3083 3414 oporteret,
3117 3344 3388 3400 ambirent-

1803 3410 1902 3484 que
1935 3416 2083 3468 multi
2111 3431 2172 3468 ne
2215 3413 2350 3482 ﬁlias
2376 3413 2430 3465 in
2461 3421 2648 3465 sortem
2686 3412 2885 3473 darent,
2920 3410 3196 3484 adjuravit,
3229 3417 3272 3467 si
3301 3433 3385 3469 cu-

1795 3483 2043 3556 jusquam
2073 3485 2325 3556 neptium
2349 3499 2557 3556 suarum
2582 3489 2883 3556 competeret
2923 3492 3066 3546 retas,
3097 3483 3386 3556 oblaturum

1804 3548 1857 3610 se
1878 3548 2251 3610 canifl‘ac'itus
2277 3555 2368 3608 lib.
2398 3569 2464 3606 xv
2494 3548 2711 3624 Annal.,
2757 3548 3120 3624 Defunctaquet
3139 3555 3280 3624 virgo
3307 3573 3387 3611 ve-

1801 3627 1946 3680 stalis
1979 3625 2158 3691 Lwlia,
2189 3626 2241 3678 in
2265 3627 2415 3695 cujus
2438 3624 2607 3695 locum
2635 3620 2869 3695 Cernetia
2892 3637 2952 3695 ex
2974 3621 3174 3695 famiiia
3200 3620 3385 3680 Casso-

1802 3712 1917 3750 rum
1947 3705 2095 3764 capta
2112 3703 2205 3750 est.
2240 3691 2766 3765 lta'etiani_lnqiiititr
2793 3691 2852 3745 S.
2875 3692 3207 3765 Ambrosius,
3234 3696 3382 3765 Sym.

1802 3760 2370 3833 macho'respondens.
2395 3765 2459 3833 A3
2492 3762 2697 3833 Gellius
2738 3761 2841 3814 loc.
2871 3760 2963 3815 cit.
2990 3763 3252 3833 rationem
3273 3760 3384 3821 'lin-

1797 3836 1887 3906 jus
1915 3831 2156 3889 vocabuli
2190 3834 2392 3906 tradit:
2424 3831 2550 3906 Capi
2572 3832 2714 3899 virgo
2734 3839 2997 3906 propterea
3026 3832 3130 3883 dici
3164 3834 3382 3902 videtur,

1800 3899 1922 3977 quia
1948 3906 2201 3976 pontiﬁcis
2229 3903 2437 3957 maximi
2465 3899 2615 3977 manu
2632 3900 2896 3977 prehensa
2922 3899 3081 3977 abeat
3100 3914 3306 3977 parente
3332 3899 3385 3961 in

1802 3969 1957 4048 cujus
1991 3969 2232 4048 potestate
2257 3986 2349 4039 est,
2373 3973 2534 4048 veluti
2563 3971 2694 4024 bello
2724 3969 3200 4048 capta_abducitur._
3219 3975 3384 4048 Paulo

1800 4041 1923 4118 post
1972 4041 2309 4111 Prudentius,
2362 4041 2599 4118 Captivus
2647 4044 2812 4118 pudor
2865 4041 3078 4118 ingratis
3131 4043 3388 4118 addicitur

1801 4111 1925 4173 aris.
1959 4120 2067 4172 llac
2090 4128 2268 4174 autem
2300 4111 2524 4170 l'orm'ula
2556 4111 2792 4182 pontifex
2819 4113 3077 4167 maximus
3105 4115 3383 4172 utebatur:

1799 4187 2172 4244 chcnoorcu.
2210 4188 2511 4243 Vssrsncu.
2570 4198 2726 4247 ρυλε.
2756 4197 2939 4236 sscns.
2971 4198 3184 4238 “cur.
3225 4201 3383 4248 ovsn.

1803 4276 1938 4314 IOVS.
1969 4277 2106 4315 SIBT.
2138 4272 2498 4314 SACERDOTBI.
2545 4268 2838 4308 VESTALEI.
2873 4267 3099 4310 FACERE.
3130 4271 3251 4310 PRO.
3296 4273 3386 4310 PU-

1802 4346 1954 4386 POLO.
2009 4345 2238 4384 ROMANO.
2289 4341 2605 4392 QVIRITIBVS.
2657 4340 2710 4387 Q.
2743 4337 2883 4376 ντιιι.
2934 4339 3092 4386 ονΑε.
3151 4340 3382 4382 ΟΡΊὝἎΙΑ.

1802 4417 1956 4456 ιεοε.
1991 4417 2162 4455 rovrr.
2201 4415 2305 4453 ITA.
2341 4413 2430 4451 τε.
2461 4412 2661 4450 una.
2694 4409 2867 4448 CAPIO.
2899 4395 3099 4455 Quibus
3122 4396 3174 4448 in
3202 4399 3382 4452 verbis

1802 4472 2041 4527 nonnulli
2063 4486 2182 4525 cum
2212 4474 2278 4524 A.
2313 4467 2481 4522 Gellio
2514 4469 2605 4522 lib.
2650 4481 2696 4533 ι,
2732 4481 2850 4533 cap.
2883 4463 2970 4527 12,
3013 4473 3201 4533 putant
3228 4468 3385 4520 Ama-

209 4535 357 4603 1059.
392 4548 543 4608 Ald.,
571 4535 948 4614 Alex.,v.iureti
971 4547 1168 4614 codex,
1201 4548 1364 4602 decies
1393 4548 1517 4601 seni.
1548 4547 1694 4613 Rat.,
1724 4550 1779 4611 D
1801 4551 1905 4596 tam
1933 4542 2192 4614 Virginem
2223 4550 2432 4614 οδω-³1η
2457 4540 2656 4614 νφεὲιῖίι
2689 4535 3185 4614 (ιυίξψῐέειιδιίτεο
3210 4549 3381 4614 νθείφ

155 4617 285 4683 Urb.,
312 4619 450 4679 Gis.,
486 4617 702 4683 Weitz.,
743 4619 949 4684 lleins.,
990 4621 1152 4673 decies
1183 4619 1298 4672 deni
1323 4634 1341 4672 :
1365 4619 1503 4683 quod
1529 4618 1699 4688 magis

155 4692 332 4758 placet;
361 4705 482 4742 nam
508 4689 714 4743 videtur
728 4689 1048 4743 Prudentius
1065 4692 1254 4742 iterum
1276 4704 1698 4745 commemorare

154 4762 332 4815 fruetus
357 4761 764 4829 centuplicatos,
816 4774 1118 4829 quanquam
1166 4760 1394 4827 primum
1431 4759 1560 4813 illud
1590 4774 1696 4815 non

153 4831 390 4898 displicet.
430 4831 559 4884 \‘ide
586 4844 783 4884 comm.
816 4832 882 4884 ad
914 4846 1055 4884 vers.
1086 4829 1178 4884 121
1209 4831 1388 4899 hymn.
1416 4831 1473 4883 ὃ.
1498 4834 1695 4899 Agnes.

153 4900 602 4971 Interpretationes
647 4901 716 4955 de
764 4902 934 4956 fructu
989 4901 1292 4966 tricesimo,
1341 4903 1694 4971 sexagesimo,

153 4970 421 5028 centesimo
449 4972 676 5026 diversa:
700 4972 1057 5040 proferuntur,
1076 4981 1128 5026 et
1158 4979 1313 5038 prout
1351 4970 1548 5025 diversi
1577 4972 1700 5026 vita:

152 5053 296 5099 Staius
325 5043 467 5098 inter
491 5058 550 5096 se
575 5051 972 5112 comparantur,
1014 5043 1088 5097 ita
1125 5040 1218 5095 alii
1251 5040 1698 5112 alitergjudieant.

151 5113 458 5169 Theodulfus
479 5110 898 5178 Aurelianensis,
933 5113 1026 5168 lib.
1041 5129 1112 5178 vi,
1126 5127 1292 5165 carni.
1312 5112 1344 5165 7
1365 5129 1376 5163 :
1401 5110 1627 5165 Terdena
1649 5112 1703 5164 in

149 5197 307 5253 nupta,
353 5185 412 5237 in
454 5183 618 5236 viduis
649 5184 870 5237 sexdena
913 5194 1162 5238 coruscat.
1208 5181 1318 5236 Ista
1353 5183 1452 5235 duo
1483 5193 1702 5253 superat

148 5252 304 5310 tertius
347 5255 474 5309 ordo
504 5254 641 5310 boni.
694 5253 762 5307 Et
807 5256 929 5307 data
976 5254 1254 5324 virginibus
1295 5252 1491 5306 centeni
1537 5253 1702 5323 gloria

148 5326 344 5392 fructus,
422 5324 775 5395 Martyrioque
822 5341 964 5380 sacer
1018 5325 1251 5396 congruit
1309 5324 1392 5376 hic
1441 5339 1698 5377 numerus.

149 5396 316 5452 Glossa
347 5410 455 5450 non
479 5397 679 5466 placet.

207 5469 364 5524 1060.
397 5462 554 5522 Alex.
604 5468 760 5532 male,
803 5481 1186 5537 nonnunquam.
1218 5463 1374 5531 Urb.,
1413 5462 1574 5517 Orrea
1605 5480 1707 5517 non

149 5554 356 5610 unquam
379 5539 881 5610 nocturnoobnpxia
900 5539 1026 5606 furi.

207 5605 361 5666 1065.
388 5609 569 5663 Discat
595 5607 718 5663 hinc
744 5605 953 5663 Pawios
976 5607 1103 5677 quid
1124 5606 1180 5662 in
1201 5605 1505 5676 virginitate
1532 5612 1707 5660 vesta-

146 5680 257 5736 lium
292 5679 617 5736 Prudentius
648 5680 1007 5748 reprehendat
1038 5696 1052 5733 :
1083 5679 1313 5747 primum
1339 5678 1478 5747 quod
1510 5678 1707 5748 terteris

146 5751 188 5805 in
217 5753 369 5806 annis
398 5750 680 5821 capiuntur
705 5746 865 5804 etiam
912 5746 1096 5804 invitae
1117 5759 1172 5804 et
1201 5746 1543 5821 reluctantes.
1569 5746 1708 5802 Tum

145 5824 271 5893 quod
297 5817 504 5880 eccum
531 5821 746 5887 vulnus,
770 5830 824 5876 et
848 5821 1072 5878 amissas
1095 5820 1365 5890 suspirant
1388 5817 1574 5886 taedas,
1601 5833 1707 5874 non

497 5919 765 5982 Ρλτιιοι..
812 5915 942 5978 LX.

1807 4614 1874 4668 lis
1921 4604 2107 4666 Amata
2136 4604 2447 4665 dicta'fuit.
2481 4607 2700 4662 Addunt
2745 4607 2835 4660 alii
2884 4604 3159 4675 Virgilium
3211 4623 3271 4661 ea
3317 4608 3386 4663 de

1806 4697 1964 4738 causa
1989 4685 2142 4736 matri
2169 4680 2402 4736 Laviniae
2426 4694 2617 4733 nomen
2645 4680 2850 4732 Amatae
2878 4676 3086 4730 iecisse.
3129 4675 3256 4730 Mihi
3297 4694 3387 4733 ve-

1808 4757 1919 4809 rius
1941 4753 2150 4808 videtur
2174 4762 2400 4805 amatam
2430 4749 2516 4803 hic
2540 4748 2841 4819 signiﬁcare
2863 4749 3109 4802 electam.
3154 4749 3283 4813 Qua:
3312 4751 3381 4802 ita

1806 4840 1836 4878 a
1866 4839 1952 4879 me
1994 4825 2108 4879 fuse
2137 4823 2378 4892 exposita
2408 4833 2552 4884 sunt,
2596 4831 2653 4874 ut
2681 4819 2969 4892 discriiitcn
3005 4820 3143 4870 inter
3173 4828 3386 4892 nostras

1807 4895 2066 4950 moniales
2087 4905 2139 4947 et
2159 4888 2389 4962 virgines
2411 4892 2637 4946 vestales
2664 4890 2964 4962 evidentius
2989 4896 3182 4962 pateat.
3205 4888 3388 4960 Longe

1808 4969 1952 5020 enim
2002 4983 2028 5017 a
2062 4958 2548 5026 Teolio'dissentio,
2594 4961 2682 5029 qui
2730 4976 2794 5014 ex
2844 4959 2928 5013 his
2955 4958 3197 5012 versibus
3242 4958 3388 5015 recte

1810 5037 1985 5103 colligi
2016 5035 2266 5101 afﬁrmat,
2301 5034 2500 5087 nonnisi
2549 5041 2752 5103 matura
2800 5038 2948 5103 wtate
2997 5038 3104 5080 tum
3151 5035 3388 5103 temperis

1811 5099 2010 5160 nostras
2056 5099 2273 5176 virgines
2317 5104 2427 5158 Deo
2453 5102 2662 5176 sacrari
2695 5099 3052 5176 consu_e_visse_:
3078 5101 3213 5168 quod
3253 5103 3388 5155 enim

1810 5188 2063 5246 receptura
2091 5170 2226 5247 apud
2257 5193 2348 5229 nos
2377 5184 2523 5247 eset,
2563 5175 2616 5225 id
2647 5171 2955 5247 ingentibus
2985 5170 3230 5247 damnare
3256 5189 3390 5247 nun-

1809 5240 1960 5316 quam
1982 5248 2076 5303 sibi
2115 5240 2283 5300 noster
2310 5246 2625 5310 sumpsisset.
2668 5241 2734 5294 Et
2761 5257 2884 5316 sane
2911 5240 3086 5316 eodem
3114 5256 3212 5307 quo
3253 5241 3391 5296 Pru-

1811 5311 2012 5374 dentius
2049 5334 2174 5382 arvo,
2216 5335 2277 5371 ne
2304 5316 2520 5387 virgines
2561 5321 2678 5387 ante
2718 5311 3158 5387 quadragesimum
3196 5329 3391 5387 annum

1811 5381 2230 5444 consecrarentur
2259 5386 2357 5440 veli
2381 5381 2736 5451 susceptione,
2786 5381 3034 5435 sancitum
3059 5398 3091 5434 a
3116 5381 3177 5434 δ.
3224 5382 3390 5437 Leone

1808 5459 2002 5530 Magno
2032 5461 2146 5529 fuit.
2185 5459 2473 5530 Dissentio,
2500 5456 2738 5523 inquam,
2770 5453 2816 5506 si
2842 5452 3102 5530 intelligat
3132 5451 3391 5508 Christia-

1809 5523 2167 5600 nas'virgines
2195 5528 2412 5583 nonnisi
2438 5536 2644 5600 matura
2666 5533 2824 5600 aitate
2844 5523 3201 5592 virginitatem
3229 5539 3385 5600 suam

1809 5603 1921 5658 Deo
1947 5594 2158 5656 voiisse
2190 5618 2202 5652 :
2255 5614 2377 5654 nam
2415 5596 2555 5651 aliud
2577 5603 2693 5650 erat
2727 5595 2902 5650 velum
2943 5594 3384 5661 consecrationis,

1811 5674 1955 5728 velut
1990 5672 2267 5742 prtemium
2319 5667 2641 5742 virginitatis
2674 5666 2926 5742 probatae
2957 5675 3083 5742 tunc
3111 5665 3387 5742 collatum.

1811 5736 2134 5801 Prudentius
2174 5736 2494 5796 damnat'in
2544 5738 2832 5808 gentilibus
2881 5737 3023 5806 quod
3051 5736 3393 5808 puellaaante

1812 5831 2007 5873 annum
2033 5813 2322 5881 decimum,
2347 5811 2432 5868 vel
2457 5826 2522 5868 eo
2543 5806 2653 5867 non
2674 5809 2929 5879 majores,
2969 5815 3215 5875 tanquam
3252 5806 3393 5860 bello

3003 5897 3042 5956 9
