4024 6292
552 410 662 469 267

726 625 891 698 860
921 622 1098 678 Laude
1132 620 1402 693 pudicitiae
1429 617 1666 684 fervens,
1701 627 1756 672 et
1785 631 1971 671 amore
2010 616 2140 672 deo-

533 729 570 786 έ
1904 708 2066 779 [rum,

731 808 880 865 Justa
910 804 1198 862 maritandi
1226 805 1552 862 condemnet
1571 802 1781 858 vincula
1809 816 1993 857 sexus.

730 899 984 969 Captivus
1015 896 1186 968 pudor
1217 895 1444 967 ingratis
1473 893 1738 949 addicitur
1768 892 1900 957 aris,

559 991 696 1052 1070
731 990 841 1046 Nec
868 996 1176 1060 contempta
1205 990 1342 1060 perit
1371 988 1606 1056 miseris,
1647 985 1741 1042 sed
1771 985 2020 1054 adempta
2048 998 2142 1040 vo-

1859 1077 1879 1150 [
1898 1077 2076 1146 htptss

732 1171 987 1244 Corporis
1010 1164 1230 1240 intacti;
1264 1185 1372 1227 non
1399 1183 1554 1227 mens
1582 1170 1780 1225 intacta
1803 1177 2038 1233 tenetur,

732 1264 840 1320 Nec
888 1263 1102 1332 requies
1131 1262 1289 1318 datur
1333 1262 1438 1316 ulla
1488 1261 1622 1317 toris
1655 1279 1667 1312 :
1701 1259 1896 1330 quibus
1949 1257 2152 1313 innuba

1852 1351 2078 1424 [ciccum

735 1449 958 1513 Vulnus,
986 1455 1043 1503 et
1067 1447 1293 1502 amissas
1327 1444 1562 1516 suspirat
1594 1443 1789 1500 femina
1819 1442 2006 1498 taidas.

1669 403 1945 461 AUREI.“
1982 399 2351 463 PRUDENTII
2388 402 2716 462 GARMINA.

727 529 890 603 859
913 531 1046 585 Ante
1069 528 1352 584 voluntatis
1375 525 1600 598 proprim
1619 538 1778 597 quam
1799 523 1968 579 libera
1989 531 2135 580 secta
2162 527 2218 586 Α

3757 395 3874 448 268

2419 521 2554 576 Tum
2575 521 2698 590 quia
2727 532 2830 572 non
2851 523 3017 570 totum
3041 529 3165 585 spes
3189 514 3335 592 salva
3354 514 3608 570 interﬁcit
3627 515 3868 583 ignem:

2249 615 2388 672 1075
2425 614 2556 669 Nam
2588 612 2790 667 resides
2811 610 3130 679 quandoque
3154 608 3295 662 faces
3323 609 3543 664 adolere
3565 607 3796 674 licebit,

2425 705 2687 774 Festaque
2727 701 3018 770 decrepitis
3056 699 3349 755 obtendere
3375 699 3624 755 ﬂammea
3677 699 3866 754 canis.

2424 797 2691 866 Tempore
2714 793 3024 865 praescripto
3046 793 3284 848 membra
3315 792 3635 847 intemerata
3672 792 3871 860 reqni¢

3600 882 3794 955 treus.

2425 979 2663 1034 Tandem
2694 977 2989 1048 virgineam
3021 975 3221 1030 faSIidit
3244 974 3407 1030 Vesta
3441 985 3762 1030 senectam.

2430 1073 2562 1126 Dum
2587 1070 2835 1125 thalamis
2857 1068 3051 1123 habilis
3072 1068 3266 1122 tumuit
3291 1068 3463 1137 vigor,
3487 1067 3640 1121 irrita
3675 1065 3867 1122 nullus

2255 1163 2394 1220 1080
2433 1161 2766 1218 Fecundavit
2796 1174 2948 1214 amor
2975 1169 3221 1214 materno
3238 1160 3443 1215 viscera
3473 1170 3655 1228 partu.

2431 1255 2594 1310 Nubit
2617 1268 2749 1308 anus
2777 1261 3055 1318 veterana,
3088 1267 3244 1308 sacro
3273 1253 3551 1322 perfuncta
3583 1254 3810 1316 labore,

2432 1350 2595 1421 861
2629 1348 2970 1417 Desertisque
3013 1344 3182 1411 locis,
3224 1345 3417 1416 quibus
3461 1354 3544 1401 est
3593 1346 3864 1403 famulata

3472 1441 3490 1514 [
3502 1441 3792 1510 juventas,

1863 1530 2152 1590 GLOSSIE
2192 1531 2536 1588 VETERES.

633 1638 790 1696 1068.
825 1635 1066 1698 Vincula,
1098 1634 1372 1696 connubia,
1401 1633 1439 1692 l.

630 1711 791 1765 1070.
821 1697 1157 1774 Contempla,
1188 1698 1704 1774 despecta.—perit,
1735 1705 1933 1767 sponte,
1957 1697 2003 1755 Ι.

632 1780 790 1835 1072.
821 1773 1063 1844 Caecum,
1090 1773 1368 1840 occultum,
1397 1773 1435 1827 Ι.

631 1850 792 1922 1071.
828 1839 1300 1922 [εηᾳιῃίαιηρηιω
1331 1839 1530 1922 minito,
1565 1839 1609 1894 l.
1748 1910 1760 1922 .

631 1918 790 1977 1075.
828 1908 1075 1982 Ιῖιεδὶᾱόε,
1099 1908 1561 1986 pigras-Faces,
1594 1908 2148 1976 amoris.-—Adolere,

2249 1625 2540 1691 incendere,
2568 1631 2669 1680 Iso.

2325 1697 2484 1752 1076.
2555 1693 2861 1752 Obtendere
2883 1737 2900 1763 ,
2951 1696 3170 1765 operire.
3206 1721 3277 1735 -
3300 1693 3574 1749 Flammea
3600 1735 3616 1758 ,
3681 1695 3864 1749 libidi-

2254 1766 2488 1893 ηοῗδἹΡί.
2531 1837 2875 1905 Prasscripto,
2913 1836 2966 1888 in
2992 1836 3412 1907 quinquagesimo
3440 1852 3600 1905 anno,
3636 1837 3696 1890 in
3725 1850 3864 1891 anno

2259 1909 2587 1978 octogesimo.
2620 1936 2684 1948 —-
2717 1908 3035 1977 liequirens,
3075 1906 3248 1973 Vesta,
3272 1907 3308 1961 l.

1923 2019 2488 2078 COMMENTARIUS.

561 2127 856 2196 capiantur,
879 2121 1006 2196 quin
1034 2121 1116 2174 vel
1140 2119 1192 2196 in
1222 2133 1284 2174 ea
1302 2125 1466 2196 _:_eta_t_e
1493 2115 1660 2170 libera
1691 2113 1822 2196 ipsis
1849 2114 1918 2169 sit
1947 2113 2140 2196 volun-
2170 2119 2220 2180 Β
2248 2111 2525 2196 ex-vestale
2549 2111 2638 2181 qui
2659 2127 2711 2164 se
2735 2110 2938 2196 ntariatit
2960 2110 2990 2162 ὰ
3013 2119 3180 2196 ρἐῃέε
3204 2126 3298 2196 aus
3326 2108 3650 2191 n’encourait
3675 2115 3863 2166 certai-

563 2185 644 2252 tas
683 2185 971 2250 damnandi
1011 2187 1358 2246 matrimonii.
1393 2190 1506 2242 Non
1544 2201 1674 2255 ergo
1701 2194 1849 2240 recte
1878 2185 2145 2254 colligitur

562 2269 736 2324 solum
767 2275 975 2319 matura
1000 2270 1156 2317 aitate
1179 2259 1411 2328 virgines
1433 2265 1645 2312 nostras
1678 2258 1786 2328 Deo
1806 2256 2150 2328 consuevisse

563 2336 888 2402 consecrari,
923 2334 1021 2387 nisi
1051 2326 1310 2386 maturam
1339 2338 1550 2384 aetatem
1584 2327 1850 2402 intelligas
1882 2342 2002 2402 cum
2038 2326 2148 2402 jam

566 2426 659 2479 per
686 2398 897 2461 tetatem
947 2405 1178 2472 virgines
1230 2399 1825 2479 possettt_matrimonii
1870 2398 2147 2451 vinculum

565 2469 656 2533 aut
683 2479 901 2544 eligere,
928 2469 1325 2540 aut—respuere.
1364 2470 1426 2544 ξ.
1454 2470 1712 2544 Damasus
1741 2469 1808 2544 de
1839 2483 2027 2522 sorore
2053 2483 2151 2522 sua

565 2551 719 2605 lrene
749 2539 1010 2600 z'Vorerat
1061 2539 1169 2598 lucc
1215 2559 1324 2597 sese
1366 2539 1589 2605 Christo,
1619 2555 1732 2593 cum
1761 2540 1862 2592 vita
1905 2547 2151 2603 maneret,

576 2619 798 2690 Virginis
839 2626 892 2670 ul
935 2618 1170 2683 meritum
1193 2621 1400 2690 sanctus
1439 2611 1602 2690 pudor
1639 2611 1746 2680 ipse
1773 2610 2044 2690 probaret,_
2061 2607 2152 2663 Bis

567 2681 721 2744 denas
750 2690 949 2758 liyemes
982 2681 1203 2738 necde
1232 2682 1568 2758 compleverat
1605 2693 1764 2758 celas;
1797 2681 1883 2758 ubi
1913 2681 2154 2758 plerique

570 2750 874 2828 intelligunt
919 2765 1180 2828 mortuam
1236 2750 1906 2828 Irenem_anno_vicesimo
1955 2753 2150 2814 aetatis,

567 2832 657 2886 alii
687 2821 919 2886 eovanno
945 2827 1306 2895 virginitatem
1340 2825 1573 2895 vovisse.
1615 2823 1690 2878 De
1713 2821 2034 2895 _veli__autem
2061 2837 2156 2895 su-

568 2902 840 2970 sceptione
867 2899 1010 2970 varia
1035 2893 1165 2970 b_li_m
1212 2895 1310 2970 fuit
1343 2894 1644 2970 disciplina.
1689 2893 1896 2970 lluncil.
1929 2893 2156 2946 Cartha-

567 2964 677 3044 gin.‘
699 2987 744 3044 ill
772 3011 785 3032 ,
814 2985 933 3044 can.
963 2966 1017 3030 4,
1057 2967 1257 3044 Placuit
1293 2973 1348 3017 ut
1385 2975 1501 3017 ante
1528 2964 1704 3044 viginti
1743 2965 1966 3032 quinque
1993 2979 2156 3016 annos

568 3036 733 3097 letalis
754 3056 845 3094 nec
867 3039 1070 3092 diaconi
1088 3036 1410 3100 ordinentur,
1432 3051 1524 3088 nec
1539 3036 1757 3103 virgines
1777 3044 2152 3087 consecrentur.

571 3113 774 3168 Concil.
823 3110 1015 3179 Agath.
1075 3123 1194 3161 can.
1229 3106 1320 3179 i9,
1377 3105 1828 3179 Sanctimoniales,
1881 3105 2158 3179 quamlibet

569 3186 672 3237 vita
701 3177 952 3236 earum—et
983 3195 1144 3232 mores
1195 3178 1388 3246 probati
1430 3178 1568 3246 sint,
1597 3185 1716 3246 ante
1756 3191 1948 3246 annum
1990 3177 2162 3230 letalis

570 3269 678 3308 sua:
691 3242 1258 3322 quadragesimuut_non
1274 3248 1518 3322 velentur.
1539 3245 1744 3301 Concil.
1762 3242 2155 3322 Caesaraugust.

572 3317 713 3377 anno
741 3324 866 3388 380,
891 3317 1016 3374 can.
1044 3322 1098 3382 8,
1130 3318 1262 3372 Item
1291 3319 1474 3372 lectum
1517 3327 1614 3383 est,
1657 3331 1761 3388 non
1785 3317 2024 3388 velandus
2053 3332 2161 3370 esse

571 3395 790 3463 virgines
970 3407 1024 3444 se
1066 3390 1171 3442 Deo
1198 3393 1441 3453 noverint,
1491 3388 1589 3463 nisi
1618 3387 2158 3463 quadragintuanno-

572 3458 685 3517 rum
703 3458 916 3534 probata
943 3469 1109 3523 aetate,
1138 3476 1292 3528 quam
1328 3459 1566 3534 sacerdos
1605 3459 2024 3534 comprobaverit_.
2053 3458 2155 3534 Ba-

1193 3545 1316 3585 can.
1343 3533 1431 3592 18.
1455 3501 1848 3602 tetatemst'ipra
1885 3528 2157 3602 sexdecim
2185 3501 2234 3567 ο

571 3616 665 3659 aut
687 3600 1068 3674 septemdecim
1098 3616 1268 3655 annos
1301 3600 1551 3674 postulat,
1583 3609 1639 3652 ut
1669 3601 1720 3651 ιιι
1759 3614 2030 3653 sacrarum
2054 3601 2160 3653 vir-

571 3671 1090 3747 ginuut'cstalngutn
1112 3673 1260 3747 virgo
1279 3671 1570 3747 referatur.

642 3749 802 3800 1068.
851 3741 998 3810 Αιάξ,
1053 3741 1234 3806 Fabr.,
1279 3741 1435 3807 Urb.,
1488 3741 1642 3796 Alex.
1694 3755 1722 3794 a
1755 3741 1927 3810 prima
1970 3755 2156 3807 manu,

570 3819 890 3880 condemnat,
931 3816 1044 3868 Gis.
1076 3813 1143 3867 ad
1183 3829 1352 3878 urant,
1385 3819 1705 3873 contemnat;
1749 3814 1896 3874 ltat.,
1928 3823 2159 3866 conteru-

571 3897 688 3951 uel;
735 3887 948 3950 Weitz.,
1003 3887 1323 3950 condemnet,
1355 3884 1498 3952 quod
1533 3898 1596 3937 ex
1649 3881 1888 3936 Giselino
1931 3885 2160 3951 sumpsit

574 3959 846 4021 Heinsius,
893 3959 1018 4025 quin
1051 3957 1178 4010 nihil
1209 3970 1273 4008 ex
1305 3968 1416 4006 suis
1455 3953 1670 4021 scriptis
1712 3955 1995 4025 notaverit.
2019 3953 2160 4008 Con-

573 4029 780 4081 cinnius
810 4023 929 4080 aliis
952 4027 1160 4079 videtur
1181 4025 1508 4086 condemnat,
1541 4033 1598 4076 ut
1637 4023 1776 4091 apud
1809 4023 2085 4091 Virgilium
2120 4041 2156 4080 ιι

574 4094 790 4152 Eneid.
810 4138 825 4161 ,
859 4100 1006 4160 Ante,
1041 4097 1226 4161 pudor,
1266 4111 1419 4162 quam
1445 4104 1490 4147 te
1517 4094 1668 4157 violo,
1699 4102 1788 4146 aut
1817 4107 1903 4146 tua
1929 4097 2050 4164 jura
2080 4111 2162 4148 re-

574 4169 732 4221 solvo.
767 4168 840 4219 lia
873 4170 1014 4220 enim
1042 4166 1324 4234 legendum
1355 4179 1497 4227 esse,
1523 4178 1628 4217 non
1650 4163 1854 4228 violem,
1887 4163 2155 4232 resolvant,

572 4240 724 4291 multi
749 4238 858 4306 jam
889 4245 1240 4301 monuerunt;
1269 4236 1350 4306 sic
1392 4239 1551 4289 etiam
1581 4235 1852 4306 eleganter
1882 4237 2162 4298 Antequam

573 4325 632 4363 ea
653 4304 785 4361 dico.
815 4307 1097 4371 Corradus,
1127 4307 1221 4361 lib.
1256 4323 1303 4358 vt
1325 4305 1392 4360 de
1424 4307 1576 4370 Ling.
1608 4304 1750 4373 Lat.,
1782 4305 1942 4362 aliter
1970 4309 2156 4372 sentit,

573 4388 627 4435 et
655 4379 952 4450 appositam
977 4380 1197 4432 adhibet
1223 4378 1640 4430 distinctionem.

643 4451 804 4506 4070.
838 4451 982 4512 Ald.,
1015 4459 1249 4502 contenta
1271 4463 1290 4502 :
1321 4450 1436 4517 lege
1459 4456 1765 4517 contempta.

641 4521 802 4576 1071.
837 4521 947 4573 Ιιιιο
984 4535 1156 4588 neque
1185 4520 1323 4573 oculi
1365 4521 1545 4572 intacti
1572 4526 1767 4572 erant:
1813 4533 1936 4572 nam
1967 4519 2036 4573 de
2080 4519 2160 4573 t‘a-

572 4598 723 4646 sciuo
749 4593 824 4645 ait
873 4592 1071 4643 Plinius
1101 4590 1190 4643 lib.
1243 4604 1443 4654 χχι-ιιι,
1490 4603 1611 4656 cap.
1642 4591 1694 4654 4,
1730 4588 1833 4656 Qui
1872 4590 1999 4644 deus
2024 4591 2159 4644 inter

570 4677 716 4716 sacra
752 4661 980 4715 Romana
1005 4676 1037 4713 ιι
1062 4660 1330 4713 vestalibus
1358 4661 1568 4713 colitur.

642 4735 801 4787 1076.
854 4730 1179 4784 Flammeum
1209 4745 1305 4800 pro
1335 4732 1453 4784 velo
1481 4745 1586 4798 quo
1615 4745 1769 4785 novat
1806 4741 1985 4801 nuptte
2014 4732 2159 4787 vela-

571 4805 769 4859 bautur
798 4805 1001 4870 accipe,
1025 4807 1271 4872 quamvis
1290 4804 1445 4855 aliter
1474 4802 1554 4855 lso
1581 4804 1798 4857 sentiat.

2255 2192 2452 2238 uernent
2484 2179 2577 2253 pas
2622 2198 2678 2236 ce
2701 2179 2966 2253 reproche.
3009 2180 3146 2248 Quid
3173 2181 3240 2236 ab
3272 2181 3374 2236 hoc
3414 2183 3706 2251 scriptore,
3739 2200 3864 2239 cum

2254 2256 2322 2310 de
2357 2253 2690 2308 Americanis
2736 2253 2896 2306 rebus
2929 2253 3161 2322 loquitur
3186 2293 3200 2317 ,
3232 2267 3457 2320 sperare
3488 2257 3662 2321 possis
3689 2297 3702 2316 ,
3735 2270 3862 2310 cum

2258 2336 2364 2379 tam
2415 2325 2755 2394 impudenter
2782 2323 3202 2394 commentitiam
3245 2324 3524 2379 vestalium
3572 2324 3864 2380 historiam

2255 2393 2630 2465 repraesentet,
2675 2393 3054 2460 Prndentiiqne
3077 2395 3316 2449 carmina
3367 2397 3420 2449 in
3450 2396 3701 2451 eamdem
3746 2412 3865 2450 rem

2257 2467 2486 2536 alleget?
2528 2469 2616 2520 Ait
2637 2465 2871 2520 vestales
2913 2474 3033 2534 post
3054 2465 3239 2533 viginti
3272 2476 3378 2520 tres
3407 2481 3579 2520 annos
3612 2468 3864 2522 ministe-

2259 2538 2321 2592 rii
2345 2539 2598 2592 emeritas
2617 2539 2824 2591 censeri
2848 2544 2903 2590 et
2930 2538 3130 2590 nubere
3152 2536 3414 2604 potuisse,
3440 2537 3689 2601 adeoque
3718 2553 3863 2591 anno

2260 2609 2535 2663 tricesimo
2581 2610 2758 2662 aetatis
2821 2606 3038 2661 licuisse
3102 2607 3393 2662 vestalibus
3450 2606 3864 2662 matrimonium

2257 2679 2602 2734 contrahere.
2648 2678 2846 2733 Verum
2895 2677 3112 2732 uliinam
3161 2678 3211 2731 id
3259 2678 3440 2732 docuit
3489 2678 3862 2732 Prudentius?

2259 2749 2371 2803 lmo
2401 2753 2520 2819 quis
2545 2765 2659 2803 rem
2688 2751 2760 2803 ita
2791 2764 2851 2803 se
2880 2747 3079 2802 habere
3111 2748 3367 2802 tradidit?
3399 2748 3692 2818 Dionysius
3723 2750 3820 2804 lib.
3845 2764 3866 2803 ι

2259 2830 2443 2890 aperte
2485 2821 2560 2877 ait
2590 2837 2604 2877 :
2637 2819 2852 2890 Tempus
2875 2820 3153 2873 tricennale
3175 2835 3382 2873 manere
3419 2837 3505 2873 ens
3534 2830 3740 2887 oportet
3770 2837 3865 2872 ca-

2261 2901 2384 2955 stas,
2409 2901 2456 2943 et
2476 2909 2507 2945 a
2537 2892 2727 2961 nuptiis
2755 2906 2958 2952 vacuas,
2983 2906 3133 2944 sacra
3161 2907 3224 2945 ex
3263 2907 3402 2945 more
3437 2891 3709 2960 facientes.
3749 2896 3866 2955 Quo

2262 2971 2486 3030 tempore
2506 2963 2679 3015 decem
2698 2977 2858 3014 annos
2885 2962 3082 3033 discere
3103 2963 3301 3033 debent,
3332 2963 3506 3017 decem
3543 2965 3711 3016 sacris
3737 2979 3864 3033 ape-

2260 3033 2391 3096 rari,
2434 3033 2606 3086 decem
2645 3033 2845 3085 docere.
2882 3031 3038 3087 Vides
3080 3031 3296 3102 triginta
3325 3048 3494 3088 annos
3541 3031 3866 3088 sacerdmio

2263 3104 2541 3158 vestalium
2573 3103 2886 3166 destinatos,
2917 3114 3036 3171 post
3064 3118 3199 3172 quos
3221 3103 3434 3171 nuptias
3456 3104 3740 3159 celebrare
3768 3119 3864 3173 pu-

2261 3182 2461 3239 terant,
2505 3173 2713 3229 scilicet
2756 3187 2898 3228 anno
2926 3174 3097 3227 aetatis
3127 3175 3403 3242 trigesimo
3447 3177 3718 3244 septimo,
3771 3183 3867 3230 aut

2265 3254 2383 3313 post
2411 3259 2532 3298 eum
2572 3260 2793 3310 annum,
2844 3259 2949 3299 non
2991 3252 3134 3298 ante.
3169 3244 3352 3315 Neque
3401 3246 3528 3300 item
3558 3260 3750 3300 verum
3780 3253 3869 3301 est

2267 3316 2611 3369 Prudentiutn
2640 3315 2932 3383 allirtnare,
2966 3317 3184 3383 penitus
3229 3315 3431 3370 amoris
3472 3317 3650 3386 ignem
3685 3317 3743 3371 in
3776 3332 3866 3372 ve-

2269 3387 2515 3450 Staltbus,
2540 3401 2645 3456 quo
2672 3400 2814 3440 anno
2844 3389 3048 3441 nubere
3073 3387 3200 3455 ipsis
3232 3388 3553 3456 permissum
3581 3402 3728 3451 erat,
3751 3387 3865 3456 jam

2267 3457 2429 3510 fuisse
2454 3458 2775 3512 esstinctutn
2811 3475 2823 3510 :
2853 3458 2996 3512 addit
3024 3459 3190 3522 enim,
3227 3459 3384 3511 Discit
3403 3468 3452 3512 et
3473 3459 3525 3510 in
3551 3460 3731 3526 gelido
3773 3476 3866 3511 no-

2263 3543 2324 3582 va
2352 3537 2510 3598 nupta
2548 3537 2797 3597 tepescere
2847 3529 2995 3583 lecto.
3023 3528 3290 3582 Cancrum
3344 3531 3390 3584 si
3437 3529 3676 3584 vestales
3721 3544 3866 3584 anno

2263 3601 2478 3652 circiter
2523 3599 2933 3668 quadragesimo
2977 3601 3150 3655 aetatis
3211 3600 3552 3654 matrimonio
3606 3609 3866 3669 poterant

2263 3669 2521 3738 copulari,
2551 3669 2741 3723 merito
2774 3671 2938 3738 qumri
2968 3671 3184 3740 poterit,
3215 3686 3312 3725 cur
3337 3688 3468 3724 anus
3502 3682 3747 3725 veterana
3774 3687 3864 3726 ve-

2262 3742 2414 3795 stalis
2452 3749 2578 3794 tunc
2609 3753 2770 3808 nupta
2796 3741 3023 3795 dicatur.
3051 3742 3185 3796 Puto
3216 3741 3266 3795 id
3298 3743 3366 3796 ita
3395 3759 3426 3796 a
3459 3743 3758 3797 Prudentio
3787 3743 3866 3796 div

2261 3821 2425 3876 ctum,
2460 3820 2514 3866 ut
2540 3812 2804 3880 signiticet
2835 3813 3063 3867 vestales
3097 3814 3149 3866 in
3183 3813 3492 3881 juventute,
3524 3823 3618 3868 aut
3658 3815 3716 3868 in
3753 3829 3866 3868 me-

2263 3882 2396 3936 liore
2434 3881 2729 3951 iuventutis
2781 3893 2963 3948 parte,
2993 3898 3114 3938 cum
3145 3884 3393 3939 thalamis
3436 3887 3604 3954 magis
3654 3883 3864 3939 habiles

2262 3963 2434 4015 erant,
2481 3969 2508 4004 a
2557 3954 2897 4008 matrimonio
2941 3955 3100 4009 luisse
3139 3955 3422 4022 repulsas,
3453 3956 3592 4023 quod
3645 3958 3866 4010 tandem

2263 4024 2392 4091 ipsis
2419 4025 2812 4095 concedebatur
2853 4026 2904 4079 in
2934 4035 3230 4090 senectute,
3272 4035 3365 4078 aut
3397 4029 3447 4079 in
3478 4034 3642 4081 aetate
3676 4027 3864 4095 proxi-

2265 4109 2347 4146 ma
2369 4097 2650 4150 senectuti.
2681 4094 2848 4149 Nemo
2879 4097 3022 4150 enim
3048 4099 3322 4166 negaverit
3344 4096 3598 4151 feminum
3627 4094 3864 4151 initetate

2263 4181 2524 4237 annorum
2554 4167 2773 4220 circiter
2802 4167 2870 4222 40
2914 4169 3092 4222 minus
3133 4168 3243 4237 jam
3285 4182 3404 4222 esse
3442 4177 3620 4237 aptam
3661 4168 3734 4222 ad
3766 4184 3868 4221 nn-

2261 4236 2400 4305 ptias
2428 4237 2841 4291 contrahendas.
2870 4238 3030 4294 Certe
3059 4236 3261 4294 Statius
3293 4239 3382 4293 lib.
3415 4255 3448 4292 u
3477 4236 3744 4294 vestalem
3782 4254 3866 4292 sa-

2261 4310 2532 4362 cerdotem
2563 4309 2861 4381 longaevam
2880 4320 3038 4364 vocat
3067 4328 3081 4364 :
3113 4309 3518 4381 Pervigilemque
3538 4311 3669 4380 focis
3699 4313 3867 4380 ignem

2262 4381 2490 4446 longaeva
2524 4381 2763 4433 sacerdos
2811 4379 3039 4438 Nutriet.
3085 4383 3185 4435 Alii
3230 4379 3454 4451 putant,
3505 4379 3862 4435 Prudentium

2263 4451 2563 4518 respexisse
2608 4451 2672 4502 ad
2705 4456 2934 4506 vestales
2982 4455 3252 4518 Albanas,
3301 4469 3421 4521 quae
3469 4455 3864 4520 quinquaginta

2261 4535 2432 4575 annos
2480 4521 2925 4594 serviebant,iut
2961 4523 3121 4577 docet
3155 4523 3439 4594 Dionysius
3489 4523 3582 4576 lib.
3633 4539 3675 4587 t,
3727 4521 3864 4591 apud

2261 4605 2422 4659 quem
2466 4593 2705 4646 nonnulli
2740 4593 2876 4646 male
2917 4593 3161 4663 legerant
3201 4593 3502 4654 πενταετεῐς
3533 4607 3631 4661 pro
3683 4613 3866 4651 πεντη-

2261 4671 2561 4727 κονταιτεῖς,
2591 4677 2784 4730 nempe
2813 4665 3178 4733 quinquennio
3223 4679 3319 4732 pro
3349 4666 3743 4734 quinquaginta
3775 4679 3865 4716 an-

2263 4745 2468 4804 nos,7ut
2487 4735 2794 4789 observavit
2822 4735 3035 4803 Lipsius
3066 4735 3346 4804 Syntagm.
3375 4736 3443 4790 de
3474 4737 3629 4790 Vesta
3676 4745 3736 4789 et
3771 4735 3866 4787 Ve-

2263 4803 2442 4856 stalib.
2469 4804 2731 4859 Cancrum
2762 4806 2814 4860 in
2843 4806 3020 4860 verbis
3049 4803 3325 4859 Pt-ndentii
3359 4806 3498 4859 nulla
3523 4807 3706 4871 major
3731 4806 3868 4858 int-st

646 4877 822 4945 1079.
853 4875 1002 4945 Ald.,
1062 4873 1334 4926 Heinsiani
1376 4873 1582 4945 scripti,
1637 4872 1836 4928 Widm.
1885 4874 1950 4928 ad
1975 4887 2153 4945 oram,
2187 4879 2239 4940 ι)
2263 4873 2556 4928 ditticnltas
2576 4892 2732 4945 quam
2765 4880 2816 4930 in
2863 4878 3041 4932 verbis
3073 4877 3344 4932 Ambrosii
3369 4890 3490 4942 cap.
3522 4877 3578 4939 4,
3625 4877 3724 4929 lib.
3759 4892 3772 4930 ι
3801 4881 3866 4929 de

573 4945 754 5011 Alex.,
785 4943 939 5008 Urb.,
968 4943 1110 5008 Rat.,
1127 4953 1180 4997 et
1199 4945 1311 5008 alii,
1330 4947 1450 4997 dum
1474 4942 1734 4997 thalamis.
1757 4945 1946 5013 Bung.,
1971 4943 2155 5012 Fabr.,

581 5014 718 5079 Gis.,
765 5028 891 5068 tum.
945 5014 1214 5080 Weitzius,
1247 5030 1384 5067 cum.
1425 5015 1592 5068 Aldus
1613 5016 1773 5083 male,
1805 5016 1971 5068 timuit
1996 5019 2158 5086 vigor.

650 5089 808 5139 1031.
858 5087 1119 5139 Nonnulla
1151 5087 1436 5139 dilticultas
1484 5087 1607 5138 hinc
1642 5094 1830 5149 oritur,
1882 5101 1979 5140 cur
2025 5093 2161 5141 Pru-

573 5155 787 5211 dentius
843 5172 1003 5210 anum
1047 5166 1350 5210 veteranam
1404 5167 1558 5210 vocet
1589 5156 1868 5220 ves-talem,
1901 5173 2022 5225 qua:
2061 5173 2160 5212 suo

576 5228 848 5291 perfuncta
883 5227 1064 5281 labore
1114 5233 1338 5281 nuberet
1365 5244 1378 5280 :
1409 5243 1569 5296 quam
1600 5227 1969 5280 difﬁcultatem
2012 5244 2162 5284 men-

571 5297 739 5371 daciis
770 5312 1051 5365 exaggerat
1082 5298 1290 5371 Pawius
1319 5300 1371 5352 in
1400 5307 1525 5352 nota
1557 5301 1659 5352 loc.
1689 5299 1778 5351 cit.
1811 5296 1970 5368 Aprés
1997 5301 2161 5371 vingt—

571 5369 697 5419 trois
746 5383 838 5440 ans
881 5371 942 5420 de
987 5370 1194 5432 service,
1241 5369 1339 5422 elle
1367 5371 1488 5422 etail
1514 5372 1718 5440 reputée
1742 5371 1966 5434 emet-ile,
1997 5379 2045 5424 et
2066 5369 2155 5423 ac-

571 5441 770 5502 quer-ait
811 5439 862 5491 la
892 5440 1067 5491 liberte
1120 5443 1184 5493 de
1206 5456 1258 5493 se
1302 5443 1511 5508 morier,
1559 5439 1752 5493 contine
1795 5456 1862 5493 on
1904 5451 2022 5507 peut
2048 5443 2154 5496 s’en

571 5510 868 5582 contraincre
893 5525 956 5562 en
990 5511 1144 5582 tisant
1171 5513 1297 5565 dans
1343 5512 1415 5565 les
1451 5515 1645 5582 poéstes
1688 5509 1750 5563 de
1793 5508 2060 5565 l’rudence
2101 5511 2156 5567 la

571 5581 726 5633 salire
749 5583 896 5649 qu‘on
929 5581 1158 5654 vienlgdc
1183 5583 1303 5634 ciler
1327 5597 1344 5654 .j
1371 5585 1409 5634 il
1438 5581 1510 5636 est
1533 5598 1674 5636 asses
1723 5592 2028 5651 surprenant
2058 5599 2156 5654 que

571 5658 646 5702 eet
668 5654 888 5703 ecrivain
913 5652 1022 5704 dise
1050 5652 1182 5704 dans
1207 5668 1300 5705 son
1328 5652 1516 5718 libelle,
1534 5669 1628 5719 que
1651 5654 1723 5706 les
1743 5655 2043 5708 ex-vestales
2067 5652 2156 5724 qui

569 5725 816 5776 entraient
859 5727 989 5776 dans
1017 5724 1062 5776 le
1086 5725 1142 5775 lit
1189 5725 1433 5793 conjugat
1464 5725 1547 5794 n’y
1570 5726 1893 5793 apportaient
1917 5725 2035 5794 plus
2059 5741 2157 5778 une

571 5795 709 5846 seule
771 5795 1003 5848 etincelle
1058 5796 1127 5846 du
1176 5795 1262 5862 [eu
1317 5800 1376 5845 de
1399 5797 1633 5859 l’amour,
1695 5811 1791 5863 que
1851 5795 1923 5848 les
1990 5797 2157 5851 desirs

573 5873 619 5915 ct
652 5865 707 5918 la
734 5867 976 5921 vieillesse
1005 5867 1204 5920 avaient
1232 5866 1384 5918 eteint
1415 5866 1541 5919 dans
1571 5866 1681 5919 leur
1710 5881 1845 5918 clear
1888 5868 1995 5919 use.
2045 5866 2086 5920 1]
2094 5884 2156 5922 ne

2271 4945 2528 5019 Yirginib.
2566 4964 2578 4998 :
2610 4946 2736 5011 Quis
2759 4946 2882 5001 mihi
2904 4949 3171 5015 prietendit
3203 4947 3364 5002 Vestae
3388 4949 3626 5019 virgines,
3655 4958 3708 5000 et
3745 4945 3865 4999 Pal-

2264 5016 2394 5070 ladis
2422 5021 2751 5072 sacerdotes?
2783 5019 2962 5085 Qualis
2984 5021 3082 5071 ista
3111 5031 3183 5073 est
3211 5035 3315 5071 non
3345 5016 3542 5071 morum
3571 5019 3829 5087 pudicitia
3847 5059 3862 5082 ,

2261 5089 2350 5140 sed
2373 5104 2646 5159 annorum,
2673 5105 2786 5157 qua:
2815 5107 2914 5142 non
2936 5092 3294 5159 perpetuitate,
3317 5091 3404 5144 sed
3435 5099 3584 5143 (etate
3628 5091 3866 5153 prmeri-

2263 5159 2398 5212 bitur
2410 5161 2446 5234 ἐξ
2460 5158 2785 5214 Petulantior
2811 5173 2886 5234 est
2910 5158 3051 5234 talis
3073 5162 3356 5234 integritas,
3371 5164 3538 5234 cujus
3569 5163 3867 5227 corruptela

2261 5231 2447 5283 seniori
2492 5241 2721 5283 senatur
2747 5233 2908 5285 tetuli.
2937 5230 2964 5284 l
2974 5231 3052 5299 psi
3101 5230 3301 5295 docent,
3334 5230 3554 5298 virgines
3593 5248 3722 5284 suas
3771 5246 3868 5282 non

2264 5301 2444 5354 debere
2470 5316 2799 5373 perseverare,
2824 5318 2916 5355 nec
2951 5319 3119 5373 posse,
3149 5305 3236 5371 qui
3269 5303 3550 5373 virginitati
3579 5303 3744 5371 linem
3785 5304 3869 5352 de-

2266 5373 2467 5424 derunt.
2506 5371 2685 5443 Qualis
2714 5383 2882 5426 autem
2923 5371 2993 5426 est
3021 5375 3111 5426 illa
3154 5371 3360 5443 religio,
3393 5373 3476 5426 ubi
3508 5375 3714 5442 pudica:
3747 5373 3869 5424 ado-

2266 5444 2503 5514 lescentes
2521 5442 2766 5512 jubentur
2787 5461 2892 5497 esse
2913 5445 3188 5514 impudice
3206 5442 3376 5499 anus?

2333 5513 2493 5567 1082.
2539 5516 2711 5579 Alex.,
2763 5516 2936 5583 Egm.,
2987 5513 3178 5580 Febr."
3235 5531 3374 5570 unus
3424 5515 3596 5576 Rott.,
3651 5514 3869 5578 Heins.,

2263 5583 2376 5638 Gis.
2404 5586 2455 5636 in
2481 5592 2646 5656 textu,
2669 5591 2929 5656 juventus.
2959 5585 3175 5650 Weitz.,
3200 5587 3412 5641 Thuan.
3443 5596 3498 5641 et
3527 5587 3670 5641 alter
3695 5586 3868 5650 Rott.,

2253 5656 2490 5728 juventa.
2532 5655 2780 5710 Heinsius
2810 5673 2906 5725 pro
2931 5660 3171 5726 juventus
3199 5661 3333 5712 citat
3363 5659 3598 5728 priorem
3642 5657 3871 5712 Rottenu

2263 5726 2584 5795 dorphium,
2629 5738 2684 5780 et
2727 5729 2920 5781 iterum
2969 5745 3064 5796 pro
3100 5734 3311 5798 juventa
3355 5726 3591 5798 priorem
3641 5729 3871 5783 ﬂuiten-

2263 5798 2546 5866 dorphium
2575 5815 2588 5849 :
2621 5798 2860 5870 lortasse
2890 5802 3058 5852 \‘Ulitll
3099 5802 3282 5855 dicere
3305 5803 3523 5854 alterum
3555 5811 3654 5854 aut
3689 5811 3872 5870 posta

2264 5870 2485 5934 riorem,
2544 5868 2635 5924 sed
2667 5885 2777 5924 rem
2827 5871 2958 5924 satis
2984 5871 3312 5942 distinguere
3359 5888 3467 5929 non
3492 5868 3870 5929 valeoﬁldem
