  <div class='ocr_page' id='page_1' title='image "/cluster/home/n/w/nwhite01/storage/ocr_20150623/60/hvd.32044015469299/147.png"; bbox 0 0 4038 6288; ppageno 0'>
   <div class='ocr_carea' id='block_1_1' title="bbox 559 398 661 458">
    <p class='ocr_par' dir='ltr' id='par_1_1' title="bbox 559 398 661 458">
     <span class='ocr_line' id='line_1_1' title="bbox 559 398 661 458; baseline -0.02 -2"><span class='ocrx_word' id='word_1_1' title='bbox 559 398 661 458; x_wconf 73' lang='grc'>2⁸11</span> 
     </span>
    </p>
   </div>
   <div class='ocr_carea' id='block_1_2' title="bbox 734 594 2141 677">
    <p class='ocr_par' dir='ltr' id='par_1_2' title="bbox 734 594 2141 677">
     <span class='ocr_line' id='line_1_2' title="bbox 734 594 2141 677; baseline -0.014 -11"><span class='ocrx_word' id='word_1_2' title='bbox 734 604 901 677; x_wconf 64' lang='grc'><strong>864</strong></span> <span class='ocrx_word' id='word_1_3' title='bbox 952 605 1239 677; x_wconf 77' lang='lat' dir='ltr'><strong>Sanguinis</strong></span> <span class='ocrx_word' id='word_1_4' title='bbox 1290 604 1331 661; x_wconf 90' lang='lat' dir='ltr'><strong>it</strong></span> <span class='ocrx_word' id='word_1_5' title='bbox 1376 604 1584 675; x_wconf 87' lang='lat' dir='ltr'><strong>pietas,</strong></span> <span class='ocrx_word' id='word_1_6' title='bbox 1629 598 1909 656; x_wconf 76' lang='lat' dir='ltr'><strong>hominum</strong></span> <span class='ocrx_word' id='word_1_7' title='bbox 1963 594 2141 650; x_wconf 79' lang='lat' dir='ltr'><strong>visura</strong></span> 
     </span>
    </p>
   </div>
   <div class='ocr_carea' id='block_1_3' title="bbox 1796 690 2072 765">
    <p class='ocr_par' dir='ltr' id='par_1_3' title="bbox 1796 690 2072 765">
     <span class='ocr_line' id='line_1_3' title="bbox 1796 690 2072 765; baseline -0.018 -18"><span class='ocrx_word' id='word_1_8' title='bbox 1796 690 2072 765; x_wconf 90' lang='lat' dir='ltr'><strong>[cruentos</strong></span> 
     </span>
    </p>
   </div>
   <div class='ocr_carea' id='block_1_4' title="bbox 736 776 2142 859">
    <p class='ocr_par' dir='ltr' id='par_1_4' title="bbox 736 776 2142 859">
     <span class='ocr_line' id='line_1_4' title="bbox 736 776 2142 859; baseline -0.009 -14"><span class='ocrx_word' id='word_1_9' title='bbox 736 776 1088 859; x_wconf 81' lang='lat' dir='ltr'><strong>Congressus,</strong></span> <span class='ocrx_word' id='word_1_10' title='bbox 1106 796 1431 859; x_wconf 75' lang='lat' dir='ltr'><strong>mortesque,</strong></span> <span class='ocrx_word' id='word_1_11' title='bbox 1450 796 1506 844; x_wconf 91' lang='lat' dir='ltr'><strong>et</strong></span> <span class='ocrx_word' id='word_1_12' title='bbox 1519 786 1741 843; x_wconf 82' lang='lat' dir='ltr'><strong>vulnera</strong></span> <span class='ocrx_word' id='word_1_13' title='bbox 1756 781 1970 838; x_wconf 86' lang='lat' dir='ltr'><strong>vendita</strong></span> <span class='ocrx_word' id='word_1_14' title='bbox 1988 787 2142 849; x_wconf 90' lang='lat' dir='ltr'><strong>pastu</strong></span> 
     </span>
    </p>
   </div>
   <div class='ocr_carea' id='block_1_5' title="bbox 734 870 2065 951">
    <p class='ocr_par' dir='ltr' id='par_1_5' title="bbox 734 870 2065 951">
     <span class='ocr_line' id='line_1_5' title="bbox 734 870 2065 951; baseline -0.009 -14"><span class='ocrx_word' id='word_1_15' title='bbox 734 881 1043 951; x_wconf 86' lang='lat' dir='ltr'><strong>Spectatura</strong></span> <span class='ocrx_word' id='word_1_16' title='bbox 1073 880 1242 935; x_wconf 89' lang='lat' dir='ltr'><strong>sacris</strong></span> <span class='ocrx_word' id='word_1_17' title='bbox 1270 879 1439 936; x_wconf 90' lang='lat' dir='ltr'><strong>oculis</strong></span> <span class='ocrx_word' id='word_1_18' title='bbox 1468 895 1483 934; x_wconf 87' lang='lat'><strong>:</strong></span> <span class='ocrx_word' id='word_1_19' title='bbox 1514 877 1668 934; x_wconf 90' lang='lat' dir='ltr'><strong>sedet</strong></span> <span class='ocrx_word' id='word_1_20' title='bbox 1696 875 1786 930; x_wconf 91' lang='lat' dir='ltr'><strong>illa</strong></span> <span class='ocrx_word' id='word_1_21' title='bbox 1815 870 2065 930; x_wconf 84' lang='lat' dir='ltr'><strong>verendis</strong></span> 
     </span>
    </p>
   </div>
   <div class='ocr_carea' id='block_1_6' title="bbox 740 963 2140 1042">
    <p class='ocr_par' dir='ltr' id='par_1_6' title="bbox 740 963 2140 1042">
     <span class='ocr_line' id='line_1_6' title="bbox 740 963 2140 1042; baseline -0.004 -17"><span class='ocrx_word' id='word_1_22' title='bbox 740 971 997 1028; x_wconf 78' lang='lat' dir='ltr'><strong>Vittarum</strong></span> <span class='ocrx_word' id='word_1_23' title='bbox 1028 970 1251 1042; x_wconf 86' lang='lat' dir='ltr'><strong>insignis</strong></span> <span class='ocrx_word' id='word_1_24' title='bbox 1281 970 1546 1041; x_wconf 83' lang='lat' dir='ltr'><strong>phaleris,</strong></span> <span class='ocrx_word' id='word_1_25' title='bbox 1577 968 1879 1038; x_wconf 75' lang='lat' dir='ltr'><strong>fruiturque</strong></span> <span class='ocrx_word' id='word_1_26' title='bbox 1909 963 2140 1019; x_wconf 90' lang='lat' dir='ltr'><strong>lanistis.</strong></span> 
     </span>
    </p>
   </div>
   <div class='ocr_carea' id='block_1_7' title="bbox 562 1051 2144 1131">
    <p class='ocr_par' dir='ltr' id='par_1_7' title="bbox 562 1051 2144 1131">
     <span class='ocr_line' id='line_1_7' title="bbox 562 1051 2144 1131; baseline -0.007 -13"><span class='ocrx_word' id='word_1_27' title='bbox 562 1060 700 1120; x_wconf 87' lang='lat'><strong>1095</strong></span> <span class='ocrx_word' id='word_1_28' title='bbox 738 1061 782 1117; x_wconf 88' lang='grc'><strong>0</strong></span> <span class='ocrx_word' id='word_1_29' title='bbox 827 1071 1094 1130; x_wconf 90' lang='lat' dir='ltr'><strong>tenerum,</strong></span> <span class='ocrx_word' id='word_1_30' title='bbox 1126 1062 1418 1131; x_wconf 82' lang='lat' dir='ltr'><strong>mitemque</strong></span> <span class='ocrx_word' id='word_1_31' title='bbox 1453 1058 1727 1115; x_wconf 82' lang='lat' dir='ltr'><strong>animum!</strong></span> <span class='ocrx_word' id='word_1_32' title='bbox 1776 1055 2050 1125; x_wconf 73' lang='lat' dir='ltr'><strong>consurgit</strong></span> <span class='ocrx_word' id='word_1_33' title='bbox 2075 1051 2144 1108; x_wconf 88' lang='lat' dir='ltr'><strong>ad</strong></span> 
     </span>
    </p>
   </div>
   <div class='ocr_carea' id='block_1_8' title="bbox 1886 1144 2070 1218">
    <p class='ocr_par' dir='ltr' id='par_1_8' title="bbox 1886 1144 2070 1218">
     <span class='ocr_line' id='line_1_8' title="bbox 1886 1144 2070 1218; baseline -0.005 -18"><span class='ocrx_word' id='word_1_34' title='bbox 1886 1144 2070 1218; x_wconf 70' lang='lat' dir='ltr'><strong>ﬁctus,</strong></span> 
     </span>
    </p>
   </div>
   <div class='ocr_carea' id='block_1_9' title="bbox 736 1235 2075 1315">
    <p class='ocr_par' dir='ltr' id='par_1_9' title="bbox 736 1235 2075 1315">
     <span class='ocr_line' id='line_1_9' title="bbox 736 1235 2075 1315; baseline -0.009 -14"><span class='ocrx_word' id='word_1_35' title='bbox 736 1243 825 1312; x_wconf 86' lang='lat' dir='ltr'><strong>Et,</strong></span> <span class='ocrx_word' id='word_1_36' title='bbox 853 1242 1064 1315; x_wconf 90' lang='lat' dir='ltr'><strong>quoties</strong></span> <span class='ocrx_word' id='word_1_37' title='bbox 1090 1244 1261 1300; x_wconf 89' lang='lat' dir='ltr'><strong>victor</strong></span> <span class='ocrx_word' id='word_1_38' title='bbox 1289 1242 1490 1299; x_wconf 88' lang='lat' dir='ltr'><strong>ferrum</strong></span> <span class='ocrx_word' id='word_1_39' title='bbox 1516 1240 1700 1313; x_wconf 86' lang='lat' dir='ltr'><strong>jugulo</strong></span> <span class='ocrx_word' id='word_1_40' title='bbox 1733 1238 1951 1302; x_wconf 89' lang='lat' dir='ltr'><strong>inserit,</strong></span> <span class='ocrx_word' id='word_1_41' title='bbox 1985 1235 2075 1291; x_wconf 89' lang='lat' dir='ltr'><strong>illa</strong></span> 
     </span>
    </p>
   </div>
   <div class='ocr_carea' id='block_1_10' title="bbox 1655 380 3813 453">
    <p class='ocr_par' dir='ltr' id='par_1_10' title="bbox 1655 380 3813 453">
     <span class='ocr_line' id='line_1_10' title="bbox 1655 380 3813 453; baseline -0.013 -2"><span class='ocrx_word' id='word_1_42' title='bbox 1655 389 1929 453; x_wconf 82' lang='lat' dir='ltr'><strong>AURELII</strong></span> <span class='ocrx_word' id='word_1_43' title='bbox 1965 386 2098 446; x_wconf 70' lang='grc' dir='ltr'><strong>ΡΜ]</strong></span> <span class='ocrx_word' id='word_1_44' title='bbox 2108 383 2333 442; x_wconf 85' lang='lat' dir='ltr'><strong>DENTII</strong></span> <span class='ocrx_word' id='word_1_45' title='bbox 2370 380 2690 440; x_wconf 78' lang='lat' dir='ltr'><strong>CABMINA.</strong></span> <span class='ocrx_word' id='word_1_46' title='bbox 3723 380 3813 436; x_wconf 65' lang='lat' dir='ltr'><strong>an</strong></span> 
     </span>
    </p>
   </div>
   <div class='ocr_carea' id='block_1_11' title="bbox 564 505 2218 580">
    <p class='ocr_par' dir='ltr' id='par_1_11' title="bbox 564 505 2218 580">
     <span class='ocr_line' id='line_1_11' title="bbox 564 505 2218 580; baseline -0.006 -14"><span class='ocrx_word' id='word_1_47' title='bbox 564 512 702 570; x_wconf 89' lang='lat'><strong>1090</strong></span> <span class='ocrx_word' id='word_1_48' title='bbox 738 510 867 568; x_wconf 91' lang='lat' dir='ltr'><strong>lnde</strong></span> <span class='ocrx_word' id='word_1_49' title='bbox 879 511 947 568; x_wconf 87' lang='lat' dir='ltr'><strong>ad</strong></span> <span class='ocrx_word' id='word_1_50' title='bbox 961 525 1272 569; x_wconf 86' lang='lat' dir='ltr'><strong>consessum</strong></span> <span class='ocrx_word' id='word_1_51' title='bbox 1286 524 1463 568; x_wconf 70' lang='lat' dir='ltr'><strong>cavete</strong></span> <span class='ocrx_word' id='word_1_52' title='bbox 1480 508 1649 580; x_wconf 91' lang='lat' dir='ltr'><strong>pudor</strong></span> <span class='ocrx_word' id='word_1_53' title='bbox 1669 508 1862 572; x_wconf 82' lang='lat' dir='ltr'><strong>almus,</strong></span> <span class='ocrx_word' id='word_1_54' title='bbox 1875 511 1930 561; x_wconf 93' lang='lat' dir='ltr'><strong>et</strong></span> <span class='ocrx_word' id='word_1_55' title='bbox 1943 516 2138 573; x_wconf 78' lang='lat' dir='ltr'><strong>expers</strong></span> <span class='ocrx_word' id='word_1_56' title='bbox 2165 505 2218 565; x_wconf 75' lang='grc' dir='ltr'><strong>Α</strong></span> 
     </span>
    </p>
   </div>
   <div class='ocr_carea' id='block_1_12' title="bbox 2422 493 3653 566">
    <p class='ocr_par' dir='ltr' id='par_1_12' title="bbox 2422 493 3653 566">
     <span class='ocr_line' id='line_1_12' title="bbox 2422 493 3653 566; baseline -0.002 -14"><span class='ocrx_word' id='word_1_57' title='bbox 2422 495 2650 552; x_wconf 74' lang='lat' dir='ltr'><strong>Delicias</strong></span> <span class='ocrx_word' id='word_1_58' title='bbox 2679 494 2754 551; x_wconf 92' lang='lat' dir='ltr'><strong>ait</strong></span> <span class='ocrx_word' id='word_1_59' title='bbox 2781 509 2901 551; x_wconf 89' lang='lat' dir='ltr'><strong>esse</strong></span> <span class='ocrx_word' id='word_1_60' title='bbox 2927 509 3075 562; x_wconf 87' lang='lat' dir='ltr'><strong>suas,</strong></span> <span class='ocrx_word' id='word_1_61' title='bbox 3107 502 3403 566; x_wconf 87' lang='lat' dir='ltr'><strong>pectusque</strong></span> <span class='ocrx_word' id='word_1_62' title='bbox 3421 493 3653 564; x_wconf 81' lang='lat' dir='ltr'><strong>jacentis</strong></span> 
     </span>
    </p>
   </div>
   <div class='ocr_carea' id='block_1_13' title="bbox 2426 587 3777 659">
    <p class='ocr_par' dir='ltr' id='par_1_13' title="bbox 2426 587 3777 659">
     <span class='ocr_line' id='line_1_13' title="bbox 2426 587 3777 659; baseline -0.003 -15"><span class='ocrx_word' id='word_1_63' title='bbox 2426 590 2582 659; x_wconf 81' lang='lat' dir='ltr'><strong>Virgo</strong></span> <span class='ocrx_word' id='word_1_64' title='bbox 2611 588 2851 645; x_wconf 83' lang='lat' dir='ltr'><strong>modesta</strong></span> <span class='ocrx_word' id='word_1_65' title='bbox 2875 588 3029 658; x_wconf 85' lang='lat' dir='ltr'><strong>jubet</strong></span> <span class='ocrx_word' id='word_1_66' title='bbox 3055 602 3320 644; x_wconf 91' lang='lat' dir='ltr'><strong>converso</strong></span> <span class='ocrx_word' id='word_1_67' title='bbox 3349 587 3544 658; x_wconf 88' lang='lat' dir='ltr'><strong>pollice</strong></span> <span class='ocrx_word' id='word_1_68' title='bbox 3572 588 3777 658; x_wconf 88' lang='lat' dir='ltr'><strong>rumpi:</strong></span> 
     </span>
    </p>
   </div>
   <div class='ocr_carea' id='block_1_14' title="bbox 2419 678 3806 753">
    <p class='ocr_par' dir='ltr' id='par_1_14' title="bbox 2419 678 3806 753">
     <span class='ocr_line' id='line_1_14' title="bbox 2419 678 3806 753; baseline 0.001 -19"><span class='ocrx_word' id='word_1_69' title='bbox 2419 681 2584 753; x_wconf 71' lang='lat'><strong>865</strong></span> <span class='ocrx_word' id='word_1_70' title='bbox 2616 683 2692 736; x_wconf 77' lang='lat' dir='ltr'><strong>Ne</strong></span> <span class='ocrx_word' id='word_1_71' title='bbox 2716 680 2881 736; x_wconf 83' lang='lat' dir='ltr'><strong>lateat</strong></span> <span class='ocrx_word' id='word_1_72' title='bbox 2906 695 3027 749; x_wconf 89' lang='lat' dir='ltr'><strong>pars</strong></span> <span class='ocrx_word' id='word_1_73' title='bbox 3053 678 3161 733; x_wconf 87' lang='lat' dir='ltr'><strong>ulla</strong></span> <span class='ocrx_word' id='word_1_74' title='bbox 3187 680 3380 734; x_wconf 70' lang='lat' dir='ltr'><strong>anima:</strong></span> <span class='ocrx_word' id='word_1_75' title='bbox 3401 678 3650 733; x_wconf 84' lang='lat' dir='ltr'><strong>vitalibus</strong></span> <span class='ocrx_word' id='word_1_76' title='bbox 3683 678 3806 750; x_wconf 86' lang='lat' dir='ltr'><strong>imis,</strong></span> 
     </span>
    </p>
   </div>
   <div class='ocr_carea' id='block_1_15' title="bbox 2246 769 3729 841">
    <p class='ocr_par' dir='ltr' id='par_1_15' title="bbox 2246 769 3729 841">
     <span class='ocr_line' id='line_1_15' title="bbox 2246 769 3729 841; baseline -0.003 -13"><span class='ocrx_word' id='word_1_77' title='bbox 2246 772 2383 830; x_wconf 90' lang='lat'><strong>1100</strong></span> <span class='ocrx_word' id='word_1_78' title='bbox 2420 772 2593 827; x_wconf 85' lang='lat' dir='ltr'><strong>Allius</strong></span> <span class='ocrx_word' id='word_1_79' title='bbox 2622 770 2886 841; x_wconf 89' lang='lat' dir='ltr'><strong>impresso</strong></span> <span class='ocrx_word' id='word_1_80' title='bbox 2912 770 3039 826; x_wconf 91' lang='lat' dir='ltr'><strong>dum</strong></span> <span class='ocrx_word' id='word_1_81' title='bbox 3074 769 3295 841; x_wconf 86' lang='lat' dir='ltr'><strong>palpitat</strong></span> <span class='ocrx_word' id='word_1_82' title='bbox 3322 785 3454 827; x_wconf 91' lang='lat' dir='ltr'><strong>ense</strong></span> <span class='ocrx_word' id='word_1_83' title='bbox 3491 781 3729 826; x_wconf 76' lang='lat' dir='ltr'><strong>secutor.</strong></span> 
     </span>
    </p>
   </div>
   <div class='ocr_carea' id='block_1_16' title="bbox 2419 860 3809 932">
    <p class='ocr_par' dir='ltr' id='par_1_16' title="bbox 2419 860 3809 932">
     <span class='ocr_line' id='line_1_16' title="bbox 2419 860 3809 932; baseline -0.001 -14"><span class='ocrx_word' id='word_1_84' title='bbox 2419 862 2532 919; x_wconf 84' lang='lat' dir='ltr'><strong>Hoc</strong></span> <span class='ocrx_word' id='word_1_85' title='bbox 2548 861 2681 918; x_wconf 91' lang='lat' dir='ltr'><strong>illud</strong></span> <span class='ocrx_word' id='word_1_86' title='bbox 2698 864 2949 918; x_wconf 89' lang='lat' dir='ltr'><strong>meritum</strong></span> <span class='ocrx_word' id='word_1_87' title='bbox 2967 870 3071 927; x_wconf 79' lang='lat' dir='ltr'><strong>est,</strong></span> <span class='ocrx_word' id='word_1_88' title='bbox 3086 860 3231 932; x_wconf 89' lang='lat' dir='ltr'><strong>quod</strong></span> <span class='ocrx_word' id='word_1_89' title='bbox 3250 861 3565 918; x_wconf 85' lang='lat' dir='ltr'><strong>continuare</strong></span> <span class='ocrx_word' id='word_1_90' title='bbox 3582 860 3809 917; x_wconf 88' lang='lat' dir='ltr'><strong>feruntur</strong></span> 
     </span>
    </p>
   </div>
   <div class='ocr_carea' id='block_1_17' title="bbox 2416 952 3807 1024">
    <p class='ocr_par' dir='ltr' id='par_1_17' title="bbox 2416 952 3807 1024">
     <span class='ocr_line' id='line_1_17' title="bbox 2416 952 3807 1024; baseline 0 -16"><span class='ocrx_word' id='word_1_91' title='bbox 2416 952 2684 1009; x_wconf 76' lang='lat' dir='ltr'><strong>Excubias</strong></span> <span class='ocrx_word' id='word_1_92' title='bbox 2706 952 2840 1009; x_wconf 83' lang='lat' dir='ltr'><strong>Latii</strong></span> <span class='ocrx_word' id='word_1_93' title='bbox 2871 968 2971 1023; x_wconf 87' lang='lat' dir='ltr'><strong>pro</strong></span> <span class='ocrx_word' id='word_1_94' title='bbox 2992 952 3273 1024; x_wconf 74' lang='lat' dir='ltr'><strong>majestate</strong></span> <span class='ocrx_word' id='word_1_95' title='bbox 3300 952 3483 1022; x_wconf 82' lang='lat' dir='ltr'><strong>palati,</strong></span> <span class='ocrx_word' id='word_1_96' title='bbox 3594 952 3807 1024; x_wconf 70' lang='lat' dir='ltr'><strong>[lutemt</strong></span> 
     </span>
    </p>
   </div>
   <div class='ocr_carea' id='block_1_18' title="bbox 2422 1047 3809 1120">
    <p class='ocr_par' dir='ltr' id='par_1_18' title="bbox 2422 1047 3809 1120">
     <span class='ocr_line' id='line_1_18' title="bbox 2422 1047 3809 1120; baseline -0.001 -16"><span class='ocrx_word' id='word_1_97' title='bbox 2422 1048 2576 1116; x_wconf 85' lang='lat' dir='ltr'><strong>Quod</strong></span> <span class='ocrx_word' id='word_1_98' title='bbox 2602 1047 2872 1105; x_wconf 89' lang='lat' dir='ltr'><strong>redimunt</strong></span> <span class='ocrx_word' id='word_1_99' title='bbox 2898 1048 3061 1105; x_wconf 88' lang='lat' dir='ltr'><strong>vitam</strong></span> <span class='ocrx_word' id='word_1_100' title='bbox 3094 1048 3296 1120; x_wconf 91' lang='lat' dir='ltr'><strong>populi,</strong></span> <span class='ocrx_word' id='word_1_101' title='bbox 3329 1063 3721 1119; x_wconf 85' lang='lat' dir='ltr'><strong>procerumque</strong></span> <span class='ocrx_word' id='word_1_102' title='bbox 3739 1063 3809 1103; x_wconf 84' lang='lat' dir='ltr'><strong>sa-</strong></span> 
     </span>
    </p>
   </div>
   <div class='ocr_carea' id='block_1_19' title="bbox 2420 1139 3807 1212">
    <p class='ocr_par' dir='ltr' id='par_1_19' title="bbox 2420 1139 3807 1212">
     <span class='ocr_line' id='line_1_19' title="bbox 2420 1139 3807 1212; baseline -0.001 -16"><span class='ocrx_word' id='word_1_103' title='bbox 2420 1139 2756 1199; x_wconf 90' lang='lat' dir='ltr'><strong>Perfundunt</strong></span> <span class='ocrx_word' id='word_1_104' title='bbox 2803 1140 2927 1212; x_wconf 87' lang='lat' dir='ltr'><strong>quia</strong></span> <span class='ocrx_word' id='word_1_105' title='bbox 2963 1140 3103 1198; x_wconf 90' lang='lat' dir='ltr'><strong>colla</strong></span> <span class='ocrx_word' id='word_1_106' title='bbox 3144 1141 3316 1198; x_wconf 88' lang='lat' dir='ltr'><strong>comis</strong></span> <span class='ocrx_word' id='word_1_107' title='bbox 3358 1140 3525 1205; x_wconf 86' lang='lat' dir='ltr'><strong>bene,</strong></span> <span class='ocrx_word' id='word_1_108' title='bbox 3565 1139 3647 1196; x_wconf 88' lang='lat' dir='ltr'><strong>vel</strong></span> <span class='ocrx_word' id='word_1_109' title='bbox 3689 1139 3807 1195; x_wconf 82' lang='lat' dir='ltr'><strong>bene</strong></span> 
     </span>
    </p>
   </div>
   <div class='ocr_carea' id='block_1_20' title="bbox 3513 1232 3754 1305">
    <p class='ocr_par' dir='ltr' id='par_1_20' title="bbox 3513 1232 3754 1305">
     <span class='ocr_line' id='line_1_20' title="bbox 3513 1232 3754 1305; baseline -0.004 -16"><span class='ocrx_word' id='word_1_110' title='bbox 3513 1232 3754 1305; x_wconf 89' lang='lat' dir='ltr'><strong>[cingunt</strong></span> 
     </span>
    </p>
   </div>
   <div class='ocr_carea' id='block_1_21' title="bbox 1873 1326 2549 1387">
    <p class='ocr_par' dir='ltr' id='par_1_21' title="bbox 1873 1326 2549 1387">
     <span class='ocr_line' id='line_1_21' title="bbox 1873 1326 2549 1387; baseline -0.003 0"><span class='ocrx_word' id='word_1_111' title='bbox 1873 1326 2164 1387; x_wconf 66' lang='lat' dir='ltr'><strong>GLOSSE</strong></span> <span class='ocrx_word' id='word_1_112' title='bbox 2202 1326 2549 1385; x_wconf 78' lang='lat' dir='ltr'><strong>VETERES.</strong></span> 
     </span>
    </p>
   </div>
   <div class='ocr_carea' id='block_1_22' title="bbox 623 1430 1335 1501">
    <p class='ocr_par' dir='ltr' id='par_1_22' title="bbox 623 1430 1335 1501">
     <span class='ocr_line' id='line_1_22' title="bbox 623 1430 1335 1501; baseline -0.004 -14"><span class='ocrx_word' id='word_1_113' title='bbox 623 1431 792 1489; x_wconf 73' lang='lat'><strong>4090.</strong></span> <span class='ocrx_word' id='word_1_114' title='bbox 818 1432 1032 1497; x_wconf 75' lang='lat' dir='ltr'><strong>Caveas,</strong></span> <span class='ocrx_word' id='word_1_115' title='bbox 1064 1432 1267 1501; x_wconf 76' lang='lat' dir='ltr'><strong>theatri,</strong></span> <span class='ocrx_word' id='word_1_116' title='bbox 1293 1430 1335 1485; x_wconf 91' lang='lat' dir='ltr'><strong>l.</strong></span> 
     </span>
    </p>
   </div>
   <div class='ocr_carea' id='block_1_23' title="bbox 631 1500 1593 1573">
    <p class='ocr_par' dir='ltr' id='par_1_23' title="bbox 631 1500 1593 1573">
     <span class='ocr_line' id='line_1_23' title="bbox 631 1500 1593 1573; baseline -0.006 -14"><span class='ocrx_word' id='word_1_117' title='bbox 631 1505 792 1559; x_wconf 87' lang='lat'><strong>1091.</strong></span> <span class='ocrx_word' id='word_1_118' title='bbox 823 1502 1131 1573; x_wconf 80' lang='lat' dir='ltr'><strong>Sanguinis,</strong></span> <span class='ocrx_word' id='word_1_119' title='bbox 1161 1500 1519 1573; x_wconf 88' lang='lat' dir='ltr'><strong>generationis,</strong></span> <span class='ocrx_word' id='word_1_120' title='bbox 1554 1500 1593 1573; x_wconf 72' lang='lat' dir='ltr'><strong>l_.</strong></span> 
     </span>
    </p>
   </div>
   <div class='ocr_carea' id='block_1_24' title="bbox 633 1563 2148 1644">
    <p class='ocr_par' dir='ltr' id='par_1_24' title="bbox 633 1563 2148 1644">
     <span class='ocr_line' id='line_1_24' title="bbox 633 1563 2148 1644; baseline -0.005 -17"><span class='ocrx_word' id='word_1_121' title='bbox 633 1574 793 1631; x_wconf 83' lang='lat'><strong>1092.</strong></span> <span class='ocrx_word' id='word_1_122' title='bbox 824 1563 1781 1644; x_wconf 54' lang='lat' dir='ltr'><strong>Coagressus:certantina.§—chdita</strong></span> <span class='ocrx_word' id='word_1_123' title='bbox 1791 1574 2010 1644; x_wconf 59' lang='lat' dir='ltr'><strong>,empta,</strong></span> <span class='ocrx_word' id='word_1_124' title='bbox 2024 1563 2148 1644; x_wconf 67' lang='lat' dir='ltr'><strong>quia</strong></span> 
     </span>
    </p>
   </div>
   <div class='ocr_carea' id='block_1_25' title="bbox 560 1634 2143 1709">
    <p class='ocr_par' dir='ltr' id='par_1_25' title="bbox 560 1634 2143 1709">
     <span class='ocr_line' id='line_1_25' title="bbox 560 1634 2143 1709; baseline -0.008 -6"><span class='ocrx_word' id='word_1_125' title='bbox 560 1646 628 1703; x_wconf 78' lang='lat' dir='ltr'><strong>ad</strong></span> <span class='ocrx_word' id='word_1_126' title='bbox 655 1645 750 1699; x_wconf 84' lang='lat' dir='ltr'><strong>hoc</strong></span> <span class='ocrx_word' id='word_1_127' title='bbox 768 1634 1075 1709; x_wconf 66' lang='lat' dir='ltr'><strong>visebantur,</strong></span> <span class='ocrx_word' id='word_1_128' title='bbox 1102 1634 1170 1697; x_wconf 78' lang='lat' dir='ltr'><strong>ut</strong></span> <span class='ocrx_word' id='word_1_129' title='bbox 1185 1643 1238 1696; x_wconf 97' lang='lat' dir='ltr'><strong>in</strong></span> <span class='ocrx_word' id='word_1_130' title='bbox 1260 1643 1457 1695; x_wconf 84' lang='lat' dir='ltr'><strong>theatro</strong></span> <span class='ocrx_word' id='word_1_131' title='bbox 1480 1641 1614 1695; x_wconf 91' lang='lat' dir='ltr'><strong>ludis</strong></span> <span class='ocrx_word' id='word_1_132' title='bbox 1640 1634 2069 1709; x_wconf 72' lang='lat' dir='ltr'><strong>interﬁcerentur,</strong></span> <span class='ocrx_word' id='word_1_133' title='bbox 2100 1634 2143 1690; x_wconf 85' lang='grc' dir='ltr'>Ι.</span> 
     </span>
    </p>
   </div>
   <div class='ocr_carea' id='block_1_26' title="bbox 632 1706 2148 1779">
    <p class='ocr_par' dir='ltr' id='par_1_26' title="bbox 632 1706 2148 1779">
     <span class='ocr_line' id='line_1_26' title="bbox 632 1706 2148 1779; baseline -0.007 -9"><span class='ocrx_word' id='word_1_134' title='bbox 632 1716 792 1772; x_wconf 73' lang='grc'>1094.</span> <span class='ocrx_word' id='word_1_135' title='bbox 841 1706 1119 1779; x_wconf 82' lang='lat' dir='ltr'><strong>Phaleris,</strong></span> <span class='ocrx_word' id='word_1_136' title='bbox 1163 1710 1489 1765; x_wconf 76' lang='lat' dir='ltr'><strong>muliebribus</strong></span> <span class='ocrx_word' id='word_1_137' title='bbox 1535 1708 1882 1773; x_wconf 74' lang='lat' dir='ltr'><strong>ornamentis;</strong></span> <span class='ocrx_word' id='word_1_138' title='bbox 1933 1706 2148 1777; x_wconf 79' lang='lat' dir='ltr'><strong>phalera</strong></span> 
     </span>
    </p>
   </div>
   <div class='ocr_carea' id='block_1_27' title="bbox 562 1781 2144 1856">
    <p class='ocr_par' dir='ltr' id='par_1_27' title="bbox 562 1781 2144 1856">
     <span class='ocr_line' id='line_1_27' title="bbox 562 1781 2144 1856; baseline -0.009 -14"><span class='ocrx_word' id='word_1_139' title='bbox 562 1788 766 1856; x_wconf 79' lang='lat' dir='ltr'><strong>proprie</strong></span> <span class='ocrx_word' id='word_1_140' title='bbox 794 1795 1091 1856; x_wconf 86' lang='lat' dir='ltr'><strong>ornamenta</strong></span> <span class='ocrx_word' id='word_1_141' title='bbox 1118 1798 1384 1856; x_wconf 79' lang='lat' dir='ltr'><strong>equorum,</strong></span> <span class='ocrx_word' id='word_1_142' title='bbox 1428 1789 1474 1856; x_wconf 80' lang='lat' dir='ltr'><strong>et</strong></span> <span class='ocrx_word' id='word_1_143' title='bbox 1514 1781 1836 1856; x_wconf 69' lang='lat' dir='ltr'><strong>phaleratum</strong></span> <span class='ocrx_word' id='word_1_144' title='bbox 1863 1792 2144 1856; x_wconf 72' lang='lat' dir='ltr'><strong>sermonem</strong></span> 
     </span>
    </p>
   </div>
   <div class='ocr_carea' id='block_1_28' title="bbox 2320 1419 2968 1489">
    <p class='ocr_par' dir='ltr' id='par_1_28' title="bbox 2320 1419 2968 1489">
     <span class='ocr_line' id='line_1_28' title="bbox 2320 1419 2968 1489; baseline -0.005 -11"><span class='ocrx_word' id='word_1_145' title='bbox 2320 1423 2481 1478; x_wconf 83' lang='lat'><strong>1095.</strong></span> <span class='ocrx_word' id='word_1_146' title='bbox 2521 1420 2586 1486; x_wconf 91' lang='grc'><strong>0,</strong></span> <span class='ocrx_word' id='word_1_147' title='bbox 2626 1422 2838 1489; x_wconf 85' lang='lat' dir='ltr'><strong>ironice,</strong></span> <span class='ocrx_word' id='word_1_148' title='bbox 2868 1419 2968 1475; x_wconf 90' lang='lat' dir='ltr'><strong>Iso.</strong></span> 
     </span>
    </p>
   </div>
   <div class='ocr_carea' id='block_1_29' title="bbox 2322 1490 2882 1560">
    <p class='ocr_par' dir='ltr' id='par_1_29' title="bbox 2322 1490 2882 1560">
     <span class='ocr_line' id='line_1_29' title="bbox 2322 1490 2882 1560; baseline -0.002 -14"><span class='ocrx_word' id='word_1_149' title='bbox 2322 1493 2483 1549; x_wconf 70' lang='lat'><strong>1097.</strong></span> <span class='ocrx_word' id='word_1_150' title='bbox 2524 1491 2636 1558; x_wconf 86' lang='lat' dir='ltr'><strong>Ait,</strong></span> <span class='ocrx_word' id='word_1_151' title='bbox 2664 1491 2813 1560; x_wconf 85' lang='lat' dir='ltr'><strong>dicit,</strong></span> <span class='ocrx_word' id='word_1_152' title='bbox 2842 1490 2882 1545; x_wconf 92' lang='grc' dir='ltr'>ι.</span> 
     </span>
    </p>
   </div>
   <div class='ocr_carea' id='block_1_30' title="bbox 2320 1558 3229 1629">
    <p class='ocr_par' dir='ltr' id='par_1_30' title="bbox 2320 1558 3229 1629">
     <span class='ocr_line' id='line_1_30' title="bbox 2320 1558 3229 1629; baseline -0.007 -10"><span class='ocrx_word' id='word_1_153' title='bbox 2320 1563 2482 1620; x_wconf 89' lang='grc'>1099.</span> <span class='ocrx_word' id='word_1_154' title='bbox 2526 1558 2807 1627; x_wconf 80' lang='lat' dir='ltr'><strong>Vitalibus,</strong></span> <span class='ocrx_word' id='word_1_155' title='bbox 2840 1558 3157 1629; x_wconf 64' lang='lat' dir='ltr'><strong>praecordiis,</strong></span> <span class='ocrx_word' id='word_1_156' title='bbox 3189 1560 3229 1614; x_wconf 91' lang='lat' dir='ltr'><strong>l.</strong></span> 
     </span>
    </p>
   </div>
   <div class='ocr_carea' id='block_1_31' title="bbox 2324 1631 3140 1702">
    <p class='ocr_par' dir='ltr' id='par_1_31' title="bbox 2324 1631 3140 1702">
     <span class='ocr_line' id='line_1_31' title="bbox 2324 1631 3140 1702; baseline -0.007 -13"><span class='ocrx_word' id='word_1_157' title='bbox 2324 1635 2483 1690; x_wconf 89' lang='grc'>1100.</span> <span class='ocrx_word' id='word_1_158' title='bbox 2523 1631 2769 1702; x_wconf 75' lang='lat' dir='ltr'><strong>Secutor,</strong></span> <span class='ocrx_word' id='word_1_159' title='bbox 2789 1632 3068 1702; x_wconf 79' lang='lat' dir='ltr'><strong>gladiator,</strong></span> <span class='ocrx_word' id='word_1_160' title='bbox 3098 1631 3140 1684; x_wconf 89' lang='grc' dir='ltr'>Ι.</span> 
     </span>
    </p>
   </div>
   <div class='ocr_carea' id='block_1_32' title="bbox 2325 1700 2982 1772">
    <p class='ocr_par' dir='ltr' id='par_1_32' title="bbox 2325 1700 2982 1772">
     <span class='ocr_line' id='line_1_32' title="bbox 2325 1700 2982 1772; baseline -0.005 -12"><span class='ocrx_word' id='word_1_161' title='bbox 2325 1706 2486 1761; x_wconf 78' lang='grc'>1102.</span> <span class='ocrx_word' id='word_1_162' title='bbox 2529 1704 2683 1769; x_wconf 86' lang='lat' dir='ltr'><strong>Latii,</strong></span> <span class='ocrx_word' id='word_1_163' title='bbox 2713 1700 2907 1772; x_wconf 74' lang='lat' dir='ltr'><strong>Italici,</strong></span> <span class='ocrx_word' id='word_1_164' title='bbox 2942 1702 2982 1757; x_wconf 93' lang='grc' dir='ltr'>Ι.</span> 
     </span>
    </p>
   </div>
   <div class='ocr_carea' id='block_1_33' title="bbox 2323 1770 3806 1845">
    <p class='ocr_par' dir='ltr' id='par_1_33' title="bbox 2323 1770 3806 1845">
     <span class='ocr_line' id='line_1_33' title="bbox 2323 1770 3806 1845; baseline -0.001 -14"><span class='ocrx_word' id='word_1_165' title='bbox 2323 1776 2482 1831; x_wconf 68' lang='grc'>1104.</span> <span class='ocrx_word' id='word_1_166' title='bbox 2527 1774 2701 1841; x_wconf 87' lang='lat' dir='ltr'><strong>Bene,</strong></span> <span class='ocrx_word' id='word_1_167' title='bbox 2742 1770 2906 1845; x_wconf 84' lang='lat' dir='ltr'><strong>male,</strong></span> <span class='ocrx_word' id='word_1_168' title='bbox 2945 1770 3028 1845; x_wconf 81' lang='lat' dir='ltr'><strong>vel</strong></span> <span class='ocrx_word' id='word_1_169' title='bbox 3064 1771 3190 1826; x_wconf 87' lang='lat' dir='ltr'><strong>bene</strong></span> <span class='ocrx_word' id='word_1_170' title='bbox 3207 1770 3524 1845; x_wconf 82' lang='lat' dir='ltr'><strong>dicit,_qaia</strong></span> <span class='ocrx_word' id='word_1_171' title='bbox 3549 1773 3806 1845; x_wconf 79' lang='lat' dir='ltr'><strong>aliquantis</strong></span> 
     </span>
    </p>
   </div>
   <div class='ocr_carea' id='block_1_34' title="bbox 560 1839 3407 1922">
    <p class='ocr_par' dir='ltr' id='par_1_34' title="bbox 560 1839 3407 1922">
     <span class='ocr_line' id='line_1_34' title="bbox 560 1839 3407 1922; baseline -0.006 -10"><span class='ocrx_word' id='word_1_172' title='bbox 560 1839 795 1912; x_wconf 55' lang='lat' dir='ltr'><strong>{tacemus</strong></span> <span class='ocrx_word' id='word_1_173' title='bbox 822 1854 972 1909; x_wconf 82' lang='lat' dir='ltr'><strong>valde</strong></span> <span class='ocrx_word' id='word_1_174' title='bbox 1000 1839 1588 1920; x_wconf 48' lang='lat' dir='ltr'><strong>ornatum.—L&#39;anist&#39;is,</strong></span> <span class='ocrx_word' id='word_1_175' title='bbox 1613 1846 2012 1922; x_wconf 87' lang='lat' dir='ltr'><strong>gladiatoribus,</strong></span> <span class='ocrx_word' id='word_1_176' title='bbox 2034 1846 2141 1901; x_wconf 84' lang='lat' dir='ltr'><strong>lso.</strong></span> <span class='ocrx_word' id='word_1_177' title='bbox 2175 1839 2222 1899; x_wconf 78' lang='grc' dir='ltr'><strong>Β</strong></span> <span class='ocrx_word' id='word_1_178' title='bbox 2249 1856 2428 1902; x_wconf 88' lang='lat' dir='ltr'><strong>ornate</strong></span> <span class='ocrx_word' id='word_1_179' title='bbox 2465 1839 2756 1918; x_wconf 76' lang='lat' dir='ltr'><strong>cingebant,</strong></span> <span class='ocrx_word' id='word_1_180' title='bbox 2783 1843 3063 1915; x_wconf 82' lang='lat' dir='ltr'><strong>aliquando</strong></span> <span class='ocrx_word' id='word_1_181' title='bbox 3097 1843 3335 1914; x_wconf 88' lang='lat' dir='ltr'><strong>turpiter,</strong></span> <span class='ocrx_word' id='word_1_182' title='bbox 3367 1843 3407 1898; x_wconf 89' lang='lat' dir='ltr'><strong>l.</strong></span> 
     </span>
    </p>
   </div>
   <div class='ocr_carea' id='block_1_35' title="bbox 1877 1938 2481 1998">
    <p class='ocr_par' dir='ltr' id='par_1_35' title="bbox 1877 1938 2481 1998">
     <span class='ocr_line' id='line_1_35' title="bbox 1877 1938 2481 1998; baseline 0 -4"><span class='ocrx_word' id='word_1_183' title='bbox 1877 1964 1885 1971; x_wconf 64' lang='grc' dir='ltr'><strong>ι</strong></span> <span class='ocrx_word' id='word_1_184' title='bbox 1922 1938 2481 1998; x_wconf 71' lang='lat' dir='ltr'><strong>COMMENTARIUS.</strong></span> 
     </span>
    </p>
   </div>
   <div class='ocr_carea' id='block_1_36' title="bbox 557 2031 2145 2103">
    <p class='ocr_par' dir='ltr' id='par_1_36' title="bbox 557 2031 2145 2103">
     <span class='ocr_line' id='line_1_36' title="bbox 557 2031 2145 2103; baseline -0.006 -9"><span class='ocrx_word' id='word_1_185' title='bbox 557 2044 708 2095; x_wconf 82' lang='lat' dir='ltr'><strong>bant.</strong></span> <span class='ocrx_word' id='word_1_186' title='bbox 747 2036 914 2093; x_wconf 82' lang='lat' dir='ltr'><strong>Aldus</strong></span> <span class='ocrx_word' id='word_1_187' title='bbox 959 2033 1106 2090; x_wconf 92' lang='lat' dir='ltr'><strong>nullo</strong></span> <span class='ocrx_word' id='word_1_188' title='bbox 1133 2048 1298 2089; x_wconf 89' lang='lat' dir='ltr'><strong>sensu</strong></span> <span class='ocrx_word' id='word_1_189' title='bbox 1334 2031 1773 2103; x_wconf 85' lang='lat' dir='ltr'><strong>interrogationis</strong></span> <span class='ocrx_word' id='word_1_190' title='bbox 1811 2038 1992 2085; x_wconf 92' lang='lat' dir='ltr'><strong>notam</strong></span> <span class='ocrx_word' id='word_1_191' title='bbox 2023 2037 2145 2100; x_wconf 85' lang='lat' dir='ltr'><strong>post</strong></span> 
     </span>
    </p>
   </div>
   <div class='ocr_carea' id='block_1_37' title="bbox 559 2105 1165 2166">
    <p class='ocr_par' dir='ltr' id='par_1_37' title="bbox 559 2105 1165 2166">
     <span class='ocr_line' id='line_1_37' title="bbox 559 2105 1165 2166; baseline -0.01 -2"><span class='ocrx_word' id='word_1_192' title='bbox 559 2110 706 2166; x_wconf 90' lang='lat' dir='ltr'><strong>hunc</strong></span> <span class='ocrx_word' id='word_1_193' title='bbox 728 2117 940 2163; x_wconf 64' lang='lat' dir='ltr'><strong>venunt</strong></span> <span class='ocrx_word' id='word_1_194' title='bbox 972 2105 1165 2159; x_wconf 65' lang='lat' dir='ltr'><strong>afﬂuit.</strong></span> 
     </span>
    </p>
   </div>
   <div class='ocr_carea' id='block_1_38' title="bbox 633 2171 2145 2244">
    <p class='ocr_par' dir='ltr' id='par_1_38' title="bbox 633 2171 2145 2244">
     <span class='ocr_line' id='line_1_38' title="bbox 633 2171 2145 2244; baseline -0.004 -12"><span class='ocrx_word' id='word_1_195' title='bbox 633 2179 796 2235; x_wconf 80' lang='lat'><strong>1090.</strong></span> <span class='ocrx_word' id='word_1_196' title='bbox 824 2176 1085 2233; x_wconf 86' lang='lat' dir='ltr'><strong>Heraldus</strong></span> <span class='ocrx_word' id='word_1_197' title='bbox 1114 2177 1168 2230; x_wconf 91' lang='lat' dir='ltr'><strong>in</strong></span> <span class='ocrx_word' id='word_1_198' title='bbox 1201 2174 1494 2231; x_wconf 83' lang='lat' dir='ltr'><strong>Arnobium</strong></span> <span class='ocrx_word' id='word_1_199' title='bbox 1528 2187 1649 2244; x_wconf 85' lang='lat' dir='ltr'><strong>pag.</strong></span> <span class='ocrx_word' id='word_1_200' title='bbox 1680 2171 1808 2238; x_wconf 73' lang='grc'>274,</span> <span class='ocrx_word' id='word_1_201' title='bbox 1840 2181 1894 2244; x_wconf 86' lang='lat' dir='ltr'><strong>et</strong></span> <span class='ocrx_word' id='word_1_202' title='bbox 1924 2171 2145 2227; x_wconf 88' lang='lat' dir='ltr'><strong>Elmen-</strong></span> 
     </span>
    </p>
   </div>
   <div class='ocr_carea' id='block_1_39' title="bbox 560 2242 2142 2315">
    <p class='ocr_par' dir='ltr' id='par_1_39' title="bbox 560 2242 2142 2315">
     <span class='ocr_line' id='line_1_39' title="bbox 560 2242 2142 2315; baseline -0.006 -10"><span class='ocrx_word' id='word_1_203' title='bbox 560 2250 796 2306; x_wconf 78' lang='lat' dir='ltr'><strong>horstius</strong></span> <span class='ocrx_word' id='word_1_204' title='bbox 831 2248 885 2303; x_wconf 89' lang='lat' dir='ltr'><strong>in</strong></span> <span class='ocrx_word' id='word_1_205' title='bbox 922 2246 1167 2303; x_wconf 90' lang='lat' dir='ltr'><strong>eumdem</strong></span> <span class='ocrx_word' id='word_1_206' title='bbox 1200 2261 1320 2315; x_wconf 89' lang='lat' dir='ltr'><strong>pag.</strong></span> <span class='ocrx_word' id='word_1_207' title='bbox 1348 2244 1441 2312; x_wconf 77' lang='lat'><strong>51,</strong></span> <span class='ocrx_word' id='word_1_208' title='bbox 1482 2242 1816 2315; x_wconf 57' lang='lat' dir='ltr'><strong>hos&#39;versus</strong></span> <span class='ocrx_word' id='word_1_209' title='bbox 1850 2242 2142 2315; x_wconf 81' lang='lat' dir='ltr'><strong>illustrant.</strong></span> 
     </span>
    </p>
   </div>
   <div class='ocr_carea' id='block_1_40' title="bbox 559 2312 2147 2391">
    <p class='ocr_par' dir='ltr' id='par_1_40' title="bbox 559 2312 2147 2391">
     <span class='ocr_line' id='line_1_40' title="bbox 559 2312 2147 2391; baseline -0.008 -14"><span class='ocrx_word' id='word_1_210' title='bbox 559 2319 875 2391; x_wconf 73' lang='lat' dir='ltr'><strong>Cyprianus</strong></span> <span class='ocrx_word' id='word_1_211' title='bbox 893 2334 981 2391; x_wconf 88' lang='lat' dir='ltr'><strong>ep.</strong></span> <span class='ocrx_word' id='word_1_212' title='bbox 993 2317 1047 2391; x_wconf 84' lang='grc'><strong>2</strong></span> <span class='ocrx_word' id='word_1_213' title='bbox 1074 2317 1139 2370; x_wconf 89' lang='lat' dir='ltr'><strong>ad</strong></span> <span class='ocrx_word' id='word_1_214' title='bbox 1176 2312 1438 2391; x_wconf 74' lang='lat' dir='ltr'><strong>Donatum</strong></span> <span class='ocrx_word' id='word_1_215' title='bbox 1486 2332 1501 2391; x_wconf 90' lang='lat'><strong>_:</strong></span> <span class='ocrx_word' id='word_1_216' title='bbox 1556 2313 1785 2391; x_wconf 78' lang='lat' dir='ltr'><strong>Paratur</strong></span> <span class='ocrx_word' id='word_1_217' title='bbox 1806 2312 2147 2391; x_wconf 71' lang='lat' dir='ltr'><strong>gladiatorias</strong></span> 
     </span>
    </p>
   </div>
   <div class='ocr_carea' id='block_1_41' title="bbox 560 2383 2149 2454">
    <p class='ocr_par' dir='ltr' id='par_1_41' title="bbox 560 2383 2149 2454">
     <span class='ocr_line' id='line_1_41' title="bbox 560 2383 2149 2454; baseline -0.004 -9"><span class='ocrx_word' id='word_1_218' title='bbox 560 2383 737 2454; x_wconf 68' lang='lat' dir='ltr'><strong>ludus,</strong></span> <span class='ocrx_word' id='word_1_219' title='bbox 764 2399 820 2442; x_wconf 91' lang='lat' dir='ltr'><strong>ut</strong></span> <span class='ocrx_word' id='word_1_220' title='bbox 857 2383 1117 2444; x_wconf 83' lang='lat' dir='ltr'><strong>libidinem</strong></span> <span class='ocrx_word' id='word_1_221' title='bbox 1152 2386 1440 2440; x_wconf 86' lang='lat' dir='ltr'><strong>crudelium</strong></span> <span class='ocrx_word' id='word_1_222' title='bbox 1477 2386 1730 2439; x_wconf 90' lang='lat' dir='ltr'><strong>luminunt</strong></span> <span class='ocrx_word' id='word_1_223' title='bbox 1764 2383 1976 2454; x_wconf 84' lang='lat' dir='ltr'><strong>sanguis</strong></span> <span class='ocrx_word' id='word_1_224' title='bbox 2012 2383 2149 2438; x_wconf 86' lang='lat' dir='ltr'><strong>oble-</strong></span> 
     </span>
    </p>
   </div>
   <div class='ocr_carea' id='block_1_42' title="bbox 562 2454 2171 2530">
    <p class='ocr_par' dir='ltr' id='par_1_42' title="bbox 562 2454 2171 2530">
     <span class='ocr_line' id='line_1_42' title="bbox 562 2454 2171 2530; baseline -0.004 -16"><span class='ocrx_word' id='word_1_225' title='bbox 562 2469 681 2516; x_wconf 88' lang='lat' dir='ltr'><strong>ctet.</strong></span> <span class='ocrx_word' id='word_1_226' title='bbox 731 2457 982 2530; x_wconf 84' lang='lat' dir='ltr'><strong>Impletur</strong></span> <span class='ocrx_word' id='word_1_227' title='bbox 1020 2460 1321 2530; x_wconf 85' lang='lat' dir='ltr'><strong>insuccum</strong></span> <span class='ocrx_word' id='word_1_228' title='bbox 1359 2457 1484 2530; x_wconf 85' lang='lat' dir='ltr'><strong>cibis</strong></span> <span class='ocrx_word' id='word_1_229' title='bbox 1512 2454 1810 2530; x_wconf 75' lang='lat' dir='ltr'><strong>fortioribus</strong></span> <span class='ocrx_word' id='word_1_230' title='bbox 1852 2470 2059 2530; x_wconf 77' lang='lat' dir='ltr'><strong>corpus,</strong></span> <span class='ocrx_word' id='word_1_231' title='bbox 2100 2462 2171 2517; x_wconf 52' lang='lat' dir='ltr'><strong>et.</strong></span> 
     </span>
    </p>
   </div>
   <div class='ocr_carea' id='block_1_43' title="bbox 560 2527 2150 2596">
    <p class='ocr_par' dir='ltr' id='par_1_43' title="bbox 560 2527 2150 2596">
     <span class='ocr_line' id='line_1_43' title="bbox 560 2527 2150 2596; baseline -0.006 -10"><span class='ocrx_word' id='word_1_232' title='bbox 560 2533 754 2586; x_wconf 77' lang='lat' dir='ltr'><strong>arninat</strong></span> <span class='ocrx_word' id='word_1_233' title='bbox 782 2527 906 2584; x_wconf 85' lang='lat' dir='ltr'><strong>toris</strong></span> <span class='ocrx_word' id='word_1_234' title='bbox 949 2529 1286 2582; x_wconf 84' lang='lat' dir='ltr'><strong>membrorum</strong></span> <span class='ocrx_word' id='word_1_235' title='bbox 1329 2529 1485 2581; x_wconf 87' lang='lat' dir='ltr'><strong>moles</strong></span> <span class='ocrx_word' id='word_1_236' title='bbox 1512 2527 1721 2580; x_wconf 89' lang='lat' dir='ltr'><strong>robusta</strong></span> <span class='ocrx_word' id='word_1_237' title='bbox 1752 2527 2061 2596; x_wconf 78' lang='lat' dir='ltr'><strong>pinguescit,</strong></span> <span class='ocrx_word' id='word_1_238' title='bbox 2091 2532 2150 2596; x_wconf 75' lang='lat' dir='ltr'><strong>ut</strong></span> 
     </span>
    </p>
   </div>
   <div class='ocr_carea' id='block_1_44' title="bbox 560 2595 2151 2672">
    <p class='ocr_par' dir='ltr' id='par_1_44' title="bbox 560 2595 2151 2672">
     <span class='ocr_line' id='line_1_44' title="bbox 560 2595 2151 2672; baseline -0.005 -16"><span class='ocrx_word' id='word_1_239' title='bbox 560 2604 827 2672; x_wconf 87' lang='lat' dir='ltr'><strong>saginatus</strong></span> <span class='ocrx_word' id='word_1_240' title='bbox 853 2602 905 2672; x_wconf 84' lang='lat' dir='ltr'><strong>in</strong></span> <span class='ocrx_word' id='word_1_241' title='bbox 934 2615 1134 2668; x_wconf 66' lang='lat' dir='ltr'><strong>poenam</strong></span> <span class='ocrx_word' id='word_1_242' title='bbox 1174 2601 1345 2652; x_wconf 89' lang='lat' dir='ltr'><strong>carius</strong></span> <span class='ocrx_word' id='word_1_243' title='bbox 1388 2606 1558 2672; x_wconf 84' lang='lat' dir='ltr'><strong>pereat</strong></span> <span class='ocrx_word' id='word_1_244' title='bbox 1592 2595 1794 2672; x_wconf 38' lang='lat' dir='ltr'><strong>{homo</strong></span> <span class='ocrx_word' id='word_1_245' title='bbox 1820 2595 2072 2672; x_wconf 77' lang='lat' dir='ltr'><strong>occiditur</strong></span> <span class='ocrx_word' id='word_1_246' title='bbox 2095 2595 2151 2672; x_wconf 77' lang='lat' dir='ltr'><strong>in</strong></span> 
     </span>
    </p>
   </div>
   <div class='ocr_carea' id='block_1_45' title="bbox 560 2666 2148 2739">
    <p class='ocr_par' dir='ltr' id='par_1_45' title="bbox 560 2666 2148 2739">
     <span class='ocr_line' id='line_1_45' title="bbox 560 2666 2148 2739; baseline -0.004 -14"><span class='ocrx_word' id='word_1_247' title='bbox 560 2666 784 2727; x_wconf 54' lang='lat' dir='ltr'><strong>Ito&#39;minis</strong></span> <span class='ocrx_word' id='word_1_248' title='bbox 807 2666 1145 2739; x_wconf 78' lang='lat' dir='ltr'><strong>uoluptatem,</strong></span> <span class='ocrx_word' id='word_1_249' title='bbox 1174 2680 1243 2737; x_wconf 80' lang='lat' dir='ltr'><strong>et,</strong></span> <span class='ocrx_word' id='word_1_250' title='bbox 1275 2679 1331 2723; x_wconf 88' lang='lat' dir='ltr'><strong>ut</strong></span> <span class='ocrx_word' id='word_1_251' title='bbox 1354 2670 1469 2738; x_wconf 83' lang='lat' dir='ltr'><strong>quis</strong></span> <span class='ocrx_word' id='word_1_252' title='bbox 1499 2667 1657 2739; x_wconf 83' lang='lat' dir='ltr'><strong>possit</strong></span> <span class='ocrx_word' id='word_1_253' title='bbox 1686 2666 1937 2739; x_wconf 86' lang='lat' dir='ltr'><strong>occidere,</strong></span> <span class='ocrx_word' id='word_1_254' title='bbox 1966 2666 2148 2739; x_wconf 80' lang='lat' dir='ltr'><strong>peritia</strong></span> 
     </span>
    </p>
   </div>
   <div class='ocr_carea' id='block_1_46' title="bbox 560 2736 2151 2809">
    <p class='ocr_par' dir='ltr' id='par_1_46' title="bbox 560 2736 2151 2809">
     <span class='ocr_line' id='line_1_46' title="bbox 560 2736 2151 2809; baseline -0.006 -12"><span class='ocrx_word' id='word_1_255' title='bbox 560 2752 669 2807; x_wconf 84' lang='lat' dir='ltr'><strong>est;</strong></span> <span class='ocrx_word' id='word_1_256' title='bbox 708 2741 871 2797; x_wconf 79' lang='lat' dir='ltr'><strong>scelus</strong></span> <span class='ocrx_word' id='word_1_257' title='bbox 915 2736 1018 2794; x_wconf 82' lang='lat' dir='ltr'><strong>non</strong></span> <span class='ocrx_word' id='word_1_258' title='bbox 1058 2748 1258 2793; x_wconf 90' lang='lat' dir='ltr'><strong>tantum</strong></span> <span class='ocrx_word' id='word_1_259' title='bbox 1286 2736 1507 2809; x_wconf 79' lang='lat' dir='ltr'><strong>geritur,</strong></span> <span class='ocrx_word' id='word_1_260' title='bbox 1531 2738 1631 2809; x_wconf 78' lang='lat' dir='ltr'><strong>sed</strong></span> <span class='ocrx_word' id='word_1_261' title='bbox 1654 2738 1967 2809; x_wconf 10' lang='lat' dir='ltr'><strong>elidocetur.</strong></span> <span class='ocrx_word' id='word_1_262' title='bbox 2015 2736 2151 2809; x_wconf 80' lang='lat' dir='ltr'><strong>Quid</strong></span> 
     </span>
    </p>
   </div>
   <div class='ocr_carea' id='block_1_47' title="bbox 560 2807 2149 2882">
    <p class='ocr_par' dir='ltr' id='par_1_47' title="bbox 560 2807 2149 2882">
     <span class='ocr_line' id='line_1_47' title="bbox 560 2807 2149 2882; baseline -0.004 -14"><span class='ocrx_word' id='word_1_263' title='bbox 560 2822 723 2882; x_wconf 83' lang='lat' dir='ltr'><strong>potest</strong></span> <span class='ocrx_word' id='word_1_264' title='bbox 765 2811 1118 2874; x_wconf 87' lang='lat' dir='ltr'><strong>inltumanius,</strong></span> <span class='ocrx_word' id='word_1_265' title='bbox 1148 2807 1539 2882; x_wconf 54' lang='lat' dir='ltr'><strong>quid&#39;acerbius</strong></span> <span class='ocrx_word' id='word_1_266' title='bbox 1578 2807 1681 2860; x_wconf 89' lang='lat' dir='ltr'><strong>dici</strong></span> <span class='ocrx_word' id='word_1_267' title='bbox 1702 2808 1793 2882; x_wconf 72' lang='lat'><strong>2’...</strong></span> <span class='ocrx_word' id='word_1_268' title='bbox 1821 2807 1957 2882; x_wconf 79' lang='lat' dir='ltr'><strong>Quid</strong></span> <span class='ocrx_word' id='word_1_269' title='bbox 1996 2807 2149 2882; x_wconf 84' lang='lat' dir='ltr'><strong>illud,</strong></span> 
     </span>
    </p>
   </div>
   <div class='ocr_carea' id='block_1_48' title="bbox 560 2878 2019 2965">
    <p class='ocr_par' dir='ltr' id='par_1_48' title="bbox 560 2878 2019 2965">
     <span class='ocr_line' id='line_1_48' title="bbox 560 2878 2019 2965; baseline -0.005 -27"><span class='ocrx_word' id='word_1_270' title='bbox 560 2878 657 2965; x_wconf 67' lang='lat' dir='ltr'><strong>ora</strong></span> <span class='ocrx_word' id='word_1_271' title='bbox 672 2882 1081 2965; x_wconf 31' lang='lat' dir='ltr'><strong>ltekubi-seferis</strong></span> <span class='ocrx_word' id='word_1_272' title='bbox 1107 2880 1373 2946; x_wconf 61' lang='lat' dir='ltr'><strong>objiciunt,</strong></span> <span class='ocrx_word' id='word_1_273' title='bbox 1396 2896 1521 2950; x_wconf 89' lang='lat' dir='ltr'><strong>quos</strong></span> <span class='ocrx_word' id='word_1_274' title='bbox 1547 2893 1694 2932; x_wconf 89' lang='lat' dir='ltr'><strong>nemo</strong></span> <span class='ocrx_word' id='word_1_275' title='bbox 1715 2878 1971 2965; x_wconf 39' lang='lat' dir='ltr'><strong>dalmnarit</strong></span> <span class='ocrx_word' id='word_1_276' title='bbox 1996 2881 2019 2931; x_wconf 86' lang='lat'><strong><em>?</em></strong></span> 
     </span>
    </p>
   </div>
   <div class='ocr_carea' id='block_1_49' title="bbox 496 2947 2151 3015">
    <p class='ocr_par' dir='ltr' id='par_1_49' title="bbox 496 2947 2151 3015">
     <span class='ocr_line' id='line_1_49' title="bbox 496 2947 2151 3015; baseline -0.004 -6"><span class='ocrx_word' id='word_1_277' title='bbox 496 3010 501 3015; x_wconf 71' lang='grc'><strong>,</strong></span> <span class='ocrx_word' id='word_1_278' title='bbox 634 2953 794 3009; x_wconf 87' lang='grc'>1092.</span> <span class='ocrx_word' id='word_1_279' title='bbox 823 2947 1159 3009; x_wconf 81' lang='lat' dir='ltr'><strong>Gladiatores</strong></span> <span class='ocrx_word' id='word_1_280' title='bbox 1187 2967 1340 3005; x_wconf 89' lang='lat' dir='ltr'><strong>suam</strong></span> <span class='ocrx_word' id='word_1_281' title='bbox 1371 2947 1542 3005; x_wconf 78' lang='lat' dir='ltr'><strong>artem</strong></span> <span class='ocrx_word' id='word_1_282' title='bbox 1572 2947 1918 3014; x_wconf 77' lang='lat' dir='ltr'><strong>exercebant,</strong></span> <span class='ocrx_word' id='word_1_283' title='bbox 1955 2958 2012 3003; x_wconf 92' lang='lat' dir='ltr'><strong>ut</strong></span> <span class='ocrx_word' id='word_1_284' title='bbox 2038 2948 2151 3003; x_wconf 86' lang='lat' dir='ltr'><strong>ale-</strong></span> 
     </span>
    </p>
   </div>
   <div class='ocr_carea' id='block_1_50' title="bbox 560 3018 2150 3089">
    <p class='ocr_par' dir='ltr' id='par_1_50' title="bbox 560 3018 2150 3089">
     <span class='ocr_line' id='line_1_50' title="bbox 560 3018 2150 3089; baseline -0.004 -8"><span class='ocrx_word' id='word_1_285' title='bbox 560 3034 748 3083; x_wconf 85' lang='lat' dir='ltr'><strong>rentur</strong></span> <span class='ocrx_word' id='word_1_286' title='bbox 772 3040 786 3078; x_wconf 90' lang='lat'><strong>:</strong></span> <span class='ocrx_word' id='word_1_287' title='bbox 810 3024 937 3080; x_wconf 87' lang='lat' dir='ltr'><strong>hinc</strong></span> <span class='ocrx_word' id='word_1_288' title='bbox 957 3023 1167 3077; x_wconf 78' lang='lat' dir='ltr'><strong>vulnera</strong></span> <span class='ocrx_word' id='word_1_289' title='bbox 1192 3021 1395 3076; x_wconf 84' lang='lat' dir='ltr'><strong>vendita</strong></span> <span class='ocrx_word' id='word_1_290' title='bbox 1425 3031 1576 3089; x_wconf 86' lang='lat' dir='ltr'><strong>pastu</strong></span> <span class='ocrx_word' id='word_1_291' title='bbox 1601 3029 1775 3073; x_wconf 88' lang='lat' dir='ltr'><strong>vocat.</strong></span> <span class='ocrx_word' id='word_1_292' title='bbox 1834 3018 2150 3089; x_wconf 88' lang='lat' dir='ltr'><strong>Propertius</strong></span> 
     </span>
    </p>
   </div>
   <div class='ocr_carea' id='block_1_51' title="bbox 561 3090 2148 3167">
    <p class='ocr_par' dir='ltr' id='par_1_51' title="bbox 561 3090 2148 3167">
     <span class='ocr_line' id='line_1_51' title="bbox 561 3090 2148 3167; baseline -0.003 -16"><span class='ocrx_word' id='word_1_293' title='bbox 561 3099 698 3167; x_wconf 84' lang='lat' dir='ltr'><strong>eleg.</strong></span> <span class='ocrx_word' id='word_1_294' title='bbox 721 3098 753 3150; x_wconf 88' lang='lat'>8</span> <span class='ocrx_word' id='word_1_295' title='bbox 770 3096 864 3150; x_wconf 88' lang='lat' dir='ltr'><strong>ltb.</strong></span> <span class='ocrx_word' id='word_1_296' title='bbox 891 3111 976 3167; x_wconf 64' lang='lat' dir='ltr'><strong>tv:</strong></span> <span class='ocrx_word' id='word_1_297' title='bbox 998 3095 1100 3167; x_wconf 81' lang='lat' dir='ltr'><strong>Qui</strong></span> <span class='ocrx_word' id='word_1_298' title='bbox 1120 3092 1261 3148; x_wconf 89' lang='lat' dir='ltr'><strong>dabit</strong></span> <span class='ocrx_word' id='word_1_299' title='bbox 1283 3091 1559 3146; x_wconf 72' lang='lat' dir='ltr'><strong>immundis</strong></span> <span class='ocrx_word' id='word_1_300' title='bbox 1578 3092 1774 3144; x_wconf 80' lang='lat' dir='ltr'><strong>venalia</strong></span> <span class='ocrx_word' id='word_1_301' title='bbox 1793 3090 1899 3160; x_wconf 77' lang='lat' dir='ltr'><strong>fata</strong></span> <span class='ocrx_word' id='word_1_302' title='bbox 1930 3090 2148 3160; x_wconf 78' lang='lat' dir='ltr'><strong>saginte.</strong></span> 
     </span>
    </p>
   </div>
   <div class='ocr_carea' id='block_1_52' title="bbox 562 3165 1699 3231">
    <p class='ocr_par' dir='ltr' id='par_1_52' title="bbox 562 3165 1699 3231">
     <span class='ocr_line' id='line_1_52' title="bbox 562 3165 1699 3231; baseline -0.011 -9"><span class='ocrx_word' id='word_1_303' title='bbox 562 3165 701 3222; x_wconf 78' lang='lat' dir='ltr'><strong>Vide</strong></span> <span class='ocrx_word' id='word_1_304' title='bbox 731 3175 888 3219; x_wconf 82' lang='lat' dir='ltr'><strong>notas</strong></span> <span class='ocrx_word' id='word_1_305' title='bbox 917 3165 1112 3231; x_wconf 75' lang='lat' dir='ltr'><strong>Vulpii.</strong></span> <span class='ocrx_word' id='word_1_306' title='bbox 1694 3186 1699 3191; x_wconf 61' lang='grc'><strong>’</strong></span> 
     </span>
    </p>
   </div>
   <div class='ocr_carea' id='block_1_53' title="bbox 636 3229 2150 3301">
    <p class='ocr_par' dir='ltr' id='par_1_53' title="bbox 636 3229 2150 3301">
     <span class='ocr_line' id='line_1_53' title="bbox 636 3229 2150 3301; baseline -0.005 -9"><span class='ocrx_word' id='word_1_307' title='bbox 636 3236 795 3292; x_wconf 78' lang='grc'>1095.</span> <span class='ocrx_word' id='word_1_308' title='bbox 824 3235 975 3301; x_wconf 77' lang='grc' dir='ltr'>Αω..</span> <span class='ocrx_word' id='word_1_309' title='bbox 1000 3229 1267 3301; x_wconf 55' lang='lat' dir='ltr'><strong>Tantam,</strong></span> <span class='ocrx_word' id='word_1_310' title='bbox 1299 3234 1388 3287; x_wconf 90' lang='lat' dir='ltr'><strong>sed</strong></span> <span class='ocrx_word' id='word_1_311' title='bbox 1413 3242 1495 3297; x_wconf 85' lang='lat' dir='ltr'><strong>et;</strong></span> <span class='ocrx_word' id='word_1_312' title='bbox 1536 3232 1654 3301; x_wconf 87' lang='lat' dir='ltr'><strong>lege</strong></span> <span class='ocrx_word' id='word_1_313' title='bbox 1704 3230 1863 3284; x_wconf 86' lang='lat' dir='ltr'><strong>sedet.</strong></span> <span class='ocrx_word' id='word_1_314' title='bbox 1918 3229 2150 3285; x_wconf 73' lang='lat' dir='ltr'><strong>Verbum</strong></span> 
     </span>
    </p>
   </div>
   <div class='ocr_carea' id='block_1_54' title="bbox 564 3301 2148 3373">
    <p class='ocr_par' dir='ltr' id='par_1_54' title="bbox 564 3301 2148 3373">
     <span class='ocr_line' id='line_1_54' title="bbox 564 3301 2148 3373; baseline -0.003 -13"><span class='ocrx_word' id='word_1_315' title='bbox 564 3310 704 3361; x_wconf 87' lang='lat' dir='ltr'><strong>sedet</strong></span> <span class='ocrx_word' id='word_1_316' title='bbox 732 3308 942 3363; x_wconf 88' lang='lat' dir='ltr'><strong>videtur</strong></span> <span class='ocrx_word' id='word_1_317' title='bbox 969 3302 1241 3373; x_wconf 88' lang='lat' dir='ltr'><strong>proprium</strong></span> <span class='ocrx_word' id='word_1_318' title='bbox 1266 3304 1334 3357; x_wconf 92' lang='lat' dir='ltr'><strong>ad</strong></span> <span class='ocrx_word' id='word_1_319' title='bbox 1367 3302 1768 3373; x_wconf 55' lang='lat' dir='ltr'><strong>exprimendam</strong></span> <span class='ocrx_word' id='word_1_320' title='bbox 1794 3301 2148 3373; x_wconf 65' lang='lat' dir='ltr'><strong>arrogantiam</strong></span> 
     </span>
    </p>
   </div>
   <div class='ocr_carea' id='block_1_55' title="bbox 565 3369 2152 3501">
    <p class='ocr_par' dir='ltr' id='par_1_55' title="bbox 565 3369 2152 3501">
     <span class='ocr_line' id='line_1_55' title="bbox 565 3369 2152 3501; baseline -0.005 -68"><span class='ocrx_word' id='word_1_321' title='bbox 565 3377 803 3501; x_wconf 59' lang='lat' dir='ltr'><strong>femilnaa.</strong></span> <span class='ocrx_word' id='word_1_322' title='bbox 820 3376 913 3431; x_wconf 86' lang='lat' dir='ltr'><strong>Sic</strong></span> <span class='ocrx_word' id='word_1_323' title='bbox 935 3369 1211 3430; x_wconf 70' lang='lat' dir='ltr'><strong>iuvenalis</strong></span> <span class='ocrx_word' id='word_1_324' title='bbox 1231 3383 1333 3427; x_wconf 88' lang='lat' dir='ltr'><strong>sat.</strong></span> <span class='ocrx_word' id='word_1_325' title='bbox 1359 3369 1453 3437; x_wconf 73' lang='lat'><strong>10,</strong></span> <span class='ocrx_word' id='word_1_326' title='bbox 1470 3371 1626 3428; x_wconf 86' lang='lat' dir='ltr'><strong>Sedet</strong></span> <span class='ocrx_word' id='word_1_327' title='bbox 1649 3370 1743 3425; x_wconf 87' lang='lat' dir='ltr'><strong>illa</strong></span> <span class='ocrx_word' id='word_1_328' title='bbox 1765 3378 1947 3442; x_wconf 86' lang='lat' dir='ltr'><strong>parato</strong></span> <span class='ocrx_word' id='word_1_329' title='bbox 1968 3369 2152 3425; x_wconf 87' lang='lat' dir='ltr'><strong>Flam-</strong></span> 
     </span>
     <span class='ocr_line' id='line_1_56' title="bbox 565 3464 753 3501; baseline 0 0"><span class='ocrx_word' id='word_1_330' title='bbox 565 3464 677 3501; x_wconf 87' lang='lat' dir='ltr'><strong>meo</strong></span> <span class='ocrx_word' id='word_1_331' title='bbox 703 3466 753 3501; x_wconf 80' lang='grc'><strong>0.</strong></span> 
     </span>
    </p>
   </div>
   <div class='ocr_carea' id='block_1_56' title="bbox 565 3464 753 3503">
    <p class='ocr_par' dir='ltr' id='par_1_56' title="bbox 565 3464 753 3503">
     <span class='ocr_line' id='line_1_57' title="bbox 565 3464 753 3503; baseline -0.011 0"><span class='ocrx_word' id='word_1_332' title='bbox 565 3464 753 3503; x_wconf 76' lang='grc' dir='ltr'>ιιιιοιο.</span> 
     </span>
    </p>
   </div>
   <div class='ocr_carea' id='block_1_57' title="bbox 641 3512 2146 3584">
    <p class='ocr_par' dir='ltr' id='par_1_57' title="bbox 641 3512 2146 3584">
     <span class='ocr_line' id='line_1_58' title="bbox 641 3512 2146 3584; baseline -0.003 -11"><span class='ocrx_word' id='word_1_333' title='bbox 641 3516 801 3575; x_wconf 68' lang='lat'><strong>1094.</strong></span> <span class='ocrx_word' id='word_1_334' title='bbox 854 3516 930 3572; x_wconf 90' lang='lat' dir='ltr'><strong>De</strong></span> <span class='ocrx_word' id='word_1_335' title='bbox 958 3514 1110 3571; x_wconf 87' lang='lat' dir='ltr'><strong>vittis</strong></span> <span class='ocrx_word' id='word_1_336' title='bbox 1140 3513 1300 3584; x_wconf 91' lang='lat' dir='ltr'><strong>paulo</strong></span> <span class='ocrx_word' id='word_1_337' title='bbox 1344 3523 1490 3570; x_wconf 91' lang='lat' dir='ltr'><strong>ante.</strong></span> <span class='ocrx_word' id='word_1_338' title='bbox 1521 3512 1734 3584; x_wconf 81' lang='lat' dir='ltr'><strong>Lipsius</strong></span> <span class='ocrx_word' id='word_1_339' title='bbox 1764 3512 1858 3566; x_wconf 90' lang='lat' dir='ltr'><strong>lib.</strong></span> <span class='ocrx_word' id='word_1_340' title='bbox 1890 3528 1906 3566; x_wconf 92' lang='grc' dir='ltr'><strong>ι</strong></span> <span class='ocrx_word' id='word_1_341' title='bbox 1931 3514 2146 3568; x_wconf 75' lang='lat' dir='ltr'><strong>Saturn.</strong></span> 
     </span>
    </p>
   </div>
   <div class='ocr_carea' id='block_1_58' title="bbox 568 3583 2149 3658">
    <p class='ocr_par' dir='ltr' id='par_1_58' title="bbox 568 3583 2149 3658">
     <span class='ocr_line' id='line_1_59' title="bbox 568 3583 2149 3658; baseline -0.005 -12"><span class='ocrx_word' id='word_1_342' title='bbox 568 3605 761 3656; x_wconf 90' lang='lat' dir='ltr'><strong>serm.,</strong></span> <span class='ocrx_word' id='word_1_343' title='bbox 788 3603 908 3658; x_wconf 88' lang='lat' dir='ltr'><strong>cap.</strong></span> <span class='ocrx_word' id='word_1_344' title='bbox 939 3585 1027 3653; x_wconf 89' lang='grc'>15,</span> <span class='ocrx_word' id='word_1_345' title='bbox 1061 3583 1408 3642; x_wconf 87' lang='lat' dir='ltr'><strong>Prudentium</strong></span> <span class='ocrx_word' id='word_1_346' title='bbox 1447 3583 1617 3658; x_wconf 4' lang='lat' dir='ltr'><strong>quasi,</strong></span> <span class='ocrx_word' id='word_1_347' title='bbox 1644 3584 1866 3658; x_wconf 80' lang='lat' dir='ltr'><strong>bardum</strong></span> <span class='ocrx_word' id='word_1_348' title='bbox 1914 3584 2149 3658; x_wconf 80' lang='lat' dir='ltr'><strong>aliquem</strong></span> 
     </span>
    </p>
   </div>
   <div class='ocr_carea' id='block_1_59' title="bbox 565 3654 2147 3728">
    <p class='ocr_par' dir='ltr' id='par_1_59' title="bbox 565 3654 2147 3728">
     <span class='ocr_line' id='line_1_60' title="bbox 565 3654 2147 3728; baseline -0.005 -11"><span class='ocrx_word' id='word_1_349' title='bbox 565 3654 871 3717; x_wconf 74' lang='lat' dir='ltr'><strong>nostriva</strong></span> <span class='ocrx_word' id='word_1_350' title='bbox 895 3659 1191 3724; x_wconf 87' lang='lat' dir='ltr'><strong>hominem,</strong></span> <span class='ocrx_word' id='word_1_351' title='bbox 1220 3667 1312 3711; x_wconf 85' lang='lat' dir='ltr'><strong>aut</strong></span> <span class='ocrx_word' id='word_1_352' title='bbox 1339 3654 1565 3728; x_wconf 82' lang='lat' dir='ltr'><strong>puerum</strong></span> <span class='ocrx_word' id='word_1_353' title='bbox 1589 3656 1656 3728; x_wconf 87' lang='lat' dir='ltr'><strong>de</strong></span> <span class='ocrx_word' id='word_1_354' title='bbox 1678 3654 1861 3728; x_wconf 84' lang='lat' dir='ltr'><strong>schola</strong></span> <span class='ocrx_word' id='word_1_355' title='bbox 1895 3654 2147 3728; x_wconf 78' lang='lat' dir='ltr'><strong>traducit,</strong></span> 
     </span>
    </p>
   </div>
   <div class='ocr_carea' id='block_1_60' title="bbox 564 3725 2152 3799">
    <p class='ocr_par' dir='ltr' id='par_1_60' title="bbox 564 3725 2152 3799">
     <span class='ocr_line' id='line_1_61' title="bbox 564 3725 2152 3799; baseline -0.006 -11"><span class='ocrx_word' id='word_1_356' title='bbox 564 3743 621 3788; x_wconf 91' lang='lat' dir='ltr'><strong>et</strong></span> <span class='ocrx_word' id='word_1_357' title='bbox 648 3738 852 3786; x_wconf 89' lang='lat' dir='ltr'><strong>tantum</strong></span> <span class='ocrx_word' id='word_1_358' title='bbox 876 3745 982 3784; x_wconf 92' lang='lat' dir='ltr'><strong>non</strong></span> <span class='ocrx_word' id='word_1_359' title='bbox 1005 3728 1257 3799; x_wconf 85' lang='lat' dir='ltr'><strong>vapulare</strong></span> <span class='ocrx_word' id='word_1_360' title='bbox 1272 3725 1708 3799; x_wconf 16' lang='lat' dir='ltr'><strong>jubet.ALanista,</strong></span> <span class='ocrx_word' id='word_1_361' title='bbox 1734 3727 1831 3791; x_wconf 89' lang='lat' dir='ltr'><strong>ait,</strong></span> <span class='ocrx_word' id='word_1_362' title='bbox 1849 3725 2152 3799; x_wconf 58' lang='lat' dir='ltr'><strong>carniﬁcem</strong></span> 
     </span>
    </p>
   </div>
   <div class='ocr_carea' id='block_1_61' title="bbox 565 3794 2153 3874">
    <p class='ocr_par' dir='ltr' id='par_1_61' title="bbox 565 3794 2153 3874">
     <span class='ocr_line' id='line_1_62' title="bbox 565 3794 2153 3874; baseline -0.003 -19"><span class='ocrx_word' id='word_1_363' title='bbox 565 3802 798 3874; x_wconf 82' lang='lat' dir='ltr'><strong>designat</strong></span> <span class='ocrx_word' id='word_1_364' title='bbox 845 3816 908 3857; x_wconf 79' lang='lat' dir='ltr'><strong>ea:</strong></span> <span class='ocrx_word' id='word_1_365' title='bbox 950 3794 1175 3854; x_wconf 79' lang='lat' dir='ltr'><strong>Isidoro.</strong></span> <span class='ocrx_word' id='word_1_366' title='bbox 1253 3794 1360 3874; x_wconf 82' lang='lat' dir='ltr'><strong>Pro</strong></span> <span class='ocrx_word' id='word_1_367' title='bbox 1411 3797 1791 3874; x_wconf 76' lang='lat' dir='ltr'><strong>gladiatoribus</strong></span> <span class='ocrx_word' id='word_1_368' title='bbox 1839 3794 2153 3874; x_wconf 70' lang='lat' dir='ltr'><strong>Prudentius</strong></span> 
     </span>
    </p>
   </div>
   <div class='ocr_carea' id='block_1_62' title="bbox 444 3844 2152 3943">
    <p class='ocr_par' dir='ltr' id='par_1_62' title="bbox 444 3844 2152 3943">
     <span class='ocr_line' id='line_1_63' title="bbox 444 3844 2152 3943; baseline -0.003 -20"><span class='ocrx_word' id='word_1_369' title='bbox 444 3844 471 3923; x_wconf 7' lang='grc' dir='ltr'><strong>Ἴ,</strong></span> <span class='ocrx_word' id='word_1_370' title='bbox 843 3844 1277 3943; x_wconf 31' lang='lat' dir='ltr'><strong>Emi—ﬁmus:</strong></span> <span class='ocrx_word' id='word_1_371' title='bbox 1300 3844 2152 3943; x_wconf 34' lang='lat' dir='ltr'><strong>lavini—umis:</strong></span> 
     </span>
    </p>
   </div>
   <div class='ocr_carea' id='block_1_63' title="bbox 566 3936 2150 4012">
    <p class='ocr_par' dir='ltr' id='par_1_63' title="bbox 566 3936 2150 4012">
     <span class='ocr_line' id='line_1_64' title="bbox 566 3936 2150 4012; baseline -0.006 -14"><span class='ocrx_word' id='word_1_372' title='bbox 566 3946 651 3999; x_wconf 86' lang='lat' dir='ltr'><strong>sio</strong></span> <span class='ocrx_word' id='word_1_373' title='bbox 694 3936 932 4012; x_wconf 65' lang='lat' dir='ltr'><strong>quaeram</strong></span> <span class='ocrx_word' id='word_1_374' title='bbox 976 3936 1073 4012; x_wconf 77' lang='lat' dir='ltr'><strong>cur</strong></span> <span class='ocrx_word' id='word_1_375' title='bbox 1095 3936 1698 4012; x_wconf 68' lang='lat' dir='ltr'><strong>Prudentiuttrlsidoro</strong></span> <span class='ocrx_word' id='word_1_376' title='bbox 1744 3953 1851 4012; x_wconf 81' lang='lat' dir='ltr'><strong>non</strong></span> <span class='ocrx_word' id='word_1_377' title='bbox 1881 3936 2150 4012; x_wconf 70' lang='lat' dir='ltr'><strong>praeferat,</strong></span> 
     </span>
    </p>
   </div>
   <div class='ocr_carea' id='block_1_64' title="bbox 567 4006 2153 4078">
    <p class='ocr_par' dir='ltr' id='par_1_64' title="bbox 567 4006 2153 4078">
     <span class='ocr_line' id='line_1_65' title="bbox 567 4006 2153 4078; baseline -0.006 -10"><span class='ocrx_word' id='word_1_378' title='bbox 567 4014 616 4068; x_wconf 88' lang='lat' dir='ltr'><strong>si</strong></span> <span class='ocrx_word' id='word_1_379' title='bbox 640 4006 780 4067; x_wconf 72' lang='lat' dir='ltr'><strong>forte</strong></span> <span class='ocrx_word' id='word_1_380' title='bbox 808 4013 878 4065; x_wconf 90' lang='lat' dir='ltr'><strong>de</strong></span> <span class='ocrx_word' id='word_1_381' title='bbox 903 4011 1050 4064; x_wconf 82' lang='lat' dir='ltr'><strong>vocis</strong></span> <span class='ocrx_word' id='word_1_382' title='bbox 1078 4009 1305 4078; x_wconf 86' lang='lat' dir='ltr'><strong>alicujus</strong></span> <span class='ocrx_word' id='word_1_383' title='bbox 1343 4010 1733 4078; x_wconf 78' lang='lat' dir='ltr'><strong>signiﬁcatione</strong></span> <span class='ocrx_word' id='word_1_384' title='bbox 1779 4010 1918 4061; x_wconf 87' lang='lat' dir='ltr'><strong>inter</strong></span> <span class='ocrx_word' id='word_1_385' title='bbox 1956 4021 2016 4078; x_wconf 72' lang='lat' dir='ltr'><strong>se</strong></span> <span class='ocrx_word' id='word_1_386' title='bbox 2044 4006 2153 4078; x_wconf 78' lang='lat' dir='ltr'><strong>dis-</strong></span> 
     </span>
    </p>
   </div>
   <div class='ocr_carea' id='block_1_65' title="bbox 569 4076 2157 4148">
    <p class='ocr_par' dir='ltr' id='par_1_65' title="bbox 569 4076 2157 4148">
     <span class='ocr_line' id='line_1_66' title="bbox 569 4076 2157 4148; baseline -0.004 -11"><span class='ocrx_word' id='word_1_387' title='bbox 569 4083 819 4138; x_wconf 78' lang='lat' dir='ltr'><strong>sideant?</strong></span> <span class='ocrx_word' id='word_1_388' title='bbox 841 4082 1107 4135; x_wconf 62' lang='lat' dir='ltr'><strong>Praeterea</strong></span> <span class='ocrx_word' id='word_1_389' title='bbox 1129 4076 1269 4148; x_wconf 83' lang='lat' dir='ltr'><strong>apud</strong></span> <span class='ocrx_word' id='word_1_390' title='bbox 1291 4076 1553 4133; x_wconf 77' lang='lat' dir='ltr'><strong>Isidorum</strong></span> <span class='ocrx_word' id='word_1_391' title='bbox 1583 4079 1678 4133; x_wconf 89' lang='lat' dir='ltr'><strong>lib.</strong></span> <span class='ocrx_word' id='word_1_392' title='bbox 1698 4094 1727 4131; x_wconf 72' lang='grc' dir='ltr'><strong>χ</strong></span> <span class='ocrx_word' id='word_1_393' title='bbox 1752 4078 1952 4148; x_wconf 63' lang='lat' dir='ltr'><strong>tityon,</strong></span> <span class='ocrx_word' id='word_1_394' title='bbox 1979 4076 2063 4130; x_wconf 92' lang='lat' dir='ltr'><strong>lit.</strong></span> <span class='ocrx_word' id='word_1_395' title='bbox 2088 4076 2157 4146; x_wconf 72' lang='grc' dir='ltr'><strong>ιι,</strong></span> 
     </span>
    </p>
   </div>
   <div class='ocr_carea' id='block_1_66' title="bbox 572 4146 2158 4223">
    <p class='ocr_par' dir='ltr' id='par_1_66' title="bbox 572 4146 2158 4223">
     <span class='ocr_line' id='line_1_67' title="bbox 572 4146 2158 4223; baseline -0.004 -16"><span class='ocrx_word' id='word_1_396' title='bbox 572 4154 647 4207; x_wconf 84' lang='lat' dir='ltr'><strong>ita</strong></span> <span class='ocrx_word' id='word_1_397' title='bbox 676 4154 795 4223; x_wconf 84' lang='lat' dir='ltr'><strong>lego</strong></span> <span class='ocrx_word' id='word_1_398' title='bbox 828 4150 1090 4223; x_wconf 86' lang='lat' dir='ltr'><strong>:_Lanista</strong></span> <span class='ocrx_word' id='word_1_399' title='bbox 1115 4146 1397 4223; x_wconf 79' lang='lat' dir='ltr'><strong>gladiator,</strong></span> <span class='ocrx_word' id='word_1_400' title='bbox 1428 4150 1498 4223; x_wconf 74' lang='lat' dir='ltr'><strong>id</strong></span> <span class='ocrx_word' id='word_1_401' title='bbox 1514 4159 1585 4203; x_wconf 90' lang='lat' dir='ltr'><strong>est</strong></span> <span class='ocrx_word' id='word_1_402' title='bbox 1610 4146 1840 4218; x_wconf 66' lang='lat' dir='ltr'><strong>carnifeat</strong></span> <span class='ocrx_word' id='word_1_403' title='bbox 1863 4146 2026 4223; x_wconf 76' lang='lat' dir='ltr'><strong>Tusca</strong></span> <span class='ocrx_word' id='word_1_404' title='bbox 2056 4148 2158 4201; x_wconf 90' lang='lat' dir='ltr'><strong>lin-</strong></span> 
     </span>
    </p>
   </div>
   <div class='ocr_carea' id='block_1_67' title="bbox 570 4218 2156 4295">
    <p class='ocr_par' dir='ltr' id='par_1_67' title="bbox 570 4218 2156 4295">
     <span class='ocr_line' id='line_1_68' title="bbox 570 4218 2156 4295; baseline -0.003 -18"><span class='ocrx_word' id='word_1_405' title='bbox 570 4241 674 4295; x_wconf 87' lang='lat' dir='ltr'><strong>gua</strong></span> <span class='ocrx_word' id='word_1_406' title='bbox 708 4218 1021 4295; x_wconf 66' lang='lat' dir='ltr'><strong>appellatus,</strong></span> <span class='ocrx_word' id='word_1_407' title='bbox 1047 4237 1082 4275; x_wconf 91' lang='lat' dir='ltr'><strong>a</strong></span> <span class='ocrx_word' id='word_1_408' title='bbox 1109 4218 1358 4295; x_wconf 70' lang='lat' dir='ltr'><strong>laniando</strong></span> <span class='ocrx_word' id='word_1_409' title='bbox 1386 4220 1575 4295; x_wconf 78' lang='lat' dir='ltr'><strong>scilicet</strong></span> <span class='ocrx_word' id='word_1_410' title='bbox 1621 4234 1862 4295; x_wconf 79' lang='lat' dir='ltr'><strong>corpora.</strong></span> <span class='ocrx_word' id='word_1_411' title='bbox 1910 4218 2156 4295; x_wconf 66' lang='lat' dir='ltr'><strong>Donatus</strong></span> 
     </span>
    </p>
   </div>
   <div class='ocr_carea' id='block_1_68' title="bbox 571 4288 2158 4358">
    <p class='ocr_par' dir='ltr' id='par_1_68' title="bbox 571 4288 2158 4358">
     <span class='ocr_line' id='line_1_69' title="bbox 571 4288 2158 4358; baseline -0.003 -8"><span class='ocrx_word' id='word_1_412' title='bbox 571 4288 625 4350; x_wconf 75' lang='lat' dir='ltr'><strong>in</strong></span> <span class='ocrx_word' id='word_1_413' title='bbox 647 4288 907 4349; x_wconf 83' lang='lat' dir='ltr'><strong>Eunucho</strong></span> <span class='ocrx_word' id='word_1_414' title='bbox 934 4301 1042 4347; x_wconf 80' lang='lat' dir='ltr'><strong>act.</strong></span> <span class='ocrx_word' id='word_1_415' title='bbox 1063 4306 1123 4356; x_wconf 93' lang='grc' dir='ltr'>ιι,</span> <span class='ocrx_word' id='word_1_416' title='bbox 1153 4306 1303 4346; x_wconf 86' lang='lat' dir='ltr'><strong>scen.</strong></span> <span class='ocrx_word' id='word_1_417' title='bbox 1326 4291 1378 4355; x_wconf 89' lang='lat'><strong>2,</strong></span> <span class='ocrx_word' id='word_1_418' title='bbox 1403 4290 1567 4344; x_wconf 72' lang='lat' dir='ltr'><strong>lanios</strong></span> <span class='ocrx_word' id='word_1_419' title='bbox 1594 4290 1667 4343; x_wconf 86' lang='lat' dir='ltr'><strong>ait</strong></span> <span class='ocrx_word' id='word_1_420' title='bbox 1691 4304 1811 4344; x_wconf 83' lang='lat' dir='ltr'><strong>esse</strong></span> <span class='ocrx_word' id='word_1_421' title='bbox 1831 4288 1925 4358; x_wconf 90' lang='lat' dir='ltr'><strong>qui</strong></span> <span class='ocrx_word' id='word_1_422' title='bbox 1955 4290 2158 4345; x_wconf 85' lang='lat' dir='ltr'><strong>laniant</strong></span> 
     </span>
    </p>
   </div>
   <div class='ocr_carea' id='block_1_69' title="bbox 569 4360 2159 4436">
    <p class='ocr_par' dir='ltr' id='par_1_69' title="bbox 569 4360 2159 4436">
     <span class='ocr_line' id='line_1_70' title="bbox 569 4360 2159 4436; baseline -0.004 -15"><span class='ocrx_word' id='word_1_423' title='bbox 569 4379 787 4436; x_wconf 86' lang='lat' dir='ltr'><strong>pecora,</strong></span> <span class='ocrx_word' id='word_1_424' title='bbox 820 4363 962 4436; x_wconf 85' lang='lat' dir='ltr'><strong>unde</strong></span> <span class='ocrx_word' id='word_1_425' title='bbox 989 4371 1049 4436; x_wconf 74' lang='lat' dir='ltr'><strong>et</strong></span> <span class='ocrx_word' id='word_1_426' title='bbox 1069 4362 1293 4436; x_wconf 72' lang='lat' dir='ltr'><strong>laniStas</strong></span> <span class='ocrx_word' id='word_1_427' title='bbox 1312 4361 1487 4416; x_wconf 88' lang='lat' dir='ltr'><strong>dictos</strong></span> <span class='ocrx_word' id='word_1_428' title='bbox 1513 4360 2159 4436; x_wconf 45' lang='lat' dir='ltr'><strong>quidaniandisprmsunt</strong></span> 
     </span>
    </p>
   </div>
   <div class='ocr_carea' id='block_1_70' title="bbox 568 4430 2158 4507">
    <p class='ocr_par' dir='ltr' id='par_1_70' title="bbox 568 4430 2158 4507">
     <span class='ocr_line' id='line_1_71' title="bbox 568 4430 2158 4507; baseline -0.003 -16"><span class='ocrx_word' id='word_1_429' title='bbox 568 4430 973 4507; x_wconf 69' lang='lat' dir='ltr'><strong>gladiaturibus.</strong></span> <span class='ocrx_word' id='word_1_430' title='bbox 996 4433 1191 4507; x_wconf 80' lang='lat' dir='ltr'><strong>_Janus</strong></span> <span class='ocrx_word' id='word_1_431' title='bbox 1216 4432 1477 4507; x_wconf 73' lang='lat' dir='ltr'><strong>Gruterus</strong></span> <span class='ocrx_word' id='word_1_432' title='bbox 1505 4432 1572 4507; x_wconf 86' lang='lat' dir='ltr'><strong>ad</strong></span> <span class='ocrx_word' id='word_1_433' title='bbox 1603 4431 1840 4507; x_wconf 62' lang='lat' dir='ltr'><strong>Senecar</strong></span> <span class='ocrx_word' id='word_1_434' title='bbox 1865 4430 1961 4507; x_wconf 81' lang='lat' dir='ltr'><strong>lib.</strong></span> <span class='ocrx_word' id='word_1_435' title='bbox 1992 4446 2042 4507; x_wconf 86' lang='lat' dir='ltr'><strong>v_t</strong></span> <span class='ocrx_word' id='word_1_436' title='bbox 2089 4431 2158 4487; x_wconf 85' lang='lat' dir='ltr'><strong>de</strong></span> 
     </span>
    </p>
   </div>
   <div class='ocr_carea' id='block_1_71' title="bbox 570 4501 2153 4574">
    <p class='ocr_par' dir='ltr' id='par_1_71' title="bbox 570 4501 2153 4574">
     <span class='ocr_line' id='line_1_72' title="bbox 570 4501 2153 4574; baseline -0.004 -13"><span class='ocrx_word' id='word_1_437' title='bbox 570 4501 784 4573; x_wconf 60' lang='lat' dir='ltr'><strong>Bonet,</strong></span> <span class='ocrx_word' id='word_1_438' title='bbox 810 4521 931 4574; x_wconf 89' lang='lat' dir='ltr'><strong>cap.</strong></span> <span class='ocrx_word' id='word_1_439' title='bbox 957 4504 1047 4571; x_wconf 87' lang='lat'><strong>12,</strong></span> <span class='ocrx_word' id='word_1_440' title='bbox 1079 4502 1199 4558; x_wconf 89' lang='lat' dir='ltr'><strong>fuse</strong></span> <span class='ocrx_word' id='word_1_441' title='bbox 1222 4503 1445 4573; x_wconf 74' lang='lat' dir='ltr'><strong>exponit</strong></span> <span class='ocrx_word' id='word_1_442' title='bbox 1469 4504 1684 4574; x_wconf 82' lang='lat' dir='ltr'><strong>quinam</strong></span> <span class='ocrx_word' id='word_1_443' title='bbox 1708 4501 1908 4556; x_wconf 91' lang='lat' dir='ltr'><strong>fuerint</strong></span> <span class='ocrx_word' id='word_1_444' title='bbox 1929 4501 2153 4556; x_wconf 70' lang='lat' dir='ltr'><strong>lanistae.</strong></span> 
     </span>
    </p>
   </div>
   <div class='ocr_carea' id='block_1_72' title="bbox 569 4572 2157 4649">
    <p class='ocr_par' dir='ltr' id='par_1_72' title="bbox 569 4572 2157 4649">
     <span class='ocr_line' id='line_1_73' title="bbox 569 4572 2157 4649; baseline -0.005 -17"><span class='ocrx_word' id='word_1_445' title='bbox 569 4572 990 4649; x_wconf 16' lang='lat' dir='ltr'><strong>Aliqui’doceut</strong></span> <span class='ocrx_word' id='word_1_446' title='bbox 1037 4575 1207 4649; x_wconf 74' lang='lat' dir='ltr'><strong>fuisse</strong></span> <span class='ocrx_word' id='word_1_447' title='bbox 1249 4574 1531 4649; x_wconf 74' lang='lat' dir='ltr'><strong>ntagistros</strong></span> <span class='ocrx_word' id='word_1_448' title='bbox 1572 4572 1999 4649; x_wconf 70' lang='lat' dir='ltr'><strong>et_in_stitu_tores_</strong></span> <span class='ocrx_word' id='word_1_449' title='bbox 2040 4578 2157 4649; x_wconf 83' lang='lat' dir='ltr'><strong>gla-</strong></span> 
     </span>
    </p>
   </div>
   <div class='ocr_carea' id='block_1_73' title="bbox 570 4641 2158 4713">
    <p class='ocr_par' dir='ltr' id='par_1_73' title="bbox 570 4641 2158 4713">
     <span class='ocr_line' id='line_1_74' title="bbox 570 4641 2158 4713; baseline -0.005 -9"><span class='ocrx_word' id='word_1_450' title='bbox 570 4641 860 4705; x_wconf 73' lang='lat' dir='ltr'><strong>diatorum.</strong></span> <span class='ocrx_word' id='word_1_451' title='bbox 908 4646 1183 4701; x_wconf 69' lang='lat' dir='ltr'><strong>iuvenalis</strong></span> <span class='ocrx_word' id='word_1_452' title='bbox 1224 4655 1326 4698; x_wconf 87' lang='lat' dir='ltr'><strong>sat.</strong></span> <span class='ocrx_word' id='word_1_453' title='bbox 1342 4641 1417 4711; x_wconf 69' lang='grc'>’5,</span> <span class='ocrx_word' id='word_1_454' title='bbox 1454 4657 1595 4698; x_wconf 88' lang='lat' dir='ltr'><strong>vers.</strong></span> <span class='ocrx_word' id='word_1_455' title='bbox 1639 4645 1772 4699; x_wconf 79' lang='lat'><strong>157:</strong></span> <span class='ocrx_word' id='word_1_456' title='bbox 1808 4641 1911 4696; x_wconf 82' lang='lat' dir='ltr'><strong>llic</strong></span> <span class='ocrx_word' id='word_1_457' title='bbox 1941 4641 2158 4713; x_wconf 83' lang='lat' dir='ltr'><strong>plaudat</strong></span> 
     </span>
    </p>
   </div>
   <div class='ocr_carea' id='block_1_74' title="bbox 570 4719 1012 4789">
    <p class='ocr_par' dir='ltr' id='par_1_74' title="bbox 570 4719 1012 4789">
     <span class='ocr_line' id='line_1_75' title="bbox 570 4719 1012 4789; baseline -0.005 -18"><span class='ocrx_word' id='word_1_458' title='bbox 570 4719 718 4773; x_wconf 88' lang='lat' dir='ltr'><strong>nitidi</strong></span> <span class='ocrx_word' id='word_1_459' title='bbox 761 4721 1012 4789; x_wconf 78' lang='lat' dir='ltr'><strong>prteconis</strong></span> 
     </span>
    </p>
   </div>
   <div class='ocr_carea' id='block_1_75' title="bbox 570 4784 2154 4859">
    <p class='ocr_par' dir='ltr' id='par_1_75' title="bbox 570 4784 2154 4859">
     <span class='ocr_line' id='line_1_76' title="bbox 570 4784 2154 4859; baseline -0.003 -15"><span class='ocrx_word' id='word_1_460' title='bbox 570 4784 873 4859; x_wconf 73' lang='lat' dir='ltr'><strong>iuvenesque</strong></span> <span class='ocrx_word' id='word_1_461' title='bbox 901 4788 1120 4859; x_wconf 82' lang='lat' dir='ltr'><strong>lanistte.</strong></span> <span class='ocrx_word' id='word_1_462' title='bbox 1150 4786 1258 4859; x_wconf 10' lang='lat' dir='ltr'><strong>iUbi</strong></span> <span class='ocrx_word' id='word_1_463' title='bbox 1304 4786 1394 4839; x_wconf 85' lang='lat' dir='ltr'><strong>alii</strong></span> <span class='ocrx_word' id='word_1_464' title='bbox 1424 4796 1697 4854; x_wconf 75' lang='lat' dir='ltr'><strong>exponunt</strong></span> <span class='ocrx_word' id='word_1_465' title='bbox 1724 4784 1865 4839; x_wconf 86' lang='lat' dir='ltr'><strong>lilios</strong></span> <span class='ocrx_word' id='word_1_466' title='bbox 1897 4785 2154 4859; x_wconf 70' lang='lat' dir='ltr'><strong>principts</strong></span> 
     </span>
    </p>
   </div>
   <div class='ocr_carea' id='block_1_76' title="bbox 572 4855 2155 4929">
    <p class='ocr_par' dir='ltr' id='par_1_76' title="bbox 572 4855 2155 4929">
     <span class='ocr_line' id='line_1_77' title="bbox 572 4855 2155 4929; baseline -0.004 -15"><span class='ocrx_word' id='word_1_467' title='bbox 572 4855 926 4929; x_wconf 80' lang='lat' dir='ltr'><strong>gladiatorum</strong></span> <span class='ocrx_word' id='word_1_468' title='bbox 971 4858 1063 4926; x_wconf 89' lang='lat' dir='ltr'><strong>qui</strong></span> <span class='ocrx_word' id='word_1_469' title='bbox 1111 4857 1438 4926; x_wconf 78' lang='lat' dir='ltr'><strong>gladiatores</strong></span> <span class='ocrx_word' id='word_1_470' title='bbox 1487 4858 1823 4921; x_wconf 85' lang='lat' dir='ltr'><strong>Instruebat,</strong></span> <span class='ocrx_word' id='word_1_471' title='bbox 1871 4855 1964 4908; x_wconf 89' lang='lat' dir='ltr'><strong>alii</strong></span> <span class='ocrx_word' id='word_1_472' title='bbox 2015 4856 2155 4929; x_wconf 86' lang='lat' dir='ltr'><strong>lilios</strong></span> 
     </span>
    </p>
   </div>
   <div class='ocr_carea' id='block_1_77' title="bbox 574 4928 2157 5001">
    <p class='ocr_par' dir='ltr' id='par_1_77' title="bbox 574 4928 2157 5001">
     <span class='ocr_line' id='line_1_78' title="bbox 574 4928 2157 5001; baseline -0.003 -17"><span class='ocrx_word' id='word_1_473' title='bbox 574 4928 814 5001; x_wconf 78' lang='lat' dir='ltr'><strong>iuagisui</strong></span> <span class='ocrx_word' id='word_1_474' title='bbox 843 4930 1201 5001; x_wconf 71' lang='lat' dir='ltr'><strong>gladiatorum</strong></span> <span class='ocrx_word' id='word_1_475' title='bbox 1226 4928 1316 5001; x_wconf 84' lang='lat' dir='ltr'><strong>qui</strong></span> <span class='ocrx_word' id='word_1_476' title='bbox 1344 4936 1515 4980; x_wconf 87' lang='lat' dir='ltr'><strong>artem</strong></span> <span class='ocrx_word' id='word_1_477' title='bbox 1546 4941 1817 5001; x_wconf 84' lang='lat' dir='ltr'><strong>armorum</strong></span> <span class='ocrx_word' id='word_1_478' title='bbox 1851 4928 2157 5001; x_wconf 81' lang='lat' dir='ltr'><strong>tractando-</strong></span> 
     </span>
    </p>
   </div>
   <div class='ocr_carea' id='block_1_78' title="bbox 573 4996 2155 5066">
    <p class='ocr_par' dir='ltr' id='par_1_78' title="bbox 573 4996 2155 5066">
     <span class='ocr_line' id='line_1_79' title="bbox 573 4996 2155 5066; baseline -0.001 -12"><span class='ocrx_word' id='word_1_479' title='bbox 573 4996 690 5055; x_wconf 60' lang='lat' dir='ltr'><strong>run&#39;i</strong></span> <span class='ocrx_word' id='word_1_480' title='bbox 719 4996 966 5055; x_wconf 75' lang='lat' dir='ltr'><strong>docebat.</strong></span> <span class='ocrx_word' id='word_1_481' title='bbox 1020 4999 1346 5053; x_wconf 85' lang='lat' dir='ltr'><strong>Prudentius</strong></span> <span class='ocrx_word' id='word_1_482' title='bbox 1378 5011 1562 5065; x_wconf 80' lang='lat' dir='ltr'><strong>pruna:</strong></span> <span class='ocrx_word' id='word_1_483' title='bbox 1593 4996 1968 5066; x_wconf 77' lang='lat' dir='ltr'><strong>signiﬁcationi</strong></span> <span class='ocrx_word' id='word_1_484' title='bbox 2006 4997 2155 5053; x_wconf 86' lang='lat' dir='ltr'><strong>vocis</strong></span> 
     </span>
    </p>
   </div>
   <div class='ocr_carea' id='block_1_79' title="bbox 574 5072 1047 5124">
    <p class='ocr_par' dir='ltr' id='par_1_79' title="bbox 574 5072 1047 5124">
     <span class='ocr_line' id='line_1_80' title="bbox 574 5072 1047 5124; baseline -0.004 -1"><span class='ocrx_word' id='word_1_485' title='bbox 574 5072 775 5124; x_wconf 88' lang='lat' dir='ltr'><strong>laniare</strong></span> <span class='ocrx_word' id='word_1_486' title='bbox 802 5074 1047 5124; x_wconf 63' lang='lat' dir='ltr'><strong>inhaeret.</strong></span> 
     </span>
    </p>
   </div>
   <div class='ocr_carea' id='block_1_80' title="bbox 647 5136 2154 5205">
    <p class='ocr_par' dir='ltr' id='par_1_80' title="bbox 647 5136 2154 5205">
     <span class='ocr_line' id='line_1_81' title="bbox 647 5136 2154 5205; baseline -0.002 -9"><span class='ocrx_word' id='word_1_487' title='bbox 647 5141 806 5197; x_wconf 87' lang='grc'>1095.</span> <span class='ocrx_word' id='word_1_488' title='bbox 832 5142 887 5195; x_wconf 92' lang='lat' dir='ltr'><strong>ln</strong></span> <span class='ocrx_word' id='word_1_489' title='bbox 913 5141 1153 5196; x_wconf 84' lang='lat' dir='ltr'><strong>editione</strong></span> <span class='ocrx_word' id='word_1_490' title='bbox 1174 5138 1448 5194; x_wconf 87' lang='lat' dir='ltr'><strong>Parmensi</strong></span> <span class='ocrx_word' id='word_1_491' title='bbox 1478 5136 1751 5203; x_wconf 86' lang='lat' dir='ltr'><strong>mendose,</strong></span> <span class='ocrx_word' id='word_1_492' title='bbox 1779 5136 2002 5205; x_wconf 78' lang='lat' dir='ltr'><strong>edictus,</strong></span> <span class='ocrx_word' id='word_1_493' title='bbox 2026 5151 2154 5193; x_wconf 88' lang='lat' dir='ltr'><strong>con-</strong></span> 
     </span>
    </p>
   </div>
   <div class='ocr_carea' id='block_1_81' title="bbox 576 5213 822 5270">
    <p class='ocr_par' dir='ltr' id='par_1_81' title="bbox 576 5213 822 5270">
     <span class='ocr_line' id='line_1_82' title="bbox 576 5213 822 5270; baseline -0.016 0"><span class='ocrx_word' id='word_1_494' title='bbox 576 5213 822 5270; x_wconf 88' lang='lat' dir='ltr'><strong>iunctim.</strong></span> 
     </span>
    </p>
   </div>
   <div class='ocr_carea' id='block_1_82' title="bbox 574 5230 1868 5351">
    <p class='ocr_par' dir='ltr' id='par_1_82' title="bbox 574 5230 1868 5351">
     <span class='ocr_line' id='line_1_83' title="bbox 574 5230 1868 5351; baseline -0.007 -12"><span class='ocrx_word' id='word_1_495' title='bbox 574 5230 980 5347; x_wconf 28' lang='lat' dir='ltr'><strong>Nigidium“</strong></span> <span class='ocrx_word' id='word_1_496' title='bbox 1010 5284 1116 5351; x_wconf 86' lang='lat' dir='ltr'><strong>agit</strong></span> <span class='ocrx_word' id='word_1_497' title='bbox 1142 5298 1249 5337; x_wconf 90' lang='lat' dir='ltr'><strong>esse</strong></span> <span class='ocrx_word' id='word_1_498' title='bbox 1276 5295 1399 5336; x_wconf 90' lang='lat' dir='ltr'><strong>cum</strong></span> <span class='ocrx_word' id='word_1_499' title='bbox 1427 5280 1604 5350; x_wconf 84' lang='lat' dir='ltr'><strong>glossa</strong></span> <span class='ocrx_word' id='word_1_500' title='bbox 1629 5279 1868 5351; x_wconf 63' lang='lat' dir='ltr'><strong>aestimat.</strong></span> 
     </span>
    </p>
   </div>
   <div class='ocr_carea' id='block_1_83' title="bbox 647 5348 2152 5421">
    <p class='ocr_par' dir='ltr' id='par_1_83' title="bbox 647 5348 2152 5421">
     <span class='ocr_line' id='line_1_84' title="bbox 647 5348 2152 5421; baseline -0.005 -11"><span class='ocrx_word' id='word_1_501' title='bbox 647 5356 807 5410; x_wconf 83' lang='lat'><strong>1098.</strong></span> <span class='ocrx_word' id='word_1_502' title='bbox 856 5348 1072 5407; x_wconf 73' lang='lat' dir='ltr'><strong>Juretus</strong></span> <span class='ocrx_word' id='word_1_503' title='bbox 1102 5363 1353 5419; x_wconf 87' lang='lat' dir='ltr'><strong>testatur,</strong></span> <span class='ocrx_word' id='word_1_504' title='bbox 1384 5348 1449 5406; x_wconf 72' lang='grc' dir='ltr'><strong>ιη’</strong></span> <span class='ocrx_word' id='word_1_505' title='bbox 1487 5350 1803 5420; x_wconf 78' lang='lat' dir='ltr'><strong>quibusdam</strong></span> <span class='ocrx_word' id='word_1_506' title='bbox 1844 5348 2001 5405; x_wconf 87' lang='lat' dir='ltr'><strong>codd.</strong></span> <span class='ocrx_word' id='word_1_507' title='bbox 2046 5348 2152 5421; x_wconf 90' lang='lat' dir='ltr'><strong>legi</strong></span> 
     </span>
    </p>
   </div>
   <div class='ocr_carea' id='block_1_84' title="bbox 576 5421 2154 5496">
    <p class='ocr_par' dir='ltr' id='par_1_84' title="bbox 576 5421 2154 5496">
     <span class='ocr_line' id='line_1_85' title="bbox 576 5421 2154 5496; baseline -0.005 -14"><span class='ocrx_word' id='word_1_508' title='bbox 576 5429 719 5496; x_wconf 76' lang='lat' dir='ltr'><strong>virgo</strong></span> <span class='ocrx_word' id='word_1_509' title='bbox 760 5423 969 5477; x_wconf 73' lang='lat' dir='ltr'><strong>molesta</strong></span> <span class='ocrx_word' id='word_1_510' title='bbox 1001 5424 1141 5478; x_wconf 83' lang='lat' dir='ltr'><strong>facili</strong></span> <span class='ocrx_word' id='word_1_511' title='bbox 1181 5425 1350 5496; x_wconf 89' lang='lat' dir='ltr'><strong>lapsu.</strong></span> <span class='ocrx_word' id='word_1_512' title='bbox 1408 5421 1645 5476; x_wconf 78' lang='lat' dir='ltr'><strong>Modesta</strong></span> <span class='ocrx_word' id='word_1_513' title='bbox 1677 5421 1880 5475; x_wconf 87' lang='lat' dir='ltr'><strong>ironiee</strong></span> <span class='ocrx_word' id='word_1_514' title='bbox 1910 5435 2047 5496; x_wconf 79' lang='lat' dir='ltr'><strong>vera</strong></span> <span class='ocrx_word' id='word_1_515' title='bbox 2069 5432 2154 5496; x_wconf 82' lang='lat' dir='ltr'><strong>est</strong></span> 
     </span>
    </p>
   </div>
   <div class='ocr_carea' id='block_1_85' title="bbox 576 5492 2151 5562">
    <p class='ocr_par' dir='ltr' id='par_1_85' title="bbox 576 5492 2151 5562">
     <span class='ocr_line' id='line_1_86' title="bbox 576 5492 2151 5562; baseline -0.006 -8"><span class='ocrx_word' id='word_1_516' title='bbox 576 5492 782 5554; x_wconf 77' lang='lat' dir='ltr'><strong>lectio:</strong></span> <span class='ocrx_word' id='word_1_517' title='bbox 810 5503 867 5547; x_wconf 92' lang='lat' dir='ltr'><strong>ut</strong></span> <span class='ocrx_word' id='word_1_518' title='bbox 904 5503 1058 5549; x_wconf 86' lang='lat' dir='ltr'><strong>antea</strong></span> <span class='ocrx_word' id='word_1_519' title='bbox 1101 5492 1263 5562; x_wconf 87' lang='lat' dir='ltr'><strong>pudor</strong></span> <span class='ocrx_word' id='word_1_520' title='bbox 1290 5495 1460 5548; x_wconf 82' lang='lat' dir='ltr'><strong>almus</strong></span> <span class='ocrx_word' id='word_1_521' title='bbox 1484 5533 1500 5561; x_wconf 89' lang='lat'><strong>,</strong></span> <span class='ocrx_word' id='word_1_522' title='bbox 1551 5501 1597 5546; x_wconf 91' lang='lat' dir='ltr'><strong>et</strong></span> <span class='ocrx_word' id='word_1_523' title='bbox 1642 5507 1821 5560; x_wconf 69' lang='lat' dir='ltr'><strong>expers</strong></span> <span class='ocrx_word' id='word_1_524' title='bbox 1865 5492 2151 5562; x_wconf 80' lang='lat' dir='ltr'><strong>sanguinis.</strong></span> 
     </span>
    </p>
   </div>
   <div class='ocr_carea' id='block_1_86' title="bbox 577 5563 2150 5634">
    <p class='ocr_par' dir='ltr' id='par_1_86' title="bbox 577 5563 2150 5634">
     <span class='ocr_line' id='line_1_87' title="bbox 577 5563 2150 5634; baseline -0.006 -9"><span class='ocrx_word' id='word_1_525' title='bbox 577 5568 799 5625; x_wconf 77' lang='lat' dir='ltr'><strong>Veteres</strong></span> <span class='ocrx_word' id='word_1_526' title='bbox 824 5565 1067 5634; x_wconf 85' lang='lat' dir='ltr'><strong>pollicem</strong></span> <span class='ocrx_word' id='word_1_527' title='bbox 1091 5566 1363 5620; x_wconf 80' lang='lat' dir='ltr'><strong>vertebant</strong></span> <span class='ocrx_word' id='word_1_528' title='bbox 1385 5580 1509 5619; x_wconf 90' lang='lat' dir='ltr'><strong>cum</strong></span> <span class='ocrx_word' id='word_1_529' title='bbox 1531 5563 1770 5618; x_wconf 85' lang='lat' dir='ltr'><strong>favorem</strong></span> <span class='ocrx_word' id='word_1_530' title='bbox 1795 5563 2150 5631; x_wconf 87' lang='lat' dir='ltr'><strong>denegabant,</strong></span> 
     </span>
    </p>
   </div>
   <div class='ocr_carea' id='block_1_87' title="bbox 577 5633 2156 5706">
    <p class='ocr_par' dir='ltr' id='par_1_87' title="bbox 577 5633 2156 5706">
     <span class='ocr_line' id='line_1_88' title="bbox 577 5633 2156 5706; baseline -0.004 -11"><span class='ocrx_word' id='word_1_531' title='bbox 577 5651 634 5697; x_wconf 93' lang='lat' dir='ltr'><strong>et</strong></span> <span class='ocrx_word' id='word_1_532' title='bbox 659 5639 716 5693; x_wconf 91' lang='lat' dir='ltr'><strong>in</strong></span> <span class='ocrx_word' id='word_1_533' title='bbox 740 5633 1089 5706; x_wconf 76' lang='lat' dir='ltr'><strong>spectaculis,</strong></span> <span class='ocrx_word' id='word_1_534' title='bbox 1107 5651 1227 5690; x_wconf 88' lang='lat' dir='ltr'><strong>cum</strong></span> <span class='ocrx_word' id='word_1_535' title='bbox 1255 5645 1481 5689; x_wconf 88' lang='lat' dir='ltr'><strong>mortem</strong></span> <span class='ocrx_word' id='word_1_536' title='bbox 1507 5636 1861 5703; x_wconf 80' lang='lat' dir='ltr'><strong>imperabant.</strong></span> <span class='ocrx_word' id='word_1_537' title='bbox 1882 5633 2156 5706; x_wconf 69' lang='lat' dir='ltr'><strong>iuvenalis</strong></span> 
     </span>
    </p>
   </div>
   <div class='ocr_carea' id='block_1_88' title="bbox 576 5704 2151 5778">
    <p class='ocr_par' dir='ltr' id='par_1_88' title="bbox 576 5704 2151 5778">
     <span class='ocr_line' id='line_1_89' title="bbox 576 5704 2151 5778; baseline -0.006 -10"><span class='ocrx_word' id='word_1_538' title='bbox 576 5723 678 5768; x_wconf 83' lang='lat' dir='ltr'><strong>sat.</strong></span> <span class='ocrx_word' id='word_1_539' title='bbox 696 5710 752 5775; x_wconf 81' lang='lat'><strong>5,</strong></span> <span class='ocrx_word' id='word_1_540' title='bbox 772 5704 916 5763; x_wconf 78' lang='lat' dir='ltr'><strong>vers.</strong></span> <span class='ocrx_word' id='word_1_541' title='bbox 933 5707 1022 5772; x_wconf 81' lang='lat'><strong>36,</strong></span> <span class='ocrx_word' id='word_1_542' title='bbox 1056 5705 1208 5761; x_wconf 86' lang='lat' dir='ltr'><strong>Verso</strong></span> <span class='ocrx_word' id='word_1_543' title='bbox 1232 5706 1411 5774; x_wconf 81' lang='lat' dir='ltr'><strong>pollice</strong></span> <span class='ocrx_word' id='word_1_544' title='bbox 1432 5707 1589 5778; x_wconf 82' lang='lat' dir='ltr'><strong>vulgi,</strong></span> <span class='ocrx_word' id='word_1_545' title='bbox 1617 5706 1894 5771; x_wconf 87' lang='lat' dir='ltr'><strong>Quemlibet</strong></span> <span class='ocrx_word' id='word_1_546' title='bbox 1916 5704 2151 5759; x_wconf 82' lang='lat' dir='ltr'><strong>occidunt</strong></span> 
     </span>
    </p>
   </div>
   <div class='ocr_carea' id='block_1_89' title="bbox 579 5777 2152 5848">
    <p class='ocr_par' dir='ltr' id='par_1_89' title="bbox 579 5777 2152 5848">
     <span class='ocr_line' id='line_1_90' title="bbox 579 5777 2152 5848; baseline -0.003 -14"><span class='ocrx_word' id='word_1_547' title='bbox 579 5781 913 5848; x_wconf 78' lang='lat' dir='ltr'><strong>populariter.</strong></span> <span class='ocrx_word' id='word_1_548' title='bbox 961 5780 1157 5834; x_wconf 72' lang='lat' dir='ltr'><strong>Contra</strong></span> <span class='ocrx_word' id='word_1_549' title='bbox 1185 5778 1425 5848; x_wconf 80' lang='lat' dir='ltr'><strong>pollices,</strong></span> <span class='ocrx_word' id='word_1_550' title='bbox 1463 5777 1578 5830; x_wconf 87' lang='lat' dir='ltr'><strong>cum</strong></span> <span class='ocrx_word' id='word_1_551' title='bbox 1608 5777 1895 5848; x_wconf 71' lang='lat' dir='ltr'><strong>farcmnus,</strong></span> <span class='ocrx_word' id='word_1_552' title='bbox 1928 5789 2152 5845; x_wconf 82' lang='lat' dir='ltr'><strong>premere</strong></span> 
     </span>
    </p>
   </div>
   <div class='ocr_carea' id='block_1_90' title="bbox 576 5846 2150 5923">
    <p class='ocr_par' dir='ltr' id='par_1_90' title="bbox 576 5846 2150 5923">
     <span class='ocr_line' id='line_1_91' title="bbox 576 5846 2150 5923; baseline -0.006 -16"><span class='ocrx_word' id='word_1_553' title='bbox 576 5846 727 5907; x_wconf 83' lang='lat' dir='ltr'><strong>etiam</strong></span> <span class='ocrx_word' id='word_1_554' title='bbox 760 5851 1022 5921; x_wconf 83' lang='lat' dir='ltr'><strong>proverbio</strong></span> <span class='ocrx_word' id='word_1_555' title='bbox 1050 5846 1316 5923; x_wconf 83' lang='lat' dir='ltr'><strong>jubemur,</strong></span> <span class='ocrx_word' id='word_1_556' title='bbox 1361 5846 1536 5905; x_wconf 83' lang='lat' dir='ltr'><strong>aiebat</strong></span> <span class='ocrx_word' id='word_1_557' title='bbox 1581 5847 1781 5904; x_wconf 81' lang='lat' dir='ltr'><strong>Plinius</strong></span> <span class='ocrx_word' id='word_1_558' title='bbox 1825 5848 1917 5903; x_wconf 85' lang='lat' dir='ltr'><strong>lib.</strong></span> <span class='ocrx_word' id='word_1_559' title='bbox 1964 5858 2150 5914; x_wconf 62' lang='lat' dir='ltr'><strong>xum,</strong></span> 
     </span>
    </p>
   </div>
   <div class='ocr_carea' id='block_1_91' title="bbox 2178 3338 2225 3403">
    <p class='ocr_par' dir='ltr' id='par_1_91' title="bbox 2178 3338 2225 3403">
     <span class='ocr_line' id='line_1_92' title="bbox 2178 3338 2225 3403; baseline 0 0"><span class='ocrx_word' id='word_1_560' title='bbox 2178 3338 2225 3403; x_wconf 88' lang='lat' dir='ltr'><strong>C</strong></span> 
     </span>
    </p>
   </div>
   <div class='ocr_carea' id='block_1_92' title="bbox 2248 2026 3806 2105">
    <p class='ocr_par' dir='ltr' id='par_1_92' title="bbox 2248 2026 3806 2105">
     <span class='ocr_line' id='line_1_93' title="bbox 2248 2026 3806 2105; baseline -0.01 -16"><span class='ocrx_word' id='word_1_561' title='bbox 2248 2050 2369 2105; x_wconf 90' lang='lat' dir='ltr'><strong>cap.</strong></span> <span class='ocrx_word' id='word_1_562' title='bbox 2396 2033 2451 2086; x_wconf 83' lang='grc'><strong>2.</strong></span> <span class='ocrx_word' id='word_1_563' title='bbox 2480 2032 2658 2105; x_wconf 27' lang='grc' dir='ltr'>ηιιιιιιο</span> <span class='ocrx_word' id='word_1_564' title='bbox 2687 2030 2847 2105; x_wconf 69' lang='lat' dir='ltr'><strong>ritum</strong></span> <span class='ocrx_word' id='word_1_565' title='bbox 2879 2028 3373 2105; x_wconf 24' lang='lat' dir='ltr'><strong>illustrat‘Angelus</strong></span> <span class='ocrx_word' id='word_1_566' title='bbox 3397 2026 3692 2105; x_wconf 80' lang='lat' dir='ltr'><strong>Politianus</strong></span> <span class='ocrx_word' id='word_1_567' title='bbox 3729 2029 3806 2084; x_wconf 72' lang='lat' dir='ltr'><strong>Mi.</strong></span> 
     </span>
    </p>
   </div>
   <div class='ocr_carea' id='block_1_93' title="bbox 2246 2099 3807 2185">
    <p class='ocr_par' dir='ltr' id='par_1_93' title="bbox 2246 2099 3807 2185">
     <span class='ocr_line' id='line_1_94' title="bbox 2246 2099 3807 2185; baseline 0.001 -30"><span class='ocrx_word' id='word_1_568' title='bbox 2246 2099 2379 2185; x_wconf 50' lang='lat' dir='ltr'><strong>scel.</strong></span> <span class='ocrx_word' id='word_1_569' title='bbox 2405 2103 2605 2185; x_wconf 45' lang='lat' dir='ltr'><strong>.syllog.</strong></span> <span class='ocrx_word' id='word_1_570' title='bbox 2632 2099 2880 2185; x_wconf 59' lang='lat' dir='ltr'><strong>cap._42.</strong></span> <span class='ocrx_word' id='word_1_571' title='bbox 2903 2100 3127 2181; x_wconf 81' lang='lat' dir='ltr'><strong>Romani</strong></span> <span class='ocrx_word' id='word_1_572' title='bbox 3148 2103 3485 2185; x_wconf 59' lang='lat' dir='ltr'><strong>plerumque</strong></span> <span class='ocrx_word' id='word_1_573' title='bbox 3498 2100 3807 2185; x_wconf 66' lang='lat' dir='ltr'><strong>gladiatores</strong></span> 
     </span>
    </p>
   </div>
   <div class='ocr_carea' id='block_1_94' title="bbox 2248 2169 3810 2245">
    <p class='ocr_par' dir='ltr' id='par_1_94' title="bbox 2248 2169 3810 2245">
     <span class='ocr_line' id='line_1_95' title="bbox 2248 2169 3810 2245; baseline -0.007 -13"><span class='ocrx_word' id='word_1_574' title='bbox 2248 2178 2339 2245; x_wconf 85' lang='lat' dir='ltr'><strong>qui</strong></span> <span class='ocrx_word' id='word_1_575' title='bbox 2368 2169 2531 2245; x_wconf 73' lang='lat' dir='ltr'><strong>vitam</strong></span> <span class='ocrx_word' id='word_1_576' title='bbox 2556 2169 2617 2227; x_wconf 79' lang='lat' dir='ltr'><strong>in</strong></span> <span class='ocrx_word' id='word_1_577' title='bbox 2641 2169 2954 2245; x_wconf 65' lang='lat' dir='ltr'><strong>certamine</strong></span> <span class='ocrx_word' id='word_1_578' title='bbox 2998 2169 3624 2245; x_wconf 45' lang='lat' dir='ltr'><strong>impetrareucupiebant</strong></span> <span class='ocrx_word' id='word_1_579' title='bbox 3661 2172 3810 2229; x_wconf 80' lang='lat' dir='ltr'><strong>occidi</strong></span> 
     </span>
    </p>
   </div>
   <div class='ocr_carea' id='block_1_95' title="bbox 2247 2241 3810 2317">
    <p class='ocr_par' dir='ltr' id='par_1_95' title="bbox 2247 2241 3810 2317">
     <span class='ocr_line' id='line_1_96' title="bbox 2247 2241 3810 2317; baseline -0.004 -14"><span class='ocrx_word' id='word_1_580' title='bbox 2247 2241 2608 2317; x_wconf 80' lang='lat' dir='ltr'><strong>imperabant,</strong></span> <span class='ocrx_word' id='word_1_581' title='bbox 2638 2243 2849 2317; x_wconf 84' lang='lat' dir='ltr'><strong>illisque</strong></span> <span class='ocrx_word' id='word_1_582' title='bbox 2878 2241 3148 2317; x_wconf 75' lang='lat' dir='ltr'><strong>favebant,</strong></span> <span class='ocrx_word' id='word_1_583' title='bbox 3172 2244 3265 2309; x_wconf 89' lang='lat' dir='ltr'><strong>qui</strong></span> <span class='ocrx_word' id='word_1_584' title='bbox 3297 2241 3529 2317; x_wconf 80' lang='lat' dir='ltr'><strong>libenter</strong></span> <span class='ocrx_word' id='word_1_585' title='bbox 3556 2256 3810 2317; x_wconf 51' lang='lat' dir='ltr'><strong>mgrerenj</strong></span> 
     </span>
    </p>
   </div>
   <div class='ocr_carea' id='block_1_96' title="bbox 2251 2311 3812 2384">
    <p class='ocr_par' dir='ltr' id='par_1_96' title="bbox 2251 2311 3812 2384">
     <span class='ocr_line' id='line_1_97' title="bbox 2251 2311 3812 2384; baseline -0.003 -11"><span class='ocrx_word' id='word_1_586' title='bbox 2251 2311 2357 2382; x_wconf 70' lang='lat' dir='ltr'><strong>tur,</strong></span> <span class='ocrx_word' id='word_1_587' title='bbox 2384 2327 2473 2371; x_wconf 91' lang='lat' dir='ltr'><strong>aut</strong></span> <span class='ocrx_word' id='word_1_588' title='bbox 2505 2314 2755 2369; x_wconf 86' lang='lat' dir='ltr'><strong>ferociter</strong></span> <span class='ocrx_word' id='word_1_589' title='bbox 2768 2311 3016 2384; x_wconf 85' lang='lat' dir='ltr'><strong>gladium</strong></span> <span class='ocrx_word' id='word_1_590' title='bbox 3048 2312 3346 2384; x_wconf 77' lang='lat' dir='ltr'><strong>insererent</strong></span> <span class='ocrx_word' id='word_1_591' title='bbox 3367 2311 3576 2384; x_wconf 64' lang='lat' dir='ltr'><strong>jugulo.</strong></span> <span class='ocrx_word' id='word_1_592' title='bbox 3602 2311 3724 2381; x_wconf 82' lang='lat' dir='ltr'><strong>Ejus</strong></span> <span class='ocrx_word' id='word_1_593' title='bbox 3747 2314 3812 2368; x_wconf 83' lang='lat' dir='ltr'><strong>rei</strong></span> 
     </span>
    </p>
   </div>
   <div class='ocr_carea' id='block_1_97' title="bbox 2252 2381 3811 2452">
    <p class='ocr_par' dir='ltr' id='par_1_97' title="bbox 2252 2381 3811 2452">
     <span class='ocr_line' id='line_1_98' title="bbox 2252 2381 3811 2452; baseline -0.003 -9"><span class='ocrx_word' id='word_1_594' title='bbox 2252 2381 2560 2443; x_wconf 87' lang='lat' dir='ltr'><strong>testimonia</strong></span> <span class='ocrx_word' id='word_1_595' title='bbox 2601 2393 2727 2440; x_wconf 91' lang='lat' dir='ltr'><strong>sunt</strong></span> <span class='ocrx_word' id='word_1_596' title='bbox 2764 2381 2903 2452; x_wconf 67' lang='lat' dir='ltr'><strong>apud</strong></span> <span class='ocrx_word' id='word_1_597' title='bbox 2934 2383 3194 2438; x_wconf 84' lang='lat' dir='ltr'><strong>Senecam</strong></span> <span class='ocrx_word' id='word_1_598' title='bbox 3223 2381 3319 2437; x_wconf 90' lang='lat' dir='ltr'><strong>lib.</strong></span> <span class='ocrx_word' id='word_1_599' title='bbox 3350 2397 3366 2435; x_wconf 95' lang='grc' dir='ltr'><strong>ι</strong></span> <span class='ocrx_word' id='word_1_600' title='bbox 3393 2383 3461 2437; x_wconf 88' lang='lat' dir='ltr'><strong>de</strong></span> <span class='ocrx_word' id='word_1_601' title='bbox 3488 2382 3811 2451; x_wconf 82' lang='lat' dir='ltr'><strong>Tranquillit.</strong></span> 
     </span>
    </p>
   </div>
   <div class='ocr_carea' id='block_1_98' title="bbox 2251 2452 3811 2527">
    <p class='ocr_par' dir='ltr' id='par_1_98' title="bbox 2251 2452 3811 2527">
     <span class='ocr_line' id='line_1_99' title="bbox 2251 2452 3811 2527; baseline -0.003 -13"><span class='ocrx_word' id='word_1_602' title='bbox 2251 2460 2376 2514; x_wconf 59' lang='lat' dir='ltr'><strong>vitae</strong></span> <span class='ocrx_word' id='word_1_603' title='bbox 2398 2472 2520 2527; x_wconf 88' lang='lat' dir='ltr'><strong>cap.</strong></span> <span class='ocrx_word' id='word_1_604' title='bbox 2539 2457 2628 2523; x_wconf 87' lang='lat'><strong>11,</strong></span> <span class='ocrx_word' id='word_1_605' title='bbox 2653 2464 2709 2512; x_wconf 93' lang='lat' dir='ltr'><strong>et</strong></span> <span class='ocrx_word' id='word_1_606' title='bbox 2733 2454 2827 2527; x_wconf 88' lang='lat' dir='ltr'><strong>lib.</strong></span> <span class='ocrx_word' id='word_1_607' title='bbox 2852 2470 2868 2508; x_wconf 92' lang='grc' dir='ltr'><strong>ι</strong></span> <span class='ocrx_word' id='word_1_608' title='bbox 2895 2455 2963 2510; x_wconf 91' lang='lat' dir='ltr'><strong>de</strong></span> <span class='ocrx_word' id='word_1_609' title='bbox 2992 2453 3096 2527; x_wconf 65' lang='lat' dir='ltr'><strong>Ira,</strong></span> <span class='ocrx_word' id='word_1_610' title='bbox 3118 2467 3237 2527; x_wconf 83' lang='lat' dir='ltr'><strong>cap.</strong></span> <span class='ocrx_word' id='word_1_611' title='bbox 3259 2452 3316 2507; x_wconf 87' lang='lat'><strong>2.</strong></span> <span class='ocrx_word' id='word_1_612' title='bbox 3347 2452 3522 2527; x_wconf 71' lang='grc' dir='ltr'><strong>Νοειρ</strong></span> <span class='ocrx_word' id='word_1_613' title='bbox 3552 2452 3690 2527; x_wconf 87' lang='lat' dir='ltr'><strong>hanc</strong></span> <span class='ocrx_word' id='word_1_614' title='bbox 3710 2469 3811 2509; x_wconf 84' lang='lat' dir='ltr'><strong>cru-</strong></span> 
     </span>
    </p>
   </div>
   <div class='ocr_carea' id='block_1_99' title="bbox 2251 2523 3812 2597">
    <p class='ocr_par' dir='ltr' id='par_1_99' title="bbox 2251 2523 3812 2597">
     <span class='ocr_line' id='line_1_100' title="bbox 2251 2523 3812 2597; baseline -0.003 -12"><span class='ocrx_word' id='word_1_615' title='bbox 2251 2523 2527 2585; x_wconf 73' lang='lat' dir='ltr'><strong>delitatem</strong></span> <span class='ocrx_word' id='word_1_616' title='bbox 2568 2526 2856 2597; x_wconf 88' lang='lat' dir='ltr'><strong>gentilibus</strong></span> <span class='ocrx_word' id='word_1_617' title='bbox 2903 2524 3302 2597; x_wconf 69' lang='lat' dir='ltr'><strong>eXprobrabant</strong></span> <span class='ocrx_word' id='word_1_618' title='bbox 3322 2533 3443 2597; x_wconf 15' lang='lat' dir='ltr'><strong>,_rut</strong></span> <span class='ocrx_word' id='word_1_619' title='bbox 3471 2523 3812 2597; x_wconf 80' lang='lat' dir='ltr'><strong>Tertullianus</strong></span> 
     </span>
    </p>
   </div>
   <div class='ocr_carea' id='block_1_100' title="bbox 2251 2593 3811 2666">
    <p class='ocr_par' dir='ltr' id='par_1_100' title="bbox 2251 2593 3811 2666">
     <span class='ocr_line' id='line_1_101' title="bbox 2251 2593 3811 2666; baseline -0.003 -12"><span class='ocrx_word' id='word_1_620' title='bbox 2251 2601 2306 2655; x_wconf 93' lang='lat' dir='ltr'><strong>in</strong></span> <span class='ocrx_word' id='word_1_621' title='bbox 2357 2600 2451 2654; x_wconf 89' lang='lat' dir='ltr'><strong>lib.</strong></span> <span class='ocrx_word' id='word_1_622' title='bbox 2476 2598 2545 2653; x_wconf 89' lang='lat' dir='ltr'><strong>de</strong></span> <span class='ocrx_word' id='word_1_623' title='bbox 2572 2593 2854 2666; x_wconf 59' lang='lat' dir='ltr'><strong>&#39;Spectat.,</strong></span> <span class='ocrx_word' id='word_1_624' title='bbox 2902 2605 2956 2651; x_wconf 92' lang='lat' dir='ltr'><strong>et</strong></span> <span class='ocrx_word' id='word_1_625' title='bbox 2978 2593 3303 2650; x_wconf 76' lang='lat' dir='ltr'><strong>Lactantius</strong></span> <span class='ocrx_word' id='word_1_626' title='bbox 3351 2593 3447 2666; x_wconf 91' lang='lat' dir='ltr'><strong>lib.</strong></span> <span class='ocrx_word' id='word_1_627' title='bbox 3483 2610 3557 2659; x_wconf 88' lang='lat' dir='ltr'><strong>vt,</strong></span> <span class='ocrx_word' id='word_1_628' title='bbox 3588 2610 3703 2665; x_wconf 85' lang='lat' dir='ltr'><strong>cap.</strong></span> <span class='ocrx_word' id='word_1_629' title='bbox 3727 2594 3811 2649; x_wconf 87' lang='lat'><strong>20:</strong></span> 
     </span>
    </p>
   </div>
   <div class='ocr_carea' id='block_1_101' title="bbox 2254 2665 3813 2748">
    <p class='ocr_par' dir='ltr' id='par_1_101' title="bbox 2254 2665 3813 2748">
     <span class='ocr_line' id='line_1_102' title="bbox 2254 2665 3813 2748; baseline -0.002 -24"><span class='ocrx_word' id='word_1_630' title='bbox 2254 2672 2441 2748; x_wconf 70' lang='lat' dir='ltr'><strong>Qutero</strong></span> <span class='ocrx_word' id='word_1_631' title='bbox 2481 2685 2615 2723; x_wconf 90' lang='lat' dir='ltr'><strong>nunc</strong></span> <span class='ocrx_word' id='word_1_632' title='bbox 2641 2665 2722 2748; x_wconf 66' lang='lat' dir='ltr'><strong>an</strong></span> <span class='ocrx_word' id='word_1_633' title='bbox 2756 2669 2830 2739; x_wconf 86' lang='lat' dir='ltr'><strong>pii</strong></span> <span class='ocrx_word' id='word_1_634' title='bbox 2863 2669 3058 2748; x_wconf 71' lang='lat' dir='ltr'><strong>possint</strong></span> <span class='ocrx_word' id='word_1_635' title='bbox 3095 2675 3144 2720; x_wconf 90' lang='lat' dir='ltr'><strong>et</strong></span> <span class='ocrx_word' id='word_1_636' title='bbox 3181 2667 3310 2748; x_wconf 76' lang='lat' dir='ltr'><strong>justi</strong></span> <span class='ocrx_word' id='word_1_637' title='bbox 3340 2665 3716 2748; x_wconf 64' lang='lat' dir='ltr'><strong>hominesesse.</strong></span> <span class='ocrx_word' id='word_1_638' title='bbox 3741 2668 3813 2736; x_wconf 82' lang='lat' dir='ltr'><strong>qui</strong></span> 
     </span>
    </p>
   </div>
   <div class='ocr_carea' id='block_1_102' title="bbox 2251 2737 3815 2807">
    <p class='ocr_par' dir='ltr' id='par_1_102' title="bbox 2251 2737 3815 2807">
     <span class='ocr_line' id='line_1_103' title="bbox 2251 2737 3815 2807; baseline -0.004 -12"><span class='ocrx_word' id='word_1_639' title='bbox 2251 2742 2552 2797; x_wconf 85' lang='lat' dir='ltr'><strong>constitutos</strong></span> <span class='ocrx_word' id='word_1_640' title='bbox 2577 2738 2670 2794; x_wconf 85' lang='lat' dir='ltr'><strong>sub</strong></span> <span class='ocrx_word' id='word_1_641' title='bbox 2696 2737 2801 2793; x_wconf 83' lang='lat' dir='ltr'><strong>ictu</strong></span> <span class='ocrx_word' id='word_1_642' title='bbox 2829 2738 3006 2793; x_wconf 89' lang='lat' dir='ltr'><strong>mortis</strong></span> <span class='ocrx_word' id='word_1_643' title='bbox 3036 2753 3098 2791; x_wconf 88' lang='lat' dir='ltr'><strong>ac</strong></span> <span class='ocrx_word' id='word_1_644' title='bbox 3129 2737 3535 2792; x_wconf 84' lang='lat' dir='ltr'><strong>misericordiam</strong></span> <span class='ocrx_word' id='word_1_645' title='bbox 3562 2738 3815 2807; x_wconf 84' lang='lat' dir='ltr'><strong>deprecan-</strong></span> 
     </span>
    </p>
   </div>
   <div class='ocr_carea' id='block_1_103' title="bbox 2252 2808 3814 2880">
    <p class='ocr_par' dir='ltr' id='par_1_103' title="bbox 2252 2808 3814 2880">
     <span class='ocr_line' id='line_1_104' title="bbox 2252 2808 3814 2880; baseline -0.003 -14"><span class='ocrx_word' id='word_1_646' title='bbox 2252 2821 2347 2878; x_wconf 82' lang='lat' dir='ltr'><strong>tes,</strong></span> <span class='ocrx_word' id='word_1_647' title='bbox 2374 2829 2473 2865; x_wconf 82' lang='lat' dir='ltr'><strong>non</strong></span> <span class='ocrx_word' id='word_1_648' title='bbox 2496 2820 2697 2865; x_wconf 89' lang='lat' dir='ltr'><strong>tantum</strong></span> <span class='ocrx_word' id='word_1_649' title='bbox 2716 2812 2981 2880; x_wconf 88' lang='lat' dir='ltr'><strong>patiuntur</strong></span> <span class='ocrx_word' id='word_1_650' title='bbox 3003 2809 3189 2880; x_wconf 75' lang='lat' dir='ltr'><strong>occidi.</strong></span> <span class='ocrx_word' id='word_1_651' title='bbox 3212 2810 3302 2864; x_wconf 89' lang='lat' dir='ltr'><strong>sed</strong></span> <span class='ocrx_word' id='word_1_652' title='bbox 3318 2808 3615 2880; x_wconf 64' lang='lat' dir='ltr'><strong>efﬂagitant,</strong></span> <span class='ocrx_word' id='word_1_653' title='bbox 3639 2812 3814 2876; x_wconf 79' lang='lat' dir='ltr'><strong>ferunt-</strong></span> 
     </span>
    </p>
   </div>
   <div class='ocr_carea' id='block_1_104' title="bbox 2250 2878 3815 2955">
    <p class='ocr_par' dir='ltr' id='par_1_104' title="bbox 2250 2878 3815 2955">
     <span class='ocr_line' id='line_1_105' title="bbox 2250 2878 3815 2955; baseline -0.002 -18"><span class='ocrx_word' id='word_1_654' title='bbox 2250 2900 2350 2955; x_wconf 82' lang='lat' dir='ltr'><strong>que</strong></span> <span class='ocrx_word' id='word_1_655' title='bbox 2384 2883 2467 2955; x_wconf 4' lang='lat' dir='ltr'><strong>ad,</strong></span> <span class='ocrx_word' id='word_1_656' title='bbox 2494 2878 2978 2955; x_wconf 22' lang='lat' dir='ltr'><strong>mortemlcrudelia</strong></span> <span class='ocrx_word' id='word_1_657' title='bbox 3022 2892 3070 2933; x_wconf 90' lang='lat' dir='ltr'><strong>et</strong></span> <span class='ocrx_word' id='word_1_658' title='bbox 3113 2878 3395 2955; x_wconf 80' lang='lat' dir='ltr'><strong>inhumana</strong></span> <span class='ocrx_word' id='word_1_659' title='bbox 3432 2878 3709 2955; x_wconf 72' lang='lat' dir='ltr'><strong>suffragia,</strong></span> <span class='ocrx_word' id='word_1_660' title='bbox 3737 2894 3815 2934; x_wconf 80' lang='lat' dir='ltr'><strong>nec</strong></span> 
     </span>
    </p>
   </div>
   <div class='ocr_carea' id='block_1_105' title="bbox 2252 2950 3816 3021">
    <p class='ocr_par' dir='ltr' id='par_1_105' title="bbox 2252 2950 3816 3021">
     <span class='ocr_line' id='line_1_106' title="bbox 2252 2950 3816 3021; baseline -0.004 -12"><span class='ocrx_word' id='word_1_661' title='bbox 2252 2950 2543 3009; x_wconf 63' lang='lat' dir='ltr'><strong>uulneribus</strong></span> <span class='ocrx_word' id='word_1_662' title='bbox 2564 2953 2761 3018; x_wconf 88' lang='lat' dir='ltr'><strong>satiati,</strong></span> <span class='ocrx_word' id='word_1_663' title='bbox 2786 2968 2876 3006; x_wconf 87' lang='lat' dir='ltr'><strong>nec</strong></span> <span class='ocrx_word' id='word_1_664' title='bbox 2904 2966 3085 3006; x_wconf 86' lang='lat' dir='ltr'><strong>cruore</strong></span> <span class='ocrx_word' id='word_1_665' title='bbox 3108 2950 3374 3021; x_wconf 88' lang='lat' dir='ltr'><strong>contenti:</strong></span> <span class='ocrx_word' id='word_1_666' title='bbox 3398 2951 3523 3018; x_wconf 88' lang='lat' dir='ltr'><strong>quin</strong></span> <span class='ocrx_word' id='word_1_667' title='bbox 3548 2953 3695 3003; x_wconf 84' lang='lat' dir='ltr'><strong>etiam</strong></span> <span class='ocrx_word' id='word_1_668' title='bbox 3716 2965 3816 3021; x_wconf 83' lang='lat' dir='ltr'><strong>per-</strong></span> 
     </span>
    </p>
   </div>
   <div class='ocr_carea' id='block_1_106' title="bbox 2251 3020 3815 3097">
    <p class='ocr_par' dir='ltr' id='par_1_106' title="bbox 2251 3020 3815 3097">
     <span class='ocr_line' id='line_1_107' title="bbox 2251 3020 3815 3097; baseline -0.003 -18"><span class='ocrx_word' id='word_1_669' title='bbox 2251 3041 2426 3097; x_wconf 83' lang='lat' dir='ltr'><strong>cussos</strong></span> <span class='ocrx_word' id='word_1_670' title='bbox 2437 3026 2763 3097; x_wconf 78' lang='lat' dir='ltr'><strong>jacentesque</strong></span> <span class='ocrx_word' id='word_1_671' title='bbox 2784 3023 2941 3097; x_wconf 81' lang='lat' dir='ltr'><strong>repeti</strong></span> <span class='ocrx_word' id='word_1_672' title='bbox 2957 3021 3161 3097; x_wconf 79' lang='lat' dir='ltr'><strong>jubent,</strong></span> <span class='ocrx_word' id='word_1_673' title='bbox 3187 3030 3235 3075; x_wconf 88' lang='lat' dir='ltr'><strong>et</strong></span> <span class='ocrx_word' id='word_1_674' title='bbox 3259 3020 3508 3097; x_wconf 74' lang='lat' dir='ltr'><strong>cadavera</strong></span> <span class='ocrx_word' id='word_1_675' title='bbox 3535 3020 3815 3097; x_wconf 16' lang='lat' dir='ltr'><strong>i_c_tibusLdis-</strong></span> 
     </span>
    </p>
   </div>
   <div class='ocr_carea' id='block_1_107' title="bbox 2253 3090 3811 3232">
    <p class='ocr_par' dir='ltr' id='par_1_107' title="bbox 2253 3090 3811 3232">
     <span class='ocr_line' id='line_1_108' title="bbox 2253 3090 3811 3164; baseline -0.003 -14"><span class='ocrx_word' id='word_1_676' title='bbox 2253 3090 2455 3164; x_wconf 46' lang='lat' dir='ltr'><strong>sipari,’</strong></span> <span class='ocrx_word' id='word_1_677' title='bbox 2469 3111 2531 3150; x_wconf 90' lang='lat' dir='ltr'><strong>ne</strong></span> <span class='ocrx_word' id='word_1_678' title='bbox 2549 3095 2661 3163; x_wconf 89' lang='lat' dir='ltr'><strong>quis</strong></span> <span class='ocrx_word' id='word_1_679' title='bbox 2681 3090 2798 3147; x_wconf 84' lang='lat' dir='ltr'><strong>illos</strong></span> <span class='ocrx_word' id='word_1_680' title='bbox 2819 3090 3061 3147; x_wconf 78' lang='lat' dir='ltr'><strong>simulata</strong></span> <span class='ocrx_word' id='word_1_681' title='bbox 3089 3101 3251 3146; x_wconf 88' lang='lat' dir='ltr'><strong>morte</strong></span> <span class='ocrx_word' id='word_1_682' title='bbox 3270 3090 3500 3146; x_wconf 85' lang='lat' dir='ltr'><strong>deludat.</strong></span> <span class='ocrx_word' id='word_1_683' title='bbox 3530 3091 3612 3146; x_wconf 85' lang='lat' dir='ltr'><strong>Ab</strong></span> <span class='ocrx_word' id='word_1_684' title='bbox 3641 3091 3811 3159; x_wconf 86' lang='lat' dir='ltr'><strong>hujus-</strong></span> 
     </span>
     <span class='ocr_line' id='line_1_109' title="bbox 2254 3162 3811 3232; baseline -0.003 -11"><span class='ocrx_word' id='word_1_685' title='bbox 2254 3166 2400 3221; x_wconf 92' lang='lat' dir='ltr'><strong>modi</strong></span> <span class='ocrx_word' id='word_1_686' title='bbox 2432 3165 2670 3221; x_wconf 90' lang='lat' dir='ltr'><strong>cruentis</strong></span> <span class='ocrx_word' id='word_1_687' title='bbox 2697 3163 3020 3230; x_wconf 86' lang='lat' dir='ltr'><strong>spectaculis</strong></span> <span class='ocrx_word' id='word_1_688' title='bbox 3049 3177 3262 3232; x_wconf 77' lang='lat' dir='ltr'><strong>semper</strong></span> <span class='ocrx_word' id='word_1_689' title='bbox 3305 3162 3650 3218; x_wconf 82' lang='lat' dir='ltr'><strong>abhorruisse</strong></span> <span class='ocrx_word' id='word_1_690' title='bbox 3672 3162 3811 3216; x_wconf 74' lang='lat' dir='ltr'><strong>Chri-</strong></span> 
     </span>
    </p>
   </div>
   <div class='ocr_carea' id='block_1_108' title="bbox 2254 3232 3811 3316">
    <p class='ocr_par' dir='ltr' id='par_1_108' title="bbox 2254 3232 3811 3316">
     <span class='ocr_line' id='line_1_110' title="bbox 2254 3232 3811 3316; baseline -0.003 -25"><span class='ocrx_word' id='word_1_691' title='bbox 2254 3238 2481 3304; x_wconf 88' lang='lat' dir='ltr'><strong>stianos,</strong></span> <span class='ocrx_word' id='word_1_692' title='bbox 2516 3236 2689 3316; x_wconf 75' lang='lat' dir='ltr'><strong>multo</strong></span> <span class='ocrx_word' id='word_1_693' title='bbox 2709 3250 2838 3316; x_wconf 81' lang='lat' dir='ltr'><strong>vero</strong></span> <span class='ocrx_word' id='word_1_694' title='bbox 2874 3235 3043 3305; x_wconf 85' lang='lat' dir='ltr'><strong>magis</strong></span> <span class='ocrx_word' id='word_1_695' title='bbox 3068 3247 3163 3316; x_wconf 80' lang='lat' dir='ltr'><strong>eos</strong></span> <span class='ocrx_word' id='word_1_696' title='bbox 3198 3232 3288 3302; x_wconf 91' lang='lat' dir='ltr'><strong>qui</strong></span> <span class='ocrx_word' id='word_1_697' title='bbox 3331 3232 3473 3288; x_wconf 87' lang='lat' dir='ltr'><strong>inter</strong></span> <span class='ocrx_word' id='word_1_698' title='bbox 3493 3233 3811 3288; x_wconf 85' lang='lat' dir='ltr'><strong>Christianos</strong></span> 
     </span>
    </p>
   </div>
   <div class='ocr_carea' id='block_1_109' title="bbox 2254 3307 3496 3369">
    <p class='ocr_par' dir='ltr' id='par_1_109' title="bbox 2254 3307 3496 3369">
     <span class='ocr_line' id='line_1_111' title="bbox 2254 3307 3496 3369; baseline -0.004 -6"><span class='ocrx_word' id='word_1_699' title='bbox 2254 3320 2532 3363; x_wconf 88' lang='lat' dir='ltr'><strong>sacrorum</strong></span> <span class='ocrx_word' id='word_1_700' title='bbox 2563 3307 2862 3361; x_wconf 90' lang='lat' dir='ltr'><strong>ministerio</strong></span> <span class='ocrx_word' id='word_1_701' title='bbox 2886 3313 3158 3369; x_wconf 87' lang='lat' dir='ltr'><strong>vacarent,</strong></span> <span class='ocrx_word' id='word_1_702' title='bbox 3185 3314 3369 3359; x_wconf 89' lang='lat' dir='ltr'><strong>notum</strong></span> <span class='ocrx_word' id='word_1_703' title='bbox 3394 3314 3496 3358; x_wconf 90' lang='lat' dir='ltr'><strong>est.</strong></span> 
     </span>
    </p>
   </div>
   <div class='ocr_carea' id='block_1_110' title="bbox 2328 3374 3815 3446">
    <p class='ocr_par' dir='ltr' id='par_1_110' title="bbox 2328 3374 3815 3446">
     <span class='ocr_line' id='line_1_112' title="bbox 2328 3374 3815 3446; baseline -0.004 -14"><span class='ocrx_word' id='word_1_704' title='bbox 2328 3378 2485 3433; x_wconf 87' lang='lat'><strong>1100.</strong></span> <span class='ocrx_word' id='word_1_705' title='bbox 2538 3378 2609 3431; x_wconf 91' lang='lat' dir='ltr'><strong>De</strong></span> <span class='ocrx_word' id='word_1_706' title='bbox 2639 3388 2887 3432; x_wconf 83' lang='lat' dir='ltr'><strong>secutore</strong></span> <span class='ocrx_word' id='word_1_707' title='bbox 2922 3376 3037 3430; x_wconf 65' lang='lat' dir='ltr'><strong>haec</strong></span> <span class='ocrx_word' id='word_1_708' title='bbox 3072 3374 3308 3446; x_wconf 84' lang='lat' dir='ltr'><strong>Isidorus</strong></span> <span class='ocrx_word' id='word_1_709' title='bbox 3347 3374 3441 3429; x_wconf 91' lang='lat' dir='ltr'><strong>lib.</strong></span> <span class='ocrx_word' id='word_1_710' title='bbox 3472 3390 3598 3446; x_wconf 75' lang='lat' dir='ltr'><strong>svnt</strong></span> <span class='ocrx_word' id='word_1_711' title='bbox 3630 3374 3815 3446; x_wconf 65' lang='lat' dir='ltr'><strong>Etyqn,</strong></span> 
     </span>
    </p>
   </div>
   <div class='ocr_carea' id='block_1_111' title="bbox 2253 3444 3819 3516">
    <p class='ocr_par' dir='ltr' id='par_1_111' title="bbox 2253 3444 3819 3516">
     <span class='ocr_line' id='line_1_113' title="bbox 2253 3444 3819 3516; baseline -0.003 -12"><span class='ocrx_word' id='word_1_712' title='bbox 2253 3464 2373 3516; x_wconf 89' lang='lat' dir='ltr'><strong>cap.</strong></span> <span class='ocrx_word' id='word_1_713' title='bbox 2408 3448 2497 3503; x_wconf 90' lang='grc'><strong>55.</strong></span> <span class='ocrx_word' id='word_1_714' title='bbox 2528 3449 2742 3502; x_wconf 87' lang='lat' dir='ltr'><strong>Secutor</strong></span> <span class='ocrx_word' id='word_1_715' title='bbox 2781 3449 2844 3501; x_wconf 92' lang='lat' dir='ltr'><strong>ab</strong></span> <span class='ocrx_word' id='word_1_716' title='bbox 2886 3445 3194 3515; x_wconf 88' lang='lat' dir='ltr'><strong>insequendo</strong></span> <span class='ocrx_word' id='word_1_717' title='bbox 3226 3446 3490 3516; x_wconf 85' lang='lat' dir='ltr'><strong>retiarium</strong></span> <span class='ocrx_word' id='word_1_718' title='bbox 3518 3444 3819 3500; x_wconf 44' lang='lat' dir='ltr'><strong>dictata—Ge-</strong></span> 
     </span>
    </p>
   </div>
   <div class='ocr_carea' id='block_1_112' title="bbox 2253 3515 3819 3589">
    <p class='ocr_par' dir='ltr' id='par_1_112' title="bbox 2253 3515 3819 3589">
     <span class='ocr_line' id='line_1_114' title="bbox 2253 3515 3819 3589; baseline -0.003 -16"><span class='ocrx_word' id='word_1_719' title='bbox 2253 3515 2417 3573; x_wconf 88' lang='lat' dir='ltr'><strong>stabat</strong></span> <span class='ocrx_word' id='word_1_720' title='bbox 2450 3518 2581 3573; x_wconf 87' lang='lat' dir='ltr'><strong>enim</strong></span> <span class='ocrx_word' id='word_1_721' title='bbox 2611 3519 2972 3589; x_wconf 79' lang='lat' dir='ltr'><strong>cuspidem,et</strong></span> <span class='ocrx_word' id='word_1_722' title='bbox 3001 3532 3221 3570; x_wconf 87' lang='lat' dir='ltr'><strong>massam</strong></span> <span class='ocrx_word' id='word_1_723' title='bbox 3250 3515 3569 3589; x_wconf 83' lang='lat' dir='ltr'><strong>plumbeam,</strong></span> <span class='ocrx_word' id='word_1_724' title='bbox 3598 3532 3712 3579; x_wconf 69' lang='lat' dir='ltr'><strong>que</strong></span> <span class='ocrx_word' id='word_1_725' title='bbox 3732 3518 3819 3589; x_wconf 86' lang='lat' dir='ltr'><strong>ad-</strong></span> 
     </span>
    </p>
   </div>
   <div class='ocr_carea' id='block_1_113' title="bbox 2253 3586 3820 3726">
    <p class='ocr_par' dir='ltr' id='par_1_113' title="bbox 2253 3586 3820 3726">
     <span class='ocr_line' id='line_1_115' title="bbox 2253 3586 3818 3663; baseline -0.003 -20"><span class='ocrx_word' id='word_1_726' title='bbox 2253 3590 2464 3643; x_wconf 86' lang='lat' dir='ltr'><strong>versarii</strong></span> <span class='ocrx_word' id='word_1_727' title='bbox 2480 3586 2717 3663; x_wconf 85' lang='lat' dir='ltr'><strong>jaculum</strong></span> <span class='ocrx_word' id='word_1_728' title='bbox 2742 3588 3023 3657; x_wconf 78' lang='lat' dir='ltr'><strong>impediret,</strong></span> <span class='ocrx_word' id='word_1_729' title='bbox 3047 3597 3102 3641; x_wconf 86' lang='lat' dir='ltr'><strong>ut</strong></span> <span class='ocrx_word' id='word_1_730' title='bbox 3123 3586 3394 3656; x_wconf 64' lang='lat' dir='ltr'><strong>anteanam</strong></span> <span class='ocrx_word' id='word_1_731' title='bbox 3415 3587 3501 3642; x_wconf 89' lang='lat' dir='ltr'><strong>ille</strong></span> <span class='ocrx_word' id='word_1_732' title='bbox 3524 3586 3691 3655; x_wconf 77' lang='lat' dir='ltr'><strong>feriret</strong></span> <span class='ocrx_word' id='word_1_733' title='bbox 3710 3588 3818 3651; x_wconf 87' lang='lat' dir='ltr'><strong>reti,</strong></span> 
     </span>
     <span class='ocr_line' id='line_1_116' title="bbox 2254 3657 3820 3726; baseline -0.001 -14"><span class='ocrx_word' id='word_1_734' title='bbox 2254 3662 2337 3715; x_wconf 88' lang='lat' dir='ltr'><strong>ltic</strong></span> <span class='ocrx_word' id='word_1_735' title='bbox 2358 3669 2704 3726; x_wconf 71' lang='lat' dir='ltr'><strong>exsuperaret.</strong></span> <span class='ocrx_word' id='word_1_736' title='bbox 2757 3658 2886 3713; x_wconf 78' lang='lat' dir='ltr'><strong>Htec</strong></span> <span class='ocrx_word' id='word_1_737' title='bbox 2911 3668 3173 3712; x_wconf 84' lang='lat' dir='ltr'><strong>armatura</strong></span> <span class='ocrx_word' id='word_1_738' title='bbox 3200 3664 3402 3712; x_wconf 90' lang='lat' dir='ltr'><strong>sacrata</strong></span> <span class='ocrx_word' id='word_1_739' title='bbox 3429 3668 3537 3711; x_wconf 87' lang='lat' dir='ltr'><strong>erat</strong></span> <span class='ocrx_word' id='word_1_740' title='bbox 3575 3657 3820 3711; x_wconf 79' lang='lat' dir='ltr'><strong>Vulcano:</strong></span> 
     </span>
    </p>
   </div>
   <div class='ocr_carea' id='block_1_114' title="bbox 2253 3726 3822 3801">
    <p class='ocr_par' dir='ltr' id='par_1_114' title="bbox 2253 3726 3822 3801">
     <span class='ocr_line' id='line_1_117' title="bbox 2253 3726 3822 3801; baseline -0.003 -16"><span class='ocrx_word' id='word_1_741' title='bbox 2253 3732 2387 3800; x_wconf 87' lang='lat' dir='ltr'><strong>ignis</strong></span> <span class='ocrx_word' id='word_1_742' title='bbox 2416 3731 2549 3785; x_wconf 88' lang='lat' dir='ltr'><strong>enim</strong></span> <span class='ocrx_word' id='word_1_743' title='bbox 2576 3745 2771 3801; x_wconf 88' lang='lat' dir='ltr'><strong>semper</strong></span> <span class='ocrx_word' id='word_1_744' title='bbox 2798 3745 2981 3796; x_wconf 69' lang='lat' dir='ltr'><strong>aquam</strong></span> <span class='ocrx_word' id='word_1_745' title='bbox 3007 3726 3323 3801; x_wconf 80' lang='lat' dir='ltr'><strong>insequitur;</strong></span> <span class='ocrx_word' id='word_1_746' title='bbox 3371 3729 3584 3799; x_wconf 76' lang='lat' dir='ltr'><strong>ideoque</strong></span> <span class='ocrx_word' id='word_1_747' title='bbox 3610 3745 3723 3782; x_wconf 84' lang='lat' dir='ltr'><strong>cum</strong></span> <span class='ocrx_word' id='word_1_748' title='bbox 3749 3744 3822 3781; x_wconf 87' lang='lat' dir='ltr'><strong>re-</strong></span> 
     </span>
    </p>
   </div>
   <div class='ocr_carea' id='block_1_115' title="bbox 2256 3799 3821 3870">
    <p class='ocr_par' dir='ltr' id='par_1_115' title="bbox 2256 3799 3821 3870">
     <span class='ocr_line' id='line_1_118' title="bbox 2256 3799 3821 3870; baseline -0.003 -14"><span class='ocrx_word' id='word_1_749' title='bbox 2256 3799 2410 3856; x_wconf 84' lang='lat' dir='ltr'><strong>tiario</strong></span> <span class='ocrx_word' id='word_1_750' title='bbox 2437 3799 2850 3870; x_wconf 85' lang='lat' dir='ltr'><strong>componebatur,</strong></span> <span class='ocrx_word' id='word_1_751' title='bbox 2874 3801 2993 3870; x_wconf 89' lang='lat' dir='ltr'><strong>quia</strong></span> <span class='ocrx_word' id='word_1_752' title='bbox 3018 3799 3149 3870; x_wconf 85' lang='lat' dir='ltr'><strong>ignis</strong></span> <span class='ocrx_word' id='word_1_753' title='bbox 3174 3806 3221 3853; x_wconf 88' lang='lat' dir='ltr'><strong>et</strong></span> <span class='ocrx_word' id='word_1_754' title='bbox 3248 3814 3382 3867; x_wconf 89' lang='lat' dir='ltr'><strong>aqua</strong></span> <span class='ocrx_word' id='word_1_755' title='bbox 3412 3816 3605 3870; x_wconf 85' lang='lat' dir='ltr'><strong>semper</strong></span> <span class='ocrx_word' id='word_1_756' title='bbox 3630 3802 3753 3852; x_wconf 80' lang='lat' dir='ltr'><strong>inter</strong></span> <span class='ocrx_word' id='word_1_757' title='bbox 3774 3814 3821 3852; x_wconf 86' lang='lat' dir='ltr'><strong>se</strong></span> 
     </span>
    </p>
   </div>
   <div class='ocr_carea' id='block_1_116' title="bbox 2252 3869 3819 3935">
    <p class='ocr_par' dir='ltr' id='par_1_116' title="bbox 2252 3869 3819 3935">
     <span class='ocr_line' id='line_1_119' title="bbox 2252 3869 3819 3935; baseline -0.003 -10"><span class='ocrx_word' id='word_1_758' title='bbox 2252 3873 2464 3926; x_wconf 89' lang='lat' dir='ltr'><strong>inimica</strong></span> <span class='ocrx_word' id='word_1_759' title='bbox 2500 3869 2635 3924; x_wconf 83' lang='lat' dir='ltr'><strong>sunt.</strong></span> <span class='ocrx_word' id='word_1_760' title='bbox 2681 3871 2755 3926; x_wconf 88' lang='lat' dir='ltr'><strong>De</strong></span> <span class='ocrx_word' id='word_1_761' title='bbox 2785 3869 3003 3926; x_wconf 85' lang='lat' dir='ltr'><strong>retiatio</strong></span> <span class='ocrx_word' id='word_1_762' title='bbox 3030 3869 3209 3924; x_wconf 79' lang='lat' dir='ltr'><strong>autem</strong></span> <span class='ocrx_word' id='word_1_763' title='bbox 3248 3870 3390 3925; x_wconf 91' lang='lat' dir='ltr'><strong>idem</strong></span> <span class='ocrx_word' id='word_1_764' title='bbox 3440 3869 3668 3924; x_wconf 87' lang='lat' dir='ltr'><strong>Isidorus</strong></span> <span class='ocrx_word' id='word_1_765' title='bbox 3708 3885 3819 3935; x_wconf 84' lang='lat' dir='ltr'><strong>cap.</strong></span> 
     </span>
    </p>
   </div>
   <div class='ocr_carea' id='block_1_117' title="bbox 2258 3934 3823 4012">
    <p class='ocr_par' dir='ltr' id='par_1_117' title="bbox 2258 3934 3823 4012">
     <span class='ocr_line' id='line_1_120' title="bbox 2258 3934 3823 4012; baseline -0.003 -16"><span class='ocrx_word' id='word_1_766' title='bbox 2258 3934 2489 4012; x_wconf 64' lang='lat' dir='ltr'><strong>prteced.</strong></span> <span class='ocrx_word' id='word_1_767' title='bbox 2516 3959 2530 3995; x_wconf 91' lang='lat'><strong>:</strong></span> <span class='ocrx_word' id='word_1_768' title='bbox 2563 3941 2821 3996; x_wconf 84' lang='lat' dir='ltr'><strong>Retiarius</strong></span> <span class='ocrx_word' id='word_1_769' title='bbox 2846 3948 2908 3995; x_wconf 84' lang='lat' dir='ltr'><strong>ab</strong></span> <span class='ocrx_word' id='word_1_770' title='bbox 2937 3950 3215 3995; x_wconf 78' lang='lat' dir='ltr'><strong>armatura:</strong></span> <span class='ocrx_word' id='word_1_771' title='bbox 3243 3954 3424 4011; x_wconf 88' lang='lat' dir='ltr'><strong>genere</strong></span> <span class='ocrx_word' id='word_1_772' title='bbox 3453 3940 3506 3994; x_wconf 91' lang='lat' dir='ltr'><strong>in</strong></span> <span class='ocrx_word' id='word_1_773' title='bbox 3535 3934 3823 4012; x_wconf 83' lang='lat' dir='ltr'><strong>gladiatorio</strong></span> 
     </span>
    </p>
   </div>
   <div class='ocr_carea' id='block_1_118' title="bbox 2257 4011 3824 4081">
    <p class='ocr_par' dir='ltr' id='par_1_118' title="bbox 2257 4011 3824 4081">
     <span class='ocr_line' id='line_1_121' title="bbox 2257 4011 3824 4081; baseline -0.003 -14"><span class='ocrx_word' id='word_1_774' title='bbox 2257 4011 2382 4067; x_wconf 87' lang='lat' dir='ltr'><strong>ludo</strong></span> <span class='ocrx_word' id='word_1_775' title='bbox 2430 4022 2607 4066; x_wconf 88' lang='lat' dir='ltr'><strong>contra</strong></span> <span class='ocrx_word' id='word_1_776' title='bbox 2655 4013 2872 4066; x_wconf 89' lang='lat' dir='ltr'><strong>alterum</strong></span> <span class='ocrx_word' id='word_1_777' title='bbox 2912 4021 3221 4081; x_wconf 85' lang='lat' dir='ltr'><strong>pugnantem</strong></span> <span class='ocrx_word' id='word_1_778' title='bbox 3259 4012 3458 4065; x_wconf 88' lang='lat' dir='ltr'><strong>occulte</strong></span> <span class='ocrx_word' id='word_1_779' title='bbox 3499 4011 3685 4078; x_wconf 73' lang='lat' dir='ltr'><strong>ferebat</strong></span> <span class='ocrx_word' id='word_1_780' title='bbox 3731 4019 3824 4063; x_wconf 79' lang='lat' dir='ltr'><strong>rete</strong></span> 
     </span>
    </p>
   </div>
   <div class='ocr_carea' id='block_1_119' title="bbox 2258 4082 3827 4155">
    <p class='ocr_par' dir='ltr' id='par_1_119' title="bbox 2258 4082 3827 4155">
     <span class='ocr_line' id='line_1_122' title="bbox 2258 4082 3827 4155; baseline -0.002 -19"><span class='ocrx_word' id='word_1_781' title='bbox 2258 4084 2416 4155; x_wconf 88' lang='lat' dir='ltr'><strong>(quod</strong></span> <span class='ocrx_word' id='word_1_782' title='bbox 2442 4098 2674 4155; x_wconf 73' lang='lat' dir='ltr'><strong>uct&#39;wu</strong></span> <span class='ocrx_word' id='word_1_783' title='bbox 2702 4082 3013 4154; x_wconf 78' lang='lat' dir='ltr'><strong>appellatur)</strong></span> <span class='ocrx_word' id='word_1_784' title='bbox 3046 4094 3102 4155; x_wconf 85' lang='lat' dir='ltr'><strong>ut</strong></span> <span class='ocrx_word' id='word_1_785' title='bbox 3130 4082 3481 4155; x_wconf 79' lang='lat' dir='ltr'><strong>adversarium</strong></span> <span class='ocrx_word' id='word_1_786' title='bbox 3515 4082 3718 4155; x_wconf 87' lang='lat' dir='ltr'><strong>cuspide</strong></span> <span class='ocrx_word' id='word_1_787' title='bbox 3752 4082 3827 4133; x_wconf 84' lang='lat' dir='ltr'><strong>its-</strong></span> 
     </span>
    </p>
   </div>
   <div class='ocr_carea' id='block_1_120' title="bbox 2256 4151 3827 4223">
    <p class='ocr_par' dir='ltr' id='par_1_120' title="bbox 2256 4151 3827 4223">
     <span class='ocr_line' id='line_1_123' title="bbox 2256 4151 3827 4223; baseline -0.003 -14"><span class='ocrx_word' id='word_1_788' title='bbox 2256 4151 2492 4223; x_wconf 76' lang='lat' dir='ltr'><strong>sequente</strong></span> <span class='ocrx_word' id='word_1_789' title='bbox 2543 4154 2702 4219; x_wconf 70' lang='lat' dir='ltr'><strong>(forte</strong></span> <span class='ocrx_word' id='word_1_790' title='bbox 2737 4151 3404 4222; x_wconf 71' lang='lat' dir='ltr'><strong>insequentem)—operiret,</strong></span> <span class='ocrx_word' id='word_1_791' title='bbox 3447 4153 3827 4223; x_wconf 78' lang='lat' dir='ltr'><strong>implicitumque</strong></span> 
     </span>
    </p>
   </div>
   <div class='ocr_carea' id='block_1_121' title="bbox 2257 4221 3828 4294">
    <p class='ocr_par' dir='ltr' id='par_1_121' title="bbox 2257 4221 3828 4294">
     <span class='ocr_line' id='line_1_124' title="bbox 2257 4221 3828 4294; baseline -0.002 -16"><span class='ocrx_word' id='word_1_792' title='bbox 2257 4221 2446 4278; x_wconf 79' lang='lat' dir='ltr'><strong>oribus</strong></span> <span class='ocrx_word' id='word_1_793' title='bbox 2489 4234 2770 4291; x_wconf 86' lang='lat' dir='ltr'><strong>superaret.</strong></span> <span class='ocrx_word' id='word_1_794' title='bbox 2823 4221 2949 4289; x_wconf 75' lang='lat' dir='ltr'><strong>Qua:</strong></span> <span class='ocrx_word' id='word_1_795' title='bbox 2990 4221 3251 4277; x_wconf 85' lang='lat' dir='ltr'><strong>armatura</strong></span> <span class='ocrx_word' id='word_1_796' title='bbox 3293 4221 3553 4294; x_wconf 82' lang='lat' dir='ltr'><strong>pugnabat</strong></span> <span class='ocrx_word' id='word_1_797' title='bbox 3600 4221 3828 4293; x_wconf 76' lang='lat' dir='ltr'><strong>Neptuno</strong></span> 
     </span>
    </p>
   </div>
   <div class='ocr_carea' id='block_1_122' title="bbox 2259 4296 2701 4351">
    <p class='ocr_par' dir='ltr' id='par_1_122' title="bbox 2259 4296 2701 4351">
     <span class='ocr_line' id='line_1_125' title="bbox 2259 4296 2701 4351; baseline 0.002 -3"><span class='ocrx_word' id='word_1_798' title='bbox 2259 4296 2495 4349; x_wconf 84' lang='lat' dir='ltr'><strong>tridentis</strong></span> <span class='ocrx_word' id='word_1_799' title='bbox 2529 4312 2701 4351; x_wconf 89' lang='lat' dir='ltr'><strong>causa.</strong></span> 
     </span>
    </p>
   </div>
   <div class='ocr_carea' id='block_1_123' title="bbox 2332 4363 3829 4434">
    <p class='ocr_par' dir='ltr' id='par_1_123' title="bbox 2332 4363 3829 4434">
     <span class='ocr_line' id='line_1_126' title="bbox 2332 4363 3829 4434; baseline -0.003 -13"><span class='ocrx_word' id='word_1_800' title='bbox 2332 4366 2490 4421; x_wconf 85' lang='lat'><strong>1102.</strong></span> <span class='ocrx_word' id='word_1_801' title='bbox 2522 4365 2642 4420; x_wconf 81' lang='lat' dir='ltr'><strong>Vat.</strong></span> <span class='ocrx_word' id='word_1_802' title='bbox 2689 4371 2725 4420; x_wconf 82' lang='grc' dir='ltr'><strong>Α</strong></span> <span class='ocrx_word' id='word_1_803' title='bbox 2764 4374 3016 4434; x_wconf 91' lang='lat' dir='ltr'><strong>corrupte</strong></span> <span class='ocrx_word' id='word_1_804' title='bbox 3042 4364 3190 4418; x_wconf 86' lang='lat' dir='ltr'><strong>alatii</strong></span> <span class='ocrx_word' id='word_1_805' title='bbox 3223 4379 3319 4434; x_wconf 89' lang='lat' dir='ltr'><strong>pro</strong></span> <span class='ocrx_word' id='word_1_806' title='bbox 3346 4363 3479 4418; x_wconf 77' lang='lat' dir='ltr'><strong>(atii.</strong></span> <span class='ocrx_word' id='word_1_807' title='bbox 3513 4364 3635 4419; x_wconf 81' lang='lat' dir='ltr'><strong>Ald.</strong></span> <span class='ocrx_word' id='word_1_808' title='bbox 3663 4365 3829 4419; x_wconf 90' lang='lat' dir='ltr'><strong>minus</strong></span> 
     </span>
    </p>
   </div>
   <div class='ocr_carea' id='block_1_124' title="bbox 2259 4435 3830 4507">
    <p class='ocr_par' dir='ltr' id='par_1_124' title="bbox 2259 4435 3830 4507">
     <span class='ocr_line' id='line_1_127' title="bbox 2259 4435 3830 4507; baseline -0.002 -16"><span class='ocrx_word' id='word_1_809' title='bbox 2259 4437 2419 4505; x_wconf 84' lang='lat' dir='ltr'><strong>bene,</strong></span> <span class='ocrx_word' id='word_1_810' title='bbox 2470 4438 2668 4505; x_wconf 86' lang='lat' dir='ltr'><strong>palatii.</strong></span> <span class='ocrx_word' id='word_1_811' title='bbox 2718 4435 2959 4504; x_wconf 88' lang='lat' dir='ltr'><strong>Intelligo</strong></span> <span class='ocrx_word' id='word_1_812' title='bbox 3002 4438 3250 4507; x_wconf 88' lang='lat' dir='ltr'><strong>palatium</strong></span> <span class='ocrx_word' id='word_1_813' title='bbox 3290 4436 3459 4504; x_wconf 87' lang='lat' dir='ltr'><strong>ipsam</strong></span> <span class='ocrx_word' id='word_1_814' title='bbox 3506 4435 3746 4500; x_wconf 77' lang='lat' dir='ltr'><strong>Romani,</strong></span> <span class='ocrx_word' id='word_1_815' title='bbox 3778 4442 3830 4488; x_wconf 87' lang='lat' dir='ltr'><strong>ut</strong></span> 
     </span>
    </p>
   </div>
   <div class='ocr_carea' id='block_1_125' title="bbox 2259 4506 3830 4578">
    <p class='ocr_par' dir='ltr' id='par_1_125' title="bbox 2259 4506 3830 4578">
     <span class='ocr_line' id='line_1_128' title="bbox 2259 4506 3830 4578; baseline -0.002 -16"><span class='ocrx_word' id='word_1_816' title='bbox 2259 4520 2384 4562; x_wconf 84' lang='lat' dir='ltr'><strong>ante</strong></span> <span class='ocrx_word' id='word_1_817' title='bbox 2407 4523 2548 4562; x_wconf 84' lang='lat' dir='ltr'><strong>vers.</strong></span> <span class='ocrx_word' id='word_1_818' title='bbox 2578 4507 2684 4563; x_wconf 80' lang='lat'><strong>765</strong></span> <span class='ocrx_word' id='word_1_819' title='bbox 2711 4507 2939 4578; x_wconf 85' lang='lat' dir='ltr'><strong>palatia;</strong></span> <span class='ocrx_word' id='word_1_820' title='bbox 2985 4516 3075 4578; x_wconf 81' lang='lat' dir='ltr'><strong>ant</strong></span> <span class='ocrx_word' id='word_1_821' title='bbox 3104 4506 3263 4578; x_wconf 73' lang='lat' dir='ltr'><strong>etiam</strong></span> <span class='ocrx_word' id='word_1_822' title='bbox 3294 4506 3504 4574; x_wconf 80' lang='lat' dir='ltr'><strong>imperii</strong></span> <span class='ocrx_word' id='word_1_823' title='bbox 3535 4507 3738 4574; x_wconf 86' lang='lat' dir='ltr'><strong>pignus,</strong></span> <span class='ocrx_word' id='word_1_824' title='bbox 3767 4507 3830 4559; x_wconf 85' lang='lat' dir='ltr'><strong>de</strong></span> 
     </span>
    </p>
   </div>
   <div class='ocr_carea' id='block_1_126' title="bbox 2260 4574 3830 4647">
    <p class='ocr_par' dir='ltr' id='par_1_126' title="bbox 2260 4574 3830 4647">
     <span class='ocr_line' id='line_1_129' title="bbox 2260 4574 3830 4647; baseline -0.003 -14"><span class='ocrx_word' id='word_1_825' title='bbox 2260 4592 2366 4647; x_wconf 91' lang='lat' dir='ltr'><strong>quo</strong></span> <span class='ocrx_word' id='word_1_826' title='bbox 2387 4578 2566 4633; x_wconf 85' lang='lat' dir='ltr'><strong>Livius</strong></span> <span class='ocrx_word' id='word_1_827' title='bbox 2588 4579 2681 4633; x_wconf 88' lang='lat' dir='ltr'><strong>lib.</strong></span> <span class='ocrx_word' id='word_1_828' title='bbox 2711 4574 2854 4639; x_wconf 57' lang='lat' dir='ltr'><strong>XXVI,</strong></span> <span class='ocrx_word' id='word_1_829' title='bbox 2885 4591 3001 4645; x_wconf 73' lang='lat' dir='ltr'><strong>etp.</strong></span> <span class='ocrx_word' id='word_1_830' title='bbox 3025 4576 3115 4640; x_wconf 85' lang='lat'><strong>27,</strong></span> <span class='ocrx_word' id='word_1_831' title='bbox 3155 4574 3318 4630; x_wconf 79' lang='lat' dir='ltr'><strong>Vesta:</strong></span> <span class='ocrx_word' id='word_1_832' title='bbox 3343 4579 3506 4630; x_wconf 72' lang='lat' dir='ltr'><strong>a‘dem</strong></span> <span class='ocrx_word' id='word_1_833' title='bbox 3535 4580 3759 4644; x_wconf 84' lang='lat' dir='ltr'><strong>petitam,</strong></span> <span class='ocrx_word' id='word_1_834' title='bbox 3787 4584 3830 4629; x_wconf 85' lang='lat' dir='ltr'><strong>et</strong></span> 
     </span>
    </p>
   </div>
   <div class='ocr_carea' id='block_1_127' title="bbox 2260 4647 3833 4718">
    <p class='ocr_par' dir='ltr' id='par_1_127' title="bbox 2260 4647 3833 4718">
     <span class='ocr_line' id='line_1_130' title="bbox 2260 4647 3833 4718; baseline -0.001 -16"><span class='ocrx_word' id='word_1_835' title='bbox 2260 4657 2474 4703; x_wconf 81' lang='lat' dir='ltr'><strong>teternos</strong></span> <span class='ocrx_word' id='word_1_836' title='bbox 2517 4650 2677 4718; x_wconf 87' lang='lat' dir='ltr'><strong>ignes,</strong></span> <span class='ocrx_word' id='word_1_837' title='bbox 2717 4658 2764 4702; x_wconf 88' lang='lat' dir='ltr'><strong>ct</strong></span> <span class='ocrx_word' id='word_1_838' title='bbox 2792 4649 3052 4701; x_wconf 87' lang='lat' dir='ltr'><strong>conditunt</strong></span> <span class='ocrx_word' id='word_1_839' title='bbox 3092 4649 3145 4701; x_wconf 86' lang='lat' dir='ltr'><strong>in</strong></span> <span class='ocrx_word' id='word_1_840' title='bbox 3184 4647 3433 4718; x_wconf 81' lang='lat' dir='ltr'><strong>pene:rali</strong></span> <span class='ocrx_word' id='word_1_841' title='bbox 3462 4651 3623 4715; x_wconf 81' lang='lat' dir='ltr'><strong>fatale</strong></span> <span class='ocrx_word' id='word_1_842' title='bbox 3660 4648 3833 4717; x_wconf 83' lang='lat' dir='ltr'><strong>pignus</strong></span> 
     </span>
    </p>
   </div>
   <div class='ocr_carea' id='block_1_128' title="bbox 1054 4712 3834 4789">
    <p class='ocr_par' dir='ltr' id='par_1_128' title="bbox 1054 4712 3834 4789">
     <span class='ocr_line' id='line_1_131' title="bbox 1054 4712 3834 4789; baseline -0 -17"><span class='ocrx_word' id='word_1_843' title='bbox 1054 4714 1674 4789; x_wconf 70' lang='lat' dir='ltr'><strong>ﬁlius_interPinnirupt</strong></span> <span class='ocrx_word' id='word_1_844' title='bbox 1722 4713 1883 4789; x_wconf 68' lang='lat' dir='ltr'><strong>cultos</strong></span> <span class='ocrx_word' id='word_1_845' title='bbox 1922 4712 2153 4789; x_wconf 56' lang='lat' dir='ltr'><strong>juvenem</strong></span> <span class='ocrx_word' id='word_1_846' title='bbox 2184 4712 2462 4789; x_wconf 81' lang='lat' dir='ltr'><strong>Dimperii</strong></span> <span class='ocrx_word' id='word_1_847' title='bbox 2487 4712 2729 4775; x_wconf 65' lang='lat' dir='ltr'><strong>Romani.</strong></span> <span class='ocrx_word' id='word_1_848' title='bbox 2774 4718 2927 4787; x_wconf 82' lang='lat' dir='ltr'><strong>Quod</strong></span> <span class='ocrx_word' id='word_1_849' title='bbox 2968 4718 3154 4789; x_wconf 88' lang='lat' dir='ltr'><strong>pignus</strong></span> <span class='ocrx_word' id='word_1_850' title='bbox 3184 4712 3319 4774; x_wconf 78' lang='lat' dir='ltr'><strong>esse</strong></span> <span class='ocrx_word' id='word_1_851' title='bbox 3348 4712 3677 4786; x_wconf 78' lang='lat' dir='ltr'><strong>Palladium,</strong></span> <span class='ocrx_word' id='word_1_852' title='bbox 3705 4712 3834 4772; x_wconf 68' lang='grc' dir='ltr'>ῐιυιιο</span> 
     </span>
    </p>
   </div>
   <div class='ocr_carea' id='block_1_129' title="bbox 2260 4791 2623 4856">
    <p class='ocr_par' dir='ltr' id='par_1_129' title="bbox 2260 4791 2623 4856">
     <span class='ocr_line' id='line_1_132' title="bbox 2260 4791 2623 4856; baseline 0 -13"><span class='ocrx_word' id='word_1_853' title='bbox 2260 4791 2385 4845; x_wconf 93' lang='lat' dir='ltr'><strong>nulli</strong></span> <span class='ocrx_word' id='word_1_854' title='bbox 2418 4800 2623 4856; x_wconf 87' lang='lat' dir='ltr'><strong>putant.</strong></span> 
     </span>
    </p>
   </div>
   <div class='ocr_carea' id='block_1_130' title="bbox 2332 4858 3834 4929">
    <p class='ocr_par' dir='ltr' id='par_1_130' title="bbox 2332 4858 3834 4929">
     <span class='ocr_line' id='line_1_133' title="bbox 2332 4858 3834 4929; baseline 0.001 -17"><span class='ocrx_word' id='word_1_855' title='bbox 2332 4859 2491 4916; x_wconf 78' lang='grc'>1105.</span> <span class='ocrx_word' id='word_1_856' title='bbox 2527 4860 2769 4916; x_wconf 80' lang='lat' dir='ltr'><strong>VeSIales</strong></span> <span class='ocrx_word' id='word_1_857' title='bbox 2794 4858 3111 4914; x_wconf 90' lang='lat' dir='ltr'><strong>dicebantur</strong></span> <span class='ocrx_word' id='word_1_858' title='bbox 3146 4860 3311 4913; x_wconf 77' lang='lat' dir='ltr'><strong>vitam</strong></span> <span class='ocrx_word' id='word_1_859' title='bbox 3345 4861 3530 4929; x_wconf 91' lang='lat' dir='ltr'><strong>populi</strong></span> <span class='ocrx_word' id='word_1_860' title='bbox 3560 4858 3834 4922; x_wconf 84' lang='lat' dir='ltr'><strong>redimere,</strong></span> 
     </span>
    </p>
   </div>
   <div class='ocr_carea' id='block_1_131' title="bbox 2260 4929 3837 5001">
    <p class='ocr_par' dir='ltr' id='par_1_131' title="bbox 2260 4929 3837 5001">
     <span class='ocr_line' id='line_1_134' title="bbox 2260 4929 3837 5001; baseline -0.003 -15"><span class='ocrx_word' id='word_1_861' title='bbox 2260 4932 2342 4986; x_wconf 78' lang='lat' dir='ltr'><strong>vel</strong></span> <span class='ocrx_word' id='word_1_862' title='bbox 2372 4935 2494 5001; x_wconf 91' lang='lat' dir='ltr'><strong>quia</strong></span> <span class='ocrx_word' id='word_1_863' title='bbox 2533 4947 2685 4985; x_wconf 69' lang='lat' dir='ltr'><strong>sacra</strong></span> <span class='ocrx_word' id='word_1_864' title='bbox 2729 4947 2825 4997; x_wconf 87' lang='lat' dir='ltr'><strong>pro</strong></span> <span class='ocrx_word' id='word_1_865' title='bbox 2877 4947 2943 4985; x_wconf 83' lang='lat' dir='ltr'><strong>eo</strong></span> <span class='ocrx_word' id='word_1_866' title='bbox 2973 4930 3256 4995; x_wconf 78' lang='lat' dir='ltr'><strong>iaciebant,</strong></span> <span class='ocrx_word' id='word_1_867' title='bbox 3287 4931 3370 5001; x_wconf 85' lang='lat' dir='ltr'><strong>vel</strong></span> <span class='ocrx_word' id='word_1_868' title='bbox 3409 4931 3566 4998; x_wconf 83' lang='lat' dir='ltr'><strong>quia,</strong></span> <span class='ocrx_word' id='word_1_869' title='bbox 3597 4941 3650 4986; x_wconf 94' lang='lat' dir='ltr'><strong>ut</strong></span> <span class='ocrx_word' id='word_1_870' title='bbox 3678 4929 3837 4983; x_wconf 79' lang='lat' dir='ltr'><strong>tradit</strong></span> 
     </span>
    </p>
   </div>
   <div class='ocr_carea' id='block_1_132' title="bbox 2261 4998 3838 5071">
    <p class='ocr_par' dir='ltr' id='par_1_132' title="bbox 2261 4998 3838 5071">
     <span class='ocr_line' id='line_1_135' title="bbox 2261 4998 3838 5071; baseline -0.003 -15"><span class='ocrx_word' id='word_1_871' title='bbox 2261 4998 2579 5057; x_wconf 67' lang='lat' dir='ltr'><strong>Plutarchus</strong></span> <span class='ocrx_word' id='word_1_872' title='bbox 2609 5002 2661 5057; x_wconf 91' lang='lat' dir='ltr'><strong>in</strong></span> <span class='ocrx_word' id='word_1_873' title='bbox 2690 5001 2881 5063; x_wconf 85' lang='lat' dir='ltr'><strong>Numa,</strong></span> <span class='ocrx_word' id='word_1_874' title='bbox 2915 5000 2975 5056; x_wconf 87' lang='lat' dir='ltr'><strong>Si</strong></span> <span class='ocrx_word' id='word_1_875' title='bbox 3001 5016 3086 5054; x_wconf 89' lang='lat' dir='ltr'><strong>reo</strong></span> <span class='ocrx_word' id='word_1_876' title='bbox 3112 5002 3179 5054; x_wconf 87' lang='lat' dir='ltr'><strong>ad</strong></span> <span class='ocrx_word' id='word_1_877' title='bbox 3200 4998 3509 5071; x_wconf 86' lang='lat' dir='ltr'><strong>supplicium</strong></span> <span class='ocrx_word' id='word_1_878' title='bbox 3529 5003 3614 5071; x_wconf 85' lang='lat' dir='ltr'><strong>qui</strong></span> <span class='ocrx_word' id='word_1_879' title='bbox 3640 5002 3838 5053; x_wconf 84' lang='lat' dir='ltr'><strong>ducitur</strong></span> 
     </span>
    </p>
   </div>
   <div class='ocr_carea' id='block_1_133' title="bbox 2262 5071 3838 5143">
    <p class='ocr_par' dir='ltr' id='par_1_133' title="bbox 2262 5071 3838 5143">
     <span class='ocr_line' id='line_1_136' title="bbox 2262 5071 3838 5143; baseline -0.003 -17"><span class='ocrx_word' id='word_1_880' title='bbox 2262 5073 2477 5143; x_wconf 78' lang='lat' dir='ltr'><strong>fortuitu</strong></span> <span class='ocrx_word' id='word_1_881' title='bbox 2516 5073 2665 5142; x_wconf 69' lang='lat' dir='ltr'><strong>facta:</strong></span> <span class='ocrx_word' id='word_1_882' title='bbox 2699 5075 2800 5127; x_wconf 91' lang='lat' dir='ltr'><strong>sint</strong></span> <span class='ocrx_word' id='word_1_883' title='bbox 2830 5071 3013 5135; x_wconf 78' lang='lat' dir='ltr'><strong>obviw,</strong></span> <span class='ocrx_word' id='word_1_884' title='bbox 3057 5072 3100 5124; x_wconf 87' lang='lat' dir='ltr'><strong>is</strong></span> <span class='ocrx_word' id='word_1_885' title='bbox 3139 5088 3293 5143; x_wconf 71' lang='lat' dir='ltr'><strong>pana</strong></span> <span class='ocrx_word' id='word_1_886' title='bbox 3317 5071 3582 5126; x_wconf 88' lang='lat' dir='ltr'><strong>liberatur.</strong></span> <span class='ocrx_word' id='word_1_887' title='bbox 3633 5071 3838 5140; x_wconf 86' lang='lat' dir='ltr'><strong>Oportet</strong></span> 
     </span>
    </p>
   </div>
   <div class='ocr_carea' id='block_1_134' title="bbox 2261 5142 3839 5214">
    <p class='ocr_par' dir='ltr' id='par_1_134' title="bbox 2261 5142 3839 5214">
     <span class='ocr_line' id='line_1_137' title="bbox 2261 5142 3839 5214; baseline -0.003 -17"><span class='ocrx_word' id='word_1_888' title='bbox 2261 5142 2431 5197; x_wconf 86' lang='lat' dir='ltr'><strong>autem</strong></span> <span class='ocrx_word' id='word_1_889' title='bbox 2460 5146 2662 5214; x_wconf 89' lang='lat' dir='ltr'><strong>jurare,</strong></span> <span class='ocrx_word' id='word_1_890' title='bbox 2695 5161 2726 5196; x_wconf 93' lang='lat' dir='ltr'><strong>a</strong></span> <span class='ocrx_word' id='word_1_891' title='bbox 2750 5158 2893 5208; x_wconf 89' lang='lat' dir='ltr'><strong>casu,</strong></span> <span class='ocrx_word' id='word_1_892' title='bbox 2932 5159 3032 5195; x_wconf 90' lang='lat' dir='ltr'><strong>non</strong></span> <span class='ocrx_word' id='word_1_893' title='bbox 3062 5159 3095 5214; x_wconf 89' lang='lat' dir='ltr'><strong>a</strong></span> <span class='ocrx_word' id='word_1_894' title='bbox 3118 5142 3351 5207; x_wconf 88' lang='lat' dir='ltr'><strong>consilio,</strong></span> <span class='ocrx_word' id='word_1_895' title='bbox 3399 5142 3558 5211; x_wconf 77' lang='lat' dir='ltr'><strong>fuisse</strong></span> <span class='ocrx_word' id='word_1_896' title='bbox 3588 5143 3717 5195; x_wconf 83' lang='lat' dir='ltr'><strong>hunc</strong></span> <span class='ocrx_word' id='word_1_897' title='bbox 3758 5156 3839 5194; x_wconf 90' lang='lat' dir='ltr'><strong>oc-</strong></span> 
     </span>
    </p>
   </div>
   <div class='ocr_carea' id='block_1_135' title="bbox 2261 5213 3841 5282">
    <p class='ocr_par' dir='ltr' id='par_1_135' title="bbox 2261 5213 3841 5282">
     <span class='ocr_line' id='line_1_138' title="bbox 2261 5213 3841 5282; baseline -0.003 -14"><span class='ocrx_word' id='word_1_898' title='bbox 2261 5213 2484 5268; x_wconf 82' lang='lat' dir='ltr'><strong>cursant.</strong></span> <span class='ocrx_word' id='word_1_899' title='bbox 2516 5215 2751 5269; x_wconf 80' lang='lat' dir='ltr'><strong>ltualdus</strong></span> <span class='ocrx_word' id='word_1_900' title='bbox 2777 5214 2833 5267; x_wconf 91' lang='lat' dir='ltr'><strong>in</strong></span> <span class='ocrx_word' id='word_1_901' title='bbox 2865 5213 3235 5268; x_wconf 79' lang='lat' dir='ltr'><strong>Animadvers.</strong></span> <span class='ocrx_word' id='word_1_902' title='bbox 3267 5214 3493 5282; x_wconf 89' lang='lat' dir='ltr'><strong>opponit</strong></span> <span class='ocrx_word' id='word_1_903' title='bbox 3516 5213 3670 5267; x_wconf 75' lang='lat' dir='ltr'><strong>verba</strong></span> <span class='ocrx_word' id='word_1_904' title='bbox 3704 5226 3841 5281; x_wconf 69' lang='lat' dir='ltr'><strong>pra:-</strong></span> 
     </span>
    </p>
   </div>
   <div class='ocr_carea' id='block_1_136' title="bbox 2260 5282 3840 5354">
    <p class='ocr_par' dir='ltr' id='par_1_136' title="bbox 2260 5282 3840 5354">
     <span class='ocr_line' id='line_1_139' title="bbox 2260 5282 3840 5354; baseline -0.002 -16"><span class='ocrx_word' id='word_1_905' title='bbox 2260 5286 2390 5339; x_wconf 87' lang='lat' dir='ltr'><strong>toris</strong></span> <span class='ocrx_word' id='word_1_906' title='bbox 2417 5301 2479 5338; x_wconf 79' lang='lat' dir='ltr'><strong>ex</strong></span> <span class='ocrx_word' id='word_1_907' title='bbox 2505 5286 2677 5340; x_wconf 91' lang='lat' dir='ltr'><strong>edicto</strong></span> <span class='ocrx_word' id='word_1_908' title='bbox 2705 5293 2962 5354; x_wconf 64' lang='lat' dir='ltr'><strong>perpetuo</strong></span> <span class='ocrx_word' id='word_1_909' title='bbox 2987 5283 3225 5354; x_wconf 22' lang='lat' dir='ltr'><strong>apud‘A.</strong></span> <span class='ocrx_word' id='word_1_910' title='bbox 3248 5282 3483 5339; x_wconf 85' lang='lat' dir='ltr'><strong>Gellium</strong></span> <span class='ocrx_word' id='word_1_911' title='bbox 3514 5284 3610 5338; x_wconf 90' lang='lat' dir='ltr'><strong>lib.</strong></span> <span class='ocrx_word' id='word_1_912' title='bbox 3636 5297 3688 5346; x_wconf 78' lang='grc' dir='ltr'>ι,</span> <span class='ocrx_word' id='word_1_913' title='bbox 3717 5296 3840 5354; x_wconf 81' lang='lat' dir='ltr'><strong>cap.</strong></span> 
     </span>
    </p>
   </div>
   <div class='ocr_carea' id='block_1_137' title="bbox 2258 5352 3842 5423">
    <p class='ocr_par' dir='ltr' id='par_1_137' title="bbox 2258 5352 3842 5423">
     <span class='ocr_line' id='line_1_140' title="bbox 2258 5352 3842 5423; baseline -0.004 -13"><span class='ocrx_word' id='word_1_914' title='bbox 2258 5356 2326 5410; x_wconf 76' lang='grc'><strong>15</strong></span> <span class='ocrx_word' id='word_1_915' title='bbox 2349 5373 2359 5407; x_wconf 93' lang='lat'>:</span> <span class='ocrx_word' id='word_1_916' title='bbox 2386 5352 2720 5410; x_wconf 80' lang='lat' dir='ltr'><strong>Sacerdotem</strong></span> <span class='ocrx_word' id='word_1_917' title='bbox 2746 5352 3001 5420; x_wconf 77' lang='lat' dir='ltr'><strong>vestalem,</strong></span> <span class='ocrx_word' id='word_1_918' title='bbox 3035 5365 3081 5407; x_wconf 91' lang='lat' dir='ltr'><strong>et</strong></span> <span class='ocrx_word' id='word_1_919' title='bbox 3108 5352 3372 5423; x_wconf 79' lang='lat' dir='ltr'><strong>ﬂaminem</strong></span> <span class='ocrx_word' id='word_1_920' title='bbox 3409 5356 3598 5409; x_wconf 77' lang='lat' dir='ltr'><strong>dialem</strong></span> <span class='ocrx_word' id='word_1_921' title='bbox 3626 5354 3677 5407; x_wconf 79' lang='lat' dir='ltr'><strong>in</strong></span> <span class='ocrx_word' id='word_1_922' title='bbox 3701 5352 3842 5407; x_wconf 79' lang='lat' dir='ltr'><strong>omni</strong></span> 
     </span>
    </p>
   </div>
   <div class='ocr_carea' id='block_1_138' title="bbox 2256 5426 3307 5496">
    <p class='ocr_par' dir='ltr' id='par_1_138' title="bbox 2256 5426 3307 5496">
     <span class='ocr_line' id='line_1_141' title="bbox 2256 5426 3307 5496; baseline -0.002 -17"><span class='ocrx_word' id='word_1_923' title='bbox 2256 5442 2369 5496; x_wconf 81' lang='lat' dir='ltr'><strong>mea</strong></span> <span class='ocrx_word' id='word_1_924' title='bbox 2388 5426 2750 5496; x_wconf 83' lang='lat' dir='ltr'><strong>jurisdictione</strong></span> <span class='ocrx_word' id='word_1_925' title='bbox 2771 5427 2955 5496; x_wconf 87' lang='lat' dir='ltr'><strong>jurare</strong></span> <span class='ocrx_word' id='word_1_926' title='bbox 2982 5440 3091 5496; x_wconf 4' lang='lat' dir='ltr'><strong>non,</strong></span> <span class='ocrx_word' id='word_1_927' title='bbox 3107 5440 3307 5496; x_wconf 78' lang='lat' dir='ltr'><strong>sagum.</strong></span> 
     </span>
    </p>
   </div>
   <div class='ocr_carea' id='block_1_139' title="bbox 2330 5493 3843 5563">
    <p class='ocr_par' dir='ltr' id='par_1_139' title="bbox 2330 5493 3843 5563">
     <span class='ocr_line' id='line_1_142' title="bbox 2330 5493 3843 5563; baseline 0.001 -15"><span class='ocrx_word' id='word_1_928' title='bbox 2330 5493 2486 5550; x_wconf 68' lang='lat' dir='ltr'><strong>1l0«1.</strong></span> <span class='ocrx_word' id='word_1_929' title='bbox 2514 5498 2596 5550; x_wconf 84' lang='lat' dir='ltr'><strong>lsu</strong></span> <span class='ocrx_word' id='word_1_930' title='bbox 2620 5493 2832 5551; x_wconf 80' lang='lat' dir='ltr'><strong>videtur</strong></span> <span class='ocrx_word' id='word_1_931' title='bbox 2854 5497 3047 5563; x_wconf 77' lang='lat' dir='ltr'><strong>legisse</strong></span> <span class='ocrx_word' id='word_1_932' title='bbox 3075 5493 3217 5560; x_wconf 71' lang='lat' dir='ltr'><strong>bene,</strong></span> <span class='ocrx_word' id='word_1_933' title='bbox 3245 5496 3323 5549; x_wconf 83' lang='lat' dir='ltr'><strong>vel</strong></span> <span class='ocrx_word' id='word_1_934' title='bbox 3346 5493 3512 5561; x_wconf 89' lang='lat' dir='ltr'><strong>male;</strong></span> <span class='ocrx_word' id='word_1_935' title='bbox 3538 5494 3630 5551; x_wconf 85' lang='lat' dir='ltr'><strong>sed</strong></span> <span class='ocrx_word' id='word_1_936' title='bbox 3652 5509 3843 5549; x_wconf 88' lang='lat' dir='ltr'><strong>verum</strong></span> 
     </span>
    </p>
   </div>
   <div class='ocr_carea' id='block_1_140' title="bbox 2257 5566 3845 5635">
    <p class='ocr_par' dir='ltr' id='par_1_140' title="bbox 2257 5566 3845 5635">
     <span class='ocr_line' id='line_1_143' title="bbox 2257 5566 3845 5635; baseline -0.004 -12"><span class='ocrx_word' id='word_1_937' title='bbox 2257 5578 2339 5623; x_wconf 85' lang='lat' dir='ltr'><strong>est</strong></span> <span class='ocrx_word' id='word_1_938' title='bbox 2361 5567 2501 5632; x_wconf 87' lang='lat' dir='ltr'><strong>bene,</strong></span> <span class='ocrx_word' id='word_1_939' title='bbox 2528 5568 2601 5620; x_wconf 80' lang='lat' dir='ltr'><strong>vel</strong></span> <span class='ocrx_word' id='word_1_940' title='bbox 2621 5569 2763 5621; x_wconf 89' lang='lat' dir='ltr'><strong>bene.</strong></span> <span class='ocrx_word' id='word_1_941' title='bbox 2789 5566 3012 5630; x_wconf 84' lang='lat' dir='ltr'><strong>Plinius,</strong></span> <span class='ocrx_word' id='word_1_942' title='bbox 3037 5566 3130 5620; x_wconf 89' lang='lat' dir='ltr'><strong>lib.</strong></span> <span class='ocrx_word' id='word_1_943' title='bbox 3154 5581 3261 5632; x_wconf 69' lang='lat' dir='ltr'><strong>va,</strong></span> <span class='ocrx_word' id='word_1_944' title='bbox 3285 5581 3404 5635; x_wconf 89' lang='lat' dir='ltr'><strong>cap.</strong></span> <span class='ocrx_word' id='word_1_945' title='bbox 3422 5566 3515 5629; x_wconf 68' lang='grc' dir='ltr'>Η.</span> <span class='ocrx_word' id='word_1_946' title='bbox 3541 5568 3611 5621; x_wconf 85' lang='lat' dir='ltr'><strong>ita</strong></span> <span class='ocrx_word' id='word_1_947' title='bbox 3631 5566 3845 5621; x_wconf 87' lang='lat' dir='ltr'><strong>scribit:</strong></span> 
     </span>
    </p>
   </div>
   <div class='ocr_carea' id='block_1_141' title="bbox 2256 5636 3848 5708">
    <p class='ocr_par' dir='ltr' id='par_1_141' title="bbox 2256 5636 3848 5708">
     <span class='ocr_line' id='line_1_144' title="bbox 2256 5636 3848 5708; baseline -0.001 -17"><span class='ocrx_word' id='word_1_948' title='bbox 2256 5640 2525 5707; x_wconf 80' lang='lat' dir='ltr'><strong>Antiquior</strong></span> <span class='ocrx_word' id='word_1_949' title='bbox 2553 5639 2642 5691; x_wconf 76' lang='lat' dir='ltr'><strong>illa</strong></span> <span class='ocrx_word' id='word_1_950' title='bbox 2682 5651 2749 5692; x_wconf 90' lang='lat' dir='ltr'><strong>est</strong></span> <span class='ocrx_word' id='word_1_951' title='bbox 2784 5636 2991 5706; x_wconf 89' lang='lat' dir='ltr'><strong>(lotos,)</strong></span> <span class='ocrx_word' id='word_1_952' title='bbox 3032 5637 3119 5690; x_wconf 83' lang='lat' dir='ltr'><strong>sed</strong></span> <span class='ocrx_word' id='word_1_953' title='bbox 3155 5638 3349 5691; x_wconf 89' lang='lat' dir='ltr'><strong>incerta</strong></span> <span class='ocrx_word' id='word_1_954' title='bbox 3386 5639 3497 5708; x_wconf 86' lang='lat' dir='ltr'><strong>ejus</strong></span> <span class='ocrx_word' id='word_1_955' title='bbox 3536 5648 3677 5703; x_wconf 79' lang='lat' dir='ltr'><strong>wtas,</strong></span> <span class='ocrx_word' id='word_1_956' title='bbox 3729 5653 3848 5704; x_wconf 81' lang='lat' dir='ltr'><strong>qua:</strong></span> 
     </span>
    </p>
   </div>
   <div class='ocr_carea' id='block_1_142' title="bbox 2257 5708 3847 5778">
    <p class='ocr_par' dir='ltr' id='par_1_142' title="bbox 2257 5708 3847 5778">
     <span class='ocr_line' id='line_1_145' title="bbox 2257 5708 3847 5778; baseline -0.002 -15"><span class='ocrx_word' id='word_1_957' title='bbox 2257 5708 2502 5778; x_wconf 79' lang='lat' dir='ltr'><strong>capillato</strong></span> <span class='ocrx_word' id='word_1_958' title='bbox 2528 5711 2731 5773; x_wconf 85' lang='lat' dir='ltr'><strong>dicitur,</strong></span> <span class='ocrx_word' id='word_1_959' title='bbox 2764 5710 3005 5778; x_wconf 87' lang='lat' dir='ltr'><strong>quoniam</strong></span> <span class='ocrx_word' id='word_1_960' title='bbox 3043 5709 3306 5761; x_wconf 75' lang='lat' dir='ltr'><strong>vestalium</strong></span> <span class='ocrx_word' id='word_1_961' title='bbox 3338 5710 3588 5777; x_wconf 74' lang='lat' dir='ltr'><strong>virginum</strong></span> <span class='ocrx_word' id='word_1_962' title='bbox 3616 5709 3847 5775; x_wconf 86' lang='lat' dir='ltr'><strong>capillus</strong></span> 
     </span>
    </p>
   </div>
   <div class='ocr_carea' id='block_1_143' title="bbox 2257 5777 3845 5850">
    <p class='ocr_par' dir='ltr' id='par_1_143' title="bbox 2257 5777 3845 5850">
     <span class='ocr_line' id='line_1_146' title="bbox 2257 5777 3845 5850; baseline -0.002 -17"><span class='ocrx_word' id='word_1_963' title='bbox 2257 5782 2326 5833; x_wconf 85' lang='lat' dir='ltr'><strong>ad</strong></span> <span class='ocrx_word' id='word_1_964' title='bbox 2343 5795 2454 5833; x_wconf 88' lang='lat' dir='ltr'><strong>eam</strong></span> <span class='ocrx_word' id='word_1_965' title='bbox 2475 5780 2718 5850; x_wconf 70' lang='lat' dir='ltr'><strong>defertur.</strong></span> <span class='ocrx_word' id='word_1_966' title='bbox 2738 5777 3039 5844; x_wconf 70' lang='lat' dir='ltr'><strong>Fabucttus,</strong></span> <span class='ocrx_word' id='word_1_967' title='bbox 3065 5780 3132 5833; x_wconf 86' lang='lat' dir='ltr'><strong>dc</strong></span> <span class='ocrx_word' id='word_1_968' title='bbox 3152 5778 3397 5834; x_wconf 79' lang='lat' dir='ltr'><strong>Column.</strong></span> <span class='ocrx_word' id='word_1_969' title='bbox 3415 5779 3627 5849; x_wconf 87' lang='lat' dir='ltr'><strong>Trajan.</strong></span> <span class='ocrx_word' id='word_1_970' title='bbox 3647 5793 3775 5845; x_wconf 78' lang='lat' dir='ltr'><strong>cap.</strong></span> <span class='ocrx_word' id='word_1_971' title='bbox 3793 5778 3845 5843; x_wconf 84' lang='lat' dir='ltr'><strong>ti,</strong></span> 
     </span>
    </p>
   </div>
   <div class='ocr_carea' id='block_1_144' title="bbox 2261 5851 3844 5908">
    <p class='ocr_par' dir='ltr' id='par_1_144' title="bbox 2261 5851 3844 5908">
     <span class='ocr_line' id='line_1_147' title="bbox 2261 5851 3844 5908; baseline -0.003 0"><span class='ocrx_word' id='word_1_972' title='bbox 2261 5852 2549 5908; x_wconf 81' lang='lat' dir='ltr'><strong>vestalibus</strong></span> <span class='ocrx_word' id='word_1_973' title='bbox 2582 5865 2792 5907; x_wconf 88' lang='lat' dir='ltr'><strong>comam</strong></span> <span class='ocrx_word' id='word_1_974' title='bbox 2826 5860 3088 5906; x_wconf 79' lang='lat' dir='ltr'><strong>attonsum</strong></span> <span class='ocrx_word' id='word_1_975' title='bbox 3118 5862 3170 5905; x_wconf 87' lang='lat' dir='ltr'><strong>et</strong></span> <span class='ocrx_word' id='word_1_976' title='bbox 3203 5854 3478 5906; x_wconf 77' lang='lat' dir='ltr'><strong>astrictam</strong></span> <span class='ocrx_word' id='word_1_977' title='bbox 3522 5851 3678 5906; x_wconf 75' lang='lat' dir='ltr'><strong>fuisse</strong></span> <span class='ocrx_word' id='word_1_978' title='bbox 3709 5864 3844 5904; x_wconf 75' lang='lat' dir='ltr'><strong>cou-</strong></span> 
     </span>
    </p>
   </div>
  </div>
