4024 6292
250 327 360 381 273

1327 326 1526 383 LIBER
1567 327 1606 384 ll
1646 327 1924 386 CONTRA
1961 327 2409 406 SYMMACHUM.

3405 329 3510 385 97h

253 438 390 494 1105
428 437 593 510 866
620 437 884 508 Tempora
932 439 1182 507 taeniolis,
1213 448 1268 496 et
1306 441 1421 497 licia
1451 444 1688 499 crinibus
1729 443 1827 498 ad-
1859 449 1908 506 A
1935 448 2099 517 867.
2128 448 2415 516 Spectant,
2456 455 2674 502 aeratam
2700 445 2883 502 faciem
2915 459 3070 518 quam
3090 447 3279 503 crebra
3293 445 3506 504 tridenti

1564 536 1782 608 [dunt?.

434 625 498 678 Et
526 624 645 694 quia
668 624 852 680 subter
875 625 1092 680 bumttm
1118 625 1366 684 lustrales
1389 630 1610 685 testibus
1632 616 1831 686 umbris

429 715 485 770 ln
540 715 807 772 ﬂammam
856 717 1102 788 jugulant
1148 719 1409 789 pecudes,
1457 729 1512 776 et
1555 736 1828 777 murmura

1467 811 1758 884 fmiscent?

427 901 508 954 An
542 899 792 970 quoniam
821 901 962 972 podii
992 902 1215 959 meliore
1243 903 1296 959 in
1325 910 1475 974 parte
1501 904 1756 960 sedentes

1936 538 2074 592 1110
2115 537 2352 608 lmpacto
2374 538 2612 610 quatiant
2636 537 2875 608 hastilia,
2909 538 3123 594 saucius
3151 547 3206 594 et
3241 552 3400 608 quam

2113 628 2435 686 Vulneribus
2463 631 2656 700 patulis
2679 639 2882 701 partem
2916 630 3198 700 perfundat
3218 645 3417 694 arenae,

2113 719 2244 775 Cum
2276 721 2435 790 fugit,
2465 729 2520 798 et
2547 731 2745 791 quanto
2768 721 2990 793 vestigia
3018 722 3274 794 sanguine
3299 721 3505 792 signet?

2110 808 2262 876 Quod
2279 824 2448 879 genus
2470 819 2533 866 ut
2549 811 2889 882 scelerisjam
2904 814 3107 868 nesciat
3125 827 3284 868 aurea
3313 811 3502 879 Roma,

2109 899 2184 952 Te
2199 914 2424 969 .precor,
2450 901 2668 958 Ausonii
2695 892 2801 958 dux
2823 904 3195 975 augustissime
3214 903 3397 975 regni,

1549 992 1836 1051 GLOSSIE
1875 988 2211 1047 VETERES.

321 1081 494 1163 1105ζ
524 1081 797 1151 Τωηίοιίε,
837 1085 1100 1139 summitas
1145 1084 1302 1152 vittas,
1331 1086 1419 1139 sed
1458 1085 1542 1139 hic
1584 1101 1676 1155 pro
1722 1092 1826 1137 tota

255 1161 339 1298 ml
359 1153 811 1298 fgitildjustrales,
825 1241 962 1298 Aquae,
981 1225 1216 1298 lustrant,
1236 1226 1302 1298 id
1327 1235 1421 1292 est,
1442 1234 1683 1298 purgant,
1708 1223 1752 1279 1.

320 1293 477 1346 1108.
523 1295 690 1360 Pndii,
713 1293 859 1358 circi,
886 1297 964 1348 vel
992 1295 1196 1361 theatri,
1233 1296 1272 1350 Ι.

326 1362 481 1417 1109.
517 1364 761 1432 Faciem,
790 1365 1106 1436 gladiatoris,
1136 1367 1172 1420 I.

2003 1078 2158 1134 1110.
2191 1078 2442 1148 lmpacto,
2468 1081 2712 1146 immisso,
2739 1082 2839 1138 lso.

2002 1150 2161 1205 1115.
2195 1150 2372 1216 Quod,
2408 1152 2520 1216 hoc,
2549 1151 2652 1205 lso.

2002 1219 2165 1294 illi;
2195 1220 2308 1274 Dux
2330 1259 2345 1282 ,
2375 1237 2404 1294 ρ
2428 1220 2680 1294 Theodosi
2701 1238 2719 1276 :
2742 1222 2820 1294 Ad
2843 1221 3226 1294 Constantianus
3250 1224 3494 1294 loquitur,

1931 1290 2098 1358 filium
2125 1289 2463 1344 Constantini.
2503 1291 2839 1360 Theodosius,
2864 1293 2902 1348 1.

1583 1450 2152 1513 COMMENTARIUS.

256 1545 440 1618 tendit.
499 1546 682 1618 Melius
712 1545 921 1616 Lipsius
944 1546 1244 1618 distinguit,
1279 1555 1334 1603 et
1368 1548 1420 1602 in
1459 1548 1700 1618 ingressu
1731 1563 1818 1604 re-

256 1616 464 1685 Iigionis
499 1617 664 1672 semel
696 1627 876 1672 tonsas
909 1616 1334 1686 luisse,'postea
1373 1616 1580 1673 coma‘m
1622 1620 1820 1674 aIuEsse

257 1686 427 1756 tradit,
465 1701 622 1756 quam
661 1687 820 1742 etiam
851 1688 915 1740 ad
960 1688 1092 1742 colla
1131 1686 1382 1742 diffusam
1429 1689 1513 1742 hic
1545 1687 1820 1744 Prudentii

257 1755 397 1828 locus
446 1755 722 1828 evidenter
769 1757 1066 1822 convincit;
1111 1759 1250 1828 quod
1293 1767 1475 1812 contra
1514 1759 1817 1814 Fabrcttum

257 1827 541 1900 confirmat
579 1827 997 1882 Montfaueonius
1020 1827 1150 1882 tom.
1175 1828 1241 1882 111
1261 1828 1524 1900 Antiqttit.
1555 1843 1671 1900 pag.
1691 1831 1818 1884 an.

1925 1545 2096 1601 videri
2137 1545 2246 1615 jam
2289 1560 2402 1600 aevo
2451 1547 2720 1603 Prudentii
2759 1563 2997 1606 cessasse
3045 1551 3225 1605 ludum
3271 1551 3494 1608 athleta-

1924 1631 2042 1670 rum
2077 1632 2271 1688 {nam
2294 1616 2454 1688 Nero,
2496 1626 2554 1671 ut
2596 1619 2648 1672 in
2678 1619 2795 1688 ejus
2840 1620 2957 1675 Vita
3007 1622 3172 1676 refert
3213 1623 3494 1678 Suetonius

1923 1697 2043 1758 cap.
2075 1687 2165 1752 12,
2206 1687 2274 1740 ad
2303 1687 2611 1742 athletarum
2631 1687 2974 1758 spectaculum
3002 1693 3225 1745 invitavit
3253 1703 3299 1746 et
3327 1704 3493 1747 vesta-

1925 1757 1997 1810 les
2022 1771 2042 1812 :
2069 1759 2190 1822 quia
2233 1757 2710 1831 Olympimnquoque
2755 1759 2949 1831 Cereris
2998 1763 3339 1817 sacerdotibus
3381 1780 3496 1831 spe-

1924 1835 2065 1880 ctare
2107 1830 2418 1883 conceditur.
2462 1828 2534 1885 Si
2561 1836 2736 1884 autem
2785 1830 3054 1885 Prudentii
3086 1841 3242 1887 aetate
3269 1828 3495 1887 vesta—les

258 1895 379 1971 Nam
407 1912 471 1950 ex
502 1896 660 1951 Festo
690 1913 842 1953 nova:
872 1909 1050 1971 nuptm
1094 1900 1239 1954 senis
1268 1899 1508 1971 crinibns
1536 1895 1695 1970 captu
1735 1916 1823 1954 or-
1852 1958 1896 1971 _
1925 1897 2243 1971 athletarum
2277 1899 2399 1952 ludo
2427 1899 2742 1971 adfuissent,
2778 1900 3094 1956 Prudentius
3140 1917 3243 1957 non
3270 1913 3491 1971 prmter-

260 1968 471 2040 nab_ant,
504 1978 826 2040 quogornatn
855 1958 1084 2023 vesiales
1111 1973 1413 2024 utebantur.
1447 1958 1688 2036 Ovidi'us,
1722 1971 1818 2026 lib.
1852 1958 1898 2018 Β
1925 1966 2157 2040 misisset
2201 1977 2568 2038 argumentum
2599 1958 2931 2040 inde'petcre
2969 1981 3155 2027 contra
3184 1958 3491 2028 earumdem

259 2052 310 2090 ιιι
340 2037 482 2091 Fast.
513 2039 579 2092 de
605 2037 782 2104 Sylvia
811 2041 1018 2104 vestali,
1067 2049 1237 2094 matre
1276 2039 1428 2093 Remi
1473 2049 1528 2094 et
1569 2041 1817 2096 Romuli:

258 2105 408 2179 Fessa
429 2109 614 2161 resedit
641 2099 817 2176 humo,
857 2099 1122 2175 ventosque
1151 2111 1340 2179 accepit
1384 2121 1560 2178 aperto
1589 2109 1817 2175 Pectore,

259 2178 475 2254 turbatas
489 2181 814 2254 restituitque
844 2197 1043 2254 comas;
1074 2178 1308 2254 etmoxAc
1335 2179 1464 2233 Cum
1491 2181 1636 2252 lapsa
1658 2183 1820 2254 capil-

261 2247 316 2300 lis
332 2247 536 2321 Decidit
559 2259 680 2321 ante
701 2247 873 2306 sacros
903 2251 1052 2304 lanea
1087 2251 1211 2304 vitta
1239 2252 1395 2321 focos.

322 2318 475 2374 1105.
510 2320 676 2393 Aldus
703 2321 887 2376 scribit
908 2322 1034 2375 titia.
1072 2321 1124 2375 In
1167 2318 1344 2392 glossa
1391 2322 1562 2393 legam
1591 2323 1821 2380 libenter

259 2405 344 2458 pro
372 2399 473 2442 tota
497 2391 636 2454 ritta,
661 2406 765 2446 non
796 2409 888 2459 pro
911 2401 1017 2446 tota
1040 2391 1230 2445 tunica.

325 2459 476 2514 1106.
520 2460 704 2525 Fabr.,
747 2472 800 2517 et
844 2463 958 2518 Gis.
999 2463 1064 2518 ad
1111 2478 1285 2529 oram,
1337 2463 1562 2519 tristibus
1601 2465 1817 2520 umbris.

259 2527 380 2583 Urb.
410 2531 570 2595 male,
600 2534 809 2586 tectibus
838 2533 1050 2588 umbris.
1087 2527 1279 2588 Subter’
1310 2533 1518 2589 humum
1549 2549 1700 2590 sacra
1742 2536 1822 2591 fa-

259 2599 457 2674 c_iebant
502 2601 712 2667 Vesta,
755 2605 877 2674 quia
925 2618 1042 2659 eam
1093 2613 1288 2660 terram
1337 2619 1456 2661 esse
1509 2606 1815 2662 credebant.

259 2669 497 2726 Fortasse
522 2687 638 2726 eam
674 2675 743 2728 υι)
772 2669 990 2729 causam
1026 2676 1231 2729 testibus
1259 2675 1450 2730 umbris
1477 2677 1551 2730 ait
1581 2676 1821 2732 Pruden-

259 2741 391 2816 tius:
416 2743 518 2807 vel,
545 2753 604 2798 ut
634 2753 780 2812 putat
806 2745 1223 2816 Chamillardus,
1251 2747 1373 2816 quia
1398 2756 1605 2802 veteres
1635 2749 1820 2805 crede-

259 2812 376 2864 bant
397 2829 581 2869 manes
604 2817 712 2869 aris
740 2824 794 2870 et
816 2815 946 2871 focis
970 2817 1180 2872 adesse.

321 2882 476 2938 1107.
521 2884 759 2939 Murmur
808 2901 950 2954 saepe
987 2903 1016 2941 a
1059 2886 1350 2942 Prudentio
1397 2886 1680 2943 adhibetur
1721 2903 1819 2956 pro

257 2966 377 3008 voce
407 2956 668 3010 submissa
695 2959 981 3012 orantium.
1016 2957 1148 3012 Vide
1170 2957 1321 3026 prter.
1347 2957 1440 3013 lib.
1471 2973 1508 3026 l,
1535 2973 1675 3014 vers.
1700 2960 1789 3014 56.

322 3026 474 3100 illis.
521 3027 806 3100 Suetonius
846 3043 971 3100 cap.
1001 3027 1070 3083 44
1099 3029 1152 3082 in
1180 3029 1417 3097 Augusto
1460 3045 1474 3080 :
1531 3027 1819 3100 Virginibus

258 3094 511 3170 restalibus
535 3098 699 3170 locum
728 3099 780 3170 in
812 3094 1006 3170 theatro
1034 3094 1331 3166 separatim,
1355 3108 1400 3170 et
1432 3107 1607 3153 contra
1619 3094 1822 3170 'pra’to-

258 3167 320 3239 ris
341 3167 558 3220 tribunal
574 3169 735 3239 dedit.
761 3169 1000 3224 Meminit
1024 3170 1181 3224 etiam
1203 3171 1342 3239 podii
1357 3167 1816 3226 Juvenalis'satﬂ:

261 3236 489 3310 Omnibus
513 3238 582 3292 ad
605 3240 811 3306 podium
831 3236 1308 3307 spectantibus.’Est
1327 3250 1502 3294 autem
1525 3241 1738 3310 podium
1762 3243 1816 3296 in

257 3307 1008 3389 amphitheatrn“tritenianum
1057 3324 1211 3389 supra
1261 3325 1459 3389 zonam
1505 3307 1675 3389 inuri,
1725 3315 1814 3389 qui
1843 3323 1890 3389 ε

256 3391 488 3452 campum
519 3380 774 3446 ambibat,
799 3381 938 3451 quod
967 3381 1126 3436 simul
1149 3390 1389 3446 ornatus,
1416 3381 1573 3437 simul
1599 3383 1816 3452 sponda:

255 3447 516 3524 obtinebat
546 3452 750 3524 locum,
781 3447 1002 3524 eratque
1030 3453 1302 3522 aliquanto
1331 3455 1579 3522 capacius
1607 3447 1817 3511 cmteris

255 3519 513 3594 gradibus.
545 3521 602 3576 In
627 3523 788 3592 podio
811 3519 1163 3594 considebant
1191 3519 1486 3592 senatores,
1512 3524 1705 3594 aliique
1736 3527 1818 3580 di-

255 3590 439 3658 gnitate
472 3590 800 3658 praestantes.
831 3593 943 3649 los.
968 3593 1278 3649 Emmanuel
1311 3590 1560 3660 Miniana,
1595 3590 1677 3649 vir
1706 3596 1819 3650 lau-

253 3661 568 3736 datissimus,
594 3663 645 3717 in
669 3665 863 3734 dialog.
885 3665 954 3720 de
975 3665 1181 3720 theatro
1199 3665 1488 3736 Saguntino
1505 3665 1696 3735 quaerit
1713 3681 1816 3736 qua

253 3739 445 3804 ratione
472 3735 524 3786 irt
557 3736 764 3789 theatro
788 3736 1000 3804 podium
1029 3737 1081 3790 in
1105 3735 1455 3804 frontescena:
1482 3750 1600 3789 esse
1629 3735 1816 3802 potue-

255 3800 342 3864 rit,
363 3819 479 3857 cnm
503 3814 714 3860 constet
740 3800 805 3860 ei
831 3805 1087 3860 Suetonio
1105 3800 1168 3862 et
1190 3807 1496 3871 Prudentia,
1524 3800 1817 3860 vestalibus

253 3883 557 3946 concessum
584 3876 748 3931 fuisse
779 3878 951 3931 locum
984 3877 1036 3931 in
1058 3877 1218 3946 podio
1242 3885 1427 3931 contra
1451 3877 1697 3945 praetoris
1726 3877 1818 3930 tri-

253 3940 420 3997 bunal.
454 3946 569 4012 Qua
599 3947 668 4001 de
700 3962 757 4001 re
789 3960 908 4002 cum
942 3940 1342 4002 Eminanuelem
1375 3940 1656 4002 Ma'rtinum
1687 3961 1818 4001 con-

251 4014 509 4080 suluisset,
538 4017 584 4070 is
605 4017 800 4070 nodum
830 4033 933 4072 non
966 4019 1122 4073 aliter
1146 4017 1410 4082 dissolvit,
1442 4018 1541 4071 nisi
1571 4027 1816 4073 correcto

251 4082 498 4158 Suetonio
518 4126 535 4150 ,
566 4097 623 4140 ut
654 4088 856 4155 legatur
898 4090 952 4142 in
980 4088 1350 4158 amphitheatro
1380 4103 1475 4157 pro
1502 4090 1554 4141 in
1594 4088 1813 4158 theatro,

250 4164 343 4230 aut
341 4157 496 4226 juxta
517 4160 747 4226 prtetoris
769 4157 992 4212 tribunal
1010 4157 1106 4229 pro
1121 4169 1297 4212 contra
1315 4159 1548 4230 praetoris
1570 4157 1812 4215 tribunal.

249 4224 366 4298 Sed,
402 4237 459 4280 ut
491 4224 592 4296 ego
639 4239 786 4297 puto,
817 4224 1030 4298 podium
1064 4230 1116 4283 in
1146 4224 1354 4283 theatro
1374 4238 1556 4284 contra
1599 4243 1813 4284 scenam

249 4296 450 4361 quidem
475 4307 615 4363 erat,
639 4296 731 4353 Sed
765 4296 1118 4370 hemicyclum
1150 4301 1220 4353 ita
1269 4299 1549 4367 formabat,
1583 4309 1641 4352 ut
1668 4301 1815 4355 locus

249 4370 529 4422 vestalibus
548 4370 848 4438 assignatus
867 4382 1052 4424 contra
1077 4372 1320 4439 prmtoris
1347 4370 1575 4424 tribunal
1592 4384 1710 4424 esse

249 4439 418 4511 tuerit,
453 4439 498 4511 si
524 4439 750 4511 scilicet
785 4455 855 4494 ex
907 4455 1008 4494 una
1057 4453 1205 4509 parte
1251 4441 1577 4511 hemicyclus
1619 4441 1686 4492 ab
1715 4439 1817 4495 hoc

249 4506 493 4578 tribunali
522 4508 799 4578 inciperet,
826 4519 880 4565 et
906 4526 971 4565 ex
998 4506 1095 4564 alia
1120 4513 1170 4564 itt
1197 4506 1474 4564 vestalium
1501 4511 1684 4563 sedem
1721 4511 1817 4565 de-

247 4575 460 4634 sineret.
498 4575 725 4633 bliniana
774 4593 928 4636 acute
971 4581 1234 4644 observat,
1282 4590 1425 4635 recte
1471 4580 1812 4634 Prudentium

247 4643 439 4702 dixisse
473 4651 613 4718 podii
637 4651 844 4706 meliore
867 4653 918 4705 in
954 4663 1116 4719 parte,
1150 4643 1268 4720 quia
1307 4651 1549 4704 Tiberius
1577 4649 1813 4704 decrevit

1923 2036 2254 2106 pudicitiam.

1996 2108 2155 2162 1109.
2189 2109 2334 2172 Ald.,
2359 2109 2498 2174 Gis.,
2523 2109 2761 2165 tridente.
2789 2112 2923 2178 Alii,
2953 2113 3175 2166 tridenti.
3201 2113 3322 2166 Ald.
3355 2114 3493 2168 male

1922 2177 2452 2251 distinguitspectant
2479 2190 2689 2234 ceratam
2715 2177 2936 2251 facient?
2966 2183 3214 2236 Mirmillo
3245 2182 3387 2237 ferro
3415 2184 3492 2238 fa-

1922 2249 2058 2303 ciem
2088 2249 2335 2320 tegebat:
2370 2251 2457 2305 bic
2483 2261 2565 2306 est
2589 2249 2818 2314 secutor,
2851 2252 3052 2322 dequo
3074 2261 3198 2306 ante
3231 2253 3372 2320 dixi,
3402 2256 3492 2322 qui

1922 2333 2045 2391 cum
2091 2322 2306 2375 retiario
2333 2322 2771 2391 componebatur.
2811 2321 3077 2378 Retiarius
3122 2322 3366 2388 tridenti,
3397 2338 3491 2380 seu

1921 2389 2159 2456 fuscina,
2183 2401 2237 2445 et
2263 2393 2361 2447 reti
2393 2389 2627 2446 armatus
2655 2402 2790 2447 erat.

1997 2461 2152 2534 1110.
2179 2461 2400 2528 Widm.,
2422 2466 2674 2532 quatiunt.
2690 2463 2812 2517 Ald.
2835 2463 2971 2520 male
2990 2462 3265 2534 distinguit
3284 2465 3490 2518 hastilia

1922 2531 2147 2602 saucius,
2177 2543 2222 2602 et
2248 2549 2421 2602 quam.

1993 2601 2151 2674 1111.
2181 2601 2299 2657 Vat.
2327 2606 2371 2658 A
2401 2617 2707 2674 perperam,
2733 2603 2920 2660 arenis.
2947 2604 3072 2661 Urb.
3098 2612 3154 2660 et
3183 2604 3333 2660 Alex.
3357 2605 3488 2660 scri-

1921 2669 2056 2726 bunt
2080 2671 2306 2727 harenis.

1992 2741 2150 2816 1112.
2181 2741 2322 2816 Rau,
2346 2745 2579 2814 quando,
2613 2760 2771 2815 supra
2816 2753 2984 2811 recte,
3022 2754 3232 2816 quanto.
3281 2745 3356 2800 Ex
3406 2745 3488 2800 his

1920 2813 2161 2886 versibus
2205 2813 2476 2886 Prudentii
2523 2813 2788 2886 colligitur
2833 2813 3062 2871 vestales
3107 2831 3204 2869 suo
3249 2825 3488 2885 tempore

1920 2883 2156 2956 nondum
2185 2884 2408 2940 abolitas
2434 2885 2616 2940 fuisse.
2653 2883 2866 2956 Lipsius
2904 2888 3094 2954 quaerit
3119 2901 3222 2955 quo
3247 2883 3484 2956 tempore

1921 2955 2204 3027 desierint.
2236 2963 2298 3027 et
2315 2957 2601 3027 respondet
2629 2955 3050 3027 sub’Theodosio
3078 2955 3369 3027 senioreﬁid
3397 2971 3487 3010 ac-

1921 3024 2141 3096 cidisse,
2185 3036 2240 3081 et
2287 3023 2419 3081 hoc'
2449 3027 2620 3095 ipsum
2676 3028 2914 3096 plerique
2957 3025 3240 3096 affirmant.
3286 3023 3482 3080 Verum

1920 3095 2090 3149 solum
2121 3103 2331 3152 constat
2353 3112 2381 3151 a
2405 3095 2703 3152 Theodosio
2726 3095 2947 3164 aliisque
2976 3095 3361 3164 antiquioribus
3384 3098 3482 3152 im-

1921 3168 2252 3238 peratoribus
2279 3167 2593 3222 Christianis
2637 3168 2874 3224 redditus
2917 3176 2969 3221 et
2999 3167 3269 3238 privilegia
3304 3178 3484 3222 vesta-

1921 3233 2062 3290 libus
2088 3247 2272 3310 negata
2301 3237 2498 3295 fuisse:
2529 3237 2620 3294 sed
2651 3233 3036 3310 permanebant
3061 3233 3486 3310 ipsae'nihilomi-

1922 3319 2022 3379 nus
2050 3316 2169 3378 pust
2200 3308 2500 3379 huiusmodi
2538 3308 2743 3374 edicta,
2770 3319 2823 3364 et
2852 3309 3120 3378 privilegia
3163 3309 3322 3362 etiam
3352 3323 3485 3363 non-

1923 3377 2066 3432 nulla
2097 3389 2188 3434 aut
2213 3377 2627 3446 conservabant,
2660 3390 2751 3434 aut
2784 3377 3100 3434 connivente
3145 3379 3482 3447 magistratu,

1921 3448 2110 3504 iterum
2140 3451 2240 3506 sibi
2278 3452 2616 3520 arrogabant.
2659 3450 2749 3506 Sic
2779 3465 2872 3518 per
2891 3449 3340 3520 Orientemhanno
3379 3449 3485 3504 596

1921 3520 2194 3589 privilegia
2244 3518 2578 3577 sacerdotum
2628 3524 2837 3590 penitus
2887 3520 2954 3575 ab
3004 3518 3232 3590 Arcadio
3289 3520 3484 3574 abolita

1920 3584 2046 3643 sunt
2095 3584 2210 3660 lége
2254 3593 2320 3646 M
2359 3593 2479 3646 cod.
2508 3584 2710 3646 Theod.
2749 3591 2816 3646 de
2845 3605 2962 3660 pag.
2992 3584 3103 3643 Nec
3141 3590 3483 3661 gratulentur,

1919 3661 2025 3730 ait,
2049 3675 2103 3713 se
2142 3663 2400 3730 privilegio
2437 3677 2546 3718 esse
2581 3663 2819 3724 munitos,
2857 3676 3067 3730 quorum
3113 3660 3358 3730 professio
3397 3677 3475 3730 per

1921 3729 2079 3801 legem
2109 3729 2424 3801 cegnoscitur
2446 3749 2551 3784 esse
2578 3732 2843 3801 damnata.
2869 3729 3064 3801 amen
3099 3730 3347 3783 nonnulla
3377 3729 3485 3801 pri-

1919 3799 2113 3869 vilegia
2143 3799 2462 3855 remansisse
2491 3801 2738 3855 observat
2763 3799 3138 3864 Gothofredus,
3175 3810 3319 3866 puta,
3351 3799 3482 3869 Aly-

1921 3873 2122 3924 tarchte
2163 3871 2312 3926 urbis
2350 3871 2698 3925 Antiochense
2727 3869 3092 3939 privilegium,
3129 3869 3365 3936 cupressi
3404 3870 3484 3922 vi-

1920 3939 2114 3995 delicet
2141 3942 2296 3996 unius
2317 3957 2380 3995 ex
2409 3943 2528 3996 luco
2555 3939 2859 4008 Daphnensi
2887 3939 3296 4002 exscindenda,
3339 3939 3480 4008 quod

1923 4011 2138 4066 tandem
2181 4027 2210 4065 a
2257 4011 2555 4066 Justiniano
2593 4011 2847 4064 abolitum
2891 4009 3006 4064 fuit.
3051 4009 3212 4078 Igitur
3249 4008 3483 4064 vestales

1919 4081 2175 4150 virgines,
2206 4084 2491 4138 subtractis
2517 4081 2830 4145 redditibus,
2856 4091 2910 4135 et
2937 4079 3210 4134 diminutis
3237 4089 3329 4133 aut
3357 4079 3485 4150 abo-

1921 4149 2030 4206 litis
2056 4153 2372 4223 privilegiis,
2404 4153 2600 4208 sensim
2631 4161 2986 4223 evanuerunt,
3028 4159 3091 4223 ut
3128 4149 3485 4223 conjicere‘li-

1920 4230 2026 4278 cet.
2052 4219 2128 4276 Ac
2159 4219 2380 4278 fortasse
2411 4223 2513 4277 huc
2547 4222 2764 4290 respicit
2787 4223 3033 4290 epistola.
3060 4219 3364 4291 Symmachi
3393 4219 3481 4281 99.

1920 4293 2013 4347 lib.
2043 4307 2135 4358 ιχ,
2166 4293 2230 4347 ad
2273 4294 2529 4363 virginem
2569 4291 2822 4346 vestalcm
2855 4310 2867 4344 :
2914 4291 3116 4363 Diceris
3161 4301 3275 4363 ante
3323 4304 3485 4363 annos

1919 4357 2125 4434 legibus
2159 4357 2394 4431 deﬁnito}
2431 4363 2605 4434 aestati
2641 4371 2828 4434 secreto
2866 4361 2992 4415 velle
3025 4361 3286 4434 decedere.
3332 4357 3485 4412 Non-

1920 4432 2044 4487 dum
2069 4434 2218 4487 credo
2243 4435 2465 4496 rumori,
2489 4432 2576 4486 sed
2604 4433 2926 4486 assertionem
2951 4441 3052 4486 tua:
3073 4433 3206 4484 vocis
3235 4438 3483 4498 exspecto.

1921 4504 1976 4557 In
2007 4505 2442 4572 inscriptionibus
2479 4517 2612 4569 quas
2641 4503 2706 4556 ad
2737 4518 2879 4557 vers.
2909 4502 3013 4556 909
3049 4500 3296 4572 exaravi,
3329 4500 3485 4572 Sym-

1922 4575 2140 4630 machus
2167 4569 2221 4630 et
2253 4573 2603 4628 Nicomachus
2627 4573 2889 4644 pontiﬁces
2919 4573 3138 4644 maiores
3170 4569 3336 4626 multo
3365 4569 3483 4639 pbst

1919 4645 2112 4700 abolita
2144 4647 2412 4714 privilegia
2433 4643 2711 4714 vestalium
2739 4643 2988 4714 appellati
3013 4650 3156 4698 sunt.

247 4725 299 4769 ut
343 4708 554 4786 quoties
599 4723 832 4790 Augusta
881 4708 1133 4776 theatrum
1167 4708 1456 4782 introisset,
1496 4721 1638 4773 sedes
1681 4721 1810 4774 inter
1839 4708 1892 4768 D
1989 4708 2157 4790 1111.
2188 4708 2479 4790 Honorium
2510 4713 2748 4790 intelligi
2777 4708 2996 4768 dubium
3038 4726 3140 4766 non
3181 4718 3291 4790 est,
3335 4708 3485 4790 qnid-

243 4791 501 4843 restalium
529 4793 832 4855 consideret,
862 4808 926 4846 ex
952 4793 1134 4846 Tacito
1155 4807 1206 4846 tv
1231 4793 1422 4848 Annal.
1447 4790 1696 4844 Fortasse
1724 4791 1810 4845 lux

243 4857 414 4929 aliqua
464 4860 638 4928 major
667 4861 789 4916 huic
828 4865 903 4918 rei
935 4863 1153 4917 accedet
1200 4877 1267 4916 ex
1307 4861 1486 4916 verbis
1529 4860 1812 4929 Bulengeri

246 4927 332 4999 lih.
385 4946 402 4983 ι
447 4933 515 4984 (le
545 4927 797 4997 Theatra,
831 4948 949 4999 cap.
991 4936 1023 4987 9
1057 4949 1070 4984 :
1106 4931 1375 4996 Theatrum
1403 4947 1501 4984 non
1531 4927 1814 4984 constitisse

243 4998 352 5074 δοζο⁸
378 5001 853 5074 hemicycloﬁgura
881 4998 1012 5074 ejus,
1061 5003 1195 5072 quod
1227 5002 1403 5056 Roma:
1431 5011 1527 5064 est,
1547 5001 1637 5074 Μ.
1669 4999 1812 5074 hlar-

244 5069 352 5121 celli
380 5069 622 5124 ostendit.
647 5069 774 5125 Cuin
800 5069 931 5128 enim
959 5069 1106 5141 ﬂexis
1135 5081 1246 5143 post
1270 5073 1638 5125 semicirculum
1667 5071 1814 5124 lineis

243 5148 519 5213 uterentur,
550 5157 614 5195 ex.
656 5144 852 5213 integro
899 5145 1078 5196 circuli
1116 5144 1308 5195 ambitu
1350 5153 1582 5212 quartam
1620 5151 1812 5213 partem

241 5209 546 5282 adimentes,
568 5214 701 5280 quod
729 5209 978 5282 reliquum
1002 5221 1135 5277 erat,
1164 5209 1371 5266 theatro
1397 5213 1605 5266 dabant.
1637 5212 1814 5266 Arno-

241 5277 354 5333 bitts
387 5282 482 5334 lib.
515 5277 589 5336 tv'
609 5284 804 5351 pariter
824 5277 1006 5351 objicit
1028 5283 1315 5352 gentilibus
1341 5284 1483 5352 quod
1514 5283 1818 5352 sacerdotes

240 5355 295 5422 et
336 5355 574 5406 vestales
604 5354 853 5408 sederent
895 5358 946 5407 in
990 5351 1308 5421 spectaculis
1339 5351 1586 5422 publicis.
1620 5351 1813 5406 Sedent

238 5418 290 5470 in
335 5423 642 5491 spectaculis
681 5425 892 5492 publicis
930 5418 1244 5478 sacerdotum
1282 5418 1510 5477 omnium
1551 5423 1821 5491 magistra-

239 5498 482 5560 tuumque
505 5496 741 5564 cotlegia,
775 5496 1040 5564 pontiﬁces
1078 5495 1304 5560 maximi,
1335 5507 1383 5548 et
1418 5495 1628 5547 maximi
1653 5493 1824 5564 curio-

240 5574 364 5632 nes;
394 5566 568 5617 sedent
604 5562 986 5632 quindecimviri
1023 5566 1262 5630 laureati,
1293 5574 1340 5618 et
1368 5564 1531 5617 diales
1558 5579 1673 5616 cum
1712 5562 1827 5632 api-

241 5631 381 5706 cibus
403 5631 673 5702 flamines;
705 5639 878 5689 sedent
907 5652 1123 5703 augures
1148 5639 1447 5706 interpretes
1478 5635 1662 5688 divina:
1686 5631 1824 5706 men:

241 5701 306 5753 lis
342 5701 409 5755 et
437 5707 741 5769 voluntatis;
772 5701 985 5759 necnon
1015 5718 1062 5759 et
1115 5701 1552 5775 rastw'virgines,
1600 5703 1825 5774 perpetui

243 5776 465 5828 nutrices
512 5785 560 5830 et
611 5779 998 5832 conservatrices
1053 5780 1206 5848 ignis.
1253 5778 1387 5833 Illud
1436 5775 1823 5844 animadverto,

603 6042 712 6091 ηδ

1917 4786 2042 4853 quid
2088 4786 2280 4860 glossaa
2323 4785 2542 4852 dicunt,
2571 4781 2703 4851 quae
2735 4783 2876 4860 inter
2918 4797 2977 4836 se
3005 4781 3286 4860 contraria'
3328 4789 3482 4860 sunt,

1919 4850 2228 4924 neque'ulla
2267 4871 2329 4909 ex
2362 4864 2511 4923 parte
2529 4850 2724 4924 verum
2747 4854 3050 4924 attingunt.
3079 4851 3310 4924 Lipsins,
3345 4850 3435 4924 |i_b.
3467 4864 3486 4903 ι

1918 4919 2133 4980 Saturn.
2164 4919 2494 4995 serm.,'cap.
2527 4922 2622 4984 12,
2650 4923 2717 4977 de
2745 4922 2870 4976 ludo
2897 4919 3212 4995 gladiatorio
3239 4920 3356 4995 haec
3375 4919 3486 4972 fere

1918 4995 2117 5070 refert:
2153 4995 2380 5050 Nervam
2427 4991 2666 5070 sumptus
2711 4991 3092 5070 numerumque
3120 4991 3484 5070 gladiatorum

1919 5068 2204 5127 minuisse.
2247 5081 2351 5119 non
2394 5064 2606 5134 penitus
2647 5065 2944 5127 sustulisse,
2994 5062 3135 5134 quod
3185 5061 3317 5134 falso
3356 5061 3487 5134 dixit

1920 5137 2181 5209 Zonaras;
2213 5127 2620 5209 Constantinum
2648 5149 2712 5188 ex
2740 5127 3056 5209 Sozomeno,
3087 5131 3339 5209 Eusebio,
3365 5127 3486 5209 Gal-

1921 5207 2042 5260 listo
2086 5207 2178 5262 lib.
2224 5223 2325 5273 vn,
2371 5220 2465 5260 eos
2519 5205 2667 5258 ludos
2721 5205 2983 5266 vetuisse;
3028 5205 3126 5257 sub
3174 5201 3487 5273 Constantio

1913 5278 2110 5332 iterum
2138 5277 2290 5331 ludos
2315 5268 2611 5344 irrupisse,
2640 5283 2695 5327 ut
2717 5273 2992 5344 colligitur
3011 5288 3076 5328 ex
3103 5273 3224 5344 cod.
3251 5268 3488 5344 fl‘heod.,

1923 5347 2241 5421 Augustino,
2273 5357 2337 5421 et_
2375 5340 2683 5421 Prudentio.
2715 5342 2824 5421 [fex
2861 5340 3203 5398 Constantini
3236 5340 3366 5421 llaec
3405 5350 3488 5421 est

1924 5411 2126 5482 libfxr,
2162 5420 2242 5471 tit.
2270 5418 2340 5471 45
2373 5417 2491 5470 cod.
2527 5415 2662 5469 Just.
2691 5431 2703 5465 :
2736 5411 2952 5466 Cruenta
2995 5413 3280 5482 spectacula
3305 5411 3359 5464 in
3387 5411 3490 5465 otio

1926 5487 2064 5563 civili
2083 5496 2132 5563 et
2156 5487 2434 5563 domestica
2455 5487 2618 5556 quiete
2640 5499 2741 5563 non
2770 5483 3013 5550 placent:
3043 5489 3490 5563 quapropter-9m-

1927 5559 2050 5611 nino
2080 5559 2387 5625 gladiatores
2419 5550 2524 5609 esse
2563 5553 2885 5625 prohibemus
2907 5570 2926 5608 :
2951 5550 3071 5624 qua:
3101 5550 3329 5625 βίη-1011.
3357 5550 3490 5625 Pau~

1927 5629 2039 5684 lino
2068 5620 2123 5680 et
2151 5627 2360 5680 luliano
2388 5620 2594 5688 Ctmss.,
2623 5639 2764 5678 anno
2789 5620 2986 5678 Christi
3027 5623 3150 5678 525.
3181 5620 3492 5677 Guillelmus

1928 5698 2156 5772 Pyrr_hu_
2163 5699 2214 5772 in
2241 5698 2382 5772 notis
2407 5695 2682 5772 Claudiani
2716 5694 2781 5772 nd
2809 5709 2964 5772 usum
2997 5692 3258 5772 Delphini
3293 5691 3492 5759 Paneg.

1929 5761 2094 5826 M'allii
2115 5765 2380 5824 Theodori
2405 5767 2506 5834 ait,
2533 5769 2672 5822 inter
2692 5765 2826 5822 alios
2854 5763 3010 5829 ludos
3028 5778 3060 5821 a
3079 5761 3368 5822 Claudiano
3389 5773 3493 5824 non
