  <div class='ocr_page' id='page_1' title='image "/cluster/home/n/w/nwhite01/storage/ocr_20150623/60/hvd.32044015469299/154.png"; bbox 0 0 4024 6292; ppageno 0'>
   <div class='ocr_carea' id='block_1_1' title="bbox 1399 498 1668 570">
    <p class='ocr_par' dir='ltr' id='par_1_1' title="bbox 1399 498 1668 570">
     <span class='ocr_line' id='line_1_1' title="bbox 1399 498 1668 570; baseline -0.007 -18"><span class='ocrx_word' id='word_1_1' title='bbox 1399 498 1431 570; x_wconf 65' lang='grc' dir='ltr'><strong>,ι</strong></span> <span class='ocrx_word' id='word_1_2' title='bbox 1448 510 1668 552; x_wconf 90' lang='lat' dir='ltr'><strong>manus:</strong></span> 
     </span>
    </p>
   </div>
   <div class='ocr_carea' id='block_1_2' title="bbox 338 590 1678 668">
    <p class='ocr_par' dir='ltr' id='par_1_2' title="bbox 338 590 1678 668">
     <span class='ocr_line' id='line_1_2' title="bbox 338 590 1678 668; baseline -0.009 -13"><span class='ocrx_word' id='word_1_3' title='bbox 338 600 549 655; x_wconf 83' lang='lat' dir='ltr'><strong>Veritas</strong></span> <span class='ocrx_word' id='word_1_4' title='bbox 578 598 783 654; x_wconf 80' lang='lat' dir='ltr'><strong>crimen</strong></span> <span class='ocrx_word' id='word_1_5' title='bbox 814 602 1029 668; x_wconf 87' lang='lat' dir='ltr'><strong>putatur</strong></span> <span class='ocrx_word' id='word_1_6' title='bbox 1050 607 1193 650; x_wconf 61' lang='grc' dir='ltr'><strong>ενοι</strong></span> <span class='ocrx_word' id='word_1_7' title='bbox 1210 591 1386 647; x_wconf 75' lang='lat' dir='ltr'><strong>ﬁdelis</strong></span> <span class='ocrx_word' id='word_1_8' title='bbox 1407 590 1678 660; x_wconf 81' lang='lat' dir='ltr'><strong>plectitur.</strong></span> 
     </span>
    </p>
   </div>
   <div class='ocr_carea' id='block_1_3' title="bbox 408 678 1741 750">
    <p class='ocr_par' dir='ltr' id='par_1_3' title="bbox 408 678 1741 750">
     <span class='ocr_line' id='line_1_3' title="bbox 408 678 1741 750; baseline -0.008 -6"><span class='ocrx_word' id='word_1_9' title='bbox 408 689 561 746; x_wconf 83' lang='lat' dir='ltr'><strong>Tunc</strong></span> <span class='ocrx_word' id='word_1_10' title='bbox 604 698 660 746; x_wconf 86' lang='lat' dir='ltr'><strong>et</strong></span> <span class='ocrx_word' id='word_1_11' title='bbox 703 702 834 745; x_wconf 78' lang='lat' dir='ltr'><strong>ense</strong></span> <span class='ocrx_word' id='word_1_12' title='bbox 885 700 1024 743; x_wconf 70' lang='lat' dir='ltr'><strong>cassa</strong></span> <span class='ocrx_word' id='word_1_13' title='bbox 1061 685 1229 741; x_wconf 86' lang='lat' dir='ltr'><strong>virtus</strong></span> <span class='ocrx_word' id='word_1_14' title='bbox 1278 683 1433 738; x_wconf 85' lang='lat' dir='ltr'><strong>triste</strong></span> <span class='ocrx_word' id='word_1_15' title='bbox 1474 678 1741 750; x_wconf 78' lang='lat' dir='ltr'><strong>percussit</strong></span> 
     </span>
    </p>
   </div>
   <div class='ocr_carea' id='block_1_4' title="bbox 1439 770 1670 844">
    <p class='ocr_par' dir='ltr' id='par_1_4' title="bbox 1439 770 1670 844">
     <span class='ocr_line' id='line_1_4' title="bbox 1439 770 1670 844; baseline 0 -19"><span class='ocrx_word' id='word_1_16' title='bbox 1439 770 1670 844; x_wconf 85' lang='lat' dir='ltr'><strong>[solum,</strong></span> 
     </span>
    </p>
   </div>
   <div class='ocr_carea' id='block_1_5' title="bbox 185 862 1736 943">
    <p class='ocr_par' dir='ltr' id='par_1_5' title="bbox 185 862 1736 943">
     <span class='ocr_line' id='line_1_5' title="bbox 185 862 1736 943; baseline -0.009 -14"><span class='ocrx_word' id='word_1_17' title='bbox 185 876 242 931; x_wconf 87' lang='lat'><strong>50</strong></span> <span class='ocrx_word' id='word_1_18' title='bbox 340 872 410 928; x_wconf 88' lang='lat' dir='ltr'><strong>Et</strong></span> <span class='ocrx_word' id='word_1_19' title='bbox 431 872 577 943; x_wconf 80' lang='lat' dir='ltr'><strong>rogis</strong></span> <span class='ocrx_word' id='word_1_20' title='bbox 601 871 805 942; x_wconf 80' lang='lat' dir='ltr'><strong>ingesta</strong></span> <span class='ocrx_word' id='word_1_21' title='bbox 831 866 1061 934; x_wconf 67' lang='lat' dir='ltr'><strong>mestis,</strong></span> <span class='ocrx_word' id='word_1_22' title='bbox 1107 880 1205 922; x_wconf 87' lang='lat' dir='ltr'><strong>ore</strong></span> <span class='ocrx_word' id='word_1_23' title='bbox 1227 864 1468 921; x_wconf 61' lang='lat' dir='ltr'><strong>limosas</strong></span> <span class='ocrx_word' id='word_1_24' title='bbox 1497 862 1736 917; x_wconf 86' lang='lat' dir='ltr'><strong>sorbuit:</strong></span> 
     </span>
    </p>
   </div>
   <div class='ocr_carea' id='block_1_6' title="bbox 335 954 1735 1031">
    <p class='ocr_par' dir='ltr' id='par_1_6' title="bbox 335 954 1735 1031">
     <span class='ocr_line' id='line_1_6' title="bbox 335 954 1735 1031; baseline -0.009 -12"><span class='ocrx_word' id='word_1_25' title='bbox 335 965 500 1021; x_wconf 82' lang='lat' dir='ltr'><strong>Dulce</strong></span> <span class='ocrx_word' id='word_1_26' title='bbox 522 975 647 1019; x_wconf 89' lang='lat' dir='ltr'><strong>tunc</strong></span> <span class='ocrx_word' id='word_1_27' title='bbox 660 962 822 1031; x_wconf 79' lang='lat' dir='ltr'><strong>iustis</strong></span> <span class='ocrx_word' id='word_1_28' title='bbox 838 958 1089 1027; x_wconf 74' lang='lat' dir='ltr'><strong>cremari,</strong></span> <span class='ocrx_word' id='word_1_29' title='bbox 1109 957 1264 1013; x_wconf 83' lang='lat' dir='ltr'><strong>dulce</strong></span> <span class='ocrx_word' id='word_1_30' title='bbox 1286 956 1486 1016; x_wconf 74' lang='lat' dir='ltr'><strong>ferrum</strong></span> <span class='ocrx_word' id='word_1_31' title='bbox 1509 954 1735 1024; x_wconf 79' lang='lat' dir='ltr'><strong>perpeti.</strong></span> 
     </span>
    </p>
   </div>
   <div class='ocr_carea' id='block_1_7' title="bbox 406 1048 1741 1113">
    <p class='ocr_par' dir='ltr' id='par_1_7' title="bbox 406 1048 1741 1113">
     <span class='ocr_line' id='line_1_7' title="bbox 406 1048 1741 1113; baseline -0.009 -1"><span class='ocrx_word' id='word_1_32' title='bbox 406 1057 508 1113; x_wconf 85' lang='lat' dir='ltr'><strong>llic</strong></span> <span class='ocrx_word' id='word_1_33' title='bbox 572 1056 798 1112; x_wconf 82' lang='lat' dir='ltr'><strong>duorum</strong></span> <span class='ocrx_word' id='word_1_34' title='bbox 878 1068 1005 1110; x_wconf 86' lang='lat' dir='ltr'><strong>cara</strong></span> <span class='ocrx_word' id='word_1_35' title='bbox 1074 1052 1301 1107; x_wconf 79' lang='lat' dir='ltr'><strong>lratrutn</strong></span> <span class='ocrx_word' id='word_1_36' title='bbox 1354 1048 1741 1105; x_wconf 70' lang='lat' dir='ltr'><strong>concalescunt</strong></span> 
     </span>
    </p>
   </div>
   <div class='ocr_carea' id='block_1_8' title="bbox 1380 1138 1663 1211">
    <p class='ocr_par' dir='ltr' id='par_1_8' title="bbox 1380 1138 1663 1211">
     <span class='ocr_line' id='line_1_8' title="bbox 1380 1138 1663 1211; baseline 0 -20"><span class='ocrx_word' id='word_1_37' title='bbox 1380 1138 1629 1211; x_wconf 79' lang='lat' dir='ltr'><strong>[pectora</strong></span> <span class='ocrx_word' id='word_1_38' title='bbox 1649 1152 1663 1191; x_wconf 89' lang='lat'>:</span> 
     </span>
    </p>
   </div>
   <div class='ocr_carea' id='block_1_9' title="bbox 340 1228 1734 1309">
    <p class='ocr_par' dir='ltr' id='par_1_9' title="bbox 340 1228 1734 1309">
     <span class='ocr_line' id='line_1_9' title="bbox 340 1228 1734 1309; baseline -0.009 -15"><span class='ocrx_word' id='word_1_39' title='bbox 340 1238 469 1294; x_wconf 82' lang='lat' dir='ltr'><strong>Fida</strong></span> <span class='ocrx_word' id='word_1_40' title='bbox 500 1252 635 1309; x_wconf 89' lang='lat' dir='ltr'><strong>quos</strong></span> <span class='ocrx_word' id='word_1_41' title='bbox 662 1251 759 1306; x_wconf 88' lang='lat' dir='ltr'><strong>per</strong></span> <span class='ocrx_word' id='word_1_42' title='bbox 778 1249 936 1291; x_wconf 91' lang='lat' dir='ltr'><strong>omne</strong></span> <span class='ocrx_word' id='word_1_43' title='bbox 964 1232 1441 1303; x_wconf 80' lang='lat' dir='ltr'><strong>tempusjunxerat</strong></span> <span class='ocrx_word' id='word_1_44' title='bbox 1458 1228 1734 1283; x_wconf 83' lang='lat' dir='ltr'><strong>sodalitas.</strong></span> 
     </span>
    </p>
   </div>
   <div class='ocr_carea' id='block_1_10' title="bbox 337 1318 1737 1401">
    <p class='ocr_par' dir='ltr' id='par_1_10' title="bbox 337 1318 1737 1401">
     <span class='ocr_line' id='line_1_10' title="bbox 337 1318 1737 1401; baseline -0.011 -13"><span class='ocrx_word' id='word_1_45' title='bbox 337 1330 496 1388; x_wconf 83' lang='lat' dir='ltr'><strong>Stant</strong></span> <span class='ocrx_word' id='word_1_46' title='bbox 522 1328 691 1401; x_wconf 80' lang='lat' dir='ltr'><strong>parati</strong></span> <span class='ocrx_word' id='word_1_47' title='bbox 721 1328 861 1384; x_wconf 79' lang='lat' dir='ltr'><strong>ferre</strong></span> <span class='ocrx_word' id='word_1_48' title='bbox 882 1324 1141 1398; x_wconf 86' lang='lat' dir='ltr'><strong>quidquid</strong></span> <span class='ocrx_word' id='word_1_49' title='bbox 1170 1337 1288 1379; x_wconf 89' lang='lat' dir='ltr'><strong>sors</strong></span> <span class='ocrx_word' id='word_1_50' title='bbox 1311 1320 1517 1376; x_wconf 81' lang='lat' dir='ltr'><strong>tulisset</strong></span> <span class='ocrx_word' id='word_1_51' title='bbox 1536 1318 1737 1373; x_wconf 91' lang='lat' dir='ltr'><strong>ultima.</strong></span> 
     </span>
    </p>
   </div>
   <div class='ocr_carea' id='block_1_11' title="bbox 1338 294 2256 358">
    <p class='ocr_par' dir='ltr' id='par_1_11' title="bbox 1338 294 2256 358">
     <span class='ocr_line' id='line_1_11' title="bbox 1338 294 2256 358; baseline -0.007 0"><span class='ocrx_word' id='word_1_52' title='bbox 1338 296 1915 358; x_wconf 63' lang='lat' dir='ltr'><strong>BRlSTEPﬂANON.</strong></span> <span class='ocrx_word' id='word_1_53' title='bbox 1957 294 2168 354; x_wconf 72' lang='lat' dir='ltr'><strong>HYMN.</strong></span> <span class='ocrx_word' id='word_1_54' title='bbox 2217 296 2256 353; x_wconf 91' lang='lat' dir='ltr'><strong>I.</strong></span> 
     </span>
    </p>
   </div>
   <div class='ocr_carea' id='block_1_12' title="bbox 336 408 1917 489">
    <p class='ocr_par' dir='ltr' id='par_1_12' title="bbox 336 408 1917 489">
     <span class='ocr_line' id='line_1_12' title="bbox 336 408 1917 489; baseline -0.008 -13"><span class='ocrx_word' id='word_1_55' title='bbox 336 415 790 489; x_wconf 66' lang='lat' dir='ltr'><strong>8798er</strong></span> <span class='ocrx_word' id='word_1_56' title='bbox 812 414 987 469; x_wconf 79' lang='lat' dir='ltr'><strong>lorum</strong></span> <span class='ocrx_word' id='word_1_57' title='bbox 1016 426 1111 485; x_wconf 84' lang='lat' dir='ltr'><strong>per</strong></span> <span class='ocrx_word' id='word_1_58' title='bbox 1136 425 1295 467; x_wconf 86' lang='lat' dir='ltr'><strong>omne</strong></span> <span class='ocrx_word' id='word_1_59' title='bbox 1331 418 1504 466; x_wconf 82' lang='lat' dir='ltr'><strong>tortor</strong></span> <span class='ocrx_word' id='word_1_60' title='bbox 1527 418 1743 467; x_wconf 75' lang='lat' dir='ltr'><strong>exercet</strong></span> <span class='ocrx_word' id='word_1_61' title='bbox 1768 413 1819 472; x_wconf 81' lang='grc' dir='ltr'><strong>Α</strong></span> <span class='ocrx_word' id='word_1_62' title='bbox 1846 408 1917 464; x_wconf 80' lang='lat'><strong>56</strong></span> 
     </span>
    </p>
   </div>
   <div class='ocr_carea' id='block_1_13' title="bbox 3317 293 3422 352">
    <p class='ocr_par' dir='ltr' id='par_1_13' title="bbox 3317 293 3422 352">
     <span class='ocr_line' id='line_1_13' title="bbox 3317 293 3422 352; baseline -0.038 0"><span class='ocrx_word' id='word_1_63' title='bbox 3317 293 3422 352; x_wconf 67' lang='lat'><strong>280</strong></span> 
     </span>
    </p>
   </div>
   <div class='ocr_carea' id='block_1_14' title="bbox 2095 396 3422 475">
    <p class='ocr_par' dir='ltr' id='par_1_14' title="bbox 2095 396 3422 475">
     <span class='ocr_line' id='line_1_14' title="bbox 2095 396 3422 475; baseline -0.007 -11"><span class='ocrx_word' id='word_1_64' title='bbox 2095 406 2205 464; x_wconf 90' lang='lat' dir='ltr'><strong>Seu</strong></span> <span class='ocrx_word' id='word_1_65' title='bbox 2236 405 2374 462; x_wconf 79' lang='lat' dir='ltr'><strong>foret</strong></span> <span class='ocrx_word' id='word_1_66' title='bbox 2399 396 2682 475; x_wconf 76' lang='lat' dir='ltr'><strong>praebenda</strong></span> <span class='ocrx_word' id='word_1_67' title='bbox 2705 406 2885 463; x_wconf 78' lang='lat' dir='ltr'><strong>cervix</strong></span> <span class='ocrx_word' id='word_1_68' title='bbox 2906 404 2973 461; x_wconf 87' lang='lat' dir='ltr'><strong>ad</strong></span> <span class='ocrx_word' id='word_1_69' title='bbox 3008 405 3294 474; x_wconf 76' lang='lat' dir='ltr'><strong>bipennem</strong></span> <span class='ocrx_word' id='word_1_70' title='bbox 3325 418 3422 472; x_wconf 91' lang='lat' dir='ltr'><strong>pu-</strong></span> 
     </span>
    </p>
   </div>
   <div class='ocr_carea' id='block_1_15' title="bbox 3119 493 3348 549">
    <p class='ocr_par' dir='ltr' id='par_1_15' title="bbox 3119 493 3348 549">
     <span class='ocr_line' id='line_1_15' title="bbox 3119 493 3348 549; baseline -0.013 0"><span class='ocrx_word' id='word_1_71' title='bbox 3119 493 3308 549; x_wconf 88' lang='lat' dir='ltr'><strong>blicam</strong></span> <span class='ocrx_word' id='word_1_72' title='bbox 3334 508 3348 546; x_wconf 90' lang='lat'><strong>:</strong></span> 
     </span>
    </p>
   </div>
   <div class='ocr_carea' id='block_1_16' title="bbox 2022 494 3422 661">
    <p class='ocr_par' dir='ltr' id='par_1_16' title="bbox 2022 494 3422 661">
     <span class='ocr_line' id='line_1_16' title="bbox 3119 494 3348 549; baseline -0.013 0"><span class='ocrx_word' id='word_1_73' title='bbox 3119 494 3348 549; x_wconf 89' lang='lat' dir='ltr'><strong>blicam:</strong></span> 
     </span>
     <span class='ocr_line' id='line_1_17' title="bbox 2022 494 3422 661; baseline -0.003 -19"><span class='ocrx_word' id='word_1_74' title='bbox 2022 587 2316 645; x_wconf 81' lang='lat' dir='ltr'><strong>Verberum</strong></span> <span class='ocrx_word' id='word_1_75' title='bbox 2348 596 2473 659; x_wconf 85' lang='lat' dir='ltr'><strong>post</strong></span> <span class='ocrx_word' id='word_1_76' title='bbox 2515 588 2622 645; x_wconf 80' lang='lat' dir='ltr'><strong>vim</strong></span> <span class='ocrx_word' id='word_1_77' title='bbox 2665 596 3002 661; x_wconf 76' lang='lat' dir='ltr'><strong>crepantum,</strong></span> <span class='ocrx_word' id='word_1_78' title='bbox 3045 494 3170 658; x_wconf 53' lang='lat' dir='ltr'><strong>pint</strong></span> <span class='ocrx_word' id='word_1_79' title='bbox 3192 591 3422 639; x_wconf 86' lang='lat' dir='ltr'><strong>catastas</strong></span> 
     </span>
    </p>
   </div>
   <div class='ocr_carea' id='block_1_17' title="bbox 2428 689 3346 739">
    <p class='ocr_par' dir='ltr' id='par_1_17' title="bbox 2428 689 3346 739">
     <span class='ocr_line' id='line_1_18' title="bbox 2428 689 3346 739; baseline -0.004 -8"><span class='ocrx_word' id='word_1_80' title='bbox 2428 716 2445 731; x_wconf 97' lang='lat'><strong>.</strong></span> <span class='ocrx_word' id='word_1_81' title='bbox 3119 689 3129 739; x_wconf 94' lang='lat'><strong><em>|</em></strong></span> <span class='ocrx_word' id='word_1_82' title='bbox 3144 689 3346 739; x_wconf 75' lang='lat' dir='ltr'><strong>igneas,</strong></span> 
     </span>
    </p>
   </div>
   <div class='ocr_carea' id='block_1_18' title="bbox 2014 676 3421 845">
    <p class='ocr_par' dir='ltr' id='par_1_18' title="bbox 2014 676 3421 845">
     <span class='ocr_line' id='line_1_19' title="bbox 2428 689 3346 739; baseline -0.004 -8"><span class='ocrx_word' id='word_1_83' title='bbox 2428 716 2445 731; x_wconf 97' lang='lat'><strong>.</strong></span> <span class='ocrx_word' id='word_1_84' title='bbox 3144 694 3155 729; x_wconf 84' lang='grc' dir='ltr'>ι</span> <span class='ocrx_word' id='word_1_85' title='bbox 3197 689 3346 739; x_wconf 89' lang='lat' dir='ltr'><strong>neas,</strong></span> 
     </span>
     <span class='ocr_line' id='line_1_20' title="bbox 2014 676 3421 845; baseline -0.017 2"><span class='ocrx_word' id='word_1_86' title='bbox 2014 771 2329 845; x_wconf 65' lang='grc' dir='ltr'><strong>δεθείη</strong></span> <span class='ocrx_word' id='word_1_87' title='bbox 2356 772 2536 844; x_wconf 83' lang='lat' dir='ltr'><strong>pardis</strong></span> <span class='ocrx_word' id='word_1_88' title='bbox 2570 773 2903 831; x_wconf 66' lang='lat' dir='ltr'><strong>oﬂerendum</strong></span> <span class='ocrx_word' id='word_1_89' title='bbox 2938 676 3147 845; x_wconf 78' lang='lat' dir='ltr'><strong>pectus[,</strong></span> <span class='ocrx_word' id='word_1_90' title='bbox 3160 691 3282 825; x_wconf 76' lang='lat' dir='ltr'><strong>8aut</strong></span> <span class='ocrx_word' id='word_1_91' title='bbox 3311 770 3421 824; x_wconf 85' lang='lat' dir='ltr'><strong>leo-</strong></span> 
     </span>
    </p>
   </div>
   <div class='ocr_carea' id='block_1_19' title="bbox 3171 863 3346 916">
    <p class='ocr_par' dir='ltr' id='par_1_19' title="bbox 3171 863 3346 916">
     <span class='ocr_line' id='line_1_21' title="bbox 3171 863 3346 916; baseline -0.017 0"><span class='ocrx_word' id='word_1_92' title='bbox 3171 863 3346 916; x_wconf 83' lang='lat' dir='ltr'><strong>nibus.</strong></span> 
     </span>
    </p>
   </div>
   <div class='ocr_carea' id='block_1_20' title="bbox 2081 860 3417 1027">
    <p class='ocr_par' dir='ltr' id='par_1_20' title="bbox 2081 860 3417 1027">
     <span class='ocr_line' id='line_1_22' title="bbox 3210 863 3346 915; baseline -0.015 0"><span class='ocrx_word' id='word_1_93' title='bbox 3210 863 3346 915; x_wconf 86' lang='lat' dir='ltr'><strong>ibus.</strong></span> 
     </span>
     <span class='ocr_line' id='line_1_23' title="bbox 2081 860 3417 1027; baseline -0.006 -14"><span class='ocrx_word' id='word_1_94' title='bbox 2081 957 2263 1013; x_wconf 81' lang='lat' dir='ltr'><strong>Nosne</strong></span> <span class='ocrx_word' id='word_1_95' title='bbox 2270 956 2489 1013; x_wconf 63' lang='lat' dir='ltr'><strong>Chr&#39;nse</strong></span> <span class='ocrx_word' id='word_1_96' title='bbox 2499 957 2762 1027; x_wconf 84' lang='lat' dir='ltr'><strong>procreati</strong></span> <span class='ocrx_word' id='word_1_97' title='bbox 2775 971 3090 1011; x_wconf 65' lang='lat' dir='ltr'><strong>mammonae</strong></span> <span class='ocrx_word' id='word_1_98' title='bbox 3101 860 3270 1009; x_wconf 44' lang='lat' dir='ltr'><strong>ditiiabi</strong></span> <span class='ocrx_word' id='word_1_99' title='bbox 3279 966 3417 1019; x_wconf 80' lang='lat' dir='ltr'><strong>mur,</strong></span> 
     </span>
    </p>
   </div>
   <div class='ocr_carea' id='block_1_21' title="bbox 2022 1043 3321 1118">
    <p class='ocr_par' dir='ltr' id='par_1_21' title="bbox 2022 1043 3321 1118">
     <span class='ocr_line' id='line_1_24' title="bbox 2022 1043 3321 1118; baseline -0.003 -16"><span class='ocrx_word' id='word_1_100' title='bbox 2022 1048 2091 1102; x_wconf 90' lang='lat' dir='ltr'><strong>Et</strong></span> <span class='ocrx_word' id='word_1_101' title='bbox 2118 1048 2214 1104; x_wconf 87' lang='lat' dir='ltr'><strong>Dei</strong></span> <span class='ocrx_word' id='word_1_102' title='bbox 2241 1048 2466 1103; x_wconf 64' lang='lat' dir='ltr'><strong>immani</strong></span> <span class='ocrx_word' id='word_1_103' title='bbox 2492 1056 2743 1118; x_wconf 73' lang='lat' dir='ltr'><strong>gerentes</strong></span> <span class='ocrx_word' id='word_1_104' title='bbox 2764 1049 3060 1103; x_wconf 84' lang='lat' dir='ltr'><strong>serviemus</strong></span> <span class='ocrx_word' id='word_1_105' title='bbox 3088 1043 3321 1100; x_wconf 80' lang='lat' dir='ltr'><strong>saeculo?</strong></span> 
     </span>
    </p>
   </div>
   <div class='ocr_carea' id='block_1_22' title="bbox 1843 1137 3274 1210">
    <p class='ocr_par' dir='ltr' id='par_1_22' title="bbox 1843 1137 3274 1210">
     <span class='ocr_line' id='line_1_25' title="bbox 1843 1137 3274 1210; baseline -0.005 -15"><span class='ocrx_word' id='word_1_106' title='bbox 1843 1139 1913 1195; x_wconf 80' lang='lat'><strong>60</strong></span> <span class='ocrx_word' id='word_1_107' title='bbox 2018 1138 2170 1195; x_wconf 82' lang='lat' dir='ltr'><strong>Absit</strong></span> <span class='ocrx_word' id='word_1_108' title='bbox 2191 1149 2246 1194; x_wconf 93' lang='lat' dir='ltr'><strong>ut</strong></span> <span class='ocrx_word' id='word_1_109' title='bbox 2272 1139 2511 1196; x_wconf 71' lang='lat' dir='ltr'><strong>celestis</strong></span> <span class='ocrx_word' id='word_1_110' title='bbox 2536 1139 2675 1210; x_wconf 81' lang='lat' dir='ltr'><strong>ignis</strong></span> <span class='ocrx_word' id='word_1_111' title='bbox 2694 1154 2754 1194; x_wconf 88' lang='lat' dir='ltr'><strong>se</strong></span> <span class='ocrx_word' id='word_1_112' title='bbox 2777 1139 3010 1194; x_wconf 81' lang='lat' dir='ltr'><strong>tenebris</strong></span> <span class='ocrx_word' id='word_1_113' title='bbox 3033 1137 3274 1192; x_wconf 80' lang='lat' dir='ltr'><strong>misceat.</strong></span> 
     </span>
    </p>
   </div>
   <div class='ocr_carea' id='block_1_23' title="bbox 2087 1223 3420 1300">
    <p class='ocr_par' dir='ltr' id='par_1_23' title="bbox 2087 1223 3420 1300">
     <span class='ocr_line' id='line_1_26' title="bbox 2087 1223 3420 1300; baseline -0.005 -16"><span class='ocrx_word' id='word_1_114' title='bbox 2087 1229 2168 1284; x_wconf 85' lang='lat' dir='ltr'><strong>Sit</strong></span> <span class='ocrx_word' id='word_1_115' title='bbox 2209 1230 2343 1286; x_wconf 81' lang='lat' dir='ltr'><strong>satis</strong></span> <span class='ocrx_word' id='word_1_116' title='bbox 2388 1229 2528 1300; x_wconf 54' lang='grc' dir='ltr'><strong>μιοὰ</strong></span> <span class='ocrx_word' id='word_1_117' title='bbox 2557 1240 2712 1300; x_wconf 84' lang='lat' dir='ltr'><strong>capta</strong></span> <span class='ocrx_word' id='word_1_118' title='bbox 2757 1230 2932 1300; x_wconf 79' lang='lat' dir='ltr'><strong>primo</strong></span> <span class='ocrx_word' id='word_1_119' title='bbox 2969 1228 3079 1282; x_wconf 84' lang='lat' dir='ltr'><strong>vita</strong></span> <span class='ocrx_word' id='word_1_120' title='bbox 3119 1225 3218 1281; x_wconf 86' lang='lat' dir='ltr'><strong>sub</strong></span> <span class='ocrx_word' id='word_1_121' title='bbox 3241 1223 3420 1281; x_wconf 86' lang='lat' dir='ltr'><strong>chiro-</strong></span> 
     </span>
    </p>
   </div>
   <div class='ocr_carea' id='block_1_24' title="bbox 3094 1317 3348 1390">
    <p class='ocr_par' dir='ltr' id='par_1_24' title="bbox 3094 1317 3348 1390">
     <span class='ocr_line' id='line_1_27' title="bbox 3094 1317 3348 1390; baseline 0 -17"><span class='ocrx_word' id='word_1_122' title='bbox 3094 1317 3348 1390; x_wconf 81' lang='lat' dir='ltr'><strong>[grapbo,</strong></span> 
     </span>
    </p>
   </div>
   <div class='ocr_carea' id='block_1_25' title="bbox 1459 1428 2119 1491">
    <p class='ocr_par' dir='ltr' id='par_1_25' title="bbox 1459 1428 2119 1491">
     <span class='ocr_line' id='line_1_28' title="bbox 1459 1428 2119 1491; baseline 0 -3"><span class='ocrx_word' id='word_1_123' title='bbox 1459 1428 1742 1488; x_wconf 73' lang='lat' dir='ltr'><strong>GLOSS/E</strong></span> <span class='ocrx_word' id='word_1_124' title='bbox 1781 1429 2119 1491; x_wconf 81' lang='lat' dir='ltr'><strong>VETERES.</strong></span> 
     </span>
    </p>
   </div>
   <div class='ocr_carea' id='block_1_26' title="bbox 242 1544 1457 1621">
    <p class='ocr_par' dir='ltr' id='par_1_26' title="bbox 242 1544 1457 1621">
     <span class='ocr_line' id='line_1_29' title="bbox 242 1544 1457 1621; baseline -0.011 -8"><span class='ocrx_word' id='word_1_125' title='bbox 242 1558 324 1613; x_wconf 73' lang='grc'><strong>48.</strong></span> <span class='ocrx_word' id='word_1_126' title='bbox 352 1553 627 1617; x_wconf 87' lang='lat' dir='ltr'><strong>Plectitur,</strong></span> <span class='ocrx_word' id='word_1_127' title='bbox 658 1551 892 1621; x_wconf 72' lang='lat' dir='ltr'><strong>punitur,</strong></span> <span class='ocrx_word' id='word_1_128' title='bbox 933 1546 1324 1614; x_wconf 81' lang='lat' dir='ltr'><strong>condemnatur,</strong></span> <span class='ocrx_word' id='word_1_129' title='bbox 1355 1544 1457 1602; x_wconf 92' lang='lat' dir='ltr'><strong>lso.</strong></span> 
     </span>
    </p>
   </div>
   <div class='ocr_carea' id='block_1_27' title="bbox 243 1618 837 1693">
    <p class='ocr_par' dir='ltr' id='par_1_27' title="bbox 243 1618 837 1693">
     <span class='ocr_line' id='line_1_30' title="bbox 243 1618 837 1693; baseline -0.013 -11"><span class='ocrx_word' id='word_1_130' title='bbox 243 1628 322 1682; x_wconf 84' lang='lat'><strong>50.</strong></span> <span class='ocrx_word' id='word_1_131' title='bbox 350 1626 582 1692; x_wconf 73' lang='lat' dir='ltr'><strong>lngesta,</strong></span> <span class='ocrx_word' id='word_1_132' title='bbox 614 1618 763 1693; x_wconf 75' lang='lat' dir='ltr'><strong>facie,</strong></span> <span class='ocrx_word' id='word_1_133' title='bbox 796 1618 837 1674; x_wconf 83' lang='lat' dir='ltr'><strong>l.</strong></span> 
     </span>
    </p>
   </div>
   <div class='ocr_carea' id='block_1_28' title="bbox 244 1687 1065 1759">
    <p class='ocr_par' dir='ltr' id='par_1_28' title="bbox 244 1687 1065 1759">
     <span class='ocr_line' id='line_1_31' title="bbox 244 1687 1065 1759; baseline -0.012 -8"><span class='ocrx_word' id='word_1_134' title='bbox 244 1699 323 1751; x_wconf 82' lang='grc'><strong>51.</strong></span> <span class='ocrx_word' id='word_1_135' title='bbox 351 1687 539 1752; x_wconf 82' lang='lat' dir='ltr'><strong>Dulce,</strong></span> <span class='ocrx_word' id='word_1_136' title='bbox 568 1687 734 1746; x_wconf 79' lang='lat' dir='ltr'><strong>dulcis</strong></span> <span class='ocrx_word' id='word_1_137' title='bbox 760 1706 841 1744; x_wconf 86' lang='lat' dir='ltr'><strong>res</strong></span> <span class='ocrx_word' id='word_1_138' title='bbox 872 1689 993 1759; x_wconf 76' lang='lat' dir='ltr'><strong>fuit,</strong></span> <span class='ocrx_word' id='word_1_139' title='bbox 1023 1687 1065 1742; x_wconf 80' lang='grc' dir='ltr'><strong>Ι.</strong></span> 
     </span>
    </p>
   </div>
   <div class='ocr_carea' id='block_1_29' title="bbox 247 1755 1737 1829">
    <p class='ocr_par' dir='ltr' id='par_1_29' title="bbox 247 1755 1737 1829">
     <span class='ocr_line' id='line_1_32' title="bbox 247 1755 1737 1829; baseline -0.007 -9"><span class='ocrx_word' id='word_1_140' title='bbox 247 1767 325 1823; x_wconf 76' lang='grc'><strong>55.</strong></span> <span class='ocrx_word' id='word_1_141' title='bbox 352 1766 638 1827; x_wconf 85' lang='lat' dir='ltr'><strong>Sodalitas,</strong></span> <span class='ocrx_word' id='word_1_142' title='bbox 670 1755 1159 1826; x_wconf 51' lang='lat' dir='ltr'><strong>sodales&#39;dicuntur,</strong></span> <span class='ocrx_word' id='word_1_143' title='bbox 1184 1757 1332 1829; x_wconf 86' lang='lat' dir='ltr'><strong>quasi</strong></span> <span class='ocrx_word' id='word_1_144' title='bbox 1363 1757 1517 1812; x_wconf 80' lang='lat' dir='ltr'><strong>simul</strong></span> <span class='ocrx_word' id='word_1_145' title='bbox 1544 1755 1737 1822; x_wconf 81' lang='lat' dir='ltr'><strong>edales,</strong></span> 
     </span>
    </p>
   </div>
   <div class='ocr_carea' id='block_1_30' title="bbox 188 1829 1171 1904">
    <p class='ocr_par' dir='ltr' id='par_1_30' title="bbox 188 1829 1171 1904">
     <span class='ocr_line' id='line_1_33' title="bbox 188 1829 1171 1904; baseline -0.007 -13"><span class='ocrx_word' id='word_1_146' title='bbox 188 1838 233 1892; x_wconf 84' lang='lat' dir='ltr'><strong>id</strong></span> <span class='ocrx_word' id='word_1_147' title='bbox 248 1852 331 1904; x_wconf 81' lang='lat' dir='ltr'><strong>est,</strong></span> <span class='ocrx_word' id='word_1_148' title='bbox 351 1835 503 1890; x_wconf 86' lang='lat' dir='ltr'><strong>simul</strong></span> <span class='ocrx_word' id='word_1_149' title='bbox 519 1832 865 1899; x_wconf 80' lang='lat' dir='ltr'><strong>comedentes,</strong></span> <span class='ocrx_word' id='word_1_150' title='bbox 886 1831 929 1898; x_wconf 83' lang='grc' dir='ltr'><strong>Ι,</strong></span> <span class='ocrx_word' id='word_1_151' title='bbox 961 1830 1082 1885; x_wconf 87' lang='lat' dir='ltr'><strong>Vat.</strong></span> <span class='ocrx_word' id='word_1_152' title='bbox 1106 1829 1171 1884; x_wconf 89' lang='lat' dir='ltr'><strong>A.</strong></span> 
     </span>
    </p>
   </div>
   <div class='ocr_carea' id='block_1_31' title="bbox 1916 1547 3419 1620">
    <p class='ocr_par' dir='ltr' id='par_1_31' title="bbox 1916 1547 3419 1620">
     <span class='ocr_line' id='line_1_34' title="bbox 1916 1547 3419 1620; baseline 0 -17"><span class='ocrx_word' id='word_1_153' title='bbox 1916 1547 2007 1604; x_wconf 86' lang='lat'><strong>56.</strong></span> <span class='ocrx_word' id='word_1_154' title='bbox 2042 1547 2307 1613; x_wconf 58' lang='lat' dir='ltr'><strong>Catastas,</strong></span> <span class='ocrx_word' id='word_1_155' title='bbox 2330 1566 2489 1620; x_wconf 66' lang='lat' dir='ltr'><strong>genus</strong></span> <span class='ocrx_word' id='word_1_156' title='bbox 2517 1551 2771 1614; x_wconf 65' lang='lat' dir='ltr'><strong>temerati,</strong></span> <span class='ocrx_word' id='word_1_157' title='bbox 2810 1550 2866 1603; x_wconf 86' lang='lat' dir='ltr'><strong>id</strong></span> <span class='ocrx_word' id='word_1_158' title='bbox 2898 1557 2972 1603; x_wconf 82' lang='lat' dir='ltr'><strong>est</strong></span> <span class='ocrx_word' id='word_1_159' title='bbox 2992 1550 3108 1603; x_wconf 84' lang='lat' dir='ltr'><strong>lecti</strong></span> <span class='ocrx_word' id='word_1_160' title='bbox 3132 1548 3286 1619; x_wconf 80' lang='lat' dir='ltr'><strong>ferrei</strong></span> <span class='ocrx_word' id='word_1_161' title='bbox 3309 1547 3419 1620; x_wconf 68' lang='lat' dir='ltr'><strong>qui-</strong></span> 
     </span>
    </p>
   </div>
   <div class='ocr_carea' id='block_1_32' title="bbox 1844 1616 3125 1693">
    <p class='ocr_par' dir='ltr' id='par_1_32' title="bbox 1844 1616 3125 1693">
     <span class='ocr_line' id='line_1_35' title="bbox 1844 1616 3125 1693; baseline 0.003 -24"><span class='ocrx_word' id='word_1_162' title='bbox 1844 1616 2183 1693; x_wconf 65' lang='lat' dir='ltr'><strong>busimppsiti</strong></span> <span class='ocrx_word' id='word_1_163' title='bbox 2209 1616 2477 1693; x_wconf 74' lang='lat' dir='ltr'><strong>martyres,</strong></span> <span class='ocrx_word' id='word_1_164' title='bbox 2505 1622 2634 1693; x_wconf 80' lang='lat' dir='ltr'><strong>ignis</strong></span> <span class='ocrx_word' id='word_1_165' title='bbox 2656 1620 3055 1693; x_wconf 65' lang='lat' dir='ltr'><strong>supponebatur,</strong></span> <span class='ocrx_word' id='word_1_166' title='bbox 3087 1621 3125 1673; x_wconf 89' lang='grc' dir='ltr'><strong>Ι.</strong></span> 
     </span>
    </p>
   </div>
   <div class='ocr_carea' id='block_1_33' title="bbox 1916 1687 3350 1758">
    <p class='ocr_par' dir='ltr' id='par_1_33' title="bbox 1916 1687 3350 1758">
     <span class='ocr_line' id='line_1_36' title="bbox 1916 1687 3350 1758; baseline 0.001 -16"><span class='ocrx_word' id='word_1_167' title='bbox 1916 1688 2005 1743; x_wconf 87' lang='grc'><strong>58.</strong></span> <span class='ocrx_word' id='word_1_168' title='bbox 2035 1687 2372 1755; x_wconf 66' lang='lat' dir='ltr'><strong>Mammouai,</strong></span> <span class='ocrx_word' id='word_1_169' title='bbox 2402 1687 2641 1758; x_wconf 64' lang='lat' dir='ltr'><strong>damoni,</strong></span> <span class='ocrx_word' id='word_1_170' title='bbox 2667 1687 2960 1745; x_wconf 34' lang='lat' dir='ltr'><strong>vel&#39;dioitiis</strong></span> <span class='ocrx_word' id='word_1_171' title='bbox 2983 1689 3275 1753; x_wconf 79' lang='lat' dir='ltr'><strong>mundanis,</strong></span> <span class='ocrx_word' id='word_1_172' title='bbox 3306 1687 3350 1744; x_wconf 87' lang='grc' dir='ltr'><strong>ι.</strong></span> 
     </span>
    </p>
   </div>
   <div class='ocr_carea' id='block_1_34' title="bbox 1915 1759 2747 1829">
    <p class='ocr_par' dir='ltr' id='par_1_34' title="bbox 1915 1759 2747 1829">
     <span class='ocr_line' id='line_1_37' title="bbox 1915 1759 2747 1829; baseline 0.004 -18"><span class='ocrx_word' id='word_1_173' title='bbox 1915 1759 2004 1813; x_wconf 80' lang='lat'><strong>60.</strong></span> <span class='ocrx_word' id='word_1_174' title='bbox 2032 1759 2282 1829; x_wconf 71' lang='lat' dir='ltr'><strong>leestis</strong></span> <span class='ocrx_word' id='word_1_175' title='bbox 2308 1763 2462 1829; x_wconf 81' lang='lat' dir='ltr'><strong>ignis,</strong></span> <span class='ocrx_word' id='word_1_176' title='bbox 2485 1763 2678 1823; x_wconf 85' lang='lat' dir='ltr'><strong>anima,</strong></span> <span class='ocrx_word' id='word_1_177' title='bbox 2709 1762 2747 1815; x_wconf 89' lang='grc'><strong>1.</strong></span> 
     </span>
    </p>
   </div>
   <div class='ocr_carea' id='block_1_35' title="bbox 1911 1828 3127 1902">
    <p class='ocr_par' dir='ltr' id='par_1_35' title="bbox 1911 1828 3127 1902">
     <span class='ocr_line' id='line_1_38' title="bbox 1911 1828 3127 1902; baseline 0.002 -18"><span class='ocrx_word' id='word_1_178' title='bbox 1911 1830 2001 1885; x_wconf 82' lang='grc'><strong>61.</strong></span> <span class='ocrx_word' id='word_1_179' title='bbox 2031 1828 2418 1902; x_wconf 89' lang='lat' dir='ltr'><strong>Chirographo,</strong></span> <span class='ocrx_word' id='word_1_180' title='bbox 2452 1832 2703 1886; x_wconf 89' lang='lat' dir='ltr'><strong>manualis</strong></span> <span class='ocrx_word' id='word_1_181' title='bbox 2729 1831 3054 1901; x_wconf 87' lang='lat' dir='ltr'><strong>conscriptio,</strong></span> <span class='ocrx_word' id='word_1_182' title='bbox 3082 1828 3127 1886; x_wconf 91' lang='grc' dir='ltr'><strong>Ι.</strong></span> 
     </span>
    </p>
   </div>
   <div class='ocr_carea' id='block_1_36' title="bbox 1506 1959 2064 2018">
    <p class='ocr_par' dir='ltr' id='par_1_36' title="bbox 1506 1959 2064 2018">
     <span class='ocr_line' id='line_1_39' title="bbox 1506 1959 2064 2018; baseline -0.004 0"><span class='ocrx_word' id='word_1_183' title='bbox 1506 1959 2064 2018; x_wconf 77' lang='lat' dir='ltr'><strong>COMMENTARIUS.</strong></span> 
     </span>
    </p>
   </div>
   <div class='ocr_carea' id='block_1_37' title="bbox 188 2062 3417 2149">
    <p class='ocr_par' dir='ltr' id='par_1_37' title="bbox 188 2062 3417 2149">
     <span class='ocr_line' id='line_1_40' title="bbox 188 2062 3417 2149; baseline -0.001 -12"><span class='ocrx_word' id='word_1_184' title='bbox 188 2082 341 2138; x_wconf 71' lang='lat' dir='ltr'><strong>Vitleri</strong></span> <span class='ocrx_word' id='word_1_185' title='bbox 367 2080 526 2135; x_wconf 88' lang='lat' dir='ltr'><strong>etiam</strong></span> <span class='ocrx_word' id='word_1_186' title='bbox 552 2084 775 2149; x_wconf 87' lang='lat' dir='ltr'><strong>possunt</strong></span> <span class='ocrx_word' id='word_1_187' title='bbox 796 2075 1005 2131; x_wconf 87' lang='lat' dir='ltr'><strong>vincula</strong></span> <span class='ocrx_word' id='word_1_188' title='bbox 1027 2074 1086 2134; x_wconf 92' lang='lat' dir='ltr'><strong>S.</strong></span> <span class='ocrx_word' id='word_1_189' title='bbox 1104 2073 1270 2142; x_wconf 90' lang='lat' dir='ltr'><strong>Petri,</strong></span> <span class='ocrx_word' id='word_1_190' title='bbox 1292 2091 1411 2143; x_wconf 72' lang='lat' dir='ltr'><strong>qua:</strong></span> <span class='ocrx_word' id='word_1_191' title='bbox 1431 2074 1484 2131; x_wconf 90' lang='lat' dir='ltr'><strong>in</strong></span> <span class='ocrx_word' id='word_1_192' title='bbox 1504 2077 1727 2149; x_wconf 78' lang='lat' dir='ltr'><strong>ecclesia</strong></span> <span class='ocrx_word' id='word_1_193' title='bbox 1761 2082 1809 2142; x_wconf 84' lang='grc' dir='ltr'><strong>Β</strong></span> <span class='ocrx_word' id='word_1_194' title='bbox 1835 2089 2013 2149; x_wconf 84' lang='lat' dir='ltr'><strong>gmate</strong></span> <span class='ocrx_word' id='word_1_195' title='bbox 2037 2079 2246 2134; x_wconf 88' lang='lat' dir='ltr'><strong>editiori</strong></span> <span class='ocrx_word' id='word_1_196' title='bbox 2270 2081 2446 2149; x_wconf 84' lang='lat' dir='ltr'><strong>inquo</strong></span> <span class='ocrx_word' id='word_1_197' title='bbox 2470 2095 2634 2147; x_wconf 79' lang='lat' dir='ltr'><strong>rogus</strong></span> <span class='ocrx_word' id='word_1_198' title='bbox 2657 2062 3059 2143; x_wconf 69' lang='lat' dir='ltr'><strong>accenderetur,</strong></span> <span class='ocrx_word' id='word_1_199' title='bbox 3087 2094 3183 2148; x_wconf 76' lang='lat' dir='ltr'><strong>per</strong></span> <span class='ocrx_word' id='word_1_200' title='bbox 3206 2089 3417 2144; x_wconf 83' lang='lat' dir='ltr'><strong>tropmn</strong></span> 
     </span>
    </p>
   </div>
   <div class='ocr_carea' id='block_1_38' title="bbox 192 2148 1732 2222">
    <p class='ocr_par' dir='ltr' id='par_1_38' title="bbox 192 2148 1732 2222">
     <span class='ocr_line' id='line_1_41' title="bbox 192 2148 1732 2222; baseline -0.005 -13"><span class='ocrx_word' id='word_1_201' title='bbox 192 2153 325 2222; x_wconf 77' lang='lat' dir='ltr'><strong>huius</strong></span> <span class='ocrx_word' id='word_1_202' title='bbox 353 2148 581 2205; x_wconf 84' lang='lat' dir='ltr'><strong>nominis</strong></span> <span class='ocrx_word' id='word_1_203' title='bbox 610 2148 860 2222; x_wconf 82' lang='lat' dir='ltr'><strong>religiose</strong></span> <span class='ocrx_word' id='word_1_204' title='bbox 895 2153 1258 2222; x_wconf 55' lang='lat' dir='ltr'><strong>asservaniur,</strong></span> <span class='ocrx_word' id='word_1_205' title='bbox 1288 2155 1342 2201; x_wconf 91' lang='lat' dir='ltr'><strong>et</strong></span> <span class='ocrx_word' id='word_1_206' title='bbox 1370 2149 1497 2222; x_wconf 81' lang='lat' dir='ltr'><strong>a__cl.</strong></span> <span class='ocrx_word' id='word_1_207' title='bbox 1522 2148 1732 2222; x_wconf 86' lang='lat' dir='ltr'><strong>cancel-</strong></span> 
     </span>
    </p>
   </div>
   <div class='ocr_carea' id='block_1_39' title="bbox 191 2216 1725 2284">
    <p class='ocr_par' dir='ltr' id='par_1_39' title="bbox 191 2216 1725 2284">
     <span class='ocr_line' id='line_1_42' title="bbox 191 2216 1725 2284; baseline -0.006 -5"><span class='ocrx_word' id='word_1_208' title='bbox 191 2216 320 2279; x_wconf 62' lang='lat' dir='ltr'><strong>lieiio</strong></span> <span class='ocrx_word' id='word_1_209' title='bbox 365 2222 417 2276; x_wconf 89' lang='lat' dir='ltr'><strong>in</strong></span> <span class='ocrx_word' id='word_1_210' title='bbox 465 2235 565 2275; x_wconf 89' lang='lat' dir='ltr'><strong>suo</strong></span> <span class='ocrx_word' id='word_1_211' title='bbox 610 2216 819 2273; x_wconf 77' lang='lat' dir='ltr'><strong>erudito</strong></span> <span class='ocrx_word' id='word_1_212' title='bbox 847 2232 1011 2284; x_wconf 90' lang='lat' dir='ltr'><strong>opere</strong></span> <span class='ocrx_word' id='word_1_213' title='bbox 1038 2217 1104 2272; x_wconf 87' lang='lat' dir='ltr'><strong>de</strong></span> <span class='ocrx_word' id='word_1_214' title='bbox 1131 2217 1360 2272; x_wconf 80' lang='lat' dir='ltr'><strong>Carcere</strong></span> <span class='ocrx_word' id='word_1_215' title='bbox 1388 2216 1725 2281; x_wconf 83' lang='lat' dir='ltr'><strong>Mamertino,</strong></span> 
     </span>
    </p>
   </div>
   <div class='ocr_carea' id='block_1_40' title="bbox 1838 2151 3418 2221">
    <p class='ocr_par' dir='ltr' id='par_1_40' title="bbox 1838 2151 3418 2221">
     <span class='ocr_line' id='line_1_43' title="bbox 1838 2151 3418 2221; baseline 0.001 -16"><span class='ocrx_word' id='word_1_216' title='bbox 1838 2151 1943 2205; x_wconf 79' lang='lat' dir='ltr'><strong>dici</strong></span> <span class='ocrx_word' id='word_1_217' title='bbox 1977 2166 2136 2216; x_wconf 83' lang='lat' dir='ltr'><strong>posse</strong></span> <span class='ocrx_word' id='word_1_218' title='bbox 2162 2160 2382 2204; x_wconf 84' lang='lat' dir='ltr'><strong>catastas</strong></span> <span class='ocrx_word' id='word_1_219' title='bbox 2405 2154 2597 2221; x_wconf 82' lang='lat' dir='ltr'><strong>igneas,</strong></span> <span class='ocrx_word' id='word_1_220' title='bbox 2632 2151 2839 2221; x_wconf 82' lang='lat' dir='ltr'><strong>scilicet</strong></span> <span class='ocrx_word' id='word_1_221' title='bbox 2871 2152 3038 2203; x_wconf 85' lang='lat' dir='ltr'><strong>multo</strong></span> <span class='ocrx_word' id='word_1_222' title='bbox 3064 2151 3188 2220; x_wconf 90' lang='lat' dir='ltr'><strong>igne</strong></span> <span class='ocrx_word' id='word_1_223' title='bbox 3210 2154 3418 2221; x_wconf 47' lang='lat' dir='ltr'><strong>radians-</strong></span> 
     </span>
    </p>
   </div>
   <div class='ocr_carea' id='block_1_41' title="bbox 1841 2220 3415 2285">
    <p class='ocr_par' dir='ltr' id='par_1_41' title="bbox 1841 2220 3415 2285">
     <span class='ocr_line' id='line_1_44' title="bbox 1841 2220 3415 2285; baseline 0.001 -11"><span class='ocrx_word' id='word_1_224' title='bbox 1841 2231 1942 2275; x_wconf 91' lang='lat' dir='ltr'><strong>tes.</strong></span> <span class='ocrx_word' id='word_1_225' title='bbox 1966 2222 2212 2277; x_wconf 74' lang='lat' dir='ltr'><strong>Advertit</strong></span> <span class='ocrx_word' id='word_1_226' title='bbox 2236 2220 2585 2275; x_wconf 80' lang='lat' dir='ltr'><strong>nihilominus</strong></span> <span class='ocrx_word' id='word_1_227' title='bbox 2608 2222 2747 2285; x_wconf 78' lang='lat' dir='ltr'><strong>apud</strong></span> <span class='ocrx_word' id='word_1_228' title='bbox 2778 2220 2982 2274; x_wconf 90' lang='lat' dir='ltr'><strong>Isonem</strong></span> <span class='ocrx_word' id='word_1_229' title='bbox 3011 2231 3065 2276; x_wconf 93' lang='lat' dir='ltr'><strong>et</strong></span> <span class='ocrx_word' id='word_1_230' title='bbox 3094 2228 3246 2275; x_wconf 86' lang='lat' dir='ltr'><strong>vetus</strong></span> <span class='ocrx_word' id='word_1_231' title='bbox 3270 2220 3415 2276; x_wconf 85' lang='lat' dir='ltr'><strong>aliud</strong></span> 
     </span>
    </p>
   </div>
   <div class='ocr_carea' id='block_1_42' title="bbox 190 2287 3419 2361">
    <p class='ocr_par' dir='ltr' id='par_1_42' title="bbox 190 2287 3419 2361">
     <span class='ocr_line' id='line_1_45' title="bbox 190 2287 3419 2361; baseline 0.001 -18"><span class='ocrx_word' id='word_1_232' title='bbox 190 2293 399 2361; x_wconf 75' lang='lat' dir='ltr'><strong>ejusdem</strong></span> <span class='ocrx_word' id='word_1_233' title='bbox 421 2289 824 2346; x_wconf 79' lang='lat' dir='ltr'><strong>eminentissimi</strong></span> <span class='ocrx_word' id='word_1_234' title='bbox 848 2288 1130 2361; x_wconf 86' lang='lat' dir='ltr'><strong>cardinalis</strong></span> <span class='ocrx_word' id='word_1_235' title='bbox 1153 2287 1359 2359; x_wconf 76' lang='lat' dir='ltr'><strong>Bargiae</strong></span> <span class='ocrx_word' id='word_1_236' title='bbox 1385 2303 1509 2343; x_wconf 90' lang='lat' dir='ltr'><strong>cura</strong></span> <span class='ocrx_word' id='word_1_237' title='bbox 1537 2291 1735 2357; x_wconf 85' lang='lat' dir='ltr'><strong>pariter</strong></span> <span class='ocrx_word' id='word_1_238' title='bbox 1832 2291 2156 2361; x_wconf 83' lang='lat' dir='ltr'><strong>glossarium</strong></span> <span class='ocrx_word' id='word_1_239' title='bbox 2187 2301 2443 2347; x_wconf 78' lang='lat' dir='ltr'><strong>catastatn</strong></span> <span class='ocrx_word' id='word_1_240' title='bbox 2473 2306 2591 2345; x_wconf 66' lang='lat' dir='ltr'><strong>esse</strong></span> <span class='ocrx_word' id='word_1_241' title='bbox 2620 2292 2815 2346; x_wconf 89' lang='lat' dir='ltr'><strong>lectum</strong></span> <span class='ocrx_word' id='word_1_242' title='bbox 2848 2293 3100 2345; x_wconf 78' lang='lat' dir='ltr'><strong>ferreum.</strong></span> <span class='ocrx_word' id='word_1_243' title='bbox 3147 2292 3419 2347; x_wconf 79' lang='lat' dir='ltr'><strong>Giselinus</strong></span> 
     </span>
    </p>
   </div>
   <div class='ocr_carea' id='block_1_43' title="bbox 190 2359 1737 2428">
    <p class='ocr_par' dir='ltr' id='par_1_43' title="bbox 190 2359 1737 2428">
     <span class='ocr_line' id='line_1_46' title="bbox 190 2359 1737 2428; baseline -0.003 -10"><span class='ocrx_word' id='word_1_244' title='bbox 190 2359 447 2428; x_wconf 79' lang='lat' dir='ltr'><strong>delineata,</strong></span> <span class='ocrx_word' id='word_1_245' title='bbox 478 2364 570 2415; x_wconf 70' lang='lat' dir='ltr'><strong>atri</strong></span> <span class='ocrx_word' id='word_1_246' title='bbox 610 2362 772 2414; x_wconf 90' lang='lat' dir='ltr'><strong>incisa</strong></span> <span class='ocrx_word' id='word_1_247' title='bbox 807 2359 1164 2426; x_wconf 68' lang='lat' dir='ltr'><strong>proferuntur,</strong></span> <span class='ocrx_word' id='word_1_248' title='bbox 1198 2361 1249 2412; x_wconf 91' lang='lat' dir='ltr'><strong>iu</strong></span> <span class='ocrx_word' id='word_1_249' title='bbox 1288 2374 1513 2426; x_wconf 86' lang='lat' dir='ltr'><strong>quorum</strong></span> <span class='ocrx_word' id='word_1_250' title='bbox 1560 2369 1737 2414; x_wconf 70' lang='lat' dir='ltr'><strong>extre-</strong></span> 
     </span>
    </p>
   </div>
   <div class='ocr_carea' id='block_1_44' title="bbox 189 2428 1730 2492">
    <p class='ocr_par' dir='ltr' id='par_1_44' title="bbox 189 2428 1730 2492">
     <span class='ocr_line' id='line_1_47' title="bbox 189 2428 1730 2492; baseline -0.003 -4"><span class='ocrx_word' id='word_1_251' title='bbox 189 2435 351 2489; x_wconf 83' lang='lat' dir='ltr'><strong>mitate</strong></span> <span class='ocrx_word' id='word_1_252' title='bbox 379 2434 576 2492; x_wconf 86' lang='lat' dir='ltr'><strong>boiatn,</strong></span> <span class='ocrx_word' id='word_1_253' title='bbox 601 2434 714 2486; x_wconf 88' lang='lat' dir='ltr'><strong>sive</strong></span> <span class='ocrx_word' id='word_1_254' title='bbox 742 2429 997 2485; x_wconf 80' lang='lat' dir='ltr'><strong>circulum</strong></span> <span class='ocrx_word' id='word_1_255' title='bbox 1024 2428 1256 2484; x_wconf 83' lang='lat' dir='ltr'><strong>ferreum</strong></span> <span class='ocrx_word' id='word_1_256' title='bbox 1280 2431 1563 2484; x_wconf 72' lang='lat' dir='ltr'><strong>observare</strong></span> <span class='ocrx_word' id='word_1_257' title='bbox 1586 2431 1730 2484; x_wconf 91' lang='lat' dir='ltr'><strong>licet.</strong></span> 
     </span>
    </p>
   </div>
   <div class='ocr_carea' id='block_1_45' title="bbox 190 2499 1737 2571">
    <p class='ocr_par' dir='ltr' id='par_1_45' title="bbox 190 2499 1737 2571">
     <span class='ocr_line' id='line_1_48' title="bbox 190 2499 1737 2571; baseline -0.003 -12"><span class='ocrx_word' id='word_1_258' title='bbox 190 2506 257 2559; x_wconf 77' lang='lat' dir='ltr'><strong>Ad</strong></span> <span class='ocrx_word' id='word_1_259' title='bbox 284 2504 533 2571; x_wconf 80' lang='lat' dir='ltr'><strong>majorem</strong></span> <span class='ocrx_word' id='word_1_260' title='bbox 578 2502 872 2556; x_wconf 87' lang='lat' dir='ltr'><strong>cruciatum</strong></span> <span class='ocrx_word' id='word_1_261' title='bbox 919 2503 968 2553; x_wconf 90' lang='lat' dir='ltr'><strong>in</strong></span> <span class='ocrx_word' id='word_1_262' title='bbox 1015 2509 1165 2568; x_wconf 85' lang='lat' dir='ltr'><strong>parte</strong></span> <span class='ocrx_word' id='word_1_263' title='bbox 1196 2499 1622 2571; x_wconf 76' lang='lat' dir='ltr'><strong>internacirculi</strong></span> <span class='ocrx_word' id='word_1_264' title='bbox 1658 2504 1737 2554; x_wconf 85' lang='lat' dir='ltr'><strong>in-</strong></span> 
     </span>
    </p>
   </div>
   <div class='ocr_carea' id='block_1_46' title="bbox 191 2570 1737 2634">
    <p class='ocr_par' dir='ltr' id='par_1_46' title="bbox 191 2570 1737 2634">
     <span class='ocr_line' id='line_1_49' title="bbox 191 2570 1737 2634; baseline -0.002 -6"><span class='ocrx_word' id='word_1_265' title='bbox 191 2570 375 2629; x_wconf 80' lang='lat' dir='ltr'><strong>terdum</strong></span> <span class='ocrx_word' id='word_1_266' title='bbox 401 2572 648 2628; x_wconf 85' lang='lat' dir='ltr'><strong>acumina</strong></span> <span class='ocrx_word' id='word_1_267' title='bbox 676 2571 849 2626; x_wconf 78' lang='lat' dir='ltr'><strong>ferrea</strong></span> <span class='ocrx_word' id='word_1_268' title='bbox 878 2571 1209 2634; x_wconf 69' lang='lat' dir='ltr'><strong>eminebant,</strong></span> <span class='ocrx_word' id='word_1_269' title='bbox 1258 2578 1316 2624; x_wconf 90' lang='lat' dir='ltr'><strong>ut</strong></span> <span class='ocrx_word' id='word_1_270' title='bbox 1348 2570 1484 2624; x_wconf 86' lang='lat' dir='ltr'><strong>colla</strong></span> <span class='ocrx_word' id='word_1_271' title='bbox 1516 2577 1609 2625; x_wconf 76' lang='lat' dir='ltr'><strong>aut</strong></span> <span class='ocrx_word' id='word_1_272' title='bbox 1637 2571 1737 2625; x_wconf 87' lang='lat' dir='ltr'><strong>im-</strong></span> 
     </span>
    </p>
   </div>
   <div class='ocr_carea' id='block_1_47' title="bbox 192 2640 1737 2709">
    <p class='ocr_par' dir='ltr' id='par_1_47' title="bbox 192 2640 1737 2709">
     <span class='ocr_line' id='line_1_50' title="bbox 192 2640 1737 2709; baseline -0.003 -9"><span class='ocrx_word' id='word_1_273' title='bbox 192 2654 316 2700; x_wconf 84' lang='lat' dir='ltr'><strong>mota</strong></span> <span class='ocrx_word' id='word_1_274' title='bbox 343 2650 743 2709; x_wconf 81' lang='lat' dir='ltr'><strong>permanerent.</strong></span> <span class='ocrx_word' id='word_1_275' title='bbox 784 2650 906 2708; x_wconf 89' lang='lat' dir='ltr'><strong>aut,</strong></span> <span class='ocrx_word' id='word_1_276' title='bbox 946 2642 990 2695; x_wconf 85' lang='lat' dir='ltr'><strong>si</strong></span> <span class='ocrx_word' id='word_1_277' title='bbox 1023 2640 1384 2706; x_wconf 80' lang='lat' dir='ltr'><strong>ﬂecterentur,</strong></span> <span class='ocrx_word' id='word_1_278' title='bbox 1427 2640 1480 2695; x_wconf 92' lang='lat' dir='ltr'><strong>in</strong></span> <span class='ocrx_word' id='word_1_279' title='bbox 1523 2646 1737 2696; x_wconf 61' lang='lat' dir='ltr'><strong>aculeos</strong></span> 
     </span>
    </p>
   </div>
   <div class='ocr_carea' id='block_1_48' title="bbox 192 2710 1733 2783">
    <p class='ocr_par' dir='ltr' id='par_1_48' title="bbox 192 2710 1733 2783">
     <span class='ocr_line' id='line_1_51' title="bbox 192 2710 1733 2783; baseline -0.004 -14"><span class='ocrx_word' id='word_1_280' title='bbox 192 2717 538 2783; x_wconf 83' lang='lat' dir='ltr'><strong>lmpingcrent,</strong></span> <span class='ocrx_word' id='word_1_281' title='bbox 562 2722 621 2767; x_wconf 89' lang='lat' dir='ltr'><strong>ut</strong></span> <span class='ocrx_word' id='word_1_282' title='bbox 640 2722 858 2783; x_wconf 79' lang='lat' dir='ltr'><strong>apparet</strong></span> <span class='ocrx_word' id='word_1_283' title='bbox 881 2711 932 2765; x_wconf 88' lang='lat' dir='ltr'><strong>in</strong></span> <span class='ocrx_word' id='word_1_284' title='bbox 958 2712 1255 2783; x_wconf 84' lang='lat' dir='ltr'><strong>boiaquam</strong></span> <span class='ocrx_word' id='word_1_285' title='bbox 1279 2725 1375 2767; x_wconf 71' lang='lat' dir='ltr'><strong>n05</strong></span> <span class='ocrx_word' id='word_1_286' title='bbox 1396 2710 1733 2783; x_wconf 74' lang='lat' dir='ltr'><strong>exhibemus.</strong></span> 
     </span>
    </p>
   </div>
   <div class='ocr_carea' id='block_1_49' title="bbox 193 2781 1734 2855">
    <p class='ocr_par' dir='ltr' id='par_1_49' title="bbox 193 2781 1734 2855">
     <span class='ocr_line' id='line_1_52' title="bbox 193 2781 1734 2855; baseline -0.003 -16"><span class='ocrx_word' id='word_1_287' title='bbox 193 2781 410 2839; x_wconf 22' lang='lat' dir='ltr'><strong>De’boiis</strong></span> <span class='ocrx_word' id='word_1_288' title='bbox 436 2782 901 2855; x_wconf 85' lang='lat' dir='ltr'><strong>agontGallonius</strong></span> <span class='ocrx_word' id='word_1_289' title='bbox 933 2796 1051 2851; x_wconf 85' lang='lat' dir='ltr'><strong>cap.</strong></span> <span class='ocrx_word' id='word_1_290' title='bbox 1076 2782 1130 2855; x_wconf 58' lang='grc' dir='ltr'><strong>’ἷξε</strong></span> <span class='ocrx_word' id='word_1_291' title='bbox 1175 2781 1492 2855; x_wconf 70' lang='lat' dir='ltr'><strong>Sagittarius</strong></span> <span class='ocrx_word' id='word_1_292' title='bbox 1530 2796 1649 2851; x_wconf 91' lang='lat' dir='ltr'><strong>cap.</strong></span> <span class='ocrx_word' id='word_1_293' title='bbox 1676 2781 1734 2848; x_wconf 70' lang='lat'><strong>2,</strong></span> 
     </span>
    </p>
   </div>
   <div class='ocr_carea' id='block_1_50' title="bbox 192 2851 1536 2920">
    <p class='ocr_par' dir='ltr' id='par_1_50' title="bbox 192 2851 1536 2920">
     <span class='ocr_line' id='line_1_53' title="bbox 192 2851 1536 2920; baseline -0.003 -11"><span class='ocrx_word' id='word_1_294' title='bbox 192 2855 271 2909; x_wconf 85' lang='lat' dir='ltr'><strong>ubi</strong></span> <span class='ocrx_word' id='word_1_295' title='bbox 299 2856 361 2910; x_wconf 91' lang='lat' dir='ltr'><strong>de</strong></span> <span class='ocrx_word' id='word_1_296' title='bbox 382 2851 541 2909; x_wconf 81' lang='lat' dir='ltr'><strong>variis</strong></span> <span class='ocrx_word' id='word_1_297' title='bbox 564 2854 901 2908; x_wconf 78' lang='lat' dir='ltr'><strong>vinculorum</strong></span> <span class='ocrx_word' id='word_1_298' title='bbox 932 2851 1216 2920; x_wconf 74' lang='lat' dir='ltr'><strong>generibus</strong></span> <span class='ocrx_word' id='word_1_299' title='bbox 1244 2852 1536 2907; x_wconf 88' lang='lat' dir='ltr'><strong>disserunt.</strong></span> 
     </span>
    </p>
   </div>
   <div class='ocr_carea' id='block_1_51' title="bbox 252 2921 1736 2992">
    <p class='ocr_par' dir='ltr' id='par_1_51' title="bbox 252 2921 1736 2992">
     <span class='ocr_line' id='line_1_54' title="bbox 252 2921 1736 2992; baseline -0.001 -13"><span class='ocrx_word' id='word_1_300' title='bbox 252 2926 335 2980; x_wconf 74' lang='lat' dir='ltr'><strong>b7.</strong></span> <span class='ocrx_word' id='word_1_301' title='bbox 362 2925 580 2991; x_wconf 80' lang='lat' dir='ltr'><strong>Weitz.,</strong></span> <span class='ocrx_word' id='word_1_302' title='bbox 608 2924 875 2990; x_wconf 81' lang='lat' dir='ltr'><strong>barbarus,</strong></span> <span class='ocrx_word' id='word_1_303' title='bbox 899 2926 987 2992; x_wconf 84' lang='lat' dir='ltr'><strong>qui</strong></span> <span class='ocrx_word' id='word_1_304' title='bbox 1017 2922 1189 2992; x_wconf 67' lang='lat' dir='ltr'><strong>solum</strong></span> <span class='ocrx_word' id='word_1_305' title='bbox 1221 2924 1460 2991; x_wconf 79' lang='lat' dir='ltr'><strong>agnovit,</strong></span> <span class='ocrx_word' id='word_1_306' title='bbox 1502 2922 1552 2975; x_wconf 85' lang='lat' dir='ltr'><strong>in</strong></span> <span class='ocrx_word' id='word_1_307' title='bbox 1579 2921 1736 2991; x_wconf 88' lang='lat' dir='ltr'><strong>Vulg.</strong></span> 
     </span>
    </p>
   </div>
   <div class='ocr_carea' id='block_1_52' title="bbox 193 2991 1740 3116">
    <p class='ocr_par' dir='ltr' id='par_1_52' title="bbox 193 2991 1740 3116">
     <span class='ocr_line' id='line_1_55' title="bbox 193 2991 1740 3116; baseline -0.003 -65"><span class='ocrx_word' id='word_1_308' title='bbox 193 2993 441 3052; x_wconf 77' lang='lat' dir='ltr'><strong>etWidm.</strong></span> <span class='ocrx_word' id='word_1_309' title='bbox 473 3011 632 3065; x_wconf 86' lang='lat' dir='ltr'><strong>supra</strong></span> <span class='ocrx_word' id='word_1_310' title='bbox 662 3010 780 3050; x_wconf 83' lang='lat' dir='ltr'><strong>esse</strong></span> <span class='ocrx_word' id='word_1_311' title='bbox 797 2991 1055 3047; x_wconf 86' lang='lat' dir='ltr'><strong>barbaras.</strong></span> <span class='ocrx_word' id='word_1_312' title='bbox 1084 2991 1333 3062; x_wconf 86' lang='lat' dir='ltr'><strong>Plerique</strong></span> <span class='ocrx_word' id='word_1_313' title='bbox 1358 3005 1532 3046; x_wconf 88' lang='lat' dir='ltr'><strong>tamen</strong></span> <span class='ocrx_word' id='word_1_314' title='bbox 1556 2993 1740 3116; x_wconf 60' lang='lat' dir='ltr'><strong>legunt</strong></span> 
     </span>
     <span class='ocr_line' id='line_1_56' title="bbox 193 3063 1737 3116; baseline 0 0"><span class='ocrx_word' id='word_1_315' title='bbox 193 3068 429 3116; x_wconf 71' lang='lat' dir='ltr'><strong>barbaras-</strong></span> <span class='ocrx_word' id='word_1_316' title='bbox 480 3064 780 3116; x_wconf 81' lang='lat' dir='ltr'><strong>Notandum</strong></span> <span class='ocrx_word' id='word_1_317' title='bbox 811 3074 892 3116; x_wconf 82' lang='lat' dir='ltr'><strong>est</strong></span> <span class='ocrx_word' id='word_1_318' title='bbox 921 3080 984 3116; x_wconf 82' lang='lat' dir='ltr'><strong>ex</strong></span> <span class='ocrx_word' id='word_1_319' title='bbox 1012 3064 1159 3116; x_wconf 88' lang='lat' dir='ltr'><strong>Actis</strong></span> <span class='ocrx_word' id='word_1_320' title='bbox 1187 3074 1501 3116; x_wconf 90' lang='lat' dir='ltr'><strong>martvrum.</strong></span> <span class='ocrx_word' id='word_1_321' title='bbox 1535 3063 1590 3116; x_wconf 90' lang='lat' dir='ltr'><strong>in</strong></span> <span class='ocrx_word' id='word_1_322' title='bbox 1641 3078 1737 3116; x_wconf 93' lang='lat' dir='ltr'><strong>oro</strong></span> 
     </span>
    </p>
   </div>
   <div class='ocr_carea' id='block_1_53' title="bbox 192 3063 1737 3134">
    <p class='ocr_par' dir='ltr' id='par_1_53' title="bbox 192 3063 1737 3134">
     <span class='ocr_line' id='line_1_57' title="bbox 192 3063 1737 3134; baseline -0.003 -12"><span class='ocrx_word' id='word_1_323' title='bbox 192 3068 430 3122; x_wconf 71' lang='lat' dir='ltr'><strong>barbaras.</strong></span> <span class='ocrx_word' id='word_1_324' title='bbox 480 3063 780 3121; x_wconf 82' lang='lat' dir='ltr'><strong>Notandum</strong></span> <span class='ocrx_word' id='word_1_325' title='bbox 811 3074 892 3118; x_wconf 83' lang='lat' dir='ltr'><strong>est</strong></span> <span class='ocrx_word' id='word_1_326' title='bbox 921 3080 984 3118; x_wconf 82' lang='lat' dir='ltr'><strong>ex</strong></span> <span class='ocrx_word' id='word_1_327' title='bbox 1012 3064 1159 3117; x_wconf 87' lang='lat' dir='ltr'><strong>Actis</strong></span> <span class='ocrx_word' id='word_1_328' title='bbox 1187 3074 1501 3134; x_wconf 78' lang='lat' dir='ltr'><strong>martyrum,</strong></span> <span class='ocrx_word' id='word_1_329' title='bbox 1535 3063 1590 3118; x_wconf 90' lang='lat' dir='ltr'><strong>in</strong></span> <span class='ocrx_word' id='word_1_330' title='bbox 1621 3063 1737 3117; x_wconf 83' lang='lat' dir='ltr'><strong>loro</strong></span> 
     </span>
    </p>
   </div>
   <div class='ocr_carea' id='block_1_54' title="bbox 191 3132 1735 3207">
    <p class='ocr_par' dir='ltr' id='par_1_54' title="bbox 191 3132 1735 3207">
     <span class='ocr_line' id='line_1_58' title="bbox 191 3132 1735 3207; baseline -0.001 -18"><span class='ocrx_word' id='word_1_331' title='bbox 191 3137 469 3207; x_wconf 67' lang='lat' dir='ltr'><strong>huiusmodi</strong></span> <span class='ocrx_word' id='word_1_332' title='bbox 521 3135 862 3207; x_wconf 77' lang='lat' dir='ltr'><strong>carniﬁcinas</strong></span> <span class='ocrx_word' id='word_1_333' title='bbox 908 3133 1145 3190; x_wconf 81' lang='lat' dir='ltr'><strong>exerceri</strong></span> <span class='ocrx_word' id='word_1_334' title='bbox 1193 3132 1426 3207; x_wconf 24' lang='lat' dir='ltr'><strong>solitas.‘</strong></span> <span class='ocrx_word' id='word_1_335' title='bbox 1466 3132 1735 3189; x_wconf 85' lang='lat' dir='ltr'><strong>Interdum</strong></span> 
     </span>
    </p>
   </div>
   <div class='ocr_carea' id='block_1_55' title="bbox 188 3203 1736 3273">
    <p class='ocr_par' dir='ltr' id='par_1_55' title="bbox 188 3203 1736 3273">
     <span class='ocr_line' id='line_1_59' title="bbox 188 3203 1736 3273; baseline -0.003 -11"><span class='ocrx_word' id='word_1_336' title='bbox 188 3203 347 3263; x_wconf 78' lang='lat' dir='ltr'><strong>autem</strong></span> <span class='ocrx_word' id='word_1_337' title='bbox 378 3208 575 3264; x_wconf 78' lang='lat' dir='ltr'><strong>hebant</strong></span> <span class='ocrx_word' id='word_1_338' title='bbox 592 3215 742 3262; x_wconf 79' lang='lat' dir='ltr'><strong>extra</strong></span> <span class='ocrx_word' id='word_1_339' title='bbox 760 3205 978 3270; x_wconf 80' lang='lat' dir='ltr'><strong>urbem,</strong></span> <span class='ocrx_word' id='word_1_340' title='bbox 1023 3213 1078 3259; x_wconf 92' lang='lat' dir='ltr'><strong>et</strong></span> <span class='ocrx_word' id='word_1_341' title='bbox 1106 3203 1382 3259; x_wconf 81' lang='lat' dir='ltr'><strong>carniﬁces</strong></span> <span class='ocrx_word' id='word_1_342' title='bbox 1412 3203 1558 3273; x_wconf 75' lang='lat' dir='ltr'><strong>ipSOS</strong></span> <span class='ocrx_word' id='word_1_343' title='bbox 1588 3213 1736 3259; x_wconf 79' lang='lat' dir='ltr'><strong>extra</strong></span> 
     </span>
    </p>
   </div>
   <div class='ocr_carea' id='block_1_56' title="bbox 188 3273 1736 3346">
    <p class='ocr_par' dir='ltr' id='par_1_56' title="bbox 188 3273 1736 3346">
     <span class='ocr_line' id='line_1_60' title="bbox 188 3273 1736 3346; baseline -0.005 -12"><span class='ocrx_word' id='word_1_344' title='bbox 188 3279 355 3334; x_wconf 77' lang='lat' dir='ltr'><strong>urbem</strong></span> <span class='ocrx_word' id='word_1_345' title='bbox 372 3279 635 3332; x_wconf 85' lang='lat' dir='ltr'><strong>habitasse</strong></span> <span class='ocrx_word' id='word_1_346' title='bbox 660 3277 846 3346; x_wconf 86' lang='lat' dir='ltr'><strong>probat</strong></span> <span class='ocrx_word' id='word_1_347' title='bbox 862 3273 1253 3346; x_wconf 82' lang='lat' dir='ltr'><strong>Kirchmannus</strong></span> <span class='ocrx_word' id='word_1_348' title='bbox 1264 3274 1331 3330; x_wconf 91' lang='lat' dir='ltr'><strong>de</strong></span> <span class='ocrx_word' id='word_1_349' title='bbox 1345 3273 1537 3346; x_wconf 82' lang='lat' dir='ltr'><strong>Funer.</strong></span> <span class='ocrx_word' id='word_1_350' title='bbox 1555 3273 1707 3329; x_wconf 90' lang='lat' dir='ltr'><strong>Rom.</strong></span> <span class='ocrx_word' id='word_1_351' title='bbox 1721 3315 1736 3338; x_wconf 95' lang='lat'><strong>,</strong></span> 
     </span>
    </p>
   </div>
   <div class='ocr_carea' id='block_1_57' title="bbox 188 3345 1739 3419">
    <p class='ocr_par' dir='ltr' id='par_1_57' title="bbox 188 3345 1739 3419">
     <span class='ocr_line' id='line_1_61' title="bbox 188 3345 1739 3419; baseline -0.001 -17"><span class='ocrx_word' id='word_1_352' title='bbox 188 3350 388 3416; x_wconf 55' lang='lat' dir='ltr'><strong>sapae,</strong></span> <span class='ocrx_word' id='word_1_353' title='bbox 404 3350 597 3415; x_wconf 86' lang='lat' dir='ltr'><strong>libr.tt,</strong></span> <span class='ocrx_word' id='word_1_354' title='bbox 620 3345 771 3419; x_wconf 84' lang='lat' dir='ltr'><strong>cujus</strong></span> <span class='ocrx_word' id='word_1_355' title='bbox 793 3345 1194 3402; x_wconf 78' lang='lat' dir='ltr'><strong>consuetudinis</strong></span> <span class='ocrx_word' id='word_1_356' title='bbox 1218 3345 1530 3400; x_wconf 88' lang='lat' dir='ltr'><strong>nonnullum</strong></span> <span class='ocrx_word' id='word_1_357' title='bbox 1554 3346 1739 3401; x_wconf 66' lang='lat' dir='ltr'><strong>Romae</strong></span> 
     </span>
    </p>
   </div>
   <div class='ocr_carea' id='block_1_58' title="bbox 188 3421 665 3489">
    <p class='ocr_par' dir='ltr' id='par_1_58' title="bbox 188 3421 665 3489">
     <span class='ocr_line' id='line_1_62' title="bbox 188 3421 665 3489; baseline 0 -16"><span class='ocrx_word' id='word_1_358' title='bbox 188 3429 340 3474; x_wconf 71' lang='lat' dir='ltr'><strong>exstat</strong></span> <span class='ocrx_word' id='word_1_359' title='bbox 366 3421 665 3489; x_wconf 54' lang='lat' dir='ltr'><strong>vestigium.</strong></span> 
     </span>
    </p>
   </div>
   <div class='ocr_carea' id='block_1_59' title="bbox 246 3454 2747 3559">
    <p class='ocr_par' dir='ltr' id='par_1_59' title="bbox 246 3454 2747 3559">
     <span class='ocr_line' id='line_1_63' title="bbox 246 3454 2747 3559; baseline 0.001 -15"><span class='ocrx_word' id='word_1_360' title='bbox 362 3454 747 3546; x_wconf 56' lang='lat' dir='ltr'><strong>é&#39;iif&#39;ih“3¥am</strong></span> <span class='ocrx_word' id='word_1_361' title='bbox 780 3488 993 3559; x_wconf 80' lang='lat' dir='ltr'><strong>perculit</strong></span> <span class='ocrx_word' id='word_1_362' title='bbox 1031 3486 1219 3559; x_wconf 79' lang='lat' dir='ltr'><strong>solum.</strong></span> <span class='ocrx_word' id='word_1_363' title='bbox 1270 3485 1412 3542; x_wconf 86' lang='lat' dir='ltr'><strong>Ense</strong></span> <span class='ocrx_word' id='word_1_364' title='bbox 1434 3495 1734 3559; x_wconf 77' lang='lat' dir='ltr'><strong>martyrem</strong></span> <span class='ocrx_word' id='word_1_365' title='bbox 1764 3454 1810 3519; x_wconf 64' lang='grc' dir='ltr'>α</span> <span class='ocrx_word' id='word_1_366' title='bbox 1844 3454 2334 3547; x_wconf 47' lang='grc' dir='ltr'><strong>’έὲιῇιηιιιμ</strong></span> <span class='ocrx_word' id='word_1_367' title='bbox 2363 3507 2435 3558; x_wconf 76' lang='lat' dir='ltr'><strong>vr,</strong></span> <span class='ocrx_word' id='word_1_368' title='bbox 2461 3490 2532 3547; x_wconf 74' lang='grc'><strong>24</strong></span> <span class='ocrx_word' id='word_1_369' title='bbox 2566 3512 2580 3547; x_wconf 87' lang='lat'><strong>:</strong></span> <span class='ocrx_word' id='word_1_370' title='bbox 2626 3491 2747 3547; x_wconf 84' lang='lat' dir='ltr'><strong>Non</strong></span> 
     </span>
    </p>
   </div>
   <div class='ocr_carea' id='block_1_60' title="bbox 187 3557 1166 3630">
    <p class='ocr_par' dir='ltr' id='par_1_60' title="bbox 187 3557 1166 3630">
     <span class='ocr_line' id='line_1_64' title="bbox 187 3557 1166 3630; baseline -0.005 -14"><span class='ocrx_word' id='word_1_371' title='bbox 187 3573 367 3615; x_wconf 72' lang='lat' dir='ltr'><strong>mum</strong></span> <span class='ocrx_word' id='word_1_372' title='bbox 387 3562 637 3630; x_wconf 77' lang='lat' dir='ltr'><strong>exprimit</strong></span> <span class='ocrx_word' id='word_1_373' title='bbox 667 3557 845 3614; x_wconf 89' lang='lat' dir='ltr'><strong>tabula</strong></span> <span class='ocrx_word' id='word_1_374' title='bbox 873 3558 963 3627; x_wconf 76' lang='lat'><strong>21,</strong></span> <span class='ocrx_word' id='word_1_375' title='bbox 993 3560 1072 3614; x_wconf 91' lang='lat' dir='ltr'><strong>lit.</strong></span> <span class='ocrx_word' id='word_1_376' title='bbox 1104 3557 1166 3612; x_wconf 89' lang='lat' dir='ltr'><strong>D.</strong></span> 
     </span>
    </p>
   </div>
   <div class='ocr_carea' id='block_1_61' title="bbox 244 3627 1739 3700">
    <p class='ocr_par' dir='ltr' id='par_1_61' title="bbox 244 3627 1739 3700">
     <span class='ocr_line' id='line_1_65' title="bbox 244 3627 1739 3700; baseline -0.003 -13"><span class='ocrx_word' id='word_1_377' title='bbox 244 3632 330 3687; x_wconf 63' lang='lat'><strong>50.</strong></span> <span class='ocrx_word' id='word_1_378' title='bbox 358 3627 608 3686; x_wconf 67' lang='lat' dir='ltr'><strong>Diversos</strong></span> <span class='ocrx_word' id='word_1_379' title='bbox 651 3630 837 3685; x_wconf 91' lang='lat' dir='ltr'><strong>modos</strong></span> <span class='ocrx_word' id='word_1_380' title='bbox 866 3632 1057 3699; x_wconf 89' lang='lat' dir='ltr'><strong>quibus</strong></span> <span class='ocrx_word' id='word_1_381' title='bbox 1098 3638 1362 3700; x_wconf 82' lang='lat' dir='ltr'><strong>martyres</strong></span> <span class='ocrx_word' id='word_1_382' title='bbox 1409 3627 1518 3699; x_wconf 87' lang='lat' dir='ltr'><strong>igni</strong></span> <span class='ocrx_word' id='word_1_383' title='bbox 1561 3627 1739 3684; x_wconf 89' lang='lat' dir='ltr'><strong>trade-</strong></span> 
     </span>
    </p>
   </div>
   <div class='ocr_carea' id='block_1_62' title="bbox 184 3701 1037 3765">
    <p class='ocr_par' dir='ltr' id='par_1_62' title="bbox 184 3701 1037 3765">
     <span class='ocr_line' id='line_1_66' title="bbox 184 3701 1037 3765; baseline 0 -11"><span class='ocrx_word' id='word_1_384' title='bbox 184 3701 383 3765; x_wconf 78' lang='lat' dir='ltr'><strong>bantur,</strong></span> <span class='ocrx_word' id='word_1_385' title='bbox 408 3701 530 3756; x_wconf 91' lang='lat' dir='ltr'><strong>vide</strong></span> <span class='ocrx_word' id='word_1_386' title='bbox 552 3701 605 3756; x_wconf 89' lang='lat' dir='ltr'><strong>in</strong></span> <span class='ocrx_word' id='word_1_387' title='bbox 637 3702 741 3756; x_wconf 85' lang='lat' dir='ltr'><strong>tab.</strong></span> <span class='ocrx_word' id='word_1_388' title='bbox 775 3701 838 3755; x_wconf 87' lang='grc'><strong>16</strong></span> <span class='ocrx_word' id='word_1_389' title='bbox 867 3710 921 3754; x_wconf 89' lang='lat' dir='ltr'><strong>et</strong></span> <span class='ocrx_word' id='word_1_390' title='bbox 952 3701 1037 3756; x_wconf 83' lang='grc' dir='ltr'><strong>Π.</strong></span> 
     </span>
    </p>
   </div>
   <div class='ocr_carea' id='block_1_63' title="bbox 242 3766 1736 3839">
    <p class='ocr_par' dir='ltr' id='par_1_63' title="bbox 242 3766 1736 3839">
     <span class='ocr_line' id='line_1_67' title="bbox 242 3766 1736 3839; baseline -0.005 -9"><span class='ocrx_word' id='word_1_391' title='bbox 242 3774 333 3830; x_wconf 74' lang='grc' dir='ltr'><strong>Μ.</strong></span> <span class='ocrx_word' id='word_1_392' title='bbox 370 3773 426 3827; x_wconf 87' lang='lat' dir='ltr'><strong>In</strong></span> <span class='ocrx_word' id='word_1_393' title='bbox 452 3771 660 3827; x_wconf 81' lang='lat' dir='ltr'><strong>Thuan.</strong></span> <span class='ocrx_word' id='word_1_394' title='bbox 691 3781 748 3825; x_wconf 88' lang='lat' dir='ltr'><strong>et</strong></span> <span class='ocrx_word' id='word_1_395' title='bbox 777 3771 967 3825; x_wconf 85' lang='lat' dir='ltr'><strong>Boher.</strong></span> <span class='ocrx_word' id='word_1_396' title='bbox 994 3770 1195 3839; x_wconf 82' lang='lat' dir='ltr'><strong>priore,</strong></span> <span class='ocrx_word' id='word_1_397' title='bbox 1240 3766 1613 3833; x_wconf 79' lang='lat' dir='ltr'><strong>vetustissimis</strong></span> <span class='ocrx_word' id='word_1_398' title='bbox 1642 3783 1736 3823; x_wconf 88' lang='lat' dir='ltr'><strong>co-</strong></span> 
     </span>
    </p>
   </div>
   <div class='ocr_carea' id='block_1_64' title="bbox 178 3838 1729 3913">
    <p class='ocr_par' dir='ltr' id='par_1_64' title="bbox 178 3838 1729 3913">
     <span class='ocr_line' id='line_1_68' title="bbox 178 3838 1729 3913; baseline -0.003 -16"><span class='ocrx_word' id='word_1_399' title='bbox 178 3844 394 3912; x_wconf 79' lang='lat' dir='ltr'><strong>dicibus,</strong></span> <span class='ocrx_word' id='word_1_400' title='bbox 445 3843 599 3911; x_wconf 76' lang='lat' dir='ltr'><strong>iussit</strong></span> <span class='ocrx_word' id='word_1_401' title='bbox 647 3855 744 3910; x_wconf 88' lang='lat' dir='ltr'><strong>pro</strong></span> <span class='ocrx_word' id='word_1_402' title='bbox 773 3842 953 3913; x_wconf 85' lang='lat' dir='ltr'><strong>justis.</strong></span> <span class='ocrx_word' id='word_1_403' title='bbox 1001 3838 1503 3913; x_wconf 62' lang='lat' dir='ltr'><strong>Conjicitﬂcinsius</strong></span> <span class='ocrx_word' id='word_1_404' title='bbox 1532 3840 1625 3913; x_wconf 80' lang='lat' dir='ltr'><strong>jus</strong></span> <span class='ocrx_word' id='word_1_405' title='bbox 1652 3840 1729 3905; x_wconf 79' lang='lat' dir='ltr'><strong>ﬁt.</strong></span> 
     </span>
    </p>
   </div>
   <div class='ocr_carea' id='block_1_65' title="bbox 181 3907 1739 3983">
    <p class='ocr_par' dir='ltr' id='par_1_65' title="bbox 181 3907 1739 3983">
     <span class='ocr_line' id='line_1_69' title="bbox 181 3907 1739 3983; baseline -0.003 -16"><span class='ocrx_word' id='word_1_406' title='bbox 181 3914 351 3970; x_wconf 82' lang='lat' dir='ltr'><strong>Ilelior</strong></span> <span class='ocrx_word' id='word_1_407' title='bbox 377 3907 460 3969; x_wconf 78' lang='lat' dir='ltr'><strong>est</strong></span> <span class='ocrx_word' id='word_1_408' title='bbox 482 3907 745 3983; x_wconf 80' lang='lat' dir='ltr'><strong>scriptura</strong></span> <span class='ocrx_word' id='word_1_409' title='bbox 766 3907 1092 3983; x_wconf 78' lang='lat' dir='ltr'><strong>pervulgata,</strong></span> <span class='ocrx_word' id='word_1_410' title='bbox 1112 3907 1299 3983; x_wconf 58' lang='lat' dir='ltr'><strong>&#39;Dulce</strong></span> <span class='ocrx_word' id='word_1_411' title='bbox 1322 3907 1607 3983; x_wconf 70' lang='lat' dir='ltr'><strong>tuncjustis</strong></span> <span class='ocrx_word' id='word_1_412' title='bbox 1632 3926 1739 3964; x_wconf 83' lang='lat' dir='ltr'><strong>cre-</strong></span> 
     </span>
    </p>
   </div>
   <div class='ocr_carea' id='block_1_66' title="bbox 178 3980 1738 4051">
    <p class='ocr_par' dir='ltr' id='par_1_66' title="bbox 178 3980 1738 4051">
     <span class='ocr_line' id='line_1_70' title="bbox 178 3980 1738 4051; baseline -0.003 -12"><span class='ocrx_word' id='word_1_413' title='bbox 178 3988 339 4048; x_wconf 80' lang='lat' dir='ltr'><strong>mari:</strong></span> <span class='ocrx_word' id='word_1_414' title='bbox 388 3995 444 4042; x_wconf 92' lang='lat' dir='ltr'><strong>et</strong></span> <span class='ocrx_word' id='word_1_415' title='bbox 471 3988 524 4041; x_wconf 93' lang='lat' dir='ltr'><strong>in</strong></span> <span class='ocrx_word' id='word_1_416' title='bbox 552 3980 923 4040; x_wconf 33' lang='lat' dir='ltr'><strong>lleinsil’notis</strong></span> <span class='ocrx_word' id='word_1_417' title='bbox 969 3981 1247 4051; x_wconf 84' lang='lat' dir='ltr'><strong>legendum</strong></span> <span class='ocrx_word' id='word_1_418' title='bbox 1294 3988 1376 4035; x_wconf 81' lang='lat' dir='ltr'><strong>est</strong></span> <span class='ocrx_word' id='word_1_419' title='bbox 1420 3980 1568 4034; x_wconf 83' lang='lat' dir='ltr'><strong>dulce</strong></span> <span class='ocrx_word' id='word_1_420' title='bbox 1597 3990 1738 4047; x_wconf 87' lang='lat' dir='ltr'><strong>tunc,</strong></span> 
     </span>
    </p>
   </div>
   <div class='ocr_carea' id='block_1_67' title="bbox 180 4057 633 4111">
    <p class='ocr_par' dir='ltr' id='par_1_67' title="bbox 180 4057 633 4111">
     <span class='ocr_line' id='line_1_71' title="bbox 180 4057 633 4111; baseline 0.004 -2"><span class='ocrx_word' id='word_1_421' title='bbox 180 4072 276 4110; x_wconf 85' lang='lat' dir='ltr'><strong>non</strong></span> <span class='ocrx_word' id='word_1_422' title='bbox 305 4057 453 4111; x_wconf 81' lang='lat' dir='ltr'><strong>dulce</strong></span> <span class='ocrx_word' id='word_1_423' title='bbox 477 4072 633 4111; x_wconf 78' lang='lat' dir='ltr'><strong>nunc.</strong></span> 
     </span>
    </p>
   </div>
   <div class='ocr_carea' id='block_1_68' title="bbox 240 4118 1736 4193">
    <p class='ocr_par' dir='ltr' id='par_1_68' title="bbox 240 4118 1736 4193">
     <span class='ocr_line' id='line_1_72' title="bbox 240 4118 1736 4193; baseline -0.004 -11"><span class='ocrx_word' id='word_1_424' title='bbox 240 4128 327 4183; x_wconf 74' lang='lat'><strong>52.</strong></span> <span class='ocrx_word' id='word_1_425' title='bbox 358 4127 503 4193; x_wconf 89' lang='lat' dir='ltr'><strong>Ald.,</strong></span> <span class='ocrx_word' id='word_1_426' title='bbox 532 4126 712 4193; x_wconf 75' lang='lat' dir='ltr'><strong>Fabr.,</strong></span> <span class='ocrx_word' id='word_1_427' title='bbox 746 4123 963 4188; x_wconf 84' lang='lat' dir='ltr'><strong>Weitz.,</strong></span> <span class='ocrx_word' id='word_1_428' title='bbox 999 4118 1348 4193; x_wconf 83' lang='lat' dir='ltr'><strong>Bollandiani,</strong></span> <span class='ocrx_word' id='word_1_429' title='bbox 1382 4122 1736 4193; x_wconf 71' lang='lat' dir='ltr'><strong>convalescunt</strong></span> 
     </span>
    </p>
   </div>
   <div class='ocr_carea' id='block_1_69' title="bbox 180 4190 1741 4265">
    <p class='ocr_par' dir='ltr' id='par_1_69' title="bbox 180 4190 1741 4265">
     <span class='ocr_line' id='line_1_73' title="bbox 180 4190 1741 4265; baseline -0.003 -15"><span class='ocrx_word' id='word_1_430' title='bbox 180 4210 268 4265; x_wconf 85' lang='lat' dir='ltr'><strong>pro</strong></span> <span class='ocrx_word' id='word_1_431' title='bbox 290 4190 662 4262; x_wconf 69' lang='lat' dir='ltr'><strong>concalescunt,</strong></span> <span class='ocrx_word' id='word_1_432' title='bbox 686 4190 825 4262; x_wconf 75' lang='lat' dir='ltr'><strong>quod</strong></span> <span class='ocrx_word' id='word_1_433' title='bbox 858 4200 1023 4264; x_wconf 85' lang='lat' dir='ltr'><strong>magis</strong></span> <span class='ocrx_word' id='word_1_434' title='bbox 1052 4200 1134 4249; x_wconf 86' lang='lat' dir='ltr'><strong>est</strong></span> <span class='ocrx_word' id='word_1_435' title='bbox 1158 4191 1595 4247; x_wconf 81' lang='lat' dir='ltr'><strong>Prudentiauum.</strong></span> <span class='ocrx_word' id='word_1_436' title='bbox 1646 4190 1741 4247; x_wconf 86' lang='lat' dir='ltr'><strong>Gi-</strong></span> 
     </span>
    </p>
   </div>
   <div class='ocr_carea' id='block_1_70' title="bbox 180 4264 1737 4331">
    <p class='ocr_par' dir='ltr' id='par_1_70' title="bbox 180 4264 1737 4331">
     <span class='ocr_line' id='line_1_74' title="bbox 180 4264 1737 4331; baseline -0.003 -12"><span class='ocrx_word' id='word_1_437' title='bbox 180 4264 345 4324; x_wconf 83' lang='lat' dir='ltr'><strong>lanins</strong></span> <span class='ocrx_word' id='word_1_438' title='bbox 373 4283 402 4322; x_wconf 86' lang='lat' dir='ltr'><strong>a</strong></span> <span class='ocrx_word' id='word_1_439' title='bbox 426 4266 664 4322; x_wconf 82' lang='lat' dir='ltr'><strong>Weitzio</strong></span> <span class='ocrx_word' id='word_1_440' title='bbox 692 4276 748 4322; x_wconf 90' lang='lat' dir='ltr'><strong>et</strong></span> <span class='ocrx_word' id='word_1_441' title='bbox 774 4266 989 4321; x_wconf 85' lang='lat' dir='ltr'><strong>Heinsio</strong></span> <span class='ocrx_word' id='word_1_442' title='bbox 1020 4266 1214 4319; x_wconf 88' lang='lat' dir='ltr'><strong>citatur</strong></span> <span class='ocrx_word' id='word_1_443' title='bbox 1238 4277 1334 4331; x_wconf 90' lang='lat' dir='ltr'><strong>pro</strong></span> <span class='ocrx_word' id='word_1_444' title='bbox 1366 4264 1737 4318; x_wconf 79' lang='lat' dir='ltr'><strong>convalescunt.</strong></span> 
     </span>
    </p>
   </div>
   <div class='ocr_carea' id='block_1_71' title="bbox 182 4332 1740 4409">
    <p class='ocr_par' dir='ltr' id='par_1_71' title="bbox 182 4332 1740 4409">
     <span class='ocr_line' id='line_1_75' title="bbox 182 4332 1740 4409; baseline -0.001 -20"><span class='ocrx_word' id='word_1_445' title='bbox 182 4336 287 4409; x_wconf 60' lang='lat' dir='ltr'><strong>Vat.</strong></span> <span class='ocrx_word' id='word_1_446' title='bbox 319 4340 389 4406; x_wconf 70' lang='grc' dir='ltr'><strong>Δ,</strong></span> <span class='ocrx_word' id='word_1_447' title='bbox 410 4339 559 4405; x_wconf 84' lang='lat' dir='ltr'><strong>Rat.,</strong></span> <span class='ocrx_word' id='word_1_448' title='bbox 591 4353 807 4409; x_wconf 84' lang='lat' dir='ltr'><strong>corpora</strong></span> <span class='ocrx_word' id='word_1_449' title='bbox 835 4336 976 4407; x_wconf 88' lang='lat' dir='ltr'><strong>quod</strong></span> <span class='ocrx_word' id='word_1_450' title='bbox 1007 4334 1199 4391; x_wconf 88' lang='lat' dir='ltr'><strong>alicubi</strong></span> <span class='ocrx_word' id='word_1_451' title='bbox 1229 4332 1433 4389; x_wconf 80' lang='lat' dir='ltr'><strong>invenit</strong></span> <span class='ocrx_word' id='word_1_452' title='bbox 1462 4333 1740 4390; x_wconf 79' lang='lat' dir='ltr'><strong>Weitzius.</strong></span> 
     </span>
    </p>
   </div>
   <div class='ocr_carea' id='block_1_72' title="bbox 178 4404 608 4476">
    <p class='ocr_par' dir='ltr' id='par_1_72' title="bbox 178 4404 608 4476">
     <span class='ocr_line' id='line_1_76' title="bbox 178 4404 608 4476; baseline 0.007 -17"><span class='ocrx_word' id='word_1_453' title='bbox 178 4404 359 4464; x_wconf 75' lang='lat' dir='ltr'><strong>Retine</strong></span> <span class='ocrx_word' id='word_1_454' title='bbox 374 4404 608 4476; x_wconf 76' lang='lat' dir='ltr'><strong>pectora.</strong></span> 
     </span>
    </p>
   </div>
   <div class='ocr_carea' id='block_1_73' title="bbox 237 4476 1085 4551">
    <p class='ocr_par' dir='ltr' id='par_1_73' title="bbox 237 4476 1085 4551">
     <span class='ocr_line' id='line_1_77' title="bbox 237 4476 1085 4551; baseline -0.002 -19"><span class='ocrx_word' id='word_1_455' title='bbox 237 4479 323 4534; x_wconf 78' lang='lat'><strong>55.</strong></span> <span class='ocrx_word' id='word_1_456' title='bbox 358 4479 541 4551; x_wconf 84' lang='lat' dir='ltr'><strong>Prag.,</strong></span> <span class='ocrx_word' id='word_1_457' title='bbox 564 4481 795 4551; x_wconf 68' lang='lat' dir='ltr'><strong>cinxerat</strong></span> <span class='ocrx_word' id='word_1_458' title='bbox 814 4476 1085 4551; x_wconf 83' lang='lat' dir='ltr'><strong>sodalitas.</strong></span> 
     </span>
    </p>
   </div>
   <div class='ocr_carea' id='block_1_74' title="bbox 238 4546 1743 4617">
    <p class='ocr_par' dir='ltr' id='par_1_74' title="bbox 238 4546 1743 4617">
     <span class='ocr_line' id='line_1_78' title="bbox 238 4546 1743 4617; baseline -0.002 -12"><span class='ocrx_word' id='word_1_459' title='bbox 238 4551 329 4605; x_wconf 79' lang='lat'><strong>55.</strong></span> <span class='ocrx_word' id='word_1_460' title='bbox 356 4546 615 4617; x_wconf 80' lang='lat' dir='ltr'><strong>Bipénuis</strong></span> <span class='ocrx_word' id='word_1_461' title='bbox 642 4557 726 4603; x_wconf 83' lang='lat' dir='ltr'><strong>est</strong></span> <span class='ocrx_word' id='word_1_462' title='bbox 754 4549 978 4612; x_wconf 89' lang='lat' dir='ltr'><strong>securis,</strong></span> <span class='ocrx_word' id='word_1_463' title='bbox 1012 4548 1083 4602; x_wconf 89' lang='lat' dir='ltr'><strong>ita</strong></span> <span class='ocrx_word' id='word_1_464' title='bbox 1109 4546 1249 4603; x_wconf 89' lang='lat' dir='ltr'><strong>dicta</strong></span> <span class='ocrx_word' id='word_1_465' title='bbox 1275 4563 1302 4605; x_wconf 89' lang='lat' dir='ltr'><strong>a</strong></span> <span class='ocrx_word' id='word_1_466' title='bbox 1328 4546 1534 4611; x_wconf 83' lang='lat' dir='ltr'><strong>duabus</strong></span> <span class='ocrx_word' id='word_1_467' title='bbox 1566 4547 1743 4616; x_wconf 85' lang='lat' dir='ltr'><strong>pinnis</strong></span> 
     </span>
    </p>
   </div>
   <div class='ocr_carea' id='block_1_75' title="bbox 172 4617 1742 4689">
    <p class='ocr_par' dir='ltr' id='par_1_75' title="bbox 172 4617 1742 4689">
     <span class='ocr_line' id='line_1_79' title="bbox 172 4617 1742 4689; baseline -0.002 -14"><span class='ocrx_word' id='word_1_468' title='bbox 172 4635 261 4675; x_wconf 86' lang='lat' dir='ltr'><strong>seu</strong></span> <span class='ocrx_word' id='word_1_469' title='bbox 302 4621 518 4689; x_wconf 87' lang='lat' dir='ltr'><strong>pennis,</strong></span> <span class='ocrx_word' id='word_1_470' title='bbox 570 4619 673 4675; x_wconf 88' lang='lat' dir='ltr'><strong>hoc</strong></span> <span class='ocrx_word' id='word_1_471' title='bbox 715 4629 795 4673; x_wconf 89' lang='lat' dir='ltr'><strong>est</strong></span> <span class='ocrx_word' id='word_1_472' title='bbox 846 4618 1090 4688; x_wconf 79' lang='lat' dir='ltr'><strong>fastigiis,</strong></span> <span class='ocrx_word' id='word_1_473' title='bbox 1136 4633 1252 4689; x_wconf 62' lang='lat' dir='ltr'><strong>qua:</strong></span> <span class='ocrx_word' id='word_1_474' title='bbox 1301 4617 1549 4689; x_wconf 83' lang='lat' dir='ltr'><strong>utriuun</strong></span> <span class='ocrx_word' id='word_1_475' title='bbox 1590 4627 1742 4672; x_wconf 85' lang='lat' dir='ltr'><strong>acuta</strong></span> 
     </span>
    </p>
   </div>
   <div class='ocr_carea' id='block_1_76' title="bbox 174 4688 1741 4759">
    <p class='ocr_par' dir='ltr' id='par_1_76' title="bbox 174 4688 1741 4759">
     <span class='ocr_line' id='line_1_80' title="bbox 174 4688 1741 4759; baseline -0.002 -14"><span class='ocrx_word' id='word_1_476' title='bbox 174 4700 340 4746; x_wconf 78' lang='lat' dir='ltr'><strong>erant.</strong></span> <span class='ocrx_word' id='word_1_477' title='bbox 368 4691 660 4746; x_wconf 79' lang='lat' dir='ltr'><strong>Peverstus</strong></span> <span class='ocrx_word' id='word_1_478' title='bbox 680 4704 747 4745; x_wconf 82' lang='lat' dir='ltr'><strong>ex</strong></span> <span class='ocrx_word' id='word_1_479' title='bbox 781 4689 1006 4745; x_wconf 85' lang='lat' dir='ltr'><strong>Baronio</strong></span> <span class='ocrx_word' id='word_1_480' title='bbox 1034 4689 1099 4744; x_wconf 90' lang='lat' dir='ltr'><strong>ad</strong></span> <span class='ocrx_word' id='word_1_481' title='bbox 1127 4700 1352 4759; x_wconf 83' lang='lat' dir='ltr'><strong>martyr.</strong></span> <span class='ocrx_word' id='word_1_482' title='bbox 1376 4688 1531 4744; x_wconf 87' lang='lat' dir='ltr'><strong>Rom.</strong></span> <span class='ocrx_word' id='word_1_483' title='bbox 1557 4704 1611 4750; x_wconf 73' lang='lat' dir='ltr'><strong>rx</strong></span> <span class='ocrx_word' id='word_1_484' title='bbox 1639 4689 1741 4743; x_wconf 91' lang='lat' dir='ltr'><strong>cal.</strong></span> 
     </span>
    </p>
   </div>
   <div class='ocr_carea' id='block_1_77' title="bbox 171 4759 1740 4830">
    <p class='ocr_par' dir='ltr' id='par_1_77' title="bbox 171 4759 1740 4830">
     <span class='ocr_line' id='line_1_81' title="bbox 171 4759 1740 4830; baseline -0.003 -14"><span class='ocrx_word' id='word_1_485' title='bbox 171 4763 367 4830; x_wconf 79' lang='lat' dir='ltr'><strong>Aprilis</strong></span> <span class='ocrx_word' id='word_1_486' title='bbox 392 4760 605 4815; x_wconf 85' lang='lat' dir='ltr'><strong>dubitat</strong></span> <span class='ocrx_word' id='word_1_487' title='bbox 645 4775 713 4814; x_wconf 87' lang='lat' dir='ltr'><strong>an</strong></span> <span class='ocrx_word' id='word_1_488' title='bbox 740 4774 810 4830; x_wconf 88' lang='lat' dir='ltr'><strong>eo</strong></span> <span class='ocrx_word' id='word_1_489' title='bbox 842 4770 1085 4829; x_wconf 87' lang='lat' dir='ltr'><strong>tempore</strong></span> <span class='ocrx_word' id='word_1_490' title='bbox 1111 4765 1317 4814; x_wconf 82' lang='lat' dir='ltr'><strong>securis</strong></span> <span class='ocrx_word' id='word_1_491' title='bbox 1347 4759 1400 4814; x_wconf 90' lang='lat' dir='ltr'><strong>in</strong></span> <span class='ocrx_word' id='word_1_492' title='bbox 1429 4774 1526 4814; x_wconf 91' lang='lat' dir='ltr'><strong>usu</strong></span> <span class='ocrx_word' id='word_1_493' title='bbox 1561 4761 1740 4819; x_wconf 72' lang='lat' dir='ltr'><strong>tuerit.</strong></span> 
     </span>
    </p>
   </div>
   <div class='ocr_carea' id='block_1_78' title="bbox 1837 2362 3418 2433">
    <p class='ocr_par' dir='ltr' id='par_1_78' title="bbox 1837 2362 3418 2433">
     <span class='ocr_line' id='line_1_82' title="bbox 1837 2362 3418 2433; baseline 0.001 -17"><span class='ocrx_word' id='word_1_494' title='bbox 1837 2363 2034 2433; x_wconf 78' lang='lat' dir='ltr'><strong>ligneas</strong></span> <span class='ocrx_word' id='word_1_495' title='bbox 2059 2364 2259 2429; x_wconf 72' lang='lat' dir='ltr'><strong>reperit</strong></span> <span class='ocrx_word' id='word_1_496' title='bbox 2292 2366 2340 2417; x_wconf 90' lang='lat' dir='ltr'><strong>in</strong></span> <span class='ocrx_word' id='word_1_497' title='bbox 2365 2363 2453 2418; x_wconf 89' lang='lat' dir='ltr'><strong>ed.</strong></span> <span class='ocrx_word' id='word_1_498' title='bbox 2488 2364 2763 2427; x_wconf 85' lang='lat' dir='ltr'><strong>Daventr.;</strong></span> <span class='ocrx_word' id='word_1_499' title='bbox 2787 2364 2905 2433; x_wconf 82' lang='lat' dir='ltr'><strong>sed,</strong></span> <span class='ocrx_word' id='word_1_500' title='bbox 2928 2376 2978 2433; x_wconf 85' lang='lat' dir='ltr'><strong>ut</strong></span> <span class='ocrx_word' id='word_1_501' title='bbox 3007 2364 3121 2431; x_wconf 89' lang='lat' dir='ltr'><strong>ipse</strong></span> <span class='ocrx_word' id='word_1_502' title='bbox 3143 2362 3418 2433; x_wconf 83' lang='lat' dir='ltr'><strong>observat,</strong></span> 
     </span>
    </p>
   </div>
   <div class='ocr_carea' id='block_1_79' title="bbox 1838 2432 3414 2504">
    <p class='ocr_par' dir='ltr' id='par_1_79' title="bbox 1838 2432 3414 2504">
     <span class='ocr_line' id='line_1_83' title="bbox 1838 2432 3414 2504; baseline -0.001 -17"><span class='ocrx_word' id='word_1_503' title='bbox 1838 2432 1960 2487; x_wconf 88' lang='lat' dir='ltr'><strong>cum</strong></span> <span class='ocrx_word' id='word_1_504' title='bbox 1986 2433 2038 2486; x_wconf 88' lang='lat' dir='ltr'><strong>in</strong></span> <span class='ocrx_word' id='word_1_505' title='bbox 2071 2435 2270 2504; x_wconf 87' lang='lat' dir='ltr'><strong>hymno</strong></span> <span class='ocrx_word' id='word_1_506' title='bbox 2303 2436 2358 2489; x_wconf 89' lang='lat' dir='ltr'><strong>S.</strong></span> <span class='ocrx_word' id='word_1_507' title='bbox 2388 2434 2654 2488; x_wconf 69' lang='grc' dir='ltr'><strong>ιιηηνιιιηίἱ</strong></span> <span class='ocrx_word' id='word_1_508' title='bbox 2684 2446 2824 2487; x_wconf 87' lang='lat' dir='ltr'><strong>vers.</strong></span> <span class='ocrx_word' id='word_1_509' title='bbox 2860 2432 2984 2496; x_wconf 79' lang='lat'><strong>599,</strong></span> <span class='ocrx_word' id='word_1_510' title='bbox 3008 2444 3182 2504; x_wconf 79' lang='lat' dir='ltr'><strong>crates</strong></span> <span class='ocrx_word' id='word_1_511' title='bbox 3216 2432 3414 2496; x_wconf 72' lang='lat' dir='ltr'><strong>ferrea,</strong></span> 
     </span>
    </p>
   </div>
   <div class='ocr_carea' id='block_1_80' title="bbox 1836 2503 3419 2574">
    <p class='ocr_par' dir='ltr' id='par_1_80' title="bbox 1836 2503 3419 2574">
     <span class='ocr_line' id='line_1_84' title="bbox 1836 2503 3419 2574; baseline 0.003 -21"><span class='ocrx_word' id='word_1_512' title='bbox 1836 2518 1959 2572; x_wconf 69' lang='lat' dir='ltr'><strong>quae</strong></span> <span class='ocrx_word' id='word_1_513' title='bbox 1986 2504 2093 2571; x_wconf 69' lang='lat' dir='ltr'><strong>iam</strong></span> <span class='ocrx_word' id='word_1_514' title='bbox 2114 2503 2279 2574; x_wconf 82' lang='lat' dir='ltr'><strong>ignita</strong></span> <span class='ocrx_word' id='word_1_515' title='bbox 2306 2516 2443 2567; x_wconf 85' lang='lat' dir='ltr'><strong>erat,</strong></span> <span class='ocrx_word' id='word_1_516' title='bbox 2477 2514 2673 2558; x_wconf 66' lang='lat' dir='ltr'><strong>catasta</strong></span> <span class='ocrx_word' id='word_1_517' title='bbox 2702 2504 2737 2558; x_wconf 87' lang='lat' dir='ltr'><strong>d</strong></span> <span class='ocrx_word' id='word_1_518' title='bbox 2761 2514 2931 2568; x_wconf 85' lang='lat' dir='ltr'><strong>catur,</strong></span> <span class='ocrx_word' id='word_1_519' title='bbox 2969 2503 3100 2558; x_wconf 82' lang='lat' dir='ltr'><strong>nihil</strong></span> <span class='ocrx_word' id='word_1_520' title='bbox 3131 2513 3212 2557; x_wconf 82' lang='lat' dir='ltr'><strong>est</strong></span> <span class='ocrx_word' id='word_1_521' title='bbox 3241 2518 3419 2574; x_wconf 59' lang='lat' dir='ltr'><strong>causa:</strong></span> 
     </span>
    </p>
   </div>
   <div class='ocr_carea' id='block_1_81' title="bbox 1832 2572 3419 2643">
    <p class='ocr_par' dir='ltr' id='par_1_81' title="bbox 1832 2572 3419 2643">
     <span class='ocr_line' id='line_1_85' title="bbox 1832 2572 3419 2643; baseline 0 -16"><span class='ocrx_word' id='word_1_522' title='bbox 1832 2572 2186 2643; x_wconf 80' lang='lat' dir='ltr'><strong>quamobrem</strong></span> <span class='ocrx_word' id='word_1_523' title='bbox 2218 2576 2392 2643; x_wconf 78' lang='lat' dir='ltr'><strong>igneas</strong></span> <span class='ocrx_word' id='word_1_524' title='bbox 2435 2584 2669 2630; x_wconf 84' lang='lat' dir='ltr'><strong>mutetur</strong></span> <span class='ocrx_word' id='word_1_525' title='bbox 2715 2576 2767 2628; x_wconf 90' lang='lat' dir='ltr'><strong>in</strong></span> <span class='ocrx_word' id='word_1_526' title='bbox 2815 2576 3031 2643; x_wconf 72' lang='lat' dir='ltr'><strong>ligneas.</strong></span> <span class='ocrx_word' id='word_1_527' title='bbox 3090 2574 3240 2642; x_wconf 83' lang='lat' dir='ltr'><strong>Apud</strong></span> <span class='ocrx_word' id='word_1_528' title='bbox 3270 2572 3419 2627; x_wconf 79' lang='lat' dir='ltr'><strong>Chri-</strong></span> 
     </span>
    </p>
   </div>
   <div class='ocr_carea' id='block_1_82' title="bbox 1840 2644 3419 2715">
    <p class='ocr_par' dir='ltr' id='par_1_82' title="bbox 1840 2644 3419 2715">
     <span class='ocr_line' id='line_1_86' title="bbox 1840 2644 3419 2715; baseline -0.003 -15"><span class='ocrx_word' id='word_1_529' title='bbox 1840 2646 2041 2700; x_wconf 88' lang='lat' dir='ltr'><strong>stianos</strong></span> <span class='ocrx_word' id='word_1_530' title='bbox 2070 2646 2362 2715; x_wconf 85' lang='lat' dir='ltr'><strong>scriptores</strong></span> <span class='ocrx_word' id='word_1_531' title='bbox 2394 2662 2538 2711; x_wconf 69' lang='lat' dir='ltr'><strong>saepe</strong></span> <span class='ocrx_word' id='word_1_532' title='bbox 2568 2654 2769 2699; x_wconf 84' lang='lat' dir='ltr'><strong>catasta</strong></span> <span class='ocrx_word' id='word_1_533' title='bbox 2793 2644 3059 2713; x_wconf 74' lang='lat' dir='ltr'><strong>signiﬁcat</strong></span> <span class='ocrx_word' id='word_1_534' title='bbox 3088 2646 3261 2715; x_wconf 77' lang='lat' dir='ltr'><strong>locum</strong></span> <span class='ocrx_word' id='word_1_535' title='bbox 3286 2646 3419 2696; x_wconf 83' lang='lat' dir='ltr'><strong>ent-i-</strong></span> 
     </span>
    </p>
   </div>
   <div class='ocr_carea' id='block_1_83' title="bbox 1841 2713 3421 2784">
    <p class='ocr_par' dir='ltr' id='par_1_83' title="bbox 1841 2713 3421 2784">
     <span class='ocr_line' id='line_1_87' title="bbox 1841 2713 3421 2784; baseline 0.001 -16"><span class='ocrx_word' id='word_1_536' title='bbox 1841 2717 2137 2770; x_wconf 85' lang='lat' dir='ltr'><strong>nentiorem</strong></span> <span class='ocrx_word' id='word_1_537' title='bbox 2167 2713 2254 2771; x_wconf 76' lang='lat' dir='ltr'><strong>ubi</strong></span> <span class='ocrx_word' id='word_1_538' title='bbox 2278 2717 2348 2771; x_wconf 87' lang='lat' dir='ltr'><strong>de</strong></span> <span class='ocrx_word' id='word_1_539' title='bbox 2372 2719 2481 2770; x_wconf 89' lang='lat' dir='ltr'><strong>reis</strong></span> <span class='ocrx_word' id='word_1_540' title='bbox 2504 2716 2817 2770; x_wconf 81' lang='lat' dir='ltr'><strong>sumebatur</strong></span> <span class='ocrx_word' id='word_1_541' title='bbox 2849 2716 3190 2784; x_wconf 73' lang='lat' dir='ltr'><strong>supplicium.</strong></span> <span class='ocrx_word' id='word_1_542' title='bbox 3226 2713 3421 2769; x_wconf 79' lang='lat' dir='ltr'><strong>Putant</strong></span> 
     </span>
    </p>
   </div>
   <div class='ocr_carea' id='block_1_84' title="bbox 1841 2785 3421 2909">
    <p class='ocr_par' dir='ltr' id='par_1_84' title="bbox 1841 2785 3421 2909">
     <span class='ocr_line' id='line_1_88' title="bbox 1841 2785 3421 2909; baseline -0.001 -71"><span class='ocrx_word' id='word_1_543' title='bbox 1841 2785 2007 2909; x_wconf 48' lang='lat' dir='ltr'><strong>titlitciui</strong></span> <span class='ocrx_word' id='word_1_544' title='bbox 2031 2786 2154 2841; x_wconf 82' lang='lat' dir='ltr'><strong>inde</strong></span> <span class='ocrx_word' id='word_1_545' title='bbox 2177 2788 2377 2841; x_wconf 90' lang='lat' dir='ltr'><strong>dictum</strong></span> <span class='ocrx_word' id='word_1_546' title='bbox 2410 2787 2655 2855; x_wconf 85' lang='lat' dir='ltr'><strong>Hispanis</strong></span> <span class='ocrx_word' id='word_1_547' title='bbox 2684 2785 2988 2850; x_wconf 80' lang='lat' dir='ltr'><strong>cadaltalso,</strong></span> <span class='ocrx_word' id='word_1_548' title='bbox 3033 2794 3089 2841; x_wconf 87' lang='lat' dir='ltr'><strong>et</strong></span> <span class='ocrx_word' id='word_1_549' title='bbox 3117 2786 3260 2839; x_wconf 84' lang='lat' dir='ltr'><strong>italis</strong></span> <span class='ocrx_word' id='word_1_550' title='bbox 3282 2796 3421 2838; x_wconf 85' lang='lat' dir='ltr'><strong>cata-</strong></span> 
     </span>
     <span class='ocr_line' id='line_1_89' title="bbox 1863 2873 2229 2909; baseline 0 0"><span class='ocrx_word' id='word_1_551' title='bbox 1863 2873 1893 2909; x_wconf 91' lang='lat' dir='ltr'><strong>a</strong></span> <span class='ocrx_word' id='word_1_552' title='bbox 1948 2873 1994 2909; x_wconf 90' lang='lat' dir='ltr'><strong>o.</strong></span> <span class='ocrx_word' id='word_1_553' title='bbox 2224 2906 2229 2909; x_wconf 71' lang='lat'><strong>.</strong></span> 
     </span>
    </p>
   </div>
   <div class='ocr_carea' id='block_1_85' title="bbox 1840 2860 2230 2925">
    <p class='ocr_par' dir='ltr' id='par_1_85' title="bbox 1840 2860 2230 2925">
     <span class='ocr_line' id='line_1_90' title="bbox 1840 2860 2230 2925; baseline -0.003 -16"><span class='ocrx_word' id='word_1_554' title='bbox 1840 2860 1994 2925; x_wconf 75' lang='lat' dir='ltr'><strong>falco.</strong></span> <span class='ocrx_word' id='word_1_555' title='bbox 2223 2906 2230 2916; x_wconf 81' lang='grc'><em>,</em></span> 
     </span>
    </p>
   </div>
   <div class='ocr_carea' id='block_1_86' title="bbox 1912 2924 3421 2995">
    <p class='ocr_par' dir='ltr' id='par_1_86' title="bbox 1912 2924 3421 2995">
     <span class='ocr_line' id='line_1_91' title="bbox 1912 2924 3421 2995; baseline -0.004 -12"><span class='ocrx_word' id='word_1_556' title='bbox 1912 2927 2001 2983; x_wconf 84' lang='grc'><strong>57.</strong></span> <span class='ocrx_word' id='word_1_557' title='bbox 2036 2926 2282 2995; x_wconf 78' lang='lat' dir='ltr'><strong>Vulgaris</strong></span> <span class='ocrx_word' id='word_1_558' title='bbox 2306 2935 2430 2981; x_wconf 82' lang='lat' dir='ltr'><strong>erat</strong></span> <span class='ocrx_word' id='word_1_559' title='bbox 2470 2928 2744 2989; x_wconf 70' lang='lat' dir='ltr'><strong>gentilium</strong></span> <span class='ocrx_word' id='word_1_560' title='bbox 2781 2926 3134 2980; x_wconf 53' lang='lat' dir='ltr'><strong>acclamatio:</strong></span> <span class='ocrx_word' id='word_1_561' title='bbox 3168 2924 3421 2979; x_wconf 81' lang='lat' dir='ltr'><strong>Christia-</strong></span> 
     </span>
    </p>
   </div>
   <div class='ocr_carea' id='block_1_87' title="bbox 1839 2995 3419 3068">
    <p class='ocr_par' dir='ltr' id='par_1_87' title="bbox 1839 2995 3419 3068">
     <span class='ocr_line' id='line_1_92' title="bbox 1839 2995 3419 3068; baseline -0.001 -17"><span class='ocrx_word' id='word_1_562' title='bbox 1839 3015 1932 3051; x_wconf 85' lang='lat' dir='ltr'><strong>nos</strong></span> <span class='ocrx_word' id='word_1_563' title='bbox 1958 2997 2026 3050; x_wconf 89' lang='lat' dir='ltr'><strong>ad</strong></span> <span class='ocrx_word' id='word_1_564' title='bbox 2066 2998 2288 3062; x_wconf 78' lang='lat' dir='ltr'><strong>leonem,</strong></span> <span class='ocrx_word' id='word_1_565' title='bbox 2346 3008 2401 3051; x_wconf 90' lang='lat' dir='ltr'><strong>ut</strong></span> <span class='ocrx_word' id='word_1_566' title='bbox 2444 2997 2823 3068; x_wconf 80' lang='lat' dir='ltr'><strong>Tertulliauus,</strong></span> <span class='ocrx_word' id='word_1_567' title='bbox 2862 2996 3196 3068; x_wconf 74' lang='lat' dir='ltr'><strong>Cyprianus,</strong></span> <span class='ocrx_word' id='word_1_568' title='bbox 3247 2995 3419 3068; x_wconf 89' lang='lat' dir='ltr'><strong>et__alii</strong></span> 
     </span>
    </p>
   </div>
   <div class='ocr_carea' id='block_1_88' title="bbox 1844 3066 3422 3136">
    <p class='ocr_par' dir='ltr' id='par_1_88' title="bbox 1844 3066 3422 3136">
     <span class='ocr_line' id='line_1_93' title="bbox 1844 3066 3422 3136; baseline -0.001 -14"><span class='ocrx_word' id='word_1_569' title='bbox 1844 3068 2103 3123; x_wconf 79' lang='lat' dir='ltr'><strong>referunt.</strong></span> <span class='ocrx_word' id='word_1_570' title='bbox 2145 3069 2537 3136; x_wconf 84' lang='lat' dir='ltr'><strong>Noonunquam</strong></span> <span class='ocrx_word' id='word_1_571' title='bbox 2564 3087 2576 3120; x_wconf 90' lang='lat'>:</span> <span class='ocrx_word' id='word_1_572' title='bbox 2610 3066 2928 3123; x_wconf 71' lang='lat' dir='ltr'><strong>Christianus</strong></span> <span class='ocrx_word' id='word_1_573' title='bbox 2949 3069 3017 3121; x_wconf 87' lang='lat' dir='ltr'><strong>ad</strong></span> <span class='ocrx_word' id='word_1_574' title='bbox 3040 3067 3248 3122; x_wconf 75' lang='lat' dir='ltr'><strong>bestias.</strong></span> <span class='ocrx_word' id='word_1_575' title='bbox 3297 3066 3422 3120; x_wconf 84' lang='lat' dir='ltr'><strong>Hie-</strong></span> 
     </span>
    </p>
   </div>
   <div class='ocr_carea' id='block_1_89' title="bbox 1838 3137 3418 3209">
    <p class='ocr_par' dir='ltr' id='par_1_89' title="bbox 1838 3137 3418 3209">
     <span class='ocr_line' id='line_1_94' title="bbox 1838 3137 3418 3209; baseline -0.002 -15"><span class='ocrx_word' id='word_1_576' title='bbox 1838 3153 2099 3209; x_wconf 82' lang='lat' dir='ltr'><strong>ronymus</strong></span> <span class='ocrx_word' id='word_1_577' title='bbox 2129 3149 2410 3206; x_wconf 89' lang='lat' dir='ltr'><strong>utrumque</strong></span> <span class='ocrx_word' id='word_1_578' title='bbox 2436 3139 2711 3209; x_wconf 76' lang='lat' dir='ltr'><strong>coniungit</strong></span> <span class='ocrx_word' id='word_1_579' title='bbox 2751 3137 2845 3192; x_wconf 89' lang='lat' dir='ltr'><strong>lib.</strong></span> <span class='ocrx_word' id='word_1_580' title='bbox 2875 3137 3023 3193; x_wconf 79' lang='lat' dir='ltr'><strong>vnio</strong></span> <span class='ocrx_word' id='word_1_581' title='bbox 3063 3138 3418 3209; x_wconf 35' lang='lat' dir='ltr'><strong>lsaiamtcap.</strong></span> 
     </span>
    </p>
   </div>
   <div class='ocr_carea' id='block_1_90' title="bbox 1843 3207 3422 3278">
    <p class='ocr_par' dir='ltr' id='par_1_90' title="bbox 1843 3207 3422 3278">
     <span class='ocr_line' id='line_1_95' title="bbox 1843 3207 3422 3278; baseline -0.001 -15"><span class='ocrx_word' id='word_1_582' title='bbox 1843 3207 2042 3263; x_wconf 56' lang='lat' dir='ltr'><strong>18.&#39;De</strong></span> <span class='ocrx_word' id='word_1_583' title='bbox 2078 3209 2280 3278; x_wconf 85' lang='lat' dir='ltr'><strong>pardis,</strong></span> <span class='ocrx_word' id='word_1_584' title='bbox 2303 3223 2530 3277; x_wconf 82' lang='lat' dir='ltr'><strong>quorum</strong></span> <span class='ocrx_word' id='word_1_585' title='bbox 2564 3207 2786 3264; x_wconf 80' lang='lat' dir='ltr'><strong>laniatui</strong></span> <span class='ocrx_word' id='word_1_586' title='bbox 2824 3212 3231 3273; x_wconf 78' lang='lat' dir='ltr'><strong>exponebantur</strong></span> <span class='ocrx_word' id='word_1_587' title='bbox 3263 3207 3422 3278; x_wconf 87' lang='lat' dir='ltr'><strong>Chri-</strong></span> 
     </span>
    </p>
   </div>
   <div class='ocr_carea' id='block_1_91' title="bbox 1840 3277 3419 3346">
    <p class='ocr_par' dir='ltr' id='par_1_91' title="bbox 1840 3277 3419 3346">
     <span class='ocr_line' id='line_1_96' title="bbox 1840 3277 3419 3346; baseline 0 -13"><span class='ocrx_word' id='word_1_588' title='bbox 1840 3280 2026 3345; x_wconf 87' lang='lat' dir='ltr'><strong>stiani,</strong></span> <span class='ocrx_word' id='word_1_589' title='bbox 2079 3277 2326 3334; x_wconf 78' lang='lat' dir='ltr'><strong>meminit</strong></span> <span class='ocrx_word' id='word_1_590' title='bbox 2364 3280 2628 3335; x_wconf 85' lang='lat' dir='ltr'><strong>Eusebius</strong></span> <span class='ocrx_word' id='word_1_591' title='bbox 2677 3280 2772 3333; x_wconf 89' lang='lat' dir='ltr'><strong>lib.</strong></span> <span class='ocrx_word' id='word_1_592' title='bbox 2798 3294 2827 3333; x_wconf 85' lang='lat' dir='ltr'><strong>-t</strong></span> <span class='ocrx_word' id='word_1_593' title='bbox 2868 3279 3030 3346; x_wconf 58' lang='lat' dir='ltr'><strong>Risu,</strong></span> <span class='ocrx_word' id='word_1_594' title='bbox 3077 3293 3195 3346; x_wconf 81' lang='lat' dir='ltr'><strong>cap.</strong></span> <span class='ocrx_word' id='word_1_595' title='bbox 3242 3278 3330 3332; x_wconf 80' lang='grc'><strong>16.</strong></span> <span class='ocrx_word' id='word_1_596' title='bbox 3363 3277 3419 3333; x_wconf 80' lang='lat' dir='ltr'><strong>In</strong></span> 
     </span>
    </p>
   </div>
   <div class='ocr_carea' id='block_1_92' title="bbox 1842 3347 3455 3422">
    <p class='ocr_par' dir='ltr' id='par_1_92' title="bbox 1842 3347 3455 3422">
     <span class='ocr_line' id='line_1_97' title="bbox 1842 3347 3455 3422; baseline -0.001 -18"><span class='ocrx_word' id='word_1_597' title='bbox 1842 3350 2099 3422; x_wconf 82' lang='lat' dir='ltr'><strong>martyrio</strong></span> <span class='ocrx_word' id='word_1_598' title='bbox 2133 3349 2190 3407; x_wconf 91' lang='lat' dir='ltr'><strong>S.</strong></span> <span class='ocrx_word' id='word_1_599' title='bbox 2222 3350 2414 3421; x_wconf 83' lang='lat' dir='ltr'><strong>lgnatii</strong></span> <span class='ocrx_word' id='word_1_600' title='bbox 2456 3365 2553 3420; x_wconf 91' lang='lat' dir='ltr'><strong>pro</strong></span> <span class='ocrx_word' id='word_1_601' title='bbox 2582 3350 2831 3406; x_wconf 84' lang='lat' dir='ltr'><strong>leonibus</strong></span> <span class='ocrx_word' id='word_1_602' title='bbox 2867 3349 3109 3405; x_wconf 88' lang='lat' dir='ltr'><strong>nonnulli</strong></span> <span class='ocrx_word' id='word_1_603' title='bbox 3141 3347 3422 3418; x_wconf 83' lang='lat' dir='ltr'><strong>leopsrdos</strong></span> <span class='ocrx_word' id='word_1_604' title='bbox 3452 3416 3455 3420; x_wconf 23' lang='grc' dir='ltr'><em>η</em></span> 
     </span>
    </p>
   </div>
   <div class='ocr_carea' id='block_1_93' title="bbox 1843 3429 3353 3477">
    <p class='ocr_par' dir='ltr' id='par_1_93' title="bbox 1843 3429 3353 3477">
     <span class='ocr_line' id='line_1_98' title="bbox 1843 3429 3353 3477; baseline -0.001 -4"><span class='ocrx_word' id='word_1_605' title='bbox 1843 3429 2165 3477; x_wconf 85' lang='lat' dir='ltr'><strong>memorant.</strong></span> <span class='ocrx_word' id='word_1_606' title='bbox 3350 3468 3353 3471; x_wconf 91' lang='lat'><strong>.</strong></span> 
     </span>
    </p>
   </div>
   <div class='ocr_carea' id='block_1_94' title="bbox 2787 3488 3423 3563">
    <p class='ocr_par' dir='ltr' id='par_1_94' title="bbox 2787 3488 3423 3563">
     <span class='ocr_line' id='line_1_99' title="bbox 2787 3488 3423 3563; baseline 0 -19"><span class='ocrx_word' id='word_1_607' title='bbox 2787 3491 3013 3563; x_wconf 71' lang='lat' dir='ltr'><strong>potestis</strong></span> <span class='ocrx_word' id='word_1_608' title='bbox 3026 3488 3135 3544; x_wconf 75' lang='lat' dir='ltr'><strong>Deo</strong></span> <span class='ocrx_word' id='word_1_609' title='bbox 3156 3490 3346 3563; x_wconf 66' lang='lat' dir='ltr'><strong>seruire</strong></span> <span class='ocrx_word' id='word_1_610' title='bbox 3373 3498 3423 3544; x_wconf 84' lang='lat' dir='ltr'><strong>et</strong></span> 
     </span>
    </p>
   </div>
   <div class='ocr_carea' id='block_1_95' title="bbox 1840 3560 3424 3632">
    <p class='ocr_par' dir='ltr' id='par_1_95' title="bbox 1840 3560 3424 3632">
     <span class='ocr_line' id='line_1_100' title="bbox 1840 3560 3424 3632; baseline -0.001 -17"><span class='ocrx_word' id='word_1_611' title='bbox 1840 3578 2160 3616; x_wconf 68' lang='lat' dir='ltr'><strong>mammona.</strong></span> <span class='ocrx_word' id='word_1_612' title='bbox 2194 3563 2443 3617; x_wconf 82' lang='lat' dir='ltr'><strong>Barthius</strong></span> <span class='ocrx_word' id='word_1_613' title='bbox 2474 3564 2565 3618; x_wconf 91' lang='lat' dir='ltr'><strong>lib.</strong></span> <span class='ocrx_word' id='word_1_614' title='bbox 2600 3580 2685 3629; x_wconf 71' lang='grc' dir='ltr'><strong>ιν,</strong></span> <span class='ocrx_word' id='word_1_615' title='bbox 2709 3560 2830 3632; x_wconf 84' lang='lat' dir='ltr'><strong>cap.</strong></span> <span class='ocrx_word' id='word_1_616' title='bbox 2855 3561 2910 3625; x_wconf 71' lang='grc'><strong>4,</strong></span> <span class='ocrx_word' id='word_1_617' title='bbox 2938 3560 3185 3626; x_wconf 77' lang='lat' dir='ltr'><strong>Advers.,</strong></span> <span class='ocrx_word' id='word_1_618' title='bbox 3212 3562 3288 3614; x_wconf 86' lang='lat' dir='ltr'><strong>ait</strong></span> <span class='ocrx_word' id='word_1_619' title='bbox 3316 3560 3424 3614; x_wconf 84' lang='lat' dir='ltr'><strong>iso-</strong></span> 
     </span>
    </p>
   </div>
   <div class='ocr_carea' id='block_1_96' title="bbox 1841 3632 3420 3701">
    <p class='ocr_par' dir='ltr' id='par_1_96' title="bbox 1841 3632 3420 3701">
     <span class='ocr_line' id='line_1_101' title="bbox 1841 3632 3420 3701; baseline -0.001 -15"><span class='ocrx_word' id='word_1_620' title='bbox 1841 3647 1965 3686; x_wconf 85' lang='lat' dir='ltr'><strong>nem</strong></span> <span class='ocrx_word' id='word_1_621' title='bbox 1979 3648 2084 3686; x_wconf 89' lang='lat' dir='ltr'><strong>non</strong></span> <span class='ocrx_word' id='word_1_622' title='bbox 2103 3632 2350 3687; x_wconf 80' lang='lat' dir='ltr'><strong>debuisse</strong></span> <span class='ocrx_word' id='word_1_623' title='bbox 2375 3633 2680 3701; x_wconf 84' lang='lat' dir='ltr'><strong>disjuugere</strong></span> <span class='ocrx_word' id='word_1_624' title='bbox 2701 3634 2926 3700; x_wconf 83' lang='lat' dir='ltr'><strong>diabolo,</strong></span> <span class='ocrx_word' id='word_1_625' title='bbox 2950 3633 3028 3685; x_wconf 80' lang='lat' dir='ltr'><strong>vel</strong></span> <span class='ocrx_word' id='word_1_626' title='bbox 3052 3632 3243 3684; x_wconf 78' lang='lat' dir='ltr'><strong>diuitiis</strong></span> <span class='ocrx_word' id='word_1_627' title='bbox 3266 3646 3420 3684; x_wconf 83' lang='lat' dir='ltr'><strong>mun-</strong></span> 
     </span>
    </p>
   </div>
   <div class='ocr_carea' id='block_1_97' title="bbox 1840 3701 3420 3769">
    <p class='ocr_par' dir='ltr' id='par_1_97' title="bbox 1840 3701 3420 3769">
     <span class='ocr_line' id='line_1_102' title="bbox 1840 3701 3420 3769; baseline -0.001 -14"><span class='ocrx_word' id='word_1_628' title='bbox 1840 3702 2007 3755; x_wconf 84' lang='lat' dir='ltr'><strong>danis.</strong></span> <span class='ocrx_word' id='word_1_629' title='bbox 2041 3701 2304 3756; x_wconf 83' lang='lat' dir='ltr'><strong>Mammon</strong></span> <span class='ocrx_word' id='word_1_630' title='bbox 2335 3704 2477 3756; x_wconf 84' lang='lat' dir='ltr'><strong>enim</strong></span> <span class='ocrx_word' id='word_1_631' title='bbox 2503 3719 2607 3757; x_wconf 85' lang='lat' dir='ltr'><strong>non</strong></span> <span class='ocrx_word' id='word_1_632' title='bbox 2646 3705 2800 3758; x_wconf 87' lang='lat' dir='ltr'><strong>aliter</strong></span> <span class='ocrx_word' id='word_1_633' title='bbox 2826 3702 3028 3756; x_wconf 89' lang='lat' dir='ltr'><strong>idolum</strong></span> <span class='ocrx_word' id='word_1_634' title='bbox 3057 3711 3143 3755; x_wconf 89' lang='lat' dir='ltr'><strong>est</strong></span> <span class='ocrx_word' id='word_1_635' title='bbox 3170 3715 3332 3769; x_wconf 89' lang='lat' dir='ltr'><strong>opum</strong></span> <span class='ocrx_word' id='word_1_636' title='bbox 3364 3710 3420 3753; x_wconf 87' lang='lat' dir='ltr'><strong>et</strong></span> 
     </span>
    </p>
   </div>
   <div class='ocr_carea' id='block_1_98' title="bbox 1840 3770 3420 3841">
    <p class='ocr_par' dir='ltr' id='par_1_98' title="bbox 1840 3770 3420 3841">
     <span class='ocr_line' id='line_1_103' title="bbox 1840 3770 3420 3841; baseline -0.001 -14"><span class='ocrx_word' id='word_1_637' title='bbox 1840 3770 2167 3835; x_wconf 85' lang='lat' dir='ltr'><strong>divitiarum,</strong></span> <span class='ocrx_word' id='word_1_638' title='bbox 2223 3787 2380 3841; x_wconf 86' lang='lat' dir='ltr'><strong>quam</strong></span> <span class='ocrx_word' id='word_1_639' title='bbox 2433 3773 2557 3827; x_wconf 78' lang='lat' dir='ltr'><strong>belli</strong></span> <span class='ocrx_word' id='word_1_640' title='bbox 2606 3774 2762 3828; x_wconf 76' lang='lat' dir='ltr'><strong>Mars.</strong></span> <span class='ocrx_word' id='word_1_641' title='bbox 2810 3773 2960 3827; x_wconf 74' lang='lat' dir='ltr'><strong>Alius</strong></span> <span class='ocrx_word' id='word_1_642' title='bbox 2986 3770 3255 3840; x_wconf 72' lang='lat' dir='ltr'><strong>glossator</strong></span> <span class='ocrx_word' id='word_1_643' title='bbox 3279 3771 3420 3839; x_wconf 90' lang='lat' dir='ltr'><strong>apud</strong></span> 
     </span>
    </p>
   </div>
   <div class='ocr_carea' id='block_1_99' title="bbox 1840 3841 3413 3913">
    <p class='ocr_par' dir='ltr' id='par_1_99' title="bbox 1840 3841 3413 3913">
     <span class='ocr_line' id='line_1_104' title="bbox 1840 3841 3413 3913; baseline -0.001 -17"><span class='ocrx_word' id='word_1_644' title='bbox 1840 3842 2088 3897; x_wconf 87' lang='lat' dir='ltr'><strong>eumdent</strong></span> <span class='ocrx_word' id='word_1_645' title='bbox 2121 3841 2393 3897; x_wconf 88' lang='lat' dir='ltr'><strong>Barthium</strong></span> <span class='ocrx_word' id='word_1_646' title='bbox 2422 3844 2680 3913; x_wconf 79' lang='lat' dir='ltr'><strong>exponit,</strong></span> <span class='ocrx_word' id='word_1_647' title='bbox 2715 3857 3086 3898; x_wconf 78' lang='lat' dir='ltr'><strong>mammoneam</strong></span> <span class='ocrx_word' id='word_1_648' title='bbox 3120 3841 3294 3913; x_wconf 67' lang='lat' dir='ltr'><strong>ﬁdem,</strong></span> <span class='ocrx_word' id='word_1_649' title='bbox 3327 3857 3413 3911; x_wconf 84' lang='lat' dir='ltr'><strong>pe-</strong></span> 
     </span>
    </p>
   </div>
   <div class='ocr_carea' id='block_1_100' title="bbox 1843 3911 3426 3978">
    <p class='ocr_par' dir='ltr' id='par_1_100' title="bbox 1843 3911 3426 3978">
     <span class='ocr_line' id='line_1_105' title="bbox 1843 3911 3426 3978; baseline 0 -11"><span class='ocrx_word' id='word_1_650' title='bbox 1843 3916 2121 3976; x_wconf 83' lang='lat' dir='ltr'><strong>cuniosam,</strong></span> <span class='ocrx_word' id='word_1_651' title='bbox 2151 3913 2468 3978; x_wconf 75' lang='lat' dir='ltr'><strong>swaularem,</strong></span> <span class='ocrx_word' id='word_1_652' title='bbox 2496 3911 2728 3969; x_wconf 73' lang='lat' dir='ltr'><strong>avaram.</strong></span> <span class='ocrx_word' id='word_1_653' title='bbox 2770 3916 2926 3970; x_wconf 76' lang='lat' dir='ltr'><strong>Plura</strong></span> <span class='ocrx_word' id='word_1_654' title='bbox 2955 3913 3027 3967; x_wconf 87' lang='lat' dir='ltr'><strong>ibi</strong></span> <span class='ocrx_word' id='word_1_655' title='bbox 3063 3911 3331 3975; x_wconf 84' lang='lat' dir='ltr'><strong>Barthius,</strong></span> <span class='ocrx_word' id='word_1_656' title='bbox 3369 3920 3426 3967; x_wconf 91' lang='lat' dir='ltr'><strong>et</strong></span> 
     </span>
    </p>
   </div>
   <div class='ocr_carea' id='block_1_101' title="bbox 1842 3983 3423 4052">
    <p class='ocr_par' dir='ltr' id='par_1_101' title="bbox 1842 3983 3423 4052">
     <span class='ocr_line' id='line_1_106' title="bbox 1842 3983 3423 4052; baseline -0.001 -13"><span class='ocrx_word' id='word_1_657' title='bbox 1842 3999 1960 4051; x_wconf 89' lang='lat' dir='ltr'><strong>cap.</strong></span> <span class='ocrx_word' id='word_1_658' title='bbox 2000 3999 2113 4052; x_wconf 86' lang='lat' dir='ltr'><strong>seq.</strong></span> <span class='ocrx_word' id='word_1_659' title='bbox 2142 3983 2211 4039; x_wconf 89' lang='lat' dir='ltr'><strong>de</strong></span> <span class='ocrx_word' id='word_1_660' title='bbox 2239 4000 2540 4040; x_wconf 87' lang='lat' dir='ltr'><strong>mammona</strong></span> <span class='ocrx_word' id='word_1_661' title='bbox 2574 4001 2670 4051; x_wconf 86' lang='lat' dir='ltr'><strong>pro</strong></span> <span class='ocrx_word' id='word_1_662' title='bbox 2713 3983 2981 4049; x_wconf 70' lang='lat' dir='ltr'><strong>daemone,</strong></span> <span class='ocrx_word' id='word_1_663' title='bbox 3033 3999 3130 4050; x_wconf 90' lang='lat' dir='ltr'><strong>pro</strong></span> <span class='ocrx_word' id='word_1_664' title='bbox 3176 3983 3423 4047; x_wconf 84' lang='lat' dir='ltr'><strong>avaritia,</strong></span> 
     </span>
    </p>
   </div>
   <div class='ocr_carea' id='block_1_102' title="bbox 1844 4053 3427 4122">
    <p class='ocr_par' dir='ltr' id='par_1_102' title="bbox 1844 4053 3427 4122">
     <span class='ocr_line' id='line_1_107' title="bbox 1844 4053 3427 4122; baseline 0 -14"><span class='ocrx_word' id='word_1_665' title='bbox 1844 4070 1943 4120; x_wconf 88' lang='lat' dir='ltr'><strong>pro</strong></span> <span class='ocrx_word' id='word_1_666' title='bbox 1977 4053 2205 4110; x_wconf 86' lang='lat' dir='ltr'><strong>divitiis.</strong></span> <span class='ocrx_word' id='word_1_667' title='bbox 2273 4053 2505 4122; x_wconf 88' lang='lat' dir='ltr'><strong>Scripsit</strong></span> <span class='ocrx_word' id='word_1_668' title='bbox 2541 4066 2718 4112; x_wconf 91' lang='lat' dir='ltr'><strong>autem</strong></span> <span class='ocrx_word' id='word_1_669' title='bbox 2756 4059 2899 4112; x_wconf 85' lang='lat' dir='ltr'><strong>hunc</strong></span> <span class='ocrx_word' id='word_1_670' title='bbox 2937 4055 3149 4110; x_wconf 64' lang='lat' dir='ltr'><strong>verbum</strong></span> <span class='ocrx_word' id='word_1_671' title='bbox 3182 4071 3197 4109; x_wconf 91' lang='lat'><strong>:</strong></span> <span class='ocrx_word' id='word_1_672' title='bbox 3253 4053 3427 4109; x_wconf 81' lang='lat' dir='ltr'><strong>Nosne</strong></span> 
     </span>
    </p>
   </div>
   <div class='ocr_carea' id='block_1_103' title="bbox 1844 4124 3428 4206">
    <p class='ocr_par' dir='ltr' id='par_1_103' title="bbox 1844 4124 3428 4206">
     <span class='ocr_line' id='line_1_108' title="bbox 1844 4124 3428 4206; baseline 0 -26"><span class='ocrx_word' id='word_1_673' title='bbox 1844 4124 2331 4206; x_wconf 75' lang='lat' dir='ltr'><strong>Christopracreati</strong></span> <span class='ocrx_word' id='word_1_674' title='bbox 2359 4128 2629 4182; x_wconf 76' lang='lat' dir='ltr'><strong>serviemus</strong></span> <span class='ocrx_word' id='word_1_675' title='bbox 2669 4127 3009 4182; x_wconf 68' lang='lat' dir='ltr'><strong>munimenta?</strong></span> <span class='ocrx_word' id='word_1_676' title='bbox 3050 4136 3198 4196; x_wconf 86' lang='lat' dir='ltr'><strong>puto,</strong></span> <span class='ocrx_word' id='word_1_677' title='bbox 3241 4139 3428 4181; x_wconf 83' lang='lat' dir='ltr'><strong>errore</strong></span> 
     </span>
    </p>
   </div>
   <div class='ocr_carea' id='block_1_104' title="bbox 1845 4211 2139 4251">
    <p class='ocr_par' dir='ltr' id='par_1_104' title="bbox 1845 4211 2139 4251">
     <span class='ocr_line' id='line_1_109' title="bbox 1845 4211 2139 4251; baseline 0 -2"><span class='ocrx_word' id='word_1_678' title='bbox 1845 4211 2139 4251; x_wconf 55' lang='lat' dir='ltr'><strong>memortw.</strong></span> 
     </span>
    </p>
   </div>
   <div class='ocr_carea' id='block_1_105' title="bbox 1914 4265 3424 4324">
    <p class='ocr_par' dir='ltr' id='par_1_105' title="bbox 1914 4265 3424 4324">
     <span class='ocr_line' id='line_1_110' title="bbox 1914 4265 3424 4324; baseline -0.001 -4"><span class='ocrx_word' id='word_1_679' title='bbox 1914 4267 2002 4320; x_wconf 85' lang='lat'><strong>59.</strong></span> <span class='ocrx_word' id='word_1_680' title='bbox 2055 4267 2325 4322; x_wconf 85' lang='lat' dir='ltr'><strong>Cauchius</strong></span> <span class='ocrx_word' id='word_1_681' title='bbox 2366 4268 2596 4324; x_wconf 82' lang='lat' dir='ltr'><strong>malebat</strong></span> <span class='ocrx_word' id='word_1_682' title='bbox 2630 4268 2902 4323; x_wconf 73' lang='lat' dir='ltr'><strong>serviemns</strong></span> <span class='ocrx_word' id='word_1_683' title='bbox 2940 4268 3102 4322; x_wconf 81' lang='lat' dir='ltr'><strong>idolo.</strong></span> <span class='ocrx_word' id='word_1_684' title='bbox 3155 4265 3296 4320; x_wconf 84' lang='lat' dir='ltr'><strong>Nihil</strong></span> <span class='ocrx_word' id='word_1_685' title='bbox 3341 4274 3424 4320; x_wconf 88' lang='lat' dir='ltr'><strong>est</strong></span> 
     </span>
    </p>
   </div>
   <div class='ocr_carea' id='block_1_106' title="bbox 1848 4337 2505 4399">
    <p class='ocr_par' dir='ltr' id='par_1_106' title="bbox 1848 4337 2505 4399">
     <span class='ocr_line' id='line_1_111' title="bbox 1848 4337 2505 4399; baseline 0.002 -8"><span class='ocrx_word' id='word_1_686' title='bbox 1848 4352 2072 4391; x_wconf 86' lang='lat' dir='ltr'><strong>necesse</strong></span> <span class='ocrx_word' id='word_1_687' title='bbox 2089 4378 2103 4399; x_wconf 87' lang='lat'><strong>,</strong></span> <span class='ocrx_word' id='word_1_688' title='bbox 2132 4339 2205 4393; x_wconf 90' lang='lat' dir='ltr'><strong>ait</strong></span> <span class='ocrx_word' id='word_1_689' title='bbox 2234 4337 2505 4392; x_wconf 70' lang='lat' dir='ltr'><strong>Heinsius.</strong></span> 
     </span>
    </p>
   </div>
   <div class='ocr_carea' id='block_1_107' title="bbox 1925 4406 3429 4471">
    <p class='ocr_par' dir='ltr' id='par_1_107' title="bbox 1925 4406 3429 4471">
     <span class='ocr_line' id='line_1_112' title="bbox 1925 4406 3429 4471; baseline -0.003 -9"><span class='ocrx_word' id='word_1_690' title='bbox 1925 4407 2015 4462; x_wconf 87' lang='lat'><strong>60.</strong></span> <span class='ocrx_word' id='word_1_691' title='bbox 2046 4408 2213 4462; x_wconf 85' lang='lat' dir='ltr'><strong>Aldus</strong></span> <span class='ocrx_word' id='word_1_692' title='bbox 2251 4418 2397 4463; x_wconf 89' lang='lat' dir='ltr'><strong>recte</strong></span> <span class='ocrx_word' id='word_1_693' title='bbox 2428 4409 2669 4464; x_wconf 81' lang='lat' dir='ltr'><strong>ediderat</strong></span> <span class='ocrx_word' id='word_1_694' title='bbox 2714 4408 2843 4462; x_wconf 82' lang='lat' dir='ltr'><strong>absit</strong></span> <span class='ocrx_word' id='word_1_695' title='bbox 2885 4416 2960 4462; x_wconf 83' lang='lat' dir='ltr'><strong>ut.</strong></span> <span class='ocrx_word' id='word_1_696' title='bbox 3016 4406 3132 4461; x_wconf 87' lang='lat' dir='ltr'><strong>Non</strong></span> <span class='ocrx_word' id='word_1_697' title='bbox 3188 4406 3429 4471; x_wconf 72' lang='lat' dir='ltr'><strong>intelligo</strong></span> 
     </span>
    </p>
   </div>
   <div class='ocr_carea' id='block_1_108' title="bbox 1853 4477 3430 4548">
    <p class='ocr_par' dir='ltr' id='par_1_108' title="bbox 1853 4477 3430 4548">
     <span class='ocr_line' id='line_1_113' title="bbox 1853 4477 3430 4548; baseline 0 -17"><span class='ocrx_word' id='word_1_698' title='bbox 1853 4478 1979 4548; x_wconf 90' lang='lat' dir='ltr'><strong>quid</strong></span> <span class='ocrx_word' id='word_1_699' title='bbox 2026 4478 2126 4532; x_wconf 91' lang='lat' dir='ltr'><strong>sibi</strong></span> <span class='ocrx_word' id='word_1_700' title='bbox 2164 4480 2411 4545; x_wconf 72' lang='lat' dir='ltr'><strong>valuerit,</strong></span> <span class='ocrx_word' id='word_1_701' title='bbox 2449 4495 2591 4547; x_wconf 89' lang='lat' dir='ltr'><strong>cum,</strong></span> <span class='ocrx_word' id='word_1_702' title='bbox 2644 4485 2907 4534; x_wconf 83' lang='lat' dir='ltr'><strong>renuente</strong></span> <span class='ocrx_word' id='word_1_703' title='bbox 2946 4491 3142 4540; x_wconf 90' lang='lat' dir='ltr'><strong>metro,</strong></span> <span class='ocrx_word' id='word_1_704' title='bbox 3194 4477 3430 4548; x_wconf 76' lang='lat' dir='ltr'><strong>correxit</strong></span> 
     </span>
    </p>
   </div>
   <div class='ocr_carea' id='block_1_109' title="bbox 1852 4547 3430 4620">
    <p class='ocr_par' dir='ltr' id='par_1_109' title="bbox 1852 4547 3430 4620">
     <span class='ocr_line' id='line_1_114' title="bbox 1852 4547 3430 4620; baseline -0.001 -18"><span class='ocrx_word' id='word_1_705' title='bbox 1852 4547 1985 4602; x_wconf 85' lang='lat' dir='ltr'><strong>absit</strong></span> <span class='ocrx_word' id='word_1_706' title='bbox 2025 4565 2106 4602; x_wconf 88' lang='lat' dir='ltr'><strong>ne.</strong></span> <span class='ocrx_word' id='word_1_707' title='bbox 2157 4549 2330 4604; x_wconf 86' lang='lat' dir='ltr'><strong>Probe</strong></span> <span class='ocrx_word' id='word_1_708' title='bbox 2371 4550 2675 4607; x_wconf 88' lang='lat' dir='ltr'><strong>emendavit</strong></span> <span class='ocrx_word' id='word_1_709' title='bbox 2700 4550 2830 4620; x_wconf 77' lang='lat' dir='ltr'><strong>ignis</strong></span> <span class='ocrx_word' id='word_1_710' title='bbox 2859 4563 2953 4617; x_wconf 85' lang='lat' dir='ltr'><strong>pro</strong></span> <span class='ocrx_word' id='word_1_711' title='bbox 2981 4549 3107 4620; x_wconf 77' lang='lat' dir='ltr'><strong>igni.</strong></span> <span class='ocrx_word' id='word_1_712' title='bbox 3155 4547 3430 4620; x_wconf 80' lang='lat' dir='ltr'><strong>Sententia</strong></span> 
     </span>
    </p>
   </div>
   <div class='ocr_carea' id='block_1_110' title="bbox 1850 4617 3431 4743">
    <p class='ocr_par' dir='ltr' id='par_1_110' title="bbox 1850 4617 3431 4743">
     <span class='ocr_line' id='line_1_115' title="bbox 1850 4617 3431 4743; baseline -0.006 -64"><span class='ocrx_word' id='word_1_713' title='bbox 1850 4621 2146 4743; x_wconf 40' lang='lat' dir='ltr'><strong>psalmus?</strong></span> <span class='ocrx_word' id='word_1_714' title='bbox 2178 4638 2240 4676; x_wconf 82' lang='lat' dir='ltr'><strong>ex</strong></span> <span class='ocrx_word' id='word_1_715' title='bbox 2293 4621 2333 4675; x_wconf 91' lang='lat' dir='ltr'><strong>ll</strong></span> <span class='ocrx_word' id='word_1_716' title='bbox 2365 4622 2489 4676; x_wconf 78' lang='lat' dir='ltr'><strong>Cor.</strong></span> <span class='ocrx_word' id='word_1_717' title='bbox 2526 4637 2606 4685; x_wconf 76' lang='lat' dir='ltr'><strong>vr,</strong></span> <span class='ocrx_word' id='word_1_718' title='bbox 2649 4617 2765 4677; x_wconf 45' lang='lat' dir='ltr'><strong>lb&#39;:</strong></span> <span class='ocrx_word' id='word_1_719' title='bbox 2795 4619 2926 4688; x_wconf 70' lang='lat' dir='ltr'><strong>Qua:</strong></span> <span class='ocrx_word' id='word_1_720' title='bbox 2969 4617 3185 4675; x_wconf 75' lang='lat' dir='ltr'><strong>societas</strong></span> <span class='ocrx_word' id='word_1_721' title='bbox 3219 4619 3320 4672; x_wconf 83' lang='lat' dir='ltr'><strong>luci</strong></span> <span class='ocrx_word' id='word_1_722' title='bbox 3362 4617 3431 4671; x_wconf 88' lang='lat' dir='ltr'><strong>ad</strong></span> 
     </span>
    </p>
   </div>
   <div class='ocr_carea' id='block_1_111' title="bbox 1851 4699 2115 4745">
    <p class='ocr_par' dir='ltr' id='par_1_111' title="bbox 1851 4699 2115 4745">
     <span class='ocr_line' id='line_1_116' title="bbox 1851 4699 2115 4745; baseline 0.008 -2"><span class='ocrx_word' id='word_1_723' title='bbox 1851 4699 2081 4743; x_wconf 78' lang='lat' dir='ltr'><strong>tenebras</strong></span> <span class='ocrx_word' id='word_1_724' title='bbox 2104 4699 2115 4745; x_wconf 79' lang='grc' dir='ltr'><em>Ξ</em></span> 
     </span>
    </p>
   </div>
   <div class='ocr_carea' id='block_1_112' title="bbox 1921 4758 3432 4831">
    <p class='ocr_par' dir='ltr' id='par_1_112' title="bbox 1921 4758 3432 4831">
     <span class='ocr_line' id='line_1_117' title="bbox 1921 4758 3432 4831; baseline -0.003 -17"><span class='ocrx_word' id='word_1_725' title='bbox 1921 4761 2008 4815; x_wconf 86' lang='grc'><strong>61.</strong></span> <span class='ocrx_word' id='word_1_726' title='bbox 2044 4760 2097 4814; x_wconf 87' lang='lat' dir='ltr'><strong>In</strong></span> <span class='ocrx_word' id='word_1_727' title='bbox 2120 4760 2261 4831; x_wconf 86' lang='lat' dir='ltr'><strong>Aldo</strong></span> <span class='ocrx_word' id='word_1_728' title='bbox 2283 4774 2435 4815; x_wconf 86' lang='lat' dir='ltr'><strong>error</strong></span> <span class='ocrx_word' id='word_1_729' title='bbox 2459 4779 2618 4829; x_wconf 87' lang='lat' dir='ltr'><strong>capra</strong></span> <span class='ocrx_word' id='word_1_730' title='bbox 2636 4776 2736 4831; x_wconf 82' lang='lat' dir='ltr'><strong>pro</strong></span> <span class='ocrx_word' id='word_1_731' title='bbox 2757 4770 2926 4829; x_wconf 83' lang='lat' dir='ltr'><strong>capta.</strong></span> <span class='ocrx_word' id='word_1_732' title='bbox 2969 4760 3209 4815; x_wconf 79' lang='lat' dir='ltr'><strong>Nebriss.</strong></span> <span class='ocrx_word' id='word_1_733' title='bbox 3253 4758 3432 4825; x_wconf 89' lang='lat' dir='ltr'><strong>suspi-</strong></span> 
     </span>
    </p>
   </div>
   <div class='ocr_carea' id='block_1_113' title="bbox 172 4828 3431 4902">
    <p class='ocr_par' dir='ltr' id='par_1_113' title="bbox 172 4828 3431 4902">
     <span class='ocr_line' id='line_1_118' title="bbox 172 4828 3431 4902; baseline -0.001 -18"><span class='ocrx_word' id='word_1_734' title='bbox 172 4828 366 4887; x_wconf 80' lang='lat' dir='ltr'><strong>Vermn</strong></span> <span class='ocrx_word' id='word_1_735' title='bbox 395 4831 499 4886; x_wconf 81' lang='lat' dir='ltr'><strong>etsi</strong></span> <span class='ocrx_word' id='word_1_736' title='bbox 526 4829 783 4886; x_wconf 78' lang='lat' dir='ltr'><strong>credibile</strong></span> <span class='ocrx_word' id='word_1_737' title='bbox 802 4833 871 4885; x_wconf 83' lang='lat' dir='ltr'><strong>sit</strong></span> <span class='ocrx_word' id='word_1_738' title='bbox 898 4828 1151 4902; x_wconf 83' lang='lat' dir='ltr'><strong>majorem</strong></span> <span class='ocrx_word' id='word_1_739' title='bbox 1175 4830 1599 4886; x_wconf 85' lang='lat' dir='ltr'><strong>Christianorum</strong></span> <span class='ocrx_word' id='word_1_740' title='bbox 1626 4844 1747 4898; x_wconf 72' lang='lat' dir='ltr'><strong>pztr-</strong></span> <span class='ocrx_word' id='word_1_741' title='bbox 1778 4839 1825 4897; x_wconf 81' lang='grc'><strong>1)</strong></span> <span class='ocrx_word' id='word_1_742' title='bbox 1852 4840 2001 4885; x_wconf 89' lang='lat' dir='ltr'><strong>catur</strong></span> <span class='ocrx_word' id='word_1_743' title='bbox 2026 4842 2205 4898; x_wconf 70' lang='lat' dir='ltr'><strong>empta.</strong></span> <span class='ocrx_word' id='word_1_744' title='bbox 2236 4828 2660 4902; x_wconf 79' lang='lat' dir='ltr'><strong>Cltirographutn</strong></span> <span class='ocrx_word' id='word_1_745' title='bbox 2695 4828 2825 4889; x_wconf 88' lang='lat' dir='ltr'><strong>esse</strong></span> <span class='ocrx_word' id='word_1_746' title='bbox 2855 4832 3114 4902; x_wconf 85' lang='lat' dir='ltr'><strong>militare_</strong></span> <span class='ocrx_word' id='word_1_747' title='bbox 3134 4842 3431 4902; x_wconf 68' lang='lat' dir='ltr'><strong>sacramem</strong></span> 
     </span>
    </p>
   </div>
   <div class='ocr_carea' id='block_1_114' title="bbox 171 4900 1745 4972">
    <p class='ocr_par' dir='ltr' id='par_1_114' title="bbox 171 4900 1745 4972">
     <span class='ocr_line' id='line_1_119' title="bbox 171 4900 1745 4972; baseline -0.002 -17"><span class='ocrx_word' id='word_1_748' title='bbox 171 4911 274 4956; x_wconf 83' lang='lat' dir='ltr'><strong>tem</strong></span> <span class='ocrx_word' id='word_1_749' title='bbox 301 4902 484 4972; x_wconf 79' lang='lat' dir='ltr'><strong>gladio</strong></span> <span class='ocrx_word' id='word_1_750' title='bbox 502 4903 690 4972; x_wconf 82' lang='lat' dir='ltr'><strong>potius</strong></span> <span class='ocrx_word' id='word_1_751' title='bbox 709 4916 868 4971; x_wconf 84' lang='lat' dir='ltr'><strong>quam</strong></span> <span class='ocrx_word' id='word_1_752' title='bbox 899 4900 1074 4972; x_wconf 86' lang='lat' dir='ltr'><strong>securi</strong></span> <span class='ocrx_word' id='word_1_753' title='bbox 1125 4900 1291 4972; x_wconf 77' lang='lat' dir='ltr'><strong>fuisse</strong></span> <span class='ocrx_word' id='word_1_754' title='bbox 1328 4914 1659 4972; x_wconf 88' lang='lat' dir='ltr'><strong>percussam,</strong></span> <span class='ocrx_word' id='word_1_755' title='bbox 1689 4910 1745 4953; x_wconf 93' lang='lat' dir='ltr'><strong>ut</strong></span> 
     </span>
    </p>
   </div>
   <div class='ocr_carea' id='block_1_115' title="bbox 170 4970 1748 5040">
    <p class='ocr_par' dir='ltr' id='par_1_115' title="bbox 170 4970 1748 5040">
     <span class='ocr_line' id='line_1_120' title="bbox 170 4970 1748 5040; baseline -0.002 -14"><span class='ocrx_word' id='word_1_756' title='bbox 170 4970 336 5040; x_wconf 79' lang='lat' dir='ltr'><strong>nuper</strong></span> <span class='ocrx_word' id='word_1_757' title='bbox 380 4987 452 5027; x_wconf 74' lang='lat' dir='ltr'><strong>ex</strong></span> <span class='ocrx_word' id='word_1_758' title='bbox 481 4970 738 5027; x_wconf 84' lang='lat' dir='ltr'><strong>Gallonio</strong></span> <span class='ocrx_word' id='word_1_759' title='bbox 765 4971 997 5038; x_wconf 81' lang='lat' dir='ltr'><strong>aiebam,</strong></span> <span class='ocrx_word' id='word_1_760' title='bbox 1043 4971 1391 5027; x_wconf 86' lang='lat' dir='ltr'><strong>dubitandum</strong></span> <span class='ocrx_word' id='word_1_761' title='bbox 1419 4970 1636 5025; x_wconf 84' lang='lat' dir='ltr'><strong>minime</strong></span> <span class='ocrx_word' id='word_1_762' title='bbox 1666 4980 1748 5025; x_wconf 90' lang='lat' dir='ltr'><strong>est</strong></span> 
     </span>
    </p>
   </div>
   <div class='ocr_carea' id='block_1_116' title="bbox 170 5041 1746 5112">
    <p class='ocr_par' dir='ltr' id='par_1_116' title="bbox 170 5041 1746 5112">
     <span class='ocr_line' id='line_1_121' title="bbox 170 5041 1746 5112; baseline -0.002 -16"><span class='ocrx_word' id='word_1_763' title='bbox 170 5046 287 5112; x_wconf 75' lang='lat' dir='ltr'><strong>quin</strong></span> <span class='ocrx_word' id='word_1_764' title='bbox 321 5043 615 5112; x_wconf 78' lang='lat' dir='ltr'><strong>aliquando</strong></span> <span class='ocrx_word' id='word_1_765' title='bbox 641 5044 814 5098; x_wconf 82' lang='lat' dir='ltr'><strong>securi</strong></span> <span class='ocrx_word' id='word_1_766' title='bbox 841 5043 965 5098; x_wconf 67' lang='lat' dir='ltr'><strong>caasi</strong></span> <span class='ocrx_word' id='word_1_767' title='bbox 996 5042 1217 5107; x_wconf 76' lang='lat' dir='ltr'><strong>iuerint,</strong></span> <span class='ocrx_word' id='word_1_768' title='bbox 1273 5051 1333 5096; x_wconf 91' lang='lat' dir='ltr'><strong>ut</strong></span> <span class='ocrx_word' id='word_1_769' title='bbox 1378 5041 1461 5095; x_wconf 89' lang='lat' dir='ltr'><strong>vel</strong></span> <span class='ocrx_word' id='word_1_770' title='bbox 1509 5057 1585 5112; x_wconf 79' lang='lat' dir='ltr'><strong>ex_</strong></span> <span class='ocrx_word' id='word_1_771' title='bbox 1626 5042 1746 5112; x_wconf 70' lang='lat' dir='ltr'><strong>solo</strong></span> 
     </span>
    </p>
   </div>
   <div class='ocr_carea' id='block_1_117' title="bbox 169 5110 1745 5182">
    <p class='ocr_par' dir='ltr' id='par_1_117' title="bbox 169 5110 1745 5182">
     <span class='ocr_line' id='line_1_122' title="bbox 169 5110 1745 5182; baseline -0.001 -15"><span class='ocrx_word' id='word_1_772' title='bbox 169 5110 464 5169; x_wconf 79' lang='lat' dir='ltr'><strong>Prudentia</strong></span> <span class='ocrx_word' id='word_1_773' title='bbox 485 5112 899 5181; x_wconf 83' lang='lat' dir='ltr'><strong>demonstratur,</strong></span> <span class='ocrx_word' id='word_1_774' title='bbox 925 5122 978 5167; x_wconf 87' lang='lat' dir='ltr'><strong>et</strong></span> <span class='ocrx_word' id='word_1_775' title='bbox 1011 5113 1248 5178; x_wconf 87' lang='lat' dir='ltr'><strong>pluribus</strong></span> <span class='ocrx_word' id='word_1_776' title='bbox 1265 5112 1548 5167; x_wconf 89' lang='lat' dir='ltr'><strong>conllrmat</strong></span> <span class='ocrx_word' id='word_1_777' title='bbox 1565 5110 1745 5182; x_wconf 84' lang='lat' dir='ltr'><strong>Sagit-</strong></span> 
     </span>
    </p>
   </div>
   <div class='ocr_carea' id='block_1_118' title="bbox 169 5182 1744 5253">
    <p class='ocr_par' dir='ltr' id='par_1_118' title="bbox 169 5182 1744 5253">
     <span class='ocr_line' id='line_1_123' title="bbox 169 5182 1744 5253; baseline -0.001 -17"><span class='ocrx_word' id='word_1_778' title='bbox 169 5187 339 5239; x_wconf 78' lang='lat' dir='ltr'><strong>tarius</strong></span> <span class='ocrx_word' id='word_1_779' title='bbox 362 5198 490 5251; x_wconf 78' lang='lat' dir='ltr'><strong>cap.</strong></span> <span class='ocrx_word' id='word_1_780' title='bbox 523 5185 554 5237; x_wconf 84' lang='lat'>7</span> <span class='ocrx_word' id='word_1_781' title='bbox 585 5185 654 5238; x_wconf 85' lang='lat' dir='ltr'><strong>de</strong></span> <span class='ocrx_word' id='word_1_782' title='bbox 676 5183 911 5239; x_wconf 82' lang='lat' dir='ltr'><strong>Cruciat.</strong></span> <span class='ocrx_word' id='word_1_783' title='bbox 944 5184 1145 5240; x_wconf 86' lang='lat' dir='ltr'><strong>Savaro</strong></span> <span class='ocrx_word' id='word_1_784' title='bbox 1172 5182 1237 5236; x_wconf 88' lang='lat' dir='ltr'><strong>ad</strong></span> <span class='ocrx_word' id='word_1_785' title='bbox 1266 5182 1572 5249; x_wconf 91' lang='lat' dir='ltr'><strong>Sidonium,</strong></span> <span class='ocrx_word' id='word_1_786' title='bbox 1623 5195 1744 5253; x_wconf 90' lang='lat' dir='ltr'><strong>pag.</strong></span> 
     </span>
    </p>
   </div>
   <div class='ocr_carea' id='block_1_119' title="bbox 168 5253 1746 5324">
    <p class='ocr_par' dir='ltr' id='par_1_119' title="bbox 168 5253 1746 5324">
     <span class='ocr_line' id='line_1_124' title="bbox 168 5253 1746 5324; baseline -0.001 -14"><span class='ocrx_word' id='word_1_787' title='bbox 168 5254 256 5319; x_wconf 81' lang='lat'><strong>88,</strong></span> <span class='ocrx_word' id='word_1_788' title='bbox 291 5255 440 5309; x_wconf 78' lang='lat' dir='ltr'><strong>hanc</strong></span> <span class='ocrx_word' id='word_1_789' title='bbox 473 5255 687 5323; x_wconf 83' lang='lat' dir='ltr'><strong>phrasin</strong></span> <span class='ocrx_word' id='word_1_790' title='bbox 717 5263 887 5322; x_wconf 89' lang='lat' dir='ltr'><strong>notat,</strong></span> <span class='ocrx_word' id='word_1_791' title='bbox 918 5254 1139 5324; x_wconf 56' lang='lat' dir='ltr'><strong>praebere</strong></span> <span class='ocrx_word' id='word_1_792' title='bbox 1166 5254 1400 5318; x_wconf 81' lang='lat' dir='ltr'><strong>cervices,</strong></span> <span class='ocrx_word' id='word_1_793' title='bbox 1445 5267 1510 5308; x_wconf 82' lang='lat' dir='ltr'><strong>ex</strong></span> <span class='ocrx_word' id='word_1_794' title='bbox 1541 5253 1746 5322; x_wconf 86' lang='lat' dir='ltr'><strong>Apolli-</strong></span> 
     </span>
    </p>
   </div>
   <div class='ocr_carea' id='block_1_120' title="bbox 167 5323 1749 5392">
    <p class='ocr_par' dir='ltr' id='par_1_120' title="bbox 167 5323 1749 5392">
     <span class='ocr_line' id='line_1_125' title="bbox 167 5323 1749 5392; baseline -0.003 -12"><span class='ocrx_word' id='word_1_795' title='bbox 167 5327 278 5380; x_wconf 82' lang='lat' dir='ltr'><strong>nari</strong></span> <span class='ocrx_word' id='word_1_796' title='bbox 307 5335 367 5380; x_wconf 86' lang='lat' dir='ltr'><strong>et</strong></span> <span class='ocrx_word' id='word_1_797' title='bbox 393 5340 464 5379; x_wconf 75' lang='lat' dir='ltr'><strong>es</strong></span> <span class='ocrx_word' id='word_1_798' title='bbox 500 5325 684 5380; x_wconf 78' lang='lat' dir='ltr'><strong>Adone</strong></span> <span class='ocrx_word' id='word_1_799' title='bbox 704 5325 1005 5381; x_wconf 77' lang='lat' dir='ltr'><strong>Trevircnsi</strong></span> <span class='ocrx_word' id='word_1_800' title='bbox 1034 5340 1049 5377; x_wconf 90' lang='lat'>:</span> <span class='ocrx_word' id='word_1_801' title='bbox 1085 5323 1166 5378; x_wconf 81' lang='lat' dir='ltr'><strong>Ita</strong></span> <span class='ocrx_word' id='word_1_802' title='bbox 1208 5333 1263 5377; x_wconf 89' lang='lat' dir='ltr'><strong>ut</strong></span> <span class='ocrx_word' id='word_1_803' title='bbox 1309 5334 1486 5392; x_wconf 84' lang='lat' dir='ltr'><strong>sponte</strong></span> <span class='ocrx_word' id='word_1_804' title='bbox 1531 5325 1749 5378; x_wconf 82' lang='lat' dir='ltr'><strong>cervices</strong></span> 
     </span>
    </p>
   </div>
   <div class='ocr_carea' id='block_1_121' title="bbox 167 5393 1757 5466">
    <p class='ocr_par' dir='ltr' id='par_1_121' title="bbox 167 5393 1757 5466">
     <span class='ocr_line' id='line_1_126' title="bbox 167 5393 1757 5466; baseline 0 -18"><span class='ocrx_word' id='word_1_805' title='bbox 167 5412 284 5449; x_wconf 76' lang='lat' dir='ltr'><strong>sues</strong></span> <span class='ocrx_word' id='word_1_806' title='bbox 311 5395 581 5450; x_wconf 76' lang='lat' dir='ltr'><strong>securibus</strong></span> <span class='ocrx_word' id='word_1_807' title='bbox 604 5396 808 5450; x_wconf 82' lang='lat' dir='ltr'><strong>darent.</strong></span> <span class='ocrx_word' id='word_1_808' title='bbox 858 5395 1115 5466; x_wconf 78' lang='lat' dir='ltr'><strong>Martyres</strong></span> <span class='ocrx_word' id='word_1_809' title='bbox 1145 5393 1284 5449; x_wconf 92' lang='lat' dir='ltr'><strong>ultro</strong></span> <span class='ocrx_word' id='word_1_810' title='bbox 1315 5394 1611 5466; x_wconf 63' lang='lat' dir='ltr'><strong>praebuisse</strong></span> <span class='ocrx_word' id='word_1_811' title='bbox 1637 5409 1757 5449; x_wconf 86' lang='lat' dir='ltr'><strong>cer-</strong></span> 
     </span>
    </p>
   </div>
   <div class='ocr_carea' id='block_1_122' title="bbox 169 5465 1755 5535">
    <p class='ocr_par' dir='ltr' id='par_1_122' title="bbox 169 5465 1755 5535">
     <span class='ocr_line' id='line_1_127' title="bbox 169 5465 1755 5535; baseline 0 -16"><span class='ocrx_word' id='word_1_812' title='bbox 169 5466 318 5522; x_wconf 79' lang='lat' dir='ltr'><strong>vices</strong></span> <span class='ocrx_word' id='word_1_813' title='bbox 336 5467 584 5521; x_wconf 77' lang='lat' dir='ltr'><strong>carniﬁci</strong></span> <span class='ocrx_word' id='word_1_814' title='bbox 608 5467 887 5532; x_wconf 76' lang='lat' dir='ltr'><strong>secandus,</strong></span> <span class='ocrx_word' id='word_1_815' title='bbox 922 5465 1185 5521; x_wconf 63' lang='lat' dir='ltr'><strong>sescentis</strong></span> <span class='ocrx_word' id='word_1_816' title='bbox 1209 5465 1470 5535; x_wconf 82' lang='lat' dir='ltr'><strong>exemplis</strong></span> <span class='ocrx_word' id='word_1_817' title='bbox 1490 5466 1543 5520; x_wconf 92' lang='lat' dir='ltr'><strong>in</strong></span> <span class='ocrx_word' id='word_1_818' title='bbox 1571 5480 1755 5520; x_wconf 88' lang='lat' dir='ltr'><strong>eorum</strong></span> 
     </span>
    </p>
   </div>
   <div class='ocr_carea' id='block_1_123' title="bbox 166 5536 1074 5608">
    <p class='ocr_par' dir='ltr' id='par_1_123' title="bbox 166 5536 1074 5608">
     <span class='ocr_line' id='line_1_128' title="bbox 166 5536 1074 5608; baseline -0.006 -15"><span class='ocrx_word' id='word_1_819' title='bbox 166 5537 300 5593; x_wconf 76' lang='lat' dir='ltr'><strong>setis</strong></span> <span class='ocrx_word' id='word_1_820' title='bbox 333 5546 392 5608; x_wconf 79' lang='lat' dir='ltr'><strong>et</strong></span> <span class='ocrx_word' id='word_1_821' title='bbox 420 5536 819 5608; x_wconf 82' lang='lat' dir='ltr'><strong>martyrologiis</strong></span> <span class='ocrx_word' id='word_1_822' title='bbox 843 5546 1074 5591; x_wconf 89' lang='lat' dir='ltr'><strong>constat.</strong></span> 
     </span>
    </p>
   </div>
   <div class='ocr_carea' id='block_1_124' title="bbox 1854 4899 3431 4963">
    <p class='ocr_par' dir='ltr' id='par_1_124' title="bbox 1854 4899 3431 4963">
     <span class='ocr_line' id='line_1_129' title="bbox 1854 4899 3431 4963; baseline -0.001 -8"><span class='ocrx_word' id='word_1_823' title='bbox 1854 4909 1987 4963; x_wconf 89' lang='lat' dir='ltr'><strong>tum,</strong></span> <span class='ocrx_word' id='word_1_824' title='bbox 2021 4902 2212 4956; x_wconf 89' lang='lat' dir='ltr'><strong>inutile</strong></span> <span class='ocrx_word' id='word_1_825' title='bbox 2242 4903 2313 4955; x_wconf 91' lang='lat' dir='ltr'><strong>sit</strong></span> <span class='ocrx_word' id='word_1_826' title='bbox 2342 4899 2580 4959; x_wconf 80' lang='lat' dir='ltr'><strong>monere.</strong></span> <span class='ocrx_word' id='word_1_827' title='bbox 2636 4906 2709 4957; x_wconf 82' lang='lat' dir='ltr'><strong>Ex</strong></span> <span class='ocrx_word' id='word_1_828' title='bbox 2741 4903 3029 4959; x_wconf 85' lang='lat' dir='ltr'><strong>Ambrosio</strong></span> <span class='ocrx_word' id='word_1_829' title='bbox 3068 4900 3295 4955; x_wconf 64' lang='lat' dir='ltr'><strong>Herulus</strong></span> <span class='ocrx_word' id='word_1_830' title='bbox 3338 4899 3431 4953; x_wconf 46' lang='lat' dir='ltr'><strong>Pe.</strong></span> 
     </span>
    </p>
   </div>
   <div class='ocr_carea' id='block_1_125' title="bbox 1858 4971 3431 5040">
    <p class='ocr_par' dir='ltr' id='par_1_125' title="bbox 1858 4971 3431 5040">
     <span class='ocr_line' id='line_1_130' title="bbox 1858 4971 3431 5040; baseline -0.001 -16"><span class='ocrx_word' id='word_1_831' title='bbox 1858 4980 2075 5026; x_wconf 90' lang='lat' dir='ltr'><strong>veratus</strong></span> <span class='ocrx_word' id='word_1_832' title='bbox 2107 4975 2310 5026; x_wconf 85' lang='lat' dir='ltr'><strong>notavit</strong></span> <span class='ocrx_word' id='word_1_833' title='bbox 2348 4974 2633 5029; x_wconf 64' lang='lat' dir='ltr'><strong>ecclesiam</strong></span> <span class='ocrx_word' id='word_1_834' title='bbox 2681 4973 2990 5028; x_wconf 82' lang='lat' dir='ltr'><strong>Toletanam</strong></span> <span class='ocrx_word' id='word_1_835' title='bbox 3027 4971 3267 5026; x_wconf 85' lang='lat' dir='ltr'><strong>codicem</strong></span> <span class='ocrx_word' id='word_1_836' title='bbox 3309 4985 3431 5040; x_wconf 90' lang='lat' dir='ltr'><strong>per-</strong></span> 
     </span>
    </p>
   </div>
   <div class='ocr_carea' id='block_1_126' title="bbox 1859 5040 3432 5113">
    <p class='ocr_par' dir='ltr' id='par_1_126' title="bbox 1859 5040 3432 5113">
     <span class='ocr_line' id='line_1_131' title="bbox 1859 5040 3432 5113; baseline 0 -20"><span class='ocrx_word' id='word_1_837' title='bbox 1859 5051 2125 5096; x_wconf 83' lang='lat' dir='ltr'><strong>vetustum</strong></span> <span class='ocrx_word' id='word_1_838' title='bbox 2156 5042 2356 5097; x_wconf 86' lang='lat' dir='ltr'><strong>habere</strong></span> <span class='ocrx_word' id='word_1_839' title='bbox 2383 5059 2488 5112; x_wconf 91' lang='lat' dir='ltr'><strong>quo</strong></span> <span class='ocrx_word' id='word_1_840' title='bbox 2520 5046 2623 5099; x_wconf 88' lang='lat' dir='ltr'><strong>vita</strong></span> <span class='ocrx_word' id='word_1_841' title='bbox 2655 5056 2947 5113; x_wconf 86' lang='lat' dir='ltr'><strong>martyrum</strong></span> <span class='ocrx_word' id='word_1_842' title='bbox 2966 5043 3317 5113; x_wconf 74' lang='lat' dir='ltr'><strong>continetur,</strong></span> <span class='ocrx_word' id='word_1_843' title='bbox 3343 5040 3432 5094; x_wconf 87' lang='lat' dir='ltr'><strong>ubi</strong></span> 
     </span>
    </p>
   </div>
   <div class='ocr_carea' id='block_1_127' title="bbox 1859 5110 3432 5186">
    <p class='ocr_par' dir='ltr' id='par_1_127' title="bbox 1859 5110 3432 5186">
     <span class='ocr_line' id='line_1_132' title="bbox 1859 5110 3432 5186; baseline -0.001 -20"><span class='ocrx_word' id='word_1_844' title='bbox 1859 5113 2019 5167; x_wconf 73' lang='lat' dir='ltr'><strong>vt-rba</strong></span> <span class='ocrx_word' id='word_1_845' title='bbox 2051 5113 2119 5186; x_wconf 84' lang='lat' dir='ltr'><strong>ab</strong></span> <span class='ocrx_word' id='word_1_846' title='bbox 2148 5113 2370 5179; x_wconf 73' lang='lat' dir='ltr'><strong>Eulogio</strong></span> <span class='ocrx_word' id='word_1_847' title='bbox 2401 5110 2465 5168; x_wconf 74' lang='lat' dir='ltr'><strong>ile</strong></span> <span class='ocrx_word' id='word_1_848' title='bbox 2495 5115 2577 5169; x_wconf 90' lang='lat' dir='ltr'><strong>his</strong></span> <span class='ocrx_word' id='word_1_849' title='bbox 2622 5110 2947 5186; x_wconf 78' lang='lat' dir='ltr'><strong>martyribus</strong></span> <span class='ocrx_word' id='word_1_850' title='bbox 2975 5111 3216 5186; x_wconf 68' lang='lat' dir='ltr'><strong>adducta</strong></span> <span class='ocrx_word' id='word_1_851' title='bbox 3237 5110 3432 5165; x_wconf 61' lang='lat' dir='ltr'><strong>habena</strong></span> 
     </span>
    </p>
   </div>
   <div class='ocr_carea' id='block_1_128' title="bbox 1860 5182 3428 5254">
    <p class='ocr_par' dir='ltr' id='par_1_128' title="bbox 1860 5182 3428 5254">
     <span class='ocr_line' id='line_1_133' title="bbox 1860 5182 3428 5254; baseline -0.001 -17"><span class='ocrx_word' id='word_1_852' title='bbox 1860 5195 1966 5246; x_wconf 92' lang='lat' dir='ltr'><strong>tur,</strong></span> <span class='ocrx_word' id='word_1_853' title='bbox 2008 5183 2212 5254; x_wconf 86' lang='lat' dir='ltr'><strong>scilicet</strong></span> <span class='ocrx_word' id='word_1_854' title='bbox 2255 5194 2503 5253; x_wconf 85' lang='lat' dir='ltr'><strong>tauquam</strong></span> <span class='ocrx_word' id='word_1_855' title='bbox 2553 5182 2819 5254; x_wconf 64' lang='lat' dir='ltr'><strong>prolata&#39;a</strong></span> <span class='ocrx_word' id='word_1_856' title='bbox 2862 5183 3154 5240; x_wconf 85' lang='lat' dir='ltr'><strong>Celedonio</strong></span> <span class='ocrx_word' id='word_1_857' title='bbox 3180 5182 3428 5237; x_wconf 85' lang='lat' dir='ltr'><strong>Hemete-</strong></span> 
     </span>
    </p>
   </div>
   <div class='ocr_carea' id='block_1_129' title="bbox 1857 5253 3434 5326">
    <p class='ocr_par' dir='ltr' id='par_1_129' title="bbox 1857 5253 3434 5326">
     <span class='ocr_line' id='line_1_134' title="bbox 1857 5253 3434 5326; baseline -0.001 -19"><span class='ocrx_word' id='word_1_858' title='bbox 1857 5255 1995 5326; x_wconf 78' lang='lat' dir='ltr'><strong>rium</strong></span> <span class='ocrx_word' id='word_1_859' title='bbox 2029 5253 2304 5326; x_wconf 79' lang='lat' dir='ltr'><strong>hortante.</strong></span> <span class='ocrx_word' id='word_1_860' title='bbox 2331 5255 2490 5326; x_wconf 74' lang='lat' dir='ltr'><strong>Addit</strong></span> <span class='ocrx_word' id='word_1_861' title='bbox 2519 5253 2838 5326; x_wconf 84' lang='lat' dir='ltr'><strong>magnopere</strong></span> <span class='ocrx_word' id='word_1_862' title='bbox 2861 5269 2982 5310; x_wconf 82' lang='lat' dir='ltr'><strong>esse</strong></span> <span class='ocrx_word' id='word_1_863' title='bbox 3001 5254 3434 5326; x_wconf 48' lang='lat' dir='ltr'><strong>animadverti-n-</strong></span> 
     </span>
    </p>
   </div>
   <div class='ocr_carea' id='block_1_130' title="bbox 1861 5322 3435 5392">
    <p class='ocr_par' dir='ltr' id='par_1_130' title="bbox 1861 5322 3435 5392">
     <span class='ocr_line' id='line_1_135' title="bbox 1861 5322 3435 5392; baseline -0.002 -13"><span class='ocrx_word' id='word_1_864' title='bbox 1861 5324 1987 5379; x_wconf 93' lang='lat' dir='ltr'><strong>dum</strong></span> <span class='ocrx_word' id='word_1_865' title='bbox 2011 5339 2167 5392; x_wconf 87' lang='lat' dir='ltr'><strong>quam</strong></span> <span class='ocrx_word' id='word_1_866' title='bbox 2200 5339 2260 5379; x_wconf 90' lang='lat' dir='ltr'><strong>ca</strong></span> <span class='ocrx_word' id='word_1_867' title='bbox 2293 5324 2519 5392; x_wconf 88' lang='lat' dir='ltr'><strong>historia</strong></span> <span class='ocrx_word' id='word_1_868' title='bbox 2545 5322 2629 5379; x_wconf 35' lang='lat' dir='ltr'><strong>sitv</strong></span> <span class='ocrx_word' id='word_1_869' title='bbox 2648 5322 2883 5392; x_wconf 82' lang='lat' dir='ltr'><strong>antiqua,</strong></span> <span class='ocrx_word' id='word_1_870' title='bbox 2910 5340 3034 5392; x_wconf 67' lang='lat' dir='ltr'><strong>qua</strong></span> <span class='ocrx_word' id='word_1_871' title='bbox 3058 5334 3301 5392; x_wconf 86' lang='lat' dir='ltr'><strong>tempore</strong></span> <span class='ocrx_word' id='word_1_872' title='bbox 3330 5322 3435 5376; x_wconf 85' lang='lat' dir='ltr'><strong>En-</strong></span> 
     </span>
    </p>
   </div>
   <div class='ocr_carea' id='block_1_131' title="bbox 1860 5391 3435 5465">
    <p class='ocr_par' dir='ltr' id='par_1_131' title="bbox 1860 5391 3435 5465">
     <span class='ocr_line' id='line_1_136' title="bbox 1860 5391 3435 5465; baseline -0.001 -16"><span class='ocrx_word' id='word_1_873' title='bbox 1860 5395 1986 5465; x_wconf 77' lang='lat' dir='ltr'><strong>logii</strong></span> <span class='ocrx_word' id='word_1_874' title='bbox 2015 5391 2174 5465; x_wconf 75' lang='lat' dir='ltr'><strong>fuerit</strong></span> <span class='ocrx_word' id='word_1_875' title='bbox 2199 5391 2521 5458; x_wconf 63' lang='lat' dir='ltr'><strong>conscripta;</strong></span> <span class='ocrx_word' id='word_1_876' title='bbox 2546 5395 2735 5449; x_wconf 85' lang='lat' dir='ltr'><strong>Verum</strong></span> <span class='ocrx_word' id='word_1_877' title='bbox 2759 5391 3435 5465; x_wconf 80' lang='lat' dir='ltr'><strong>Eulogiolongeantiquior</strong></span> 
     </span>
    </p>
   </div>
   <div class='ocr_carea' id='block_1_132' title="bbox 1862 5463 3438 5533">
    <p class='ocr_par' dir='ltr' id='par_1_132' title="bbox 1862 5463 3438 5533">
     <span class='ocr_line' id='line_1_137' title="bbox 1862 5463 3438 5533; baseline -0.003 -14"><span class='ocrx_word' id='word_1_878' title='bbox 1862 5463 1946 5520; x_wconf 81' lang='lat' dir='ltr'><strong>est</strong></span> <span class='ocrx_word' id='word_1_879' title='bbox 1968 5463 2305 5520; x_wconf 87' lang='lat' dir='ltr'><strong>Prudentius.</strong></span> <span class='ocrx_word' id='word_1_880' title='bbox 2339 5464 2592 5533; x_wconf 83' lang='lat' dir='ltr'><strong>Eulogius</strong></span> <span class='ocrx_word' id='word_1_881' title='bbox 2618 5465 2711 5520; x_wconf 93' lang='lat' dir='ltr'><strong>lib.</strong></span> <span class='ocrx_word' id='word_1_882' title='bbox 2740 5466 2998 5521; x_wconf 83' lang='lat' dir='ltr'><strong>tMemor.</strong></span> <span class='ocrx_word' id='word_1_883' title='bbox 3040 5463 3199 5519; x_wconf 85' lang='lat' dir='ltr'><strong>mart.</strong></span> <span class='ocrx_word' id='word_1_884' title='bbox 3235 5465 3306 5519; x_wconf 88' lang='lat' dir='ltr'><strong>ita</strong></span> <span class='ocrx_word' id='word_1_885' title='bbox 3344 5464 3438 5516; x_wconf 83' lang='lat' dir='ltr'><strong>ha-</strong></span> 
     </span>
    </p>
   </div>
   <div class='ocr_carea' id='block_1_133' title="bbox 1861 5533 3438 5607">
    <p class='ocr_par' dir='ltr' id='par_1_133' title="bbox 1861 5533 3438 5607">
     <span class='ocr_line' id='line_1_138' title="bbox 1861 5533 3438 5607; baseline -0.002 -17"><span class='ocrx_word' id='word_1_886' title='bbox 1861 5536 1990 5592; x_wconf 88' lang='lat' dir='ltr'><strong>bet:</strong></span> <span class='ocrx_word' id='word_1_887' title='bbox 2023 5533 2112 5591; x_wconf 85' lang='lat' dir='ltr'><strong>Sic</strong></span> <span class='ocrx_word' id='word_1_888' title='bbox 2140 5536 2387 5607; x_wconf 82' lang='lat' dir='ltr'><strong>nimirum</strong></span> <span class='ocrx_word' id='word_1_889' title='bbox 2409 5536 2539 5588; x_wconf 85' lang='lat' dir='ltr'><strong>beati</strong></span> <span class='ocrx_word' id='word_1_890' title='bbox 2566 5546 2816 5607; x_wconf 73' lang='lat' dir='ltr'><strong>martyres</strong></span> <span class='ocrx_word' id='word_1_891' title='bbox 2864 5535 3184 5591; x_wconf 80' lang='lat' dir='ltr'><strong>Henteterius</strong></span> <span class='ocrx_word' id='word_1_892' title='bbox 3204 5544 3268 5607; x_wconf 84' lang='lat' dir='ltr'><strong>et</strong></span> <span class='ocrx_word' id='word_1_893' title='bbox 3294 5533 3438 5587; x_wconf 79' lang='lat' dir='ltr'><strong>Cele-</strong></span> 
     </span>
    </p>
   </div>
   <div class='ocr_carea' id='block_1_134' title="bbox 172 5605 3432 5691">
    <p class='ocr_par' dir='ltr' id='par_1_134' title="bbox 172 5605 3432 5691">
     <span class='ocr_line' id='line_1_139' title="bbox 172 5605 3432 5691; baseline -0.002 -29"><span class='ocrx_word' id='word_1_894' title='bbox 172 5680 184 5691; x_wconf 75' lang='lat'><em>_</em></span> <span class='ocrx_word' id='word_1_895' title='bbox 239 5607 337 5662; x_wconf 70' lang='lat'><strong>56.</strong></span> <span class='ocrx_word' id='word_1_896' title='bbox 372 5605 590 5691; x_wconf 32' lang='lat' dir='ltr'><strong>Vah-Al,</strong></span> <span class='ocrx_word' id='word_1_897' title='bbox 613 5618 922 5691; x_wconf 63' lang='lat' dir='ltr'><strong>crepantem,</strong></span> <span class='ocrx_word' id='word_1_898' title='bbox 973 5609 1148 5661; x_wconf 87' lang='lat' dir='ltr'><strong>minus</strong></span> <span class='ocrx_word' id='word_1_899' title='bbox 1187 5606 1345 5691; x_wconf 70' lang='lat' dir='ltr'><strong>bene.</strong></span> <span class='ocrx_word' id='word_1_900' title='bbox 1388 5605 1636 5689; x_wconf 74' lang='lat' dir='ltr'><strong>Nebrissa</strong></span> <span class='ocrx_word' id='word_1_901' title='bbox 1661 5620 1760 5675; x_wconf 87' lang='lat' dir='ltr'><strong>pro</strong></span> <span class='ocrx_word' id='word_1_902' title='bbox 1864 5608 2066 5691; x_wconf 64' lang='lat' dir='ltr'><strong>donius,</strong></span> <span class='ocrx_word' id='word_1_903' title='bbox 2112 5621 2228 5686; x_wconf 71' lang='lat' dir='ltr'><strong>cum</strong></span> <span class='ocrx_word' id='word_1_904' title='bbox 2272 5605 2473 5691; x_wconf 59' lang='lat' dir='ltr'><strong>tradere</strong></span> <span class='ocrx_word' id='word_1_905' title='bbox 2512 5623 2601 5688; x_wconf 76' lang='lat' dir='ltr'><strong>pro</strong></span> <span class='ocrx_word' id='word_1_906' title='bbox 2634 5605 2850 5662; x_wconf 84' lang='lat' dir='ltr'><strong>Domino</strong></span> <span class='ocrx_word' id='word_1_907' title='bbox 2891 5610 3088 5691; x_wconf 67' lang='lat' dir='ltr'><strong>animus</strong></span> <span class='ocrx_word' id='word_1_908' title='bbox 3120 5606 3432 5691; x_wconf 64' lang='lat' dir='ltr'><strong>anheiarent,</strong></span> 
     </span>
    </p>
   </div>
   <div class='ocr_carea' id='block_1_135' title="bbox 165 5677 1757 5749">
    <p class='ocr_par' dir='ltr' id='par_1_135' title="bbox 165 5677 1757 5749">
     <span class='ocr_line' id='line_1_140' title="bbox 165 5677 1757 5749; baseline -0.002 -16"><span class='ocrx_word' id='word_1_909' title='bbox 165 5680 347 5749; x_wconf 79' lang='lat' dir='ltr'><strong>igneas</strong></span> <span class='ocrx_word' id='word_1_910' title='bbox 392 5677 712 5746; x_wconf 64' lang='lat' dir='ltr'><strong>conﬁciebat</strong></span> <span class='ocrx_word' id='word_1_911' title='bbox 761 5678 951 5749; x_wconf 81' lang='lat' dir='ltr'><strong>ligneas</strong></span> <span class='ocrx_word' id='word_1_912' title='bbox 970 5695 1001 5749; x_wconf 77' lang='lat'><strong>_;</strong></span> <span class='ocrx_word' id='word_1_913' title='bbox 1071 5691 1241 5747; x_wconf 89' lang='lat' dir='ltr'><strong>neque</strong></span> <span class='ocrx_word' id='word_1_914' title='bbox 1284 5677 1757 5749; x_wconf 32' lang='lat' dir='ltr'><strong>hzecdconjectura</strong></span> 
     </span>
    </p>
   </div>
   <div class='ocr_carea' id='block_1_136' title="bbox 164 5694 1756 5844">
    <p class='ocr_par' dir='ltr' id='par_1_136' title="bbox 164 5694 1756 5844">
     <span class='ocr_line' id='line_1_141' title="bbox 165 5694 1756 5749; baseline -0.002 -16"><span class='ocrx_word' id='word_1_915' title='bbox 165 5696 184 5733; x_wconf 78' lang='grc' dir='ltr'><strong>ι</strong></span> <span class='ocrx_word' id='word_1_916' title='bbox 392 5694 712 5746; x_wconf 64' lang='lat' dir='ltr'><strong>congtcteuat</strong></span> <span class='ocrx_word' id='word_1_917' title='bbox 761 5694 1001 5749; x_wconf 83' lang='lat' dir='ltr'><strong>ttgneas;</strong></span> <span class='ocrx_word' id='word_1_918' title='bbox 1071 5694 1241 5747; x_wconf 88' lang='lat' dir='ltr'><strong>neque</strong></span> <span class='ocrx_word' id='word_1_919' title='bbox 1285 5694 1398 5732; x_wconf 71' lang='lat' dir='ltr'><strong>meo</strong></span> <span class='ocrx_word' id='word_1_920' title='bbox 1450 5694 1756 5747; x_wconf 68' lang='lat' dir='ltr'><strong>conjectura</strong></span> 
     </span>
     <span class='ocr_line' id='line_1_142' title="bbox 164 5694 1756 5844; baseline 0.002 -40"><span class='ocrx_word' id='word_1_921' title='bbox 164 5694 488 5818; x_wconf 54' lang='lat' dir='ltr'><strong>mmo,</strong></span> <span class='ocrx_word' id='word_1_922' title='bbox 538 5762 659 5822; x_wconf 85' lang='lat' dir='ltr'><strong>cap.</strong></span> <span class='ocrx_word' id='word_1_923' title='bbox 709 5749 796 5817; x_wconf 83' lang='lat' dir='ltr'><strong>ttl,</strong></span> <span class='ocrx_word' id='word_1_924' title='bbox 846 5747 1200 5822; x_wconf 88' lang='lat' dir='ltr'><strong>displicebat:</strong></span> <span class='ocrx_word' id='word_1_925' title='bbox 1230 5749 1323 5832; x_wconf 89' lang='lat' dir='ltr'><strong>qui</strong></span> <span class='ocrx_word' id='word_1_926' title='bbox 1351 5747 1523 5843; x_wconf 82' lang='lat' dir='ltr'><strong>addit,</strong></span> <span class='ocrx_word' id='word_1_927' title='bbox 1570 5748 1639 5844; x_wconf 86' lang='lat' dir='ltr'><strong>de</strong></span> <span class='ocrx_word' id='word_1_928' title='bbox 1663 5763 1756 5824; x_wconf 78' lang='lat' dir='ltr'><strong>pe-</strong></span> 
     </span>
    </p>
   </div>
   <div class='ocr_carea' id='block_1_137' title="bbox 1868 5675 3435 5746">
    <p class='ocr_par' dir='ltr' id='par_1_137' title="bbox 1868 5675 3435 5746">
     <span class='ocr_line' id='line_1_143' title="bbox 1868 5675 3435 5746; baseline -0.002 -17"><span class='ocrx_word' id='word_1_929' title='bbox 1868 5679 1957 5730; x_wconf 80' lang='grc' dir='ltr'><strong>ιιιιὶ</strong></span> <span class='ocrx_word' id='word_1_930' title='bbox 1986 5676 2331 5746; x_wconf 61' lang='lat' dir='ltr'><strong>seseinvictm</strong></span> <span class='ocrx_word' id='word_1_931' title='bbox 2359 5676 2426 5726; x_wconf 87' lang='lat' dir='ltr'><strong>ad</strong></span> <span class='ocrx_word' id='word_1_932' title='bbox 2452 5678 2737 5746; x_wconf 84' lang='lat' dir='ltr'><strong>passionem</strong></span> <span class='ocrx_word' id='word_1_933' title='bbox 2771 5688 2993 5733; x_wconf 85' lang='lat' dir='ltr'><strong>astantes</strong></span> <span class='ocrx_word' id='word_1_934' title='bbox 3023 5677 3224 5746; x_wconf 79' lang='lat' dir='ltr'><strong>hortatu</strong></span> <span class='ocrx_word' id='word_1_935' title='bbox 3252 5675 3435 5746; x_wconf 76' lang='lat' dir='ltr'><strong>impel-</strong></span> 
     </span>
    </p>
   </div>
   <div class='ocr_carea' id='block_1_138' title="bbox 1868 5741 3438 5820">
    <p class='ocr_par' dir='ltr' id='par_1_138' title="bbox 1868 5741 3438 5820">
     <span class='ocr_line' id='line_1_144' title="bbox 1868 5741 3438 5820; baseline 0.003 -17"><span class='ocrx_word' id='word_1_936' title='bbox 1868 5747 1979 5804; x_wconf 87' lang='lat' dir='ltr'><strong>lunt</strong></span> <span class='ocrx_word' id='word_1_937' title='bbox 2020 5762 2038 5803; x_wconf 91' lang='lat'><strong><em>:</em></strong></span> <span class='ocrx_word' id='word_1_938' title='bbox 2087 5744 2259 5803; x_wconf 79' lang='lat' dir='ltr'><strong>Fcriut</strong></span> <span class='ocrx_word' id='word_1_939' title='bbox 2305 5741 2491 5820; x_wconf 80' lang='lat' dir='ltr'><strong>ubique</strong></span> <span class='ocrx_word' id='word_1_940' title='bbox 2541 5750 2734 5805; x_wconf 84' lang='lat' dir='ltr'><strong>hostem</strong></span> <span class='ocrx_word' id='word_1_941' title='bbox 2779 5748 3050 5807; x_wconf 82' lang='lat' dir='ltr'><strong>missilibus</strong></span> <span class='ocrx_word' id='word_1_942' title='bbox 3088 5745 3196 5804; x_wconf 78' lang='lat' dir='ltr'><strong>sitis</strong></span> <span class='ocrx_word' id='word_1_943' title='bbox 3238 5741 3438 5807; x_wconf 59' lang='lat' dir='ltr'><strong>vibrata</strong></span> 
     </span>
    </p>
   </div>
   <div class='ocr_carea' id='block_1_139' title="bbox 1756 5840 1856 5890">
    <p class='ocr_par' dir='ltr' id='par_1_139' title="bbox 1756 5840 1856 5890">
     <span class='ocr_line' id='line_1_145' title="bbox 1756 5840 1856 5890; baseline 0 0"><span class='ocrx_word' id='word_1_944' title='bbox 1756 5840 1856 5890; x_wconf 49' lang='grc' dir='ltr'><strong>*ἲ</strong></span> 
     </span>
    </p>
   </div>
  </div>
