4038 6288
159 367 278 425 289

347 478 511 551 883
554 476 802 532 Dulcibus
842 474 1034 545 linguis
1077 488 1170 544 per
1211 487 1368 527 aures
1411 482 1742 540 posterorum
1773 471 1826 530 Α

1318 563 1672 635 [ερειιεει-ειιι.

428 659 538 714 llec
557 668 732 712 tamen
759 657 934 712 solum
958 665 1164 709 vetusta
1184 653 1502 708 subtrahunt
1517 652 1747 716 silentia,

162 752 239 806 80
349 749 574 820 Jugibus
605 751 819 818 longum
851 747 1054 802 catenis
1083 761 1149 799 an
1181 745 1428 812 capillum
1463 743 1744 812 paverint:

349 843 466 905 Quo
491 841 631 894 viros
654 839 839 894 dolore
862 845 1053 901 tortor,
1081 850 1250 905 quave
1273 849 1427 903 ptena
1456 833 1746 887 ornaverit.

423 934 512 986 Illa
530 933 642 985 laus
658 931 863 986 occulta
883 943 986 984 non
1009 936 1110 992 est,
1127 940 1222 980 nec
1238 924 1470 980 senescit
1489 934 1591 979 tem
1599 939 1749 994 pore,

350 1025 511 1080 Missa
541 1023 682 1094 quod
720 1036 930 1076 sursum
963 1034 1058 1089 per
1102 1032 1262 1072 auras
1307 1018 1587 1071 evolarunt
1633 1032 1752 1070 mu-

1506 1109 1679 1180 [nera,

354 1209 482 1274 Quae
506 1205 644 1258 viam
668 1212 849 1271 patere
870 1201 993 1255 coeli
1009 1199 1365 1270 przemicando
1385 1196 1752 1252 ostenderent.

168 1297 240 1354 85
427 1298 570 1352 Illius
619 1296 774 1350 ﬁdem
808 1293 1060 1362 ﬁgurans,
1097 1292 1239 1346 nube
1263 1291 1429 1346 fertur
1479 1289 1751 1346 annulus:

357 1389 454 1442 llic
501 1387 582 1441 sui
620 1387 712 1441 dat
753 1386 942 1455 pignus
981 1382 1110 1448 oris,
1145 1393 1202 1436 ut
1237 1381 1438 1447 ferunt,
1476 1379 1752 1434 orarium:

353 1475 520 1549 884
547 1477 676 1543 Quae
700 1488 932 1544 superno
963 1482 1111 1543 rapta
1139 1472 1264 1526 ﬁatu
1293 1472 1424 1526 lucis
1446 1470 1648 1524 intrant
1676 1471 1753 1523 iii-

1453 1564 1682 1638 [timum.

1356 348 1938 412 PERISTEPHANON.
1975 348 2181 403 IIYMN.
2228 350 2267 403 Ι.

3327 343 3430 399 9.90

2094 463 2191 514 l’ct‘
2213 461 2316 530 ρυιί
2333 460 2578 530 liquentis
2589 475 2742 514 axem
2759 459 2925 528 fulgor
2939 457 3428 520 auriabsconilitur,

2036 556 2113 609 Ac
2140 554 2228 608 diu
2279 555 2448 610 visum
2477 569 2759 624 sequacem
2792 551 2992 608 textilis
3022 551 3222 606 candor
3263 550 3427 620 fugit:

1855 645 1926 703 90
2034 645 2414 702 Subvehuntnr
2440 662 2610 716 usque
2638 646 2690 700 in
2715 655 2878 710 astra,
2904 660 3001 702 nec
3029 643 3276 698 videnlur
3313 656 3428 696 am-

3176 739 3355 812 [plius.

2087 835 2230 889 Vidit
2248 835 2346 890 hoc
2361 845 2656 891 com'entus
2675 847 2880 889 astans:
2898 834 3010 904 ipse
3030 832 3427 895 viditcarnifes,

2038 927 2105 982 Et
2136 943 2350 984 manum
2374 930 2628 997 repressit
2658 929 2888 992 limrens,
2914 943 2974 983 ac
2999 936 3217 995 stupore
3246 925 3429 994 Oppal-

3197 1019 3318 1089 [luit
3342 1035 3353 1070 ε

2031 1109 2135 1165 Sed
2182 1119 2356 1166 tamen
2404 1109 2605 1179 peregit
2651 1110 2810 1164 ictum
2835 1149 2848 1175 ,
2874 1090 2954 1165 ire
2993 1110 3190 1178 periret
3225 1108 3423 1178 gloria.

2099 1203 2286 1259 Jamne
2307 1203 2499 1267 credis,
2518 1203 2669 1256 bruta
2695 1200 2962 1271 quondam
2976 1199 3272 1254 Vasconum
3295 1214 3429 1269 gen-

3150 1290 3352 1360 ltilitas,

1858 1390 1928 1446 95
2034 1391 2198 1462 885
2224 1390 2389 1458 Quam
2417 1404 2628 1444 sacrum
2669 1386 2903 1444 crudelis
2946 1401 3100 1441 error
3141 1383 3430 1438 immolarit

2998 1477 3360 1550 [sanguinem?

2035 1573 2244 1640 Credis,
2267 1574 2321 1628 in
2347 1576 2510 1630 Deum
2538 1575 2734 1630 relatos
2762 1573 3054 1629 hostiarum
3078 1569 3327 1641 spiritus?

1481 1656 1766 1713 GLOSSIE
1811 1659 2138 1720 VETERES.

241 1756 336 1810 84.
391 1755 600 1815 Patere,
629 1751 756 1814 illis,
790 1751 828 1806 l.

244 1827 340 1880 85.
391 1826 657 1888 Annulus,
685 1823 770 1891 qui
799 1823 965 1891 signal
993 1821 1148 1890 ﬁdem
1177 1822 1284 1873 sine
1311 1820 1412 1887 ﬁne
1432 1819 1680 1892 ﬁgurans,
1714 1821 1754 1878 l.

243 1897 338 1951 86.
395 1895 666 1957 Orarium,
699 1895 761 1945 ab
792 1909 898 1957 ore,
929 1893 981 1944 id
1007 1901 1078 1944 est
1109 1891 1396 1956 sudarium,
1428 1891 1467 1944 ι.

246 1968 342 2023 87.
395 1966 671 2029 lntimum,
700 1973 968 2028 secretum,
1003 1962 1043 2016 l.

1785 1756 1832 1815 Β
2078 1755 2372 1834 μί’(ιιιριιιὶε,
2405 1756 2608 1834 liquidi,
2631 1753 2706 1834 rel
2735 1755 2919 1821 sereni,
2951 1755 2990 1808 I.

1936 1825 2023 1878 89.
2086 1825 2288 1888 Visum,
2344 1825 2628 1887 hominum,
2682 1825 2721 1879 l.

1935 1896 2022 1948 92.
2081 1896 2321 1957 “terens,
2349 1897 2602 1958 dubitans,
2637 1896 2675 1948 Ι.

1937 1964 2026 2020 96.
2082 1967 2162 2033 In,
2189 1982 2280 2035 pro
2305 1965 2392 2020 ad.
2419 1996 2487 2004 —
2514 1966 2762 2036 Spiritus,
2793 1967 3013 2032 animas,
3036 1965 3074 2020 Ι.

1511 2049 2064 2110 COMMENTARIUS.

246 2145 340 2200 80.
407 2145 559 2198 Brev.
621 2143 756 2196 Moz.
807 2152 1088 2211 corrupte,
1123 2142 1342 2211 catenis
1383 2141 1451 2194 ad
1519 2143 1761 2210 capillum

177 2217 352 2272 tracti.
383 2214 750 2268 Nebrissensis
777 2211 828 2266 id
859 2210 1001 2266 notat
1037 2230 1050 2264 :
1086 2210 1204 2264 Non
1235 2222 1429 2266 constat
1459 2228 1558 2280 quo
1583 2215 1760 2266 mortis

215 2301 364 2340 eriere
393 2286 494 2338 sint
521 2283 688 2351 affecti
715 2300 734 2348 ,'
761 2285 945 2336 mortui
975 2287 1074 2335 sint
1103 2283 1154 2335 in
1186 2284 1396 2345 catenis,
1424 2292 1470 2335 et
1497 2285 1763 2336 nutrierint

199 2371 392 2427 ongum
419 2356 664 2424 capillum
696 2364 750 2427 _et
780 2355 1031 2406 barbam:
1056 2354 1367 2427 restituimus
1395 2363 1580 2427 autem
1610 2355 1753 2406 ordi-

181 2422 302 2481 nem
324 2422 575 2488 versuum,
620 2425 707 2493 qui
730 2435 876 2478 erant
903 2424 1134 2493 confusi,
1165 2433 1210 2476 et
1237 2422 1506 2476 turbabant
1534 2441 1758 2480 sensum.

182 2497 258 2551 Ita
289 2508 470 2551 autem
513 2494 785 2562 disponit:
839 2493 1100 2560 Dulcibus,
1151 2493 1263 2560 Quo
1310 2495 1465 2561 viros,
1513 2495 1756 2563 Jugibus,

183 2567 303 2621 Hoc
354 2577 550 2630 tamen,
603 2564 706 2620 Illa
751 2567 884 2620 laus.
919 2565 1108 2618 Verum
1156 2564 1290 2618 ordo
1335 2580 1492 2634 quem
1541 2565 1755 2620 codices

180 2637 498 2708 praeferunt,
530 2649 734 2708 rectum
757 2651 972 2708 sensum
995 2635 1175 2708 efﬁcit.
1209 2636 1359 2703 Apud
1391 2636 1655 2708 ltomanos
1680 2637 1754 2690 rei

180 2705 396 2763 comam
429 2707 751 2771 nutriebant,
780 2707 1017 2774 adeoque
1039 2706 1192 2775 juges
1221 2713 1445 2771 catenae,
1477 2708 1590 2760 sive
1640 2705 1758 2759 lon-

180 2795 309 2847 gum
337 2778 570 2832 carceris
601 2788 811 2844 tempus
835 2793 898 2832 ex
933 2777 1091 2847 longo
1119 2775 1314 2844 capillo
1340 2775 1577 2844 dignosci
1609 2786 1758 2844 pote-

183 2846 330 2904 rant.
358 2847 496 2903 Vide
521 2863 660 2904 vers.
695 2848 764 2902 55
794 2848 973 2916 hymni
1007 2846 1067 2900 11
1111 2847 1415 2914 Peristeph,
1451 2847 1538 2900 ubi
1575 2849 1758 2901 crinita

181 2921 391 2990 agmina
417 2929 674 2990 vocantur
699 2929 958 2990 martyres
979 2917 1286 2990 carceribus
1317 2917 1537 2990 detenti.

253 2992 348 3046 81.
398 2989 652 3053 Hailsbr.,
691 2987 890 3042 \Vidtii.
942 3003 1122 3055 supra,
1167 2987 1320 3041 Brev.
1348 2987 1505 3052 Mum,
1540 2987 1655 3041 Gis.
1689 2987 1755 3042 ad

182 3076 381 3130 marg.,
405 3059 547 3114 Vatt.
576 3059 642 3128 A,
671 3061 726 3123 P,
748 3060 814 3126 Ο,
841 3075 1000 3130 quave
1021 3074 1232 3130 pompa,
1252 3057 1392 3127 quod
1406 3057 1760 3130 AplacetHcin-

1865 2161 1985 2212 gam
2012 2163 2045 2200 α
2066 2148 2313 2218 tergendo
2343 2148 2528 2201 sudore
2558 2149 2682 2212 oris,
2714 2148 2792 2201 vel
2824 2165 2855 2200 a
2886 2150 3124 2218 tergendo
3153 2167 3256 2205 ore.
3288 2153 3433 2207 Cha-

1867 2217 2145 2272 niillardus
2173 2219 2442 2294 existimat
2469 2219 2804 2294 orarium‘ab
2835 2235 2890 2271 os
2925 2217 3027 2272 oris
3069 2236 3221 2294 posse
3266 2225 3433 2294 accipi

1868 2302 1965 2359 pro
1997 2290 2248 2356 operculo
2279 2289 2466 2357 capitis
2489 2304 2593 2354 quo
2621 2289 2900 2343 utebantur
2920 2293 3117 2359 antiqui
3141 2293 3264 2346 dum
3289 2289 3434 2348 invo-

1865 2357 2057 2430 cabant
2093 2359 2257 2430 Deum
2283 2376 2294 2430 :
2328 2376 2431 2430 quo
2459 2374 2619 2412 st-nsu
2647 2363 2876 2413 orarium
2908 2362 3006 2413 erit
3035 2357 3240 2430 signum
3273 2368 3434 2430 pieta-

1866 2429 1934 2481 tis
1957 2428 2250 2482 Celedonii.
2277 2429 2380 2483 Sed
2407 2429 2606 2482 nullum
2639 2430 2776 2486 illius
2797 2428 3199 2496 signiﬁcationis
3221 2428 3435 2490 adducit

1867 2507 2076 2574 testem.
2106 2501 2282 2574 Itaque
2310 2499 2556 2574 adhaereo
2582 2500 2792 2574 glossae.
2823 2500 3148 2574 l’eculiarem
3178 2506 3435 2574 etymolo-

1861 2569 1999 2644 giam
2033 2570 2191 2642 orarii
2233 2570 2551 2644 abnaurariis
2575 2581 2628 2644 e_t
2654 2571 2793 2624 auris
2825 2572 3067 2644 explicui
3091 2575 3156 2627 ad
3188 2569 3371 2644 hymn.
3407 2578 3427 2631 1

1861 2639 2016 2695 Cath.
2043 2681 2058 2704 ,
2083 2639 2236 2694 vers.
2267 2639 2354 2692 22.
2390 2639 2929 2696 Animadvertendum
2959 2644 3116 2696 etiam
3149 2639 3239 2699 est
3256 2688 3268 2706 ,
3303 2663 3436 2701 non-

1863 2725 2130 2786 nunquam
2159 2711 2344 2786 oculos
2371 2721 2656 2786 martyrum
2690 2711 2777 2777 qui
2808 2713 2986 2786 gladio
3010 2723 3164 2769 erant
3191 2716 3433 2786 feriendi,

1861 2781 2022 2834 linteo
2051 2782 2161 2834 sive
2185 2781 2355 2834 oratio
2399 2780 2560 2834 fuisse
2593 2782 2798 2850 ligatos.
2831 2783 2977 2845 Ado,
3032 2800 3082 2837 vt
3112 2787 3212 2839 eal.
3245 2786 3385 2842 Junii
3415 2780 3430 2844 Ξ

1970 2863 2176 2930 accepto
2197 2854 2386 2930 orarit},
2417 2852 2581 2930 ligqns
2603 2852 2682 2922 (S.
2703 2850 2895 2930 Julius)
2919 2854 3016 2930 sibi
3041 2856 3435 2930 ocul_os_marty-

1865 2922 1930 2973 rii
1965 2923 2186 2988 palmam
2217 2922 2387 2989 gladio
2410 2921 2628 2974 credente
2649 2923 2888 2991 percepit.
2918 2924 2981 2976 Et
3010 2939 3058 2978 Vl
3088 2926 3189 2980 cal.
3216 2921 3436 2983 Decem-

1871 2991 2026 3044 bris:
2075 2991 2260 3044 Beatus
2307 2991 2592 3044 Alexander
2637 3007 2752 3043 cum
2793 2994 3088 3057 duceretur,
3133 2996 3344 3050 obviavit
3388 3001 3435 3053 ei

1867 3064 2097 3128 quietiam
2136 3063 2308 3127 vidua,
2354 3077 2506 3132 quam
2550 3064 2956 3133 beatusumartyr
3000 3066 3193 3133 rogavit
3230 3067 3434 3124 dicens:

183 3133 264 3185 sio
286 3127 582 3198 [tanquam
613 3132 678 3185 de
703 3127 930 3184 victimis
959 3127 1163 3197 agatur.
1195 3127 1505 3183 Gallandius
1545 3131 1762 3206 putabat
1787 3129 1834 3193 C
1866 3127 2144 3186 Commoda
2187 3133 2308 3184 mihi
2339 3127 2580 3206 orarium.
2608 3133 2672 3184 At
2680 3127 3046 3206 jllapréstitit
3060 3127 3140 3188 ἐξ.
3187 3135 3434 3206 Ofﬁciales

184 3211 493 3256 contextum
552 3215 802 3268 reSpnere
845 3215 1067 3270 pompa,
1123 3208 1178 3254 et
1225 3213 1336 3270 pro;
1370 3215 1516 3268 paena
1564 3200 1759 3266 allegat

186 3282 534 3341 praestantem
565 3272 811 3326 Aldinam
842 3268 1140 3341 editionem
1161 3274 1285 3323 anni
1320 3268 1476 3335 i501,
1511 3270 1756 3322 nimirum

185 3340 328 3397 hanc
359 3344 530 3412 ipsam
557 3357 656 3410 qua
699 3356 795 3395 nos
834 3343 1051 3412 utimur.
1085 3340 1292 3412 Tluian.
1314 3383 1328 3407 ,
1355 3341 1508 3412 Alex.
1528 3379 1543 3405 ,
1580 3357 1760 3412 qurere

185 3409 400 3482 pompa.
429 3411 550 3466 Vat.
575 3409 650 3482 ili,
683 3411 813 3467 Urb.
842 3453 856 3476 ,
890 3409 1108 3474 Weitz.,
1161 3410 1511 3474 Bollandiani,
1545 3410 1758 3479 aliique,

185 3500 346 3548 quave
374 3500 540 3551 ptena.
573 3481 697 3537 Mihi
726 3482 776 3536 id
805 3497 906 3536 non
935 3481 1198 3550 displicet,
1233 3497 1353 3534 nam
1386 3482 1640 3550 praecedit
1663 3487 1758 3533 do-

186 3553 298 3608 lore
320 3550 485 3608 tortor
512 3569 532 3618 ;
565 3568 659 3621 pro
681 3553 932 3606 ornaverit
951 3563 1126 3616 autem
1157 3551 1369 3607 mallem
1401 3550 1648 3618 u/Iecerit,
1673 3561 1764 3605 aut

187 3625 333 3680 aliud
367 3624 562 3678 similis
590 3623 1014 3694 signiﬁcationis.
1053 3621 1252 3678 Verum
1293 3622 1497 3692 poetice
1525 3632 1577 3676 et
1631 3621 1763 3691 ligu-

186 3705 305 3750 rate
336 3705 484 3749 recte
512 3695 560 3746 id
591 3695 818 3750 dicetur.

256 3767 352 3822 85.
405 3765 525 3819 Aldi
550 3779 701 3819 error
728 3764 893 3820 nubte.
935 3762 1176 3832 Teolius,
1203 3778 1324 3818 cum
1366 3762 1592 3818 fateatur
1615 3777 1684 3830 qu
1704 3778 1762 3814 e-

186 3852 400 3905 cunque
429 3835 496 3889 de
528 3836 608 3888 his
631 3835 838 3890 duobus
867 3835 1186 3905 martyribus
1214 3835 1410 3887 scimus
1440 3849 1502 3888 ea
1535 3848 1628 3905 uos
1668 3833 1760 3905 de-

187 3902 328 3963 bere“
349 3907 635 3960 Prudentio
659 3947 675 3972 ,
717 3902 1064 3961 nihilominus
1093 3906 1324 3959 afﬁrmat
1372 3915 1492 3972 post
1527 3902 1764 3957 Chamil-

186 3980 422 4037 lardum.
447 3979 701 4030 annulum
731 3993 850 4032 esse
876 3976 1434 4041 llemcterii,orarium
1453 3974 1723 4030 Celednnii
1750 3991 1762 4026 :

187 4049 332 4119 quod
362 4049 436 4101 ita
474 4050 779 4119 distinctum
810 4049 860 4101 in
901 4048 1188 4119 Prudentio
1221 4061 1326 4099 non
1358 4046 1590 4119 invenio.
1625 4045 1768 4099 Bene

189 4117 369 4173 tamen
402 4134 466 4171 ex
491 4118 594 4173 hoc
616 4120 732 4172 loco
759 4120 930 4187 arguit
958 4118 1169 4174 Teolius
1193 4117 1533 4171 consuevisse
1561 4124 1768 4169 veteres

186 4189 530 4244 Christianos
557 4190 780 4242 annulos
802 4198 1032 4258 gestare,
1062 4203 1283 4258 quorum
1307 4187 1468 4254 aliqui
1488 4201 1768 4258 aSservan-

187 4271 274 4315 tur
305 4260 359 4314 in
408 4275 598 4314 museo
633 4257 881 4313 Vaticano
921 4259 986 4313 ab
1011 4259 1190 4329 equite
1223 4257 1454 4329 Victoria
1501 4257 1763 4329 illustrati.

186 4333 299 4386 Cur
330 4339 513 4383 autem
545 4330 769 4383 annulus
803 4330 960 4384 ﬁdem
1001 4327 1210 4399 figuret,
1243 4327 1284 4381 si
1314 4337 1516 4397 qua-rat
1541 4327 1765 4399 aliquis,

183 4403 365 4457 dicam
389 4403 550 4457 etiam
571 4400 637 4454 ab
653 4415 848 4468 Sponso
865 4397 1074 4469 sponsa:
1095 4400 1348 4452 annulum
1373 4399 1484 4451 dari
1515 4399 1579 4450 ad
1608 4397 1768 4469 ﬁdem

182 4473 526 4541 coniugalem
569 4466 986 4540 signiﬁcandam.
1035 4471 1214 4538 Itaque
1261 4469 1599 4541 innocentius
1655 4466 1767 4541 lllA,

181 4536 450 4597 annulum
488 4536 706 4595 Fulconi
739 4541 914 4595 abbati
959 4536 1270 4594 Corbeiensi
1303 4539 1603 4591 concedens
1627 4577 1642 4600 ,
1687 4536 1767 4590 liis

182 4614 373 4669 verbis
404 4612 617 4680 scripsit
647 4627 663 4666 :
695 4609 838 4666 Inter
865 4622 1069 4664 cwteros
1098 4620 1304 4662 ornatus
1337 4608 1557 4675 prwlatis
1592 4606 1768 4680 Eccle-

181 4685 393 4738 siarum
423 4677 711 4736 conceditur
737 4681 956 4735 annulus
980 4723 995 4746 ,
1035 4683 1120 4751 qui
1151 4691 1220 4732 est
1249 4680 1565 4751 signaculum
1606 4677 1725 4745 ﬁdei
1748 4716 1764 4740 ,

181 4757 340 4823 juxta
363 4757 501 4822 quod
528 4764 668 4820 pater
689 4754 796 4822 filio
827 4748 1090 4806 revertenti
1116 4751 1242 4823 dare
1264 4748 1506 4823 annulum
1537 4748 1588 4800 in
1618 4763 1770 4823 nianu

181 4819 458 4893 prwccpit,
486 4819 539 4876 ut
568 4819 794 4877 videlicet
829 4823 1106 4877 Ecclesium
1125 4821 1220 4874 sibi
1243 4819 1770 4893 commissampra’la-

183 4889 270 4949 lus
312 4889 479 4962 ipsius
506 4895 797 4948 intemerata
820 4894 922 4962 ﬁde
951 4894 1199 4947 custodiat
1223 4931 1238 4955 ,
1267 4895 1333 4943 ad
1363 4907 1516 4962 quam
1556 4889 1771 4955 ﬁdeliter

183 4968 560 5019 observandam
588 4981 674 5035 per
714 4961 954 5017 visibilem
979 4965 1187 5034 speciem
1221 4962 1415 5035 jugiter
1443 4961 1765 5035 admonetur.

183 5036 332 5090 Vide
361 5030 597 5089 Macrum
641 5037 694 5090 in
727 5030 1192 5089 llierolevaerbo
1220 5030 1460 5101 annulus,
1495 5030 1582 5084 ubi
1616 5030 1771 5082 lnnos

181 5119 310 5162 cent
323 5105 358 5159 ii
401 5106 560 5159 verba
613 5106 847 5175 exponit.

258 5176 358 5231 86.
411 5176 656 5230 Orarium
684 5172 782 5231 usu
815 5175 1175 5231 ecclesiastico
1195 5173 1322 5228 olim
1345 5172 1651 5226 sumebatur
1675 5185 1770 5239 pro

181 5248 357 5312 stola,
390 5255 448 5301 ut
476 5257 655 5300 notum
685 5258 787 5302 est.
818 5247 944 5300 llaic
973 5246 1258 5314 appellatio
1285 5245 1616 5314 aliquatenus
1646 5257 1773 5294 cou-

179 5329 407 5374 lervata
446 5330 664 5385 apparet
707 5321 757 5372 in
797 5313 1078 5371 Latinitate
1104 5325 1347 5383 corrupta
1395 5313 1576 5369 saeculi
1606 5328 1637 5365 ι
1677 5326 1772 5364 cu-

178 5392 417 5462 jusdam
466 5388 799 5462 instrumenti
846 5389 1166 5450 donationis,
1227 5385 1368 5462 quod
1417 5392 1604 5462 exstat
1641 5391 1767 5435 tum.

184 5455 417 5517 XXXIV
474 5459 735 5527 Hispania:
790 5473 996 5524 sacrae,
1041 5472 1158 5525 pag.
1219 5457 1366 5527 435,
1427 5455 1517 5509 ιιιιί
1569 5456 1773 5527 chcus

181 5534 483 5602 episcopus
522 5525 841 5602 legionensis
861 5531 1001 5582 circa
1029 5525 1347 5602 annum951
1383 5526 1530 5602 inter
1549 5525 1650 5602 alia
1680 5525 1774 5602 do:

179 5593 356 5659 nabat
383 5593 542 5654 'albas
571 5593 687 5654 cum
712 5601 912 5653 easdem
944 5598 1139 5651 amictis
1182 5598 1276 5659 10,
1305 5598 1468 5649 oralcs
1512 5596 1598 5659 10,
1639 5593 1774 5664 quod

177 5675 479 5743 scripturas
501 5671 672 5724 dicunt
698 5670 876 5743 stolas.
901 5670 1009 5743 llac
1031 5668 1415 5743 signitiCatimie
1435 5669 1664 5743 orarium
1692 5668 1775 5720 hic

177 5739 364 5812 arcipi
417 5757 530 5794 non
579 5751 723 5810 puto.
774 5741 879 5795 Pro
917 5740 1152 5804 sudario,
1195 5754 1297 5812 quo
1332 5739 1771 5812 osiabstergitur,

178 5808 437 5873 orarium
464 5808 714 5877 dixerunt
743 5813 1057 5871 Ambrosius
1083 5820 1136 5864 et
1167 5809 1284 5875 alii;
1317 5818 1370 5864 ct
1411 5811 1462 5864 in
1494 5814 1668 5878 gtussa
1699 5808 1772 5864 le-

1797 4503 1846 4562 Ι)

1863 3216 2032 3255 autem
2082 3205 2318 3256 dixerunt
2365 3204 2566 3256 mulieri
2615 3201 2947 3257 :Perdidisti
2997 3201 3433 3264 orariuquum.

1867 3270 2032 3350 Facto
2061 3274 2395 3350 itaque__signo
2423 3274 2606 3338 crucis,
2628 3274 2924 3350 caspoliatvit
2953 3290 3004 3328 se
3033 3274 3209 3350 beatus
3248 3290 3436 3350 martyr

1863 3345 2057 3416 tunica,
2087 3356 2132 3397 et
2152 3348 2201 3398 in
2226 3345 2357 3397 linea
2377 3355 2538 3410 stans,
2571 3345 2695 3416 texit
2715 3346 2810 3398 sibi
2830 3346 2890 3398 de
2910 3347 3076 3400 oratio
3097 3344 3292 3416 oculos,
3319 3344 3437 3406 dein

1863 3415 2038 3484 positis
2070 3417 2275 3484 genibus
2301 3417 2514 3484 suscepit
2532 3414 2781 3485 gladium.

1935 3485 2026 3557 88.
2079 3486 2132 3557 in
2169 3487 2321 3554 Prag.
2345 3485 2676 3557 desideratur
2698 3501 2787 3554 per
2813 3493 2937 3540 ante
2955 3487 3081 3557 poli.

1936 3556 2042 3629 89._
2076 3555 2191 3612 Vat.
2221 3559 2262 3629 ᾼ
2289 3571 2318 3610 a
2347 3556 2513 3624 prima
2539 3570 2718 3623 manu,
2742 3557 2914 3623 visus;
2941 3555 2970 3610 a
2997 3559 3225 3615 secunda
3255 3576 3432 3629 manu,

1864 3627 1994 3679 risu.
2022 3625 2161 3692 Lege
2200 3627 2378 3680 visum.

1936 3695 2024 3749 9:2.
2049 3765 2057 3768 _
2085 3696 2303 3768 Vat._A,
2343 3706 2389 3748 et
2427 3713 2630 3768 manus.
2661 3696 2870 3768 Gistgad
2901 3713 3048 3752 oram
3070 3741 3086 3768 ,
3131 3700 3312 3768 palluit
3336 3741 3351 3765 ,
3383 3712 3438 3756 et

1869 3782 1964 3833 pro
1993 3765 2092 3837 alia
2124 3766 2387 3834 scriptura
2415 3806 2430 3829 ,
2460 3766 2728 3837 expalluit.
2763 3765 2901 3821 Vatt.
2947 3768 3020 3837 P,
3051 3765 3282 3837 Q,'Urb.
3308 3773 3437 3826 scri-

1869 3837 1995 3891 bunt
2023 3836 2290 3904 obpalluit,
2324 3837 2474 3890 Alex.
2507 3835 2776 3904 oppalluit.

1939 3907 2028 3961 9'5.
2084 3905 2443 3960 Nebrissensis
2494 3908 2684 3977 peregit
2723 3911 2880 3960 ictum
2928 3907 3148 3975 exponit
3189 3913 3434 3977 percussit

1869 3978 2217 4046 truncavitque
2244 3987 2526 4044 martyres:
2556 3979 2647 4030 sed
2688 3977 2839 4031 addit
2878 3977 2928 4030 id
2953 3979 3276 4034 contrarium
3317 3996 3436 4038 esse

1869 4049 1919 4103 ei
1950 4048 2090 4118 quod
2119 4062 2279 4114 supra
2309 4049 2530 4102 dixerat.
2565 4047 2690 4100 Mihi
2716 4063 2820 4102 non
2852 4047 3060 4103 videtur
3085 4052 3435 4117 contrarium,

1869 4135 1975 4172 non
2011 4120 2178 4172 solum
2208 4119 2251 4172 si
2285 4120 2626 4172 attenduntur
2655 4127 2913 4173 tormenta
2941 4120 3072 4173 citra
3102 4129 3346 4186 mortem,
3382 4134 3437 4178 ut

1869 4189 2233 4243 Nebrissensis
2278 4189 2674 4257 interpretatur,
2718 4189 2811 4243 sed
2858 4189 3015 4242 etiam
3043 4189 3088 4242 si
3130 4206 3236 4258 pne
3267 4193 3436 4249 oculis

1871 4259 2128 4314 habeatur
2154 4259 2336 4312 mortis
2356 4273 2544 4326 genus.
2569 4258 2884 4313 Prudentius
2911 4268 3036 4315 ante
3065 4259 3220 4326 dixit,
3244 4264 3441 4318 satelli-

1871 4338 1978 4384 tem
2000 4329 2268 4384 chartulas
2284 4329 2588 4394 abstulisse,
2610 4345 2676 4381 ne
2699 4332 2892 4396 posteri
2922 4331 3135 4384 modum
3154 4333 3435 4398 passionis,

1871 4400 2134 4460 ordinem,
2159 4408 2365 4466 tempus
2387 4401 2676 4462 scirent,et
2696 4400 2928 4468 ignorari
2945 4415 3044 4468 qua
3069 4415 3221 4466 paena
3245 4401 3440 4457 fuerint

1872 4469 2068 4524 affecti.
2099 4468 2247 4540 Nunc
2268 4470 2361 4534 ait,
2393 4471 2694 4523 carniﬁcem
2727 4469 2993 4538 peregisse
3015 4471 3214 4540 fictum,
3240 4485 3303 4524 ex
3334 4489 3439 4540 quo

1875 4555 1975 4594 nec
2005 4539 2194 4593 modus
2226 4542 2520 4607 passionis,
2553 4553 2650 4592 nec
2682 4554 2833 4610 paena
2867 4539 3064 4610 liquido
3099 4539 3435 4608 perspicitur.

1875 4610 1998 4664 ΙΙωο
2028 4610 2162 4663 ratio
2206 4625 2266 4662 ne
2298 4611 2479 4677 periret
2508 4609 2670 4676 gloria
2703 4609 2771 4663 ab
2801 4610 2916 4662 aliis
2960 4609 3120 4664 etiam
3160 4609 3440 4666 adhibetur

1872 4680 1924 4734 in
1965 4690 2254 4749 martyrum
2291 4679 2630 4748 passionibus
2655 4679 2988 4733 enarrandis.
3029 4679 3261 4733 Thomas
3308 4681 3440 4736 llur-

1873 4750 2016 4814 tado,
2042 4749 2273 4818 inopere
2293 4752 2358 4803 de
2385 4749 2521 4803 Vero
2551 4751 2804 4819 martyrio
2835 4751 3053 4803 resolut.
3087 4749 3174 4813 55,
3208 4749 3434 4819 digress.

1870 4821 1925 4884 2,
1979 4820 2065 4874 ubi
2106 4819 2221 4874 fuse
2268 4822 2375 4888 agit
2424 4819 2491 4874 de
2534 4818 2796 4886 aliquibus
2843 4821 3204 4873 instrumentis
3248 4818 3440 4889 quibus

1875 4891 2085 4962 tyranni
2126 4902 2390 4959 martyres
2421 4891 2772 4962 torquebant,
2804 4899 2936 4942 sect.
2974 4891 3039 4944 10
3077 4889 3266 4962 quaerit
3289 4932 3302 4954 ,
3351 4907 3443 4945 cur

1872 4958 2119 5030 martyres
2161 4958 2486 5030 fere’sempcr
2523 4958 2697 5030 gladio
2738 4968 2989 5030 cesserunt
3026 4999 3040 5021 ,
3085 4958 3289 5030 gladius
3329 4978 3442 5016 vero

1871 5047 1991 5086 raro
2009 5027 2320 5101 martyribus
2350 5027 2602 5094 cessil,'et
2628 5029 2838 5097 rejectis
2867 5027 2985 5082 aliis
3007 5027 3300 5101 rationibus
3323 5047 3440 5086 cum

1874 5101 2051 5156 Delrio
2093 5097 2401 5169 respondet,
2440 5101 2697 5154 rationem
2743 5113 2882 5164 esse,
2931 5097 3052 5167 quia
3107 5099 3311 5168 gladius
3363 5111 3448 5156 est

1875 5176 2199 5242 praecipuum
2261 5180 2316 5227 et
2359 5170 2588 5225 maxime
2654 5170 2945 5242 legitimum
3011 5169 3443 5242 ordinariumque

1870 5237 2092 5312 iustitiae
2137 5243 2342 5298 ultricis
2394 5243 2823 5312 instrumentum.
2865 5237 3071 5312 Censeo
3098 5240 3241 5312 addi
3292 5237 3446 5309 posse

1877 5309 2140 5384 martyres
2161 5314 2397 5384 cessisse
2417 5311 2698 5384 uiitissir_i_io
2726 5309 3108 5384 uiortisgeneri
3127 5352 3141 5374 ,
3184 5312 3445 5367 interdum

1875 5399 2002 5438 vero
2021 5379 2345 5450 'superstites
2377 5381 2538 5435 fuisse
2569 5381 2705 5442 aliis,
2741 5379 2792 5450 in
2820 5379 3010 5446 quibus
3053 5389 3315 5438 tormenta
3347 5385 3445 5444 do-

1875 5449 2122 5523 loresque
2149 5453 2486 5523 incredibiles
2513 5449 2760 5523 sustineri
2775 5450 2995 5523 debent,
3025 5460 3081 5506 ut
3104 5466 3289 5507 eorum
3319 5469 3451 5508 con-
3520 5466 3525 5477 ‘

1874 5519 2069 5579 stantia
2098 5525 2197 5576 soli
2227 5525 2404 5577 virtuti
2431 5521 2622 5574 divina:
2650 5519 3027 5574 ascriberetur.

1949 5595 2036 5650 95.
2099 5594 2242 5660 Rat.,
2303 5592 2605 5652 immolaret.
2669 5590 2821 5645 Brev.
2885 5589 3041 5659 Moz.,
3099 5593 3308 5648 heroum
3357 5611 3451 5664 pro

1879 5683 2042 5730 error,
2076 5666 2228 5719 male.

1948 5737 2038 5794 96.
2072 5737 2229 5792 Brev.
2257 5734 2421 5805 Moz.,
2445 5732 2662 5788 relatum
2684 5731 2962 5788 hostiarum
2987 5733 3235 5803 spiritum.
