4024 6292
867 435 1048 508 Longo
1077 447 1134 494 et
1159 438 1363 493 locatos
1390 436 1583 492 ordine

873 533 1065 586 Astare
1094 544 1190 597 pro
1213 528 1410 598 templo
1427 528 1601 595 jubet.

632 645 733 676 'luJ
807 617 1156 689 Przcscriptns
1176 630 1229 674 et
1252 619 1363 686 jam
1393 617 1620 673 ﬂuxerat

870 707 994 764 Dies
1016 726 1027 761 :
1056 707 1266 764 furebat
1295 707 1504 762 fervido

865 801 1034 856 Judex
1067 815 1260 855 avarus
1283 802 1472 869 spiritu
1490 841 1506 863 ,

871 889 1136 945 Promissa
1165 890 1303 946 solvi
1331 890 1650 958 efﬂagitans.

797 981 932 1036 Tum
961 990 1163 1052 martyr
1187 998 1202 1036 :
1226 982 1463 1038 Assistas
1493 983 1681 1046 velim,

869 1071 1033 1142 904,
1055 1070 1354 1140 Coramque
1382 1073 1652 1140 dispostas
1679 1088 1810 1141 opes

870 1161 1081 1230 Mirere,
1113 1176 1248 1230 quas
1279 1172 1462 1217 uoster
1495 1164 1636 1215 Deus

871 1251 1140 1306 Prmdives
1164 1253 1215 1306 in
1246 1254 1449 1306 sanctis
1479 1253 1657 1306 habet.

803 1342 1018 1397 Videbis
1049 1343 1236 1412 ingens
1260 1346 1456 1398 atrium

807 1451 809 1454 ·
872 1433 1098 1503 Fulgore
1125 1434 1268 1488 vasis
1295 1438 1496 1498 aureis.

873 1525 936 1578 Et
966 1541 1060 1594 per
1083 1535 1322 1594 patentes
1351 1529 1588 1595 porticus

874 1615 1116 1671 Structus
1142 1616 1354 1670 talentis
1384 1619 1623 1673 ordines.

800 1707 834 1760 lt
868 1709 978 1773 ille,
1015 1722 1112 1762 nec
1135 1709 1294 1775 pudet
1321 1712 1496 1778 sequi.

870 1797 1096 1852 Ventum
1127 1798 1194 1853 ad
1217 1801 1718 1869 sacratamjanuam
1746 1821 1759 1854 :

870 1889 1094 1944 Stabant
1122 1899 1349 1944 catervae
1379 1908 1701 1963 pauperum,

627 1069 729 1122 1Ϊο

626 1525 728 1579 175

2234 1815 2277 1872 η
2309 1804 2408 1860 195

1710 325 1981 382 AURELII
2021 323 2386 386 PRUDENTII
2424 330 2749 390 CARMINA.
3695 295 3698 298 1
3771 339 3863 397 508

2230 449 2280 507 Λ
2310 446 2411 502 180

2557 450 2758 506 Inculta
2789 453 2903 507 visu
2930 455 3202 510 examina.

2487 540 2689 611 Fragor
2715 553 2994 613 rogantum
3018 547 3222 601 tollitur
3241 529 3272 602 τ’

2557 631 2845 688 Pra-fectus
2875 634 3382 706 horrescit-stupens

2553 719 2859 777 Conversus
2886 725 2938 780 in
2972 725 3314 782 [monentium
3331 771 3346 790 .

2557 812 2840 884 Oculisque
2871 817 3093 872 turbatis
3124 819 3321 874 minax.

2311 901 2416 955 185
2487 901 2683 958 Contra
2706 906 2817 967 ille,
2850 907 2985 974 Quid
3015 908 3287 972 frendens,
3314 912 3419 974 ait,

2555 993 2859 1049 Minitaris?
2887 1007 2977 1050 aut
3004 999 3130 1068 quid
3157 999 3436 1068 displicet?

2557 1081 2690 1136 Num
2715 1086 2928 1138 sordida
2953 1086 3086 1156 ha'c,
3110 1097 3200 1142 aut
3221 1090 3378 1144 vilia?

2552 1173 2686 1227 Num
2717 1174 3024 1244 despuenda
3051 1166 3364 1234 existima's?

2484 1262 2646 1335 905
2669 1266 2892 1331 Aurum,
2917 1267 3057 1334 quod
3084 1268 3335 1324 ardenter
3369 1268 3507 1334 sitis,

2556 1353 2760 1408 Ell'ossa
2788 1356 3009 1424 gignunt
3033 1358 3223 1412 rudera

2559 1445 2622 1497 Et
2648 1445 2716 1498 de
2743 1447 2972 1500 unitallis
3001 1449 3255 1515 squalidis

2561 1535 2794 1588 l’tnualis
2819 1537 3031 1592 excudit
3063 1538 3228 1591 labor.

2486 1625 2722 1679 Torrens
2749 1628 2831 1681 vel
2855 1631 3027 1682 amnis
3058 1631 3284 1683 turbidis

2554 1715 2785 1771 Volvcns
2813 1719 2990 1773 arenis
3026 1707 3282 1789 implicat,

2552 1806 2702 1871 Ouod
2733 1809 3077 1863 terrulentum
3105 1826 3167 1864 ac
3188 1811 3460 1864 Sordidum

2559 1894 2812 1952 Flammis
2841 1912 3058 1952 necesse
3077 1910 3160 1953 est
3187 1899 3430 1969 decoqui.

2310 1349 2414 1407 190

1929 2021 2212 2078 (31.088ιΕ
2252 2023 2590 2082 VETERES.

693 2145 819 2203 164.
849 2145 954 2202 Pro
979 2150 1200 2217 templo,
1227 2165 1420 2212 coram,
1452 2147 1493 2202 Ι.-

695 2217 817 2270 165.
853 2217 1223 2290 Praescriptus,
1248 2236 1281 2272 a
1303 2221 1504 2290 judice,
1527 2219 1818 2289 deputatus.
1841 2250 1908 2260 -ο
1927 2221 2201 2284 Fluxerat,

623 2294 842 2348 seuerat,
878 2290 1145 2351 praeteriit,
1176 2288 1218 2341 I.

697 2355 817 2426 168.
852 2355 1186 2426 Efﬂagitans,
1222 2357 1501 2426 postulans.
1538 2359 1578 2413 1.

695 2425 817 2494 169.
849 2425 982 2478 Tutu
1007 2425 1230 2494 martyr,
1263 2431 1438 2480 ait.-—
1458 2428 1712 2494 Assistas,
1743 2439 1817 2494 ut,
1851 2430 1890 2484 Ι.

848 2493 1173 2565 puramque,
1202 2499 1396 2565 palam,
1431 2497 1470 2550 Ι.

697 2563 822 2617 175.
846 2563 1115 2629 Potentes,
1147 2563 1364 2631 amplas,
1397 2567 1435 2619 Ι.

683 2631 824 2704 176.
855 2637 1117 2704 Structus,
1151 2639 1457 2704 cumulatas,
1487 2638 1618 2692 Mar.

701 2701 823 2756 181.
859 2701 1079 2773 Fragor,
1111 2708 1322 2768 clamor,
1353 2709 1390 2760 l.

2385 2157 2507 2228 183.
2541 2157 2595 2210 In
2623 2157 2992 2220 Laurentium,
3024 2169 3202 2212 contra
3225 2159 3576 2228 Laurentium,
3605 2164 3645 2217 I.

2385 2226 2508 2280 188.
2544 2228 2878 2294 Despuenda,
2902 2232 3281 2293 contnuncnda,
3312 2231 3350 2284 Ι.

2384 2297 2508 2350 189.
2543 2297 2692 2361 Sitis,
2725 2297 3003 2358 desideras,
3030 2297 3068 2350 1.

2384 2367 2506 2420 190.
2542 2367 2776 2432 Rudera,
2825 2368 3020 2434 arizzi,
3059 2368 3136 2420 vel
3176 2379 3417 2424 stercora.
3458 2371 3664 2426 Iludcra
3709 2375 3846 2428 dictat

2315 2437 2589 2488 maceriam
2615 2437 2796 2499 ruime,
2827 2437 2867 2490 Ι.

2388 2505 2512 2628 1'92l.
2545 2506 2795 2570 Parnalis,
2824 2509 3006 2560 durus.
3053 2536 3125 2548 —
3173 2507 3430 2574 Excudit,
3459 2511 3706 2580 fabricat,
3731 2529 3864 2568 esco-

2388 2591 2441 2628 l.
2499 2615 2512 2628 .

2312 2584 2441 2642 quit,
2474 2584 2512 2628 Ι.

2390 2645 2508 2700 191.
2543 2646 2755 2719 Arcuis,
2787 2647 2915 2699 sicut
2947 2645 3250 2701 Pacta/itaet
3271 2649 3382 2713 alii,
3407 2651 3447 2704 I.

1973 2800 2532 2858 COMMENTARIUS.
2599 2862 2613 2872 ,

696 2939 818 2997 165.
871 2940 1086 3010 Teolius
1128 2938 1384 3007 lgnatiunt
1437 2937 1662 3010 Comum
1714 2941 2006 3006 impugnat,
2061 2940 2204 3010 quod

626 3011 972 3082 aftirmaverit
1017 3009 1357 3082 Prudentium
1383 3011 1434 3082 in
1453 3008 1532 3082 bis
1555 3024 1734 3082 rerum
1759 3011 2022 3078 adjunctis
2046 3008 2204 3064 citar-

626 3081 806 3133 raudis
833 3079 990 3148 paulo
1016 3079 1170 3133 aliter
1195 3094 1257 3131 ac
1288 3079 1338 3130 in
1369 3079 1511 3132 Actis
1536 3080 1858 3144 referuntur,
1882 3091 1972 3133 aut
1999 3082 2202 3145 poetica

628 3151 838 3217 licentia
878 3151 1123 3210 abusum,
1169 3162 1259 3199 aut
1297 3148 1453 3217 longe
1491 3149 1556 3202 ab
1589 3148 1728 3203 Urbe
1761 3150 1898 3202 binis
1941 3159 2200 3203 remotum

628 3212 851 3286 Alpibus
901 3236 1034 3282 tetu,
1085 3219 1158 3272 nti
1203 3212 1415 3282 accidit,
1462 3233 1564 3271 non
1606 3220 1737 3272 bene
1781 3220 2056 3281 didicisse.
2093 3223 2202 3273 Iatsi

628 3302 804 3343 autem
825 3289 1210 3354 descriptiones
1233 3289 1452 3355 pueticte
1470 3289 1790 3342 arumniores
1812 3290 2204 3343 narrationibus

2310 2940 2549 3002 spositas,
2582 2939 2722 3008 quod
2749 2953 2778 2992 a
2819 2949 2989 2994 metro
3015 2939 3231 2994 minimc
3250 2938 3538 3007 respuitur.
3572 2939 3868 2996 Parrhasius

2311 3010 2479 3062 edidit
2505 3009 2802 3082 dispositas,
2827 3011 2876 3061 in
2909 3008 3368 3082 emendationibus
3391 3012 3694 3079 subrogavit
3710 3012 3869 3082 dispo-

2311 3090 2452 3154 stas._
2465 3079 2788 3154 quodaures
2818 3079 3255 3154 magisprohant.
3333 3147 3347 3154 _
3370 3137 3413 3154 Α

2386 3148 2511 3202 17Ξ.
2540 3148 2714 3202 Utitur
2740 3147 3061 3203 Laurentius
3087 3164 3218 3203 voce
3245 3147 3488 3216 ambigua
3525 3149 3732 3210 sanctis,
3771 3166 3868 3214 qua

2313 3217 2533 3284 intelligi
2573 3229 2791 3286 possent
2831 3220 3063 3271 sacraria
3103 3229 3156 3272 et
3183 3219 3466 3273 secretaria
3497 3221 3756 3278 ecclesia.
3783 3234 3869 3271 seu

2311 3302 2456 3349 arca,
2483 3288 2564 3340 vel
2593 3288 2750 3340 etiam
2781 3289 2950 3352 ipsum
2976 3289 3250 3351 templum,
3271 3296 3324 3342 et
3344 3289 3498 3340 simul
3519 3288 3872 3352 significantur

631 3360 898 3413 historicis
937 3345 1056 3412 esse
1089 3345 1338 3418 debeant,
1383 3368 1558 3411 tamen
1594 3359 1639 3413 si
1677 3360 1780 3425 qiia
1813 3359 1879 3410 sit
1911 3361 1964 3411 in
2005 3374 2062 3412 re
2091 3359 2202 3424 ipsa
2234 3345 2280 3407 C
2313 3345 2570 3423 pauperes
2605 3345 2895 3410 Clit‘iStiani
2926 3373 2941 3412 :
2974 3345 3115 3418 naui,
3161 3368 3217 3409 ut
3239 3345 3483 3410 constitit
3523 3345 3756 3412 advers.
3787 3361 3870 3422 80,

630 3431 889 3494 varietas,
924 3429 1054 3481 fides
1084 3429 1259 3496 purius
1287 3427 1584 3481 adhibenda
1611 3436 1698 3481 est
1729 3428 2018 3481 Prudentia
2045 3443 2206 3496 quam

631 3498 774 3552 Actis
803 3499 1103 3568 annnymis.
1150 3500 1280 3551 Nam
1315 3498 1455 3564 quod
1497 3499 1571 3550 ait
1601 3498 1817 3559 Cornus,
1864 3499 2207 3552 Prudentium

631 3569 770 3623 hunc
796 3569 1048 3636 hymnum
1079 3569 1270 3622 fecisse
1289 3570 1562 3634 juvenem,
1586 3576 1642 3620 et
1667 3579 1950 3633 antequam
1984 3568 2207 3621 Romam

630 3639 886 3703 venisset,
910 3647 964 3692 et
986 3649 1140 3708 poeta
1169 3639 1432 3708 palatinus
1464 3636 1654 3690 fuisset
1681 3639 2035 3708 renuntiatus,
2057 3653 2209 3708 ungui

630 3710 713 3760 ha:
739 3719 860 3761 sunt
881 3709 997 3761 sine
1023 3707 1128 3760 ullo
1155 3707 1347 3760 idoneo
1377 3717 1594 3760 auctore
1621 3707 1860 3772 prolatio.

702 3779 827 3834 161.
858 3777 1008 3833 Nunc
1032 3780 1105 3831 ait
1127 3794 1218 3838 pro
1244 3778 1450 3844 templo.
1484 3785 1666 3844 postea
1701 3792 1842 3830 vers.
1876 3778 2000 3837 175.
2031 3778 2209 3844 ingens

627 3849 849 3912 atrium;
898 3863 1043 3901 vers.
1080 3849 1200 3909 175,
1251 3863 1340 3913 per
1366 3855 1588 3915 patentes
1626 3848 1884 3916 porticus;
1910 3862 2052 3900 vers.
2085 3848 2204 3909 178,

628 3928 880 3971 sacratam
892 3918 1109 3985 januum
1136 3932 1156 3971 :
1176 3933 1296 3984 qua:
1316 3919 1491 3985 omnia
1518 3915 1749 3983 probant
1780 3915 1962 3969 Romae
1989 3918 2206 3970 domum

628 3990 858 4046 amplam
890 3984 1053 4040 fuisse
1081 3989 1132 4040 in
1162 4002 1318 4055 quam
1345 3984 1633 4038 Christiani
1669 3994 1826 4039 aetate
1851 3987 1909 4038 S.
1942 3986 2207 4039 Laurentii

629 4055 1051 4118 conveniebant;
1094 4065 1149 4110 et
1182 4071 1302 4114 ante
1334 4063 1460 4108 tunc
1483 4057 1673 4108 saltem
1701 4068 1730 4106 a
1770 4057 2022 4122 praelecto
2051 4055 2209 4109 Urbis

631 4126 790 4178 fuerit
812 4125 1044 4192 cognita.
1075 4126 1382 4187 llujusmodi
1413 4123 1558 4178 sedes
1583 4139 1752 4176 sacrae
1779 4140 1807 4176 a
1843 4124 2028 4191 primis
2053 4126 2210 4178 Chri-

629 4195 816 4247 stianis
851 4209 952 4246 non
1003 4195 1406 4262 appellabantur
1447 4195 1712 4262 templum,
1759 4195 1900 4259 quod
1951 4197 2062 4247 haec
2107 4211 2208 4248 vos

631 4265 812 4318 nescio
849 4265 974 4333 quid
1015 4263 1432 4333 cnnsccrationis
1473 4278 1689 4331 paganze
1722 4263 2003 4317 ind'caret.
2050 4265 2120 4316 De
2149 4281 2210 4318 re

629 4335 786 4401 plane
823 4332 1051 4388 constat.
1102 4337 1180 4388 Ad
1225 4351 1237 4386 ι
1274 4332 1535 4402 sarculum
1575 4333 1803 4400 pertinet
1841 4335 1982 4402 quod
2025 4345 2210 4388 auctor

633 4403 998 4473 lto-cognition.
1033 4404 1085 4456 in
1116 4407 1208 4455 lin.
1237 4403 1400 4457 refert
1426 4420 1444 4473 :_
1470 4401 1807 4473 Theophilus.
1833 4401 2051 4472 quierat
2080 4420 2208 4456 cun-

627 4475 722 4526 ctis
750 4471 1034 4540 potentibus
1059 4475 1112 4526 in
1136 4476 1336 4525 civitate
1363 4471 1649 4534 sublimior,
1674 4471 1856 4524 donius
1881 4489 1989 4526 sua!
2026 4475 2206 4540 ingen-

628 4555 727 4596 tem
758 4543 1020 4597 basilicam
1045 4543 1271 4596 ecclesiae
1311 4543 1510 4595 nomine
1547 4543 1877 4596 consecravit.
1927 4544 2206 4606 Eusebius,

628 4615 719 4666 lib.
751 4629 863 4676 vut,
887 4627 1002 4681 cap.
1032 4614 1084 4675 1.
1111 4622 1292 4666 narrat
1313 4613 1739 4664 Christianorum
1765 4627 2046 4666 numerum
2071 4616 2208 4666 inter

632 4682 893 4737 Valeriani
916 4693 972 4737 et
1001 4681 1313 4736 Diocletiani
1348 4682 1768 4748 persecutionem
1790 4686 1923 4734 adeo
1949 4681 2205 4747 crevisse,

626 4764 680 4803 ut
708 4755 888 4820 priscis
910 4754 1146 4821 adiﬁciis
1159 4755 1274 4822 jam
1298 4768 1399 4803 non
1427 4751 1666 4811 contenti,
1697 4753 1748 4802 in
1768 4751 1986 4818 singulis
2008 4753 2211 4804 urbibus

624 4824 875 4885 spatiosas
921 4827 984 4875 ab
1031 4825 1159 4890 ipsis
1206 4822 1551 4890 fundamentis
1595 4830 1906 4872 exstruerem
1953 4822 2210 4874 ecclesias.

623 4894 848 4958 Optatos
872 4893 1207 4948 Milevitanus
1231 4894 1321 4943 lih.
1350 4905 1364 4941 ι
1391 4899 1612 4942 testatur
1635 4901 1758 4942 ante
1780 4892 2210 4955 persecutionem

629 4963 942 5016 Diocletiani
992 4964 1241 5015 basilicas
1288 4961 1466 5027 plures
1519 4961 1843 5026 fuissequae
1893 4959 2212 5013 Christianis

623 5031 812 5085 ablatio
841 5041 986 5096 sunt,
1022 5043 1200 5099 postea
1233 5032 1514 5084 restituite.
1549 5028 1622 5081 De
1662 5028 1904 5080 ccclesiis
1935 5029 1986 5081 in
2019 5032 2209 5082 ultima

631 5107 999 5157 persecutione
1044 5101 1401 5156 Diocletianca
1450 5099 1567 5150 snln
1615 5099 1838 5162 mutilatis
1888 5099 2084 5162 passim
2136 5100 2213 5152 lo-

623 5181 859 5238 quuntur
878 5173 1164 5234 Arnobius,
1184 5171 1511 5228 Lactantius,
1531 5167 1812 5226 Eusebius.
1832 5167 2209 5238 Hieronymus,

627 5244 974 5308 Augustinus,
1001 5243 1394 5301 Theodoretus,
1427 5238 1632 5308 Gildas,
1665 5245 1719 5288 et
1743 5238 1852 5291 alii.

697 5307 818 5365 1765.
853 5312 966 5365 Gis.
993 5329 1051 5364 eu
1065 5315 1180 5378 jam
1205 5325 1224 5363 :
1252 5310 1304 5362 in
1329 5323 1496 5377 pruna
1525 5307 1637 5371 ed.,
1660 5317 1707 5358 et
1731 5309 1869 5376 jam,
1899 5307 2040 5375 quod
2081 5308 2210 5362 reli-

663 5381 714 5432 Iti
745 5384 960 5435 habent.

622 5396 714 5447 qui
745 5396 960 5435 habent.

695 5451 819 5505 166.
845 5452 989 5513 Ald.,
1024 5451 1167 5510 Put.,
1196 5450 1396 5508 0mm,
1426 5447 1650 5517 fervidus
1675 5446 1849 5498 Judea'.
1877 5463 2031 5498 avaro
2054 5463 2073 5498 :
2097 5446 2211 5511 ple-

627 5521 799 5587 rique,
842 5521 1005 5575 etiam
1036 5522 1300 5582 lleinsius,
1344 5530 1397 5573 et
1439 5518 1777 5584 Parrhasius,
1808 5518 2002 5583 fervida
2039 5518 2212 5570 Judex
2274 5538 2283 5548 -

619 5608 992 5721 αιἭῗῖΑιᾱ..
1031 5659 1204 5721 Sich.,
1245 5659 1484 5721 Marmct
1513 5656 1764 5710 nonnulli
1808 5656 1893 5708 alii
1925 5671 2044 5717 cum
2075 5655 2211 5718 Gis.,

629 5713 850 5793 went,
879 5713 1156 5794 disponas.
1191 5713 1569 5794 Castigatiores
1599 5727 1894 5789 licinsiani,
1923 5713 2108 5792 Alex"
2135 5713 2215 5777 di;

2314 3437 2617 3480 sanctorum
2664 3429 2952 3494 appellavit)
2987 3427 3300 3480 Christianis
3335 3427 3583 3480 omnibus
3620 3429 3871 3481 tribueba-

2315 3507 2402 3548 tur
2425 3512 2439 3550 :
2468 3497 2715 3549 Sanctum
2748 3513 2841 3561 pro
2869 3499 3064 3564 templo
3094 3514 3199 3550 non
3226 3507 3308 3550 est
3336 3513 3434 3548 Vox
3458 3498 3630 3549 solum
3656 3501 3718 3548 ad
3743 3498 3872 3550 Lati-

2315 3567 2537 3620 nitatem
2577 3567 2980 3635 inscriptionum
3013 3565 3310 3631 referenda,
3351 3567 3488 3632 quod
3523 3569 3756 3619 tnnntulli
3786 3583 3872 3635 pu-

2314 3643 2538 3706 taruntn
2563 3635 2777 3706 Persius
2820 3652 2917 3706 pro
2963 3638 3160 3703 templo
3200 3637 3375 3701 posuit
3407 3646 3641 3689 sanctum
3680 3649 3779 3689 sat.
3821 3641 3872 3706 ‘2,

2312 3719 2450 3759 vers.
2479 3704 2549 3759 69
2574 3723 2586 3758 :
2616 3705 2800 3768 D-‘cite,
2820 3704 3166 3774 pontiﬁcesdn
3188 3715 3364 3759 saneto
3389 3706 3512 3774 quid
3532 3707 3655 3775 facit
3678 3704 3872 3759 aurum.

2385 3776 2508 3830 181.
2537 3775 2764 3829 llailshr.
2789 3817 2802 3837 ,
2834 3781 3026 3842 fragor,
3058 3791 3215 3844 supra
3244 3781 3460 3829 clamor.

2389 3846 2510 3900 183.
2546 3847 2724 3907 l’rag.,
2752 3863 3017 3899 conversus
3043 3847 3133 3898 ad.

2386 3915 2508 3969 184.
2543 3916 2598 3968 In
2639 3917 2795 3980 Man,
2843 3917 2980 3970 Vatt.
3022 3917 3089 3981 A,
3148 3915 3210 3978 Β,
3253 3913 3374 3968 Rat.
3415 3907 3752 3970 desideratiir
3791 3930 3876 3983 que

2315 3995 2434 4050 post
2467 3985 2648 4040 oculis.

2386 4055 2511 4109 185'.
2542 4057 2670 4109 Mar.
2703 4071 2729 4105 a
2759 4054 2925 4121 prima
2950 4069 3133 4120 manu,
3164 4052 3387 4115 Widm.,
3415 4057 3536 4118 quid
3567 4056 3766 4124 furens.

2387 4125 2510 4178 186.
2545 4125 2858 4179 Parrhasius
2897 4125 3200 4180 emendavit
3245 4127 3499 4178 minaris:
3525 4125 3623 4179 sed
3666 4127 3877 4195 probum

2315 4203 2393 4247 0:1
2418 4196 2688 4248 minitaris.

2388 4267 2510 4336 με.
2542 4264 2855 4336 Parrhasius
2883 4264 3070 4319 scribit
3088 4266 3389 4336 dispuenda.

2387 4335 2506 4386 189.
2541 4333 2616 4388 De
2644 4335 2737 4388 siti
2763 4336 2873 4388 auri
2899 4336 3016 4388 vide
3041 4333 3179 4389 vers.
3204 4336 3293 4390 45.

2387 4405 2507 4457 190.
2543 4405 2690 4457 Sich.
2721 4416 2961 4457 stercora.
3019 4407 3206 4458 ltetine
3233 4405 3441 4467 rudera,
3470 4403 3654 4456 Codex
3701 4404 3877 4457 Ambr.

2315 4473 2508 4526 scribit
2545 4474 2766 4538 effossa,
2795 4477 2934 4538 quod
2984 4473 3239 4528 damnare
3267 4491 3370 4526 nun
3407 4477 3566 4527 audet
3600 4475 3879 4535 Heinsius;

2315 4559 2434 4595 nam
2465 4544 2518 4596 in
2551 4545 2851 4597 veterrimis
2885 4544 3112 4595 Maronis
3159 4544 3552 4610 cscrnplaribns
3592 4555 3881 4596 occurrunt

2315 4613 2559 4680 olfugere,
2585 4613 2852 4684 effulgere,
2878 4612 2955 4679 o/T
2953 4629 3059 4674 ore,
3084 4612 3274 4684 absolvi
3296 4615 3420 4672 aris,
3445 4626 3497 4664 t-t
3519 4615 3737 4664 similia.
3761 4614 3882 4664 Vide

2315 4686 2611 4736 Comment.
2654 4683 2890 4735 advers.
2935 4687 3066 4736 4w.-
3107 4683 3554 4752 Psyehnmachizu.
3603 4685 3659 4735 ln
3707 4685 3880 4745 glossa

2315 4753 2472 4805 nrizzi
2499 4754 2810 4804 vocabulum
2842 4761 2922 4804 cst
2948 4753 3088 4820 quod
3135 4755 3308 4806 solum
3342 4752 3549 4806 Isonem
3583 4752 3751 4806 habet
3792 4768 3883 4804 au-

2316 4837 2516 4873 ctorem
2544 4822 2680 4884 apud
2715 4821 3060 4890 Ducangium.

2388 4890 2510 4946 192.
2555 4892 2683 4944 Mar.
2724 4907 2752 4944 a
2786 4894 2952 4958 prima
2985 4906 3175 4954 manu,
3208 4891 3385 4956 Prag.,
3424 4891 3594 4949 Rott.,
3633 4890 3881 4943 excludit.

2320 4960 2432 5014 \‘ox
2483 4960 2693 5024 paruulis
2725 4963 2947 5022 Paulini,
3000 4961 3266 5028 l‘t-osperi,
3297 4962 3522 5023 Sedulii,
3556 4962 3700 5013 Aviti
3733 4972 3788 5013 et
3815 4961 3885 5011 si-

2318 5031 2520 5084 milium
2548 5040 2646 5084 cst.
2679 5030 3043 5083 Tertullianus
3071 5043 3228 5081 etiam
3259 5031 3328 5084 de
3353 5033 3537 5084 eadem
3574 5045 3634 5083 re
3662 5045 3792 5097 cap.
3822 5029 3886 5082 21

2318 5101 2576 5167 Apolog.:
2610 5099 2790 5169 Itaque
2817 5117 2930 5152 cum
2960 5101 3065 5152 rice
3084 5101 3435 5153 rebellantium
3473 5107 3850 5169 ergastulorum
3870 5139 3885 5160 ,

2317 5173 2418 5222 sive
2447 5185 2727 5232 carcerum,
2757 5173 2832 5222 rel
2860 5171 3179 5222 metallorum
3197 5209 3210 5229 ,
3246 5174 3319 5222 rel
3345 5171 3439 5222 hoc
3464 5187 3622 5236 genus
3673 5170 3889 5236 pinnulis

2319 5239 2568 5291 servitutis
2591 5248 2862 5310 erumpunt
2899 5241 3138 5292 adversus
3168 5255 3278 5290 nos.
3311 5239 3386 5292 De
3415 5255 3522 5308 quo
3549 5255 3756 5310 genere
3783 5254 3889 5306 ptu-

2320 5323 2403 5361 utn
2432 5317 2592 5373 agunt
2615 5306 2890 5361 Gallonius
2910 5317 2964 5361 et
2989 5309 3322 5370 Sagittarius.

2393 5379 2514 5431 195.
2558 5378 2702 5438 llat.,
2739 5380 2924 5442 llong.,
2951 5377 3170 5440 Widm.,
3205 5388 3250 5430 et
3276 5378 3440 5430 anmis
3469 5393 3566 5447 pro
3591 5379 3671 5431 vel
3704 5379 3891 5432 amnis.

2323 5445 2439 5497 Vat.
2477 5451 2539 5510 Λ,
2567 5449 2738 5511 Ευηιη
2771 5449 3000 5501 Hailshr.
3031 5461 3059 5501 a
3091 5450 3256 5514 prima
3288 5445 3753 5507 tuanu,‘turbidus.

2391 5517 2512 5571 195.
2549 5516 2656 5570 llac
2683 5533 2813 5588 voce
2851 5519 3154 5571 terrulentus
3179 5531 3306 5569 usus
3345 5519 3504 5570 etiam
3545 5531 3625 5571 est
3654 5519 3715 5571 in
3745 5516 3891 5588 prch.

2325 5584 2583 5645 "amart...
2612 5601 2750 5640 vers.
2774 5586 2824 5639 5.

2397 5657 2514 5710 196.
2542 5655 2797 5709 Weitzius
2840 5657 3028 5712 scribit
3071 5657 3320 5727 dequoqui
3365 5670 3482 5711 cum
3523 5656 3768 5712 llailshr.
3798 5655 3893 5710 Alii

2323 5735 2488 5788 recte,
2521 5727 2747 5792 decoqui.
