4024 6292
653 344 757 400 515

646 459 752 516 295
904 462 1048 527 Quos
1078 477 1174 516 nec
1203 460 1392 515 favillis
1419 460 1622 517 obruatE

904 552 1094 617 Ruina,
1126 567 1224 607 nec
1249 552 1332 606 fur
1355 551 1650 606 subtrahat.

821 641 970 698 Nunc
994 643 1132 698 addo
1157 656 1396 712 gemmas
1425 631 1652 701 nobiles.

899 733 977 789 Ne
1015 749 1300 802 pauperem
1329 732 1597 787 Christum
1626 743 1816 801 putes:

893 825 1145 878 Gemmas
1171 824 1378 878 corusci
1410 823 1650 887 luminis,

889 913 1051 983 913
1079 913 1312 967 Ornatur
1340 913 1441 967 hoc
1467 913 1722 980 templum
1750 913 1961 983 quibus.

821 1004 1009 1058 Cernis
1037 1015 1273 1060 sacratas
1301 1007 1552 1076 virgines,
1966 1067 1973 1074 ,
2013 1009 2016 1013 ’

885 1095 1094 1150 Miraris
1124 1097 1352 1151 intactas
1373 1113 1528 1161 anus,

893 1188 1162 1258 Primique
1187 1199 1309 1258 post
1333 1188 1586 1242 damnum
1616 1188 1716 1242 tori

887 1280 1027 1348 Ignis
1050 1281 1269 1335 secundi
1301 1280 1530 1334 nescias.

635 1371 744 1424 5υᾴ
818 1370 929 1425 lloc
952 1381 1034 1425 est
1064 1372 1261 1424 monile
1293 1370 1543 1425 Ecclesia:
1572 1386 1588 1423 :
1652 1369 1658 1374 ’

892 1463 985 1518 llis
1013 1463 1102 1517 illa
1123 1465 1352 1533 gemmis
1371 1463 1621 1528 comitur,

886 1553 1073 1606 Dotata
1103 1553 1182 1606 sic
1208 1551 1425 1606 Christo
1453 1553 1652 1620 placet,

889 1643 980 1698 Sic
1001 1653 1159 1698 ornat
1186 1643 1353 1698 altum
1382 1642 1660 1697 verticem.

640 909 746 966 300

1742 341 2021 397 AURELII
2060 342 2191 402 PRU

2309 343 2429 398 NTII
2469 345 2794 399 CARMINA.
2999 357 3006 362 ’
3785 359 3892 416 -316

2250 466 2300 525 Α

2509 463 2702 518 Eccum
2735 465 2930 518 talenta
2957 466 3196 536 suscipe,

2585 555 2750 626 915.
2769 556 2998 612 Ornabis
3022 557 3206 611 urbem
3234 556 3539 624 Romulam,

2587 646 2790 700 Ditabis
2817 657 2873 701 et
2899 662 3012 701 rem
3043 646 3322 716 principis,

2582 735 2703 791 Fies
2722 747 2777 793 et
2803 739 2918 807 ipse
2945 739 3130 792 ditior.

2511 829 2790 893 Ridemur,
2823 832 3086 886 exclamat
3109 830 3346 886 fremens

2580 921 2893 987 Prml‘ectus,
2917 936 2980 976 ac
3003 921 3153 976 miris
3184 922 3357 977 modis

2575 1013 2678 1067 Per
2703 1022 2781 1067 tot
2810 1014 3004 1083 ﬁguras
3025 1015 3282 1078 ludimur,
3312 1022 3314 1025 '

2580 1105 2646 1158 Et
2677 1105 2808 1159 vivit
2828 1107 3072 1161 insanum
3100 1110 3290 1176 caput!

2511 1195 2732 1263 Impune
2760 1204 2956 1260 tantas,
2982 1196 3222 1264 furcifer,

2579 1287 2840 1356 Strophas
2864 1290 3058 1343 cavillo
3083 1291 3301 1346 mimico

2583 1378 2658 1432 Te
2687 1380 2938 1434 nexuisse
2968 1381 3264 1452 existimas,

2575 1467 2708 1522 Dum
2737 1484 2920 1524 scurra
2953 1472 3118 1524 saltas
3145 1471 3374 1526 fabulam
3387 1473 3414 1528 ἲ

2505 1559 2776 1614 Concinna
2801 1563 2909 1616 visa
2935 1563 3207 1617 urbanitas

2574 1651 2738 1723 915
2769 1651 3023 1706 Tractare
3047 1662 3260 1706 uosmet
3283 1651 3536 1705 ludicris?

2338 555 2442 612 510

2321 1010 2429 1068 315

2327 1465 2430 1520 320

1937 1731 2223 1788 GLOSSAS
2267 1734 2602 1794 VETERES.

704 1825 828 1880 503.
864 1824 1146 1890 Damnum,
1173 1825 1522 1890 amissionem,
1547 1825 1587 1878 I.

700 1896 826 1949 ὅθι.
858 1895 1017 1957 lanis.
1050 1898 1258 1950 amoris.
1283 1924 1350 1935 —
1373 1895 1611 1961 Nescias,
1637 1895 1836 1960 viduas,
1867 1894 1906 1948 1.

704 1964 829 2019 305.
852 1964 1066 2030 Monile,
1094 1958 1475 2029 ornamentum:
1505 1964 1546 2019 Ι.

654 2074 663 2083 .
699 2034 822 2089 506.
856 2035 1119 2096 Comitur,
1151 2046 1382 2100 ornatur,
1411 2035 1450 2088 I.

701 2104 828 2159 507.
865 2104 1070 2166 Dotata,
1103 2115 1302 2167 Ornata,
1333 2105 1375 2158 1.

701 2174 1076 2237 509.,Eccum,
1099 2190 1229 2237 ecce,
1258 2174 1298 2228 Ι.

699 2243 825 2314 5η.
850 2242 1112 2314 Furcifer,
1142 2243 1488 2314 exclamative,
1516 2259 1785 2297 succensor
1815 2244 1967 2314 ignis,
2011 2245 2056 2298 Ι.

701 2311 1123 2382 3l8.Stroplias.
1151 2315 1415 2378 uenatias,
1446 2313 1684 2382 fraudes;
1704 2311 1968 2380 uenatias,
2001 2315 2215 2380 stropha

633 2381 775 2448 fraus
803 2398 917 2449 qua:
953 2381 1131 2450 tes/ma
1167 2394 1394 2448 vocatur,
1427 2381 1561 2436 unde
1587 2385 1886 2446 strepltosus
1909 2385 2209 2450 fraudulen-

631 2460 710 2505 tus
739 2463 963 2506 vocatur.
990 2481 1062 2491 —
1083 2449 1306 2516 Cavillo,
1337 2454 1611 2519 derisione,
1646 2455 1722 2507 vel
1759 2449 2067 2525 deceptione.
2113 2454 2214 2507 Ca-

2238 1829 2286 1888 B
2315 1828 2490 1907 uillam
2513 1831 2969 1907 _convic_iu_m.cum
3007 1834 3173 1907 joco,“
3205 1832 3441 1907 illusione
3504 1833 3584 1888 vel
3617 1833 3879 1907 deccptiom

2309 1897 2577 1952 dcrisoria.
2606 1928 2676 1938 ——
2701 1901 2929 1963 Blimico,
2963 1897 3185 1962 scurrili,
3217 1903 3258 1956 Ι.
3419 1907 3426 1917 ’

2381 1970 2504 2022 519.
2539 1969 2818 2032 Nexuisse,
2843 1971 3122 2038 involvisse,
3147 1972 3185 2026 1.

2381 2039 2503 2110 εξειο.
2532 2039 2728 2103 Saltas,
2764 2040 2954 2093 saltare
2976 2042 3118 2110 facis,
3145 2041 3224 2095 vel
3247 2041 3484 2096 saltando
3506 2043 3653 2105 dicis,
3682 2041 3723 2095 1.

2382 2107 2509 2180 521.
2533 2111 2820 2174 ttoncinua,
2853 2107 3150 2180 composita.
3181 2140 3253 2152 --
3285 2111 3425 2176 Visa,
3467 2112 3669 2166 scilicet
3696 2121 3788 2166 cst.
3817 2143 3879 2153 —-

2318 2175 2621 2240 Urlianitas,
2670 2175 2975 2245 eloquentia:
3028 2179 3340 2234 Conveniens
3384 2175 3687 2243 urbanitas,
3739 2183 3791 2233 id
3818 2193 3881 2233 (sl

2316 2246 2668 2318 pulchritudo.
2695 2249 2914 2302 Cianum
2942 2267 3098 2318 genus
3126 2252 3346 2316 potionis
3383 2267 3446 2303 επ
3476 2253 3685 2306 diuersis
3708 2253 3882 2302 mixtu-

2315 2317 2385 2368 ris
2407 2319 2732 2390 compositio;
2757 2320 2874 2373 inde
2899 2317 3149 2372 concinna
3171 2337 3272 2384 res,
3293 2337 3359 2373 ea:
3383 2321 3594 2374 diversis
3615 2324 3882 2390 composita

2319 2389 2606 2453 sententiis,
2638 2389 2740 2443 lso.

1964 2544 2155 2600 COMM
2166 2542 2530 2631 EN‘TARIUS.

703 2632 830 2690 295.
878 2633 1134 2700 llailsbr.,
1159 2636 1296 2704 quod
1340 2651 1450 2690 nec.
1477 2638 1552 2692 Ex
1582 2637 1711 2693 Luc.
1742 2654 1850 2704 xu,
1883 2636 1952 2692 ⁸55
1978 2655 1989 2689 :
2025 2636 2203 2691 Facite

630 2704 767 2756 nobis
792 2706 1022 2758 sacculos
1042 2708 1130 2774 qui
1155 2722 1255 2758 non
1281 2717 1623 2771 veterascunt,
1665 2709 1955 2761 thesaurum
1985 2724 2084 2760 non
2115 2710 2203 2760 de-

631 2774 874 2838 ﬁcientem
910 2777 962 2828 in
999 2777 1134 2829 cretis
1154 2791 1173 2828 :
1194 2792 1293 2844 quo
1317 2781 1401 2842 [ur
1429 2793 1529 2830 non
1549 2778 1851 2847 appropiat,
1879 2793 2038 2845 neque
2066 2779 2201 2831 tinea

630 2847 924 2911 corrumpit.

695 2914 820 2967 299.
854 2913 1000 2978 Ald.,
1031 2913 1146 2969 (iis.
1177 2913 1344 2981 prima
1374 2915 1462 2968 ed.
1493 2917 1544 2971 in
1593 2926 1776 2981 textu,
1805 2917 2056 2980 numinis;
2087 2932 2201 2970 mc-

628 2981 730 3036 lius
755 2983 838 3036 alii
863 2985 1087 3037 luminis.
1115 2984 1206 3039 Sic
1232 2998 1370 3038 vers.
1400 2985 1525 3052 205,
1563 2987 1630 3039 lli
1669 2997 1785 3039 sunt
1825 2987 2020 3040 alumni
2050 2987 2203 3038 lumi-

626 3053 712 3176 {iis
730 3067 749 3105 :
775 3069 1076 3135 quanquam
1108 3056 1207 3109 lioc
1248 3055 1370 3108 loco
1397 3071 1728 3125 gemmarum
1750 3058 2002 3125 splendor
2033 3057 2195 3111 intel-

649 3137 713 3176 utt
747 3133 959 3176 nutertt.

649 3127 713 3190 igi
747 3127 959 3186 poterit.

696 3189 820 3266 500.
853 3193 1132 3266 singulare
1158 3193 1260 3266 hoc
1289 3195 1606 3260 notandum,
1652 3197 1793 3265 quod
1824 3196 2050 3250 relativo
2086 3198 2202 3266 qui-

625 3262 724 3335 bus;
741 3262 1050 3335 absolvatur
1075 3265 1313 3335 stropha.
1346 3280 1468 3318 raro
1493 3262 1828 3335 trajectionis
1856 3262 2122 3333 exemplo.

697 3332 819 3406 "abl.
847 3332 979 3387 Mar.
1011 3348 1038 3384 a
1072 3332 1239 3406 prima
1281 3349 1462 3406 manu,
1515 3332 1694 3406 Prag.,
1739 3334 1961 3401 Widm.,
2011 3332 2188 3400 Cerne;

628 3399 880 3463 llailsbr.,
905 3399 1095 3456 cernes.
1122 3404 1244 3468 Alii,
1267 3405 1449 3456 cernis.

696 3470 821 3524 502.
847 3472 1034 3540 Bong.,
1053 3472 1232 3536 Fabr.,
1253 3474 1386 3536 PaL,
1402 3474 1513 3527 Gis.
1529 3474 1696 3539 priina
1710 3474 1822 3537 ed.,
1841 3476 2055 3536 mireris,
2086 3475 2195 3538 alii,

629 3541 854 3598 miraris.
874 3541 1234 3596 Nebrisscnsis
1249 3555 1301 3597 et
1316 3543 1706 3598 Cliamillardus
1720 3561 1850 3597 anus
1871 3547 2087 3598 intactas
2118 3545 2200 3597 in-

632 3611 1001 3679 tefliguntesse
1015 3613 1202 3666 viduas
1217 3614 1349 3680 ignis
1359 3615 1571 3666 secundi
1596 3617 1787 3668 nescias
1813 3625 1928 3681 post
1947 3615 2197 3669 damnum

549 3691 556 3697 ‘
625 3683 780 3747 primi
811 3681 935 3752 tori,
957 3687 1195 3752 quamvis
1223 3683 1354 3736 alias
1383 3699 1410 3735 a
1447 3684 1670 3752 Virgilio
1707 3685 1901 3736 intacta
1929 3685 2077 3750 virgo
2112 3685 2197 3737 di-

625 3761 795 3805 catur.
830 3751 1086 3805 Existimo
1115 3751 1200 3806 liie
1223 3755 1380 3805 etiam
1413 3751 1562 3822 ipsas
1578 3765 1816 3807 sacratas
1847 3757 2082 3821 virgines
2105 3769 2197 3804 vo-

556 3863 559 3866 .
623 3822 733 3874 cari
759 3822 978 3874 intactas
1022 3839 1172 3887 unus,
1217 3823 1356 3891 quod
1382 3823 1736 3887 virginitatem
1767 3824 1832 3876 ad
1864 3834 2193 3878 senectutem

626 3892 1094 3962 conservaverint;
1145 3904 1254 3945 tum
1305 3892 1388 3945 his
1421 3892 1540 3946 addi
1587 3894 1772 3946 viduas
1817 3895 1949 3962 ignis
1988 3895 2199 3946 secundi

624 3962 838 4013 nescias.
865 3961 1079 4015 Scilicet
1107 3962 1224 4014 alia:
1250 3971 1376 4013 sunt
1401 3962 1632 4023 intactas,
1663 3964 1785 4016 alia:
1815 3961 1949 4030 ignis
1977 3963 2195 4017 secundi

626 4030 842 4099 nescire.
877 4030 1044 4083 Aldus
1073 4031 1285 4098 quidem
1314 4042 1364 4084 et
1392 4031 1708 4086 Parrhasius
1739 4033 1808 4085 ita
1843 4033 2194 4099 distinguunt,

624 4105 683 4148 ut
711 4097 1142 4167 interrogationis
1166 4109 1344 4152 notam
1373 4109 1492 4165 post
1518 4102 1736 4154 intactas
1758 4117 1888 4154 anus
1907 4097 2195 4168 apponant,

624 4176 680 4237 et
711 4170 793 4222 lso
822 4169 1052 4236 glossam
1076 4170 1254 4222 viduas
1280 4170 1495 4237 apponit
1522 4183 1642 4237 post
1672 4173 1888 4224 nescias.
1907 4171 2194 4226 Gothofre-

621 4236 739 4309 dus,
769 4239 821 4290 in
853 4239 970 4307 lege
994 4240 1028 4292 2
1055 4241 1173 4292 cod.
1199 4236 1427 4300 Tlieud.,
1456 4236 1549 4292 lib.
1574 4255 1648 4306 Ix,
1678 4245 1759 4304 tit.
1783 4240 1873 4301 25,
1897 4242 2197 4309 suspicatur

623 4306 1153 4374 legendum’inoiras,
1195 4309 1345 4376 quasi
1375 4310 1633 4372 univiras,
1664 4324 1756 4362 seu
1783 4312 1966 4364 viduas
1990 4306 2086 4376 pro
2120 4313 2198 4365 uel

619 4378 704 4448 inv
726 4385 821 4440 tas,
854 4379 974 4447 quia
1008 4394 1035 4429 a
1067 4379 1355 4432 Prudentio
1385 4379 1484 4432 hoc
1527 4378 1647 4433 loco
1687 4379 1912 4448 aliisque
1953 4380 2195 4434 l’atribus

2307 2645 2595 2702 quantoque
2635 2638 2751 2704 pius
2789 2637 2996 2700 copiosa
3020 2637 3281 2707 virginitas
3327 2652 3539 2690 numero
3583 2653 3677 2698 suo
3719 2639 3880 2701 addit,

2307 2715 2449 2777 tanto
2478 2708 2590 2770 plus
2611 2709 2856 2777 gaudium
2883 2709 3056 2759 matris
3087 2709 3334 2776 augescit.

2382 2775 2507 2830 507.
2529 2775 2762 2830 Ecclesia
2795 2788 3134 2844 comparatur
3158 2775 3373 2845 sponsa:
3412 2784 3614 2828 ornata!
3645 2777 3762 2829 viro
3789 2793 3881 2831 suo

2308 2845 2630 2916 Apocalyps.
2662 2862 2782 2904 ean.
2811 2862 2916 2901 xxt.
2948 2847 3001 2899 lu
3030 2847 3228 2916 hymno
3253 2847 3610 2916 lieilicatiouis
3638 2849 3880 2901 ecclesia:

2304 2917 2370 2994 ad
2397 2914 2672 2994 vesperas,
2700 2917 3012 2987 Sponsaaque
3033 2914 3130 2969 ritu
3153 2914 3439 2986 anguis...
3487 2914 3676 2994 potata
3701 2916 3871 2970 Patris

2307 2986 2500 3110 ghgi'lti'):
2533 3055 2848 3122 Sicltardus,
2873 3057 3137 3110 talentum.
3173 3009 3590 3118 Alex.,.alenta,
3625 3071 3784 3112 surra
3807 3071 3880 3108 ta-

2228 3103 2272 3163 C
2304 3103 2473 3178 ιεηῖᾶἶ
2488 3103 2848 3188 biennii.an
2865 3103 3709 3192 iiggiziait'a;nuntiasti
3728 3103 3878 3179 1...}.
3951 3157 3954 3160 η

2305 3196 2424 3247 nius
2448 3208 2550 3249 εει.
2575 3195 2824 3263 Alioquin
2854 3213 3024 3249 eccum
3051 3199 3154 3248 erit
3176 3211 3365 3262 purum
3397 3195 3740 3248 adverbium.

2374 3265 2498 3318 5H.
2532 3266 2736 3326 llorat.,
2769 3282 2855 3330 ep.
2900 3267 2950 3325 l,
2979 3265 3074 3319 lib.
3108 3279 3164 3326 ι,
3201 3264 3270 3318 Ut
3313 3282 3417 3317 rem
3462 3266 3644 3332 facias.
3686 3280 3795 3316 rem
3825 3263 3881 3318 Si

2305 3335 2466 3401 possis
2491 3344 2641 3396 recte,
2669 3337 2715 3387 si
2738 3351 2874 3405 non,
2909 3351 3210 3405 quocunque
3249 3352 3330 3388 me
3370 3351 3419 3387 ο.
3441 3350 3570 3388 rem.
3623 3333 3884 3387 Patrium-

2304 3405 2447 3456 nium
2477 3421 2554 3456 res
2574 3404 2857 3469 signiﬁcat.

2373 3474 2497 3526 5l5.
2529 3473 2859 3537 Parrhasius,
2893 3474 3011 3528 llat.
3043 3489 3072 3528 a
3095 3473 3260 3542 prima
3287 3488 3470 3531 manu.
3496 3472 3617 3524 Vat.
3660 3471 3703 3525 Α
3724 3487 3754 3523 a
3782 3473 3884 3537 pri-

2303 3557 2386 3595 ma
2416 3545 2904 3607 manu,Mar..Vat.
2936 3545 2995 3605 ll,
3022 3545 3196 3607 Egm.,
3223 3543 3360 3606 Pal.,
3388 3543 3639 3597 llailslir..
3669 3542 3878 3602 Ambr.,

2303 3612 2536 3671 Tltuan..
2570 3614 2705 3677 Alt.,
2749 3614 2917 3676 llott.,
2947 3623 3054 3667 tres
3076 3613 3347 3669 Torrent..
3376 3611 3648 3673 lleiusius,
3673 3609 3789 3663 (iis.
3819 3611 3884 3663 ad

2289 3697 2473 3739 oram.
2507 3685 2743 3753 fremens.
2773 3683 3029 3736 Weitzius
3052 3698 3170 3736 cum
3199 3681 3336 3753 aliis,
3371 3686 3544 3748 [urens

2371 3752 2672 3812 514.7Ald..
2697 3763 2744 3805 et
2771 3753 2948 3816 miris;
2977 3753 3086 3813 alii,
3114 3769 3172 3803 ac
3202 3752 3362 3802 miris.

2372 3822 2495 3876 517.
2524 3825 2690 3876 lsoois
2713 3823 2945 3890 glossam
2969 3837 3073 3875 non
3105 3821 3362 3887 intelligo.
3393 3819 3584 3872 Notum
3607 3827 3691 3890 0f!
3723 3817 3882 3886 furci-

2303 3888 2734 3959 ferumvoeatuui
2784 3907 2996 3945 servum
3039 3892 3128 3954 qui
3167 3890 3470 3955 ignominia:
3510 3888 3681 3956 magis
3725 3903 3882 3956 quam

2302 3962 2550 4028 supplicii
2581 3977 2740 4015 causa
2765 3961 2964 4015 furcam
2999 3963 3139 4014 circa
3169 3959 3440 4016 viciniam,
3464 3969 3556 4010 aut
3579 3972 3674 4025 per
3693 3959 3882 4028 urbem

2304 4026 2445 4084 terre
2473 4034 2778 4099 cogebatur.
2807 4032 2878 4084 lie
2911 4031 3056 4084 furca
3099 4041 3205 4084 tam
3242 4029 3409 4084 veteri
3439 4043 3599 4096 quam
3628 4041 3769 4080 nova
3796 4026 3885 4080 Li-

2302 4099 2450 4168 psius
2476 4103 2566 4155 lib.
2601 4117 2656 4154 tu
2682 4103 2748 4156 de
2776 4100 2969 4154 Cruce.

2371 4171 2495 4224 318.
2527 4172 2762 4232 Tltuan.,
2791 4172 3003 4240 capillo.
3034 4169 3193 4222 male.
3235 4167 3696 4240 ApudSedulium
3728 4165 3886 4240 li_l_i._v

2301 4252 2579 4308 perperam
2610 4236 2939 4295 eircnmlérri
2969 4240 3186 4300 tabellis,
3223 4249 3279 4291 et
3306 4238 3494 4306 favillis
3531 4252 3632 4302 pro
3661 4236 3884 4308 catillis,

2301 4305 2504 4380 notavit
2529 4310 2771 4365 Heinsius
2801 4328 2815 4362 :
2846 4309 2966 4360 Jam
2983 4313 3200 4380 jamque
3238 4305 3410 4380 uolant
3449 4305 3888 4380 mendaciaruille

2302 4376 2366 4430 In
2396 4378 2669 4432 Dominum
2709 4381 2851 4432 ranis
2882 4375 3145 4430 hominum
3170 4378 3395 4445 conﬂata
3436 4375 3659 4428 capillis.
3694 4375 3889 4428 Minius

619 4445 790 4500 vidua:
820 4445 1132 4523 et__virgines
1153 4449 1796 4523 jtmguntur,_raptusque
1828 4445 2015 4503 earum
2047 4466 2192 4523 egxge-
2224 4463 2273 4523 ι)
2301 4451 2366 4523 ab
2391 4449 2685 4503 imitatione
2727 4464 2905 4503 rerum
2934 4448 3116 4523 vilium
3147 4459 3201 4500 et
3241 4460 3596 4523 personarum
3623 4445 3836 4523 dicitur
3868 4462 3880 4494 :

619 4528 870 4582 quantur.
892 4519 1061 4572 Verba
1095 4522 1211 4582 ejus
1234 4519 1385 4586 legis,
1417 4533 1445 4570 a
1468 4519 1692 4573 Joviano
1737 4523 1855 4572 latae
1896 4534 2036 4572 anno
2066 4520 2190 4587 564,

620 4587 688 4638 ita
724 4588 957 4641 habent:
993 4587 1054 4641 Si
1082 4589 1192 4655 quis
1219 4605 1316 4640 non
1348 4589 1514 4640 dicam
1541 4606 1740 4657 rapere,
1787 4589 1875 4641 scd
1917 4591 1992 4642 vel
2030 4599 2195 4642 atten-

619 4666 726 4708 tare
750 4660 1063 4711 matrimonii
1094 4660 1344 4727 jungendi
1376 4675 1532 4711 causa
1558 4670 1786 4712 sacratas
1831 4660 2069 4724 uirgines,
2115 4661 2196 4714 vel

620 4727 805 4780 invitas
833 4745 984 4780 ausus
1007 4730 1180 4796 fuerit,
1214 4729 1424 4796 capituli
1455 4731 1701 4782 sententia
1726 4729 1962 4798 feriatur.
2009 4729 2194 4796 Couji-

616 4803 688 4848 cit
715 4808 972 4862 przeterea
1004 4800 1101 4866 legi
1133 4814 1292 4865 posse
1321 4799 1396 4851 vel
1424 4815 1524 4850 non
1551 4800 1751 4852 invitas.
1783 4799 1886 4853 Sed
1916 4798 2044 4852 milii
2069 4815 2194 4851 sen-

615 4869 776 4940 tentia
822 4869 951 4940 legis
991 4877 1137 4940 recte
1177 4868 1470 4940 procedere
1497 4869 1738 4940 videtur;
1769 4869 2194 4940 scilicctprolii-

615 4935 769 4989 betur
799 4935 1050 4992 attentari
1093 4938 1414 5004 matrimonii
1453 4938 1707 5005 jungendi
1755 4953 1912 4991 causa
1958 4938 2192 5003 virgines

614 5017 868 5070 sacratas,
890 5008 1049 5062 etiam
1078 5024 1182 5060 non
1215 5009 1428 5068 imitas,
1460 5010 1700 5075 aliasque
1729 5024 1831 5059 non
1856 5016 2088 5060 Sacratae
2114 5009 2193 5058 in-

613 5075 750 5127 vitas
793 5093 806 5129 :
855 5079 996 5150 quod
1046 5079 1286 5148 pluribus
1329 5078 1646 5132 confirmare
1687 5092 1921 5146 possem,
1964 5076 2056 5130 sed
2087 5091 2190 5129 non

615 5153 782 5196 vacat.

684 5214 808 5267 505.
845 5215 953 5268 lloc
980 5216 1209 5284 elogium
1232 5217 1493 5278 virginum
1523 5224 1577 5269 et
1620 5215 1900 5268 viduarum
1929 5215 2050 5268 adoli
2098 5230 2192 5282 po-

613 5287 737 5354 terit
761 5284 1053 5340 innumeris
1075 5287 1196 5340 aliis
1225 5286 1415 5354 quibus
1441 5285 1738 5338 Christiana
1763 5288 1978 5337 eastitas
2001 5287 2191 5338 merito

612 5353 932 5424 celebratur.
960 5357 1019 5409 S.
1052 5353 1350 5424 Cyprianus
1382 5356 1433 5408 iu
1463 5355 1581 5424 libr.
1607 5355 1674 5407 de
1706 5356 1986 5419 Disciplina
2013 5365 2066 5407 et
2091 5354 2190 5407 Ha-

614 5423 723 5473 bitu
757 5426 1018 5492 virginum
1046 5443 1058 5477 :
1094 5423 1216 5477 Flos
1248 5435 1319 5477 est
1343 5427 1430 5478 ille
1458 5423 1786 5477 ecclesiastici
1821 5425 2078 5492 germinis,
2103 5430 2186 5475 de-

611 5507 698 5563 cus
722 5503 874 5562 atque
903 5497 1476 5563 ornamentumgratiw
1505 5494 1772 5560 spiritalis,
1805 5497 1921 5545 lreta
1965 5493 2181 5563 indoles,

609 5561 794 5635 laudis
809 5573 855 5615 et
876 5565 1083 5616 honoris
1101 5581 1228 5630 opus
1249 5561 1503 5635 integrum
1524 5565 2066 5635 atquejncorruptum,
2094 5561 2185 5635 ρει

609 5630 779 5698 imago
806 5635 1117 5700 respondens
1145 5637 1212 5684 ad
1244 5630 1631 5687 sanctimoniam
1665 5631 1891 5694 Domini,
1937 5632 2189 5684 illustrior

609 5705 772 5773 portio
802 5705 968 5773 gregis
1015 5703 1225 5757 Christi.
1275 5703 1473 5757 Gaudet
1511 5719 1599 5769 per
1638 5703 1776 5766 illas,
1823 5704 2050 5766 atquein
2083 5700 2186 5752 illis

609 5772 818 5837 largiter
867 5776 1008 5828 floret
1061 5773 1298 5828 Ecclesia.
1354 5774 1530 5826 matris
1575 5773 1801 5836 qloriosa
1841 5773 2127 5832 fecunditas
2165 5786 2180 5821 :

2301 4516 2425 4572 hinc
2450 4523 2806 4586 pantomimus
2835 4518 3068 4570 omnium
3101 4513 3281 4572 rerum
3328 4515 3588 4568 imitator.
3621 4513 3890 4568 Solebant

2297 4597 2472 4640 autem
2504 4589 2649 4641 mimi
2677 4589 2827 4655 jocos
2851 4598 2904 4641 et
2930 4589 3224 4640 sapientius
3256 4587 3306 4638 in
3338 4587 3426 4638 illa
3452 4599 3551 4638 sua
3575 4598 3888 4655 reprzesen-f

2299 4659 2498 4711 talione
2525 4653 2769 4719 miscere,
2817 4671 2878 4708 ac
2927 4657 3167 4710 celebres
3218 4664 3341 4707 sunt
3377 4655 3664 4708 sententiae
3719 4653 3890 4705 l‘ublii

2300 4727 2464 4779 Mimi.
2501 4727 2825 4788 Laclantius,
2866 4727 2958 4792 lib.
2995 4739 3087 4787 vn,
3124 4741 3245 4793 cap.
3279 4725 3365 4776 Η.
3417 4724 3694 4793 Sententia
3737 4723 3894 4793 deliri

2297 4797 2514 4848 hominis
2542 4798 2761 4849 ridicula
2793 4797 2962 4865 mimo
2982 4792 3364 4865 dignior'quam
3394 4794 3576 4865 schola
3603 4792 3708 4865 fuit
3728 4792 3893 4865 _quod

2296 4866 2590 4930 sumpsisse
2620 4867 2828 4919 videtur
2857 4881 2919 4918 ex
2953 4861 3180 4918 Minucio
3205 4861 3232 4918 :7
3274 4862 3393 4916 Non
3426 4861 3739 4928 philosophi
3769 4878 3894 4912 sane

2297 4937 2484 4997 studio,
2515 4937 2603 4988 sed
2633 4936 2833 4987 nuntia;
2871 4935 2992 4987 vitio
3035 4934 3191 5001 digna
3221 4934 3321 4985 ista
3356 4935 3614 4983 sententia
3648 4932 3770 4982 visa
3798 4945 3892 4984 cs'.

2297 5004 2402 5056 Alii
2433 5005 2614 5071 legunt
2637 5007 2836 5057 mimico
2865 5004 3045 5071 (ιπιτιο,
3070 5004 3157 5056 alii
3181 5003 3324 5055 mimi
3340 5002 3595 5071 convicio.
3619 5001 3899 5053 Heraldus

2295 5089 2422 5126 vero
2449 5070 2748 5140 suspicatur
2777 5070 3053 5135 legendum
3085 5074 3225 5124 mimi
3254 5070 3462 5131 cavillo,
3491 5073 3571 5122 vel
3612 5071 3896 5130 cauillitio,

2297 5144 2379 5195 vel
2405 5146 2607 5196 mimico
2633 5143 2904 5208 caviltitio,
2932 5143 3052 5211 quia
3077 5140 3309 5195 cavillari
3345 5140 3619 5209 proprium
3654 5150 3751 5193 est
3797 5141 3901 5192 mi-

2295 5229 2524 5265 ΙΙΝΗΊΙΙΙΙ.

2365 5282 2488 5336 519.
2520 5282 2681 5350 lleele
2710 5280 2945 5350 strephas
2973 5287 3168 5334 nectere
3195 5280 3411 5333 dicitur.
3440 5278 3777 5331 Ammianus
3804 5278 3904 5331 lib.

2295 5366 2384 5413 xv,
2419 5350 2486 5402 Et
2511 5349 2676 5403 Paulo
2705 5349 2908 5418 quidem
2939 5351 3176 5404 Cari-tun:
3211 5350 3434 5402 inditum
3469 5359 3541 5400 est
3571 5363 3903 5416 cegnomcn,

2295 5437 2351 5472 eo
2382 5423 2517 5486 quod
2547 5423 2596 5472 in
2627 5419 2991 5490 complicandis
3013 5419 3391 5472 calumniarum
3419 5419 3632 5470 nexibus
3656 5429 3783 5470 erat
3818 5419 3905 5468 inv

2293 5491 2621 5542 dissolubilis.

2361 5561 2484 5614 5°20.
2518 5559 2861 5612 Saltalmuur
2904 5558 3065 5611 etiam
3111 5556 3302 5611 labulre
3345 5565 3400 5609 et
3446 5556 3694 5610 carmina
3732 5599 3750 5619 ,
3796 5555 3910 5610 huc

2291 5639 2393 5688 cst,
2423 5632 2559 5682 saltu
2589 5628 3126 5695 reprarsentabantur,
3157 5627 3226 5680 de
3257 5643 3364 5694 quo
3397 5626 3550 5693 plura
3582 5627 3650 5677 ad
3683 5625 3911 5678 [hirria-

2291 5714 2436 5750 num.
2468 5698 2705 5758 Ovidius,
2759 5699 2851 5752 lib.
2887 5713 2917 5744 ν
2948 5698 3136 5764 'l‘rist.,
3181 5698 3318 5767 eleg.
3348 5698 3380 5749 7
3417 5715 3428 5748 :
3461 5695 3725 5760 Car‘niiua
3759 5696 3909 5764 quod

2290 5768 2440 5832 pleno
2471 5770 2647 5824 saltari
2679 5778 2850 5821 nostra
2875 5769 3087 5821 theatro.
