4024 6292
417 455 580 524 Egon’
601 452 887 508 cachinnis
913 447 1160 503 venditus
1784 449 1834 506 Α

423 548 652 604 Acroma
677 546 925 601 festivum
960 543 1036 596 fili
1053 543 1076 594 ?

187 645 284 702 525
356 639 572 698 Adeone
598 637 741 693 nulla
767 635 1076 697 austeritas,

420 729 659 787 Censura
684 727 828 782 nulla
856 733 938 780 est
965 723 1234 778 fascibus?

423 820 624 877 Adeon‘
646 815 876 874 securim
897 814 1164 886 publicam

423 912 599 969 Mollis
627 908 866 964 retundit
895 906 1127 962 lenitas?

357 1004 528 1059 Dicis:
554 1001 804 1056 Libenter
829 1005 1076 1066 oppetam
1108 1013 1122 1048 :

428 1092 616 1146 Vntiva
648 1103 793 1144 mors
818 1097 897 1148 est
919 1085 1162 1158 martyri.

425 1183 522 1237 Est
545 1181 648 1236 ista
675 1178 850 1242 vobis,
883 1177 1150 1244 novimus,

428 1270 799 1327 Persuasionis
837 1268 1062 1322 vanitas.

359 1363 518 1434 916
543 1361 649 1416 Sed
678 1375 784 1414 non
803 1359 1001 1414 volenti
1034 1355 1357 1426 impertiam,

430 1454 719 1508 Praestetur
744 1459 803 1504 ut
829 1448 1016 1503 mortis
1042 1447 1164 1501 cita:

429 1543 854 1614 Compendiosus
879 1543 1054 1595 exitus
1083 1558 1098 1592 :

434 1636 618 1692 Perire
641 1635 833 1703 raptim
859 1649 964 1686 n-m
991 1632 1148 1685 dabo.

372 1730 534 1784 Vitam
565 1725 778 1793 tenebo,
810 1734 866 1780 et
891 1722 1130 1779 dill‘eram

200 1112 288 1160 .490

213 1551 305 1608 555

1321 308 1886 392 rmnsrernaubx
1928 335 2142 390 unus.
2181 316 2252 390 ll.

2114 445 2294 499 Poenis
2320 459 2586 502 morarum
2609 446 2845 516 jugibtts,

2113 537 2176 589 Et
2201 549 2346 589 mors
2378 537 2759 592 inextricabilis

2110 628 2320 697 Longos
2342 627 2552 685 dolores
2578 630 2871 699 protrahet.

2036 719 2240 772 Prunas
2271 727 2513 788 tepentes
2540 721 2782 780 sternite.

2121 809 2198 866 Ne
2229 811 2406 867 fervor
2437 813 2634 882 ignitus
2663 814 2841 868 nimis-

2111 903 2185 957 Us
2211 905 2538 958 contumacis
2565 911 2812 974 occupet.

2110 994 2176 1048 Et
2204 994 2381 1049 cordis
2410 995 2571 1050 intret
2601 995 2800 1052 abdita.

1860 628 1964 682 5‘0

1858 1085 1964 1141 5i5
2034 1086 2196 1155 917
2229 1084 2404 1154 Vapor
2428 1085 2712 1141 senescens
2732 1085 2997 1156 languea',

2123 1176 2226 1244 Qui
2251 1175 2399 1232 fusus
2429 1177 2608 1230 afﬂatu
2641 1177 2741 1232 levi

2113 1270 2402 1343 Tormenta
2441 1269 2639 1324 sensim
2680 1278 2944 1338 temperet

2112 1359 2456 1413 Semustulati
2486 1360 2750 1428 corporis.

2045 1453 2187 1507 Bene
2215 1463 2317 1517 est,
2351 1455 2490 1522 quod
2519 1455 2634 1524 ipse
2660 1469 2727 1509 ex
2757 1453 3006 1508 omnibus

2112 1547 2520 1616 Mysteriart-hes
2563 1546 2784 1600 incidit:

2120 1637 2217 1690 llic
2239 1638 2384 1690 solus
2405 1637 2706 1706 exemplum
2735 1637 2903 1697 dabit.

2120 1727 2255 1793 Quid
2291 1741 2414 1781 mox
2447 1727 2640 1783 timere
2667 1726 2923 1782 debeant.

1866 1547 1970 1602 530

1497 1810 1782 1866 CLOSSAE
1820 1815 2160 1871 VETERES.

277 1909 389 1965 52-5.
420 1906 666 1969 Acrnma,
689 1904 939 1972 gloriosus
978 1901 1150 1975 ludus.
1196 1899 1414 1975 Acronia
1443 1902 1648 1975 proprie
1675 1901 1750 1971 ly-
1786 1911 1833 1968 Β
1929 1905 2054 1961 555.
2084 1907 2521 1974 Cnmpendinsus,
2555 1909 2733 1973 brevis,
2766 1907 3034 1975 diﬂicilior,
3061 1907 3100 1963 Ι.

219 1995 370 2034 rarum
393 1977 626 2040 auditio;
657 1971 738 2028 hic
778 1984 943 2027 autem
971 1974 1123 2041 jocus
1157 1971 1427 2042 accipitur,
1453 1973 1526 2024 rel
1555 1987 1758 2026 carmen

219 2051 462 2109 scenicum,
491 2045 527 2097 I.

275 2119 388 2172 59.5.
419 2115 657 2178 Adeone,
689 2129 854 2167 nonne
877 2113 1024 2176 adeo,
1048 2111 1088 2165 1.
1122 2139 1193 2152 —-
1220 2109 1536 2175 Austeritas,
1580 2113 1763 2165 severi-

219 2201 299 2248 tas.
327 2187 450 2240 Mar.
474 2214 544 2224 —
573 2185 846 2246 Severitas,
878 2183 1145 2247 asperitas,
1177 2181 1217 2234 Ι.

275 2257 391 2311 59.6.
417 2254 691 2314 Fascibus,
724 2254 1022 2313 honoribus,
1055 2252 1094 2304 l.

275 2327 388 2380 5'27.
414 2323 638 2385 Adeon‘,
668 2324 721 2376 in
752 2332 965 2382 tantum,
999 2323 1056 2376 l..

275 2394 393 2449 529.
419 2395 700 2462 Oppetam,
735 2395 942 2446 moriar.
977 2392 1224 2458 Oppetere
1253 2391 1397 2456 quasi
1447 2401 1634 2445 terram
1677 2407 1766 2458 pe-

220 2480 472 2529 tere;nam
515 2464 609 2516 riri
647 2463 825 2530 fortes,
879 2464 1000 2514 dum
1045 2463 1350 2520 moriuntur,
1399 2473 1585 2518 (errant
1628 2477 1768 2515 more

222 2542 362 2607 (lnrte
388 2534 580 2607 morsu)
604 2542 805 2607 petant,
838 2548 1020 2607 nevae;
1048 2533 1307 2607 audiatur,
1343 2530 1380 2584 I.

274 2606 390 2658 530.
424 2603 629 2663 Votiva,
661 2603 1030 2665 desiderabilis,
1061 2602 1099 2655 1.
1131 2631 1200 2642 -—
1230 2601 1383 2665 Cara,
1405 2601 1533 2657 Mar.

274 2675 394 2732 553.
421 2672 748 2744 impertiam,
778 2672 964 2738 sinam,
988 2674 1116 2726 Mar.

1939 1978 2062 2030 559.
2094 1979 2499 2046 lnextrirﬁahilis.
2527 1975 2812 2045 inﬁnibilis,
2836 1977 2912 2030 vel
2943 1976 3251 2046 insolubilis,
3271 1977 3436 2032 indis-

1868 2047 2120 2107 solubilis,
2147 2047 2185 2099 Ι.
2208 2076 2280 2087 --—
2307 2045 2565 2112 Inﬁiiolis,
2588 2047 2978 2115 indissolubilis,
3010 2047 3136 2100 Mar.

1940 2118 2064 2170 5M.
2102 2117 2314 2180 Abdita,
2338 2123 2559 2178 occulta,
2591 2129 2802 2180 secreta,
2838 2118 2877 2168 I.

1940 2187 2065 2257 5:5.
2100 2187 2700 2257 Senescens,tleﬁcieiis,
2735 2186 2775 2240 l.

1939 2256 2064 2312 547.
2098 2258 2329 2310 Sensim.
2356 2256 2553 2313 leniter.

1938 2327 2062 2380 348.
2093 2327 2462 2394 Semnslulati,
2493 2327 2723 2384 semiusti
2753 2342 2772 2378 :
2799 2327 3162 2382 semustulatus
3187 2335 3234 2380 et
3259 2325 3442 2380 semiu.

1874 2405 1980 2448 stus
2003 2414 2159 2449 unum
2186 2407 2321 2457 sunt,
2349 2396 2387 2449 l.

1944 2468 2069 2537 550.
2113 2465 2554 2537 Mysteriarches.
2599 2468 2832 2536 princeps
2881 2467 3277 2537 mysteriorum,
3313 2464 3444 2520 Mar.

1874 2534 2193 2609 -—Princeps
2215 2535 2460 2609 niiiiister.
2478 2534 2705 2603 mysteiii
2738 2534 2970 2609 princeps
2990 2555 3007 2601 ;
3024 2549 3071 2591 et
3090 2535 3326 2590 Grascain
3350 2544 3444 2590 est.

1881 2607 2161 2667 —lncidit,
2185 2609 2372 2660 sciliiet
2399 2607 2452 2659 in
2482 2623 2698 2669 poenam,
2732 2609 2770 2661 I.

1950 2676 2074 2730 552.
2122 2677 2380 2744 Deheant,
2408 2678 2597 2730 scilicet
2627 2678 2740 2744 alii,
2770 2677 2810 2732 l.
2851 2708 2856 2711 -

1530 2763 2101 2822 COMMENTARIUS.

273 2859 391 2915 525.
420 2856 752 2916 Parrhasius.
785 2855 1032 2909 lleinsius
1051 2869 1172 2908 cttm
1204 2853 1411 2916 .\tnbr.,
1436 2852 1761 2917 Ruinartinc,

217 2927 363 3000 ergon'
389 2927 682 3000 cachinnis;
726 2925 1050 3000 llailsbroitq
1091 2939 1215 2992 ego;
1236 2923 1377 3000 .alii.
1410 2926 1566 3000 etiam
1597 2924 1765 2978 codex

219 2993 465 3069 Bdlland.,_
490 2997 631 3069 egon’
653 2995 933 3069 cachinnis.
960 2995 1121 3062 Bong.
1147 2993 1304 3069 mide,
1328 2993 1655 3069 citae/tinum.

277 3071 395 3126 52!.
429 3062 546 3120 Vat'.
578 3070 643 3130 A,
693 3065 1021 3126 Parrhasius,
1072 3080 1132 3116 ac
1175 3062 1350 3115 Roma:
1390 3064 1641 3131 festivum,
1681 3079 1766 3115 re-

218 3149 395 3194 nuente
421 3148 594 3192 metro
620 3145 675 3191 et
697 3151 876 3190 sensu.
907 3134 1175 3187 lleinsiaui
1219 3135 1420 3197 scripti,
1469 3133 1613 3193 ΑΜ..
1645 3131 1766 3185 Vat.

219 3211 270 3273 ll,
300 3211 446 3270 Mur"
470 3223 711 3269 acroma;
733 3204 839 3266 alii,
871 3220 1126 3261 acroama.
1168 3203 1304 3265 quod
1333 3202 1540 3255 delendi
1569 3212 1761 3267 potest.

218 3257 609 3337 Humili—site
642 3257 793 3328 malis
813 3257 1046 3329 scribere
1071 3257 1298 3338 acra-ma,
1331 3273 1514 3325 Latine
1547 3257 1627 3326 est
1670 3287 1764 3324 au-
1799 3257 1844 3318 C

219 3352 349 3412 ditio,
395 3351 485 3401 sed
517 3345 772 3411 accipitur
806 3360 902 3409 pro
931 3343 1114 3396 festiva
1138 3342 1475 3410 iucundaque
1507 3345 1770 3394 narratin-

222 3436 294 3478 ne.
321 3428 371 3472 et
397 3419 659 3470 interdum
689 3429 781 3480 pro
807 3413 1020 3466 homine
1042 3417 1126 3477 (ιιιὲ
1157 3427 1273 3466 eam
1299 3411 1506 3466 recitat.
1537 3412 1772 3466 Pruden-

224 3492 312 3542 tius
339 3488 558 3542 fortasse
597 3486 832 3540 imitatus
868 3494 951 3535 est
988 3482 1299 3536 Ciceronem
1341 3489 1372 3534 ti
1414 3483 1465 3534 in
1507 3481 1766 3534 Verrem:

222 3558 310 3611 llic
345 3559 485 3625 quasi
517 3559 751 3625 festivum
776 3569 1030 3625 acroama,
1070 3567 1132 3604 ue
1149 3552 1267 3625 sine
1297 3552 1570 3625 corollario
1611 3551 1774 3604 disce-

222 3621 370 3692 deret}
399 3637 450 3682 et
480 3621 574 3693 pro
610 3622 792 3679 Sex'tio
816 3641 830 3675 :
858 3621 956 3675 Ille
991 3626 1095 3691 ipse
1140 3623 1308 3693 ludius
1336 3624 1774 3693 nonsolumyspe-

222 3689 385 3761 stator,
417 3689 504 3750 sed
535 3697 686 3749 etiam
707 3704 848 3747 actor
868 3703 912 3746 et
933 3689 1192 3744 acroama.
1219 3689 1523 3744 Ruinartins
1549 3691 1772 3742 auditio-

221 3785 327 3822 nem
373 3783 465 3821 seu
519 3767 811 3819 auditorem
866 3762 1027 3817 etiam
1078 3761 1400 3829 ejusceniodi
1453 3761 1770 3813 narrationis

219 3840 523 3892 acroatnatis
568 3837 784 3888 nomine
811 3832 1094 3900 aliquando
1119 3831 1386 3898 designari
1432 3839 1598 3897 putat,
1629 3829 1770 3897 quod

221 3917 308 3975 ego
326 3909 543 3962 dubium
573 3920 692 3961 esse
719 3903 786 3957 de
815 3902 1057 3975 auditore
1082 3900 1284 3975 judico.

279 3979 397 4033 525.
431 3976 777 4039 Parrhasius,
827 3971 956 4025 adeo
996 3973 1172 4034 nulla;
1211 3970 1362 4036 Ald.,
1408 3970 1600 4023 adeone
1641 3969 1772 4023 ulla.

221 4047 496 4115 Utrumque
524 4048 677 4099 male.

279 4116 397 4174 526.
414 4109 672 4172 Heinsius
695 4128 797 4168 non
818 4110 1400 4172 assentiturSalmasio.
1421 4111 1510 4180 qui
1533 4109 1634 4164 hoc
1657 4111 1774 4166 loco

219 4202 485 4242 censuram
523 4189 668 4250 capit
713 4199 810 4251 pro
849 4183 1104 4252 dignitate
1137 4199 1150 4233 :
1178 4183 1513 4252 siccensura
1557 4181 1689 4244 oris,
1719 4191 1776 4235 ιιι

219 4259 302 4322 ait,
335 4267 388 4311 et
415 4257 496 4310 vir
523 4256 799 4310 censorius
826 4251 1052 4308 sumitur
1076 4267 1172 4319 pro
1195 4251 1778 4322 pulcliro.Cliamillar-
1817 4276 1825 4283 -

219 4331 308 4380 dus
333 4327 474 4380 lavet
500 4327 782 4381 Salmasio.
806 4323 993 4378 Melius
1017 4330 1193 4375 tamen
1234 4321 1544 4388 intelligitur
1585 4336 1778 4374 censu-

219 4413 321 4449 ram
351 4412 473 4450 esse
512 4395 881 4458 severitatem,
928 4391 1013 4446 cui
1063 4406 1186 4444 mox
1231 4390 1520 4458 respondet
1563 4391 1770 4444 Ienltas.

218 4467 348 4521 Nihil
372 4468 517 4520 enim
564 4468 716 4518 obest
753 4465 894 4534 quod
935 4461 1269 4531 przecesserit
1306 4461 1619 4525 austeritas;
1653 4475 1776 4514 nam

215 4540 397 4592 eadem
426 4537 685 4590 sententia
715 4535 1089 4602 amplilicatur.

282 4605 407 4660 527.
435 4607 592 4665 Man,
622 4599 820 4658 adeone
847 4604 1081 4664 securim,
1125 4600 1264 4668 quod
1297 4616 1399 4654 non
1428 4600 1597 4654 ausim
1625 4599 1778 4654 dam-

218 4691 360 4730 nare.
402 4675 563 4728 Vocat
585 4675 798 4728 securim
827 4673 1099 4744 publicam,
1127 4679 1185 4744 ut
1211 4672 1394 4744 Itytnn.
1416 4685 1602 4744 super.
1632 4684 1773 4723 vers.

214 4747 304 4808 55,
335 4746 597 4812 bipennem
627 4741 901 4814 publicam.
931 4742 1254 4814 Parrhasios
1271 4741 1455 4794 scribit
1475 4756 1716 4796 securem.

281 4811 407 4869 528.
438 4816 585 4878 Ald.,
617 4811 891 4877 Parrlias.,
913 4812 1122 4872 retudit,
1155 4811 1312 4864 male.

281 4888 408 4940 5‘29.
441 4885 646 4939 Glossa:
674 4894 890 4952 etymon
915 4897 1017 4934 non
1049 4881 1272 4948 accipio.
1307 4879 1556 4949 Oppetere
1588 4880 1782 4935 dicitur

214 4957 303 5022 qui
335 4971 444 5009 rem
475 4953 576 5007 sibi
603 4955 922 5008 contrariam
954 4954 1087 5019 petit
1128 4969 1150 5022 :7
1173 4953 1250 5004 sic
1277 4962 1507 5022 appetere
1545 4963 1777 5022 mortem,

215 5021 270 5078 et
292 5025 604 5092 simpliciter
631 5031 868 5091 oppetere
891 5023 1084 5075 dicitur
1124 5021 1190 5075 de
1233 5022 1345 5074 viro
1373 5021 1494 5074 forti
1523 5021 1608 5089 qui
1639 5036 1782 5074 mor-

214 5109 324 5150 tem
349 5097 501 5161 petit,
527 5094 767 5162 quamvis
791 5103 974 5146 contra
1002 5101 1241 5162 naturam
1271 5094 1360 5144 sit.

285 5158 410 5220 55%.
444 5158 650 5218 Vanum
681 5173 735 5217 et
762 5163 997 5230 ineptum
1024 5160 1529 5230 credebantethnici
1563 5158 1787 5230 inChri-

212 5235 400 5289 stianis
431 5235 569 5287 velle
598 5233 734 5286 mori
763 5229 865 5298 spe
892 5233 1081 5284 futura:
1111 5234 1253 5283 vittc.
1287 5229 1544 5284 Minucius
1572 5249 1583 5282 :
1609 5229 1784 5282 Proh!

212 5307 347 5357 mira
368 5304 584 5358 stultitia
611 5313 658 5356 et
699 5301 978 5356 incredibili
1006 5301 1224 5353 audacia
1258 5315 1501 5364 spernunt
1534 5310 1783 5353 tormenta

210 5375 506 5443 prementia,
532 5375 658 5427 dum
679 5373 870 5426 incerta
899 5380 1128 5443 metuunt
1148 5381 1192 5423 et
1216 5374 1418 5443 futura;
1446 5379 1493 5443 et
1513 5371 1635 5422 dum
1656 5371 1788 5422 mori

209 5441 329 5510 post
342 5456 552 5498 mortem
567 5447 766 5504 timent.
781 5443 980 5495 interim
994 5442 1120 5493 mori
1133 5457 1232 5492 non
1248 5441 1440 5492 timent.
1459 5441 1783 5510 Lactantius,

209 5509 311 5567 lib.
331 5529 422 5578 νη,
444 5530 562 5581 cap.
580 5511 746 5567 5:1ta
765 5528 964 5565 necesse
979 5521 1052 5564 est
1063 5512 1336 5578 sapientem
1359 5509 1614 5581 prastttlto
1633 5509 1785 5581 liabe-

205 5585 279 5645 ri,
307 5586 392 5652 qui
414 5579 532 5636 dum
553 5585 745 5653 appetit
773 5586 902 5635 bona
925 5597 1036 5653 ante
1061 5597 1162 5653 non
1197 5591 1488 5653 cernuntur,
1525 5579 1730 5634 dimittit
1758 5593 1786 5629 e

207 5651 448 5706 manibus
472 5651 932 5722 qiice'videntur....
964 5652 1111 5716 Quod
1137 5651 1318 5702 accidit
1335 5651 1478 5702 nobis
1495 5664 1610 5722 eum
1629 5662 1784 5714 neque

206 5719 496 5779 cruciamui
551 5739 710 5778 neme
734 5733 938 5776 mortem
963 5738 1057 5779 pro
1076 5721 1182 5779 [ide
1199 5735 1508 5774 recusamus.
1534 5719 1662 5771 Nota
1691 5733 1781 5771 vo-

1873 2873 1987 2911 ce'm
2019 2858 2387 2920 persuasionis,
2413 2873 2530 2926 quae
2560 2873 2654 2921 pro
2693 2856 3000 2924 opimitinne
3026 2873 3156 2912 vam
3190 2865 3244 2910 et
3269 2856 3446 2924 inepta

1873 2930 2008 2978 sumi
2025 2928 2250 2990 solebat,
2268 2938 2317 2980 et
2333 2930 2673 2992 prtesmnptin
2686 2929 2842 2982 etiam
2858 2928 3149 2982 dicebatur.
3161 2927 3445 2981 Minucius:

1874 2997 2041 3049 Audio
2067 3015 2149 3050 eos
2177 2998 2483 3063 turpissima:
2514 3000 2719 3062 pecudis
2762 3008 2912 3065 caput
2937 2998 3068 3049 asini
3095 3008 3444 3048 consecratum

1873 3068 2046 3132 inepta
2092 3071 2258 3118 nescio
2295 3083 2395 3132 qua
2440 3069 2766 3134 persuasione
2807 3068 3055 3121 venerari.
3103 3065 3441 3130 Ammianus,

1873 3137 2115 3202 quamvis
2157 3137 2433 3199 ethnicus,
2485 3137 2622 3191 hanc
2662 3139 3014 3192 constantiam
3045 3139 3094 3189 in
3126 3135 3446 3205 Christianis

1879 3206 2093 3260 laudare
2115 3207 2321 3262 videtur
2347 3207 2438 3260 lih.
2466 3223 2580 3260 χχιι
2609 3226 2623 3262 :
2649 3208 2746 3272 Qui
2773 3209 3020 3261 deviarea
3045 3206 3287 3276 religione
3307 3221 3443 3259 com-

1877 3277 2031 3341 pulsi,
2067 3279 2318 3343 pertulere
2358 3277 2654 3331 cruciabiles
2693 3294 2864 3343 melius
2909 3277 3134 3339 adusque
3172 3276 3450 3339 gloriosam

1875 3357 2083 3398 mortem
2106 3348 2411 3401 intemerata
2431 3347 2530 3412 [ide
2551 3348 2827 3418 progressi,
2855 3357 2904 3401 et
2929 3364 3060 3400 nunc
3083 3353 3332 3414 martyres
3353 3362 3452 3415 ap-

1875 3418 2148 3485 pellantur.

1946 3487 2070 3540 555.
2105 3485 2415 3558 Parrhasius
2444 3502 2746 3552 perperam.
2777 3487 2867 3540 sed
2885 3491 3022 3558 jam.

1947 3558 2073 3610 556.
2106 3559 2369 3610 Arnobius
2401 3557 2492 3612 lib.
2524 3573 2580 3620 tt,
2627 3559 2680 3611 in
2710 3559 2819 3612 fine
2861 3557 3089 3613 :iltidem
3113 3565 3158 3610 et
3185 3573 3269 3609 vos
3299 3559 3451 3623 llam-

1876 3627 1994 3688 inis,
2022 3625 2234 3689 exsiliis,
2279 3627 2610 3686 cruciatibus.
2639 3627 2840 3688 belluis,
2878 3629 3057 3694 quibus
3095 3642 3307 3690 corpora
3337 3629 3451 3680 lan-

1875 3697 2056 3747 c'inatis
2086 3705 2130 3746 et
2155 3695 2244 3748 diu
2265 3697 2456 3748 vexatis
2481 3707 2673 3749 nostra.
2706 3698 2807 3750 Alii
2839 3699 2993 3761 paulo
3022 3696 3176 3748 aliter
3207 3696 3406 3761 legunt.

1885 3787 1894 3791 ·
1949 3767 2074 3819 557.
2102 3766 2159 3818 8.
2185 3767 2526 3829 Augustinus,
2554 3775 2706 3820 tract.
2735 3767 2804 3819 27
2829 3769 2878 3818 in
2901 3766 3119 3821 Joann..
3146 3767 3212 3816 de
3232 3767 3288 3818 S.
3314 3765 3451 3818 Lau-

1877 3837 2050 3888 rentio
2078 3852 2088 3885 :
2123 3833 2243 3888 Non
2270 3834 2625 3886 enimoccisus
2655 3845 2728 3888 est
2753 3837 2875 3899 cito,
2907 3836 2995 3888 sed
3020 3834 3272 3885 cruciatus
3293 3845 3367 3887 est
3397 3837 3449 3887 in

1875 3906 2011 3971 igne.
2041 3903 2143 3956 Diu
2166 3904 2326 3956 vivere
2350 3905 2622 3972 permissus
2648 3915 2722 3958 est
2751 3920 2768 3958 :
2795 3907 2896 3957 imo
2917 3921 3014 3957 non
3037 3905 3126 3955 diu
3149 3903 3309 3972 virere
3335 3921 3451 3967 per-

1877 3976 2060 4028 missus
2090 3980 2184 4035 est,
2213 3973 2302 4028 sed
2331 3977 2475 4027 tarde
2502 3977 2629 4027 mori
2651 3975 2944 4040 compulsus
2965 3972 3055 4027 es!
3081 3974 3138 4028 S.
3157 3971 3451 4040 Cyprianus

1878 4046 1943 4098 ad
1982 4044 2376 4100 Demetrianuni
2417 4062 2429 4097 ε
2471 4043 2580 4098 Nec
2611 4045 2793 4098 saltem
2833 4053 3092 4098 contentus
3131 4059 3182 4096 es
3221 4044 3451 4097 dolorum

1877 4125 2166 4171 nostrorum
2190 4115 2508 4184 compendio,
2537 4126 2585 4168 et
2633 4115 2876 4180 simplici,
2915 4130 2976 4166 ac
3016 4114 3171 4167 veloci
3215 4114 3450 4167 brevitate

1880 4200 2139 4249 poenarum
2158 4199 2177 4237 :
2192 4185 2428 4237 admoves
2447 4185 2703 4240 laniandis
2719 4184 3010 4255 corporibus
3021 4186 3173 4253 longa
3187 4193 3450 4246 tormenta,

1878 4256 2189 4312 multiplicas
2217 4255 2498 4306 Iacerandis
2524 4255 2796 4308 visceribus
2822 4269 3089 4307 numerosa
3115 4255 3391 4320 supplicia.

1949 4325 2076 4376 558.
2104 4323 2290 4377 Petrus
2317 4323 2508 4384 Faber,
2541 4323 2694 4378 lib.tlt
2721 4324 3091 4384 Semestrium,
3117 4339 3234 4380 can.
3266 4324 3299 4374 8
3321 4323 3452 4374 mal-

1881 4393 1953 4447 let
1973 4403 2239 4446 moratam.
2263 4393 2370 4449 Sed
2405 4394 2532 4447 nihil
2555 4403 2636 4446 est
2659 4409 2898 4454 necesse.
2915 4403 2972 4446 ιιι
2993 4405 3170 4446 monet
3187 4393 3448 4445 lleiusins.

1950 4465 2076 4518 559.
2107 4463 2282 4532 Prag.'.
2337 4463 2468 4517 Mar.
2512 4479 2540 4516 a
2572 4466 2737 4530 prima
2786 4480 2968 4524 manu,
3023 4474 3079 4517 ut
3125 4464 3350 4522 videtur,
3399 4471 3452 4510 ut

1880 4549 2054 4597 mors;
2095 4533 2205 4596 alii,
2252 4542 2301 4586 et
2339 4551 2499 4588 mors.
2533 4533 2674 4588 Mors
2700 4534 3067 4588 inettricabilis
3097 4533 3323 4585 sntnitnr
3353 4546 3446 4596 pro

1811 4625 1857 4683 η
1885 4603 2250 4683 morte-lenta,
2297 4612 2352 4657 et
2371 4619 2490 4673 qua:
2521 4608 2678 4659 linem
2727 4604 2974 4658 invenire
3003 4604 3226 4666 nesciat,
3261 4610 3318 4654 nt
3349 4615 3449 4654 uno

1885 4673 2013 4726 tavit
2045 4672 2338 4726 Mariettus.

1957 4743 2081 4796 550.
2110 4743 2264 4806 Man,
2292 4743 2466 4810 Prag.,
2502 4743 2879 4814 ltat.,,Widm.
2907 4758 3086 4814 supra,
3131 4741 3259 4796 Urb.
3283 4757 3314 4794 a
3347 4741 3456 4814 pri-

1885 4828 1969 4865 ma
1997 4828 2153 4865 manu
2180 4813 2464 4878 protrahat.
2493 4813 2581 4867 Sic
2609 4813 2818 4881 melius,
2845 4811 2987 4867 ut...'
3011 4829 3146 4867 mors
3168 4811 3455 4883 protrahat.

1886 4885 2009 4942 Alii,
2042 4882 2322 4945 protrahet.

1955 4951 2080 5006 565.
2133 4952 2301 5018 Vapor
2329 4967 2425 5018 pro
2446 4951 2624 5008 calore
2648 4953 2784 5022 apud
2815 4955 3048 5020 optimos
3067 4968 3303 5020 quosque
3325 4953 3458 5004 seri-

1886 5032 2090 5090 ptnres,
2119 5022 2445 5084 Lucretium,
2480 5023 2780 5091 Virgilium.
2819 5024 3116 5082 Horatium.
3148 5033 3255 5081 etc.
3277 5067 3290 5086 ,
3315 5037 3459 5087 Sa'pe

1893 5091 2399 5163 p0tlllll_l'.7Vlt‘gllllls
2428 5093 2519 5145 lih.
2555 5108 2608 5156 v,
2638 5091 2920 5162 Leiitusque
2949 5097 3152 5145 carinas
3165 5093 3254 5145 Est
3275 5109 3451 5163 vapor.

1897 5162 2025 5214 Vide
2054 5160 2318 5215 Gilaniutn
2359 5163 2522 5215 verbo
2562 5163 2741 5216 Vsron
2769 5160 2929 5216 indic.
2965 5165 3123 5216 Lucr.

1961 5233 2085 5284 548.
2137 5231 2256 5283 Ald.
2279 5271 2294 5294 ,
2327 5242 2382 5284 et
2419 5229 2584 5286 codex
2637 5233 2913 5298 Bolland.,
2942 5232 3302 5286 semustulati:
3332 5231 3450 5285 Par

1890 5300 2101 5353 rhasius
2121 5311 2172 5353 et
2193 5302 2285 5354 alii
2307 5341 2322 5364 ,
2356 5303 2711 5354 semiustulati.
3393 5333 3397 5337 -

1961 5370 2085 5423 550.
2128 5370 2546 5437 Mysteriarcbes
2569 5372 2800 5434 dicitur,
2832 5372 2955 5439 quia
3001 5373 3206 5440 primus
3234 5380 3284 5425 et
3314 5369 3447 5439 prin.

1893 5453 2020 5501 ceps
2048 5450 2162 5490 erat
2186 5435 2560 5502 iliacmiornm,
2591 5443 2784 5504 quiuis
2808 5435 2932 5494 cura
2967 5435 3460 5496 iucumlhihat'eru-

1892 5507 2283 5630 (llelldliggelcs
2313 5510 2381 5564 de
2409 5512 2675 5579 mysteriis
2703 5512 2849 5566 tidei.
2903 5511 3037 5568 Vide
3065 5520 3358 5567 comment.
3391 5509 3456 5561 ad

1892 5593 1916 5628 V
1939 5594 2028 5630 ‘t‘S.
2179 5618 2190 5629 .

1889 5591 2028 5630 vers.
2071 5580 2190 5630 160.

1885 5647 2310 5769 “35-52.P\r‘lliﬁitz.
2340 5693 2352 5716 ,
2406 5651 2518 5708 Cis.
2555 5649 2624 5706 ad
2653 5667 2825 5719 oram,
2859 5652 2996 5723 quod
3021 5665 3173 5718 trioa);
3203 5652 3275 5706 ita
3297 5648 3456 5704 etiam
