4038 6288
653 334 757 392 519

837 440 1144 498 Conscende
1178 447 1500 493 constratum
1539 451 1721 506 rogum
1750 453 1765 499 ;

909 531 1174 587 Decumbe
1195 530 1353 598 digno
1383 527 1610 582 lectulo:

909 624 1077 687 'l‘unc,
1108 622 1150 675 si
1180 619 1384 683 libebit,
1419 619 1650 687 disputa,

871 727 875 735 '
904 713 985 767 Nil
1008 727 1126 766 esse
1149 711 1440 766 Vulcanum
1464 725 1663 764 meum.

831 804 993 872 918
1021 803 1143 855 lliec
1159 802 1299 854 fante
1322 799 1593 868 prmfccto,
1625 809 1639 851 t
1676 782 1804 852 uees

896 894 1032 946 Hinc
1062 893 1185 946 inde
1216 901 1446 944 tortores
1477 899 1667 959 parant

903 986 1114 1040 Nudare
1132 986 1326 1039 amictu
1354 995 1665 1053 martyrem,

901 1075 1116 1128 Vincire
1143 1074 1399 1134 membra,
1426 1081 1479 1125 et
1505 1073 1743 1126 tendere.

835 1165 914 1219 lli
940 1181 1002 1220 os
1022 1167 1214 1220 decore
1246 1165 1551 1232 splenduit,

909 1258 1205 1326 Fulgorque
1225 1257 1575 1311 circumfusus
1597 1265 1700 1309 est.

910 1348 1092 1402 Talem
1116 1357 1389 1402 revertens
1413 1346 1598 1414 legifer

908 1437 982 1490 De
1005 1447 1183 1492 monte
1210 1439 1407 1490 vultum
1436 1437 1662 1489 detulit:

665 1525 770 1580 565
839 1526 1019 1581 Jndzea
1042 1543 1196 1595 quem
1221 1528 1399 1595 plebs,
1427 1541 1589 1580 aureo

912 1619 1057 1672 Bovc
1082 1619 1373 1688 inquinata,
1402 1625 1457 1672 et
1484 1617 1704 1671 decolor

912 1709 1157 1776 Expavit,
1189 1719 1243 1763 et
1273 1711 1458 1762 faciem
1487 1718 1633 1761 retro

919 1800 1150 1852 Detorsit
1189 1800 1466 1866 impatiens
1494 1799 1606 1855 Dei.

850 1869 1135 1956 Talemque
1155 1897 1208 1942 et
1237 1889 1326 1943 ille
1352 1873 1582 1955 prmtulit

916 1980 1041 2034 Oris
1068 1981 1277 2034 corusci
1308 1979 1531 2048 gloriam

657 623 765 677 555

659 1071 760 1127 560

671 1979 735 2036 5,7
741 1983 773 2034 0

1723 327 1994 384 suuzcut
2036 288 2398 381 ruuoemn
2438 323 2772 379 casuum.

2245 442 2297 498 Α

2574 436 2880 503 Stephanus
2899 478 2912 498 ,
2945 451 3041 506 per
3068 437 3290 494 imbrem
3322 454 3534 497 saxeum

2581 527 2756 581 leus
2779 536 2991 595 apertos
3031 529 3265 584 intuens.

2504 618 2862 671 lllumiuatum
2895 617 2994 671 hoc
3023 619 3232 672 eminus

2579 709 2785 762 llecens
2809 705 2965 776 piatis
2991 709 3264 776 fratribus,
3441 778 3444 780 _

2573 799 2739 868 919
2770 798 3032 866 Baptisma
3055 815 3190 867 quos
3220 816 3390 868 nuper
3416 805 3588 857 datum

2577 889 2772 944 Christi
2801 906 3023 959 capaces
3047 892 3244 946 fecerat
3268 909 3282 945 :

2506 982 2600 1035 Ast
2627 981 2906 1049 impiorum
2927 985 3160 1049 czecitas,

2583 1075 2654 1126 Os
2679 1074 2898 1127 oblitum
2936 1073 3106 1128 noctis
3135 1074 3241 1128 situ

2578 1162 2831 1231 Nigrante
2866 1163 2965 1217 sub
2995 1164 3261 1219 velamine

2578 1254 2837 1316 Obducta,
2863 1255 3064 1308 clarum
3102 1272 3206 1308 non
3238 1257 3400 1312 videt.

2510 1336 2775 1412 Egyptim
2805 1345 2972 1412 plaga:
2996 1343 3049 1396 in
3074 1346 3310 1408 modum,

2581 1435 2733 1500 Qum,
2778 1447 2897 1486 cum
2932 1435 3166 1488 tenebris
3202 1437 3456 1492 barbaros

2583 1523 2896 1586 Damnaret,
2929 1524 3164 1579 Hebrteis
3192 1525 3337 1579 diem

2581 1613 2725 1669 Sudo
2741 1615 3026 1669 exhibebat
3053 1617 3268 1672 lumine.

2339 1704 2442 1758 585
2513 1704 2650 1770 Quin
2674 1705 2786 1772 ipsa
2815 1705 2996 1759 odoris
3017 1707 3245 1773 qualitas
3262 1748 3278 1771 ,

2587 1795 2788 1848 Adusta
2816 1811 2975 1864 quam
3007 1796 3182 1849 reddit
3211 1807 3372 1864 cutis,

2582 1885 2797 1940 Diversa
2828 1899 3076 1954 utrosque
3098 1901 3367 1953 permovet
3394 1906 3408 1941 :

2590 1975 2679 2028 llis
2708 1975 2883 2042 nidor,
2916 1977 3017 2028 illis
3035 1987 3219 2030 ncctar
3245 1987 3348 2031 est.

2333 798 2434 852 5ῖῦ

2334 1256 2434 1312 580

2268 1801 2311 1855 ll

2024 2108 2304 2166 GLOSSIE
2343 2109 2679 2165 VETERES.

743 2219 867 2273 556.
912 2220 1200 2274 Vulcanum
1221 2261 1235 2282 ,
1266 2238 1464 2288 ignem,
1498 2221 1536 2273 1.

743 2288 866 2342 559.
909 2290 1141 2352 Nudare,
1167 2291 1491 2354 despoliare,
1509 2291 1548 2343 I.

744 2358 868 2428 560.
911 2358 1142 2421 Vincire,
1177 2362 1354 2428 ligare,
1391 2361 1428 2413 Ι.

742 2427 862 2482 561.
904 2429 995 2493 υς,
1034 2431 1185 2494 facies
1203 2427 1229 2485 ,ί
1253 2430 1291 2481 I.

743 2498 870 2550 565.
912 2497 1139 2561 Legifvr,
1178 2498 1402 2566 Moyses,
1451 2499 1491 2552 1.

747 2567 873 2620 568.
917 2567 1223 2632 Impatiens,
1253 2585 1350 2619 non
1379 2569 1659 2630 sustinens,
1697 2567 1735 2621 1.

746 2637 870 2689 571.
910 2636 1012 2703 Per
1039 2639 1285 2696 imbrem.
1317 2654 1404 2703 per
1431 2639 1730 2690 densitatem
1752 2681 1765 2700 ,
1802 2639 1840 2692 1.

747 2704 874 2780 5-75.
930 2701 1336 2780 liltiminatiim_,
1398 2708 1826 2780 manifestatum,
1883 2708 2230 2780 manifestum.

679 2773 883 2844 -ῌθο,
914 2791 1068 2844 genus
1099 2777 1532 2842 [uit.—Eminus.
1563 2781 1754 2844 alonge,
1777 2777 1814 2830 Ι.

747 2833 881 2898 574ί
911 2833 1135 2912 Recens,
1167 2833 1704 2912 recentem—Pstis:
1737 2833 2025 2913 bttptizatis,
2060 2848 2097 2900 l.

2417 2222 2539 2342 511,8.
2583 2221 2672 2340 05'.
2702 2221 3230 2288 faciem.—Oblitum,
3260 2226 3640 2281 circumdatum.
3659 2259 3713 2268 —
3737 2228 3820 2285 Situ

2417 2309 2456 2342 ie
2493 2309 2592 2342 ris.
2669 2330 2681 2342 .

2347 2303 2562 2344 tenebris
2578 2331 2592 2352 ,
2645 2303 2681 2342 l.

2415 2361 2539 2415 579.
2583 2361 2851 2428 Nigrante,
2879 2363 3056 2429 uiqro,
3089 2363 3128 2416 1.

2415 2432 2538 2483 580.
2579 2430 2792 2483 Clarum
2813 2472 2827 2492 ,
2861 2434 3175 2496 claritatem,
3212 2433 3248 2485 Ι.

2416 2501 2540 2554 581.
2581 2500 2753 2560 Sudo.
2812 2518 3007 2555 sereno.
3063 2503 3260 2556 Sudum
3310 2505 3526 2558 dicimus
3558 2545 3572 2567 ,
3609 2507 3732 2574 quasi
3770 2506 3834 2558 ssi

2349 2573 2511 2622 udum
2534 2574 2776 2641 serenitas
2800 2588 2911 2639 qute
2938 2582 3050 2641 post
3083 2575 3278 2635 pluvias
3313 2576 3367 2640 ﬁt
3390 2615 3404 2635 ,
3438 2575 3476 2627 l.

2409 2641 2532 2694 585.
2573 2639 2732 2704 Quin,
2752 2639 3050 2706 insuper.—
3068 2639 3328 2709 Qualitas,
3349 2646 3534 2697 scilicet
3556 2644 3790 2708 Laurentii,
3808 2644 3835 2696 1.

2408 2711 2532 2763 588.
2578 2710 2759 2770 Nitlor,
2793 2711 2938 2777 fetor.
2962 2740 3032 2750 -—
3057 2712 3274 2774 Nectar,
3307 2715 3546 2769 dulcedo.
3584 2715 3735 2768 Omnis
3755 2730 3836 2766 sua.

2341 2779 2464 2833 ritas
2492 2779 2662 2832 odoris
2692 2781 2878 2832 dicitur
2907 2790 3080 2833 nectar
3099 2823 3112 2846 ,
3148 2783 3278 2834 odor
3301 2780 3555 2846 suavis,'l.

2026 2969 2570 3030 COMMENTARIUS.

700 3159 710 3168 .
747 3114 870 3168 555.
903 3111 1018 3166 Gis.
1050 3111 1114 3164 ad
1145 3126 1291 3163 oram
1319 3150 1334 3174 ,
1366 3111 1625 3164 Weitzius
1653 3125 1771 3162 cum
1817 3110 2086 3175 plerisque
2109 3113 2241 3172 suis,

679 3191 1040 3236 constructum.
1068 3181 1270 3245 Melus,
1293 3191 1624 3244 constratum,
1643 3187 1699 3232 ut
1725 3195 1907 3247 supra,
1937 3179 2140 3232 Prunas
2170 3192 2244 3233 te-

681 3262 852 3317 pentes
877 3251 1100 3302 sternite.

2417 3109 2541 3163 566.
2571 3107 2954 3178 Μειιθιιοιιηιιηί
2983 3107 3148 3174 vnlg.,
3177 3116 3225 3160 et
3241 3109 3322 3160 die
3345 3109 3486 3161 color
3512 3125 3602 3178 pro
3619 3117 3660 3163 et
3675 3111 3828 3165 decolor

2577 3177 2710 3252 Vide
2739 3185 2858 3231 Art.
2890 3189 3060 3252 apost.
3091 3187 3224 3252 vict
3251 3193 3337 3230 τη.
3399 3249 3408 3252 Α
3462 3231 3476 3252 ι

2417 3249 2538 3303 572.
2583 3248 2744 3299 Caelos
2767 3263 2986 3298 numero
3006 3249 3188 3309 plurali
3205 3247 3479 3300 Lucretius
3500 3249 3642 3311 dixit,
3660 3251 3727 3301 vi'r
3743 3249 3838 3301 alius

749 3320 874 3409 554.
907 3317 1203 3409 (Ξειιοηίιιε,
1236 3333 1352 3382 cap.
1386 3319 1455 3409 7.,
1488 3318 1664 3409 tabula
1701 3319 1767 3409 1.7
1789 3358 1805 3380 ,
1835 3318 2090 3399 describit
2118 3335 2236 3373 cra-
2263 3348 2309 3409 Ο
2344 3333 2373 3370 c
2416 3317 2671 3409 profanis.
2713 3317 3224 3409 ,Αῃιμιιρξιτίειίηιιιβ
3241 3319 3647 3409 1ιιεῑιςιιὶθςίῐῐιιηιι
3669 3323 3710 3372 ul
3736 3330 3798 3372 est
3821 3338 3842 3370 θ

678 3389 889 3440 ticulam
921 3389 1144 3440 ferream
1165 3403 1264 3454 qua
1287 3398 1493 3440 assatus
1517 3398 1598 3440 est
1627 3390 1681 3442 S.
1718 3388 2031 3440 Laurentius
2059 3431 2072 3450 ,
2101 3406 2223 3452 qua:

678 3458 924 3523 religiose
961 3469 1263 3509 asservatur
1289 3457 1478 3524 partim
1525 3459 1574 3509 in
1622 3457 1844 3508 ecclesia
1873 3457 1930 3511 S.
1965 3458 2237 3513 Laurentii

679 3526 731 3579 in
765 3526 980 3587 Lucina,
1025 3527 1212 3592 partim
1246 3527 1295 3578 in
1332 3527 1657 3593 Paneperna.
1690 3526 2004 3594 Sagittarius
2033 3529 2237 3581 descri-

682 3598 915 3661 ptionem
939 3597 1304 3650 Gallonianam
1337 3597 1386 3648 in
1419 3598 1632 3648 dubium
1667 3608 1823 3648 verit
1854 3611 1972 3666 cap.
2014 3600 2092 3660 l0,
2119 3613 2236 3652 cum

678 3681 784 3718 non
813 3671 1094 3732 possimus,
1129 3676 1182 3718 ut
1225 3667 1320 3726 ait,
1367 3666 1732 3718 Laurentianm
1757 3667 2023 3719 craticula!
2055 3667 2238 3720 [totum

629 3759 633 3761 λ
675 3747 961 3790 asservatze
993 3736 1228 3803 reliquiis
1259 3747 1370 3789 tuto
1418 3747 1667 3799 prtestare
1699 3735 1877 3788 fidem.
1934 3740 2002 3788 At
2046 3750 2240 3805 prmter

677 3808 1033 3859 venerabilem
1081 3806 1475 3873 antiquitatem,
1517 3823 1581 3858 eo
1631 3806 1882 3868 majori-tn
1941 3810 2098 3858 fidem
2160 3810 2239 3860 bis

675 3878 915 3940 reliquiis
940 3885 1195 3942 pug-stare
1220 3889 1518 3941 pOSSIImlIS,
1542 3875 1679 3940 quod
1706 3885 1741 3925 ιι
1759 3875 1874 3926 ibus
1894 3875 2056 3926 costis
2078 3880 2238 3930 cratis

679 3945 768 3996 illa
797 3933 1056 3996 cuiust-et,
1075 3947 1186 3994 Atlo
1216 3933 1282 3994 ita
1316 3933 1570 3996 lectulum
1605 3946 1716 3995 sire
1756 3952 1956 3994 cratem
2010 3945 2236 3997 ferream

677 4013 928 4065 describit
955 4030 968 4062 :
1001 4012 1199 4081 Allotus
1225 4023 1294 4063 est
1333 4021 1502 4070 autem
1541 4015 1695 4064 lectus
1721 4027 1834 4062 cum
1859 4012 2015 4063 tribus
2041 4015 2193 4065 costis
2219 4059 2234 4081 ,

681 4092 727 4132 et
754 4084 1058 4148 ta‘spaliatus
1093 4080 1390 4132 Laurentius
1417 4083 1720 4133 vestimentis
1750 4081 1874 4142 suis,
1899 4093 2129 4134 extentus
2160 4095 2232 4135 est

677 4150 732 4200 in
756 4163 939 4201 cratem
966 4151 1178 4215 ferream
1203 4164 1221 4200 :
1251 4159 1294 4200 et
1325 4151 1467 4200 allati
1497 4159 1611 4201 sunt
1633 4151 1789 4200 batuli
1813 4166 1927 4200 cum
1966 4153 2162 4215 prunis,
2191 4163 2237 4204 et

679 4219 920 4270 miserunt
942 4218 1033 4270 sub
1075 4229 1257 4269 cratem
1289 4219 1523 4285 {ri-ream.
1569 4221 1668 4283 Qui
1711 4235 1820 4269 cum
1869 4222 2024 4286 furcis
2064 4222 2255 4288 [ενι-εἰτ’

678 4297 1021 4340 coarctaretur
1037 4288 1266 4355 desuper,
1299 4289 1447 4352 dixit,
1472 4297 1575 4340 etc.
1607 4293 1643 4340 A
1679 4289 1878 4348 batulo,
1907 4291 2099 4356 quiest
2124 4293 2236 4356 pala

681 4358 873 4418 feries,
926 4361 983 4409 fit
1027 4358 1396 4408 ditinnutu‘utu
1451 4359 1701 4414 batilltts.
1759 4357 2039 4422 Hi-panis,
2078 4362 2235 4415 badil.

677 4425 950 4479 Gallonius
978 4427 1116 4478 inter
1153 4438 1350 4478 cratem
1379 4437 1429 4478 et
1464 4429 1653 4479 lectum
1686 4427 1910 4479 ferreum
1942 4429 2234 4496 diSIinguit,

678 4497 818 4560 quod
847 4498 1015 4548 lectus
1045 4496 1252 4547 ferreus
1295 4507 1435 4548 esset
1463 4501 1625 4548 instar
1645 4497 1752 4548 veri
1785 4497 1958 4560 Slt'ali,
1981 4503 2235 4551 craticula

679 4566 916 4629 pluribus
947 4565 1106 4634 costis
1135 4565 1200 4616 ad
1243 4565 1454 4634 longum
1495 4567 1631 4618 inter
1659 4581 1716 4618 se
1745 4567 2063 4618 distantibus
2090 4578 2234 4622 esset

675 4634 951 4687 fabricata.
997 4633 1130 4686 Vide
1177 4633 1404 4685 tabulain
1453 4636 1536 4687 17.
1573 4637 1886 4701 Sagittaiius
1925 4638 1989 4688 de
2031 4637 2127 4690 bac
2156 4637 2236 4690 di-

674 4705 956 4756 stinctione
1001 4703 1224 4755 dubitat.
1276 4702 1384 4755 Iloc
1429 4704 1639 4770 quidem
1697 4705 1812 4756 lucu
1867 4705 2236 4772 lcctuluspro

674 4783 820 4826 crate
852 4776 1021 4826 terrea
1051 4773 1283 4838 ponitur.
1317 4773 1387 4822 lle
1419 4775 1758 4826 veneratione
1785 4789 1883 4840 qua
1911 4776 1966 4826 S.
2001 4775 2236 4828 Lauren-

675 4841 731 4892 tii
759 4844 1009 4895 craticula
1032 4843 1140 4907 jam
1166 4859 1191 4889 ει
1215 4839 1492 4900 .lustiniaui
1519 4839 1853 4908 imperatoris
1883 4855 1933 4894 et
1963 4860 1992 4896 a
2015 4844 2072 4898 S.
2105 4843 2239 4898 Gre—

675 4913 806 4981 gorii
857 4913 1024 4981 Magni
1068 4914 1397 4978 temporibus
1442 4912 1753 4978 colebatur,
1799 4913 1966 4965 videri
2018 4928 2236 4979 possunt

676 4978 1022 5034 Bollandiani.
1215 5000 1219 5007 '
1251 5022 1259 5030 -

677 5049 868 5168 “535,5.
898 5049 1169 5116 Rat.,Vat.
1201 5051 1262 5119 Β,
1294 5051 1446 5113 Man,
1479 5051 1655 5120 Prag.,
1681 5060 1797 5103 tunc
1817 5051 1860 5103 si
1886 5050 2068 5104 licebit.
2094 5052 2221 5118 Alii,

697 5134 710 5168 t
747 5135 772 5168 e
806 5135 820 5168 t
849 5159 863 5168 .

697 5130 863 5173 lDeDll.

747 5188 867 5240 556.
899 5188 1052 5256 Prag.
1102 5190 1292 5244 scribit
1333 5188 1630 5242 Volcanum.
1681 5188 1996 5254 lntelligitur
2036 5192 2100 5245 de
2127 5190 2228 5243 deo

675 5266 726 5308 et
753 5257 818 5308 de
848 5257 983 5322 igne.
1014 5257 1141 5311 Nam
1167 5260 1476 5314 Laurentius
1501 5261 1627 5312 deos
1651 5259 1933 5311 irridebat:
1963 5262 2039 5313 sic
2085 5276 2226 5313 vers.

675 5327 780 5379 405
803 5325 915 5396 {Et
933 5329 1014 5394 {ac
1029 5330 1289 5393 periclum,
1313 5331 1434 5394 quid
1455 5340 1571 5380 tuus
1599 5327 2228 5396 Vulranssardensegerit.

745 5390 1137 5448 558.'|'|ailsbr.
1158 5390 1582 5457 malestorrcntes
1601 5407 1801 5458 parant.

745 5463 869 5518 359.
887 5464 1042 5528 Man,
1061 5466 1386 5528 Parrhasius,
1405 5467 1812 5529 Rat.,amictum.
1828 5465 2008 5519 Melius
2019 5469 2230 5522 amictu.

743 5533 866 5602 560.
911 5534 1064 5587 Alex.
1096 5548 1124 5584 a
1158 5550 1319 5597 prima
1372 5552 1548 5602 manu,
1597 5538 1823 5601 vincere;
1855 5536 1972 5589 Vat.
2016 5539 2090 5602 A,
2126 5539 2234 5590 vin-

672 5601 783 5656 ciri.
821 5601 1112 5670 Utrumque
1136 5606 1518 5670 corrigendum.

743 5671 869 5728 565.
912 5671 1044 5726 Vide
1074 5671 1243 5727 Exod.
1274 5687 1413 5726 xxxii
1445 5685 1496 5727 et
1541 5690 1696 5727 ximv

2341 3389 2508 3440 sai-ris
2544 3386 2756 3439 Litteris
2781 3395 2833 3439 et
2865 3387 3121 3438 llebiaieo
3152 3387 3309 3452 stylo.

2415 3458 2536 3510 575.
2568 3457 2812 3509 Nebrissa
2839 3459 3134 3519 Suspicatus
3165 3467 3244 3508 est
3269 3458 3420 3527 aliter
3447 3471 3566 3512 esse
3582 3458 3842 3527 legendum;

2341 3528 2554 3596 exponit
2602 3537 2774 3576 autem
2807 3527 3149 3577 illuminaum
3178 3527 3245 3578 de
3275 3525 3512 3588 fulgure,
3544 3525 3686 3596 quem
3727 3528 3842 3579 vidr-

2341 3596 2466 3648 bant
2515 3595 2780 3657 baptizati,
2811 3605 2863 3646 et
2894 3612 2994 3647 non
3030 3599 3212 3660 pagani
3241 3613 3252 3646 :
3287 3596 3378 3647 sed
3412 3597 3577 3649 lueret
3604 3598 3768 3650 dubius
3797 3609 3842 3645 an

2341 3679 2516 3716 Sermo
2557 3666 2624 3716 sit
2655 3668 2720 3715 de
2747 3665 2948 3730 fulgure
2987 3666 3240 3730 Stephani
3263 3680 3326 3716 an
3353 3667 3418 3716 de
3448 3669 3722 3730 Laurentii;
3751 3682 3835 3715 nam

2343 3734 2467 3786 huic
2496 3735 2654 3786 etiam
2704 3751 2758 3785 os
2805 3739 2982 3787 decore
3032 3736 3307 3800 splenduit.
3340 3733 3606 3788 Gisclinus
3633 3734 3839 3804 {Egypliis

2340 3806 2592 3856 rmciores
2635 3819 2756 3854 csse
2802 3805 3126 3868 pronuntiat,
3155 3807 3242 3871 qni
3275 3807 3525 3855 mundum
3557 3805 3750 3857 subesse
3775 3819 3842 3866 pu-

2342 3883 2476 3934 tant,
2509 3888 2705 3938 cosque
2735 3874 2962 3924 al’lirmat
3010 3873 3060 3924 in
3095 3877 3264 3926 inetl:a
3308 3874 3422 3924 luce
3468 3877 3732 3926 rmctitire:
3761 3888 3840 3924 rem

2343 3952 2517 3994 tamen
2543 3942 2638 3994 sibi
2669 3946 2864 3994 claram
2893 3945 3100 3995 caeteris
3125 3961 3226 3995 non
3245 3944 3518 4010 cxp'icnit.
3550 3945 3844 3997 Cellarinsait

2342 4026 2554 4064 sensum
2589 4027 2708 4066 esse.
2738 4011 3068 4064 Christianos
3095 4027 3275 4065 omnes
3299 4015 3384 4078 qui
3417 4017 3673 4076 mini-ant,
3696 4015 3842 4065 ctrlum

2340 4091 2580 4151 apertum
2605 4081 2825 4133 vidisse:
2866 4097 2968 4132 non
2999 4096 3175 4134 autem
3210 4096 3459 4151 paganos,
3491 4082 3718 4151 indignos
3741 4091 3843 4132 tanta

2341 4149 2475 4202 luce.
2502 4149 2723 4204 Videtur
2753 4166 2878 4208 ergo
2907 4149 3227 4219 id'act-ipere
3255 4152 3320 4204 de
3347 4152 3485 4203 cmlo
3515 4149 3690 4216 aperto
3713 4196 3724 4212 ,
3749 4152 3840 4202 dum

2342 4221 2642 4283 Stephanus
2668 4220 2929 4284 lapidibus
2961 4222 3295 4272 obrueretur.
3331 4219 3547 4272 Certum
3576 4232 3731 4273 tamen
3753 4220 3844 4270 mihi

2342 4299 2419 4357 est
2475 4288 2816 4340 Prudentium
2858 4290 2923 4340 tle
2968 4291 3168 4357 fulgore.
3198 4292 3252 4342 S.
3291 4290 3558 4342 Laurentii
3607 4291 3763 4357 loqui:
3801 4290 3847 4338 de

2343 4356 2496 4418 cuius
2525 4363 2689 4411 odore
2731 4358 2902 4410 simile
2936 4359 3244 4411 miraculum
3288 4360 3456 4427 pergit
3496 4356 3707 4414 narrate
3743 4373 3846 4410 vers.

2341 4427 2466 4488 585,
2501 4427 2633 4491 Quin
2665 4431 2773 4493 ipsa
2803 4431 2971 4480 odoris
2999 4429 3240 4495 qualitas.

2410 4497 2532 4550 575.
2571 4498 2836 4557 lleinsius,
2871 4497 2958 4548 Ill).
2979 4511 2996 4550 ι
3019 4498 3173 4561 Adv.,
3199 4513 3315 4565 cap.
3340 4498 3393 4562 6,
3418 4501 3629 4564 roojicit
3652 4499 3848 4567 baptisma

2340 4575 2525 4618 ratum.
2565 4567 2701 4619 Nihil
2751 4577 2828 4619 est
2863 4581 3079 4619 necesse
3125 4580 3346 4621 imitare.
3401 4569 3460 4620 lli
3511 4572 3848 4623 videnturesse

2343 4637 2544 4697 Patres,
2575 4638 2661 4701 qui
2694 4647 2872 4702 postea
2905 4637 3182 4689 laudantur
3207 4651 3343 4688 vers.
3377 4639 3500 4690 400.

2269 4707 2320 4764 Ι)
2416 4705 2542 4779 579.
2578 4707 2730 4779 Catii.
2764 4708 2945 4779 bytnu.
2984 4706 3034 4770 7,
3065 4721 3204 4759 vers.
3255 4707 3391 4768 154,
3427 4705 3678 4779 Nigrante
3703 4702 3851 4757 cultum

2344 4776 2559 4840 eon'eyit
2599 4776 2858 4827 velamine.

2415 4844 2538 4897 586.
2583 4845 2832 4912 Virgilius
2859 4845 2948 4896 lib.
2976 4859 3050 4896 xu
3077 4861 3090 4896 :
3124 4842 3467 4905 Nidoremque
3495 4846 3715 4898 ambusta
3731 4841 3850 4912 dedit

2349 4912 2479 4965 Vide
2503 4914 2946 4965 Ebnenlmrstium
2970 4915 3345 4966 adAruobiuut
3369 4916 3459 4967 lib.
3495 4931 3589 4977 νη,
3623 4931 3730 4982 pag.
3761 4911 3852 4963 illi.

2411 4984 2534 5035 587,
2571 4985 2710 5042 iiut,
2742 4984 2961 5042 diverse,
2996 4999 3098 5033 non
3123 4983 3281 5036 male.

2413 5051 2535 5104 588.
2575 5053 2646 5104 De
2689 5053 2872 5105 odore
2899 5054 3016 5104 vide
3039 5068 3231 5104 comm.
3281 5052 3346 5104 ad
3390 5069 3532 5106 vers.
3576 5054 3673 5106 759
3698 5049 3853 5114 Apoll)-

2343 5120 2535 5174 Nector
2560 5125 2784 5174 sumitur
2815 5137 2910 5184 pro
2949 5121 3114 5174 odore
3138 5137 3200 5173 ex
3246 5133 3460 5175 neotare
3485 5122 3744 5176 eftlnente.
3763 5117 3857 5172 Ovi-

2339 5195 2458 5243 dius
2509 5192 2719 5244 Metam.
2747 5192 2837 5243 lib.
2885 5205 2981 5242 tv:
3034 5189 3256 5261 Nectare
3302 5195 3515 5261 odorato
3556 5191 3739 5261 sp-trgit
3773 5204 3858 5239 coro

2338 5275 2530 5326 pusque
2575 5263 2856 5328 locumque.
2890 5261 3163 5319 Lucretius
3194 5260 3264 5311 lib
3300 5276 3369 5313 u:
3403 5259 3470 5313 Et
3503 5259 3648 5313 nardi
3675 5262 3854 5328 ﬂorum,

2338 5325 2509 5382 uector
2537 5329 2623 5396 qui
2651 5325 2855 5400 nuribus
2883 5331 3056 5400 halat.
3079 5329 3312 5382 Prudth
3334 5345 3415 5397 us,
3444 5332 3624 5400 byum.
3759 5325 3860 5400 Vin-

2338 5400 2522 5470 centti,
2553 5413 2689 5464 vers.
2734 5399 2859 5470 280,
2897 5399 3169 5450 Hedelente
3210 5407 3384 5451 nectar
3405 5396 3630 5452 carcere.
3653 5396 3858 5470 Gifanius

2337 5467 2567 5520 advertit
2619 5468 2990 5520 translationes
3032 5482 3097 5518 ex
3130 5483 3234 5519 uno
3276 5483 3436 5522 sensu
3488 5472 3540 5520 in
3569 5471 3721 5520 alium
3753 5467 3860 5515 sumi

2340 5537 2795 5610 solere,_i_deoque
2843 5537 2966 5601 poni
2995 5544 3178 5589 nectar
3209 5551 3302 5610 pro
3347 5538 3518 5610 odo_re
3564 5537 3858 5610 suavissimo.

2338 5605 2442 5658 Sed
2467 5606 2654 5660 melius
2672 5608 2873 5660 diceret
2898 5621 3108 5659 causam
3133 5606 3253 5672 poni
3277 5621 3369 5673 pr.»
3387 5607 3610 5660 effectu:
3638 5616 3690 5659 ut
3709 5605 3748 5658 si
3771 5605 3862 5671 quis

2340 5675 2518 5726 vinum
2553 5689 2646 5742 pro
2667 5676 2831 5731 odore
2857 5676 2960 5730 vini
2988 5675 3306 5730 suavissimo
3344 5687 3580 5744 usurpet.
