  <div class='ocr_page' id='page_1' title='image "/cluster/home/n/w/nwhite01/storage/ocr_20150623/60/hvd.32044015469299/173.png"; bbox 0 0 4024 6292; ppageno 0'>
   <div class='ocr_carea' id='block_1_1' title="bbox 630 331 727 388">
    <p class='ocr_par' dir='ltr' id='par_1_1' title="bbox 630 331 727 388">
     <span class='ocr_line' id='line_1_1' title="bbox 630 331 727 388; baseline -0.041 0"><span class='ocrx_word' id='word_1_1' title='bbox 630 331 727 388; x_wconf 71' lang='grc' dir='ltr'><strong>ὖ25</strong></span> 
     </span>
    </p>
   </div>
   <div class='ocr_carea' id='block_1_2' title="bbox 868 434 1868 506">
    <p class='ocr_par' dir='ltr' id='par_1_2' title="bbox 868 434 1868 506">
     <span class='ocr_line' id='line_1_2' title="bbox 868 434 1868 506; baseline -0.006 -8"><span class='ocrx_word' id='word_1_2' title='bbox 868 443 1001 498; x_wconf 52' lang='grc' dir='ltr'><strong>ινΙίιιο</strong></span> <span class='ocrx_word' id='word_1_3' title='bbox 1027 440 1149 496; x_wconf 91' lang='lat' dir='ltr'><strong>inde</strong></span> <span class='ocrx_word' id='word_1_4' title='bbox 1178 438 1411 494; x_wconf 89' lang='lat' dir='ltr'><strong>membra</strong></span> <span class='ocrx_word' id='word_1_5' title='bbox 1444 437 1496 490; x_wconf 90' lang='lat' dir='ltr'><strong>in</strong></span> <span class='ocrx_word' id='word_1_6' title='bbox 1523 434 1824 506; x_wconf 88' lang='lat' dir='ltr'><strong>symbolum</strong></span> <span class='ocrx_word' id='word_1_7' title='bbox 1853 453 1868 492; x_wconf 89' lang='lat'>:</span> 
     </span>
    </p>
   </div>
   <div class='ocr_carea' id='block_1_3' title="bbox 867 525 1670 593">
    <p class='ocr_par' dir='ltr' id='par_1_3' title="bbox 867 525 1670 593">
     <span class='ocr_line' id='line_1_3' title="bbox 867 525 1670 593; baseline -0.009 -6"><span class='ocrx_word' id='word_1_8' title='bbox 867 533 1206 588; x_wconf 80' lang='lat' dir='ltr'><strong>Mansueseat</strong></span> <span class='ocrx_word' id='word_1_9' title='bbox 1225 528 1371 584; x_wconf 85' lang='lat' dir='ltr'><strong>orbis</strong></span> <span class='ocrx_word' id='word_1_10' title='bbox 1401 525 1670 593; x_wconf 88' lang='lat' dir='ltr'><strong>subditus,</strong></span> 
     </span>
    </p>
   </div>
   <div class='ocr_carea' id='block_1_4' title="bbox 629 624 1779 688">
    <p class='ocr_par' dir='ltr' id='par_1_4' title="bbox 629 624 1779 688">
     <span class='ocr_line' id='line_1_4' title="bbox 629 624 1779 688; baseline -0.009 -7"><span class='ocrx_word' id='word_1_11' title='bbox 629 625 728 682; x_wconf 79' lang='grc'><strong>440</strong></span> <span class='ocrx_word' id='word_1_12' title='bbox 870 625 1202 678; x_wconf 79' lang='lat' dir='ltr'><strong>Mansueseat</strong></span> <span class='ocrx_word' id='word_1_13' title='bbox 1229 628 1284 675; x_wconf 89' lang='lat' dir='ltr'><strong>et</strong></span> <span class='ocrx_word' id='word_1_14' title='bbox 1303 633 1572 675; x_wconf 90' lang='lat' dir='ltr'><strong>summum</strong></span> <span class='ocrx_word' id='word_1_15' title='bbox 1598 624 1779 688; x_wconf 86' lang='lat' dir='ltr'><strong>caput.</strong></span> 
     </span>
    </p>
   </div>
   <div class='ocr_carea' id='block_1_5' title="bbox 799 709 1558 782">
    <p class='ocr_par' dir='ltr' id='par_1_5' title="bbox 799 709 1558 782">
     <span class='ocr_line' id='line_1_5' title="bbox 799 709 1558 782; baseline -0.011 -11"><span class='ocrx_word' id='word_1_16' title='bbox 799 715 1053 772; x_wconf 84' lang='lat' dir='ltr'><strong>Advertat</strong></span> <span class='ocrx_word' id='word_1_17' title='bbox 1078 713 1353 782; x_wconf 86' lang='lat' dir='ltr'><strong>abjunctas</strong></span> <span class='ocrx_word' id='word_1_18' title='bbox 1377 709 1558 781; x_wconf 83' lang='lat' dir='ltr'><strong>plagas</strong></span> 
     </span>
    </p>
   </div>
   <div class='ocr_carea' id='block_1_6' title="bbox 866 801 1773 876">
    <p class='ocr_par' dir='ltr' id='par_1_6' title="bbox 866 801 1773 876">
     <span class='ocr_line' id='line_1_6' title="bbox 866 801 1773 876; baseline -0.004 -17"><span class='ocrx_word' id='word_1_19' title='bbox 866 805 1027 876; x_wconf 70' lang='lat'><strong>923</strong></span> <span class='ocrx_word' id='word_1_20' title='bbox 1058 805 1213 858; x_wconf 88' lang='lat' dir='ltr'><strong>Coire</strong></span> <span class='ocrx_word' id='word_1_21' title='bbox 1236 803 1289 857; x_wconf 90' lang='lat' dir='ltr'><strong>in</strong></span> <span class='ocrx_word' id='word_1_22' title='bbox 1318 817 1476 856; x_wconf 87' lang='lat' dir='ltr'><strong>unam</strong></span> <span class='ocrx_word' id='word_1_23' title='bbox 1506 801 1729 872; x_wconf 81' lang='lat' dir='ltr'><strong>gratiam</strong></span> <span class='ocrx_word' id='word_1_24' title='bbox 1760 819 1773 855; x_wconf 90' lang='lat'><strong>:</strong></span> 
     </span>
    </p>
   </div>
   <div class='ocr_carea' id='block_1_7' title="bbox 871 893 1489 957">
    <p class='ocr_par' dir='ltr' id='par_1_7' title="bbox 871 893 1489 957">
     <span class='ocr_line' id='line_1_7' title="bbox 871 893 1489 957; baseline -0.008 -6"><span class='ocrx_word' id='word_1_25' title='bbox 871 896 989 951; x_wconf 86' lang='lat' dir='ltr'><strong>Fiat</strong></span> <span class='ocrx_word' id='word_1_26' title='bbox 1012 894 1188 949; x_wconf 75' lang='lat' dir='ltr'><strong>ﬁdelis</strong></span> <span class='ocrx_word' id='word_1_27' title='bbox 1207 893 1489 957; x_wconf 77' lang='lat' dir='ltr'><strong>Romulus,</strong></span> 
     </span>
    </p>
   </div>
   <div class='ocr_carea' id='block_1_8' title="bbox 875 982 1644 1056">
    <p class='ocr_par' dir='ltr' id='par_1_8' title="bbox 875 982 1644 1056">
     <span class='ocr_line' id='line_1_8' title="bbox 875 982 1644 1056; baseline -0.005 -15"><span class='ocrx_word' id='word_1_28' title='bbox 875 988 946 1041; x_wconf 80' lang='lat' dir='ltr'><strong>Et</strong></span> <span class='ocrx_word' id='word_1_29' title='bbox 975 987 1088 1054; x_wconf 88' lang='lat' dir='ltr'><strong>ipse</strong></span> <span class='ocrx_word' id='word_1_30' title='bbox 1113 985 1220 1056; x_wconf 84' lang='lat' dir='ltr'><strong>jam</strong></span> <span class='ocrx_word' id='word_1_31' title='bbox 1245 984 1428 1040; x_wconf 85' lang='lat' dir='ltr'><strong>credat</strong></span> <span class='ocrx_word' id='word_1_32' title='bbox 1454 982 1644 1037; x_wconf 84' lang='lat' dir='ltr'><strong>Numa.</strong></span> 
     </span>
    </p>
   </div>
   <div class='ocr_carea' id='block_1_9' title="bbox 627 1074 1525 1136">
    <p class='ocr_par' dir='ltr' id='par_1_9' title="bbox 627 1074 1525 1136">
     <span class='ocr_line' id='line_1_9' title="bbox 627 1074 1525 1136; baseline -0.007 -2"><span class='ocrx_word' id='word_1_33' title='bbox 627 1079 728 1136; x_wconf 76' lang='grc'><strong>445</strong></span> <span class='ocrx_word' id='word_1_34' title='bbox 796 1077 1093 1133; x_wconf 84' lang='lat' dir='ltr'><strong>ConI’undit</strong></span> <span class='ocrx_word' id='word_1_35' title='bbox 1120 1091 1271 1132; x_wconf 90' lang='lat' dir='ltr'><strong>error</strong></span> <span class='ocrx_word' id='word_1_36' title='bbox 1299 1074 1525 1130; x_wconf 85' lang='lat' dir='ltr'><strong>Troicus</strong></span> 
     </span>
    </p>
   </div>
   <div class='ocr_carea' id='block_1_10' title="bbox 867 1167 1586 1232">
    <p class='ocr_par' dir='ltr' id='par_1_10' title="bbox 867 1167 1586 1232">
     <span class='ocr_line' id='line_1_10' title="bbox 867 1167 1586 1232; baseline -0.006 -6"><span class='ocrx_word' id='word_1_37' title='bbox 867 1170 1054 1226; x_wconf 80' lang='lat' dir='ltr'><strong>Adhuc</strong></span> <span class='ocrx_word' id='word_1_38' title='bbox 1077 1170 1339 1225; x_wconf 90' lang='lat' dir='ltr'><strong>Catonum</strong></span> <span class='ocrx_word' id='word_1_39' title='bbox 1362 1167 1586 1232; x_wconf 88' lang='lat' dir='ltr'><strong>curiam,</strong></span> 
     </span>
    </p>
   </div>
   <div class='ocr_carea' id='block_1_11' title="bbox 869 1253 1583 1316">
    <p class='ocr_par' dir='ltr' id='par_1_11' title="bbox 869 1253 1583 1316">
     <span class='ocr_line' id='line_1_11' title="bbox 869 1253 1583 1316; baseline -0.01 -2"><span class='ocrx_word' id='word_1_40' title='bbox 869 1260 1165 1316; x_wconf 86' lang='lat' dir='ltr'><strong>Veneratus</strong></span> <span class='ocrx_word' id='word_1_41' title='bbox 1191 1258 1412 1315; x_wconf 87' lang='lat' dir='ltr'><strong>occultis</strong></span> <span class='ocrx_word' id='word_1_42' title='bbox 1449 1253 1583 1312; x_wconf 81' lang='lat' dir='ltr'><strong>locis</strong></span> 
     </span>
    </p>
   </div>
   <div class='ocr_carea' id='block_1_12' title="bbox 877 1345 1651 1420">
    <p class='ocr_par' dir='ltr' id='par_1_12' title="bbox 877 1345 1651 1420">
     <span class='ocr_line' id='line_1_12' title="bbox 877 1345 1651 1420; baseline -0.008 -14"><span class='ocrx_word' id='word_1_43' title='bbox 877 1350 1145 1420; x_wconf 67' lang='lat' dir='ltr'><strong>Phrygum</strong></span> <span class='ocrx_word' id='word_1_44' title='bbox 1172 1355 1389 1418; x_wconf 81' lang='lat' dir='ltr'><strong>penates</strong></span> <span class='ocrx_word' id='word_1_45' title='bbox 1420 1345 1651 1401; x_wconf 81' lang='lat' dir='ltr'><strong>exsules.</strong></span> 
     </span>
    </p>
   </div>
   <div class='ocr_carea' id='block_1_13' title="bbox 801 1436 1736 1500">
    <p class='ocr_par' dir='ltr' id='par_1_13' title="bbox 801 1436 1736 1500">
     <span class='ocr_line' id='line_1_13' title="bbox 801 1436 1736 1500; baseline -0.007 -3"><span class='ocrx_word' id='word_1_46' title='bbox 801 1440 993 1497; x_wconf 82' lang='lat' dir='ltr'><strong>Janum</strong></span> <span class='ocrx_word' id='word_1_47' title='bbox 1016 1439 1324 1500; x_wconf 75' lang='lat' dir='ltr'><strong>bifrontem,</strong></span> <span class='ocrx_word' id='word_1_48' title='bbox 1357 1444 1412 1491; x_wconf 88' lang='lat' dir='ltr'><strong>et</strong></span> <span class='ocrx_word' id='word_1_49' title='bbox 1436 1436 1736 1491; x_wconf 86' lang='lat' dir='ltr'><strong>Sterculum</strong></span> 
     </span>
    </p>
   </div>
   <div class='ocr_carea' id='block_1_14' title="bbox 876 1528 1506 1597">
    <p class='ocr_par' dir='ltr' id='par_1_14' title="bbox 876 1528 1506 1597">
     <span class='ocr_line' id='line_1_14' title="bbox 876 1528 1506 1597; baseline -0.01 -11"><span class='ocrx_word' id='word_1_50' title='bbox 876 1530 1018 1586; x_wconf 87' lang='lat' dir='ltr'><strong>Colit</strong></span> <span class='ocrx_word' id='word_1_51' title='bbox 1045 1540 1260 1584; x_wconf 81' lang='lat' dir='ltr'><strong>senatus</strong></span> <span class='ocrx_word' id='word_1_52' title='bbox 1291 1528 1506 1597; x_wconf 85' lang='lat' dir='ltr'><strong>(horreo</strong></span> 
     </span>
    </p>
   </div>
   <div class='ocr_carea' id='block_1_15' title="bbox 873 1617 1719 1688">
    <p class='ocr_par' dir='ltr' id='par_1_15' title="bbox 873 1617 1719 1688">
     <span class='ocr_line' id='line_1_15' title="bbox 873 1617 1719 1688; baseline -0.007 -10"><span class='ocrx_word' id='word_1_53' title='bbox 873 1625 976 1679; x_wconf 87' lang='lat' dir='ltr'><strong>&#39;l‘ot</strong></span> <span class='ocrx_word' id='word_1_54' title='bbox 996 1631 1230 1678; x_wconf 87' lang='lat' dir='ltr'><strong>monstra</strong></span> <span class='ocrx_word' id='word_1_55' title='bbox 1257 1629 1464 1688; x_wconf 87' lang='lat' dir='ltr'><strong>patrum</strong></span> <span class='ocrx_word' id='word_1_56' title='bbox 1493 1617 1719 1688; x_wconf 88' lang='lat' dir='ltr'><strong>dicere),</strong></span> 
     </span>
    </p>
   </div>
   <div class='ocr_carea' id='block_1_16' title="bbox 873 1708 1526 1768">
    <p class='ocr_par' dir='ltr' id='par_1_16' title="bbox 873 1708 1526 1768">
     <span class='ocr_line' id='line_1_16' title="bbox 873 1708 1526 1768; baseline -0.011 0"><span class='ocrx_word' id='word_1_57' title='bbox 873 1715 938 1768; x_wconf 85' lang='lat' dir='ltr'><strong>Et</strong></span> <span class='ocrx_word' id='word_1_58' title='bbox 959 1714 1092 1767; x_wconf 85' lang='lat' dir='ltr'><strong>lesta</strong></span> <span class='ocrx_word' id='word_1_59' title='bbox 1124 1709 1336 1766; x_wconf 86' lang='lat' dir='ltr'><strong>Saturni</strong></span> <span class='ocrx_word' id='word_1_60' title='bbox 1358 1708 1526 1764; x_wconf 86' lang='lat' dir='ltr'><strong>senis.</strong></span> 
     </span>
    </p>
   </div>
   <div class='ocr_carea' id='block_1_17' title="bbox 801 1797 1754 1872">
    <p class='ocr_par' dir='ltr' id='par_1_17' title="bbox 801 1797 1754 1872">
     <span class='ocr_line' id='line_1_17' title="bbox 801 1797 1754 1872; baseline -0.006 -13"><span class='ocrx_word' id='word_1_61' title='bbox 801 1805 1082 1872; x_wconf 83' lang='lat' dir='ltr'><strong>Absterge,</strong></span> <span class='ocrx_word' id='word_1_62' title='bbox 1109 1799 1342 1867; x_wconf 88' lang='lat' dir='ltr'><strong>Christe,</strong></span> <span class='ocrx_word' id='word_1_63' title='bbox 1373 1797 1478 1854; x_wconf 86' lang='lat' dir='ltr'><strong>hoc</strong></span> <span class='ocrx_word' id='word_1_64' title='bbox 1501 1797 1754 1856; x_wconf 83' lang='lat' dir='ltr'><strong>dedecus.</strong></span> 
     </span>
    </p>
   </div>
   <div class='ocr_carea' id='block_1_18' title="bbox 629 1534 734 1589">
    <p class='ocr_par' dir='ltr' id='par_1_18' title="bbox 629 1534 734 1589">
     <span class='ocr_line' id='line_1_18' title="bbox 629 1534 734 1589; baseline -0.019 0"><span class='ocrx_word' id='word_1_65' title='bbox 629 1534 734 1589; x_wconf 83' lang='grc'><strong>450</strong></span> 
     </span>
    </p>
   </div>
   <div class='ocr_carea' id='block_1_19' title="bbox 1712 278 3850 383">
    <p class='ocr_par' dir='ltr' id='par_1_19' title="bbox 1712 278 3850 383">
     <span class='ocr_line' id='line_1_19' title="bbox 1712 278 3850 383; baseline 0.003 -7"><span class='ocrx_word' id='word_1_66' title='bbox 1712 319 1986 377; x_wconf 77' lang='lat' dir='ltr'><strong>AURELII</strong></span> <span class='ocrx_word' id='word_1_67' title='bbox 2028 278 2396 378; x_wconf 64' lang='lat' dir='ltr'><strong>pauoenrn</strong></span> <span class='ocrx_word' id='word_1_68' title='bbox 2436 321 2756 378; x_wconf 70' lang='lat' dir='ltr'><strong>CARlllNA.</strong></span> <span class='ocrx_word' id='word_1_69' title='bbox 3415 339 3420 344; x_wconf 54' lang='grc' dir='ltr'><em>ι</em></span> <span class='ocrx_word' id='word_1_70' title='bbox 3759 325 3850 383; x_wconf 73' lang='lat' dir='ltr'><strong>stu</strong></span> 
     </span>
    </p>
   </div>
   <div class='ocr_carea' id='block_1_20' title="bbox 2219 447 2272 501">
    <p class='ocr_par' dir='ltr' id='par_1_20' title="bbox 2219 447 2272 501">
     <span class='ocr_line' id='line_1_20' title="bbox 2219 447 2272 501; baseline 0 0"><span class='ocrx_word' id='word_1_71' title='bbox 2219 447 2272 501; x_wconf 80' lang='grc' dir='ltr'><strong>Α</strong></span> 
     </span>
    </p>
   </div>
   <div class='ocr_carea' id='block_1_21' title="bbox 2542 437 3364 513">
    <p class='ocr_par' dir='ltr' id='par_1_21' title="bbox 2542 437 3364 513">
     <span class='ocr_line' id='line_1_21' title="bbox 2542 437 3364 513; baseline -0.01 -16"><span class='ocrx_word' id='word_1_72' title='bbox 2542 437 2709 510; x_wconf 60' lang='grc'><strong>924</strong></span> <span class='ocrx_word' id='word_1_73' title='bbox 2730 438 2923 513; x_wconf 74' lang='lat' dir='ltr'><strong>Emitte</strong></span> <span class='ocrx_word' id='word_1_74' title='bbox 2951 437 3164 493; x_wconf 72' lang='lat' dir='ltr'><strong>habriel</strong></span> <span class='ocrx_word' id='word_1_75' title='bbox 3194 447 3364 500; x_wconf 89' lang='lat' dir='ltr'><strong>tuum,</strong></span> 
     </span>
    </p>
   </div>
   <div class='ocr_carea' id='block_1_22' title="bbox 2547 529 3307 597">
    <p class='ocr_par' dir='ltr' id='par_1_22' title="bbox 2547 529 3307 597">
     <span class='ocr_line' id='line_1_22' title="bbox 2547 529 3307 597; baseline -0.003 -15"><span class='ocrx_word' id='word_1_76' title='bbox 2547 537 2813 597; x_wconf 77' lang='lat' dir='ltr'><strong>Agnoscat</strong></span> <span class='ocrx_word' id='word_1_77' title='bbox 2844 538 2900 582; x_wconf 93' lang='lat' dir='ltr'><strong>nt</strong></span> <span class='ocrx_word' id='word_1_78' title='bbox 2927 543 3109 584; x_wconf 88' lang='lat' dir='ltr'><strong>verum</strong></span> <span class='ocrx_word' id='word_1_79' title='bbox 3143 529 3307 583; x_wconf 86' lang='lat' dir='ltr'><strong>Deum</strong></span> 
     </span>
    </p>
   </div>
   <div class='ocr_carea' id='block_1_23' title="bbox 2393 618 3128 692">
    <p class='ocr_par' dir='ltr' id='par_1_23' title="bbox 2393 618 3128 692">
     <span class='ocr_line' id='line_1_23' title="bbox 2393 618 3128 692; baseline -0.004 -19"><span class='ocrx_word' id='word_1_80' title='bbox 2393 683 2405 692; x_wconf 38' lang='grc' dir='ltr'><strong><em>ο</em></strong></span> <span class='ocrx_word' id='word_1_81' title='bbox 2547 620 2743 673; x_wconf 84' lang='lat' dir='ltr'><strong>Errans</strong></span> <span class='ocrx_word' id='word_1_82' title='bbox 2772 618 2866 672; x_wconf 93' lang='lat' dir='ltr'><strong>luli</strong></span> <span class='ocrx_word' id='word_1_83' title='bbox 2893 619 3128 674; x_wconf 68' lang='lat' dir='ltr'><strong>accitas.</strong></span> 
     </span>
    </p>
   </div>
   <div class='ocr_carea' id='block_1_24' title="bbox 2471 709 3176 776">
    <p class='ocr_par' dir='ltr' id='par_1_24' title="bbox 2471 709 3176 776">
     <span class='ocr_line' id='line_1_24' title="bbox 2471 709 3176 776; baseline -0.003 -12"><span class='ocrx_word' id='word_1_84' title='bbox 2471 710 2538 764; x_wconf 81' lang='lat' dir='ltr'><strong>Et</strong></span> <span class='ocrx_word' id='word_1_85' title='bbox 2560 709 2668 776; x_wconf 89' lang='lat' dir='ltr'><strong>jam</strong></span> <span class='ocrx_word' id='word_1_86' title='bbox 2693 720 2936 764; x_wconf 83' lang='lat' dir='ltr'><strong>tenemus</strong></span> <span class='ocrx_word' id='word_1_87' title='bbox 2961 709 3176 764; x_wconf 83' lang='lat' dir='ltr'><strong>obsides</strong></span> 
     </span>
    </p>
   </div>
   <div class='ocr_carea' id='block_1_25' title="bbox 2545 799 3237 868">
    <p class='ocr_par' dir='ltr' id='par_1_25' title="bbox 2545 799 3237 868">
     <span class='ocr_line' id='line_1_25' title="bbox 2545 799 3237 868; baseline -0.001 -15"><span class='ocrx_word' id='word_1_88' title='bbox 2545 799 2859 854; x_wconf 82' lang='lat' dir='ltr'><strong>Fidissimos</strong></span> <span class='ocrx_word' id='word_1_89' title='bbox 2889 800 3048 868; x_wconf 86' lang='lat' dir='ltr'><strong>hujus</strong></span> <span class='ocrx_word' id='word_1_90' title='bbox 3075 800 3190 868; x_wconf 83' lang='lat' dir='ltr'><strong>spei</strong></span> <span class='ocrx_word' id='word_1_91' title='bbox 3225 817 3237 852; x_wconf 86' lang='lat'>:</span> 
     </span>
    </p>
   </div>
   <div class='ocr_carea' id='block_1_26' title="bbox 2295 529 2398 584">
    <p class='ocr_par' dir='ltr' id='par_1_26' title="bbox 2295 529 2398 584">
     <span class='ocr_line' id='line_1_26' title="bbox 2295 529 2398 584; baseline -0.019 0"><span class='ocrx_word' id='word_1_92' title='bbox 2295 529 2398 584; x_wconf 78' lang='grc'><strong>455</strong></span> 
     </span>
    </p>
   </div>
   <div class='ocr_carea' id='block_1_27' title="bbox 2550 891 3387 960">
    <p class='ocr_par' dir='ltr' id='par_1_27' title="bbox 2550 891 3387 960">
     <span class='ocr_line' id='line_1_27' title="bbox 2550 891 3387 960; baseline 0.004 -16"><span class='ocrx_word' id='word_1_93' title='bbox 2550 891 2646 946; x_wconf 92' lang='lat' dir='ltr'><strong>llic</strong></span> <span class='ocrx_word' id='word_1_94' title='bbox 2676 906 2867 960; x_wconf 82' lang='lat' dir='ltr'><strong>nempe</strong></span> <span class='ocrx_word' id='word_1_95' title='bbox 2889 891 2998 958; x_wconf 79' lang='lat' dir='ltr'><strong>iam</strong></span> <span class='ocrx_word' id='word_1_96' title='bbox 3029 901 3254 960; x_wconf 86' lang='lat' dir='ltr'><strong>regnant</strong></span> <span class='ocrx_word' id='word_1_97' title='bbox 3281 893 3387 947; x_wconf 91' lang='lat' dir='ltr'><strong>duo</strong></span> 
     </span>
    </p>
   </div>
   <div class='ocr_carea' id='block_1_28' title="bbox 2541 983 3240 1053">
    <p class='ocr_par' dir='ltr' id='par_1_28' title="bbox 2541 983 3240 1053">
     <span class='ocr_line' id='line_1_28' title="bbox 2541 983 3240 1053; baseline 0 -15"><span class='ocrx_word' id='word_1_98' title='bbox 2541 983 2923 1052; x_wconf 81' lang='lat' dir='ltr'><strong>Apostolorum</strong></span> <span class='ocrx_word' id='word_1_99' title='bbox 2949 983 3240 1053; x_wconf 82' lang='lat' dir='ltr'><strong>principes.</strong></span> 
     </span>
    </p>
   </div>
   <div class='ocr_carea' id='block_1_29' title="bbox 2474 1075 3145 1144">
    <p class='ocr_par' dir='ltr' id='par_1_29' title="bbox 2474 1075 3145 1144">
     <span class='ocr_line' id='line_1_29' title="bbox 2474 1075 3145 1144; baseline -0.003 -15"><span class='ocrx_word' id='word_1_100' title='bbox 2474 1075 2626 1130; x_wconf 91' lang='lat' dir='ltr'><strong>Alter</strong></span> <span class='ocrx_word' id='word_1_101' title='bbox 2651 1085 2870 1130; x_wconf 85' lang='lat' dir='ltr'><strong>vocator</strong></span> <span class='ocrx_word' id='word_1_102' title='bbox 2887 1077 3145 1144; x_wconf 89' lang='lat' dir='ltr'><strong>gentium,</strong></span> 
     </span>
    </p>
   </div>
   <div class='ocr_carea' id='block_1_30' title="bbox 2545 1162 3345 1234">
    <p class='ocr_par' dir='ltr' id='par_1_30' title="bbox 2545 1162 3345 1234">
     <span class='ocr_line' id='line_1_30' title="bbox 2545 1162 3345 1234; baseline 0 -15"><span class='ocrx_word' id='word_1_103' title='bbox 2545 1165 2693 1219; x_wconf 81' lang='lat' dir='ltr'><strong>Alter</strong></span> <span class='ocrx_word' id='word_1_104' title='bbox 2715 1165 3028 1220; x_wconf 84' lang='lat' dir='ltr'><strong>cathedram</strong></span> <span class='ocrx_word' id='word_1_105' title='bbox 3063 1162 3345 1234; x_wconf 85' lang='lat' dir='ltr'><strong>possidens</strong></span> 
     </span>
    </p>
   </div>
   <div class='ocr_carea' id='block_1_31' title="bbox 2556 1255 3318 1322">
    <p class='ocr_par' dir='ltr' id='par_1_31' title="bbox 2556 1255 3318 1322">
     <span class='ocr_line' id='line_1_31' title="bbox 2556 1255 3318 1322; baseline -0.001 -12"><span class='ocrx_word' id='word_1_106' title='bbox 2556 1256 2810 1322; x_wconf 87' lang='lat' dir='ltr'><strong>Primam,</strong></span> <span class='ocrx_word' id='word_1_107' title='bbox 2838 1255 3068 1311; x_wconf 90' lang='lat' dir='ltr'><strong>recludit</strong></span> <span class='ocrx_word' id='word_1_108' title='bbox 3087 1256 3318 1311; x_wconf 85' lang='lat' dir='ltr'><strong>creditas</strong></span> 
     </span>
    </p>
   </div>
   <div class='ocr_carea' id='block_1_32' title="bbox 2297 984 2405 1040">
    <p class='ocr_par' dir='ltr' id='par_1_32' title="bbox 2297 984 2405 1040">
     <span class='ocr_line' id='line_1_32' title="bbox 2297 984 2405 1040; baseline 0.009 -2"><span class='ocrx_word' id='word_1_109' title='bbox 2297 984 2405 1040; x_wconf 78' lang='grc'><strong>460</strong></span> 
     </span>
    </p>
   </div>
   <div class='ocr_carea' id='block_1_33' title="bbox 2549 1345 3129 1415">
    <p class='ocr_par' dir='ltr' id='par_1_33' title="bbox 2549 1345 3129 1415">
     <span class='ocr_line' id='line_1_33' title="bbox 2549 1345 3129 1415; baseline -0.002 -13"><span class='ocrx_word' id='word_1_110' title='bbox 2549 1345 2891 1402; x_wconf 65' lang='lat' dir='ltr'><strong>Eternitatis</strong></span> <span class='ocrx_word' id='word_1_111' title='bbox 2911 1346 3129 1415; x_wconf 87' lang='lat' dir='ltr'><strong>januas.</strong></span> 
     </span>
    </p>
   </div>
   <div class='ocr_carea' id='block_1_34' title="bbox 2305 1436 3254 1506">
    <p class='ocr_par' dir='ltr' id='par_1_34' title="bbox 2305 1436 3254 1506">
     <span class='ocr_line' id='line_1_34' title="bbox 2305 1436 3254 1506; baseline 0 -14"><span class='ocrx_word' id='word_1_112' title='bbox 2305 1439 2406 1494; x_wconf 81' lang='grc'><strong>465</strong></span> <span class='ocrx_word' id='word_1_113' title='bbox 2477 1436 2720 1500; x_wconf 86' lang='lat' dir='ltr'><strong>Discede,</strong></span> <span class='ocrx_word' id='word_1_114' title='bbox 2748 1436 2959 1492; x_wconf 86' lang='lat' dir='ltr'><strong>adulter</strong></span> <span class='ocrx_word' id='word_1_115' title='bbox 2985 1437 3254 1506; x_wconf 76' lang='lat' dir='ltr'><strong>luppiter,</strong></span> 
     </span>
    </p>
   </div>
   <div class='ocr_carea' id='block_1_35' title="bbox 2550 1528 3181 1596">
    <p class='ocr_par' dir='ltr' id='par_1_35' title="bbox 2550 1528 3181 1596">
     <span class='ocr_line' id='line_1_35' title="bbox 2550 1528 3181 1596; baseline 0 -14"><span class='ocrx_word' id='word_1_116' title='bbox 2550 1530 2748 1596; x_wconf 84' lang='lat' dir='ltr'><strong>Stupro</strong></span> <span class='ocrx_word' id='word_1_117' title='bbox 2770 1529 2973 1582; x_wconf 90' lang='lat' dir='ltr'><strong>sororis</strong></span> <span class='ocrx_word' id='word_1_118' title='bbox 2995 1528 3181 1593; x_wconf 75' lang='lat' dir='ltr'><strong>oblite,</strong></span> 
     </span>
    </p>
   </div>
   <div class='ocr_carea' id='block_1_36' title="bbox 2549 1619 3319 1686">
    <p class='ocr_par' dir='ltr' id='par_1_36' title="bbox 2549 1619 3319 1686">
     <span class='ocr_line' id='line_1_36' title="bbox 2549 1619 3319 1686; baseline 0.001 -12"><span class='ocrx_word' id='word_1_119' title='bbox 2549 1619 2811 1686; x_wconf 79' lang='lat' dir='ltr'><strong>Relinque</strong></span> <span class='ocrx_word' id='word_1_120' title='bbox 2837 1620 3061 1674; x_wconf 88' lang='lat' dir='ltr'><strong>Romam</strong></span> <span class='ocrx_word' id='word_1_121' title='bbox 3094 1619 3319 1675; x_wconf 84' lang='lat' dir='ltr'><strong>liberam</strong></span> 
     </span>
    </p>
   </div>
   <div class='ocr_carea' id='block_1_37' title="bbox 2549 1709 3420 1782">
    <p class='ocr_par' dir='ltr' id='par_1_37' title="bbox 2549 1709 3420 1782">
     <span class='ocr_line' id='line_1_37' title="bbox 2549 1709 3420 1782; baseline 0.002 -18"><span class='ocrx_word' id='word_1_122' title='bbox 2549 1709 3003 1779; x_wconf 86' lang='lat' dir='ltr'><strong>Plebemquejam</strong></span> <span class='ocrx_word' id='word_1_123' title='bbox 3037 1711 3234 1766; x_wconf 84' lang='lat' dir='ltr'><strong>Christi</strong></span> <span class='ocrx_word' id='word_1_124' title='bbox 3277 1713 3366 1782; x_wconf 76' lang='lat' dir='ltr'><strong>fug</strong></span> <span class='ocrx_word' id='word_1_125' title='bbox 3405 1752 3420 1766; x_wconf 96' lang='lat'><strong>.</strong></span> 
     </span>
    </p>
   </div>
   <div class='ocr_carea' id='block_1_38' title="bbox 2475 1801 3476 1874">
    <p class='ocr_par' dir='ltr' id='par_1_38' title="bbox 2475 1801 3476 1874">
     <span class='ocr_line' id='line_1_38' title="bbox 2475 1801 3476 1874; baseline -0.003 -14"><span class='ocrx_word' id='word_1_126' title='bbox 2475 1801 2637 1874; x_wconf 78' lang='lat'><strong>925</strong></span> <span class='ocrx_word' id='word_1_127' title='bbox 2661 1801 2738 1858; x_wconf 87' lang='lat' dir='ltr'><strong>Te</strong></span> <span class='ocrx_word' id='word_1_128' title='bbox 2759 1801 2956 1858; x_wconf 87' lang='lat' dir='ltr'><strong>Paulus</strong></span> <span class='ocrx_word' id='word_1_129' title='bbox 2981 1801 3106 1858; x_wconf 89' lang='lat' dir='ltr'><strong>hinc</strong></span> <span class='ocrx_word' id='word_1_130' title='bbox 3133 1804 3476 1870; x_wconf 79' lang='lat' dir='ltr'><strong>exterminat,</strong></span> 
     </span>
    </p>
   </div>
   <div class='ocr_carea' id='block_1_39' title="bbox 1929 1883 2588 1948">
    <p class='ocr_par' dir='ltr' id='par_1_39' title="bbox 1929 1883 2588 1948">
     <span class='ocr_line' id='line_1_39' title="bbox 1929 1883 2588 1948; baseline 0.006 -5"><span class='ocrx_word' id='word_1_131' title='bbox 1929 1883 2211 1947; x_wconf 64' lang='lat' dir='ltr'><strong>GLOSSE</strong></span> <span class='ocrx_word' id='word_1_132' title='bbox 2252 1891 2588 1948; x_wconf 82' lang='lat' dir='ltr'><strong>VETERES.</strong></span> 
     </span>
    </p>
   </div>
   <div class='ocr_carea' id='block_1_40' title="bbox 697 1982 2196 2056">
    <p class='ocr_par' dir='ltr' id='par_1_40' title="bbox 697 1982 2196 2056">
     <span class='ocr_line' id='line_1_40' title="bbox 697 1982 2196 2056; baseline -0.003 -16"><span class='ocrx_word' id='word_1_133' title='bbox 697 1986 822 2043; x_wconf 80' lang='grc'><strong>458.</strong></span> <span class='ocrx_word' id='word_1_134' title='bbox 861 1986 921 2041; x_wconf 91' lang='lat' dir='ltr'><strong>ln</strong></span> <span class='ocrx_word' id='word_1_135' title='bbox 977 1983 1645 2056; x_wconf 35' lang='lat' dir='ltr'><strong>symbolumhunitatem,</strong></span> <span class='ocrx_word' id='word_1_136' title='bbox 1667 1982 1822 2051; x_wconf 80' lang='lat' dir='ltr'><strong>fidem</strong></span> <span class='ocrx_word' id='word_1_137' title='bbox 1854 1983 2196 2056; x_wconf 59' lang='lat' dir='ltr'><strong>catholicam,</strong></span> 
     </span>
    </p>
   </div>
   <div class='ocr_carea' id='block_1_41' title="bbox 629 2052 1984 2123">
    <p class='ocr_par' dir='ltr' id='par_1_41' title="bbox 629 2052 1984 2123">
     <span class='ocr_line' id='line_1_41' title="bbox 629 2052 1984 2123; baseline -0.004 -12"><span class='ocrx_word' id='word_1_138' title='bbox 629 2059 918 2118; x_wconf 82' lang='lat' dir='ltr'><strong>concilium,</strong></span> <span class='ocrx_word' id='word_1_139' title='bbox 945 2052 1100 2109; x_wconf 54' lang='lat' dir='ltr'><strong>un&#39;am</strong></span> <span class='ocrx_word' id='word_1_140' title='bbox 1120 2057 1293 2123; x_wconf 81' lang='lat' dir='ltr'><strong>ﬁdem,</strong></span> <span class='ocrx_word' id='word_1_141' title='bbox 1321 2054 1438 2108; x_wconf 92' lang='lat' dir='ltr'><strong>l.—</strong></span> <span class='ocrx_word' id='word_1_142' title='bbox 1467 2052 1534 2106; x_wconf 88' lang='lat' dir='ltr'><strong>In</strong></span> <span class='ocrx_word' id='word_1_143' title='bbox 1558 2053 1823 2122; x_wconf 84' lang='lat' dir='ltr'><strong>unitatem,</strong></span> <span class='ocrx_word' id='word_1_144' title='bbox 1852 2053 1984 2108; x_wconf 84' lang='lat' dir='ltr'><strong>Mar.</strong></span> 
     </span>
    </p>
   </div>
   <div class='ocr_carea' id='block_1_42' title="bbox 698 2123 1574 2194">
    <p class='ocr_par' dir='ltr' id='par_1_42' title="bbox 698 2123 1574 2194">
     <span class='ocr_line' id='line_1_42' title="bbox 698 2123 1574 2194; baseline -0.005 -15"><span class='ocrx_word' id='word_1_145' title='bbox 698 2127 822 2181; x_wconf 80' lang='grc'><strong>459.</strong></span> <span class='ocrx_word' id='word_1_146' title='bbox 850 2126 1200 2191; x_wconf 85' lang='lat' dir='ltr'><strong>Mansuescat,</strong></span> <span class='ocrx_word' id='word_1_147' title='bbox 1233 2123 1367 2177; x_wconf 85' lang='lat' dir='ltr'><strong>mitis</strong></span> <span class='ocrx_word' id='word_1_148' title='bbox 1389 2123 1574 2194; x_wconf 10' lang='lat' dir='ltr'><strong>ﬁat,il.</strong></span> 
     </span>
    </p>
   </div>
   <div class='ocr_carea' id='block_1_43' title="bbox 697 2191 2194 2318">
    <p class='ocr_par' dir='ltr' id='par_1_43' title="bbox 697 2191 2194 2318">
     <span class='ocr_line' id='line_1_43' title="bbox 697 2191 2194 2318; baseline 0 -70"><span class='ocrx_word' id='word_1_149' title='bbox 697 2196 822 2317; x_wconf 47' lang='lat'><strong>4411.</strong></span> <span class='ocrx_word' id='word_1_150' title='bbox 856 2195 1126 2318; x_wconf 71' lang='lat' dir='ltr'><strong>Aldvertat,</strong></span> <span class='ocrx_word' id='word_1_151' title='bbox 1158 2195 1364 2260; x_wconf 83' lang='lat' dir='ltr'><strong>sentiat,</strong></span> <span class='ocrx_word' id='word_1_152' title='bbox 1381 2191 1651 2264; x_wconf 73' lang='lat' dir='ltr'><strong>intelligat.</strong></span> <span class='ocrx_word' id='word_1_153' title='bbox 1675 2222 1745 2233; x_wconf 92' lang='lat'><strong>—</strong></span> <span class='ocrx_word' id='word_1_154' title='bbox 1767 2191 2082 2264; x_wconf 87' lang='lat' dir='ltr'><strong>Abjunctas,</strong></span> <span class='ocrx_word' id='word_1_155' title='bbox 2110 2209 2194 2248; x_wconf 84' lang='lat' dir='ltr'><strong>se-</strong></span> 
     </span>
     <span class='ocr_line' id='line_1_44' title="bbox 700 2282 923 2318; baseline -0.009 0"><span class='ocrx_word' id='word_1_156' title='bbox 700 2282 757 2318; x_wconf 94' lang='lat' dir='ltr'><strong>ra</strong></span> <span class='ocrx_word' id='word_1_157' title='bbox 780 2283 856 2318; x_wconf 90' lang='lat' dir='ltr'><strong>as.</strong></span> <span class='ocrx_word' id='word_1_158' title='bbox 909 2304 923 2316; x_wconf 95' lang='lat'><strong>.</strong></span> 
     </span>
    </p>
   </div>
   <div class='ocr_carea' id='block_1_44' title="bbox 668 2275 923 2327">
    <p class='ocr_par' dir='ltr' id='par_1_44' title="bbox 668 2275 923 2327">
     <span class='ocr_line' id='line_1_45' title="bbox 668 2275 923 2327; baseline -0.016 -6"><span class='ocrx_word' id='word_1_159' title='bbox 668 2275 856 2327; x_wconf 91' lang='lat' dir='ltr'><strong>aratas,</strong></span> <span class='ocrx_word' id='word_1_160' title='bbox 885 2275 923 2318; x_wconf 95' lang='lat' dir='ltr'><strong>I.</strong></span> 
     </span>
    </p>
   </div>
   <div class='ocr_carea' id='block_1_45' title="bbox 631 2284 1416 2402">
    <p class='ocr_par' dir='ltr' id='par_1_45' title="bbox 631 2284 1416 2402">
     <span class='ocr_line' id='line_1_46' title="bbox 631 2284 923 2336; baseline -0.014 -15"><span class='ocrx_word' id='word_1_161' title='bbox 631 2284 856 2336; x_wconf 80' lang='lat' dir='ltr'><strong>paratas,</strong></span> <span class='ocrx_word' id='word_1_162' title='bbox 885 2284 923 2318; x_wconf 92' lang='grc' dir='ltr'><strong>ι.</strong></span> 
     </span>
     <span class='ocr_line' id='line_1_47' title="bbox 698 2332 1416 2402; baseline -0.003 -14"><span class='ocrx_word' id='word_1_163' title='bbox 698 2336 822 2390; x_wconf 74' lang='grc'><strong>445.</strong></span> <span class='ocrx_word' id='word_1_164' title='bbox 853 2333 1068 2402; x_wconf 82' lang='lat' dir='ltr'><strong>Fidelis,</strong></span> <span class='ocrx_word' id='word_1_165' title='bbox 1091 2334 1350 2400; x_wconf 86' lang='lat' dir='ltr'><strong>credulus,</strong></span> <span class='ocrx_word' id='word_1_166' title='bbox 1377 2332 1416 2386; x_wconf 89' lang='grc' dir='ltr'><strong>Ι.</strong></span> 
     </span>
    </p>
   </div>
   <div class='ocr_carea' id='block_1_46' title="bbox 698 2401 1754 2468">
    <p class='ocr_par' dir='ltr' id='par_1_46' title="bbox 698 2401 1754 2468">
     <span class='ocr_line' id='line_1_48' title="bbox 698 2401 1754 2468; baseline 0 -12"><span class='ocrx_word' id='word_1_167' title='bbox 698 2404 825 2460; x_wconf 79' lang='grc'><strong>444.</strong></span> <span class='ocrx_word' id='word_1_168' title='bbox 857 2401 1269 2467; x_wconf 82' lang='lat' dir='ltr'><strong>Nmna,cansul,</strong></span> <span class='ocrx_word' id='word_1_169' title='bbox 1297 2404 1352 2455; x_wconf 87' lang='lat' dir='ltr'><strong>id</strong></span> <span class='ocrx_word' id='word_1_170' title='bbox 1373 2410 1447 2456; x_wconf 87' lang='lat' dir='ltr'><strong>est</strong></span> <span class='ocrx_word' id='word_1_171' title='bbox 1479 2401 1682 2468; x_wconf 87' lang='lat' dir='ltr'><strong>Sabini,</strong></span> <span class='ocrx_word' id='word_1_172' title='bbox 1711 2403 1754 2457; x_wconf 87' lang='grc'><strong>1.</strong></span> 
     </span>
    </p>
   </div>
   <div class='ocr_carea' id='block_1_47' title="bbox 701 2473 2202 2538">
    <p class='ocr_par' dir='ltr' id='par_1_47' title="bbox 701 2473 2202 2538">
     <span class='ocr_line' id='line_1_49' title="bbox 701 2473 2202 2538; baseline -0.001 -10"><span class='ocrx_word' id='word_1_173' title='bbox 701 2474 826 2528; x_wconf 82' lang='grc'><strong>446.</strong></span> <span class='ocrx_word' id='word_1_174' title='bbox 875 2474 1155 2538; x_wconf 89' lang='lat' dir='ltr'><strong>Catonum,</strong></span> <span class='ocrx_word' id='word_1_175' title='bbox 1203 2474 1483 2537; x_wconf 82' lang='lat' dir='ltr'><strong>consulum,</strong></span> <span class='ocrx_word' id='word_1_176' title='bbox 1527 2473 1952 2536; x_wconf 84' lang='lat' dir='ltr'><strong>consiliariorum,</strong></span> <span class='ocrx_word' id='word_1_177' title='bbox 2002 2473 2079 2526; x_wconf 78' lang='lat' dir='ltr'><strong>uel</strong></span> <span class='ocrx_word' id='word_1_178' title='bbox 2119 2489 2202 2526; x_wconf 79' lang='lat' dir='ltr'><strong>sa-</strong></span> 
     </span>
    </p>
   </div>
   <div class='ocr_carea' id='block_1_48' title="bbox 633 2543 2128 2615">
    <p class='ocr_par' dir='ltr' id='par_1_48' title="bbox 633 2543 2128 2615">
     <span class='ocr_line' id='line_1_50' title="bbox 633 2543 2128 2615; baseline -0.001 -17"><span class='ocrx_word' id='word_1_179' title='bbox 633 2545 876 2615; x_wconf 81' lang='lat' dir='ltr'><strong>pientum,</strong></span> <span class='ocrx_word' id='word_1_180' title='bbox 906 2544 1031 2613; x_wconf 82' lang='lat' dir='ltr'><strong>legis</strong></span> <span class='ocrx_word' id='word_1_181' title='bbox 1056 2545 1340 2615; x_wconf 67' lang='lat' dir='ltr'><strong>doctorum.</strong></span> <span class='ocrx_word' id='word_1_182' title='bbox 1367 2571 1436 2582; x_wconf 90' lang='lat'>—</span> <span class='ocrx_word' id='word_1_183' title='bbox 1456 2543 1690 2615; x_wconf 80' lang='lat' dir='ltr'><strong>Curiam,</strong></span> <span class='ocrx_word' id='word_1_184' title='bbox 1721 2545 1994 2614; x_wconf 69' lang='lat' dir='ltr'><strong>familiam,</strong></span> <span class='ocrx_word' id='word_1_185' title='bbox 2024 2543 2128 2598; x_wconf 86' lang='lat' dir='ltr'><strong>lso.</strong></span> 
     </span>
    </p>
   </div>
   <div class='ocr_carea' id='block_1_49' title="bbox 701 2611 1601 2686">
    <p class='ocr_par' dir='ltr' id='par_1_49' title="bbox 701 2611 1601 2686">
     <span class='ocr_line' id='line_1_51' title="bbox 701 2611 1601 2686; baseline -0.001 -17"><span class='ocrx_word' id='word_1_186' title='bbox 701 2615 826 2669; x_wconf 74' lang='grc'><strong>448.</strong></span> <span class='ocrx_word' id='word_1_187' title='bbox 855 2611 1144 2686; x_wconf 76' lang='lat' dir='ltr'><strong>Phrygum,</strong></span> <span class='ocrx_word' id='word_1_188' title='bbox 1179 2611 1536 2683; x_wconf 84' lang='lat' dir='ltr'><strong>Trojanorum,</strong></span> <span class='ocrx_word' id='word_1_189' title='bbox 1563 2613 1601 2668; x_wconf 94' lang='grc' dir='ltr'><strong>Ι.</strong></span> 
     </span>
    </p>
   </div>
   <div class='ocr_carea' id='block_1_50' title="bbox 2373 1984 3852 2055">
    <p class='ocr_par' dir='ltr' id='par_1_50' title="bbox 2373 1984 3852 2055">
     <span class='ocr_line' id='line_1_52' title="bbox 2373 1984 3852 2055; baseline 0.006 -17"><span class='ocrx_word' id='word_1_190' title='bbox 2373 1984 2501 2041; x_wconf 78' lang='grc'><strong>449.</strong></span> <span class='ocrx_word' id='word_1_191' title='bbox 2536 1986 2864 2050; x_wconf 81' lang='lat' dir='ltr'><strong>Sterculum,</strong></span> <span class='ocrx_word' id='word_1_192' title='bbox 2891 1988 3216 2054; x_wconf 79' lang='lat' dir='ltr'><strong>adjectivum,</strong></span> <span class='ocrx_word' id='word_1_193' title='bbox 3248 1989 3304 2042; x_wconf 86' lang='lat' dir='ltr'><strong>id</strong></span> <span class='ocrx_word' id='word_1_194' title='bbox 3341 1998 3416 2043; x_wconf 86' lang='lat' dir='ltr'><strong>est</strong></span> <span class='ocrx_word' id='word_1_195' title='bbox 3437 1990 3736 2055; x_wconf 85' lang='lat' dir='ltr'><strong>cloacinum,</strong></span> <span class='ocrx_word' id='word_1_196' title='bbox 3764 1990 3852 2054; x_wconf 84' lang='lat' dir='ltr'><strong>lso.</strong></span> 
     </span>
    </p>
   </div>
   <div class='ocr_carea' id='block_1_51' title="bbox 2374 2056 3464 2124">
    <p class='ocr_par' dir='ltr' id='par_1_51' title="bbox 2374 2056 3464 2124">
     <span class='ocr_line' id='line_1_53' title="bbox 2374 2056 3464 2124; baseline 0.004 -15"><span class='ocrx_word' id='word_1_197' title='bbox 2374 2056 2498 2109; x_wconf 63' lang='lat'><strong>455.</strong></span> <span class='ocrx_word' id='word_1_198' title='bbox 2533 2056 2768 2121; x_wconf 85' lang='lat' dir='ltr'><strong>Gabriel,</strong></span> <span class='ocrx_word' id='word_1_199' title='bbox 2804 2059 3148 2124; x_wconf 79' lang='lat' dir='ltr'><strong>[artitudinem</strong></span> <span class='ocrx_word' id='word_1_200' title='bbox 3169 2071 3328 2123; x_wconf 84' lang='lat' dir='ltr'><strong>tuam,</strong></span> <span class='ocrx_word' id='word_1_201' title='bbox 3358 2059 3464 2114; x_wconf 61' lang='lat' dir='ltr'><strong>lso.</strong></span> 
     </span>
    </p>
   </div>
   <div class='ocr_carea' id='block_1_52' title="bbox 2376 2126 3854 2197">
    <p class='ocr_par' dir='ltr' id='par_1_52' title="bbox 2376 2126 3854 2197">
     <span class='ocr_line' id='line_1_54' title="bbox 2376 2126 3854 2197; baseline 0.003 -18"><span class='ocrx_word' id='word_1_202' title='bbox 2376 2126 2508 2197; x_wconf 81' lang='grc'><strong>456.</strong></span> <span class='ocrx_word' id='word_1_203' title='bbox 2546 2128 2742 2180; x_wconf 78' lang='lat' dir='ltr'><strong>Erratis</strong></span> <span class='ocrx_word' id='word_1_204' title='bbox 2779 2129 2875 2182; x_wconf 82' lang='lat' dir='ltr'><strong>ltili</strong></span> <span class='ocrx_word' id='word_1_205' title='bbox 2903 2131 3135 2196; x_wconf 63' lang='lat' dir='ltr'><strong>catellas,</strong></span> <span class='ocrx_word' id='word_1_206' title='bbox 3167 2129 3353 2196; x_wconf 76' lang='lat' dir='ltr'><strong>Roma,</strong></span> <span class='ocrx_word' id='word_1_207' title='bbox 3385 2129 3619 2185; x_wconf 73' lang='lat' dir='ltr'><strong>Romana</strong></span> <span class='ocrx_word' id='word_1_208' title='bbox 3647 2131 3854 2197; x_wconf 77' lang='lat' dir='ltr'><strong>Ascanii,</strong></span> 
     </span>
    </p>
   </div>
   <div class='ocr_carea' id='block_1_53' title="bbox 2302 2194 2861 2260">
    <p class='ocr_par' dir='ltr' id='par_1_53' title="bbox 2302 2194 2861 2260">
     <span class='ocr_line' id='line_1_55' title="bbox 2302 2194 2861 2260; baseline 0.002 -11"><span class='ocrx_word' id='word_1_209' title='bbox 2302 2194 2325 2249; x_wconf 84' lang='grc' dir='ltr'>Ι</span> <span class='ocrx_word' id='word_1_210' title='bbox 2376 2224 2446 2235; x_wconf 90' lang='lat'>—</span> <span class='ocrx_word' id='word_1_211' title='bbox 2476 2196 2700 2260; x_wconf 83' lang='lat' dir='ltr'><strong>Ascanii,</strong></span> <span class='ocrx_word' id='word_1_212' title='bbox 2733 2199 2861 2251; x_wconf 78' lang='lat' dir='ltr'><strong>Mar.</strong></span> 
     </span>
    </p>
   </div>
   <div class='ocr_carea' id='block_1_54' title="bbox 2372 2265 3677 2338">
    <p class='ocr_par' dir='ltr' id='par_1_54' title="bbox 2372 2265 3677 2338">
     <span class='ocr_line' id='line_1_56' title="bbox 2372 2265 3677 2338; baseline 0.003 -18"><span class='ocrx_word' id='word_1_213' title='bbox 2372 2265 2496 2338; x_wconf 73' lang='grc'><strong>461.</strong></span> <span class='ocrx_word' id='word_1_214' title='bbox 2527 2267 2697 2338; x_wconf 77' lang='lat' dir='ltr'><strong>Alter,</strong></span> <span class='ocrx_word' id='word_1_215' title='bbox 2726 2284 2879 2321; x_wconf 87' lang='lat' dir='ltr'><strong>unus.</strong></span> <span class='ocrx_word' id='word_1_216' title='bbox 2910 2267 3247 2330; x_wconf 84' lang='lat' dir='ltr'><strong>—Vocator.</strong></span> <span class='ocrx_word' id='word_1_217' title='bbox 3279 2271 3604 2338; x_wconf 64' lang='lat' dir='ltr'><strong>praedicator,</strong></span> <span class='ocrx_word' id='word_1_218' title='bbox 3636 2271 3677 2324; x_wconf 89' lang='grc'><strong>1.</strong></span> 
     </span>
    </p>
   </div>
   <div class='ocr_carea' id='block_1_55' title="bbox 2374 2335 3856 2408">
    <p class='ocr_par' dir='ltr' id='par_1_55' title="bbox 2374 2335 3856 2408">
     <span class='ocr_line' id='line_1_57' title="bbox 2374 2335 3856 2408; baseline 0.007 -20"><span class='ocrx_word' id='word_1_219' title='bbox 2374 2335 2502 2408; x_wconf 64' lang='grc' dir='ltr'><strong>ιξϐᾆ.</strong></span> <span class='ocrx_word' id='word_1_220' title='bbox 2531 2335 2792 2408; x_wconf 72' lang='lat' dir='ltr'><strong>Recludit,</strong></span> <span class='ocrx_word' id='word_1_221' title='bbox 2814 2339 2997 2408; x_wconf 87' lang='lat' dir='ltr'><strong>aperit.</strong></span> <span class='ocrx_word' id='word_1_222' title='bbox 3019 2365 3090 2377; x_wconf 87' lang='lat'><strong>—-</strong></span> <span class='ocrx_word' id='word_1_223' title='bbox 3118 2335 3382 2404; x_wconf 70' lang='lat' dir='ltr'><strong>Creditus,</strong></span> <span class='ocrx_word' id='word_1_224' title='bbox 3413 2342 3603 2394; x_wconf 72' lang='lat' dir='ltr'><strong>scilicet</strong></span> <span class='ocrx_word' id='word_1_225' title='bbox 3621 2341 3736 2408; x_wconf 89' lang='lat' dir='ltr'><strong>sibi,</strong></span> <span class='ocrx_word' id='word_1_226' title='bbox 3765 2341 3856 2400; x_wconf 87' lang='lat' dir='ltr'><strong>lso.</strong></span> 
     </span>
    </p>
   </div>
   <div class='ocr_carea' id='block_1_56' title="bbox 2373 2403 3218 2469">
    <p class='ocr_par' dir='ltr' id='par_1_56' title="bbox 2373 2403 3218 2469">
     <span class='ocr_line' id='line_1_58' title="bbox 2373 2403 3218 2469; baseline 0.007 -13"><span class='ocrx_word' id='word_1_227' title='bbox 2373 2403 2502 2460; x_wconf 82' lang='grc'><strong>466.</strong></span> <span class='ocrx_word' id='word_1_228' title='bbox 2529 2405 2725 2466; x_wconf 87' lang='lat' dir='ltr'><strong>Ohlite,</strong></span> <span class='ocrx_word' id='word_1_229' title='bbox 2755 2403 2966 2461; x_wconf 75' lang='lat' dir='ltr'><strong>vocativi</strong></span> <span class='ocrx_word' id='word_1_230' title='bbox 2992 2425 3159 2469; x_wconf 83' lang='lat' dir='ltr'><strong>casus,</strong></span> <span class='ocrx_word' id='word_1_231' title='bbox 3181 2409 3218 2462; x_wconf 88' lang='grc' dir='ltr'><strong>Ι.</strong></span> 
     </span>
    </p>
   </div>
   <div class='ocr_carea' id='block_1_57' title="bbox 2377 2475 3428 2546">
    <p class='ocr_par' dir='ltr' id='par_1_57' title="bbox 2377 2475 3428 2546">
     <span class='ocr_line' id='line_1_59' title="bbox 2377 2475 3428 2546; baseline 0.004 -17"><span class='ocrx_word' id='word_1_232' title='bbox 2377 2477 2505 2546; x_wconf 80' lang='grc'><strong>468.</strong></span> <span class='ocrx_word' id='word_1_233' title='bbox 2535 2475 2879 2544; x_wconf 83' lang='lat' dir='ltr'><strong>Plebemque,</strong></span> <span class='ocrx_word' id='word_1_234' title='bbox 2906 2477 3356 2544; x_wconf 80' lang='lat' dir='ltr'><strong>Christianitatem,</strong></span> <span class='ocrx_word' id='word_1_235' title='bbox 3387 2478 3428 2546; x_wconf 92' lang='lat' dir='ltr'><strong>I,</strong></span> 
     </span>
    </p>
   </div>
   <div class='ocr_carea' id='block_1_58' title="bbox 2375 2545 3857 2620">
    <p class='ocr_par' dir='ltr' id='par_1_58' title="bbox 2375 2545 3857 2620">
     <span class='ocr_line' id='line_1_60' title="bbox 2375 2545 3857 2620; baseline 0.005 -21"><span class='ocrx_word' id='word_1_236' title='bbox 2375 2545 2501 2602; x_wconf 82' lang='grc'><strong>469.</strong></span> <span class='ocrx_word' id='word_1_237' title='bbox 2535 2547 2881 2615; x_wconf 77' lang='lat' dir='ltr'><strong>Extcrminat,</strong></span> <span class='ocrx_word' id='word_1_238' title='bbox 2905 2550 3128 2620; x_wconf 83' lang='lat' dir='ltr'><strong>depellit,</strong></span> <span class='ocrx_word' id='word_1_239' title='bbox 3161 2562 3305 2604; x_wconf 76' lang='lat' dir='ltr'><strong>extra</strong></span> <span class='ocrx_word' id='word_1_240' title='bbox 3331 2545 3603 2604; x_wconf 84' lang='lat' dir='ltr'><strong>terminum</strong></span> <span class='ocrx_word' id='word_1_241' title='bbox 3624 2552 3794 2618; x_wconf 76' lang='lat' dir='ltr'><strong>mittat,</strong></span> <span class='ocrx_word' id='word_1_242' title='bbox 3824 2551 3857 2608; x_wconf 86' lang='grc' dir='ltr'><strong>Ι.</strong></span> 
     </span>
    </p>
   </div>
   <div class='ocr_carea' id='block_1_59' title="bbox 1971 2704 2522 2764">
    <p class='ocr_par' dir='ltr' id='par_1_59' title="bbox 1971 2704 2522 2764">
     <span class='ocr_line' id='line_1_61' title="bbox 1971 2704 2522 2764; baseline 0 -2"><span class='ocrx_word' id='word_1_243' title='bbox 1971 2704 2522 2764; x_wconf 74' lang='lat' dir='ltr'><strong>COMMENTARIUS.</strong></span> 
     </span>
    </p>
   </div>
   <div class='ocr_carea' id='block_1_60' title="bbox 632 2795 2204 2868">
    <p class='ocr_par' dir='ltr' id='par_1_60' title="bbox 632 2795 2204 2868">
     <span class='ocr_line' id='line_1_62' title="bbox 632 2795 2204 2868; baseline 0 -18"><span class='ocrx_word' id='word_1_244' title='bbox 632 2799 798 2865; x_wconf 84' lang='lat' dir='ltr'><strong>posito</strong></span> <span class='ocrx_word' id='word_1_245' title='bbox 847 2807 1064 2866; x_wconf 79' lang='lat' dir='ltr'><strong>namque</strong></span> <span class='ocrx_word' id='word_1_246' title='bbox 1093 2796 1330 2850; x_wconf 84' lang='lat' dir='ltr'><strong>diuinitus</strong></span> <span class='ocrx_word' id='word_1_247' title='bbox 1359 2795 1500 2864; x_wconf 84' lang='lat' dir='ltr'><strong>aperi</strong></span> <span class='ocrx_word' id='word_1_248' title='bbox 1545 2797 1765 2851; x_wconf 72' lang='lat' dir='ltr'><strong>maxime</strong></span> <span class='ocrx_word' id='word_1_249' title='bbox 1786 2797 2119 2868; x_wconf 80' lang='lat' dir='ltr'><strong>congruebat,</strong></span> <span class='ocrx_word' id='word_1_250' title='bbox 2148 2807 2204 2850; x_wconf 84' lang='lat' dir='ltr'><strong>ut</strong></span> 
     </span>
    </p>
   </div>
   <div class='ocr_carea' id='block_1_61' title="bbox 633 2867 2201 2939">
    <p class='ocr_par' dir='ltr' id='par_1_61' title="bbox 633 2867 2201 2939">
     <span class='ocr_line' id='line_1_63' title="bbox 633 2867 2201 2939; baseline 0 -19"><span class='ocrx_word' id='word_1_251' title='bbox 633 2869 798 2939; x_wconf 83' lang='lat' dir='ltr'><strong>multa</strong></span> <span class='ocrx_word' id='word_1_252' title='bbox 820 2883 978 2939; x_wconf 82' lang='lat' dir='ltr'><strong>regna</strong></span> <span class='ocrx_word' id='word_1_253' title='bbox 999 2883 1101 2920; x_wconf 86' lang='lat' dir='ltr'><strong>uno</strong></span> <span class='ocrx_word' id='word_1_254' title='bbox 1126 2868 1586 2939; x_wconf 77' lang='lat' dir='ltr'><strong>conftederarentur</strong></span> <span class='ocrx_word' id='word_1_255' title='bbox 1615 2867 1848 2939; x_wconf 85' lang='lat' dir='ltr'><strong>imperio,</strong></span> <span class='ocrx_word' id='word_1_256' title='bbox 1887 2867 1932 2920; x_wconf 86' lang='lat' dir='ltr'><strong>et</strong></span> <span class='ocrx_word' id='word_1_257' title='bbox 1957 2868 2054 2923; x_wconf 86' lang='lat' dir='ltr'><strong>cito</strong></span> <span class='ocrx_word' id='word_1_258' title='bbox 2084 2883 2201 2938; x_wconf 83' lang='lat' dir='ltr'><strong>per-</strong></span> 
     </span>
    </p>
   </div>
   <div class='ocr_carea' id='block_1_62' title="bbox 632 2937 2202 3006">
    <p class='ocr_par' dir='ltr' id='par_1_62' title="bbox 632 2937 2202 3006">
     <span class='ocr_line' id='line_1_64' title="bbox 632 2937 2202 3006; baseline 0.001 -17"><span class='ocrx_word' id='word_1_259' title='bbox 632 2937 740 2990; x_wconf 82' lang='lat' dir='ltr'><strong>uias</strong></span> <span class='ocrx_word' id='word_1_260' title='bbox 778 2937 978 2991; x_wconf 80' lang='lat' dir='ltr'><strong>haberet</strong></span> <span class='ocrx_word' id='word_1_261' title='bbox 1004 2937 1216 3006; x_wconf 83' lang='lat' dir='ltr'><strong>populos</strong></span> <span class='ocrx_word' id='word_1_262' title='bbox 1255 2937 1552 3005; x_wconf 70' lang='lat' dir='ltr'><strong>prmdicatio</strong></span> <span class='ocrx_word' id='word_1_263' title='bbox 1586 2937 1854 3006; x_wconf 83' lang='lat' dir='ltr'><strong>generalis,</strong></span> <span class='ocrx_word' id='word_1_264' title='bbox 1885 2953 2011 3005; x_wconf 85' lang='lat' dir='ltr'><strong>quos</strong></span> <span class='ocrx_word' id='word_1_265' title='bbox 2052 2937 2202 2991; x_wconf 81' lang='lat' dir='ltr'><strong>unius</strong></span> 
     </span>
    </p>
   </div>
   <div class='ocr_carea' id='block_1_63' title="bbox 631 3007 2203 3077">
    <p class='ocr_par' dir='ltr' id='par_1_63' title="bbox 631 3007 2203 3077">
     <span class='ocr_line' id='line_1_65' title="bbox 631 3007 2203 3077; baseline 0.003 -19"><span class='ocrx_word' id='word_1_266' title='bbox 631 3016 819 3077; x_wconf 73' lang='lat' dir='ltr'><strong>teneret</strong></span> <span class='ocrx_word' id='word_1_267' title='bbox 839 3008 1060 3077; x_wconf 84' lang='lat' dir='ltr'><strong>regimen</strong></span> <span class='ocrx_word' id='word_1_268' title='bbox 1082 3007 1317 3060; x_wconf 85' lang='lat' dir='ltr'><strong>civitatis.</strong></span> <span class='ocrx_word' id='word_1_269' title='bbox 1350 3007 1405 3061; x_wconf 76' lang='grc' dir='ltr'><strong>ιη</strong></span> <span class='ocrx_word' id='word_1_270' title='bbox 1426 3007 1665 3077; x_wconf 84' lang='lat' dir='ltr'><strong>eamdem</strong></span> <span class='ocrx_word' id='word_1_271' title='bbox 1694 3008 2012 3062; x_wconf 85' lang='lat' dir='ltr'><strong>sententiam</strong></span> <span class='ocrx_word' id='word_1_272' title='bbox 2034 3007 2203 3064; x_wconf 82' lang='lat' dir='ltr'><strong>disse-</strong></span> 
     </span>
    </p>
   </div>
   <div class='ocr_carea' id='block_1_64' title="bbox 631 3075 2200 3146">
    <p class='ocr_par' dir='ltr' id='par_1_64' title="bbox 631 3075 2200 3146">
     <span class='ocr_line' id='line_1_66' title="bbox 631 3075 2200 3146; baseline 0.003 -19"><span class='ocrx_word' id='word_1_273' title='bbox 631 3086 758 3146; x_wconf 64' lang='lat' dir='ltr'><strong>runt</strong></span> <span class='ocrx_word' id='word_1_274' title='bbox 788 3075 1142 3146; x_wconf 79' lang='lat' dir='ltr'><strong>Hieronymus</strong></span> <span class='ocrx_word' id='word_1_275' title='bbox 1170 3079 1225 3146; x_wconf 89' lang='lat' dir='ltr'><strong>in</strong></span> <span class='ocrx_word' id='word_1_276' title='bbox 1250 3077 1468 3139; x_wconf 81' lang='lat' dir='ltr'><strong>Isaiam;</strong></span> <span class='ocrx_word' id='word_1_277' title='bbox 1498 3075 1756 3132; x_wconf 84' lang='lat' dir='ltr'><strong>Eusebius</strong></span> <span class='ocrx_word' id='word_1_278' title='bbox 1796 3077 1888 3132; x_wconf 84' lang='lat' dir='ltr'><strong>lib.</strong></span> <span class='ocrx_word' id='word_1_279' title='bbox 1930 3093 1969 3142; x_wconf 83' lang='grc' dir='ltr'>ι,</span> <span class='ocrx_word' id='word_1_280' title='bbox 1992 3092 2112 3146; x_wconf 88' lang='lat' dir='ltr'><strong>cap.</strong></span> <span class='ocrx_word' id='word_1_281' title='bbox 2142 3078 2200 3145; x_wconf 88' lang='grc'>4,</span> 
     </span>
    </p>
   </div>
   <div class='ocr_carea' id='block_1_65' title="bbox 630 3143 2198 3215">
    <p class='ocr_par' dir='ltr' id='par_1_65' title="bbox 630 3143 2198 3215">
     <span class='ocr_line' id='line_1_67' title="bbox 630 3143 2198 3215; baseline 0.003 -17"><span class='ocrx_word' id='word_1_282' title='bbox 630 3143 865 3213; x_wconf 68' lang='lat' dir='ltr'><strong>Pt-zepar.</strong></span> <span class='ocrx_word' id='word_1_283' title='bbox 921 3143 1148 3215; x_wconf 81' lang='lat' dir='ltr'><strong>evang.;</strong></span> <span class='ocrx_word' id='word_1_284' title='bbox 1199 3145 1453 3215; x_wconf 78' lang='lat' dir='ltr'><strong>Origenes</strong></span> <span class='ocrx_word' id='word_1_285' title='bbox 1507 3147 1597 3200; x_wconf 85' lang='lat' dir='ltr'><strong>lib.</strong></span> <span class='ocrx_word' id='word_1_286' title='bbox 1649 3162 1685 3200; x_wconf 89' lang='lat' dir='ltr'><strong>ll</strong></span> <span class='ocrx_word' id='word_1_287' title='bbox 1736 3159 1920 3200; x_wconf 80' lang='lat' dir='ltr'><strong>contra</strong></span> <span class='ocrx_word' id='word_1_288' title='bbox 1960 3143 2198 3215; x_wconf 81' lang='lat' dir='ltr'><strong>Celsum,</strong></span> 
     </span>
    </p>
   </div>
   <div class='ocr_carea' id='block_1_66' title="bbox 630 3216 2204 3286">
    <p class='ocr_par' dir='ltr' id='par_1_66' title="bbox 630 3216 2204 3286">
     <span class='ocr_line' id='line_1_68' title="bbox 630 3216 2204 3286; baseline 0.004 -19"><span class='ocrx_word' id='word_1_289' title='bbox 630 3216 943 3286; x_wconf 68' lang='lat' dir='ltr'><strong>Ambrosius</strong></span> <span class='ocrx_word' id='word_1_290' title='bbox 970 3217 1025 3269; x_wconf 91' lang='lat' dir='ltr'><strong>in</strong></span> <span class='ocrx_word' id='word_1_291' title='bbox 1055 3216 1242 3281; x_wconf 87' lang='lat' dir='ltr'><strong>psalm.</strong></span> <span class='ocrx_word' id='word_1_292' title='bbox 1267 3231 1386 3270; x_wconf 74' lang='lat' dir='ltr'><strong>XLV.</strong></span> <span class='ocrx_word' id='word_1_293' title='bbox 1419 3217 1594 3272; x_wconf 89' lang='lat' dir='ltr'><strong>Verbo</strong></span> <span class='ocrx_word' id='word_1_294' title='bbox 1620 3218 1966 3286; x_wconf 77' lang='lat' dir='ltr'><strong>confaederare</strong></span> <span class='ocrx_word' id='word_1_295' title='bbox 1987 3227 2204 3274; x_wconf 90' lang='lat' dir='ltr'><strong>utuntur</strong></span> 
     </span>
    </p>
   </div>
   <div class='ocr_carea' id='block_1_67' title="bbox 634 3283 2200 3359">
    <p class='ocr_par' dir='ltr' id='par_1_67' title="bbox 634 3283 2200 3359">
     <span class='ocr_line' id='line_1_69' title="bbox 634 3283 2200 3359; baseline 0.005 -22"><span class='ocrx_word' id='word_1_296' title='bbox 634 3283 1010 3359; x_wconf 74' lang='lat' dir='ltr'><strong>llieronymus,</strong></span> <span class='ocrx_word' id='word_1_297' title='bbox 1041 3287 1280 3359; x_wconf 66' lang='lat' dir='ltr'><strong>Orosius,</strong></span> <span class='ocrx_word' id='word_1_298' title='bbox 1309 3297 1363 3339; x_wconf 89' lang='lat' dir='ltr'><strong>et</strong></span> <span class='ocrx_word' id='word_1_299' title='bbox 1391 3283 1755 3359; x_wconf 71' lang='lat' dir='ltr'><strong>Tertulliamis</strong></span> <span class='ocrx_word' id='word_1_300' title='bbox 1771 3289 2052 3359; x_wconf 87' lang='lat' dir='ltr'><strong>Apologet.</strong></span> <span class='ocrx_word' id='word_1_301' title='bbox 2081 3303 2200 3358; x_wconf 88' lang='lat' dir='ltr'><strong>cap.</strong></span> 
     </span>
    </p>
   </div>
   <div class='ocr_carea' id='block_1_68' title="bbox 630 3354 1843 3425">
    <p class='ocr_par' dir='ltr' id='par_1_68' title="bbox 630 3354 1843 3425">
     <span class='ocr_line' id='line_1_70' title="bbox 630 3354 1843 3425; baseline 0.007 -20"><span class='ocrx_word' id='word_1_302' title='bbox 630 3354 692 3410; x_wconf 73' lang='lat'><strong>2:</strong></span> <span class='ocrx_word' id='word_1_303' title='bbox 717 3356 813 3425; x_wconf 88' lang='lat' dir='ltr'><strong>ubi</strong></span> <span class='ocrx_word' id='word_1_304' title='bbox 840 3354 1021 3409; x_wconf 76' lang='lat' dir='ltr'><strong>tamen</strong></span> <span class='ocrx_word' id='word_1_305' title='bbox 1046 3356 1133 3408; x_wconf 86' lang='lat' dir='ltr'><strong>alii</strong></span> <span class='ocrx_word' id='word_1_306' title='bbox 1167 3356 1348 3423; x_wconf 78' lang='lat' dir='ltr'><strong>legunt</strong></span> <span class='ocrx_word' id='word_1_307' title='bbox 1371 3357 1438 3410; x_wconf 92' lang='lat' dir='ltr'><strong>ad</strong></span> <span class='ocrx_word' id='word_1_308' title='bbox 1461 3354 1843 3425; x_wconf 71' lang='lat' dir='ltr'><strong>conferendam.</strong></span> 
     </span>
    </p>
   </div>
   <div class='ocr_carea' id='block_1_69' title="bbox 698 3424 1732 3491">
    <p class='ocr_par' dir='ltr' id='par_1_69' title="bbox 698 3424 1732 3491">
     <span class='ocr_line' id='line_1_71' title="bbox 698 3424 1732 3491; baseline 0.004 -14"><span class='ocrx_word' id='word_1_309' title='bbox 698 3424 826 3480; x_wconf 75' lang='grc'><strong>458.</strong></span> <span class='ocrx_word' id='word_1_310' title='bbox 861 3427 1006 3490; x_wconf 84' lang='lat' dir='ltr'><strong>Ald.,</strong></span> <span class='ocrx_word' id='word_1_311' title='bbox 1035 3426 1116 3478; x_wconf 84' lang='lat' dir='ltr'><strong>Itic</strong></span> <span class='ocrx_word' id='word_1_312' title='bbox 1143 3426 1225 3479; x_wconf 87' lang='lat' dir='ltr'><strong>ide</strong></span> <span class='ocrx_word' id='word_1_313' title='bbox 1244 3428 1487 3491; x_wconf 87' lang='lat' dir='ltr'><strong>membra,</strong></span> <span class='ocrx_word' id='word_1_314' title='bbox 1520 3424 1732 3482; x_wconf 83' lang='lat' dir='ltr'><strong>vitiose.</strong></span> 
     </span>
    </p>
   </div>
   <div class='ocr_carea' id='block_1_70' title="bbox 699 3493 2205 3559">
    <p class='ocr_par' dir='ltr' id='par_1_70' title="bbox 699 3493 2205 3559">
     <span class='ocr_line' id='line_1_72' title="bbox 699 3493 2205 3559; baseline 0.003 -9"><span class='ocrx_word' id='word_1_315' title='bbox 699 3494 826 3550; x_wconf 70' lang='grc'><strong>459.</strong></span> <span class='ocrx_word' id='word_1_316' title='bbox 856 3493 977 3553; x_wconf 84' lang='lat' dir='ltr'><strong>Vat.</strong></span> <span class='ocrx_word' id='word_1_317' title='bbox 1010 3493 1075 3559; x_wconf 79' lang='grc' dir='ltr'>Δ,</span> <span class='ocrx_word' id='word_1_318' title='bbox 1100 3507 1413 3552; x_wconf 74' lang='lat' dir='ltr'><strong>mansuescat</strong></span> <span class='ocrx_word' id='word_1_319' title='bbox 1439 3508 1486 3552; x_wconf 87' lang='lat' dir='ltr'><strong>et</strong></span> <span class='ocrx_word' id='word_1_320' title='bbox 1513 3498 1623 3551; x_wconf 87' lang='lat' dir='ltr'><strong>orbi</strong></span> <span class='ocrx_word' id='word_1_321' title='bbox 1653 3513 1756 3551; x_wconf 88' lang='lat' dir='ltr'><strong>non</strong></span> <span class='ocrx_word' id='word_1_322' title='bbox 1788 3498 1942 3554; x_wconf 88' lang='lat' dir='ltr'><strong>bene.</strong></span> <span class='ocrx_word' id='word_1_323' title='bbox 1974 3499 2205 3554; x_wconf 72' lang='lat' dir='ltr'><strong>llarietti</strong></span> 
     </span>
    </p>
   </div>
   <div class='ocr_carea' id='block_1_71' title="bbox 627 3567 2207 3641">
    <p class='ocr_par' dir='ltr' id='par_1_71' title="bbox 627 3567 2207 3641">
     <span class='ocr_line' id='line_1_73' title="bbox 627 3567 2207 3641; baseline 0.004 -24"><span class='ocrx_word' id='word_1_324' title='bbox 627 3567 794 3621; x_wconf 79' lang='lat' dir='ltr'><strong>codex</strong></span> <span class='ocrx_word' id='word_1_325' title='bbox 824 3568 1146 3636; x_wconf 71' lang='lat' dir='ltr'><strong>mansuescit,</strong></span> <span class='ocrx_word' id='word_1_326' title='bbox 1175 3569 1418 3638; x_wconf 76' lang='lat' dir='ltr'><strong>quamvis</strong></span> <span class='ocrx_word' id='word_1_327' title='bbox 1446 3583 1587 3624; x_wconf 85' lang='lat' dir='ltr'><strong>vers.</strong></span> <span class='ocrx_word' id='word_1_328' title='bbox 1610 3569 1711 3624; x_wconf 77' lang='grc'><strong>457</strong></span> <span class='ocrx_word' id='word_1_329' title='bbox 1734 3568 1926 3624; x_wconf 85' lang='lat' dir='ltr'><strong>habeat</strong></span> <span class='ocrx_word' id='word_1_330' title='bbox 1952 3571 2207 3641; x_wconf 64' lang='lat' dir='ltr'><strong>confude-</strong></span> 
     </span>
    </p>
   </div>
   <div class='ocr_carea' id='block_1_72' title="bbox 615 3645 828 3692">
    <p class='ocr_par' dir='ltr' id='par_1_72' title="bbox 615 3645 828 3692">
     <span class='ocr_line' id='line_1_74' title="bbox 615 3645 828 3692; baseline 0.028 -6"><span class='ocrx_word' id='word_1_331' title='bbox 615 3653 622 3662; x_wconf 90' lang='lat'>&#39;</span> <span class='ocrx_word' id='word_1_332' title='bbox 631 3645 828 3692; x_wconf 84' lang='lat' dir='ltr'><strong>rentur.</strong></span> 
     </span>
    </p>
   </div>
   <div class='ocr_carea' id='block_1_73' title="bbox 700 3708 2207 3769">
    <p class='ocr_par' dir='ltr' id='par_1_73' title="bbox 700 3708 2207 3769">
     <span class='ocr_line' id='line_1_75' title="bbox 700 3708 2207 3769; baseline 0 -4"><span class='ocrx_word' id='word_1_333' title='bbox 700 3708 822 3769; x_wconf 81' lang='grc'><strong>440.</strong></span> <span class='ocrx_word' id='word_1_334' title='bbox 850 3710 904 3767; x_wconf 90' lang='lat' dir='ltr'><strong>In</strong></span> <span class='ocrx_word' id='word_1_335' title='bbox 923 3709 1164 3766; x_wconf 85' lang='lat' dir='ltr'><strong>Romano</strong></span> <span class='ocrx_word' id='word_1_336' title='bbox 1184 3710 1435 3765; x_wconf 83' lang='lat' dir='ltr'><strong>vers.l67</strong></span> <span class='ocrx_word' id='word_1_337' title='bbox 1457 3711 1624 3768; x_wconf 89' lang='lat' dir='ltr'><strong>Roma</strong></span> <span class='ocrx_word' id='word_1_338' title='bbox 1641 3718 1857 3764; x_wconf 83' lang='lat' dir='ltr'><strong>vocatur</strong></span> <span class='ocrx_word' id='word_1_339' title='bbox 1874 3711 2050 3764; x_wconf 71' lang='lat' dir='ltr'><strong>sazculi</strong></span> <span class='ocrx_word' id='word_1_340' title='bbox 2070 3727 2207 3765; x_wconf 81' lang='lat' dir='ltr'><strong>sum-</strong></span> 
     </span>
    </p>
   </div>
   <div class='ocr_carea' id='block_1_74' title="bbox 627 3780 2120 3852">
    <p class='ocr_par' dir='ltr' id='par_1_74' title="bbox 627 3780 2120 3852">
     <span class='ocr_line' id='line_1_76' title="bbox 627 3780 2120 3852; baseline -0.001 -15"><span class='ocrx_word' id='word_1_341' title='bbox 627 3797 765 3838; x_wconf 86' lang='lat' dir='ltr'><strong>ntum</strong></span> <span class='ocrx_word' id='word_1_342' title='bbox 789 3794 971 3852; x_wconf 84' lang='lat' dir='ltr'><strong>caput;</strong></span> <span class='ocrx_word' id='word_1_343' title='bbox 992 3784 1060 3837; x_wconf 89' lang='lat' dir='ltr'><strong>ab</strong></span> <span class='ocrx_word' id='word_1_344' title='bbox 1081 3782 1273 3836; x_wconf 84' lang='lat' dir='ltr'><strong>Orosio</strong></span> <span class='ocrx_word' id='word_1_345' title='bbox 1301 3782 1394 3852; x_wconf 89' lang='lat' dir='ltr'><strong>lib.</strong></span> <span class='ocrx_word' id='word_1_346' title='bbox 1420 3797 1476 3842; x_wconf 91' lang='lat' dir='ltr'><strong>u,</strong></span> <span class='ocrx_word' id='word_1_347' title='bbox 1502 3797 1550 3835; x_wconf 90' lang='lat' dir='ltr'><strong>c.</strong></span> <span class='ocrx_word' id='word_1_348' title='bbox 1585 3780 1669 3846; x_wconf 71' lang='lat' dir='ltr'><strong>l2,</strong></span> <span class='ocrx_word' id='word_1_349' title='bbox 1701 3790 1854 3849; x_wconf 80' lang='lat' dir='ltr'><strong>caput</strong></span> <span class='ocrx_word' id='word_1_350' title='bbox 1871 3784 2120 3852; x_wconf 71' lang='lat' dir='ltr'><strong>gentium.</strong></span> 
     </span>
    </p>
   </div>
   <div class='ocr_carea' id='block_1_75' title="bbox 700 3851 2204 3916">
    <p class='ocr_par' dir='ltr' id='par_1_75' title="bbox 700 3851 2204 3916">
     <span class='ocr_line' id='line_1_77' title="bbox 700 3851 2204 3916; baseline -0.005 -4"><span class='ocrx_word' id='word_1_351' title='bbox 700 3851 1157 3914; x_wconf 63' lang='lat' dir='ltr'><strong>“Llleinsiani</strong></span> <span class='ocrx_word' id='word_1_352' title='bbox 1209 3851 1388 3914; x_wconf 89' lang='lat' dir='ltr'><strong>omni,</strong></span> <span class='ocrx_word' id='word_1_353' title='bbox 1446 3852 1601 3910; x_wconf 88' lang='lat' dir='ltr'><strong>Ald..</strong></span> <span class='ocrx_word' id='word_1_354' title='bbox 1658 3853 1815 3916; x_wconf 65' lang='lat' dir='ltr'><strong>Man,</strong></span> <span class='ocrx_word' id='word_1_355' title='bbox 1870 3851 2204 3915; x_wconf 81' lang='lat' dir='ltr'><strong>Parrhasius,</strong></span> 
     </span>
    </p>
   </div>
   <div class='ocr_carea' id='block_1_76' title="bbox 631 3920 2207 3993">
    <p class='ocr_par' dir='ltr' id='par_1_76' title="bbox 631 3920 2207 3993">
     <span class='ocr_line' id='line_1_78' title="bbox 631 3920 2207 3993; baseline -0.001 -16"><span class='ocrx_word' id='word_1_356' title='bbox 631 3925 806 3990; x_wconf 59' lang='lat' dir='ltr'><strong>Sinin,</strong></span> <span class='ocrx_word' id='word_1_357' title='bbox 833 3924 1052 3986; x_wconf 75' lang='lat' dir='ltr'><strong>Weits.,</strong></span> <span class='ocrx_word' id='word_1_358' title='bbox 1093 3921 1298 3993; x_wconf 57' lang='grc' dir='ltr'><strong>619.βά</strong></span> <span class='ocrx_word' id='word_1_359' title='bbox 1340 3935 1537 3993; x_wconf 77' lang='lat' dir='ltr'><strong>marg.,</strong></span> <span class='ocrx_word' id='word_1_360' title='bbox 1574 3920 1696 3993; x_wconf 65' lang='lat' dir='ltr'><strong>Vat.</strong></span> <span class='ocrx_word' id='word_1_361' title='bbox 1798 3928 1851 3993; x_wconf 76' lang='lat' dir='ltr'><strong>et</strong></span> <span class='ocrx_word' id='word_1_362' title='bbox 1877 3921 1989 3993; x_wconf 86' lang='lat' dir='ltr'><strong>alii,</strong></span> <span class='ocrx_word' id='word_1_363' title='bbox 2021 3923 2207 3993; x_wconf 84' lang='lat' dir='ltr'><strong>abjun-</strong></span> 
     </span>
    </p>
   </div>
   <div class='ocr_carea' id='block_1_77' title="bbox 631 3990 2203 4117">
    <p class='ocr_par' dir='ltr' id='par_1_77' title="bbox 631 3990 2203 4117">
     <span class='ocr_line' id='line_1_79' title="bbox 631 3990 2203 4070; baseline -0.001 -25"><span class='ocrx_word' id='word_1_364' title='bbox 631 4004 755 4056; x_wconf 75' lang='lat' dir='ltr'><strong>rtas,</strong></span> <span class='ocrx_word' id='word_1_365' title='bbox 787 3993 926 4062; x_wconf 86' lang='lat' dir='ltr'><strong>quod</strong></span> <span class='ocrx_word' id='word_1_366' title='bbox 948 4007 1011 4046; x_wconf 80' lang='lat' dir='ltr'><strong>ex</strong></span> <span class='ocrx_word' id='word_1_367' title='bbox 1043 4001 1149 4046; x_wconf 84' lang='lat' dir='ltr'><strong>vet.</strong></span> <span class='ocrx_word' id='word_1_368' title='bbox 1183 3991 1274 4044; x_wconf 89' lang='lat' dir='ltr'><strong>lib.</strong></span> <span class='ocrx_word' id='word_1_369' title='bbox 1307 3991 1552 4058; x_wconf 88' lang='lat' dir='ltr'><strong>probavit</strong></span> <span class='ocrx_word' id='word_1_370' title='bbox 1574 3990 1816 4070; x_wconf 76' lang='lat' dir='ltr'><strong>Gil‘anius</strong></span> <span class='ocrx_word' id='word_1_371' title='bbox 1839 3990 1890 4043; x_wconf 90' lang='lat' dir='ltr'><strong>in</strong></span> <span class='ocrx_word' id='word_1_372' title='bbox 1921 3990 2203 4046; x_wconf 51' lang='lat' dir='ltr'><strong>lucanica.</strong></span> 
     </span>
     <span class='ocr_line' id='line_1_80' title="bbox 633 4059 2203 4117; baseline 0.001 -1"><span class='ocrx_word' id='word_1_373' title='bbox 633 4063 779 4117; x_wconf 75' lang='lat' dir='ltr'><strong>Vatt.</strong></span> <span class='ocrx_word' id='word_1_374' title='bbox 811 4064 875 4117; x_wconf 88' lang='lat' dir='ltr'><strong>A.</strong></span> <span class='ocrx_word' id='word_1_375' title='bbox 920 4062 980 4117; x_wconf 80' lang='grc' dir='ltr'><strong>Β.</strong></span> <span class='ocrx_word' id='word_1_376' title='bbox 1013 4061 1072 4117; x_wconf 83' lang='grc' dir='ltr'><strong>Ρ.</strong></span> <span class='ocrx_word' id='word_1_377' title='bbox 1106 4060 1291 4117; x_wconf 88' lang='lat' dir='ltr'><strong>Fabr..</strong></span> <span class='ocrx_word' id='word_1_378' title='bbox 1341 4060 1514 4117; x_wconf 59' lang='lat' dir='ltr'><strong>Eam&quot;</strong></span> <span class='ocrx_word' id='word_1_379' title='bbox 1541 4060 1678 4115; x_wconf 82' lang='lat' dir='ltr'><strong>PaL.</strong></span> <span class='ocrx_word' id='word_1_380' title='bbox 1725 4059 1982 4117; x_wconf 87' lang='lat' dir='ltr'><strong>llatlsbr..</strong></span> <span class='ocrx_word' id='word_1_381' title='bbox 2013 4061 2203 4117; x_wconf 62' lang='lat' dir='ltr'><strong>Bone&quot;</strong></span> 
     </span>
    </p>
   </div>
   <div class='ocr_carea' id='block_1_78' title="bbox 765 4075 2204 4124">
    <p class='ocr_par' dir='ltr' id='par_1_78' title="bbox 765 4075 2204 4124">
     <span class='ocr_line' id='line_1_81' title="bbox 765 4075 2204 4124; baseline -0.002 -7"><span class='ocrx_word' id='word_1_382' title='bbox 765 4101 779 4120; x_wconf 76' lang='grc' dir='ltr'><strong>ρ</strong></span> <span class='ocrx_word' id='word_1_383' title='bbox 811 4075 875 4124; x_wconf 86' lang='lat' dir='ltr'><strong>A,</strong></span> <span class='ocrx_word' id='word_1_384' title='bbox 920 4075 980 4124; x_wconf 78' lang='grc' dir='ltr'>υ,</span> <span class='ocrx_word' id='word_1_385' title='bbox 1014 4075 1072 4124; x_wconf 86' lang='lat' dir='ltr'><strong>I’,</strong></span> <span class='ocrx_word' id='word_1_386' title='bbox 1106 4075 1291 4123; x_wconf 62' lang='grc' dir='ltr'><strong>ηυγ..</strong></span> <span class='ocrx_word' id='word_1_387' title='bbox 1341 4075 1514 4124; x_wconf 54' lang='lat' dir='ltr'><strong>agni&quot;</strong></span> <span class='ocrx_word' id='word_1_388' title='bbox 1543 4075 1678 4115; x_wconf 67' lang='grc' dir='ltr'><strong>ναι..</strong></span> <span class='ocrx_word' id='word_1_389' title='bbox 1725 4075 1982 4124; x_wconf 84' lang='lat' dir='ltr'><strong>uansnr.,</strong></span> <span class='ocrx_word' id='word_1_390' title='bbox 2013 4075 2204 4124; x_wconf 74' lang='lat' dir='ltr'><strong>uoug.,</strong></span> 
     </span>
    </p>
   </div>
   <div class='ocr_carea' id='block_1_79' title="bbox 629 4060 2203 4196">
    <p class='ocr_par' dir='ltr' id='par_1_79' title="bbox 629 4060 2203 4196">
     <span class='ocr_line' id='line_1_82' title="bbox 633 4060 2203 4131; baseline -0.001 -15"><span class='ocrx_word' id='word_1_391' title='bbox 633 4063 779 4120; x_wconf 76' lang='lat' dir='ltr'><strong>Vatt.</strong></span> <span class='ocrx_word' id='word_1_392' title='bbox 807 4060 875 4126; x_wconf 72' lang='grc' dir='ltr'>Ἀ,</span> <span class='ocrx_word' id='word_1_393' title='bbox 920 4062 980 4126; x_wconf 80' lang='grc' dir='ltr'>Β,</span> <span class='ocrx_word' id='word_1_394' title='bbox 1013 4061 1072 4126; x_wconf 83' lang='grc' dir='ltr'>Ρ,</span> <span class='ocrx_word' id='word_1_395' title='bbox 1106 4060 1291 4123; x_wconf 89' lang='lat' dir='ltr'><strong>Fabr.,</strong></span> <span class='ocrx_word' id='word_1_396' title='bbox 1341 4060 1514 4128; x_wconf 85' lang='lat' dir='ltr'><strong>Egm.,</strong></span> <span class='ocrx_word' id='word_1_397' title='bbox 1541 4060 1678 4115; x_wconf 82' lang='lat' dir='ltr'><strong>PaL.</strong></span> <span class='ocrx_word' id='word_1_398' title='bbox 1725 4060 1982 4124; x_wconf 88' lang='lat' dir='ltr'><strong>llailsbr.,</strong></span> <span class='ocrx_word' id='word_1_399' title='bbox 2013 4061 2203 4131; x_wconf 85' lang='lat' dir='ltr'><strong>Boug.,</strong></span> 
     </span>
     <span class='ocr_line' id='line_1_83' title="bbox 629 4129 2203 4196; baseline -0.001 -9"><span class='ocrx_word' id='word_1_400' title='bbox 629 4143 689 4187; x_wconf 76' lang='lat' dir='ltr'><strong>et</strong></span> <span class='ocrx_word' id='word_1_401' title='bbox 713 4131 914 4187; x_wconf 80' lang='lat' dir='ltr'><strong>Widm.</strong></span> <span class='ocrx_word' id='word_1_402' title='bbox 944 4146 972 4183; x_wconf 82' lang='lat' dir='ltr'><strong>a</strong></span> <span class='ocrx_word' id='word_1_403' title='bbox 1007 4132 1238 4184; x_wconf 86' lang='lat' dir='ltr'><strong>secunda</strong></span> <span class='ocrx_word' id='word_1_404' title='bbox 1265 4143 1443 4190; x_wconf 89' lang='lat' dir='ltr'><strong>manu,</strong></span> <span class='ocrx_word' id='word_1_405' title='bbox 1471 4129 1767 4196; x_wconf 77' lang='lat' dir='ltr'><strong>adjunctus,</strong></span> <span class='ocrx_word' id='word_1_406' title='bbox 1811 4144 1918 4182; x_wconf 89' lang='lat' dir='ltr'><strong>non</strong></span> <span class='ocrx_word' id='word_1_407' title='bbox 1947 4131 2015 4184; x_wconf 88' lang='lat' dir='ltr'><strong>ita</strong></span> <span class='ocrx_word' id='word_1_408' title='bbox 2046 4131 2203 4186; x_wconf 90' lang='lat' dir='ltr'><strong>bene.</strong></span> 
     </span>
    </p>
   </div>
   <div class='ocr_carea' id='block_1_80' title="bbox 631 4199 2204 4272">
    <p class='ocr_par' dir='ltr' id='par_1_80' title="bbox 631 4199 2204 4272">
     <span class='ocr_line' id='line_1_84' title="bbox 631 4199 2204 4272; baseline 0 -16"><span class='ocrx_word' id='word_1_409' title='bbox 631 4201 901 4272; x_wconf 75' lang='lat' dir='ltr'><strong>De-verbo</strong></span> <span class='ocrx_word' id='word_1_410' title='bbox 927 4201 1196 4272; x_wconf 20' lang='lat' dir='ltr'><strong>abjuinctus</strong></span> <span class='ocrx_word' id='word_1_411' title='bbox 1237 4213 1334 4272; x_wconf 83' lang='lat' dir='ltr'><strong>pro</strong></span> <span class='ocrx_word' id='word_1_412' title='bbox 1373 4199 1565 4266; x_wconf 85' lang='lat' dir='ltr'><strong>diviso,</strong></span> <span class='ocrx_word' id='word_1_413' title='bbox 1603 4199 1890 4268; x_wconf 85' lang='lat' dir='ltr'><strong>disjuncto,</strong></span> <span class='ocrx_word' id='word_1_414' title='bbox 1913 4200 2034 4256; x_wconf 87' lang='lat' dir='ltr'><strong>vide</strong></span> <span class='ocrx_word' id='word_1_415' title='bbox 2063 4217 2204 4256; x_wconf 87' lang='lat' dir='ltr'><strong>vers.</strong></span> 
     </span>
    </p>
   </div>
   <div class='ocr_carea' id='block_1_81' title="bbox 627 4269 1738 4337">
    <p class='ocr_par' dir='ltr' id='par_1_81' title="bbox 627 4269 1738 4337">
     <span class='ocr_line' id='line_1_85' title="bbox 627 4269 1738 4337; baseline -0.008 -10"><span class='ocrx_word' id='word_1_416' title='bbox 627 4273 738 4330; x_wconf 65' lang='lat'><strong>1516</strong></span> <span class='ocrx_word' id='word_1_417' title='bbox 762 4269 865 4326; x_wconf 78' lang='lat' dir='ltr'><strong>lib.</strong></span> <span class='ocrx_word' id='word_1_418' title='bbox 883 4287 918 4325; x_wconf 92' lang='lat' dir='ltr'><strong>n</strong></span> <span class='ocrx_word' id='word_1_419' title='bbox 947 4269 998 4324; x_wconf 84' lang='lat' dir='ltr'><strong>in</strong></span> <span class='ocrx_word' id='word_1_420' title='bbox 1029 4269 1428 4337; x_wconf 80' lang='lat' dir='ltr'><strong>Symmachum.</strong></span> <span class='ocrx_word' id='word_1_421' title='bbox 1733 4285 1738 4290; x_wconf 57' lang='grc' dir='ltr'>ι</span> 
     </span>
    </p>
   </div>
   <div class='ocr_carea' id='block_1_82' title="bbox 700 4337 2204 4409">
    <p class='ocr_par' dir='ltr' id='par_1_82' title="bbox 700 4337 2204 4409">
     <span class='ocr_line' id='line_1_86' title="bbox 700 4337 2204 4409; baseline -0.001 -15"><span class='ocrx_word' id='word_1_422' title='bbox 700 4341 807 4403; x_wconf 69' lang='grc'><strong>445</strong></span> <span class='ocrx_word' id='word_1_423' title='bbox 840 4338 1380 4409; x_wconf 77' lang='lat' dir='ltr'><strong>Parrhasius,ﬁatque</strong></span> <span class='ocrx_word' id='word_1_424' title='bbox 1389 4338 1576 4407; x_wconf 80' lang='lat' dir='ltr'><strong>ﬁdelis,</strong></span> <span class='ocrx_word' id='word_1_425' title='bbox 1590 4337 1730 4409; x_wconf 85' lang='lat' dir='ltr'><strong>quod</strong></span> <span class='ocrx_word' id='word_1_426' title='bbox 1744 4339 1991 4394; x_wconf 87' lang='lat' dir='ltr'><strong>sustineri</strong></span> <span class='ocrx_word' id='word_1_427' title='bbox 2011 4349 2204 4405; x_wconf 86' lang='lat' dir='ltr'><strong>potest.</strong></span> 
     </span>
    </p>
   </div>
   <div class='ocr_carea' id='block_1_83' title="bbox 2311 2795 3858 2863">
    <p class='ocr_par' dir='ltr' id='par_1_83' title="bbox 2311 2795 3858 2863">
     <span class='ocr_line' id='line_1_87' title="bbox 2311 2795 3858 2863; baseline -0.001 -11"><span class='ocrx_word' id='word_1_428' title='bbox 2311 2800 2576 2853; x_wconf 80' lang='lat' dir='ltr'><strong>inventor.</strong></span> <span class='ocrx_word' id='word_1_429' title='bbox 2608 2797 2928 2851; x_wconf 89' lang='lat' dir='ltr'><strong>Stercutium</strong></span> <span class='ocrx_word' id='word_1_430' title='bbox 2953 2803 3109 2851; x_wconf 82' lang='lat' dir='ltr'><strong>vocat</strong></span> <span class='ocrx_word' id='word_1_431' title='bbox 3136 2795 3359 2863; x_wconf 82' lang='lat' dir='ltr'><strong>Plinius,</strong></span> <span class='ocrx_word' id='word_1_432' title='bbox 3389 2796 3476 2850; x_wconf 84' lang='lat' dir='ltr'><strong>alii</strong></span> <span class='ocrx_word' id='word_1_433' title='bbox 3510 2795 3858 2851; x_wconf 84' lang='lat' dir='ltr'><strong>Sterculium:</strong></span> 
     </span>
    </p>
   </div>
   <div class='ocr_carea' id='block_1_84' title="bbox 2310 2865 3861 2938">
    <p class='ocr_par' dir='ltr' id='par_1_84' title="bbox 2310 2865 3861 2938">
     <span class='ocr_line' id='line_1_88' title="bbox 2310 2865 3861 2938; baseline 0.001 -16"><span class='ocrx_word' id='word_1_434' title='bbox 2310 2884 2433 2922; x_wconf 88' lang='lat' dir='ltr'><strong>eum</strong></span> <span class='ocrx_word' id='word_1_435' title='bbox 2462 2869 2687 2922; x_wconf 88' lang='lat' dir='ltr'><strong>irrident</strong></span> <span class='ocrx_word' id='word_1_436' title='bbox 2714 2866 3019 2938; x_wconf 78' lang='lat' dir='ltr'><strong>Lactantius</strong></span> <span class='ocrx_word' id='word_1_437' title='bbox 3049 2866 3143 2922; x_wconf 89' lang='lat' dir='ltr'><strong>hb.</strong></span> <span class='ocrx_word' id='word_1_438' title='bbox 3174 2883 3211 2934; x_wconf 85' lang='grc' dir='ltr'>ι,</span> <span class='ocrx_word' id='word_1_439' title='bbox 3238 2880 3354 2938; x_wconf 85' lang='lat' dir='ltr'><strong>cap.</strong></span> <span class='ocrx_word' id='word_1_440' title='bbox 3392 2867 3491 2930; x_wconf 84' lang='lat' dir='ltr'><strong>l0;</strong></span> <span class='ocrx_word' id='word_1_441' title='bbox 3520 2865 3861 2924; x_wconf 72' lang='lat' dir='ltr'><strong>Tertullianut</strong></span> 
     </span>
    </p>
   </div>
   <div class='ocr_carea' id='block_1_85' title="bbox 2309 2936 3490 3008">
    <p class='ocr_par' dir='ltr' id='par_1_85' title="bbox 2309 2936 3490 3008">
     <span class='ocr_line' id='line_1_89' title="bbox 2309 2936 3490 3008; baseline -0.003 -15"><span class='ocrx_word' id='word_1_442' title='bbox 2309 2939 2589 3008; x_wconf 70' lang='lat' dir='ltr'><strong>Apnloget.</strong></span> <span class='ocrx_word' id='word_1_443' title='bbox 2619 2953 2738 3005; x_wconf 86' lang='lat' dir='ltr'><strong>cap.</strong></span> <span class='ocrx_word' id='word_1_444' title='bbox 2766 2936 2857 3008; x_wconf 74' lang='lat'><strong>25.</strong></span> <span class='ocrx_word' id='word_1_445' title='bbox 3051 3005 3087 3008; x_wconf 75' lang='lat'><strong>__</strong></span> <span class='ocrx_word' id='word_1_446' title='bbox 3305 2936 3319 2938; x_wconf 71' lang='grc'><strong><em>“</em></strong></span> <span class='ocrx_word' id='word_1_447' title='bbox 3485 2985 3490 2989; x_wconf 77' lang='grc'><strong>,</strong></span> 
     </span>
    </p>
   </div>
   <div class='ocr_carea' id='block_1_86' title="bbox 2378 3005 3862 3077">
    <p class='ocr_par' dir='ltr' id='par_1_86' title="bbox 2378 3005 3862 3077">
     <span class='ocr_line' id='line_1_90' title="bbox 2378 3005 3862 3077; baseline -0.002 -16"><span class='ocrx_word' id='word_1_448' title='bbox 2378 3005 2506 3063; x_wconf 71' lang='grc' dir='ltr'><strong>451ῖ</strong></span> <span class='ocrx_word' id='word_1_449' title='bbox 2553 3009 2706 3077; x_wconf 82' lang='lat' dir='ltr'><strong>Apud</strong></span> <span class='ocrx_word' id='word_1_450' title='bbox 2751 3007 2990 3062; x_wconf 84' lang='lat' dir='ltr'><strong>Teolium</strong></span> <span class='ocrx_word' id='word_1_451' title='bbox 3049 3005 3167 3062; x_wconf 85' lang='lat' dir='ltr'><strong>Vat.</strong></span> <span class='ocrx_word' id='word_1_452' title='bbox 3212 3021 3371 3070; x_wconf 85' lang='lat' dir='ltr'><strong>unus,</strong></span> <span class='ocrx_word' id='word_1_453' title='bbox 3415 3007 3663 3077; x_wconf 74' lang='lat' dir='ltr'><strong>referens,</strong></span> <span class='ocrx_word' id='word_1_454' title='bbox 3703 3007 3862 3064; x_wconf 77' lang='lat' dir='ltr'><strong>mimi:</strong></span> 
     </span>
    </p>
   </div>
   <div class='ocr_carea' id='block_1_87' title="bbox 2311 3075 3864 3144">
    <p class='ocr_par' dir='ltr' id='par_1_87' title="bbox 2311 3075 3864 3144">
     <span class='ocr_line' id='line_1_91' title="bbox 2311 3075 3864 3144; baseline -0.002 -12"><span class='ocrx_word' id='word_1_455' title='bbox 2311 3079 2466 3137; x_wconf 80' lang='lat' dir='ltr'><strong>bette.</strong></span> <span class='ocrx_word' id='word_1_456' title='bbox 2513 3075 2617 3144; x_wconf 34' lang='lat' dir='ltr'><strong>pru’</strong></span> <span class='ocrx_word' id='word_1_457' title='bbox 2645 3079 2830 3132; x_wconf 78' lang='lat' dir='ltr'><strong>dicere.</strong></span> <span class='ocrx_word' id='word_1_458' title='bbox 2879 3077 2954 3132; x_wconf 89' lang='lat' dir='ltr'><strong>De</strong></span> <span class='ocrx_word' id='word_1_459' title='bbox 3000 3078 3256 3131; x_wconf 85' lang='lat' dir='ltr'><strong>monstris</strong></span> <span class='ocrx_word' id='word_1_460' title='bbox 3304 3075 3670 3144; x_wconf 82' lang='lat' dir='ltr'><strong>portentisque</strong></span> <span class='ocrx_word' id='word_1_461' title='bbox 3718 3078 3864 3130; x_wconf 86' lang='lat' dir='ltr'><strong>deum</strong></span> 
     </span>
    </p>
   </div>
   <div class='ocr_carea' id='block_1_88' title="bbox 2309 3145 3864 3214">
    <p class='ocr_par' dir='ltr' id='par_1_88' title="bbox 2309 3145 3864 3214">
     <span class='ocr_line' id='line_1_92' title="bbox 2309 3145 3864 3214; baseline -0.003 -12"><span class='ocrx_word' id='word_1_462' title='bbox 2309 3151 2607 3214; x_wconf 72' lang='lat' dir='ltr'><strong>gentilium,</strong></span> <span class='ocrx_word' id='word_1_463' title='bbox 2639 3163 2703 3202; x_wconf 92' lang='lat' dir='ltr'><strong>ac</strong></span> <span class='ocrx_word' id='word_1_464' title='bbox 2737 3149 2803 3201; x_wconf 90' lang='lat' dir='ltr'><strong>de</strong></span> <span class='ocrx_word' id='word_1_465' title='bbox 2832 3145 2980 3201; x_wconf 77' lang='lat' dir='ltr'><strong>festis</strong></span> <span class='ocrx_word' id='word_1_466' title='bbox 3004 3147 3395 3213; x_wconf 83' lang='lat' dir='ltr'><strong>Saturnalibus,</strong></span> <span class='ocrx_word' id='word_1_467' title='bbox 3421 3147 3623 3199; x_wconf 82' lang='lat' dir='ltr'><strong>dictant</strong></span> <span class='ocrx_word' id='word_1_468' title='bbox 3657 3161 3763 3214; x_wconf 65' lang='lat' dir='ltr'><strong>3am</strong></span> <span class='ocrx_word' id='word_1_469' title='bbox 3792 3157 3864 3200; x_wconf 70' lang='lat' dir='ltr'><strong>Cal</strong></span> 
     </span>
    </p>
   </div>
   <div class='ocr_carea' id='block_1_89' title="bbox 2307 3217 3075 3288">
    <p class='ocr_par' dir='ltr' id='par_1_89' title="bbox 2307 3217 3075 3288">
     <span class='ocr_line' id='line_1_93' title="bbox 2307 3217 3075 3288; baseline -0.005 -14"><span class='ocrx_word' id='word_1_470' title='bbox 2307 3218 2362 3274; x_wconf 91' lang='lat' dir='ltr'><strong>in</strong></span> <span class='ocrx_word' id='word_1_471' title='bbox 2389 3219 2537 3274; x_wconf 90' lang='lat' dir='ltr'><strong>libris</strong></span> <span class='ocrx_word' id='word_1_472' title='bbox 2559 3230 2741 3273; x_wconf 87' lang='lat' dir='ltr'><strong>contra</strong></span> <span class='ocrx_word' id='word_1_473' title='bbox 2769 3217 3075 3288; x_wconf 86' lang='lat' dir='ltr'><strong>Symmach.</strong></span> 
     </span>
    </p>
   </div>
   <div class='ocr_carea' id='block_1_90' title="bbox 2377 3284 3868 3352">
    <p class='ocr_par' dir='ltr' id='par_1_90' title="bbox 2377 3284 3868 3352">
     <span class='ocr_line' id='line_1_94' title="bbox 2377 3284 3868 3352; baseline -0.004 -8"><span class='ocrx_word' id='word_1_474' title='bbox 2377 3289 2501 3344; x_wconf 69' lang='lat'><strong>452.</strong></span> <span class='ocrx_word' id='word_1_475' title='bbox 2531 3284 2858 3351; x_wconf 75' lang='lat' dir='ltr'><strong>Ruinartius,</strong></span> <span class='ocrx_word' id='word_1_476' title='bbox 2886 3287 3043 3352; x_wconf 82' lang='lat' dir='ltr'><strong>lenis;</strong></span> <span class='ocrx_word' id='word_1_477' title='bbox 3077 3285 3404 3341; x_wconf 77' lang='lat' dir='ltr'><strong>Bollandisni</strong></span> <span class='ocrx_word' id='word_1_478' title='bbox 3438 3286 3540 3339; x_wconf 89' lang='lat' dir='ltr'><strong>huc</strong></span> <span class='ocrx_word' id='word_1_479' title='bbox 3561 3284 3732 3351; x_wconf 81' lang='lat' dir='ltr'><strong>ipsum</strong></span> <span class='ocrx_word' id='word_1_480' title='bbox 3756 3300 3868 3340; x_wconf 85' lang='lat' dir='ltr'><strong>cum</strong></span> 
     </span>
    </p>
   </div>
   <div class='ocr_carea' id='block_1_91' title="bbox 2309 3357 3868 3425">
    <p class='ocr_par' dir='ltr' id='par_1_91' title="bbox 2309 3357 3868 3425">
     <span class='ocr_line' id='line_1_95' title="bbox 2309 3357 3868 3425; baseline -0.001 -13"><span class='ocrx_word' id='word_1_481' title='bbox 2309 3357 2608 3414; x_wconf 83' lang='lat' dir='ltr'><strong>Ruiuartin.</strong></span> <span class='ocrx_word' id='word_1_482' title='bbox 2641 3359 2733 3411; x_wconf 84' lang='lat' dir='ltr'><strong>sed</strong></span> <span class='ocrx_word' id='word_1_483' title='bbox 2777 3360 2841 3410; x_wconf 87' lang='lat' dir='ltr'><strong>ad</strong></span> <span class='ocrx_word' id='word_1_484' title='bbox 2873 3373 3036 3425; x_wconf 82' lang='lat' dir='ltr'><strong>marg.</strong></span> <span class='ocrx_word' id='word_1_485' title='bbox 3075 3369 3258 3412; x_wconf 70' lang='lat' dir='ltr'><strong>nouant</strong></span> <span class='ocrx_word' id='word_1_486' title='bbox 3285 3357 3337 3410; x_wconf 88' lang='lat' dir='ltr'><strong>in</strong></span> <span class='ocrx_word' id='word_1_487' title='bbox 3384 3372 3486 3409; x_wconf 88' lang='lat' dir='ltr'><strong>ms.</strong></span> <span class='ocrx_word' id='word_1_488' title='bbox 3527 3369 3713 3409; x_wconf 76' lang='lat' dir='ltr'><strong>earum</strong></span> <span class='ocrx_word' id='word_1_489' title='bbox 3759 3369 3868 3410; x_wconf 68' lang='lat'><strong>0350</strong></span> 
     </span>
    </p>
   </div>
   <div class='ocr_carea' id='block_1_92' title="bbox 2308 3429 3871 3496">
    <p class='ocr_par' dir='ltr' id='par_1_92' title="bbox 2308 3429 3871 3496">
     <span class='ocr_line' id='line_1_96' title="bbox 2308 3429 3871 3496; baseline -0.003 -14"><span class='ocrx_word' id='word_1_490' title='bbox 2308 3431 2461 3484; x_wconf 82' lang='lat' dir='ltr'><strong>senis.</strong></span> <span class='ocrx_word' id='word_1_491' title='bbox 2503 3429 2716 3483; x_wconf 81' lang='lat' dir='ltr'><strong>Addere</strong></span> <span class='ocrx_word' id='word_1_492' title='bbox 2761 3430 3056 3496; x_wconf 84' lang='lat' dir='ltr'><strong>pomissent</strong></span> <span class='ocrx_word' id='word_1_493' title='bbox 3099 3431 3226 3481; x_wconf 87' lang='lat' dir='ltr'><strong>lenis</strong></span> <span class='ocrx_word' id='word_1_494' title='bbox 3253 3441 3372 3482; x_wconf 87' lang='lat' dir='ltr'><strong>esse</strong></span> <span class='ocrx_word' id='word_1_495' title='bbox 3409 3435 3597 3480; x_wconf 87' lang='lat' dir='ltr'><strong>contra</strong></span> <span class='ocrx_word' id='word_1_496' title='bbox 3627 3438 3871 3489; x_wconf 87' lang='lat' dir='ltr'><strong>metrum,</strong></span> 
     </span>
    </p>
   </div>
   <div class='ocr_carea' id='block_1_93' title="bbox 2309 3501 3086 3568">
    <p class='ocr_par' dir='ltr' id='par_1_93' title="bbox 2309 3501 3086 3568">
     <span class='ocr_line' id='line_1_97' title="bbox 2309 3501 3086 3568; baseline -0.001 -15"><span class='ocrx_word' id='word_1_497' title='bbox 2309 3514 2481 3568; x_wconf 87' lang='lat' dir='ltr'><strong>neque</strong></span> <span class='ocrx_word' id='word_1_498' title='bbox 2514 3501 2746 3553; x_wconf 80' lang='lat' dir='ltr'><strong>Saturno</strong></span> <span class='ocrx_word' id='word_1_499' title='bbox 2772 3512 3086 3566; x_wconf 82' lang='lat' dir='ltr'><strong>congruere.</strong></span> 
     </span>
    </p>
   </div>
   <div class='ocr_carea' id='block_1_94' title="bbox 2377 3564 3869 3632">
    <p class='ocr_par' dir='ltr' id='par_1_94' title="bbox 2377 3564 3869 3632">
     <span class='ocr_line' id='line_1_98' title="bbox 2377 3564 3869 3632; baseline -0.002 -8"><span class='ocrx_word' id='word_1_500' title='bbox 2377 3564 2502 3624; x_wconf 79' lang='grc'><strong>454.</strong></span> <span class='ocrx_word' id='word_1_501' title='bbox 2538 3569 2807 3632; x_wconf 79' lang='lat' dir='ltr'><strong>Barthius,</strong></span> <span class='ocrx_word' id='word_1_502' title='bbox 2838 3564 2932 3624; x_wconf 57' lang='lat' dir='ltr'><strong>lib.</strong></span> <span class='ocrx_word' id='word_1_503' title='bbox 2955 3583 3046 3622; x_wconf 88' lang='lat' dir='ltr'><strong>vm</strong></span> <span class='ocrx_word' id='word_1_504' title='bbox 3068 3567 3229 3629; x_wconf 90' lang='lat' dir='ltr'><strong>Adv.,</strong></span> <span class='ocrx_word' id='word_1_505' title='bbox 3253 3581 3372 3632; x_wconf 87' lang='lat' dir='ltr'><strong>cap.</strong></span> <span class='ocrx_word' id='word_1_506' title='bbox 3410 3564 3496 3631; x_wconf 74' lang='lat' dir='ltr'><strong>l2,</strong></span> <span class='ocrx_word' id='word_1_507' title='bbox 3526 3568 3602 3623; x_wconf 89' lang='lat' dir='ltr'><strong>ait</strong></span> <span class='ocrx_word' id='word_1_508' title='bbox 3631 3567 3869 3622; x_wconf 62' lang='lat' dir='ltr'><strong>Pruden-</strong></span> 
     </span>
    </p>
   </div>
   <div class='ocr_carea' id='block_1_95' title="bbox 2309 3636 3873 3708">
    <p class='ocr_par' dir='ltr' id='par_1_95' title="bbox 2309 3636 3873 3708">
     <span class='ocr_line' id='line_1_99' title="bbox 2309 3636 3873 3708; baseline -0.001 -16"><span class='ocrx_word' id='word_1_509' title='bbox 2309 3641 2462 3703; x_wconf 88' lang='lat' dir='ltr'><strong>tiutn,</strong></span> <span class='ocrx_word' id='word_1_510' title='bbox 2490 3639 2588 3708; x_wconf 76' lang='lat' dir='ltr'><strong>sibi</strong></span> <span class='ocrx_word' id='word_1_511' title='bbox 2610 3648 2964 3700; x_wconf 89' lang='lat' dir='ltr'><strong>constantem,</strong></span> <span class='ocrx_word' id='word_1_512' title='bbox 2993 3639 3232 3692; x_wconf 85' lang='lat' dir='ltr'><strong>eamdem</strong></span> <span class='ocrx_word' id='word_1_513' title='bbox 3263 3636 3584 3708; x_wconf 78' lang='lat' dir='ltr'><strong>syllabarum</strong></span> <span class='ocrx_word' id='word_1_514' title='bbox 3612 3637 3873 3707; x_wconf 87' lang='lat' dir='ltr'><strong>quantita-</strong></span> 
     </span>
    </p>
   </div>
   <div class='ocr_carea' id='block_1_96' title="bbox 2307 3707 3874 3775">
    <p class='ocr_par' dir='ltr' id='par_1_96' title="bbox 2307 3707 3874 3775">
     <span class='ocr_line' id='line_1_100' title="bbox 2307 3707 3874 3775; baseline -0.003 -11"><span class='ocrx_word' id='word_1_515' title='bbox 2307 3720 2414 3764; x_wconf 90' lang='lat' dir='ltr'><strong>tem</strong></span> <span class='ocrx_word' id='word_1_516' title='bbox 2444 3711 2496 3762; x_wconf 94' lang='lat' dir='ltr'><strong>in</strong></span> <span class='ocrx_word' id='word_1_517' title='bbox 2523 3707 2730 3762; x_wconf 75' lang='lat' dir='ltr'><strong>Gabriel</strong></span> <span class='ocrx_word' id='word_1_518' title='bbox 2754 3716 2993 3762; x_wconf 87' lang='lat' dir='ltr'><strong>secutum</strong></span> <span class='ocrx_word' id='word_1_519' title='bbox 3023 3709 3122 3762; x_wconf 90' lang='lat' dir='ltr'><strong>hoc</strong></span> <span class='ocrx_word' id='word_1_520' title='bbox 3167 3707 3308 3775; x_wconf 86' lang='lat' dir='ltr'><strong>loco,</strong></span> <span class='ocrx_word' id='word_1_521' title='bbox 3337 3721 3389 3762; x_wconf 86' lang='lat' dir='ltr'><strong>et</strong></span> <span class='ocrx_word' id='word_1_522' title='bbox 3420 3722 3561 3762; x_wconf 80' lang='lat' dir='ltr'><strong>vers.</strong></span> <span class='ocrx_word' id='word_1_523' title='bbox 3604 3709 3673 3763; x_wconf 80' lang='lat'><strong>98</strong></span> <span class='ocrx_word' id='word_1_524' title='bbox 3713 3711 3874 3761; x_wconf 87' lang='lat' dir='ltr'><strong>ditto-</strong></span> 
     </span>
    </p>
   </div>
   <div class='ocr_carea' id='block_1_97' title="bbox 2308 3776 3873 3847">
    <p class='ocr_par' dir='ltr' id='par_1_97' title="bbox 2308 3776 3873 3847">
     <span class='ocr_line' id='line_1_101' title="bbox 2308 3776 3873 3847; baseline -0.003 -12"><span class='ocrx_word' id='word_1_525' title='bbox 2308 3781 2464 3842; x_wconf 74' lang='lat' dir='ltr'><strong>chzei,</strong></span> <span class='ocrx_word' id='word_1_526' title='bbox 2489 3781 2579 3833; x_wconf 85' lang='lat' dir='ltr'><strong>ubi</strong></span> <span class='ocrx_word' id='word_1_527' title='bbox 2618 3779 2730 3832; x_wconf 87' lang='lat' dir='ltr'><strong>ait:</strong></span> <span class='ocrx_word' id='word_1_528' title='bbox 2764 3777 2967 3832; x_wconf 77' lang='lat' dir='ltr'><strong>Gabriel</strong></span> <span class='ocrx_word' id='word_1_529' title='bbox 3003 3776 3176 3831; x_wconf 82' lang='lat' dir='ltr'><strong>Patris</strong></span> <span class='ocrx_word' id='word_1_530' title='bbox 3216 3794 3278 3831; x_wconf 71' lang='lat' dir='ltr'><strong>ea:</strong></span> <span class='ocrx_word' id='word_1_531' title='bbox 3305 3777 3458 3840; x_wconf 88' lang='lat' dir='ltr'><strong>solio,</strong></span> <span class='ocrx_word' id='word_1_532' title='bbox 3505 3781 3774 3847; x_wconf 84' lang='lat' dir='ltr'><strong>sedemque</strong></span> <span class='ocrx_word' id='word_1_533' title='bbox 3801 3794 3873 3830; x_wconf 80' lang='lat' dir='ltr'><strong>re-</strong></span> 
     </span>
    </p>
   </div>
   <div class='ocr_carea' id='block_1_98' title="bbox 2309 3848 3876 3920">
    <p class='ocr_par' dir='ltr' id='par_1_98' title="bbox 2309 3848 3876 3920">
     <span class='ocr_line' id='line_1_102' title="bbox 2309 3848 3876 3920; baseline -0.004 -15"><span class='ocrx_word' id='word_1_534' title='bbox 2309 3861 2471 3920; x_wconf 82' lang='lat' dir='ltr'><strong>pente.</strong></span> <span class='ocrx_word' id='word_1_535' title='bbox 2505 3851 2574 3903; x_wconf 81' lang='lat' dir='ltr'><strong>At</strong></span> <span class='ocrx_word' id='word_1_536' title='bbox 2621 3849 2852 3920; x_wconf 69' lang='lat' dir='ltr'><strong>secunda</strong></span> <span class='ocrx_word' id='word_1_537' title='bbox 2893 3849 2946 3903; x_wconf 92' lang='lat' dir='ltr'><strong>iu</strong></span> <span class='ocrx_word' id='word_1_538' title='bbox 2977 3864 3042 3920; x_wconf 87' lang='lat' dir='ltr'><strong>eo</strong></span> <span class='ocrx_word' id='word_1_539' title='bbox 3079 3863 3234 3912; x_wconf 77' lang='lat' dir='ltr'><strong>versu</strong></span> <span class='ocrx_word' id='word_1_540' title='bbox 3263 3848 3531 3920; x_wconf 63' lang='lat' dir='ltr'><strong>dittochmi</strong></span> <span class='ocrx_word' id='word_1_541' title='bbox 3569 3851 3876 3920; x_wconf 66' lang='lat' dir='ltr'><strong>necessario</strong></span> 
     </span>
    </p>
   </div>
   <div class='ocr_carea' id='block_1_99' title="bbox 2310 3915 3873 3987">
    <p class='ocr_par' dir='ltr' id='par_1_99' title="bbox 2310 3915 3873 3987">
     <span class='ocr_line' id='line_1_103' title="bbox 2310 3915 3873 3987; baseline -0.004 -13"><span class='ocrx_word' id='word_1_542' title='bbox 2310 3915 2392 3974; x_wconf 61' lang='grc' dir='ltr'>ζέει</span> <span class='ocrx_word' id='word_1_543' title='bbox 2434 3921 2588 3987; x_wconf 88' lang='lat' dir='ltr'><strong>longa</strong></span> <span class='ocrx_word' id='word_1_544' title='bbox 2637 3921 2692 3971; x_wconf 91' lang='lat' dir='ltr'><strong>in</strong></span> <span class='ocrx_word' id='word_1_545' title='bbox 2729 3916 2934 3973; x_wconf 82' lang='lat' dir='ltr'><strong>Gabriel</strong></span> <span class='ocrx_word' id='word_1_546' title='bbox 2965 3933 2984 3972; x_wconf 89' lang='lat'><strong><em>:</em></strong></span> <span class='ocrx_word' id='word_1_547' title='bbox 3015 3918 3068 3972; x_wconf 87' lang='lat' dir='ltr'><strong>in</strong></span> <span class='ocrx_word' id='word_1_548' title='bbox 3114 3922 3215 3972; x_wconf 86' lang='lat' dir='ltr'><strong>hoc</strong></span> <span class='ocrx_word' id='word_1_549' title='bbox 3261 3933 3390 3970; x_wconf 86' lang='lat' dir='ltr'><strong>vero</strong></span> <span class='ocrx_word' id='word_1_550' title='bbox 3433 3915 3619 3972; x_wconf 79' lang='lat' dir='ltr'><strong>Emitte</strong></span> <span class='ocrx_word' id='word_1_551' title='bbox 3668 3917 3873 3971; x_wconf 79' lang='lat' dir='ltr'><strong>Gabriel</strong></span> 
     </span>
    </p>
   </div>
   <div class='ocr_carea' id='block_1_100' title="bbox 2311 3987 3875 4055">
    <p class='ocr_par' dir='ltr' id='par_1_100' title="bbox 2311 3987 3875 4055">
     <span class='ocr_line' id='line_1_104' title="bbox 2311 3987 3875 4055; baseline -0.001 -13"><span class='ocrx_word' id='word_1_552' title='bbox 2311 4001 2454 4044; x_wconf 87' lang='lat' dir='ltr'><strong>tuum</strong></span> <span class='ocrx_word' id='word_1_553' title='bbox 2489 3989 2663 4042; x_wconf 85' lang='lat' dir='ltr'><strong>brevis</strong></span> <span class='ocrx_word' id='word_1_554' title='bbox 2685 4004 2806 4042; x_wconf 85' lang='lat' dir='ltr'><strong>esse</strong></span> <span class='ocrx_word' id='word_1_555' title='bbox 2832 3997 3033 4055; x_wconf 76' lang='lat' dir='ltr'><strong>posset,</strong></span> <span class='ocrx_word' id='word_1_556' title='bbox 3075 3989 3212 4041; x_wconf 84' lang='lat' dir='ltr'><strong>laeto</strong></span> <span class='ocrx_word' id='word_1_557' title='bbox 3240 3987 3414 4040; x_wconf 71' lang='lat' dir='ltr'><strong>iambo</strong></span> <span class='ocrx_word' id='word_1_558' title='bbox 3457 3990 3508 4041; x_wconf 88' lang='lat' dir='ltr'><strong>in</strong></span> <span class='ocrx_word' id='word_1_559' title='bbox 3541 3991 3699 4042; x_wconf 86' lang='lat' dir='ltr'><strong>tertia</strong></span> <span class='ocrx_word' id='word_1_560' title='bbox 3728 3989 3875 4041; x_wconf 81' lang='lat' dir='ltr'><strong>sede.</strong></span> 
     </span>
    </p>
   </div>
   <div class='ocr_carea' id='block_1_101' title="bbox 2380 4057 3880 4126">
    <p class='ocr_par' dir='ltr' id='par_1_101' title="bbox 2380 4057 3880 4126">
     <span class='ocr_line' id='line_1_105' title="bbox 2380 4057 3880 4126; baseline -0.003 -10"><span class='ocrx_word' id='word_1_561' title='bbox 2380 4060 2506 4116; x_wconf 81' lang='grc'><strong>456.</strong></span> <span class='ocrx_word' id='word_1_562' title='bbox 2541 4059 2690 4117; x_wconf 85' lang='lat' dir='ltr'><strong>Ald..</strong></span> <span class='ocrx_word' id='word_1_563' title='bbox 2724 4059 3055 4122; x_wconf 79' lang='lat' dir='ltr'><strong>Parrhasius,</strong></span> <span class='ocrx_word' id='word_1_564' title='bbox 3088 4057 3282 4117; x_wconf 76' lang='lat' dir='ltr'><strong>l’alat..</strong></span> <span class='ocrx_word' id='word_1_565' title='bbox 3327 4057 3569 4126; x_wconf 81' lang='lat' dir='ltr'><strong>plerique</strong></span> <span class='ocrx_word' id='word_1_566' title='bbox 3601 4060 3798 4118; x_wconf 76' lang='lat' dir='ltr'><strong>nosrri,</strong></span> <span class='ocrx_word' id='word_1_567' title='bbox 3831 4068 3880 4111; x_wconf 88' lang='lat' dir='ltr'><strong>et</strong></span> 
     </span>
    </p>
   </div>
   <div class='ocr_carea' id='block_1_102' title="bbox 2312 4127 3881 4196">
    <p class='ocr_par' dir='ltr' id='par_1_102' title="bbox 2312 4127 3881 4196">
     <span class='ocr_line' id='line_1_106' title="bbox 2312 4127 3881 4196; baseline -0.003 -12"><span class='ocrx_word' id='word_1_568' title='bbox 2312 4129 2604 4191; x_wconf 82' lang='lat' dir='ltr'><strong>Ileinsiani,</strong></span> <span class='ocrx_word' id='word_1_569' title='bbox 2635 4129 2748 4183; x_wconf 82' lang='lat' dir='ltr'><strong>Gis.</strong></span> <span class='ocrx_word' id='word_1_570' title='bbox 2780 4129 2832 4183; x_wconf 91' lang='lat' dir='ltr'><strong>in</strong></span> <span class='ocrx_word' id='word_1_571' title='bbox 2859 4137 3130 4192; x_wconf 76' lang='lat' dir='ltr'><strong>contextu,</strong></span> <span class='ocrx_word' id='word_1_572' title='bbox 3156 4136 3210 4184; x_wconf 83' lang='lat' dir='ltr'><strong>et</strong></span> <span class='ocrx_word' id='word_1_573' title='bbox 3237 4127 3449 4194; x_wconf 88' lang='lat' dir='ltr'><strong>quidam</strong></span> <span class='ocrx_word' id='word_1_574' title='bbox 3494 4144 3596 4180; x_wconf 91' lang='lat' dir='ltr'><strong>ms.</strong></span> <span class='ocrx_word' id='word_1_575' title='bbox 3643 4147 3808 4196; x_wconf 82' lang='lat' dir='ltr'><strong>quem</strong></span> <span class='ocrx_word' id='word_1_576' title='bbox 3837 4129 3881 4179; x_wconf 87' lang='lat' dir='ltr'><strong>is</strong></span> 
     </span>
    </p>
   </div>
   <div class='ocr_carea' id='block_1_103' title="bbox 2311 4196 3881 4264">
    <p class='ocr_par' dir='ltr' id='par_1_103' title="bbox 2311 4196 3881 4264">
     <span class='ocr_line' id='line_1_107' title="bbox 2311 4196 3881 4264; baseline -0.002 -12"><span class='ocrx_word' id='word_1_577' title='bbox 2311 4200 2461 4264; x_wconf 86' lang='lat' dir='ltr'><strong>vidit,</strong></span> <span class='ocrx_word' id='word_1_578' title='bbox 2493 4196 2620 4252; x_wconf 86' lang='lat' dir='ltr'><strong>Iuli.</strong></span> <span class='ocrx_word' id='word_1_579' title='bbox 2651 4198 2768 4253; x_wconf 62' lang='lat' dir='ltr'><strong>Gis.’</strong></span> <span class='ocrx_word' id='word_1_580' title='bbox 2785 4200 2949 4264; x_wconf 85' lang='lat' dir='ltr'><strong>prima</strong></span> <span class='ocrx_word' id='word_1_581' title='bbox 2974 4198 3086 4260; x_wconf 72' lang='grc' dir='ltr'><strong>ρει..</strong></span> <span class='ocrx_word' id='word_1_582' title='bbox 3112 4213 3248 4252; x_wconf 89' lang='lat' dir='ltr'><strong>unus</strong></span> <span class='ocrx_word' id='word_1_583' title='bbox 3275 4199 3442 4259; x_wconf 87' lang='lat' dir='ltr'><strong>Rott.,</strong></span> <span class='ocrx_word' id='word_1_584' title='bbox 3468 4197 3659 4264; x_wconf 82' lang='lat' dir='ltr'><strong>Bong.,</strong></span> <span class='ocrx_word' id='word_1_585' title='bbox 3687 4197 3881 4261; x_wconf 86' lang='lat' dir='ltr'><strong>Iulica,</strong></span> 
     </span>
    </p>
   </div>
   <div class='ocr_carea' id='block_1_104' title="bbox 2312 4265 3881 4337">
    <p class='ocr_par' dir='ltr' id='par_1_104' title="bbox 2312 4265 3881 4337">
     <span class='ocr_line' id='line_1_108' title="bbox 2312 4265 3881 4337; baseline -0.002 -14"><span class='ocrx_word' id='word_1_586' title='bbox 2312 4271 2478 4333; x_wconf 86' lang='lat' dir='ltr'><strong>male;</strong></span> <span class='ocrx_word' id='word_1_587' title='bbox 2507 4284 2678 4337; x_wconf 89' lang='lat' dir='ltr'><strong>neque</strong></span> <span class='ocrx_word' id='word_1_588' title='bbox 2705 4270 2894 4322; x_wconf 86' lang='lat' dir='ltr'><strong>melius</strong></span> <span class='ocrx_word' id='word_1_589' title='bbox 2924 4266 3116 4325; x_wconf 78' lang='lat' dir='ltr'><strong>\Veitz.</strong></span> <span class='ocrx_word' id='word_1_590' title='bbox 3159 4283 3278 4321; x_wconf 91' lang='lat' dir='ltr'><strong>cum</strong></span> <span class='ocrx_word' id='word_1_591' title='bbox 3312 4265 3535 4337; x_wconf 71' lang='lat' dir='ltr'><strong>\thtn.,</strong></span> <span class='ocrx_word' id='word_1_592' title='bbox 3570 4265 3739 4322; x_wconf 75' lang='lat' dir='ltr'><strong>Iulia.</strong></span> <span class='ocrx_word' id='word_1_593' title='bbox 3769 4267 3881 4320; x_wconf 63' lang='lat' dir='ltr'><strong>(lis.</strong></span> 
     </span>
    </p>
   </div>
   <div class='ocr_carea' id='block_1_105' title="bbox 2311 4335 3885 4406">
    <p class='ocr_par' dir='ltr' id='par_1_105' title="bbox 2311 4335 3885 4406">
     <span class='ocr_line' id='line_1_109' title="bbox 2311 4335 3885 4406; baseline -0.001 -16"><span class='ocrx_word' id='word_1_594' title='bbox 2311 4339 2377 4392; x_wconf 84' lang='lat' dir='ltr'><strong>ad</strong></span> <span class='ocrx_word' id='word_1_595' title='bbox 2399 4354 2547 4392; x_wconf 87' lang='lat' dir='ltr'><strong>oram</strong></span> <span class='ocrx_word' id='word_1_596' title='bbox 2573 4335 2637 4392; x_wconf 73' lang='lat' dir='ltr'><strong>ex</strong></span> <span class='ocrx_word' id='word_1_597' title='bbox 2664 4353 2761 4392; x_wconf 88' lang='lat' dir='ltr'><strong>suo</strong></span> <span class='ocrx_word' id='word_1_598' title='bbox 2799 4355 2923 4403; x_wconf 85' lang='lat' dir='ltr'><strong>tus.,</strong></span> <span class='ocrx_word' id='word_1_599' title='bbox 2958 4353 3102 4406; x_wconf 83' lang='lat' dir='ltr'><strong>unus</strong></span> <span class='ocrx_word' id='word_1_600' title='bbox 3134 4337 3300 4396; x_wconf 63' lang='lat' dir='ltr'><strong>Roth.</strong></span> <span class='ocrx_word' id='word_1_601' title='bbox 3333 4335 3475 4398; x_wconf 78' lang='lat' dir='ltr'><strong>Iit-la.</strong></span> <span class='ocrx_word' id='word_1_602' title='bbox 3505 4339 3646 4402; x_wconf 80' lang='lat' dir='ltr'><strong>quod</strong></span> <span class='ocrx_word' id='word_1_603' title='bbox 3687 4341 3885 4406; x_wconf 85' lang='lat' dir='ltr'><strong>placuit</strong></span> 
     </span>
    </p>
   </div>
   <div class='ocr_carea' id='block_1_106' title="bbox 701 4405 3886 4479">
    <p class='ocr_par' dir='ltr' id='par_1_106' title="bbox 701 4405 3886 4479">
     <span class='ocr_line' id='line_1_110' title="bbox 701 4405 3886 4479; baseline -0.003 -9"><span class='ocrx_word' id='word_1_604' title='bbox 701 4411 825 4470; x_wconf 84' lang='grc'><strong>445.</strong></span> <span class='ocrx_word' id='word_1_605' title='bbox 856 4411 1047 4466; x_wconf 85' lang='lat' dir='ltr'><strong>Troius</strong></span> <span class='ocrx_word' id='word_1_606' title='bbox 1070 4405 1274 4465; x_wconf 62' lang='lat' dir='ltr'><strong>Encas</strong></span> <span class='ocrx_word' id='word_1_607' title='bbox 1298 4405 1444 4464; x_wconf 76' lang='lat' dir='ltr'><strong>deus</strong></span> <span class='ocrx_word' id='word_1_608' title='bbox 1468 4405 1786 4465; x_wconf 58' lang='lat' dir='ltr'><strong>suos&#39;Latio</strong></span> <span class='ocrx_word' id='word_1_609' title='bbox 1816 4409 2015 4479; x_wconf 88' lang='lat' dir='ltr'><strong>intulit,</strong></span> <span class='ocrx_word' id='word_1_610' title='bbox 2050 4423 2106 4466; x_wconf 91' lang='lat' dir='ltr'><strong>ut</strong></span> <span class='ocrx_word' id='word_1_611' title='bbox 2134 4411 2208 4465; x_wconf 87' lang='lat' dir='ltr'><strong>ait</strong></span> <span class='ocrx_word' id='word_1_612' title='bbox 2309 4408 2565 4479; x_wconf 78' lang='lat' dir='ltr'><strong>Canchio.</strong></span> <span class='ocrx_word' id='word_1_613' title='bbox 2593 4408 2650 4460; x_wconf 88' lang='lat' dir='ltr'><strong>ln</strong></span> <span class='ocrx_word' id='word_1_614' title='bbox 2693 4409 2808 4460; x_wconf 83' lang='lat' dir='ltr'><strong>Vat.</strong></span> <span class='ocrx_word' id='word_1_615' title='bbox 2853 4409 2911 4461; x_wconf 79' lang='grc' dir='ltr'><strong>ιι.</strong></span> <span class='ocrx_word' id='word_1_616' title='bbox 2945 4405 3070 4460; x_wconf 86' lang='lat' dir='ltr'><strong>Iulii</strong></span> <span class='ocrx_word' id='word_1_617' title='bbox 3097 4409 3236 4461; x_wconf 77' lang='lat' dir='ltr'><strong>valet</strong></span> <span class='ocrx_word' id='word_1_618' title='bbox 3268 4407 3392 4479; x_wconf 58' lang='lat' dir='ltr'><strong>ltili.</strong></span> <span class='ocrx_word' id='word_1_619' title='bbox 3429 4405 3729 4479; x_wconf 68' lang='lat' dir='ltr'><strong>Virgilius:</strong></span> <span class='ocrx_word' id='word_1_620' title='bbox 3760 4406 3886 4465; x_wconf 67' lang='lat' dir='ltr'><strong>Ain.</strong></span> 
     </span>
    </p>
   </div>
   <div class='ocr_carea' id='block_1_107' title="bbox 629 4479 1668 4550">
    <p class='ocr_par' dir='ltr' id='par_1_107' title="bbox 629 4479 1668 4550">
     <span class='ocr_line' id='line_1_111' title="bbox 629 4479 1668 4550; baseline -0.014 -9"><span class='ocrx_word' id='word_1_621' title='bbox 629 4483 882 4550; x_wconf 65' lang='lat' dir='ltr'><strong>Virgilius</strong></span> <span class='ocrx_word' id='word_1_622' title='bbox 911 4483 1026 4535; x_wconf 91' lang='lat' dir='ltr'><strong>init.</strong></span> <span class='ocrx_word' id='word_1_623' title='bbox 1052 4479 1268 4537; x_wconf 59' lang='lat' dir='ltr'><strong>Aiueid.</strong></span> <span class='ocrx_word' id='word_1_624' title='bbox 1583 4549 1605 4550; x_wconf 10' lang='grc' dir='ltr'><strong>κν</strong></span> <span class='ocrx_word' id='word_1_625' title='bbox 1660 4519 1668 4550; x_wconf 85' lang='lat'><strong>_.</strong></span> 
     </span>
    </p>
   </div>
   <div class='ocr_carea' id='block_1_108' title="bbox 700 4545 2201 4620">
    <p class='ocr_par' dir='ltr' id='par_1_108' title="bbox 700 4545 2201 4620">
     <span class='ocr_line' id='line_1_112' title="bbox 700 4545 2201 4620; baseline -0.003 -11"><span class='ocrx_word' id='word_1_626' title='bbox 700 4545 825 4609; x_wconf 60' lang='grc'><strong>446.</strong></span> <span class='ocrx_word' id='word_1_627' title='bbox 856 4551 1002 4608; x_wconf 78' lang='lat' dir='ltr'><strong>Libr.</strong></span> <span class='ocrx_word' id='word_1_628' title='bbox 1025 4565 1041 4604; x_wconf 88' lang='grc' dir='ltr'><strong>ι</strong></span> <span class='ocrx_word' id='word_1_629' title='bbox 1072 4554 1122 4605; x_wconf 91' lang='lat' dir='ltr'><strong>in</strong></span> <span class='ocrx_word' id='word_1_630' title='bbox 1150 4550 1382 4620; x_wconf 77' lang='lat' dir='ltr'><strong>Symm.,</strong></span> <span class='ocrx_word' id='word_1_631' title='bbox 1409 4562 1553 4604; x_wconf 73' lang='lat' dir='ltr'><strong>vers.</strong></span> <span class='ocrx_word' id='word_1_632' title='bbox 1577 4548 1702 4613; x_wconf 67' lang='lat' dir='ltr'><strong>5w,</strong></span> <span class='ocrx_word' id='word_1_633' title='bbox 1721 4545 2100 4620; x_wconf 71' lang='lat' dir='ltr'><strong>Conciliumque</strong></span> <span class='ocrx_word' id='word_1_634' title='bbox 2122 4567 2201 4604; x_wconf 85' lang='lat' dir='ltr'><strong>se-</strong></span> 
     </span>
    </p>
   </div>
   <div class='ocr_carea' id='block_1_109' title="bbox 624 4618 2200 4692">
    <p class='ocr_par' dir='ltr' id='par_1_109' title="bbox 624 4618 2200 4692">
     <span class='ocr_line' id='line_1_113' title="bbox 624 4618 2200 4692; baseline -0.003 -13"><span class='ocrx_word' id='word_1_635' title='bbox 624 4639 754 4680; x_wconf 77' lang='lat' dir='ltr'><strong>num</strong></span> <span class='ocrx_word' id='word_1_636' title='bbox 796 4626 980 4692; x_wconf 80' lang='lat' dir='ltr'><strong>gestire</strong></span> <span class='ocrx_word' id='word_1_637' title='bbox 1013 4618 1426 4692; x_wconf 76' lang='lat' dir='ltr'><strong>Catonum._l)uo</strong></span> <span class='ocrx_word' id='word_1_638' title='bbox 1465 4619 1736 4692; x_wconf 67' lang='lat' dir='ltr'><strong>ptatcipuc</strong></span> <span class='ocrx_word' id='word_1_639' title='bbox 1755 4619 1986 4692; x_wconf 77' lang='lat' dir='ltr'><strong>Calones</strong></span> <span class='ocrx_word' id='word_1_640' title='bbox 2009 4618 2200 4692; x_wconf 54' lang='lat' dir='ltr'><strong>lituum</strong></span> 
     </span>
    </p>
   </div>
   <div class='ocr_carea' id='block_1_110' title="bbox 625 4689 2202 4760">
    <p class='ocr_par' dir='ltr' id='par_1_110' title="bbox 625 4689 2202 4760">
     <span class='ocr_line' id='line_1_114' title="bbox 625 4689 2202 4760; baseline -0.003 -15"><span class='ocrx_word' id='word_1_641' title='bbox 625 4689 899 4760; x_wconf 71' lang='lat' dir='ltr'><strong>sapientes</strong></span> <span class='ocrx_word' id='word_1_642' title='bbox 927 4691 1087 4744; x_wconf 84' lang='lat' dir='ltr'><strong>habiti</strong></span> <span class='ocrx_word' id='word_1_643' title='bbox 1109 4699 1253 4760; x_wconf 82' lang='lat' dir='ltr'><strong>sunt.</strong></span> <span class='ocrx_word' id='word_1_644' title='bbox 1283 4689 1565 4760; x_wconf 74' lang='lat' dir='ltr'><strong>Iuvenalis</strong></span> <span class='ocrx_word' id='word_1_645' title='bbox 1584 4697 1682 4740; x_wconf 78' lang='lat' dir='ltr'><strong>sat.</strong></span> <span class='ocrx_word' id='word_1_646' title='bbox 1710 4689 1768 4753; x_wconf 73' lang='grc'>2,</span> <span class='ocrx_word' id='word_1_647' title='bbox 1793 4705 1933 4760; x_wconf 83' lang='lat' dir='ltr'><strong>vers.</strong></span> <span class='ocrx_word' id='word_1_648' title='bbox 1959 4690 2052 4755; x_wconf 79' lang='grc'>40,</span> <span class='ocrx_word' id='word_1_649' title='bbox 2079 4689 2202 4742; x_wconf 84' lang='lat' dir='ltr'><strong>Ter-</strong></span> 
     </span>
    </p>
   </div>
   <div class='ocr_carea' id='block_1_111' title="bbox 627 4758 2194 4832">
    <p class='ocr_par' dir='ltr' id='par_1_111' title="bbox 627 4758 2194 4832">
     <span class='ocr_line' id='line_1_115' title="bbox 627 4758 2194 4832; baseline -0.003 -12"><span class='ocrx_word' id='word_1_650' title='bbox 627 4758 733 4820; x_wconf 77' lang='lat' dir='ltr'><strong>tius</strong></span> <span class='ocrx_word' id='word_1_651' title='bbox 769 4779 796 4815; x_wconf 88' lang='lat' dir='ltr'><strong>e</strong></span> <span class='ocrx_word' id='word_1_652' title='bbox 823 4761 947 4817; x_wconf 71' lang='lat' dir='ltr'><strong>caelo</strong></span> <span class='ocrx_word' id='word_1_653' title='bbox 973 4761 1155 4816; x_wconf 71' lang='lat' dir='ltr'><strong>cecidit</strong></span> <span class='ocrx_word' id='word_1_654' title='bbox 1199 4759 1345 4813; x_wconf 79' lang='lat' dir='ltr'><strong>Cato.</strong></span> <span class='ocrx_word' id='word_1_655' title='bbox 1389 4758 1519 4814; x_wconf 88' lang='lat' dir='ltr'><strong>Vide</strong></span> <span class='ocrx_word' id='word_1_656' title='bbox 1546 4758 1764 4813; x_wconf 66' lang='lat' dir='ltr'><strong>anum</strong></span> <span class='ocrx_word' id='word_1_657' title='bbox 1793 4759 1861 4814; x_wconf 89' lang='lat' dir='ltr'><strong>ad</strong></span> <span class='ocrx_word' id='word_1_658' title='bbox 1905 4774 2049 4832; x_wconf 77' lang='lat' dir='ltr'><strong>vers.</strong></span> <span class='ocrx_word' id='word_1_659' title='bbox 2095 4760 2194 4816; x_wconf 70' lang='grc' dir='ltr'><strong>ιιι</strong></span> 
     </span>
    </p>
   </div>
   <div class='ocr_carea' id='block_1_112' title="bbox 630 4832 1382 4892">
    <p class='ocr_par' dir='ltr' id='par_1_112' title="bbox 630 4832 1382 4892">
     <span class='ocr_line' id='line_1_116' title="bbox 630 4832 1382 4892; baseline -0.012 -5"><span class='ocrx_word' id='word_1_660' title='bbox 630 4834 756 4892; x_wconf 67' lang='lat' dir='ltr'><strong>Ain.</strong></span> <span class='ocrx_word' id='word_1_661' title='bbox 783 4832 872 4888; x_wconf 87' lang='lat' dir='ltr'><strong>lib.</strong></span> <span class='ocrx_word' id='word_1_662' title='bbox 903 4847 974 4883; x_wconf 88' lang='lat' dir='ltr'><strong>vt.</strong></span> <span class='ocrx_word' id='word_1_663' title='bbox 1331 4851 1334 4854; x_wconf 70' lang='lat'><strong><em>~</em></strong></span> <span class='ocrx_word' id='word_1_664' title='bbox 1373 4832 1382 4840; x_wconf 89' lang='lat'><strong>&#39;</strong></span> 
     </span>
    </p>
   </div>
   <div class='ocr_carea' id='block_1_113' title="bbox 698 4897 2195 4969">
    <p class='ocr_par' dir='ltr' id='par_1_113' title="bbox 698 4897 2195 4969">
     <span class='ocr_line' id='line_1_117' title="bbox 698 4897 2195 4969; baseline -0.001 -15"><span class='ocrx_word' id='word_1_665' title='bbox 698 4903 823 4956; x_wconf 81' lang='grc'><strong>447.</strong></span> <span class='ocrx_word' id='word_1_666' title='bbox 856 4901 998 4954; x_wconf 91' lang='lat' dir='ltr'><strong>Vatt.</strong></span> <span class='ocrx_word' id='word_1_667' title='bbox 1030 4900 1094 4965; x_wconf 83' lang='grc' dir='ltr'>Β,</span> <span class='ocrx_word' id='word_1_668' title='bbox 1129 4899 1187 4963; x_wconf 86' lang='lat' dir='ltr'><strong>P,</strong></span> <span class='ocrx_word' id='word_1_669' title='bbox 1211 4898 1367 4965; x_wconf 63' lang='lat' dir='ltr'><strong>Man,</strong></span> <span class='ocrx_word' id='word_1_670' title='bbox 1397 4897 1585 4969; x_wconf 84' lang='lat' dir='ltr'><strong>Bong.,</strong></span> <span class='ocrx_word' id='word_1_671' title='bbox 1616 4898 1948 4954; x_wconf 78' lang='lat' dir='ltr'><strong>Parrhasius.</strong></span> <span class='ocrx_word' id='word_1_672' title='bbox 1989 4915 2195 4953; x_wconf 64' lang='lat' dir='ltr'><strong>venerao</strong></span> 
     </span>
    </p>
   </div>
   <div class='ocr_carea' id='block_1_114' title="bbox 627 4969 2190 5039">
    <p class='ocr_par' dir='ltr' id='par_1_114' title="bbox 627 4969 2190 5039">
     <span class='ocr_line' id='line_1_118' title="bbox 627 4969 2190 5039; baseline 0.001 -17"><span class='ocrx_word' id='word_1_673' title='bbox 627 4981 730 5029; x_wconf 86' lang='lat' dir='ltr'><strong>tur.</strong></span> <span class='ocrx_word' id='word_1_674' title='bbox 764 4971 1026 5039; x_wconf 73' lang='lat' dir='ltr'><strong>Plerique,</strong></span> <span class='ocrx_word' id='word_1_675' title='bbox 1049 4977 1333 5039; x_wconf 80' lang='lat' dir='ltr'><strong>veneratus.</strong></span> <span class='ocrx_word' id='word_1_676' title='bbox 1357 4969 1544 5039; x_wconf 81' lang='lat' dir='ltr'><strong>Sermo</strong></span> <span class='ocrx_word' id='word_1_677' title='bbox 1563 4979 1645 5023; x_wconf 86' lang='lat' dir='ltr'><strong>cst</strong></span> <span class='ocrx_word' id='word_1_678' title='bbox 1665 4971 1732 5023; x_wconf 90' lang='lat' dir='ltr'><strong>de</strong></span> <span class='ocrx_word' id='word_1_679' title='bbox 1751 4970 1871 5037; x_wconf 84' lang='lat' dir='ltr'><strong>igne</strong></span> <span class='ocrx_word' id='word_1_680' title='bbox 1891 4970 2190 5039; x_wconf 61' lang='lat' dir='ltr'><strong>vestalimu,</strong></span> 
     </span>
    </p>
   </div>
   <div class='ocr_carea' id='block_1_115' title="bbox 628 5035 2188 5105">
    <p class='ocr_par' dir='ltr' id='par_1_115' title="bbox 628 5035 2188 5105">
     <span class='ocr_line' id='line_1_119' title="bbox 628 5035 2188 5105; baseline 0.002 -14"><span class='ocrx_word' id='word_1_681' title='bbox 628 5039 794 5105; x_wconf 75' lang='lat' dir='ltr'><strong>quiin</strong></span> <span class='ocrx_word' id='word_1_682' title='bbox 836 5035 966 5095; x_wconf 84' lang='lat' dir='ltr'><strong>locis</strong></span> <span class='ocrx_word' id='word_1_683' title='bbox 987 5040 1187 5094; x_wconf 80' lang='lat' dir='ltr'><strong>abditis</strong></span> <span class='ocrx_word' id='word_1_684' title='bbox 1210 5038 1447 5093; x_wconf 82' lang='lat' dir='ltr'><strong>ardebat.</strong></span> <span class='ocrx_word' id='word_1_685' title='bbox 1481 5035 1823 5105; x_wconf 41' lang='lat' dir='ltr'><strong>Virgilium—tt</strong></span> <span class='ocrx_word' id='word_1_686' title='bbox 1865 5037 2017 5104; x_wconf 65' lang='lat' dir='ltr'><strong>[En.,</strong></span> <span class='ocrx_word' id='word_1_687' title='bbox 2047 5053 2188 5094; x_wconf 84' lang='lat' dir='ltr'><strong>vers.</strong></span> 
     </span>
    </p>
   </div>
   <div class='ocr_carea' id='block_1_116' title="bbox 627 5109 2190 5177">
    <p class='ocr_par' dir='ltr' id='par_1_116' title="bbox 627 5109 2190 5177">
     <span class='ocr_line' id='line_1_120' title="bbox 627 5109 2190 5177; baseline -0.003 -10"><span class='ocrx_word' id='word_1_688' title='bbox 627 5109 733 5167; x_wconf 51' lang='lat'><strong>9-66</strong></span> <span class='ocrx_word' id='word_1_689' title='bbox 762 5127 776 5162; x_wconf 88' lang='lat'><strong>:</strong></span> <span class='ocrx_word' id='word_1_690' title='bbox 809 5110 897 5164; x_wconf 90' lang='lat' dir='ltr'><strong>Sic</strong></span> <span class='ocrx_word' id='word_1_691' title='bbox 923 5111 992 5165; x_wconf 88' lang='lat' dir='ltr'><strong>ait</strong></span> <span class='ocrx_word' id='word_1_692' title='bbox 1019 5127 1037 5164; x_wconf 91' lang='lat'><strong><em>:</em></strong></span> <span class='ocrx_word' id='word_1_693' title='bbox 1063 5119 1111 5162; x_wconf 87' lang='lat' dir='ltr'><strong>et</strong></span> <span class='ocrx_word' id='word_1_694' title='bbox 1135 5110 1363 5163; x_wconf 85' lang='lat' dir='ltr'><strong>manibus</strong></span> <span class='ocrx_word' id='word_1_695' title='bbox 1400 5111 1547 5161; x_wconf 81' lang='lat' dir='ltr'><strong>vittas</strong></span> <span class='ocrx_word' id='word_1_696' title='bbox 1584 5109 1884 5177; x_wconf 80' lang='lat' dir='ltr'><strong>Vestamque</strong></span> <span class='ocrx_word' id='word_1_697' title='bbox 1919 5118 2190 5176; x_wconf 80' lang='lat' dir='ltr'><strong>potentem,</strong></span> 
     </span>
    </p>
   </div>
   <div class='ocr_carea' id='block_1_117' title="bbox 628 5177 1927 5248">
    <p class='ocr_par' dir='ltr' id='par_1_117' title="bbox 628 5177 1927 5248">
     <span class='ocr_line' id='line_1_121' title="bbox 628 5177 1927 5248; baseline -0.002 -17"><span class='ocrx_word' id='word_1_698' title='bbox 628 5179 999 5248; x_wconf 66' lang='lat' dir='ltr'><strong>Ai&#39;ternumque</strong></span> <span class='ocrx_word' id='word_1_699' title='bbox 1017 5179 1186 5248; x_wconf 76' lang='lat' dir='ltr'><strong>adytis</strong></span> <span class='ocrx_word' id='word_1_700' title='bbox 1212 5177 1354 5245; x_wconf 73' lang='lat' dir='ltr'><strong>effert</strong></span> <span class='ocrx_word' id='word_1_701' title='bbox 1375 5177 1716 5248; x_wconf 7' lang='lat' dir='ltr'><strong>petitetralibus</strong></span> <span class='ocrx_word' id='word_1_702' title='bbox 1739 5179 1927 5247; x_wconf 83' lang='lat' dir='ltr'><strong>ignem.</strong></span> 
     </span>
    </p>
   </div>
   <div class='ocr_carea' id='block_1_118' title="bbox 697 5245 2192 5316">
    <p class='ocr_par' dir='ltr' id='par_1_118' title="bbox 697 5245 2192 5316">
     <span class='ocr_line' id='line_1_122' title="bbox 697 5245 2192 5316; baseline -0.003 -11"><span class='ocrx_word' id='word_1_703' title='bbox 697 5247 822 5305; x_wconf 73' lang='grc'><strong>448.</strong></span> <span class='ocrx_word' id='word_1_704' title='bbox 849 5245 1110 5306; x_wconf 63' lang='grc' dir='ltr'><strong>Ψοὶιιὶυὲ</strong></span> <span class='ocrx_word' id='word_1_705' title='bbox 1131 5248 1316 5302; x_wconf 86' lang='lat' dir='ltr'><strong>maluit</strong></span> <span class='ocrx_word' id='word_1_706' title='bbox 1336 5247 1572 5301; x_wconf 88' lang='lat' dir='ltr'><strong>scribere</strong></span> <span class='ocrx_word' id='word_1_707' title='bbox 1595 5245 1942 5316; x_wconf 80' lang='lat' dir='ltr'><strong>Frigumculn</strong></span> <span class='ocrx_word' id='word_1_708' title='bbox 1962 5246 2192 5314; x_wconf 81' lang='lat' dir='ltr'><strong>Witlm.,</strong></span> 
     </span>
    </p>
   </div>
   <div class='ocr_carea' id='block_1_119' title="bbox 626 5315 2190 5388">
    <p class='ocr_par' dir='ltr' id='par_1_119' title="bbox 626 5315 2190 5388">
     <span class='ocr_line' id='line_1_123' title="bbox 626 5315 2190 5388; baseline 0.001 -19"><span class='ocrx_word' id='word_1_709' title='bbox 626 5329 679 5372; x_wconf 74' lang='lat' dir='ltr'><strong>et</strong></span> <span class='ocrx_word' id='word_1_710' title='bbox 723 5319 913 5387; x_wconf 77' lang='lat' dir='ltr'><strong>llOng.,</strong></span> <span class='ocrx_word' id='word_1_711' title='bbox 961 5333 1118 5386; x_wconf 87' lang='lat' dir='ltr'><strong>quam</strong></span> <span class='ocrx_word' id='word_1_712' title='bbox 1149 5333 1268 5372; x_wconf 86' lang='lat' dir='ltr'><strong>cum</strong></span> <span class='ocrx_word' id='word_1_713' title='bbox 1299 5319 1419 5388; x_wconf 87' lang='lat' dir='ltr'><strong>aliis</strong></span> <span class='ocrx_word' id='word_1_714' title='bbox 1449 5318 1661 5384; x_wconf 86' lang='lat' dir='ltr'><strong>optimis</strong></span> <span class='ocrx_word' id='word_1_715' title='bbox 1691 5315 1873 5388; x_wconf 79' lang='lat' dir='ltr'><strong>eodd.,</strong></span> <span class='ocrx_word' id='word_1_716' title='bbox 1904 5315 2190 5388; x_wconf 72' lang='lat' dir='ltr'><strong>Phrygum.</strong></span> 
     </span>
    </p>
   </div>
   <div class='ocr_carea' id='block_1_120' title="bbox 628 5387 2193 5442">
    <p class='ocr_par' dir='ltr' id='par_1_120' title="bbox 628 5387 2193 5442">
     <span class='ocr_line' id='line_1_124' title="bbox 628 5387 2193 5442; baseline -0.001 0"><span class='ocrx_word' id='word_1_717' title='bbox 628 5387 853 5442; x_wconf 88' lang='lat' dir='ltr'><strong>Penates</strong></span> <span class='ocrx_word' id='word_1_718' title='bbox 877 5390 1088 5441; x_wconf 81' lang='lat' dir='ltr'><strong>exsules</strong></span> <span class='ocrx_word' id='word_1_719' title='bbox 1115 5401 1296 5441; x_wconf 88' lang='lat' dir='ltr'><strong>secum</strong></span> <span class='ocrx_word' id='word_1_720' title='bbox 1337 5387 1564 5442; x_wconf 65' lang='lat' dir='ltr'><strong>Aﬂneam</strong></span> <span class='ocrx_word' id='word_1_721' title='bbox 1589 5387 1865 5441; x_wconf 75' lang='lat' dir='ltr'><strong>advexisse</strong></span> <span class='ocrx_word' id='word_1_722' title='bbox 1894 5387 2079 5441; x_wconf 86' lang='lat' dir='ltr'><strong>notum</strong></span> <span class='ocrx_word' id='word_1_723' title='bbox 2109 5396 2193 5441; x_wconf 84' lang='lat' dir='ltr'><strong>est</strong></span> 
     </span>
    </p>
   </div>
   <div class='ocr_carea' id='block_1_121' title="bbox 627 5456 2190 5528">
    <p class='ocr_par' dir='ltr' id='par_1_121' title="bbox 627 5456 2190 5528">
     <span class='ocr_line' id='line_1_125' title="bbox 627 5456 2190 5528; baseline 0.001 -17"><span class='ocrx_word' id='word_1_724' title='bbox 627 5475 690 5511; x_wconf 79' lang='lat' dir='ltr'><strong>ex</strong></span> <span class='ocrx_word' id='word_1_725' title='bbox 721 5456 977 5528; x_wconf 78' lang='lat' dir='ltr'><strong>Virgilio.</strong></span> <span class='ocrx_word' id='word_1_726' title='bbox 1004 5456 1078 5510; x_wconf 89' lang='lat' dir='ltr'><strong>De</strong></span> <span class='ocrx_word' id='word_1_727' title='bbox 1119 5471 1302 5528; x_wconf 87' lang='lat' dir='ltr'><strong>eorum</strong></span> <span class='ocrx_word' id='word_1_728' title='bbox 1337 5459 1533 5527; x_wconf 89' lang='lat' dir='ltr'><strong>templo</strong></span> <span class='ocrx_word' id='word_1_729' title='bbox 1572 5457 1654 5528; x_wconf 88' lang='lat' dir='ltr'><strong>egi</strong></span> <span class='ocrx_word' id='word_1_730' title='bbox 1697 5460 1748 5511; x_wconf 88' lang='lat' dir='ltr'><strong>in</strong></span> <span class='ocrx_word' id='word_1_731' title='bbox 1794 5467 2083 5512; x_wconf 87' lang='lat' dir='ltr'><strong>comment.</strong></span> <span class='ocrx_word' id='word_1_732' title='bbox 2123 5457 2190 5512; x_wconf 88' lang='lat' dir='ltr'><strong>ad</strong></span> 
     </span>
    </p>
   </div>
   <div class='ocr_carea' id='block_1_122' title="bbox 628 5527 1395 5596">
    <p class='ocr_par' dir='ltr' id='par_1_122' title="bbox 628 5527 1395 5596">
     <span class='ocr_line' id='line_1_126' title="bbox 628 5527 1395 5596; baseline -0.004 -14"><span class='ocrx_word' id='word_1_733' title='bbox 628 5543 768 5582; x_wconf 83' lang='lat' dir='ltr'><strong>vers.</strong></span> <span class='ocrx_word' id='word_1_734' title='bbox 800 5527 904 5582; x_wconf 74' lang='lat'><strong>965&#39;</strong></span> <span class='ocrx_word' id='word_1_735' title='bbox 930 5527 1022 5580; x_wconf 91' lang='lat' dir='ltr'><strong>lib.</strong></span> <span class='ocrx_word' id='word_1_736' title='bbox 1053 5543 1089 5594; x_wconf 65' lang='grc' dir='ltr'><strong>ιι</strong></span> <span class='ocrx_word' id='word_1_737' title='bbox 1117 5527 1168 5580; x_wconf 93' lang='lat' dir='ltr'><strong>in</strong></span> <span class='ocrx_word' id='word_1_738' title='bbox 1190 5527 1395 5596; x_wconf 89' lang='lat' dir='ltr'><strong>Symm.</strong></span> 
     </span>
    </p>
   </div>
   <div class='ocr_carea' id='block_1_123' title="bbox 697 5595 2190 5665">
    <p class='ocr_par' dir='ltr' id='par_1_123' title="bbox 697 5595 2190 5665">
     <span class='ocr_line' id='line_1_127' title="bbox 697 5595 2190 5665; baseline 0.001 -16"><span class='ocrx_word' id='word_1_739' title='bbox 697 5597 824 5652; x_wconf 74' lang='grc'><strong>449.</strong></span> <span class='ocrx_word' id='word_1_740' title='bbox 867 5598 950 5651; x_wconf 90' lang='lat' dir='ltr'><strong>lso</strong></span> <span class='ocrx_word' id='word_1_741' title='bbox 979 5613 1083 5655; x_wconf 88' lang='lat' dir='ltr'><strong>non</strong></span> <span class='ocrx_word' id='word_1_742' title='bbox 1122 5595 1327 5650; x_wconf 76' lang='lat' dir='ltr'><strong>videtur</strong></span> <span class='ocrx_word' id='word_1_743' title='bbox 1369 5598 1648 5665; x_wconf 76' lang='lat' dir='ltr'><strong>agnovisse</strong></span> <span class='ocrx_word' id='word_1_744' title='bbox 1683 5596 1838 5650; x_wconf 86' lang='lat' dir='ltr'><strong>deum</strong></span> <span class='ocrx_word' id='word_1_745' title='bbox 1871 5595 2190 5662; x_wconf 82' lang='lat' dir='ltr'><strong>Sterculum,</strong></span> 
     </span>
    </p>
   </div>
   <div class='ocr_carea' id='block_1_124' title="bbox 626 5666 2188 5736">
    <p class='ocr_par' dir='ltr' id='par_1_124' title="bbox 626 5666 2188 5736">
     <span class='ocr_line' id='line_1_128' title="bbox 626 5666 2188 5736; baseline 0.001 -16"><span class='ocrx_word' id='word_1_746' title='bbox 626 5668 740 5722; x_wconf 76' lang='lat' dir='ltr'><strong>sive</strong></span> <span class='ocrx_word' id='word_1_747' title='bbox 788 5669 830 5720; x_wconf 91' lang='lat' dir='ltr'><strong>is</strong></span> <span class='ocrx_word' id='word_1_748' title='bbox 874 5668 1175 5736; x_wconf 80' lang='lat' dir='ltr'><strong>fueritipse</strong></span> <span class='ocrx_word' id='word_1_749' title='bbox 1215 5667 1494 5730; x_wconf 66' lang='lat' dir='ltr'><strong>Saturnus,</strong></span> <span class='ocrx_word' id='word_1_750' title='bbox 1523 5678 1581 5720; x_wconf 91' lang='lat' dir='ltr'><strong>ut</strong></span> <span class='ocrx_word' id='word_1_751' title='bbox 1610 5666 1841 5736; x_wconf 82' lang='lat' dir='ltr'><strong>explicat</strong></span> <span class='ocrx_word' id='word_1_752' title='bbox 1871 5668 2188 5733; x_wconf 83' lang='lat' dir='ltr'><strong>Macrobius,</strong></span> 
     </span>
    </p>
   </div>
   <div class='ocr_carea' id='block_1_125' title="bbox 567 5735 2388 5814">
    <p class='ocr_par' dir='ltr' id='par_1_125' title="bbox 567 5735 2388 5814">
     <span class='ocr_line' id='line_1_129' title="bbox 567 5735 2388 5814; baseline -0.001 -20"><span class='ocrx_word' id='word_1_753' title='bbox 567 5775 588 5794; x_wconf 83' lang='lat'><strong>.</strong></span> <span class='ocrx_word' id='word_1_754' title='bbox 628 5747 716 5795; x_wconf 79' lang='lat' dir='ltr'><strong>aut</strong></span> <span class='ocrx_word' id='word_1_755' title='bbox 744 5738 1002 5814; x_wconf 79' lang='lat' dir='ltr'><strong>quispiam</strong></span> <span class='ocrx_word' id='word_1_756' title='bbox 1046 5735 1210 5791; x_wconf 86' lang='lat' dir='ltr'><strong>Fauni</strong></span> <span class='ocrx_word' id='word_1_757' title='bbox 1250 5737 1406 5804; x_wconf 88' lang='lat' dir='ltr'><strong>lilius,</strong></span> <span class='ocrx_word' id='word_1_758' title='bbox 1448 5739 1608 5793; x_wconf 80' lang='lat' dir='ltr'><strong>Italia:</strong></span> <span class='ocrx_word' id='word_1_759' title='bbox 1648 5735 1762 5802; x_wconf 77' lang='lat' dir='ltr'><strong>rex,</strong></span> <span class='ocrx_word' id='word_1_760' title='bbox 1793 5739 2194 5797; x_wconf 79' lang='lat' dir='ltr'><strong>stereorationis</strong></span> <span class='ocrx_word' id='word_1_761' title='bbox 2307 5738 2388 5778; x_wconf 55' lang='lat' dir='ltr'><strong>-’&quot;e</strong></span> 
     </span>
    </p>
   </div>
   <div class='ocr_carea' id='block_1_126' title="bbox 2229 4473 3887 4548">
    <p class='ocr_par' dir='ltr' id='par_1_126' title="bbox 2229 4473 3887 4548">
     <span class='ocr_line' id='line_1_130' title="bbox 2229 4473 3887 4548; baseline -0.001 -17"><span class='ocrx_word' id='word_1_762' title='bbox 2229 4489 2284 4548; x_wconf 73' lang='grc' dir='ltr'><strong>ι)</strong></span> <span class='ocrx_word' id='word_1_763' title='bbox 2310 4476 2499 4542; x_wconf 82' lang='lat' dir='ltr'><strong>Iulius,</strong></span> <span class='ocrx_word' id='word_1_764' title='bbox 2531 4497 2562 4530; x_wconf 87' lang='lat' dir='ltr'><strong>a</strong></span> <span class='ocrx_word' id='word_1_765' title='bbox 2586 4494 2770 4546; x_wconf 76' lang='lat' dir='ltr'><strong>ntagno</strong></span> <span class='ocrx_word' id='word_1_766' title='bbox 2791 4479 3061 4534; x_wconf 83' lang='lat' dir='ltr'><strong>demissum</strong></span> <span class='ocrx_word' id='word_1_767' title='bbox 3088 4493 3269 4532; x_wconf 74' lang='lat' dir='ltr'><strong>nomen</strong></span> <span class='ocrx_word' id='word_1_768' title='bbox 3289 4473 3432 4530; x_wconf 81' lang='lat' dir='ltr'><strong>Iulo.</strong></span> <span class='ocrx_word' id='word_1_769' title='bbox 3463 4475 3662 4534; x_wconf 84' lang='lat' dir='ltr'><strong>\Vidtn.</strong></span> <span class='ocrx_word' id='word_1_770' title='bbox 3698 4493 3887 4548; x_wconf 81' lang='lat' dir='ltr'><strong>supra,</strong></span> 
     </span>
    </p>
   </div>
   <div class='ocr_carea' id='block_1_127' title="bbox 2307 4549 2854 4616">
    <p class='ocr_par' dir='ltr' id='par_1_127' title="bbox 2307 4549 2854 4616">
     <span class='ocr_line' id='line_1_131' title="bbox 2307 4549 2854 4616; baseline 0 -14"><span class='ocrx_word' id='word_1_771' title='bbox 2307 4551 2481 4602; x_wconf 79' lang='lat' dir='ltr'><strong>ciuitas</strong></span> <span class='ocrx_word' id='word_1_772' title='bbox 2511 4564 2606 4616; x_wconf 86' lang='lat' dir='ltr'><strong>pro</strong></span> <span class='ocrx_word' id='word_1_773' title='bbox 2636 4549 2854 4602; x_wconf 76' lang='lat' dir='ltr'><strong>ca&#39;citrts.</strong></span> 
     </span>
    </p>
   </div>
   <div class='ocr_carea' id='block_1_128' title="bbox 2376 4615 3403 4685">
    <p class='ocr_par' dir='ltr' id='par_1_128' title="bbox 2376 4615 3403 4685">
     <span class='ocr_line' id='line_1_132' title="bbox 2376 4615 3403 4685; baseline -0.001 -13"><span class='ocrx_word' id='word_1_774' title='bbox 2376 4615 2606 4672; x_wconf 18' lang='lat' dir='ltr'><strong>460.7lle</strong></span> <span class='ocrx_word' id='word_1_775' title='bbox 2635 4618 2715 4670; x_wconf 89' lang='lat' dir='ltr'><strong>his</strong></span> <span class='ocrx_word' id='word_1_776' title='bbox 2737 4617 2978 4672; x_wconf 84' lang='lat' dir='ltr'><strong>versibus</strong></span> <span class='ocrx_word' id='word_1_777' title='bbox 3005 4616 3089 4685; x_wconf 81' lang='lat' dir='ltr'><strong>egi</strong></span> <span class='ocrx_word' id='word_1_778' title='bbox 3112 4618 3164 4672; x_wconf 89' lang='lat' dir='ltr'><strong>in</strong></span> <span class='ocrx_word' id='word_1_779' title='bbox 3194 4615 3403 4682; x_wconf 73' lang='lat' dir='ltr'><strong>Prnlog.</strong></span> 
     </span>
    </p>
   </div>
   <div class='ocr_carea' id='block_1_129' title="bbox 2377 4686 3893 4755">
    <p class='ocr_par' dir='ltr' id='par_1_129' title="bbox 2377 4686 3893 4755">
     <span class='ocr_line' id='line_1_133' title="bbox 2377 4686 3893 4755; baseline -0.001 -14"><span class='ocrx_word' id='word_1_780' title='bbox 2377 4693 2500 4742; x_wconf 70' lang='grc'><strong>465.</strong></span> <span class='ocrx_word' id='word_1_781' title='bbox 2529 4691 2652 4742; x_wconf 80' lang='lat' dir='ltr'><strong>S.ve</strong></span> <span class='ocrx_word' id='word_1_782' title='bbox 2683 4691 2876 4755; x_wconf 81' lang='lat' dir='ltr'><strong>primus</strong></span> <span class='ocrx_word' id='word_1_783' title='bbox 2901 4691 3122 4755; x_wconf 78' lang='lat' dir='ltr'><strong>legatur,</strong></span> <span class='ocrx_word' id='word_1_784' title='bbox 3153 4688 3265 4741; x_wconf 83' lang='lat' dir='ltr'><strong>sive</strong></span> <span class='ocrx_word' id='word_1_785' title='bbox 3292 4689 3544 4754; x_wconf 81' lang='lat' dir='ltr'><strong>primam,</strong></span> <span class='ocrx_word' id='word_1_786' title='bbox 3575 4686 3779 4742; x_wconf 78' lang='lat' dir='ltr'><strong>eadem</strong></span> <span class='ocrx_word' id='word_1_787' title='bbox 3812 4697 3893 4741; x_wconf 78' lang='lat' dir='ltr'><strong>est</strong></span> 
     </span>
    </p>
   </div>
   <div class='ocr_carea' id='block_1_130' title="bbox 2307 4755 3895 4825">
    <p class='ocr_par' dir='ltr' id='par_1_130' title="bbox 2307 4755 3895 4825">
     <span class='ocr_line' id='line_1_134' title="bbox 2307 4755 3895 4825; baseline 0.001 -16"><span class='ocrx_word' id='word_1_788' title='bbox 2307 4758 2568 4812; x_wconf 75' lang='lat' dir='ltr'><strong>sententia</strong></span> <span class='ocrx_word' id='word_1_789' title='bbox 2596 4759 2662 4809; x_wconf 88' lang='lat' dir='ltr'><strong>de</strong></span> <span class='ocrx_word' id='word_1_790' title='bbox 2694 4757 2990 4824; x_wconf 80' lang='lat' dir='ltr'><strong>principatu</strong></span> <span class='ocrx_word' id='word_1_791' title='bbox 3020 4757 3163 4812; x_wconf 82' lang='lat' dir='ltr'><strong>Petri</strong></span> <span class='ocrx_word' id='word_1_792' title='bbox 3194 4755 3440 4824; x_wconf 73' lang='lat' dir='ltr'><strong>apustuli.</strong></span> <span class='ocrx_word' id='word_1_793' title='bbox 3465 4768 3672 4825; x_wconf 59' lang='lat' dir='ltr'><strong>reiecto</strong></span> <span class='ocrx_word' id='word_1_794' title='bbox 3703 4773 3895 4811; x_wconf 80' lang='lat' dir='ltr'><strong>errore</strong></span> 
     </span>
    </p>
   </div>
   <div class='ocr_carea' id='block_1_131' title="bbox 2306 4825 3896 4895">
    <p class='ocr_par' dir='ltr' id='par_1_131' title="bbox 2306 4825 3896 4895">
     <span class='ocr_line' id='line_1_135' title="bbox 2306 4825 3896 4895; baseline 0 -13"><span class='ocrx_word' id='word_1_795' title='bbox 2306 4828 2560 4882; x_wconf 70' lang='lat' dir='ltr'><strong>Ecclesiae</strong></span> <span class='ocrx_word' id='word_1_796' title='bbox 2593 4828 2839 4895; x_wconf 80' lang='lat' dir='ltr'><strong>bicipilis.</strong></span> <span class='ocrx_word' id='word_1_797' title='bbox 2875 4825 2967 4881; x_wconf 71' lang='lat' dir='ltr'><strong>lla:</strong></span> <span class='ocrx_word' id='word_1_798' title='bbox 2993 4842 3120 4884; x_wconf 87' lang='lat' dir='ltr'><strong>vero</strong></span> <span class='ocrx_word' id='word_1_799' title='bbox 3140 4837 3264 4880; x_wconf 90' lang='lat' dir='ltr'><strong>sunt</strong></span> <span class='ocrx_word' id='word_1_800' title='bbox 3290 4826 3534 4880; x_wconf 79' lang='lat' dir='ltr'><strong>lectionis</strong></span> <span class='ocrx_word' id='word_1_801' title='bbox 3573 4828 3896 4882; x_wconf 84' lang='lat' dir='ltr'><strong>varietates.</strong></span> 
     </span>
    </p>
   </div>
   <div class='ocr_carea' id='block_1_132' title="bbox 2303 4897 3899 4963">
    <p class='ocr_par' dir='ltr' id='par_1_132' title="bbox 2303 4897 3899 4963">
     <span class='ocr_line' id='line_1_136' title="bbox 2303 4897 3899 4963; baseline -0.002 -12"><span class='ocrx_word' id='word_1_802' title='bbox 2303 4899 2453 4960; x_wconf 80' lang='lat' dir='ltr'><strong>Ald..</strong></span> <span class='ocrx_word' id='word_1_803' title='bbox 2505 4897 2701 4951; x_wconf 83' lang='lat' dir='ltr'><strong>Widnt.</strong></span> <span class='ocrx_word' id='word_1_804' title='bbox 2747 4912 2910 4963; x_wconf 72' lang='lat' dir='ltr'><strong>supra</strong></span> <span class='ocrx_word' id='word_1_805' title='bbox 2962 4899 3114 4962; x_wconf 78' lang='lat' dir='ltr'><strong>I’nt.,</strong></span> <span class='ocrx_word' id='word_1_806' title='bbox 3164 4897 3402 4962; x_wconf 86' lang='lat' dir='ltr'><strong>Thuan.,</strong></span> <span class='ocrx_word' id='word_1_807' title='bbox 3452 4898 3655 4959; x_wconf 71' lang='lat'><strong>0:09.,</strong></span> <span class='ocrx_word' id='word_1_808' title='bbox 3722 4899 3899 4960; x_wconf 83' lang='lat' dir='ltr'><strong>Rntt.,</strong></span> 
     </span>
    </p>
   </div>
   <div class='ocr_carea' id='block_1_133' title="bbox 2305 4966 3901 5034">
    <p class='ocr_par' dir='ltr' id='par_1_133' title="bbox 2305 4966 3901 5034">
     <span class='ocr_line' id='line_1_137' title="bbox 2305 4966 3901 5034; baseline 0.001 -13"><span class='ocrx_word' id='word_1_809' title='bbox 2305 4967 2512 5031; x_wconf 58' lang='lat' dir='ltr'><strong>Nurus,</strong></span> <span class='ocrx_word' id='word_1_810' title='bbox 2555 4967 2667 5020; x_wconf 80' lang='lat' dir='ltr'><strong>Gis.</strong></span> <span class='ocrx_word' id='word_1_811' title='bbox 2698 4968 2751 5019; x_wconf 91' lang='lat' dir='ltr'><strong>in</strong></span> <span class='ocrx_word' id='word_1_812' title='bbox 2804 4976 2970 5032; x_wconf 78' lang='lat' dir='ltr'><strong>textu,</strong></span> <span class='ocrx_word' id='word_1_813' title='bbox 3001 4966 3184 5032; x_wconf 73' lang='lat' dir='ltr'><strong>Fabr.,</strong></span> <span class='ocrx_word' id='word_1_814' title='bbox 3233 4968 3354 5020; x_wconf 85' lang='lat' dir='ltr'><strong>Rat.</strong></span> <span class='ocrx_word' id='word_1_815' title='bbox 3400 4981 3429 5018; x_wconf 88' lang='lat' dir='ltr'><strong>a</strong></span> <span class='ocrx_word' id='word_1_816' title='bbox 3473 4967 3643 5033; x_wconf 86' lang='lat' dir='ltr'><strong>prima</strong></span> <span class='ocrx_word' id='word_1_817' title='bbox 3705 4984 3901 5034; x_wconf 82' lang='lat' dir='ltr'><strong>tuauu,</strong></span> 
     </span>
    </p>
   </div>
   <div class='ocr_carea' id='block_1_134' title="bbox 2304 5036 3902 5104">
    <p class='ocr_par' dir='ltr' id='par_1_134' title="bbox 2304 5036 3902 5104">
     <span class='ocr_line' id='line_1_138' title="bbox 2304 5036 3902 5104; baseline 0.001 -14"><span class='ocrx_word' id='word_1_818' title='bbox 2304 5037 2422 5090; x_wconf 88' lang='lat' dir='ltr'><strong>Vat.</strong></span> <span class='ocrx_word' id='word_1_819' title='bbox 2453 5038 2489 5089; x_wconf 79' lang='lat' dir='ltr'><strong>ll</strong></span> <span class='ocrx_word' id='word_1_820' title='bbox 2517 5052 2544 5088; x_wconf 89' lang='lat' dir='ltr'><strong>a</strong></span> <span class='ocrx_word' id='word_1_821' title='bbox 2575 5037 2807 5090; x_wconf 83' lang='lat' dir='ltr'><strong>secunda</strong></span> <span class='ocrx_word' id='word_1_822' title='bbox 2832 5052 3013 5101; x_wconf 82' lang='lat' dir='ltr'><strong>manu,</strong></span> <span class='ocrx_word' id='word_1_823' title='bbox 3043 5036 3171 5090; x_wconf 88' lang='lat' dir='ltr'><strong>Mar.</strong></span> <span class='ocrx_word' id='word_1_824' title='bbox 3202 5052 3232 5090; x_wconf 89' lang='lat' dir='ltr'><strong>a</strong></span> <span class='ocrx_word' id='word_1_825' title='bbox 3257 5036 3427 5104; x_wconf 83' lang='lat' dir='ltr'><strong>prima</strong></span> <span class='ocrx_word' id='word_1_826' title='bbox 3458 5052 3640 5101; x_wconf 86' lang='lat' dir='ltr'><strong>manu,</strong></span> <span class='ocrx_word' id='word_1_827' title='bbox 3661 5048 3728 5092; x_wconf 82' lang='lat' dir='ltr'><strong>et</strong></span> <span class='ocrx_word' id='word_1_828' title='bbox 3757 5043 3902 5093; x_wconf 83' lang='lat' dir='ltr'><strong>clare</strong></span> 
     </span>
    </p>
   </div>
   <div class='ocr_carea' id='block_1_135' title="bbox 2303 5105 3904 5174">
    <p class='ocr_par' dir='ltr' id='par_1_135' title="bbox 2303 5105 3904 5174">
     <span class='ocr_line' id='line_1_139' title="bbox 2303 5105 3904 5174; baseline 0.003 -16"><span class='ocrx_word' id='word_1_829' title='bbox 2303 5106 2368 5159; x_wconf 85' lang='lat' dir='ltr'><strong>ad</strong></span> <span class='ocrx_word' id='word_1_830' title='bbox 2401 5109 2715 5174; x_wconf 83' lang='lat' dir='ltr'><strong>marginem,</strong></span> <span class='ocrx_word' id='word_1_831' title='bbox 2745 5107 2984 5173; x_wconf 83' lang='lat' dir='ltr'><strong>primam.</strong></span> <span class='ocrx_word' id='word_1_832' title='bbox 3019 5105 3234 5170; x_wconf 79' lang='lat' dir='ltr'><strong>Weitz.,</strong></span> <span class='ocrx_word' id='word_1_833' title='bbox 3258 5107 3428 5159; x_wconf 75' lang='lat' dir='ltr'><strong>codex</strong></span> <span class='ocrx_word' id='word_1_834' title='bbox 3458 5106 3741 5170; x_wconf 82' lang='lat' dir='ltr'><strong>Bollaml.,</strong></span> <span class='ocrx_word' id='word_1_835' title='bbox 3791 5119 3904 5163; x_wconf 82' lang='lat' dir='ltr'><strong>tres</strong></span> 
     </span>
    </p>
   </div>
   <div class='ocr_carea' id='block_1_136' title="bbox 2303 5176 3903 5248">
    <p class='ocr_par' dir='ltr' id='par_1_136' title="bbox 2303 5176 3903 5248">
     <span class='ocr_line' id='line_1_140' title="bbox 2303 5176 3903 5248; baseline 0.001 -19"><span class='ocrx_word' id='word_1_836' title='bbox 2303 5177 2458 5248; x_wconf 71' lang='lat' dir='ltr'><strong>&#39;_l‘or_t&#39;.</strong></span> <span class='ocrx_word' id='word_1_837' title='bbox 2481 5176 2812 5248; x_wconf 79' lang='lat' dir='ltr'><strong>Alt.,Palat.,</strong></span> <span class='ocrx_word' id='word_1_838' title='bbox 2836 5176 3086 5248; x_wconf 80' lang='lat' dir='ltr'><strong>llailsbr.,</strong></span> <span class='ocrx_word' id='word_1_839' title='bbox 3110 5176 3445 5248; x_wconf 70' lang='lat' dir='ltr'><strong>Parrhasius,</strong></span> <span class='ocrx_word' id='word_1_840' title='bbox 3465 5177 3639 5237; x_wconf 87' lang='lat' dir='ltr'><strong>Sich.,</strong></span> <span class='ocrx_word' id='word_1_841' title='bbox 3667 5181 3903 5248; x_wconf 70' lang='lat' dir='ltr'><strong>primus.</strong></span> 
     </span>
    </p>
   </div>
   <div class='ocr_carea' id='block_1_137' title="bbox 2303 5245 3909 5314">
    <p class='ocr_par' dir='ltr' id='par_1_137' title="bbox 2303 5245 3909 5314">
     <span class='ocr_line' id='line_1_141' title="bbox 2303 5245 3909 5314; baseline 0.002 -14"><span class='ocrx_word' id='word_1_842' title='bbox 2303 5246 2362 5300; x_wconf 83' lang='lat' dir='ltr'><strong>In</strong></span> <span class='ocrx_word' id='word_1_843' title='bbox 2390 5245 2575 5299; x_wconf 85' lang='lat' dir='ltr'><strong>Ambr.</strong></span> <span class='ocrx_word' id='word_1_844' title='bbox 2624 5246 2831 5300; x_wconf 85' lang='lat' dir='ltr'><strong>videtur</strong></span> <span class='ocrx_word' id='word_1_845' title='bbox 2855 5262 2978 5300; x_wconf 83' lang='lat' dir='ltr'><strong>esse</strong></span> <span class='ocrx_word' id='word_1_846' title='bbox 3008 5247 3219 5314; x_wconf 80' lang='lat' dir='ltr'><strong>primas,</strong></span> <span class='ocrx_word' id='word_1_847' title='bbox 3252 5257 3307 5299; x_wconf 85' lang='lat' dir='ltr'><strong>et</strong></span> <span class='ocrx_word' id='word_1_848' title='bbox 3331 5247 3380 5298; x_wconf 89' lang='lat' dir='ltr'><strong>iu</strong></span> <span class='ocrx_word' id='word_1_849' title='bbox 3404 5249 3594 5300; x_wconf 79' lang='lat' dir='ltr'><strong>eodem</strong></span> <span class='ocrx_word' id='word_1_850' title='bbox 3635 5245 3909 5303; x_wconf 66' lang='lat' dir='ltr'><strong>creditus.</strong></span> 
     </span>
    </p>
   </div>
   <div class='ocr_carea' id='block_1_138' title="bbox 2371 5315 3911 5380">
    <p class='ocr_par' dir='ltr' id='par_1_138' title="bbox 2371 5315 3911 5380">
     <span class='ocr_line' id='line_1_142' title="bbox 2371 5315 3911 5380; baseline 0.003 -12"><span class='ocrx_word' id='word_1_851' title='bbox 2371 5315 2494 5370; x_wconf 75' lang='grc'><strong>465.</strong></span> <span class='ocrx_word' id='word_1_852' title='bbox 2548 5317 2828 5378; x_wconf 85' lang='lat' dir='ltr'><strong>Baronins,</strong></span> <span class='ocrx_word' id='word_1_853' title='bbox 2872 5325 3002 5369; x_wconf 88' lang='lat' dir='ltr'><strong>tom.</strong></span> <span class='ocrx_word' id='word_1_854' title='bbox 3051 5317 3294 5370; x_wconf 81' lang='lat' dir='ltr'><strong>lAnnal.</strong></span> <span class='ocrx_word' id='word_1_855' title='bbox 3326 5316 3394 5368; x_wconf 80' lang='lat' dir='ltr'><strong>ad</strong></span> <span class='ocrx_word' id='word_1_856' title='bbox 3424 5331 3618 5368; x_wconf 73' lang='lat' dir='ltr'><strong>asinum</strong></span> <span class='ocrx_word' id='word_1_857' title='bbox 3667 5319 3775 5380; x_wconf 82' lang='lat'><strong>69,</strong></span> <span class='ocrx_word' id='word_1_858' title='bbox 3827 5325 3911 5373; x_wconf 80' lang='lat' dir='ltr'><strong>his</strong></span> 
     </span>
    </p>
   </div>
   <div class='ocr_carea' id='block_1_139' title="bbox 2304 5385 3914 5455">
    <p class='ocr_par' dir='ltr' id='par_1_139' title="bbox 2304 5385 3914 5455">
     <span class='ocr_line' id='line_1_143' title="bbox 2304 5385 3914 5455; baseline 0.002 -16"><span class='ocrx_word' id='word_1_859' title='bbox 2304 5385 2624 5440; x_wconf 84' lang='lat' dir='ltr'><strong>Prudentius</strong></span> <span class='ocrx_word' id='word_1_860' title='bbox 2697 5387 2942 5439; x_wconf 82' lang='lat' dir='ltr'><strong>versibus</strong></span> <span class='ocrx_word' id='word_1_861' title='bbox 2992 5386 3060 5441; x_wconf 84' lang='lat' dir='ltr'><strong>de</strong></span> <span class='ocrx_word' id='word_1_862' title='bbox 3099 5387 3372 5455; x_wconf 78' lang='lat' dir='ltr'><strong>religionis</strong></span> <span class='ocrx_word' id='word_1_863' title='bbox 3413 5387 3464 5437; x_wconf 86' lang='lat' dir='ltr'><strong>in</strong></span> <span class='ocrx_word' id='word_1_864' title='bbox 3493 5387 3699 5440; x_wconf 81' lang='lat' dir='ltr'><strong>melius</strong></span> <span class='ocrx_word' id='word_1_865' title='bbox 3727 5403 3914 5442; x_wconf 80' lang='lat' dir='ltr'><strong>Inula-</strong></span> 
     </span>
    </p>
   </div>
   <div class='ocr_carea' id='block_1_140' title="bbox 2306 5455 3914 5525">
    <p class='ocr_par' dir='ltr' id='par_1_140' title="bbox 2306 5455 3914 5525">
     <span class='ocr_line' id='line_1_144' title="bbox 2306 5455 3914 5525; baseline 0.004 -17"><span class='ocrx_word' id='word_1_866' title='bbox 2306 5459 2448 5509; x_wconf 91' lang='lat' dir='ltr'><strong>tione</strong></span> <span class='ocrx_word' id='word_1_867' title='bbox 2468 5457 2694 5523; x_wconf 75' lang='lat' dir='ltr'><strong>explicat</strong></span> <span class='ocrx_word' id='word_1_868' title='bbox 2719 5456 2959 5522; x_wconf 76' lang='lat' dir='ltr'><strong>quaedam</strong></span> <span class='ocrx_word' id='word_1_869' title='bbox 2986 5457 3197 5510; x_wconf 74' lang='lat' dir='ltr'><strong>oracala</strong></span> <span class='ocrx_word' id='word_1_870' title='bbox 3224 5468 3276 5511; x_wconf 88' lang='lat' dir='ltr'><strong>et</strong></span> <span class='ocrx_word' id='word_1_871' title='bbox 3307 5455 3542 5524; x_wconf 79' lang='lat' dir='ltr'><strong>prodigia</strong></span> <span class='ocrx_word' id='word_1_872' title='bbox 3570 5472 3707 5525; x_wconf 74' lang='lat' dir='ltr'><strong>qua:</strong></span> <span class='ocrx_word' id='word_1_873' title='bbox 3742 5463 3914 5515; x_wconf 84' lang='lat' dir='ltr'><strong>linem</strong></span> 
     </span>
    </p>
   </div>
   <div class='ocr_carea' id='block_1_141' title="bbox 2303 5525 3497 5594">
    <p class='ocr_par' dir='ltr' id='par_1_141' title="bbox 2303 5525 3497 5594">
     <span class='ocr_line' id='line_1_145' title="bbox 2303 5525 3497 5594; baseline 0 -18"><span class='ocrx_word' id='word_1_874' title='bbox 2303 5525 2528 5579; x_wconf 87' lang='lat' dir='ltr'><strong>Romani</strong></span> <span class='ocrx_word' id='word_1_875' title='bbox 2553 5525 2760 5593; x_wconf 82' lang='lat' dir='ltr'><strong>imperii</strong></span> <span class='ocrx_word' id='word_1_876' title='bbox 2786 5525 3065 5580; x_wconf 85' lang='lat' dir='ltr'><strong>imminere</strong></span> <span class='ocrx_word' id='word_1_877' title='bbox 3088 5527 3497 5594; x_wconf 77' lang='lat' dir='ltr'><strong>portendebant.</strong></span> 
     </span>
    </p>
   </div>
   <div class='ocr_carea' id='block_1_142' title="bbox 2371 5594 3399 5665">
    <p class='ocr_par' dir='ltr' id='par_1_142' title="bbox 2371 5594 3399 5665">
     <span class='ocr_line' id='line_1_146' title="bbox 2371 5594 3399 5665; baseline 0.001 -18"><span class='ocrx_word' id='word_1_878' title='bbox 2371 5594 2496 5650; x_wconf 85' lang='grc'><strong>466.</strong></span> <span class='ocrx_word' id='word_1_879' title='bbox 2527 5595 2668 5649; x_wconf 79' lang='lat' dir='ltr'><strong>.luno</strong></span> <span class='ocrx_word' id='word_1_880' title='bbox 2695 5596 2842 5648; x_wconf 83' lang='lat' dir='ltr'><strong>Jovis</strong></span> <span class='ocrx_word' id='word_1_881' title='bbox 2861 5604 2908 5648; x_wconf 86' lang='lat' dir='ltr'><strong>et</strong></span> <span class='ocrx_word' id='word_1_882' title='bbox 2929 5611 3094 5660; x_wconf 86' lang='lat' dir='ltr'><strong>soror,</strong></span> <span class='ocrx_word' id='word_1_883' title='bbox 3118 5606 3168 5665; x_wconf 82' lang='lat' dir='ltr'><strong>et</strong></span> <span class='ocrx_word' id='word_1_884' title='bbox 3187 5597 3399 5665; x_wconf 72' lang='lat' dir='ltr'><strong>conjux.</strong></span> 
     </span>
    </p>
   </div>
   <div class='ocr_carea' id='block_1_143' title="bbox 2371 5664 3916 5737">
    <p class='ocr_par' dir='ltr' id='par_1_143' title="bbox 2371 5664 3916 5737">
     <span class='ocr_line' id='line_1_147' title="bbox 2371 5664 3916 5737; baseline 0.004 -18"><span class='ocrx_word' id='word_1_885' title='bbox 2371 5668 2497 5719; x_wconf 70' lang='grc'><strong>468.</strong></span> <span class='ocrx_word' id='word_1_886' title='bbox 2527 5665 2698 5736; x_wconf 83' lang='lat' dir='ltr'><strong>Aliqui</strong></span> <span class='ocrx_word' id='word_1_887' title='bbox 2737 5666 3119 5737; x_wconf 86' lang='lat' dir='ltr'><strong>interpungunt</strong></span> <span class='ocrx_word' id='word_1_888' title='bbox 3147 5664 3452 5734; x_wconf 74' lang='lat' dir='ltr'><strong>Plebeiaque</strong></span> <span class='ocrx_word' id='word_1_889' title='bbox 3487 5667 3605 5735; x_wconf 80' lang='lat' dir='ltr'><strong>jam</strong></span> <span class='ocrx_word' id='word_1_890' title='bbox 3649 5666 3916 5725; x_wconf 77' lang='lat' dir='ltr'><strong>Christi:</strong></span> 
     </span>
    </p>
   </div>
  </div>
