4024 6292
251 385 351 442 357

429 498 544 550 t‘eu
577 504 769 564 lti‘t‘SlO
795 508 1012 564 semper
1044 492 1238 557 adsies,

1407 376 1982 438 PERISTEPIIANON
2031 379 2241 437 HYMN.
2283 382 2345 438 ll.

1877 499 1935 561 Α
1958 495 2066 553 570

2212 498 2460 571 Tuosque
2490 501 2734 558 alumnos
2763 505 2973 562 urbicos

1541 671 1829 732 GLOSSIE
1872 673 2212 733 VETERES.

321 846 451 903 569.
485 844 699 909 Adsies,
729 858 822 914 pro
851 841 1012 908 adsis,
1041 841 1083 897 l.

2019 838 2142 896 570.
2178 838 2456 910 Alumnos,
2489 841 2646 911 ﬁlios,
2681 843 2720 899 l.

1615 974 2177 1035 COMMENTARIUS.

254 1139 457 1197 Scilicet
487 1141 773 1208 impetrant
797 1137 938 1207 quod
975 1145 1222 1208 poscunt.
1248 1136 1456 1208 vaga,
1493 1134 1628 1202 Alt.,
1660 1135 1842 1204 Egm.,

256 1211 449 1276 Palat.,
486 1205 744 1276 laetantur,
785 1205 990 1265 contra'
1018 1217 1270 1263 metrum.
1305 1205 1532 1278 Widm.,
1567 1208 1843 1278 jocanter;

255 1296 434 1352 supra,
466 1283 723 1337 laetantur.
755 1280 1012 1345 Hailsbr.,
1039 1279 1271 1343 latenter,
1308 1277 1452 1352 quod
1475 1277 1608 1352 _uoub
1632 1287 1713 1333 est
1743 1277 1840 1332 ab-

256 1348 504 1419 surdum,
537 1362 595 1408 ut
633 1366 906 1407 murmura
936 1361 989 1405 et
1019 1358 1140 1405 vota
1171 1350 1376 1404 occulta
1401 1348 1730 1413 iudicentur;
1753 1363 1839 1404 su-

258 1437 348 1492 pra
378 1425 634 1479 lcetanter.
663 1421 922 1478 Weitzius
968 1419 1182 1489 scripsit
1221 1420 1442 1492 Alicenter
1474 1434 1539 1474 ex
1571 1419 1834 1492 Fabricio,

256 1490 342 1564 qui
371 1494 535 1549 habet
561 1494 794 1558 liceatur,
822 1492 964 1563 quod
989 1493 1188 1564 pariter
1207 1490 1474 1546 Giselinus
1505 1505 1603 1564 pro
1626 1491 1838 1564 di_v_ersa

256 1560 520 1633 scriptura
550 1565 772 1634 margini
797 1560 1058 1632 apposuit.
1086 1562 1338 1634 Heinsius
1371 1560 1572 1630 putavit
1601 1577 1630 1616 a
1659 1561 1833 1634 Weit-

256 1637 336 1691 zio
361 1636 584 1706 allegari
627 1635 863 1691 codicem
915 1633 1257 1706 Fuldeusem,
1300 1633 1556 1706 deceptus
1602 1640 1725 1706 uota
1771 1633 1832 1700 F,

257 1721 368 1776 quae
397 1703 493 1762 me
515 1708 678 1762 etiam
709 1707 874 1761 semel
903 1713 994 1759 aut
1020 1704 1114 1776 bis,
1128 1705 1338 1772 decepit
1367 1704 1421 1758 in
1467 1703 1665 1776 primis
1679 1703 1836 1776 hym-

257 1773 334 1830 nis
363 1778 486 1832 libri
519 1776 965 1832 Cathemerinmu.
1015 1775 1120 1830 Sed
1149 1784 1355 1830 certum
1393 1783 1475 1830 est
1525 1775 1624 1828 hac
1656 1773 1832 1829 littera

258 1847 555 1903 Fabricium
586 1864 614 1904 a
645 1847 876 1902 Weitzio
913 1846 1134 1901 indicari
1165 1864 1176 1898 :
1209 1861 1329 1900 nam
1360 1843 1613 1899 Euldensi
1643 1845 1830 1901 codice

259 1919 425 1991 solum
484 1920 536 1974 in
571 1917 985 1991 Psychomachia
1022 1931 1166 1991 usus
1195 1926 1278 1991 e_s_t
1321 1915 1829 1991 Weitzius;__quem_

261 1990 494 2044 codicem
539 1987 675 2044 solet
701 1990 971 2058 appellare
1012 1987 1172 2041 Fuld.
1205 1987 1595 2058 Chamillardus
1621 1987 1832 2042 Weitzii

258 2061 612 2129 conjecturam
647 2056 872 2115 ﬁdenter
913 2068 1128 2115 secutus
1158 2067 1276 2114 est:
1320 2057 1436 2129 Nec
1467 2056 1701 2129 litantur,
1745 2074 1835 2112 nec

257 2127 488 2216 iocantur
516 2132 782 2213 legendum
807 2147 931 2213 esse,
953 2131 1068 2201 quis
1095 2145 1195 2183 non
1219 2129 1393 2213 uidet?
1422 2128 1493 2183 Ita
1520 2127 1613 2208 ille
1639 2147 1650 2182 :
1677 2129 1831 2198 cujus
1861 2166 1909 2228 Β

257 2217 483 2254 omnium
533 2202 761 2254 adhaesit.
802 2211 959 2254 etiam
991 2200 1323 2254 Gallaudtus.
1380 2201 1450 2254 At
1497 2211 1540 2252 SI
1589 2215 1618 2253 a
1669 2199 1830 2254 codd.

257 2198 483 2270 opinioni
533 2198 761 2257 adhaesit
802 2198 1323 2257 etiam'Gallaudius.
1380 2201 1450 2254 At
1497 2198 1540 2252 si
1589 2215 1618 2253 a
1669 2200 1767 2254 cod

257 2289 378 2328 mss.
413 2273 536 2329 licet
564 2274 838 2338 recedere,
886 2271 1270 2328 restituendum
1298 2279 1542 2342 putarem
1578 2270 1831 2338 Poscant,

258 2346 397 2398 litant
428 2355 475 2398 et
503 2345 756 2399 indicant.

321 2414 445 2470 569.
487 2416 610 2470 Ald.
646 2415 836 2470 scribit
862 2415 1043 2480 assies,
1067 2413 1187 2470 Vat.
1211 2413 1276 2477 Α,
1305 2413 1498 2478 adsias,
1530 2413 1617 2468 alii
1641 2413 1831 2481 adsies,

257 2487 385 2554 quod
420 2501 515 2555 pro
539 2487 676 2540 adsis
695 2501 725 2540 a
756 2484 1012 2541 Terentio
1038 2486 1200 2541 etiam
1230 2484 1462 2556 positum
1487 2495 1589 2539 est.
1618 2484 1720 2538 Pro
1740 2499 1832 2538 ceu

260 2559 494 2624 suspicor
523 2567 574 2608 tn
607 2565 811 2623 priesto.

322 2629 444 2682 570.
485 2627 635 2682 Sicut
667 2629 831 2682 Itonia
861 2626 1285 2682 autonomastice
1334 2624 1466 2681 Urbs
1507 2625 1722 2692 dicitur,
1759 2626 1830 2681 ita

262 2697 475 2753 Romani
513 2697 708 2754 Urbici.
732 2699 904 2755 Simili
946 2697 1104 2752 modo
1130 2696 1444 2752 Ambrosius
1488 2697 1541 2751 iu
1573 2697 1730 2766 epist.
1762 2696 1830 2752 ad

260 2768 680 2824 Valentinianum
717 2780 901 2824 contra
932 2768 1307 2838 Symmachum
1325 2767 1627 2822 Urbicorum
1659 2782 1830 2838 sacer-

257 2839 423 2893 dotum
452 2841 742 2910 dispendia,
770 2839 908 2910 quod
944 2837 1011 2893 de
1037 2838 1404 2910 sacerdotibus
1457 2838 1685 2910 ethnicis
1724 2837 1831 2910 Bo-

256 2912 413 2965 mauis
444 2909 1060 2980 intelligitur.Pauliuus
1090 2927 1276 2979 papam
1308 2909 1549 2964 Urbicum
1577 2909 1828 2980 Siricium

256 2984 448 3036 vocavit
477 2997 566 3049 ep.
604 2979 635 3036 1
661 2984 728 3036 ad
771 2983 1047 3036 Severum.
1084 2983 1215 3048 Quia
1248 2995 1374 3035 vero
1414 2979 1668 3034 Romanis
1712 2989 1829 3034 tau-

257 3067 397 3119 quam
431 3062 689 3122 patronus
709 3052 851 3108 favet
872 3051 1213 3117 Laurentius,
1235 3051 1308 3105 illi
1330 3051 1528 3105 alumni
1545 3059 1823 3122 vocantur.

257 3123 336 3177 Sic
365 3125 412 3177 iu
433 3120 888 3188 inscriptionibus
921 3123 1192 3178 veteribus
1225 3123 1488 3190 reperitur
1520 3139 1534 3174 :
1571 3120 1828 3176 Patronus

255 3193 447 3248 alumno
482 3195 672 3262 posuit.
718 3197 943 3250 Sensum
975 3194 1162 3248 horum
1190 3207 1440 3248 versuum
1473 3207 1632 3247 nemo
1678 3192 1828 3262 igno-

256 3275 402 3331 raret,
444 3261 546 3319 nisi
605 3266 779 3320 studio
812 3266 1036 3332 partium
1082 3265 1434 3330 abriperetur.
1492 3261 1590 3329 Tu,
1625 3279 1655 3316 ο
1684 3261 1826 3316 Lau-

255 3341 409 3400 renti,
438 3336 737 3404 complexus
777 3337 996 3390 lactante
1023 3336 1138 3389 sinu
1182 3335 1460 3398 Romanos,
1490 3333 1579 3402 qui
1605 3334 1680 3387 tui
1710 3343 1826 3387 sunt

254 3407 458 3473 alumni,
496 3424 581 3460 eos
611 3417 849 3476 tanquam
882 3416 1040 3475 pater,
1086 3407 1188 3460 sive
1223 3421 1394 3458 amore
1417 3413 1624 3476 paterno
1665 3406 1823 3476 nutri.

254 3476 367 3544 Quis
393 3489 580 3533 contra
611 3475 816 3534 hiscer‘e
844 3477 1018 3532 ausit?
1039 3477 1374 3545 Atquoniam
1404 3475 1466 3530 ea
1492 3490 1631 3530 nunc
1659 3475 1824 3529 libido

1956 1137 2291 1228 goilandiani
2318 1140 2668 1228 Prudentium
2698 1142 2952 1228 iiispabis
2989 1147 3533 1228 adiudicarent._Breg

1951 1209 2089 1265 viter
2113 1225 2256 1267 nunc
2307 1213 2543 1270 rationes
2592 1209 2888 1272 doetissimi
2943 1228 2999 1274 et
3049 1209 3397 1276 laudatissimi
3428 1224 3528 1279 viri

1949 1280 2490 1360 Perezii_de__Bayer,
2532 1284 2869 1360 bibliotheca:
2903 1289 3068 1360 iHisp.
3106 1305 3218 1359 reg.
3269 1293 3527 1360 praefecti,

1946 1362 2132 1425 contra
2160 1353 2403 1410 Teolium
2431 1369 2719 1425 exponam.
2768 1359 2856 1413 Ait
2899 1353 3148 1416 Perezius
3168 1353 3530 1419 Prudentium
3563 1388 3567 1393 -

1947 1423 2180 1511 solitum
2215 1438 2320 1511 non
2367 1441 2488 1511 esse
2507 1423 2810 1511 martyrum
2844 1431 3074 1511 patriam
3117 1431 3419 1511 designare.
3467 1435 3532 1511 id

1949 1495 2415 1570 verissimumest,
2446 1511 2510 1553 ac
2544 1495 2742 1570 clarius
2780 1495 3112 1570 intelligitur,
3153 1503 3199 1557 si
3232 1495 3423 1560 idonea
3450 1505 3527 1559 di-

1945 1565 2162 1620 stinctio
2187 1567 2504 1642 adhibeatur
2529 1578 2582 1624 et
2611 1569 2925 1638 explicetur.
2953 1565 3236 1642 Utduplex
3263 1585 3350 1629 est
3378 1589 3524 1630 mar-

1945 1643 2122 1706 tyrum
2164 1638 2356 1710 natalis
2383 1680 2398 1705 ,
2427 1640 2588 1710 ialter
2632 1655 2739 1710 quo
2787 1643 2946 1697 terris
2978 1684 2994 1708 ,
3047 1638 3182 1698 alter
3231 1661 3358 1710 quo
3387 1645 3526 1700 ctelo

1943 1715 2254 1782 nascuntur,
2287 1708 2361 1763 ita
2400 1709 2607 1782 duplex
2626 1708 2733 1782 est,
2759 1713 2924 1779 patria
2975 1713 3098 1769 huic
3132 1708 3330 1782 duplici
3362 1716 3528 1772 natali

1943 1779 2314 1850 respondens,
2365 1780 2528 1837 altera
2584 1781 2674 1837 ubi
2723 1781 2848 1837 huic
2893 1785 3105 1839 mortali
3157 1779 3299 1850 vitae,
3357 1787 3564 1850 altera;

1946 1847 2038 1902 ubi
2078 1861 2293 1906 aeterna
2323 1852 2445 1905 vitae
2485 1861 2795 1908 nascuntur.
2838 1853 3008 1909 Simili
3055 1855 3263 1911 ratione
3288 1847 3428 1911 sicut
3471 1857 3527 1912 in
3557 1847 3596 1903 ῖς

1940 1920 2268 1995 martyribus
2289 1921 2512 1992 aliisque
2545 1923 2742 1978 sanctis
2771 1923 2860 1978 ille
2888 1927 3080 1981 natalis
3106 1927 3374 1995 praecipue
3423 1942 3520 1983 ce-

1939 1988 2192 2056 lebratur,
2228 2007 2332 2060 quo
2361 1988 2526 2048 vitam
2557 2004 2810 2049 aeternam
2839 1988 3120 2051 consecuti
3140 1988 3284 2062 sunt,
3319 1998 3388 2051 ita
3413 2011 3524 2052 non

1943 2069 2048 2137 tam
2076 2077 2262 2116 eorum
2293 2063 2595 2137 patriaqua
2641 2065 2696 2119 in
2719 2065 2856 2120 hanc
2889 2067 3140 2137 miseram
3189 2068 3360 2121 lucem
3395 2082 3521 2137 pro-

1936 2129 2172 2207 dieruut,
2206 2129 2480 2200 praedicari
2512 2129 2670 2207 solet,
2702 2151 2857 2207 quam
2905 2135 3053 2192 locus
3094 2137 3183 2192 ille
3237 2129 3521 2207 (sive'pa-

1944 2203 2098 2277 triam
2117 2204 2342 2277 alteram
2371 2217 2552 2277 voces,
2576 2205 2688 2262 sive
2719 2205 2771 2260 id
2799 2221 2992 2261 nomen
3017 2207 3147 2262 dare
3174 2203 3392 2276 renuas)
3411 2203 3522 2277 quo

1935 2272 2001 2327 ad
2032 2273 2226 2346 coelum
2270 2274 2570 2346 evolarunt,
2603 2283 2656 2330 et
2700 2291 2807 2346 quo
2835 2291 3019 2332 eorum
3069 2278 3278 2332 cineres
3297 2272 3519 2333 conser-

1932 2353 2146 2398 vantur.
2173 2345 2495 2400 Prudentius
2521 2347 2660 2402 hunc
2690 2345 2905 2403 secutus
2935 2357 3016 2403 est
3038 2363 3280 2403 morem:
3334 2349 3519 2404 laudat

1935 2427 2078 2488 sape
2106 2416 2266 2471 urbes
2298 2417 2348 2470 in
2377 2417 2569 2485 quibus
2601 2427 2863 2488 martyres
2909 2419 3148 2473 coronati
3180 2427 3324 2479 sunt,
3377 2427 3430 2474 et
3462 2419 3518 2474 in

1935 2487 2126 2558 quibus
2144 2501 2342 2558 eorum
2361 2501 2482 2541 ossa
2511 2487 2883 2558 requiescunt;
2905 2489 2972 2544 de
2993 2490 3111 2543 loco
3135 2489 3222 2543 ubi
3246 2489 3354 2544 uati
3372 2500 3516 2554 sunt,

1936 2555 1990 2628 in
2022 2557 2293 2628 plerisque
2321 2557 2530 2628 hymnis
2570 2555 2699 2613 nihil
2733 2559 3014 2614 sollicitus.
3065 2558 3197 2614 Vide
3232 2574 3373 2614 vers.
3409 2561 3514 2616 176

1935 2624 2119 2698 hymni
2147 2626 2181 2680 4
2210 2624 2405 2700 Perist.
2424 2698 2435 2700 _
2456 2627 2715 2700 Exemplo
2739 2631 2808 2684 sit
2839 2630 2924 2684 hic
2950 2630 3064 2700 ipse
3100 2629 3331 2694 hymnus
3356 2645 3516 2700 quem

1934 2711 2046 2820 Erae
2075 2699 2320 2753 manibus
2353 2698 2630 2753 habemus.
2672 2699 2946 2767 Nu8quam
2972 2698 3098 2755 dicit
3120 2700 3305 2756 Romae
3335 2698 3518 2757 uatum

1982 2769 2302 2820 aurentium.
2329 2777 2422 2820 aut
2449 2769 2670 2820 Romam
2696 2771 2796 2820 hoc
2820 2771 3035 2820 alumno
3061 2779 3116 2820 et
3133 2771 3376 2820 carmina
3403 2773 3518 2820 nlu-

1982 2769 2431 2840 aurentium,iauti
2449 2769 2670 2825 Romam
2696 2771 2796 2825 hoc
2820 2771 3035 2826 alumno
3061 2779 3116 2830 et
3133 2771 3376 2840 germine
3403 2773 3518 2839 glo-

1931 2837 2060 2894 riari
2093 2853 2272 2906 posse.
2300 2839 2438 2904 Quid
2465 2841 2608 2894 enim
2637 2842 2712 2896 ait
2732 2841 3002 2896 Romanos
3031 2837 3347 2897 celebrare?
3387 2837 3518 2897 Bea-

1932 2915 2015 2962 tus
2042 2907 2193 2963 Urbis
2249 2911 2438 2975 incola,
2485 2909 2587 2974 Qui
2629 2919 2678 2965 te
2728 2928 2792 2964 ac
2842 2921 3044 2965 tuorum
3073 2914 3301 2966 cominus
3329 2912 3518 2968 Sedem

1934 2980 2153 3034 celebrat
2208 2996 2437 3037 ossuum.
2493 2981 2668 3036 Locus
2717 2979 2807 3036 hic
2859 2991 2976 3036 erat
3016 2983 3286 3038 indicandi
3329 2984 3518 3039 Romae

1933 3051 2094 3106 etiam
2127 3050 2788 3123 primamlucemividisse
2817 3052 3183 3108 Laurentium.
3217 3052 3352 3120 Quid
3385 3069 3517 3123 ergo
3607 3109 3621 3123 ,

1931 3129 2016 3176 est
2053 3122 2196 3188 quod
2251 3121 2470 3176 Teolius
2523 3121 2778 3193 afﬁrmat,
2809 3124 2864 3177 in
2916 3123 3183 3193 plerisque
3234 3121 3515 3178 Prudentii

1933 3193 2151 3264 hymnis
2177 3193 2400 3264 patriam
2432 3202 2723 3264 martyrum
2751 3192 2965 3249 disertis
2988 3193 3166 3250 verbis
3195 3194 3376 3263 prodi,
3406 3195 3518 3250 imo

1929 3262 2329 3335 et_'pr:edicari?
2358 3263 2415 3316 In
2437 3262 2612 3331 primo
2632 3265 2828 3335 hymno
2848 3264 2983 3320 adeo
3007 3280 3113 3319 uou
3139 3265 3384 3335 proditur
3413 3280 3508 3334 pa-

1931 3333 2029 3404 tria
2060 3333 2158 3389 SS.
2194 3343 2507 3404 martyrum,
2552 3343 2609 3388 ut
2653 3333 2870 3390 Teolius
2901 3333 3166 3402 putaverit
3208 3350 3302 3390 eos
3347 3333 3515 3390 luisse

1930 3401 2382 3474 Qalagurritanos,
2423 3420 2544 3460 cum
2577 3407 2754 3474 potius
2801 3401 2994 3461 fuerint
3025 3406 3406 3474 Legioueuses.
3457 3407 3516 3461 In

1930 3472 2138 3547 Eulalia
2171 3475 2461 3547 Emeritam
2488 3472 2606 3544 ejus
2635 3478 2860 3547 patriam
2891 3472 3172 3547 praedicari
3203 3476 3355 3531 facile
3379 3491 3515 3532 cou-

255 3539 494 3614 invaluit,
526 3558 582 3602 ut
620 3558 932 3617 argumenta
962 3539 1193 3616 undique
1221 3547 1603 3613 conquirantur
1630 3545 1822 3617 quibus
1847 3539 1895 3605 C
1927 3546 2092 3611 cedo,
2118 3546 2362 3617 quamvis
2390 3539 2923 3602 nonnulli'dubitent'.
2957 3547 3092 3603 Vide
3121 3555 3410 3603 comment.
3442 3546 3521 3602 ad

253 3618 532 3673 Suadeatur
559 3620 616 3674 S.
649 3616 993 3674 Laurentium
1023 3629 1200 3672 uatum
1226 3617 1430 3680 Romae,
1462 3618 1622 3671 etiam
1645 3631 1709 3670 ex
1739 3616 1822 3670 his

255 3691 490 3742 versibus
538 3690 673 3744 hanc
713 3691 1016 3760 opinionem
1069 3687 1653 3760 recentioresquidam
1707 3685 1820 3739 Itali

253 3759 560 3814 conﬁrmare
604 3758 862 3814 laborant.
918 3761 1134 3815 Possem
1184 3760 1328 3813 illico
1371 3758 1589 3812 eludere
1634 3770 1820 3810 eorum

253 3841 485 3902 conatus,
518 3833 561 3884 si
585 3846 703 3886 cum
736 3831 1172 3902 praestantissimo
1199 3829 1380 3902 codice
1405 3827 1765 3902 Alexandrino
1790 3841 1819 3881 a

252 3901 411 3970 prisca
445 3911 501 3957 et
532 3903 697 3970 prima
727 3898 886 3956 manu
911 3903 1142 3969 legerem
1163 3900 1355 3954 urbicos
1379 3915 1396 3951 :
1420 3898 1571 3970 quasi
1597 3912 1783 3952 omnes
1803 3938 1818 3962 .

252 3969 331 4041 qui
363 3988 458 4036 per
510 3969 677 4027 tutum
727 3973 912 4028 orbem
959 3972 1230 4027 Laurentii
1261 3985 1417 4041 opem
1452 3969 1736 4041 implorant
1768 3978 1822 4024 et

251 4039 496 4103 sentiunt,
543 4044 925 4112 intelligantur.
973 4045 1024 4097 lu
1057 4039 1309 4096 eamdem
1336 4055 1447 4095 rem
1500 4039 1818 4093 adducerem

250 4127 380 4167 vers.
407 4115 533 4174 575,
565 4129 660 4168 uos
690 4111 868 4180 turea,
900 4131 928 4166 ο
959 4113 1148 4167 Christi
1176 4113 1351 4178 decus,
1384 4111 1519 4163 Audi
1548 4119 1593 4163 et
1621 4116 1821 4179 poetam

249 4185 504 4255 rusticum.
538 4183 644 4240 Sed
676 4187 908 4255 legamus
929 4184 1144 4238 urbicos.
1175 4184 1232 4238 S.
1257 4183 1362 4255 Leu
1391 4196 1553 4255 sfrm.
1581 4180 1818 4255 2in_uat.

249 4253 338 4310 SS.
369 4255 564 4324 Apost.
589 4250 856 4310 Romanos
883 4265 1034 4310 vocat
1059 4255 1294 4307 alumnos
1321 4254 1378 4307 S.
1413 4251 1573 4324 Petri.
1602 4250 1820 4324 |u_P_ru-

248 4319 558 4380 dentio'tnos
581 4327 708 4379 cives
731 4328 1108 4395 interpretatur
1135 4323 1374 4386 Teolius,
1400 4321 1560 4395 Quos,
1587 4321 1684 4374 nisi
1716 4319 1820 4374 Ro-

248 4411 420 4450 manos
605 4396 720 4451 Hoc
749 4393 903 4450 unum
932 4397 1120 4458 dicam,
1144 4395 1232 4465 qni
1260 4396 1309 4447 in
1338 4409 1395 4465 ea
1425 4393 1596 4445 adhuc
1625 4401 1821 4465 senten-

247 4468 309 4520 tia
355 4476 679 4534 permanent,
723 4477 778 4520 ut
822 4468 884 4521 S.
925 4469 1124 4521 levitam
1153 4462 1415 4535 ﬂiapanis
1459 4462 1822 4535 accenbsendum

246 4532 413 4603 velint,
461 4555 548 4609 eos
576 4539 642 4590 ad
666 4532 1022 4609 argumentum
1049 4552 1112 4589 ea:
1142 4532 1408 4609 Prudentii
1447 4532 1646 4586 silentio
1694 4533 1823 4600 peti-

246 4617 367 4670 tum,
401 4608 534 4662 nihil
586 4605 765 4662 habere
794 4609 928 4674 quod
977 4605 1350 4672 respondeant;
1398 4620 1517 4674 nam
1565 4618 1818 4674 regerere,

244 4679 310 4749 uti
341 4680 540 4749 faciunt
567 4678 638 4749 Ρ.
671 4671 830 4733 Perea
867 4689 914 4732 et
955 4693 1111 4731 novus
1139 4685 1318 4729 auctor
1347 4675 1412 4728 de
1443 4673 1728 4729 Sanctitate
1755 4671 1816 4728 S.

244 4747 528 4814 Laurentii,
557 4747 896 4803 Prudentium
922 4751 1128 4802 solitam
1150 4762 1250 4800 non
1278 4762 1384 4800 esse
1410 4752 1693 4813 martyrum
1736 4759 1821 4810 pa-

243 4821 402 4891 triamb
418 4821 710 4891 designare,
737 4821 791 4874 id
817 4823 1111 4891 demumest
1147 4817 1391 4891 lec_to_rum
1417 4813 1715 4891 credulitate
1743 4814 1823 4867 ni-

242 4891 331 4972 mis
351 4890 495 4979 abuti
514 4884 672 4979 {cum
696 4907 760 4979 ea:
784 4889 1184 4979 quatuordecimL
1203 4887 1307 4943 SS.
1357 4894 1639 4979 martyrum
1675 4884 1820 4979 Itym:
1844 4917 1900 4979 Β

243 4963 315 5014 nis
343 4963 530 5029 quibus
556 4960 638 5013 hic
689 4955 1092 5030 Peristepltanon
1120 4959 1244 5013 liber
1268 4966 1483 5022 constat,
1531 4955 1708 5030 tribus
1736 4955 1813 5008 vel

241 5025 459 5099 quatuor
485 5033 719 5102 demptis,
751 5025 919 5086 ca’teri
946 5046 1119 5102 omnes
1147 5028 1626 5102 martyrispatriarn
1655 5025 1818 5102 dite!-

240 5094 301 5172 tis
325 5102 491 5156 verbis
519 5094 759 5171 prodant,
785 5104 886 5156 imo
914 5108 960 5156 et
981 5094 1556 5172 prtedicent_.'Qui§uam
1580 5097 1649 5151 sit
1676 5095 1723 5151 is

242 5171 428 5254 Berea,
458 5165 616 5254 quem
645 5165 1023 5254 pro—diobolari
1048 5171 1225 5254 aliquo
1247 5169 1424 5254 mire
1443 5177 1532 5254 aut
1555 5165 1818 5222 monacho

240 5241 455 5296 Teolius
478 5239 763 5298 traducere
794 5242 1021 5308 videtur,
1048 5239 1158 5296 dixi
1183 5255 1301 5306 cap.
1325 5239 1356 5294 5
1386 5239 1817 5308 Proleg.,iuum.

240 5312 365 5384 106,
394 5314 448 5367 in
474 5324 620 5367 uota.
670 5314 911 5384 Hymnus
934 5307 1204 5384 Prudentii
1236 5309 1359 5384 quid
1393 5307 1818 5384 probet,_Pi_nius

240 5383 291 5434 in
316 5392 613 5454 comment.
648 5377 894 5454 ιιι-ἆξκοὶος
923 5384 955 5454 4
980 5383 1217 5454 declarat
1248 5377 1268 5433 Ξ
1290 5379 1364 5433 De
1383 5377 1555 5454 patria
1576 5378 1656 5454 (S.
1683 5377 1819 5433 Lau-

243 5453 430 5523 gentii)
459 5471 519 5508 ac
542 5449 987 5523 parentibusnihil
1028 5455 1144 5506 novi
1188 5452 1438 5523 memoria:
1487 5449 1746 5523 proditum
1785 5464 1819 5523 _a

240 5519 513 5588 Pati-ibus,
540 5519 613 5578 uti
663 5541 754 5578 nec
805 5540 838 5578 a
863 5523 1146 5578 Prudentia
1188 5522 1242 5576 in
1261 5523 1446 5591 hymno
1493 5535 1641 5590 quem
1673 5519 1716 5591 is
1761 5519 1825 5591 de

138 5605 148 5616 '
239 5591 434 5648 Sancto
464 5597 667 5663 panxit.
698 5595 763 5649 Et
789 5593 847 5650 11
879 5612 892 5648 :
924 5595 1002 5647 Ad
1032 5594 1205 5648 urbem
1248 5589 1530 5663 Romanam
1553 5590 1689 5658 quod
1708 5589 1827 5663 atti-

239 5673 344 5730 net,
397 5660 545 5735 quasi
593 5669 646 5719 in
687 5682 745 5719 ea
794 5667 990 5719 natales
1030 5665 1258 5718 hauserit
1317 5661 1650 5735 Prudentius,
1697 5660 1826 5715 adeo

240 5737 383 5789 omni
409 5732 801 5804 'probabilitatis
845 5737 1009 5806 specie
1055 5737 1253 5789 videtur
1285 5733 1490 5806 destitui
1511 5732 1687 5806 opinio
1709 5745 1827 5801 qua

241 5807 340 5858 hoc
363 5807 563 5874 asserit,
596 5817 652 5862 ut
675 5824 735 5861 ne
761 5804 976 5877 proponi
995 5807 1216 5874 quidem,
1260 5804 1447 5877 nedum
1474 5804 1690 5877 refutari
1710 5818 1824 5877 Ame-

243 5885 446 5933 recttttr.
497 5878 679 5945 Neque
703 5874 973 5934 silentium
1009 5877 1277 5932 Prudentii
1314 5874 1516 5929 obstitit
1544 5874 1825 5941 quominus

1925 3630 2067 3688 vers.
2099 3617 2154 3670 4.
2190 3616 2264 3670 De
2296 3617 2613 3688 octodecim
2647 3619 2971 3688 martyribus
3025 3617 3518 3688 Cagsaraugustanis

1924 3686 2046 3758 vide
2093 3701 2236 3758 vers.
2281 3686 2370 3751 15,
2419 3688 2546 3758 197,
2595 3686 2720 3758 115,
2754 3686 2937 3758 hymni
2968 3689 3022 3742 4.
3071 3687 3255 3758 Neque
3293 3687 3512 3758 Paulus,

1924 3756 2086 3825 quiin
2115 3771 2178 3810 eo
2201 3756 2400 3826 hymno
2430 3757 2666 3810 Narboui
2690 3756 2960 3821 tribuitur,
2986 3756 3285 3826 patria’l'uit
3307 3757 3514 3814 Narbo-

1923 3827 2125 3888 nensis,
2161 3841 2332 3894 neque
2361 3827 2430 3882 de
2457 3827 2577 3881 aliis
2608 3826 2804 3881 ibidem
2837 3828 3066 3882 laudatis
3106 3837 3315 3882 constat
3355 3842 3422 3882 an
3456 3829 3512 3883 in

1923 3897 2003 3952 eis
2031 3896 2252 3968 urbibus
2281 3897 2392 3968 nati
2422 3895 2626 3968 fuerint
2652 3913 2772 3966 quae
2803 3913 2987 3952 eorum
3023 3898 3267 3968 reliquiis
3293 3908 3382 3968 aut
3406 3913 3512 3968 ipa-

1924 3967 2152 4038 trocinio
2179 3967 2496 4036 gloriantur.
2523 3967 2802 4038 Succedit
2834 3969 3062 4038 hymnus
3093 3969 3126 4024 5
3150 3967 3236 4022 de
3282 3967 3342 4023 8.
3375 3967 3508 4023 Viu-

1923 4037 2121 4103 centio,
2164 4037 2252 4093 ubi
2282 4039 2453 4107 patria
2486 4037 2601 4107 ejus
2650 4039 2801 4094 nullo
2852 4037 3013 4095 modo
3050 4046 3401 4100 memoratur,
3454 4049 3513 4092 ut

1923 4108 2104 4179 dicam
2137 4109 2204 4162 ad
2253 4108 2444 4179 hymni
2479 4109 2908 4178 inscriptionem.
2940 4109 3149 4165 Pariter
3181 4109 3249 4164 ad
3299 4109 3512 4164 titulum

1923 4177 2110 4246 hymni
2141 4179 2174 4234 6
2202 4177 2525 4245 observabo,
2566 4179 2634 4234 de
2660 4180 2828 4302 Patria
2858 4181 2916 4236 8.
2948 4181 3228 4235 Fructuosi
3256 4189 3310 4234 et
3337 4180 3512 4235 socio-

1923 4265 2042 4302 rum
2093 4263 2198 4302 non
2249 4258 2496 4302 constare
2543 4264 2606 4302 ex
2678 4265 2860 4302 tvmno
2900 4251 3196 4302 Prudentii.
3256 4251 3512 4302 Seauitur

1923 4265 2042 4320 rum
2093 4263 2198 4304 non
2249 4258 2497 4320 constare
2543 4264 2606 4303 ex
2648 4251 2860 4320 hymno
2900 4251 3196 4306 Prudentii.
3256 4251 3512 4320 Sequitur

1924 4319 2156 4390 hymnus
2196 4321 2226 4373 7
2265 4319 2323 4374 S.
2354 4319 2586 4390 Quirini,
2609 4319 2715 4390 ubi
2730 4320 2796 4374 ad
2837 4335 2981 4376 vers.
3014 4321 3048 4377 5
3073 4321 3247 4375 dicam
3286 4319 3507 4376 dubium

1923 4387 2139 4471 esseau
2172 4389 2287 4470 haec
2314 4391 2498 4472 verba,
2519 4387 2826 4472 .Coinplexti
2854 4392 3024 4472 patrio
3063 4392 3254 4460 fovent,
3285 4390 3510 4472 Sisciam

1925 4461 2153 4529 patriam
2173 4461 2290 4528 ejus
2319 4459 2486 4515 fuisse
2518 4460 2772 4514 indicent.
2809 4459 2864 4514 In
2896 4459 3095 4532 hymno
3123 4472 3301 4516 autem
3332 4463 3365 4516 8
3391 4476 3512 4516 ver-

1923 4544 2016 4584 sus
2043 4530 2109 4584 ad
2136 4541 2382 4584 ornatum
2411 4529 2709 4599 baptisterii
2735 4529 2962 4600 alicujus
2991 4529 3354 4598 proferuntur,
3378 4533 3510 4600 quin

1924 4601 2108 4673 resciri
2151 4600 2322 4673 possit
2364 4600 2595 4673 ubinam
2631 4602 2898 4673 exstiterit
2939 4601 3068 4657 illud
3115 4602 3512 4673 baptisterium,

1923 4681 1976 4726 et
2005 4669 2218 4744 quinam
2243 4669 2440 4744 fuerint
2462 4670 2539 4725 illi
2566 4671 2872 4744 duo_saucti
2907 4681 3172 4744 martyres
3188 4669 3289 4744 qui
3310 4669 3512 4744 eoloco

1923 4743 2064 4812 passi
2094 4742 2362 4812 dicuntur.
2384 4741 2566 4812 Neque
2595 4755 2660 4796 ex
2687 4740 2886 4812 bymno
2915 4743 2949 4798 9
2970 4740 3181 4797 constat
3210 4740 3269 4799 S.
3298 4742 3512 4798 Cassia-

1924 4809 2051 4866 num
2070 4853 2084 4878 ,
2112 4813 2200 4878 qui
2227 4827 2292 4866 eo
2319 4809 2587 4873 laudatur,
2613 4812 2664 4865 in
2693 4809 2836 4868 Foro
2860 4811 3093 4868 Cornelii
3118 4826 3301 4868 natum
3324 4814 3512 4879 luisse,

1925 4892 1986 4938 ut
2012 4883 2077 4937 ad
2110 4883 2319 4937 titulum
2351 4882 2468 4954 ejus
2500 4882 2922 4954 hymui‘noiaho.
2963 4883 3018 4937 In
3048 4885 3249 4954 hymno
3280 4886 3346 4939 10
3376 4883 3514 4940 nihil

1921 4963 2004 5009 est
2047 4968 2114 5009 ex
2143 4967 2247 5023 quo
2286 4953 2436 5024 argui
2465 4952 2635 5021 possit
2681 4952 2739 5008 S.
2773 4952 3300 5024 Romanum‘genere
3347 4953 3513 5011 fuisse

1921 5022 2286 5096 Palaestinam.
2314 5022 2448 5096 Vide
2468 5032 2760 5096 comment.
2786 5023 2851 5076 ad
2873 5022 3275 5096 inscriptionem
3301 5024 3508 5096 hymni.

1921 5094 2176 5162 Quaenam
2202 5093 2361 5164 fuerit
2389 5093 2447 5148 8.
2464 5091 2744 5164 Hippolyti
2772 5095 2961 5164 patria,
2988 5091 3162 5162 neque
3189 5091 3514 5150 Prudentius

1921 5165 2120 5236 hymno
2150 5165 2211 5236 11
2244 5163 2519 5236 indicavit,
2546 5163 2732 5233 neque
2742 5163 2960 5236 aliunde
2982 5165 3134 5236 nobis
3162 5165 3362 5234 liquido
3385 5182 3514 5222 con-

1922 5233 2044 5292 stat.
2093 5234 2150 5290 lu
2181 5234 2381 5304 hymno
2411 5233 2478 5288 12
2525 5237 2693 5302 patria
2736 5233 2831 5288 SS.
2871 5233 3235 5303 apostolorum
3265 5236 3412 5291 Petri
3458 5247 3514 5293 et

1922 5305 2075 5362 Pauli
2114 5305 2263 5360 nullo
2292 5304 2452 5359 modo
2497 5311 2794 5375 memorata
2824 5313 2927 5368 est,
2948 5305 3168 5375 “nedum
3197 5306 3510 5375 prtedicata.

1924 5376 2182 5433 Punicam
2211 5375 2508 5447 terremus.
2531 5371 2856 5444 Cyprianum
2887 5373 3092 5441 tulisse,
3117 5371 3418 5447 ex'bymuo
3445 5380 3509 5433 lE

3557 1829 3565 1864 l

1927 5448 2146 5510 scimus,
2197 5446 2330 5500 nihil
2369 5443 2510 5516 aliud
2537 5443 2601 5498 ex
2629 5458 2694 5499 eo
2726 5452 2876 5516 certo
2901 5443 3283 5516 exsculpimus.
3317 5446 3510 5516 Sepul-
3548 5445 3552 5456 '

1928 5532 2077 5573 crum
2103 5516 2187 5586 S,
2207 5516 2383 5586 Agnes
2409 5515 2595 5586 Romae
2617 5527 2750 5586 esse
2776 5513 3007 5586 hymnus
3035 5513 3100 5569 14
3134 5513 3508 5586 expresse'de-

1929 5589 2128 5652 clarat;
2159 5585 2228 5642 de
2254 5583 2417 5640 natali
2458 5585 2574 5639 solo
2617 5583 2774 5708 hujlus
2804 5584 3026 5654 virginis
3071 5583 3294 5640 nihil'in
3326 5601 3392 5642 eo
3419 5603 3513 5642 ειη
3550 5606 3553 5609 ·

1929 5658 2198 5708 nrimitnr.
2229 5656 2345 5708 OuO
2371 5669 2504 5708 emo
2535 5656 2651 5708 iure
2735 5654 2905 5708 eolius
2931 5655 3110 5708 infert.
3147 5670 3214 5708 ex
3253 5667 3514 5708 anatuor-

1929 5658 2198 5728 primitur.
2229 5656 2345 5723 Quo
2371 5669 2504 5728 ergo
2529 5656 2651 5728 jure
2690 5654 2905 5728 Teolius
2931 5655 3214 5728 iulert,_ex
3253 5667 3514 5724 quatuor-

1929 5724 2101 5785 tlecim
2134 5727 2220 5783 his
2259 5724 2493 5795 hymnis,
2528 5724 2700 5780 tribus
2727 5726 2809 5779 vel
2840 5734 3069 5796 quatuor
3107 5725 3360 5796 demptis,
3408 5740 3512 5784 ca:-

1931 5808 2074 5856 teros
2100 5811 2286 5855 omnes
2299 5794 2556 5870 martyris
2577 5795 2799 5870 patriam
2821 5794 3038 5870 discitis
3057 5794 3248 5870 verbis
3256 5796 3509 5870 prodere,

1932 5872 2039 5927 imo
2069 5879 2123 5926 et
2175 5865 2508 5938 prazdicare?
2564 5865 2886 5936 Argumenta
2935 5865 3212 5923 Blauchiui
3254 5867 3510 5938 Baycriul
