4024 6292
415 485 573 543 Millia
603 483 771 541 multa
799 480 950 555 prius
971 480 1197 554 peragit,

416 581 588 646 Quam
620 578 777 647 plaga
803 574 1004 646 pandat
1029 588 1128 630 eoa
1159 570 1338 640 polum
1376 587 1388 622 ;

423 670 583 743 947
617 668 770 724 Mane
797 667 1026 737 superba
1057 664 1294 720 tribunal
1316 662 1450 729 adit,

173 769 236 821 (ὅ
422 763 682 819 Fascibus
709 769 848 817 astat
874 762 930 818 et
959 761 1014 816 in
1043 759 1257 816 mediis.

354 856 668 912 Vociferans
697 872 712 911 :
743 854 914 921 Rogo,
946 853 1069 923 quis
1093 852 1243 908 furor
1267 861 1351 910 est

425 947 656 1004 Perdere
680 945 983 1017 praecipites
1006 946 1235 1014 animas,

427 1041 494 1096 Et
521 1041 661 1096 male
687 1039 910 1110 prodiga
945 1039 1114 1096 corda
1141 1037 1225 1095 sui

425 1133 679 1191 Sternere
706 1133 960 1189 rasilibus
987 1131 1255 1202 scopulis,

189 1225 253 1280 70
426 1225 896 1295 Omnipatremque
926 1238 1123 1294 negare
1147 1222 1341 1280 deum?

355 1316 625 1385 Qumritis,
651 1332 684 1370 ο
710 1315 1014 1371 miseranda
1043 1329 1254 1382 manus,

431 1409 804 1466 Christicolum
833 1409 1034 1478 genus?
1061 1409 1140 1463 En
1173 1421 1272 1478 ego
1301 1421 1417 1462 sum
1517 1454 1520 1457 .

424 1501 590 1574 958
618 1501 939 1558 Damonicis
960 1501 1172 1556 inimica
1197 1501 1399 1558 sacris:

430 1592 575 1650 ldola
607 1603 824 1663 protero
852 1593 952 1650 sub
974 1593 1196 1664 pedibus
1226 1611 1237 1645 :

1340 358 1904 417 PEBISTEPHANON
1949 360 2154 416 HYMN.
2198 363 2282 418 III.

1779 482 1823 540 Α
1857 479 1926 532 75

3316 362 3422 420 316

2106 481 2353 546 Pectore,
2377 487 2430 535 et
2457 493 2553 535 ore
2583 479 2748 535 Deum
2779 478 2963 536 fateor.

2036 570 2154 636 Isis,
2184 570 2396 640 Apollo,
2424 569 2604 626 Venus
2631 571 2763 626 nihil
2788 581 2901 637 est,

2113 664 2464 719 Maximianus
2491 673 2545 720 et
2576 664 2690 733 ipse
2718 663 2850 720 nihil
2888 684 2902 720 :

2111 756 2204 812 Illa
2231 755 2384 821 nihil,
2410 756 2532 826 quia
2563 755 2699 812 facta
2727 771 2887 812 manu
2920 773 2934 812 :

2111 848 2229 914 llic,
2257 862 2508 904 manuum
2535 849 2657 919 quia
2691 850 2826 905 facta
2849 849 2976 906 colit
3006 867 3020 904 :

1864 942 1934 998 80
2113 940 2324 996 Frivola
2348 948 2596 1011 utraque,
2626 951 2682 998 et
2701 951 2926 1014 utraque
2947 943 3099 999 nihil.

2038 1031 2387 1088 Maximianus
2411 1047 2572 1103 opum
2599 1033 2867 1102 dominus,

2107 1124 2175 1180 Et
2203 1131 2379 1179 tamen
2405 1124 2519 1194 ipse
2547 1124 2716 1180 cliens
2745 1127 3008 1196 lapidum,

2109 1215 2425 1281 Prostituat,
2457 1225 2753 1286 voveatque
2780 1217 2890 1273 suis

2109 1308 2426 1364 Numinibus
2452 1316 2616 1380 caput
2645 1310 2760 1380 ipse
2783 1327 2938 1366 suum
2964 1329 2978 1366 :

1860 1405 1930 1460 85
2110 1404 2335 1458 Pectora
2358 1418 2456 1457 cur
2489 1417 2748 1473 generosa
2779 1404 2982 1473 quatit?

2069 1495 2234 1568 949
2259 1495 2371 1549 Dux
2401 1495 2594 1560 bonus,
2628 1494 2828 1552 arbiter
2851 1494 3096 1566 egregius

2101 1627 2116 1644 .
2141 1588 2410 1658 Sanguine
2439 1589 2674 1659 pascitur
2703 1589 2967 1645 innocuo:

1487 1679 1767 1737 GLOSSlE
1804 1679 2138 1737 VETERES.

258 1775 342 1832 62.
369 1775 598 1844 Peragit,
630 1776 963 1846 percucurrit,
989 1774 1027 1829 Ι.

259 1848 344 1902 63.
376 1847 507 1913 an,
542 1847 820 1912 orientalis,
855 1847 896 1902 I.

263 1919 345 1973 64.
375 1917 637 1986 Superba,
667 1919 848 1972 nobilis
865 1961 879 1982 ,
905 1917 946 1971 I.

266 1989 350 2061 65.
377 1985 655 2061 faScibns,
675 1988 980 2061 honoribus,
1005 1988 1358 2061 potestatibus,
1383 1989 1462 2061 uel
1476 1985 1693 2059 pompis,
1719 1986 1759 2039 Ι.

266 2059 345 2114 66.
376 2057 546 2130 Rogo,
576 2059 829 2130 interrogo
859 2077 876 2113 :
905 2060 971 2114 ad
1008 2057 1238 2130 paganos
1263 2059 1418 2123 dt'l‘it,
1447 2057 1485 2112 1.

266 2129 348 2185 69.
381 2129 665 2194 Sternere,
694 2127 894 2200 ﬂectere
929 2127 1339 2184 ad'or'ationem.
1389 2158 1459 2170 —
1499 2127 1764 2183 Rasilibus

208 2201 439 2266 scopulis,
467 2200 596 2253 rasis
627 2201 901 2271 lapidibus,
928 2203 980 2254 id
999 2210 1073 2256 est
1097 2200 1284 2256 dolatis
1312 2217 1400 2271 per
1427 2201 1690 2271 imagines,
1718 2200 1760 2252 I.

209 2271 356 2326 ldolis
375 2271 558 2324 dolatis
581 2272 636 2324 in
669 2270 948 2339 lapidibus,
983 2272 1102 2326 Rat.

269 2343 351 2396 7i.
380 2341 588 2408 Manus,
620 2343 914 2408 multitudo,
949 2342 988 2397 1.

1790 1774 1835 1834 Β
1931 1770 2019 1826 72.
2052 1770 2454 1841 Christicolum,
2481 1770 2923 1841 Christicolarum,
2972 1771 3012 1826 I.

1943 1842 2030 1898 76.
2067 1843 2184 1907 Isis,
2209 1843 2303 1896 dea
2329 1840 2712 1912 Egyptiorum,
2746 1843 2784 1898 Ι.

1929 1914 2030 1969 '80.
2056 1913 2286 1979 Frivola,
2313 1929 2461 1978 vana,
2485 1913 2561 1966 vel
2581 1914 2844 1968 mendacia
2861 1953 2876 1979 ,
2903 1914 2918 1966 l

1940 1985 2028 2039 82.
2051 1984 2256 2048 Cliens,
2286 1999 2476 2048 servus,
2505 1985 2580 2037 vel
2607 1985 2770 2039 socius
2790 2029 2802 2050 ,
2845 1985 3072 2053 servitor,
3115 1984 3309 2040 amicus
3347 1985 3434 2041 mi.

1868 2073 1982 2118 nor,
2008 2056 2046 2110 I.
2081 2053 2287 2120 Servus,
2316 2055 2391 2107 rel
2414 2054 2628 2117 amicus,
2657 2055 2785 2109 Mar.

1942 2128 2032 2182 8'5.
2059 2125 2366 2187 Prostitnat,
2399 2125 2588 2188 tradat,
2617 2124 2696 2178 uel
2719 2123 2934 2193 turpiter
2954 2142 3008 2180 se
3036 2126 3264 2191 inclinet,
3292 2127 3334 2182 I.

1941 2197 2028 2270 85.
2062 2196 2353 2270 generosa,
2389 2194 2697 2270 Christiana.
2722 2225 2793 2237 —
2810 2196 3012 2270 Quatit,
3041 2198 3377 2270 persequitur,
3397 2196 3437 2254 I.

1941 2268 2030 2335 86,
2062 2267 2180 2322 Dux
2209 2266 2401 2334 bonus,
2427 2281 2516 2336 per
2542 2266 2781 2334 ironiam,
2810 2265 2854 2323 I.

1535 2432 2086 2492 COMMENTARIUS.

214 2536 335 2597 geret
379 2526 654 2597 CanOpica.
710 2525 944 2592 Thuan.,
996 2526 1122 2582 Mar.
1175 2544 1203 2580 a
1245 2527 1612 2597 primaimanu
1664 2525 1764 2580 Ca-

214 2596 365 2667 nopia.
392 2596 450 2654 S.
475 2598 730 2652 Damasus
760 2598 824 2650 de
852 2613 1036 2653 sorore
1066 2613 1160 2654 sna
1186 2597 1336 2653 lrene
1365 2615 1378 2651 :
1411 2596 1536 2652 Cum
1571 2602 1764 2666 fugeret

215 2669 461 2737 mundum,
488 2669 693 2740 dederat
714 2667 837 2721 mihi
858 2669 1038 2740 pignus
1060 2668 1344 2731 honestum,
1365 2668 1528 2734 Quam
1545 2669 1638 2722 sibi
1652 2685 1765 2740 cum

216 2749 393 2810 raperet
433 2739 611 2792 melior
654 2750 757 2792 tum
781 2743 920 2810 regia
944 2739 1074 2796 caeli.
1113 2739 1214 2794 Alii
1239 2740 1440 2808 legunt,
1477 2755 1624 2808 quem
1646 2739 1761 2794 sibi.

278 2807 359 2863 64.
391 2810 628 2863 Breviar.
649 2810 809 2870 Moz.,
833 2807 1130 2865 tribunalia.
1162 2807 1383 2865 Metrum
1413 2807 1584 2879 pascit
1613 2811 1770 2863 tribu-

218 2879 314 2934 nal.
366 2879 571 2947 Saepius
615 2881 860 2944 superbus
905 2881 954 2934 in
995 2882 1188 2936 malam
1238 2889 1440 2949 partem
1489 2880 1770 2948 accipitur,

220 2966 578 3021 nonnunquam
605 2951 656 3004 in
683 2951 900 3017 bonam,
930 2961 985 3005 ut
1009 2968 1037 3005 a
1063 2953 1350 3007 Prudentia
1379 2953 1478 3006 hoc
1502 2960 1553 3006 et
1575 2953 1693 3005 aliis
1718 2954 1772 3008 in

220 3019 353 3076 locis.
382 3019 683 3075 Incensura
713 3021 1028 3092 hymnorum
1054 3021 1276 3077 Santolii
1305 3022 1560 3076 Victorini
1584 3022 1769 3090 scripsi

223 3093 336 3146 mihi
367 3107 466 3147 non
488 3093 804 3164 iplacereide
831 3093 886 3149 S.
919 3093 1150 3147 Barbara
1181 3094 1281 3151 dici
1314 3093 1514 3148 Christo
1555 3095 1771 3164 superba

222 3166 443 3234 gonjuge.
487 3163 676 3219 Posset
721 3163 839 3230 hoc,
870 3165 1168 3231 exemplum
1220 3164 1486 3220 Prudentii
1527 3163 1765 3232 allegari.

223 3231 636 3303 Responderem.
685 3249 790 3289 non
820 3246 925 3289 tam
966 3235 1227 3290 dedecere
1269 3235 1370 3292 hoc
1412 3231 1684 3303 epitheton
1718 3236 1769 3290 in

225 3304 274 3358 S.
315 3305 510 3358 Eulalia
542 3303 662 3359 forti
694 3316 746 3360 et
793 3305 1262 3377 intrepidoianimo
1291 3305 1545 3361 adversus
1586 3315 1770 3377 tyran-

225 3390 335 3429 num
364 3386 674 3445 pugnatura,
701 3393 857 3447 quam
886 3361 1024 3432 in'S.
1060 3376 1288 3430 Barbara
1316 3419 1329 3444 ,
1363 3393 1482 3446 qua:
1512 3393 1572 3430 ea
1598 3361 1770 3431 solum
1802 3361 1849 3426 C

226 3447 413 3516 ratione
456 3448 686 3515 superba
737 3447 946 3502 videtur
985 3448 1275 3515 appellari,
1326 3451 1468 3516 quod
1508 3447 1777 3502 Christum

229 3515 427 3571 haberet
479 3530 758 3585 Sponsum.
810 3517 970 3581 Sala,
1017 3519 1072 3572 in
1101 3515 1357 3585 opusculo
1382 3519 1449 3572 de
1478 3517 1536 3572 S.
1581 3517 1780 3571 Eulalia

227 3585 729 3658 Barcinoneusi,ait,
756 3604 871 3658 pag.
902 3587 1024 3652 129,
1049 3588 1105 3642 S.
1127 3585 1404 3656 Eulogium
1450 3589 1542 3642 lib.
1574 3605 1588 3640 ι
1620 3588 1782 3643 Mem.

231 3656 317 3712 SS.
341 3673 550 3728 negare.
588 3656 843 3714 Eulaliani
869 3658 1254 3713 Emeritensem
1281 3674 1386 3712 non
1416 3658 1692 3728 quaesitam
1726 3673 1783 3714 se

231 3727 372 3795 iudici
410 3729 694 3784 obtulisse.
736 3729 928 3785 Verum
977 3745 1147 3799 neque
1197 3727 1450 3796 Eulogius
1491 3729 1542 3783 id
1585 3740 1784 3797 negat,

233 3812 418 3870 neque,
467 3800 513 3853 si
563 3812 802 3870 negaret,
833 3800 1005 3868 major
1031 3801 1079 3854 ei
1115 3800 1245 3855 ﬁdes
1277 3815 1434 3869 quam
1466 3799 1784 3870 Prudentia,

234 3868 332 3940 lere
357 3871 543 3938 aequali
577 3868 823 3934 Eulaliar,
855 3881 995 3926 esset
1025 3868 1344 3940 praestanda.
1373 3874 1448 3923 Ac
1477 3869 1700 3924 fortasse
1725 3885 1787 3924 ea

233 3939 324 4008 iam
350 3948 453 3994 tum
486 3942 670 4010 opinio
688 3943 998 4010 irrepserat,
1022 3939 1263 3996 eamdem
1295 3955 1414 3995 esse
1437 3942 1494 4007 S.
1529 3941 1786 3995 Enlaliam

235 4009 665 4068 Barcinonensem
689 4021 741 4068 et
762 4009 1170 4068 Emeritensem.
1197 4011 1328 4066 Illud
1353 4022 1558 4064 constat
1577 4027 1640 4065 ex
1664 4026 1786 4079 ope-

235 4081 365 4136 ribus
378 4083 606 4152 Eulogii,
628 4085 911 4136 maximam
932 4094 1057 4137 tunc
1075 4083 1236 4138 fuisse
1249 4082 1507 4136 Cordubae
1536 4082 1789 4136 librorum

234 4153 567 4223 ecclesiastic.
584 4155 842 4223 inapiam,
859 4155 996 4221 quod
1023 4155 1248 4208 advertit
1270 4152 1426 4206 etiam
1441 4152 1794 4207 Amh.'Mora-

235 4221 320 4276 les.
340 4225 491 4278 Certe
514 4225 556 4277 si
575 4221 1119 4290 Eulbgius'Prndentii
1148 4225 1340 4279 librum
1365 4223 1554 4278 Perist.
1581 4224 1795 4290 legisset

234 4291 281 4346 in
308 4293 602 4366 Memoriali
627 4305 919 4366 martyrum
947 4296 1060 4364 ejus
1090 4295 1405 4366 auctoritate
1428 4309 1556 4366 usus
1586 4296 1791 4349 luisset.

295 4365 378 4420 65.
409 4365 654 4420 Lictores
681 4365 852 4428 fasces
877 4376 930 4421 et
960 4366 1188 4420 securim
1224 4365 1620 4434 magistratibus
1653 4381 1788 4434 prae-

235 4432 480 4507 ferebant,
507 4436 680 4492 fasces
701 4437 766 4491 ad
785 4437 1024 4506 qnmdam
1047 4437 1242 4491 leviora
1265 4432 1541 4507 supplicia,
1565 4432 1794 4491 securim

235 4506 292 4560 ad
313 4515 534 4561 mortem
561 4507 924 4572 irrogandam.
1373 4506 1376 4507 ⁷
1596 4530 1599 4534 ·

295 4575 377 4632 66.
403 4576 648 4633 Breviar.
680 4579 842 4646 Moz.,
873 4578 1170 4644 Vociferans
1194 4579 1308 4632 ita:
1342 4577 1464 4641 Quis
1491 4579 1660 4643 pudor
1700 4587 1794 4630 est.

236 4647 368 4721 Ald.,
387 4647 560 4721 AUrb.,
593 4646 890 4720 l’ociferans
923 4648 1130 4721 :Rogo,
1158 4651 1271 4720 quis
1297 4648 1462 4720 pudor
1489 4659 1579 4702 est.
1615 4646 1794 4715 Alex.,

235 4719 342 4786 quid
371 4719 516 4789 furor
543 4729 640 4775 est.

296 4790 378 4842 67.
416 4791 636 4844 Animas
662 4805 984 4860 paganorum
1012 4790 1276 4860 intelligit.

296 4860 379 4914 68.
408 4860 644 4916 Breviar.
669 4861 826 4924 Moz.,
854 4862 1050 4916 omittit
1079 4863 1178 4916 sui.

297 4930 382 4984 69.
409 4929 660 4985 Nebrissa
684 4932 922 4986 rasilibus
945 4932 1178 5000 explicat
1203 4932 1392 4986 viscera
1417 4940 1581 4984 uestra
1611 4930 1797 4983 raden-

234 4999 375 5053 tibus.
408 5001 629 5071 Videtur
649 5002 699 5056 id
719 5013 883 5056 totnm
906 4999 1148 5071 accipere
1169 5004 1234 5057 de
1255 5013 1428 5056 morte
1446 5015 1791 5070 paganorum.

234 5071 313 5136 qui
342 5071 407 5124 ad
440 5070 642 5126 inferos
667 5070 1038 5127 detruduntur.
1078 5074 1146 5126 At
1189 5089 1368 5128 sermo
1411 5086 1556 5126 certe
1595 5082 1677 5124 est
1729 5071 1795 5125 de

233 5141 364 5212 cultu
406 5141 693 5212 idolorum,
725 5159 842 5212 quae
876 5151 1030 5198 vocat
1055 5143 1290 5208 scapulas
1318 5143 1516 5197 rasiles.
1563 5143 1794 5196 Consule

232 5210 449 5284 glossas.
480 5211 558 5265 Ex
581 5213 681 5266 hoc
707 5210 822 5268 ldco
847 5223 1028 5284 posset
1047 5217 1296 5267 conlirtna
1307 5214 1348 5266 ri
1378 5217 1638 5280 scriptura
1663 5228 1795 5264 non-

233 5282 489 5355 nullorum
519 5297 572 5336 v.
589 5284 710 5355 72le
731 5284 822 5338 lib.
850 5282 872 5338 ⁷ι
907 5285 958 5338 in
983 5285 1158 5355 Sym.,
1182 5284 1324 5355 Ctvsa
1341 5285 1401 5337 de
1413 5299 1537 5354 rupe
1549 5283 1794 5355 paposcit.

296 5353 381 5408 70.
445 5353 732 5423 Helpidius
771 5356 822 5409 in
865 5353 1100 5409 carmine
1156 5356 1222 5407 de
1263 5353 1483 5408 Christo
1524 5354 1798 5423 omniparis

233 5436 362 5495 voce
391 5437 516 5477 usus
545 5422 628 5480 est
662 5442 674 5475 :
705 5422 824 5478 Illic
855 5426 1130 5494 omniparis
1153 5425 1394 5478 succrevit
1421 5425 1587 5495 gloria
1629 5422 1794 5495 Verbi.

233 5492 548 5566 Prudentius
577 5511 681 5548 non
713 5497 876 5550 semel
904 5492 1222 5566 omniparens
1251 5496 1402 5566 dixit.
1424 5492 1682 5549 Fortasse
1713 5494 1798 5548 hic

233 5563 717 5638 etiam_pr:est_arct
768 5563 1192 5638 omniparemque.
1247 5565 1577 5638 Cunctipater
1623 5574 1801 5638 exstat

231 5635 361 5703 apud
386 5633 706 5690 Teodull'um
735 5633 915 5692 carm.
947 5639 1001 5704 l,
1032 5653 1172 5692 vers.
1199 5637 1267 5693 69
1301 5657 1311 5690 :
1343 5633 1444 5690 Cui
1471 5638 1567 5690 tria
1605 5637 1801 5689 cuncti-

231 5715 370 5777 pater
396 5707 552 5777 vgluit
575 5708 915 5777 superaddere
956 5710 1135 5764 lustra.

295 5775 385 5830 72.
416 5775 647 5850 Teolius‘
672 5776 1091 5850 Christicolarum
1121 5796 1276 5850 genus
1321 5796 1336 5831 :
1369 5778 1524 5834 metri
1570 5779 1654 5833 lex
1701 5779 1800 5832 ob-

231 5857 352 5910 stat.
403 5847 514 5904 Alia
553 5849 690 5918 apud
733 5849 872 5904 hunc
903 5847 1191 5916 pra‘tereo,
1236 5866 1352 5917 qum
1393 5851 1598 5905 etiamsi
1632 5857 1801 5904 metro

1872 2540 2168 2595 repugnare
2192 2527 2490 2597 videantur,
2523 2539 2702 2585 tamen
2734 2527 2920 2584 vitium
2948 2523 3183 2597 tollitur,
3217 2525 3262 2580 si
3293 2533 3438 2581 recta

1876 2597 2149 2653 scribendi
2172 2599 2308 2653 ratio
2337 2595 2674 2663 adhibeatur,
2703 2608 2760 2654 ut
2780 2609 2903 2654 ante
2928 2611 3072 2652 vers.
3103 2595 3444 2667 59,,sangui«

1875 2669 1956 2722 nis
1983 2669 2036 2722 in
2060 2671 2313 2736 pristiam,
2345 2681 2399 2726 et
2430 2686 2569 2728 vers.
2612 2671 2702 2735 42,
2737 2671 2973 2725 tollerare
2993 2683 3157 2720 mora.
3184 2665 3316 2721 Nam
3337 2665 3446 2722 cui-

1875 2739 1956 2805 vis
1981 2740 2031 2794 in
2061 2751 2310 2809 promptu
2339 2751 2420 2798 est
2454 2743 2630 2811 legere
2651 2743 2868 2811 pretium
2893 2751 2946 2797 et
2971 2737 3292 2811 tolerqr_e,_et
3322 2746 3448 2811 tunc

1877 2820 2024 2864 recte
2053 2807 2295 2879 procedit
2335 2807 2584 2868 metrum.
2613 2807 2738 2868 Post
2765 2813 2904 2867 hunc
2934 2824 3079 2865 vers.
3111 2809 3179 2862 72
3220 2807 3272 2862 in
3309 2809 3448 2863 Aldo

1880 2879 2208 2956 irrepserunt
2227 2882 2334 2956 duo
2355 2884 2464 2946 alii,
2491 2884 2579 2956 qui
2596 2884 2918 2956 suntordine
2941 2894 3082 2937 vers.
3110 2879 3212 2956 HQ
3237 2887 3289 2932 et
3309 2879 3401 2934 Ill
3431 2897 3446 2935 :

1881 2950 2127 3005 Proxima
2149 2953 2368 3017 dotibus,
2392 2964 2437 3008 et
2459 2955 2702 3008 thalamo.
2756 2954 2874 3007 Non
2896 2961 3053 3005 movet
3083 2950 3239 3004 aurea
3265 2966 3448 3020 pompa

1881 3024 1975 3075 tori
2007 3037 2026 3075 :
2057 3022 2148 3078 aui
2173 3038 2270 3076 suo
2298 3026 2416 3078 loco
2442 3026 2630 3079 iterum
2657 3025 2723 3078 ab
2762 3025 2896 3078 Aldo
2921 3021 3300 3077 immittuntur.

1952 3093 2038 3146 75.
2063 3093 2454 3162 'I‘ertullianus,
2485 3106 2540 3151 et
2566 3095 2817 3151 Sedulius
2846 3101 3066 3148 utuntur
3096 3091 3256 3145 ctiam
3291 3104 3448 3146 voca-

1877 3162 2004 3218 bulo
2025 3165 2354 3221 dwnmnicus.
2997 3166 3009 3204 ⁸

1950 3233 2038 3308 74.
2072 3236 2216 3308 llat.,
2245 3237 2448 3292 abrasis
2475 3238 2760 3308 prioribus,
2791 3235 2857 3291 Et
2879 3233 3156 3308 simulacra
3175 3242 3338 3308 terens
3361 3249 3449 3302 pe-

1877 3304 2047 3371 dibus,
2073 3307 2278 3360 scilicet
2305 3303 2726 3365 manu'recentis
2748 3303 3075 3364 correctoris
3092 3347 3105 3370 ,
3141 3303 3233 3373 qui
3261 3313 3452 3360 secun-

1880 3373 1999 3428 dam
2032 3377 2085 3430 in
2109 3377 2246 3430 idola
2269 3380 2462 3446 corripi
2489 3381 2720 3435 nolebat.

1957 3447 2044 3501 77.
2097 3447 2257 3503 Estne
2303 3449 2392 3504 hic
2418 3443 2763 3506 Maximianus
2789 3447 3082 3504 Herculeus
3115 3443 3182 3500 a'n
3212 3444 3455 3500 Galerius

1885 3515 2274 3592 Maximianus?
2311 3519 2549 3576 Gilanius
2582 3521 2957 3592 ltujuspotius
2993 3515 3455 3592 jussu__Enla_liam

1887 3597 2150 3642 mortuam
2181 3591 2252 3643 ait
2275 3591 2440 3644 verbo
2471 3586 2712 3647 uiridans.
2738 3586 3266 3657 cellarius’intelligit
3293 3586 3457 3640 Maxi-

1887 3657 2122 3739 mianum
2157 3659 2515 3740 Ilercnleum,
2549 3666 2635 3724 qui
2682 3659 2955 3740 τιμίω-5(λό
2979 3659 3272 3740 imperator
3301 3667 3416 3740 erat
3440 3697 3455 3722 ,

1887 3729 2126 3795 quamvis
2176 3729 2256 3783 fax
2289 3745 2339 3785 et
2367 3734 2660 3787 concitator
2700 3732 2859 3786 fuerit
2899 3726 3144 3784 Galerius
3179 3726 3458 3782 Maximia-

1889 3812 1990 3851 nus
2020 3806 2142 3852 tunc
2174 3801 2368 3856 Caesar.
2401 3802 2455 3855 In
2484 3804 2670 3858 eadem
2701 3800 2965 3858 sententia
2991 3807 3074 3853 est
3098 3797 3410 3852 Ruinartius
3443 3815 3454 3850 :

1889 3869 2008 3936 quia
2038 3883 2179 3940 anno
2212 3871 2309 3925 304
2337 3873 2387 3926 in
2413 3873 2684 3940 Hispania,
2708 3888 2825 3940 quae
2847 3869 3164 3926 Maximiano
3194 3867 3461 3922 Herculeo

1901 3938 2147 4005 parebat,
2182 3941 2456 3998 Datianum
2485 3938 2952 4000 sa-viisse'certum
2983 3948 3084 3996 est.
3129 3940 3309 4006 Actis,
3343 3952 3462 4008 quas

1893 4007 2154 4083 Eulaliam
2182 4014 2279 4066 sub
2303 4013 2700 4083 Calphurniano
2723 4013 2948 4082 praeside
2969 4025 3176 4080 passam
3200 4007 3463 4075 referunt,

1893 4082 2262 4137 auctoritatem
2295 4082 2566 4141 Prudentii
2599 4086 2788 4141 merito
2813 4085 3041 4148 praalert.

1965 4150 2054 4205 78.
2082 4151 2319 4220 Sapient.
2350 4173 2438 4222 xv,
2474 4159 2538 4212 16
2565 4167 2619 4213 et
2646 4157 2706 4210 17
2735 4175 2746 4208 :
2784 4155 2954 4210 Homo
2973 4153 3108 4209 enim
3140 4152 3256 4222 fecit
3278 4152 3463 4206 illos...

1895 4220 2022 4295 Cum
2043 4224 2176 4276 enim
2196 4225 2260 4278 sit
2282 4220 2533 4294 mortalis,
2561 4237 2812 4282 mortuum
2830 4226 2975 4295 ﬁngit
2997 4220 3232 4278 manibus
3256 4223 3464 4292 iniquis.

1899 4290 2084 4370 Melior
2123 4295 2255 4348 enim
2284 4307 2358 4351 est
2382 4299 2489 4364 ipse
2518 4290 2617 4365 bis,
2649 4315 2774 4370 quos
2801 4290 2924 4350 colit
2937 4337 2950 4361 ,
2976 4295 3093 4363 quia
3133 4294 3241 4358 ipse
3267 4290 3466 4362 quidem

1896 4363 2048 4434 vixit,
2079 4380 2193 4416 cum
2221 4379 2346 4422 esset
2378 4363 2635 4434 mortalis,
2661 4363 2745 4423 illi
2770 4376 2933 4421 autem
2959 4378 3237 4432 nunquam.

1969 4432 2057 4506 8t).
2089 4434 2230 4498 Ilat.,
2257 4439 2518 4506 prioribus
2546 4432 2772 4503 abrasis,
2807 4436 3008 4492 recenti
3038 4450 3197 4506 manu
3213 4442 3469 4506 ,_utraque

1903 4503 2085 4569 frivola
2110 4521 2204 4574 pro
2223 4502 2406 4576 frivola
2428 4502 2940 4580 utraqtie.Caut‘llius
2962 4505 3194 4562 malebat
3209 4502 3470 4580 Frivolttnt

1902 4569 2286 4655 utrumquepet
2320 4569 2589 4646 utrumque
2620 4580 2768 4655 nihil.
2798 4569 2936 4655 Nihil
2959 4589 3041 4655 est
3067 4591 3308 4655 necesse.
3333 4575 3470 4655 A.libi

1902 4646 2061 4720 etiam
2078 4648 2355 4720 in_utraque
2369 4653 2671 4708 nominandi
2690 4665 2814 4707 casu
2829 4646 3462 4717 a'produxitPrudentius.

1827 4730 1880 4792 ι)
1977 4716 2063 4770 82.
2113 4715 2399 4792 Christiani
2442 4725 2730 4792 scriptorcs
2777 4715 2919 4792 idola
2959 4734 3056 4789 per
3107 4726 3472 4792 contemptum

1905 4796 2106 4861 vocant
2128 4789 2350 4858 lapides.
2385 4788 2652 4848 Arnobius
2680 4793 2772 4848 lib.
2805 4809 2844 4857 I,
2890 4788 3184 4861 Siquando
3205 4804 3472 4861 conspexe-

1903 4872 2014 4910 ram
2035 4858 2335 4916 lubricatum
2358 4866 2596 4932 lapidem.
2625 4865 2904 4926 Minucius,
2937 4858 3200 4931 lapides...
3229 4860 3473 4932 e/ﬁgiatos

1902 4943 2058 4994 sane,
2115 4943 2321 4999 unctos,
2353 4929 2714 4990 et'coronatos.
2747 4929 2999 4989 Nebrissa
3025 4938 3205 4993 notat,
3239 4929 3474 4984 clientem

1903 5000 2327 5073 essecnltorem,
2351 5010 2474 5073 quia
2503 5008 2670 5061 cliens
2695 5023 2724 5060 a
2746 5003 2971 5060 colendo
3001 5001 3214 5056 dicitur.

1973 5066 2060 5123 87.
2079 5066 2324 5148 ltiscript.
2351 5066 3050 5148 HispaniensemGruterus
3082 5073 3327 5140 pag.9.80
3358 5086 3476 5140 pro-

1909 5136 2010 5191 fert
2038 5155 2101 5194 ex
2123 5136 2329 5201 Scho'tti
2353 5136 2688 5218 alio'rumque
2705 5144 2996 5218 schedis,_s_i
3026 5136 3208 5218 ta_ir_ien
3232 5136 3474 5200 vera'est.

2241 5212 2750 5274 DIOCLETIANVS.
2778 5213 3022 5272 IOVINS.
3057 5212 3145 5268 ET

2287 5289 2646 5344 MAXIMIAN.
2682 5283 3094 5342 HERCVLEVS

2465 5360 2660 5416 CAES.
2687 5357 2890 5412 AVGG.

2255 5429 2735 5484 AMPLIFICATO.
2756 5427 2910 5480 PER.
2933 5425 3142 5481 ORIEN

2319 5501 2481 5556 'IEM.
2512 5501 2618 5554 ET.
2653 5496 3089 5553 OCCIDENTEM

2503 5601 2508 5606 -
2555 5570 2690 5625 IMP.
2723 5569 2864 5624 ΙίοΜ

2649 5639 2735 5694 ET

2267 5710 2546 5767 NOMINE.
2570 5709 3124 5768 CHRISTIANORVM

2245 5781 2526 5840 DELETO.
2551 5782 2933 5907 g'liI‘MP.
2979 5779 3161 5837 EVER
