4038 6288
620 359 720 418 351

869 471 1038 542 Quam
1068 472 1219 543 juvat
1245 472 1344 529 lios
1378 473 1556 542 apices
1585 472 1780 542 legere,

866 565 967 634 Qui
997 574 1110 633 tua,
1137 565 1368 636 Christe,
1398 575 1593 637 tropaea
1629 569 1844 623 notant!

869 657 1033 730 954
1056 657 1260 714 Nomen
1286 666 1342 714 et
1376 659 1488 728 ipsa
1517 674 1728 716 sacrum
1755 660 1988 731 loquitur

873 750 1112 822 Purpura
1146 751 1424 822 sanguinis
1450 752 1636 808 eliciti.

804 842 927 899 Haec
955 844 1071 900 sine
1098 843 1312 902 ﬂetibus
1343 855 1400 902 et
1423 848 1626 917 gemitu

874 934 1018 989 Laeta
1048 935 1292 1004 canebat,
1317 945 1372 992 et
1401 936 1687 1008 intrepida.

875 1024 1030 1080 Diras
1055 1025 1208 1082 abest
1237 1027 1390 1083 dolor
1418 1042 1485 1082 ex
1524 1028 1726 1096 animo,

877 1115 1220 1188 Membraque
1241 1119 1380 1188 picta
1401 1132 1592 1175 cruore
1611 1135 1752 1176 novo

626 751 730 807 140

629 1210 731 1265 145
878 1211 1047 1267 Fonte
1073 1221 1250 1267 cutem
1281 1213 1554 1269 recalente
1587 1213 1788 1270 lavant.

807 1300 1000 1358 Ultima
1029 1303 1336 1358 carnificina
1362 1303 1572 1372 dehinc,

878 1394 991 1450 Non
1023 1396 1276 1452 laceratio
1300 1397 1568 1464 vnlnilica,

875 1487 1036 1571 crate
1066 1497 1218 1544 tenus
1248 1503 1348 1544 nec
1381 1499 1526 1544 arata
1561 1490 1696 1544 cutis
1731 1506 1746 1542 :

879 1584 1114 1639 Flamma
1147 1582 1238 1640 sed
1265 1581 1497 1652 undique
1526 1581 1858 1649 lampadibus

885 1679 941 1734 In
973 1681 1138 1734 latera
1168 1683 1611 1753 stomachumque
1641 1677 1788 1737 furit.

806 1767 981 1824 Crinis
1008 1772 1206 1826 odorus
1229 1781 1284 1826 et
1309 1773 1360 1826 in
1383 1772 1595 1843 jugulos

871 1863 1157 1931 Fluxerat,
1197 1865 1484 1921 involitans
1517 1865 1777 1932 humeris,

868 1953 1030 2027 955
1058 1957 1174 2023 Quo
1200 1955 1506 2025 pudibunda
1536 1958 1820 2028 pudicitia,

875 2044 1264 2119 Virgineusque
1292 2048 1484 2106 lateret
1511 2049 1704 2120 honos,
1808 2068 1840 2074 -

630 1676 736 1733 150

2247 1863 2426 1924 B170

1721 359 2000 416 AURELII
2040 359 2402 419 i’llUDENTIl
2441 365 2766 422 CARMINA.
3058 319 3066 323 -
3747 373 3822 432 361

2231 481 2416 541 A155

2561 481 2822 551 Tegmine
2852 482 3067 538 verticis
3092 483 3360 554 opposito.

2480 572 2722 628 Flamma
2746 587 2971 642 crepans
3000 574 3144 630 volat
3163 575 3217 631 in
3247 574 3457 642 faciem,

2553 665 2758 736 Perque
2777 679 2958 722 comas
2983 676 3250 737 vegetata,
3279 679 3437 740 caput

2548 759 2807 830 Occupat,
2838 769 3234 832 exsuperatque
3251 765 3454 832 apicem
3476 784 3486 817 :

2561 851 2747 924 Virgo,
2775 852 2936 909 citum
2957 854 3185 925 cupiens
3207 855 3435 922 obitum,

2557 946 2776 1014 Appetit
2801 953 2858 1001 et
2881 944 3018 1001 bibit
3044 960 3142 1002 ore
3168 961 3378 1018 rogum.

2489 1035 2700 1092 Emicat
2724 1035 2851 1092 inde
2874 1037 3122 1093 columba
3145 1053 3364 1105 repens,

2559 1130 2811 1202 Martyris
2831 1145 2894 1186 os
2921 1131 3043 1188 nive
3066 1131 3345 1189 candidior

2562 1220 2688 1277 Visa
2719 1222 3044 1292 relinquere,
3075 1235 3130 1280 et
3153 1233 3299 1280 astra
3323 1226 3497 1296 sequi:

2559 1311 2790 1382 Spiritus
2822 1312 2908 1370 hic
2933 1324 3048 1370 erat
3070 1314 3289 1370 Eulaliae

2566 1404 2872 1473 Lacteolus,
2901 1407 3066 1475 celer,
3091 1407 3372 1464 innocuus.

2490 1496 2639 1556 Colla
2670 1499 2861 1569 ﬂuunt,
2886 1501 3118 1557 abeunte
3146 1503 3347 1570 anima,

2572 1590 2638 1646 Et
2664 1605 2822 1662 rogus
2853 1591 3040 1663 igneus
3057 1593 3318 1649 emoritur
3344 1611 3359 1645 :

2569 1681 2735 1753 956
2765 1683 2870 1737 Pax
2901 1683 3060 1738 datur
3083 1683 3306 1738 artubus
3331 1683 3611 1751 exanimis,

2567 1772 2747 1828 Flatus
2772 1773 2826 1828 in
2854 1774 3055 1830 aethere
3079 1774 3281 1844 plaudit
3306 1789 3491 1840 ovans,

2570 1867 2898 1938 Templaque
2927 1869 3067 1924 celsa
3099 1870 3230 1939 petit
3257 1869 3495 1926 volucer.

2494 1956 2638 2012 Vidit
2662 1966 2719 2013 et
2743 1958 2860 2028 ipse
2882 1958 3118 2026 satelles,
3148 1973 3301 2014 avetn

2555 2049 2794 2106 Feminae
2817 2050 2885 2107 ab
2903 2064 2998 2106 ore
3027 2065 3205 2108 meare
3240 2052 3436 2123 palam,

2310 943 2416 1003 160

2316 1404 2421 1461 165

1943 2183 2231 2244 GLOSSE
2270 2187 2612 2245 VETERES.

705 2295 1021 2380 13‘7.._Qi_iam
1046 2295 1212 2366 juvat,
1237 2297 1291 2352 in
1309 2305 1556 2368 quantum
1567 2299 1856 2372 jucundum
1875 2307 1969 2356 est.
1990 2329 2058 2340 —
2080 2300 2213 2370 Hos,

632 2369 882 2433 martyrii,
910 2367 948 2420 I.
1321 2367 1328 2368 ί
1567 2367 1582 2372 ⁷

863 2437 1059 2512 Eliciti,
1093 2442 1315 2512 expressi
1341 2441 1419 2495 vel
1445 2443 1656 2496 extracti
1676 2481 1690 2501 .
1721 2441 1825 2498 lso.

707 2506 825 2581 116.
857 2506 1195 2581 βπυὶῐῑείηέι,
1223 2512 1364 2566 locus
1389 2512 1468 2566 vel
1494 2512 1820 2581 excruciatio,
1851 2512 1890 2566 Ι.

708 2577 826 2633 151.
859 2579 916 2634 1η
937 2580 1184 2651 jugulos,
1215 2584 1268 2636 in
1297 2593 1517 2650 pectora.
1555 2583 1685 2638 Mar.

2395 2301 2520 2359 161.
2543 2301 2768 2369 Emicat,
2799 2301 2937 2370 salit.
2968 2332 3034 2341 —
3066 2301 3296 2370 Repens,
3325 2302 3514 2369 subita,
3543 2300 3582 2356 Ι.

2395 2374 2522 2428 165.
2547 2375 2833 2437 innocuus,
2859 2369 2991 2426 sicut
3017 2369 3246 2426 columba
3274 2383 3369 2430 est.
3401 2374 3442 2427 Ι.

2392 2444 2520 2500 169.
2553 2443 2779 2508 Plaudit,
2813 2443 2962 2508 ludit,
2987 2446 3219 2513 jocatur,
3255 2444 3294 2498 1.

2391 2515 2518 2571 171.
2550 2514 2797 2583 Satelles,
2821 2515 3083 2580 minister;
3104 2516 3180 2569 vel
3206 2531 3416 2584 sequax,
3447 2515 3484 2570 1.

1965 2710 2529 2771 COMMENTARIUS.

706 2871 829 2930 144.
862 2873 1096 2928 Breviar.
1129 2873 1262 2928 Moz.
1285 2914 1300 2938 ,
1333 2875 1492 2927 tincta
1517 2913 1532 2938 ,
1564 2871 1791 2929 fortasse
1835 2873 2027 2929 melius
2052 2888 2212 2945 quam

520 2956 524 2958 ·
631 2954 810 3016 pictai:
841 2945 1220 3016 namsequitur
1243 2947 1435 3000 lavant.

711 3015 827 3086 145.
857 3015 1079 3084 Widm.,
1105 3016 1356 3071 recalente
1375 3016 1575 3080 levant;
1606 3030 1788 3086 supra,
1811 3017 2001 3082 lavant,
2025 3015 2212 3085 probe.

705 3085 826 3142 M8.
861 3086 982 3141 Vat.
1013 3092 1090 3154 A,
1123 3087 1373 3149 ilailsbr.,
1406 3089 1584 3156 Egm.,
1615 3085 1754 3153 PaL,
1784 3088 1948 3157 Bong.
1982 3101 2009 3140 a
2042 3088 2214 3156 prima

633 3172 815 3223 manu,
839 3175 924 3211 ore
949 3168 1113 3212 tenus.
1138 3159 1240 3213 Alii
1267 3159 1453 3213 melius
1475 3167 1758 3212 cratetenus
1780 3159 1864 3213 vel
1885 3167 2023 3211 crate
2047 3168 2212 3211 tenus.

633 3229 871 3284 Breviar.
903 3228 1062 3293 Moz.,
1091 3232 1252 3295 male,
1277 3231 1432 3283 cratis
1461 3238 1624 3284 tenus.
1654 3229 1768 3282 Non
1793 3229 1962 3284 semel
1987 3229 2217 3282 Pruden-

636 3299 741 3353 tius
771 3308 956 3354 cratem
993 3313 1089 3367 pro
1117 3305 1268 3354 costis
1298 3300 1601 3368 usurpavit,
1635 3300 1711 3353 uti
1739 3299 1991 3370 Virgilius
2018 3299 2215 3368 aliique

637 3377 830 3438 poetae.
878 3371 1030 3424 Boria
1073 3371 1174 3424 loc.
1215 3372 1305 3425 cit.
1326 3411 1342 3435 ,
1371 3381 1561 3423 cratem
1591 3371 1800 3426 videtur
1823 3370 2095 3439 accepisse
2125 3384 2220 3438 pro

638 3439 845 3503 eettleo,
869 3440 1010 3508 quod
1036 3439 1244 3495 defendi
1279 3442 1478 3508 nequit.

707 3509 832 3566 149.
865 3510 938 3568 De
965 3511 1065 3567 hoc
1085 3513 1348 3581 supplicio
1367 3511 1567 3580 inspice
1590 3512 1821 3568 tabulam
1843 3527 1894 3566 tx
1917 3518 1971 3566 et
1996 3526 2108 3567 xiv.
2136 3510 2217 3566 An

635 3583 737 3637 alia
766 3584 1024 3652 supplicia
1050 3599 1167 3651 qua:
1194 3583 1261 3638 de
1289 3583 1610 3638 Emeritensi
1635 3584 1835 3640 Eulalia
1864 3585 1914 3637 in
1943 3583 2059 3649 ejus
2086 3583 2221 3638 actis

637 3653 970 3719 referuntur,
1001 3670 1098 3723 pro
1126 3655 1288 3709 certis
1321 3654 1562 3709 habenda
1589 3655 1730 3721 sint,
1767 3655 2042 3724 disputant
2079 3667 2215 3707 non-

637 3726 787 3779 nulli.
821 3725 1068 3780 Narratio
1098 3725 1367 3780 Prudentii
1405 3734 1556 3781 certa
1597 3727 1724 3780 milii
1764 3735 1884 3790 est;
1937 3724 2069 3789 alia,
2101 3739 2219 3793 qua:

634 3796 919 3860 adduntur,
952 3808 1040 3850 aut
1067 3797 1192 3851 falsa
1225 3807 1315 3851 aut
1338 3797 1512 3851 minus
1543 3806 1688 3852 certa
1717 3805 1859 3851 sunt.

711 3869 828 3922 151.
864 3868 1100 3923 Breviar.
1135 3869 1268 3922 Moz.
1292 3911 1306 3933 ,
1339 3878 1609 3936 corrupte,
1642 3867 1811 3921 Crinis
1841 3876 1888 3920 et
1920 3865 2047 3920 odor
2079 3874 2134 3919 ut
2166 3866 2220 3920 in

635 3939 860 4010 iugulos.
891 3939 1032 4010 Ald.,
1060 3939 1202 4002 [’nt.,
1226 3938 1459 4010 Tliuan.,
1485 3940 1619 4003 Alt.,
1647 3939 1818 4010 Rott.,
1842 3937 2011 4010 Crinis
2032 3939 2220 4010 odorus

637 4007 691 4080 'u_t
726 4009 778 4059 in
798 4009 1011 4080 iugulos
1037 4008 1330 4080 {nequeid
1359 4009 1628 4080 immutari
1660 4009 1932 4080 debuisse.
1958 4007 2220 4080 ait__l_lein-

638 4077 769 4132 sius.
800 4077 1172 4132 Nihilominus
1205 4077 1320 4132 Vat.
1355 4079 1414 4142 Β,
1451 4080 1608 4141 Man,
1640 4081 1782 4142 Rat.,
1813 4077 1990 4146 Piag.,
2022 4077 2219 4133 Weitz.

641 4155 698 4202 et
725 4148 1037 4219 aliiliabent
1061 4159 1106 4202 et
1133 4149 1184 4201 in
1202 4149 1434 4219 jugulos.
1467 4150 1734 4204 Giselinus
1759 4149 1916 4204 etiam
1944 4157 2012 4215 et,
2045 4151 2137 4202 sed
2169 4150 2220 4203 in

641 4218 989 4274 emendandis
1017 4218 1222 4274 monuit
1254 4221 1305 4273 in
1332 4220 1600 4289 plerisque
1630 4220 1779 4274 libris
1809 4219 1909 4288 legi
1941 4230 1992 4270 ιιι
2022 4234 2117 4288 pro
2148 4229 2218 4284 et,

641 4300 696 4344 et
722 4291 1017 4345 orationem
1063 4305 1182 4346 esse
1227 4291 1653 4358 suspendendam
1695 4305 1865 4359 usque
1895 4289 1961 4342 ad
1991 4293 2220 4344 alterum

641 4360 950 4428 quinionem
971 4363 1082 4417 sive
1101 4365 1398 4430 str0pltam.
1423 4361 1624 4416 Crinem
1649 4362 1865 4414 odorum
1885 4371 2059 4426 vocat,
2078 4360 2221 4427 quod

640 4431 822 4502 divino
861 4433 1120 4488 miraculo
1146 4434 1380 4488 suaviter
1418 4433 1764 4502 fragraverit,
1794 4441 1850 4485 ut
1872 4431 2122 4499 Virgilius
2148 4434 2224 4486 ait

641 4518 657 4555 l
683 4501 898 4558 Aineid.
931 4519 1072 4558 vers.
1108 4503 1236 4568 405.
1269 4501 1646 4572 Ambrosiasque
1673 4517 1830 4556 comta
1857 4503 2084 4556 divinum
2114 4519 2223 4556 ver-

641 4574 968 4646 ticeiodorem
998 4575 1288 4646 Spiravere.
1320 4574 1568 4630 Nebrissa
1603 4574 1746 4628 hunc
1773 4572 2223 4646 versuntVirgilii

2327 2890 2462 2929 cens.
2495 2873 2736 2930 Breviar.
2769 2872 2928 2936 Moz.,
2954 2873 3170 2943 replens.
3203 2872 3439 2930 Latinius
3464 2889 3528 2931 ex
3567 2876 3768 2943 ingenio,
3799 2893 3823 2931 ιι

2329 2957 2477 3014 puto,
2511 2945 2604 3000 sed
2634 2953 2808 3007 acute,
2856 2945 3088 2998 columba
3127 2955 3314 3015 tepens.
3343 2945 3532 3001 Petrus
3559 2945 3770 3012 Laueri,
3802 2949 3838 3003 iit

2317 3017 2587 3071 dissertat.
2615 3015 2682 3070 de
2704 3015 2898 3083 regulis
2921 3017 3150 3081 critices,
3208 3015 3234 3085 §
3282 3016 3335 3083 6,
3385 3016 3618 3072 afﬁrmat
3658 3020 3701 3072 in
3739 3019 3838 3072 actis

2318 3086 2378 3143 S.
2411 3085 2689 3156 Polycarpi
2716 3087 2875 3142 verba
2918 3087 3024 3142 illa.
3075 3085 3293 3155 Egressa
3321 3095 3395 3141 est
3423 3089 3670 3152 columba,
3708 3090 3839 3145 solum

2317 3158 2616 3227 significare
2662 3159 2892 3212 animam
2939 3157 3166 3212 exivisse
3201 3175 3213 3209 :
3253 3173 3398 3224 nam,
3440 3170 3496 3212 ut
3542 3176 3605 3214 ex
3651 3160 3839 3228 Aringho

2319 3231 2542 3297 aliisque
2597 3237 2827 3291 constat,
2878 3230 2931 3282 in
2987 3228 3432 3283 cmmeterialibus
3470 3229 3840 3286 Christianorum

2323 3301 2718 3364 monumentis,
2759 3310 2905 3354 certe
2935 3300 2986 3353 in
3017 3299 3402 3364 sepulcralibus
3431 3302 3725 3356 eorumdcm
3750 3303 3843 3354 titu-

2321 3371 2388 3424 lis
2411 3371 2717 3440 frequenter
2742 3369 3162 3439 deprehenditur
3199 3370 3443 3426 columba
3484 3372 3550 3425 ad
3591 3371 3844 3426 indicandas

2320 3443 2526 3496 animas
2568 3441 2855 3510 justorum.
2909 3440 3172 3496 Recenset
3223 3442 3354 3495 alias
3403 3441 3650 3497 historias
3697 3443 3846 3508 quibus

2320 3527 2535 3582 egressa
2561 3512 2809 3566 columba
2839 3510 3051 3572 dicitur,
3083 3524 3137 3566 ut
3180 3512 3315 3566 lianc
3348 3512 3406 3570 8.
3435 3513 3651 3568 Eulaliae
3671 3514 3716 3568 in
3741 3512 3845 3566 Pru-

2321 3583 2504 3640 dentio
2548 3592 2604 3638 et
2651 3585 2700 3636 in
2750 3583 2948 3654 missali
2994 3582 3327 3654 Mozarabico
3349 3583 3416 3637 de
3445 3594 3665 3654 utraque
3689 3583 3845 3637 Eulalia

2323 3655 2642 3709 Emeritensi
2685 3663 2740 3708 et
2769 3652 3165 3716 Barcinonensi,
3211 3654 3268 3705 S.
3318 3653 3496 3719 Potiti,
3547 3652 3604 3710 Si.
3636 3654 3846 3722 Quintini,

2320 3725 2380 3781 S.
2415 3725 2713 3792 Reparatze,
2740 3723 2799 3778 S.
2833 3724 3064 3788 Devoue,
3095 3724 3149 3779 S.
3195 3723 3318 3791 Spei
3364 3725 3590 3789 abbatis,
3624 3726 3676 3780 S.
3703 3725 3846 3778 Felicis

2322 3795 2675 3857 Trevirensis.
2709 3796 2765 3849 S.
2796 3795 3021 3862 Meningi
3052 3795 3308 3858 Fullonis,
3339 3794 3396 3850 S.
3432 3795 3591 3850 Blasii
3617 3797 3849 3851 Armenta-

2322 3867 2407 3931 rii,
2449 3866 2545 3922 SS.
2572 3865 2700 3932 Viti,
2752 3865 2994 3924 Modesti,
3041 3875 3096 3920 et
3121 3865 3466 3930 Crescentiaz,
3505 3865 3565 3922 S.
3598 3866 3765 3929 Olivaz,
3802 3867 3844 3916 S.

2323 3939 2613 3999 Amatoris,
2645 3937 2700 3990 8.
2731 3935 3402 4006 ScliolasticaeLLazzerus
3445 3937 3732 4006 suspicatur
3772 3935 3847 3988 ali-

2323 4024 2455 4078 quos
2486 4023 2552 4064 ex
2584 4007 2816 4073 simplici
2839 4007 3040 4078 plirasi,
3087 4004 3304 4078 Egressa
3332 4017 3406 4061 est
3435 4004 3683 4078 columba,
3720 4007 3849 4060 mira-

2323 4077 2500 4133 culum
2529 4078 2839 4133 adornasse.
2880 4077 3146 4146 Quidquid
3186 4085 3365 4132 autem
3395 4079 3466 4132 sit
3491 4077 3558 4132 de
3586 4079 3697 4133 aliis
3722 4078 3852 4130 histo-

2324 4151 2448 4214 riis,
2511 4149 2830 4204 Prudentius
2872 4149 3164 4202 clarissime
3203 4156 3384 4202 narrat
3425 4149 3719 4204 columba
3750 4146 3854 4200 emi-

2325 4223 2501 4276 cuisse
2532 4221 2650 4274 nive
2681 4219 3067 4281 candidiorem,
3108 4234 3225 4288 quae
3273 4233 3333 4273 os
3366 4221 3622 4287 martyris
3663 4222 3760 4272 visa
3781 4216 3856 4288 luit

2326 4293 2650 4361 relinquere,
2682 4301 2735 4345 et
2765 4303 2907 4344 astra
2939 4291 3088 4359 sequi
3115 4287 3315 4361 {quam
3360 4290 3607 4361 spiritum
3649 4304 3755 4344 esse
3778 4287 3856 4361 Ett-

2327 4362 2463 4417 lalize
2482 4359 2892 4431 interpretatur.
2927 4362 3056 4415 Vide
3081 4360 3214 4431 infra
3237 4374 3378 4414 vers.
3402 4359 3524 4415 171.
3558 4359 3856 4431 Decolumbis

2326 4448 2619 4503 carumque
2641 4430 3045 4502 significatione
3081 4430 3265 4486 confer
3290 4440 3584 4486 comment.
3614 4430 3677 4486 ad
3706 4433 3850 4501 Itymn.

2326 4505 2360 4559 5
2385 4505 2654 4570 Catltem.,
2687 4519 2824 4558 vers.
2861 4504 2976 4557 165.

2402 4575 2523 4630 165.
2552 4575 2820 4636 Barthius,
2851 4574 3030 4638 lib.vt,
3053 4587 3168 4641 cap.
3191 4571 3283 4638 28,
3310 4571 3566 4636 Advers.,
3593 4574 3664 4627 ait
3685 4573 3858 4626 lacteum

642 4643 847 4710 laudat;
880 4646 973 4701 sed
1000 4643 1187 4700 odorus
1219 4646 1448 4715 explicat
1487 4663 1587 4700 non
1616 4655 1734 4698 tunc
1753 4683 1767 4708 ,
1805 4643 1893 4698 sed
1919 4645 2005 4712 qui
2031 4643 2222 4698 solebat
2253 4655 2306 4715 ι)
2330 4660 2357 4698 a
2389 4645 2587 4700 Latinis
2615 4646 2740 4710 dici,
2769 4644 2908 4712 quod
2930 4653 3013 4698 est
3042 4643 3107 4697 ab
3127 4645 3278 4715 omni
3315 4643 3432 4715 labe
3467 4643 3695 4700 alienum
3727 4654 3852 4709 atque

641 4715 882 4786 odoribus
910 4718 1088 4786 sufﬁri.
1119 4717 1284 4772 Recte
1309 4718 1376 4771 ab
1410 4718 1528 4772 aliis
1555 4715 1935 4786 interpretibus
1962 4715 2222 4783 rejicitur.

641 4784 1142 4855 Suspicabar'crinis
1176 4789 1420 4842 honorus.
1474 4789 1607 4842 Puto
1645 4795 1823 4840 autem
1862 4784 2066 4839 crinem
2094 4788 2226 4840 odo-

643 4871 758 4910 rum
787 4858 922 4924 dici,
961 4858 1085 4928 quia
1112 4874 1231 4913 cum
1273 4873 1367 4926 per
1410 4873 1591 4913 comas
1622 4864 1958 4928 vegetaretur
1988 4857 2223 4928 flamma,

648 4937 704 4980 ut
731 4938 908 4995 postea
935 4925 1138 4995 narrat,
1160 4925 1322 4984 crinis
1348 4931 1572 4984 fetorem
1593 4928 1840 4982 emittere
1863 4925 2112 4993 debebat,
2131 4927 2225 4982 sed

645 4999 862 5054 odorem
918 5015 1136 5056 suavem
1193 5001 1486 5054 emittebat.
1550 4998 1736 5053 Simile
1799 4997 2111 5052 miraculum
2170 4998 2225 5054 in

647 5067 812 5140 odore
835 5075 921 5136 qui
949 5087 980 5125 e
1007 5085 1230 5140 corpore
1269 5071 1324 5124 S.
1363 5070 1632 5124 Laurentii
1666 5068 1970 5130 emanabat,
2015 5071 2226 5136 exposi-

649 5145 758 5191 tum
780 5139 889 5212 fuit
919 5157 1058 5196 Vers.
1088 5139 1192 5197 585
1221 5148 1275 5196 et
1304 5157 1452 5212 seqq.
1498 5141 1647 5195 Adde
1683 5140 1897 5192 odorum
1925 5153 2082 5206 posse
2108 5140 2225 5208 capi

651 5223 744 5277 pro
777 5211 910 5266 bene
939 5213 1021 5266 vel
1049 5215 1188 5267 male
1213 5213 1410 5266 olente.

723 5279 842 5336 152.
901 5283 1096 5349 Palat.,
1150 5283 1418 5349 humeros,
1466 5296 1570 5338 non
1629 5279 1787 5335 male.
1837 5278 1989 5334 Alex.
2040 5279 2227 5336 scribit

650 5365 853 5408 umeris.

650 5491 669 5542 ι
721 5422 844 5478 155.
876 5423 933 5478 In
965 5425 1209 5493 passione
1232 5425 1474 5496 Agnetis,
1497 5439 1637 5480 vers.
1661 5420 1750 5488 42,
1777 5431 1928 5477 vocat
1956 5420 2227 5475 verendum

672 5507 833 5542 0611111-

672 5507 833 5549 0811111.

647 5579 673 5610 .=-
724 5564 844 5649 15ft.
897 5565 1134 5649 Breviar.
1178 5566 1335 5634 1102.,
1378 5568 1532 5624 lateat
1557 5583 1578 5622 :
1618 5564 1900 5637 legendum
1939 5563 2119 5618 lateret
2158 5562 2228 5619 ad

649 5638 861 5703 regulas
891 5639 1064 5692 metri.

870 5709 1001 5791 φτ.
1032 5710 1251 5791 aprima
1273 5724 1452 5791 manu,
1482 5717 1751 5791 exsuperat
1779 5708 1993 5778 apicem.

719 5778 842 5850 159.
873 5780 1126 5836 Nonnulli
1151 5781 1318 5849 vulg.,
1351 5781 1449 5834 cito
1474 5778 1698 5850 cupiens.

718 5849 842 5908 161.
874 5853 1006 5909 Mar.
1041 5853 1107 5908 ad
1148 5847 1315 5919 marg.
1341 5867 1438 5917 pro
1474 5847 1681 5907 diversa
1713 5851 1860 5913 lect.,
1889 5847 2118 5902 columba
2147 5863 2219 5902 re-

2332 4727 2613 4780 remotum,
2675 4727 2731 4770 ut
2769 4716 3014 4770 lacteolus
3062 4729 3090 4768 a
3123 4712 3411 4769 Prudentio
3451 4715 3555 4769 hoc
3603 4717 3735 4780 loco,
3769 4720 3812 4765 et
3841 4723 3863 4760 a

2333 4787 2609 4842 Clialcidiu
2654 4789 2704 4841 in
2759 4785 3093 4855 Empedoclis
3142 4799 3392 4838 versuum
3449 4784 3863 4855 interpretatione.

2330 4855 2398 4912 Et
2425 4859 2515 4911 tali
2543 4875 2664 4912 sexu
2688 4858 2802 4912 inde
2833 4855 3048 4924 animal,
3078 4865 3180 4909 tum
3206 4856 3368 4909 lactea
3394 4856 3557 4926 virgo.

2405 4929 2524 4984 168.
2562 4930 2668 4984 Pax
2695 4928 2852 4983 datur
2878 4928 3111 4994 corpori,
3164 4935 3415 4996 tanquam
3461 4925 3507 4981 si
3557 4925 3748 4984 bellum
3772 4937 3867 4979 eum

2333 5009 2560 5070 tyranno
2591 5009 2646 5054 et
2676 5001 2957 5070 tormentis
2987 4999 3231 5070 gesserit.

2397 5072 2518 5126 170.
2554 5072 2606 5125 In
2640 5071 2758 5124 Vat.
2790 5073 2831 5124 A
2863 5069 3196 5124 desideratur
3215 5083 3311 5135 que
3351 5075 3473 5134 post
3523 5069 3730 5136 ternpla.
3767 5065 3868 5136 Ρτιιτ

2329 5141 2564 5216 dentium
2592 5140 2884 5216 credidisse
2915 5154 3078 5216 puras
3101 5133 3307 5193 animas
3337 5133 3468 5216 hinc
3497 5133 3804 5216 decedemus

2329 5214 2524 5268 Caelum
2580 5214 2815 5276 evolare,
2854 5207 2979 5278 quin
3019 5211 3072 5265 in
3108 5218 3312 5264 secreta
3359 5211 3537 5278 aliqua
3587 5209 3714 5266 sede
3759 5207 3872 5261 deti.

2331 5293 2573 5344 neantur.
2603 5283 3008 5339 resurrectionis
3035 5282 3172 5335 diem
3202 5289 3597 5348 exspectantes,
3623 5279 3872 5348 manifeste

2331 5371 2393 5409 ex
2423 5355 2522 5408 hoc
2547 5355 2662 5409 loco
2688 5365 2845 5423 atque
2873 5353 2994 5407 aliis
3018 5350 3282 5407 similibus
3303 5345 3378 5405 ’in
3422 5352 3520 5405 hoc
3557 5353 3692 5408 libro
3715 5349 3774 5404 de
3795 5345 3875 5402 Co-

2329 5427 2477 5480 ronis
2507 5425 2823 5481 ostenditur.
3253 5493 3261 5496 Α
3509 5491 3521 5496 _
3571 5495 3578 5496 ί
3750 5491 3759 5496 ,
3841 5487 3850 5496 .

2406 5497 2526 5551 171.
2564 5498 2812 5551 Heinsius
2835 5496 3002 5550 edidit
3030 5493 3151 5548 uidit
3179 5503 3224 5547 et
3245 5493 3389 5562 ipse;
3429 5491 3524 5547 sed
3567 5495 3617 5546 in
3656 5491 3875 5562 notisﬁvi-

2331 5568 2487 5624 detur
2513 5567 2652 5624 velle
2673 5568 2794 5621 vidit
2818 5578 2870 5620 ut
2890 5569 3015 5636 ipse,
3045 5565 3145 5618 nisi
3175 5564 3423 5627 mendum
3455 5563 3751 5632 irrepscrit.
3774 5561 3877 5636 :I'eu

2329 5639 2432 5694 lius
2471 5640 2629 5712 etiam
2671 5638 2794 5692 vidit
2836 5630 3070 5712 ut'_i_p_se,
3120 5637 3300 5690 nescio
3335 5630 3579 5712 quorum
3594 5648 3741 5712 mss.
3767 5630 3876 5712 title:

2329 5724 2451 5766 nam
2471 5710 2713 5780 plerique
2737 5725 2856 5765 cum
2883 5708 3011 5764 editi
3039 5718 3148 5762 tum
3177 5721 3310 5780 mss.
3335 5705 3532 5762 habent
3558 5706 3680 5759 uidit
3710 5713 3755 5759 et
3774 5705 3879 5769 ipse.

2403 5779 2526 5838 172.
2555 5779 2722 5838 Aldus
2752 5781 3027 5846 mendose,
3067 5779 3269 5849 femina.
