4024 6292
184 388 284 443 553

433 493 860 569 Obstupefactus,
893 509 946 558 et
973 501 1230 557 attonitus

433 593 670 661 Prosilit,
696 606 746 650 et
769 610 859 649 sua
890 604 1034 665 gesta
1067 595 1216 665 fugit,

188 685 286 744 175
349 756 352 758 γ
429 684 614 742 Lictor
637 694 694 742 et
719 685 834 758 ipse
862 684 992 756 fugit
1021 685 1262 755 pavidus.

333 765 503 834 "Ecce
537 777 711 834 nivem
737 775 979 848 glacialis
1010 776 1199 848 hyems

432 869 650 940 Ingerit,
677 877 731 923 et
759 868 885 939 tegit
911 882 1072 924 omne
1097 867 1303 923 forum:

433 961 667 1018 Membra
697 961 830 1032 tegit
856 960 1014 1016 simul
1038 959 1279 1026 Eulaliae,

311 1050 322 1126 tl
427 1055 544 1110 Axe
562 1053 790 1123 iacentia
820 1052 920 1107 sub
941 1050 1141 1122 gelido,

195 1151 288 1208 l80
429 1145 642 1204 Pallioli
665 1146 784 1202 vice
803 1143 1032 1202 linteoli.

1355 391 1914 450 PERISTEPIIANON
1959 391 2166 449 HYMN.
2213 394 2299 449 Ill.

1794 509 1844 569 Δ

3339 399 3442 459 551

2043 506 2208 561 Cedat
2241 520 2389 560 amor
2413 506 2797 578 lacryn‘iantum
2828 508 3124 578 hominum,

2112 597 2212 664 Qui
2242 599 2518 654 celebrare
2548 613 2801 669 suprema
2823 602 3016 669 solent,

2124 687 2329 743 Flebile
2351 689 2504 744 cedat
2529 698 2584 744 et
2612 690 2842 746 ofﬁcium
2869 710 2882 745 :

2115 779 2230 848 Ipsa
2261 781 2544 851 elementa,
2565 783 2786 853 iubente
2808 783 2940 851 Deo,

2113 870 2409 942 Exsequias
2435 873 2551 940 tibi,
2588 875 2759 945 virgo,
2794 874 2992 930 ferunt.

2043 961 2194 1018 Nunc
2221 964 2370 1020 locus
2399 964 2631 1020 Emerita
2653 977 2736 1022 est
2757 969 2957 1023 tumqu

2106 1055 2266 1126 957
2295 1053 2450 1110 Clara
2473 1057 2680 1113 colonia
2710 1058 2975 1115 Vettoniae
2999 1075 3014 1114 :
3329 1126 3331 1129 ι

2106 1146 2272 1218 958
2298 1146 2466 1216 Quam
2492 1150 2856 1206 memorabilis
2878 1151 3053 1208 amnis
3079 1153 3196 1207 Ana
3278 1205 3280 1210 ,

1866 869 1972 925 185

1499 1269 1784 1359 GLQSSE
1825 1270 2162 1330 vermes.

253 1395 372 1451 180.
406 1393 554 1458 Vice,
577 1393 631 1447 in
656 1387 1010 1456 similitudine,
1030 1386 1073 1458 1.

254 1465 372 1523 187.
401 1455 687 1531 Vettoniae,
713 1461 986 1534 provincia:
1015 1457 1304 1531 Hispaniae,
1335 1455 1375 1510 l.

1931 1385 2051 1442 188.
2087 1386 2220 1456 Ana,
2252 1389 2457 1456 ﬂuvius,
2488 1391 2529 1446 Ι.

1539 1557 2094 1620 COMMENTARIUS.

257 1714 372 1771 174.
409 1713 564 1778 Man,
587 1719 643 1766 et
670 1709 789 1764 Rat.
820 1721 917 1777 pro
946 1706 1152 1778 divers._
1188 1704 1557 1778 lectione,_sua
1586 1701 1745 1770 facta.

1855 1702 2171 1774 sentaneum
2206 1692 2445 1762 judicare
2485 1694 2784 1752 Vcttoniam
2805 1712 2934 1774 esse
2960 1703 3228 1774 regionem
3263 1719 3429 1774 popu-

258 1764 375 1841 11⁵1ξ
409 1764 774 1839 lucem—ment.
803 1764 868 1834 ad
889 1793 1032 1834 vers.
1053 1775 1121 1828 47
1142 1775 1372 1846 hymnii
1403 1764 1748 1846 observatum
1855 1764 2568 1846 lorum_Veti_onum,_quam
2617 1783 2736 1846 esse
2758 1770 2912 1846 aliud
2941 1764 3135 1846 nomen
3179 1764 3428 1832 Emerita:

197 1865 268 1915 est
302 1857 611 1923 plerumque
648 1851 702 1923 in
740 1850 856 1905 foro
901 1857 1163 1923 martyres
1182 1844 1506 1923 martyrium
1540 1856 1746 1923 passos.

1857 1837 2128 1913 Anguem.
2157 1833 2443 1913 Contendit
2466 1841 2626 1913 etiam
2650 1838 2891 1913 Scaliger
2911 1842 3235 1913 epigramma
3261 1850 3430 1901 Auso-

261 1906 634 1982 Ηέῗέτὶὅίοὲ.
649 1921 806 1985 Moz.,
823 1906 1141 1984 membraque
1161 1906 1478 1986 tegitcontra
1494 1906 1744 1986 metrum.
1778 1910 1826 1972 Β
1854 1906 1986 1986 nii_8
2001 1906 2083 1986 fle,
2100 1906 2601 1986 urbibqsz,Em9ritm
2619 1906 2931 1986 ,conveﬁire.
2948 1906 3025 1966 ὐῑ
3045 1914 3197 1968 lectio
3222 1917 3428 1985 mitrata

261 1997 374 2052 179.
407 1994 644 2050 Breviar.
673 1984 806 2047 M02.
831 1999 1098 2058 corrupte,
1124 1984 1239 2042 ossa
1262 1988 1427 2051 iacent
1448 1984 1538 2039 sub
1559 1984 1748 2056 gelido.

259 2068 373 2124 18%.
401 2067 585 2136 Prag.,
615 2077 847 2136 suprema
869 2063 1015 2114 solet.

260 2139 375 2194 186.
408 2124 589 2205 Prag,
629 2124 762 2205 hunc
804 2135 991 2205 locum,
1042 2129 1315 2205 mendose.
1357 2126 1473 2181 Vat.
1507 2125 1546 2180 P
1579 2124 1748 2205 male,

198 2227 286 2264 non
314 2210 473 2263 locus.
497 2195 642 2266 Kld.,
665 2203 872 2267 Heins.,
896 2201 1026 2256 Mar.
1049 2215 1080 2254 a
1102 2199 1334 2254 secunda
1357 2212 1534 2260 manu,
1553 2195 1748 2267 Alcm,

198 2281 304 2336 Vat.
324 2280 389 2346 ρ,
414 2277 568 2346 Urb.,
589 2274 781 2328 Weitz.
801 2265 980 2336 et'alii,
1005 2287 1144 2346 nene
1161 2271 1320 2346 locus.
1352 2268 1496 2335 Rat.,
1522 2265 1744 2346 Widm.,

198 2351 271 2404 hic
303 2341 459 2404 laicus.
510 2345 802 2407 Florezius,
849 2353 980 2398 tom.
1031 2341 1145 2395 Xlll
1183 2341 1334 2408 Hisp.
1377 2354 1538 2404 sacr.,
1590 2345 1744 2408 tract.

198 2421 278 2485 11,
305 2435 418 2488 cap.
446 2419 500 2482 6.
530 2416 732 2488 putavit
757 2430 887 2488 voee
908 2415 1104 2488 tumulo
1125 2407 1400 2488 declarari
1417 2409 1588 2464 locum
1615 2407 1748 2488 emi-

198 2480 394 2547 nentem
441 2480 548 2543 ubi'
576 2487 676 2542 sita
716 2495 796 2540 est
825 2485 1078 2539 Emerita.
1128 2481 1253 2536 Mihi
1281 2480 1746 2549 exploratumrest,

197 2561 344 2617 credo
369 2559 530 2615 etiam
558 2558 697 2621 aliis.
730 2569 1036 2611 sermonem
1065 2568 1183 2608 esse
1217 2551 1285 2607 de
1309 2548 1556 2621 sepulcro
1585 2548 1749 2621 Eula-

197 2631 290 2710 lia,
319 2631 455 2700 quod
476 2643 575 2684 suo
605 2619 843 2710 tempore
871 2623 1126 2710 Emerita};
1154 2637 1272 2706 esse
1302 2619 1385 2677 ait'
1404 2619 1747 2710 Prudentius.

196 2690 288 2758 Ubi
315 2690 487 2757 autem
514 2714 655 2754 nunc
687 2690 795 2752 sint
832 2695 1070 2766 reliquize
1097 2693 1252 2764 hujus
1279 2702 1479 2750 sanctae
1505 2690 1748 2761 virginis,

197 2773 386 2829 erudite
413 2770 662 2827 edisserit
690 2768 983 2824 Florezins.

259 2845 375 2898 187.
408 2842 652 2897 Lucanus
680 2839 775 2893 lib.
809 2855 861 2893 IV
897 2835 1142 2906 producit
1187 2852 1216 2888 o
1257 2835 1310 2890 in
1357 2833 1612 2898 Vettones,
1658 2838 1750 2886 aut

205 2913 430 2968 Vectones
453 2930 468 2978 ;
507 2911 841 2977 Vettonesque
865 2909 1010 2972 leves,
1047 2906 1353 2978 profugique
1377 2921 1409 2957 a
1429 2912 1575 2975 gente
1602 2910 1749 2956 vetu-

199 2995 266 3039 sta
290 2976 572 3038 Gallorum.
613 2976 866 3042 Vettonia,
913 2993 1019 3032 non
1052 2976 1296 3030 Vectonia
1333 2978 1572 3030 scribunt
1601 2981 1751 3027 vetu-

198 3054 373 3110 stiores
409 3052 684 3108 Heinsiani
724 3061 779 3105 et
821 3049 1024 3112 nostri;
1071 3048 1123 3101 in
1157 3047 1308 3102 Alex.
1358 3054 1534 3099 tamen
1575 3043 1752 3098 Vecto-

198 3127 306 3191 κὶα,
325 3126 374 3178 in
397 3125 516 3178 Vat.
535 3122 579 3190 ρ
603 3121 842 3176 Vetoniw.
875 3119 1192 3191 Prudentius
1212 3117 1434 3191 corripit
1461 3114 1749 3191 secundam

198 3196 244 3251 in
276 3185 503 3249 Vettonia
535 3185 747 3249 lieentia
771 3193 820 3245 in
853 3190 1150 3244 nominibus
1173 3187 1402 3257 propriis
1423 3185 1752 3257 valdercom-

199 3267 348 3322 muni.
389 3265 638 3320 Vettones
677 3277 706 3316 a
739 3261 1034 3321 Huinartio.
1077 3255 1440 3315 Chamitlardo
1486 3267 1537 3312 et
1563 3255 1750 3311 Teolio

198 3336 424 3391 locantur
452 3335 594 3390 inter
635 3333 851 3387 Durium
889 3341 943 3387 et
970 3331 1196 3400 Tagum.
1243 3330 1311 3384 At
1356 3338 1480 3383 tunc
1520 3327 1752 3400 Emerita

198 3418 334 3462 extra
363 3406 662 3461 Vettoniam
690 3411 851 3470 esset,
902 3417 1023 3458 cum
1052 3397 1192 3457 inter
1223 3400 1439 3455 Dorium
1470 3406 1525 3453 et
1553 3397 1754 3470 Tagum

197 3478 288 3533 sita
327 3491 429 3532 non
464 3477 555 3544 sit,
608 3475 702 3531 sed
741 3467 918 3544 potius
965 3473 1081 3542 ejus
1125 3471 1320 3544 moenia
1348 3467 1674 3544 prmierﬂuar
1702 3474 1757 3522 et

197 3548 324 3602 lavet
364 3538 832 3602 Anastellar'ius
863 3538 1160 3598 Vettoniam
1198 3538 1426 3597 collocat
1468 3540 1609 3594 inter
1645 3538 1753 3591 Du-

198 3620 325 3674 riuin
355 3628 409 3674 et
438 3620 629 3682 Anam,
667 3616 966 3686 praesertim
1005 3611 1288 3686 posteriori
1325 3627 1462 3673 aevo,
1515 3617 1757 3686 θέλξεω-

198 3704 302 3746 rem
329 3679 722 3758 inscriptionem
755 3679 1085 3756 producit'ex
1121 3681 1351 3738 Grutero
1379 3695 1499 3752 pag.
1533 3679 1657 3735 585.

490 3858 682 3917 PROC.
715 3857 1120 3916 PROVINCIAE
1151 3855 1442 3913 LUSITAN

693 3930 782 3986 ET
807 3968 822 3984 .
850 3927 1239 3984 VETTONIAE

199 4096 352 4160 Quam
395 4089 794 4160 inscriptionem
821 4087 1080 4160 Gruterus
1111 4095 1327 4160 exstare
1366 4085 1440 4160 ait
1468 4088 1518 4160 in
1552 4085 1752 4158 Hispali

199 4157 320 4217 nova
341 4177 372 4217 e
402 4157 647 4217 Fabricio
669 4171 723 4214 et
745 4159 946 4213 Morali.
991 4157 1230 4214 Similem
1263 4157 1668 4225 inscriptionem
1719 4171 1753 4212 θ

198 4231 451 4289 Hesendio
478 4231 696 4286 adducit
720 4230 975 4284 Gruterus
1007 4243 1127 4298 pag.
1167 4229 1290 4298 591,
1346 4243 1462 4294 qum
1501 4228 1752 4282 Emeritte

197 4305 243 4358 in
269 4304 426 4359 domo
452 4303 593 4357 Petri
625 4300 808 4354 Mexim
835 4297 1121 4353 visebatur.
1169 4297 1219 4368 Ar
1238 4297 1528 4353 Prudentio
1553 4301 1753 4368 hymno

195 4389 323 4444 seq,
363 4387 508 4428 vers.
537 4371 629 4444 57,
679 4370 913 4444 Emerita
959 4370 1152 4444 dicitur
1178 4367 1562 4444 Lusitanorum
1596 4367 1754 4444 caput

194 4438 488 4514 oppidorum
511 4458 531 4496 :
568 4442 807 4514 adeoque
839 4441 1092 4514 Vettonia
1127 4438 1548 4514 ad__Lusitaniam
1586 4439 1752 4514 perti-

193 4509 313 4570 nere
343 4514 576 4569 videtur.
627 4509 741 4566 Non
766 4526 897 4582 ergo
922 4511 1050 4582 satis
1078 4509 1389 4582 intelligitur
1417 4525 1515 4582 qua
1547 4509 1752 4582 ratione

195 4586 239 4638 in
275 4584 444 4640 veteri
491 4579 849 4650 inscriptione
885 4581 1150 4636 Lusitania
1199 4588 1254 4635 et
1293 4579 1535 4650 Vettonia
1564 4579 1752 4634 distin-

1779 3288 1826 3356 C

1859 1977 2109 2046 habebat,
2145 1991 2247 2029 non
2281 1976 2506 2044 Hispali,
2547 1978 2701 2046 cuius
2740 1995 2930 2036 nomen
2977 1995 3151 2037 ex5tat
3199 1986 3253 2039 in
3297 1976 3426 2042 mss.

1856 2056 1986 2101 vett.
2039 2045 2128 2124 Sic
2157 2047 2298 2099 enim
2343 2047 2493 2124 olim_
2516 2047 2792 2124 legebatirr
2831 2067 2846 2105 :
2892 2053 3020 2124 Jure
3057 2054 3183 2106 mihi
3220 2056 3430 2124 posthac

1854 2116 2213 2196 memorabere,
2240 2133 2419 2196 nomen
2444 2115 2680 2196 lierumt
2711 2119 2943 2196 Hispalis
2972 2115 3234 2191 aequoreus
3272 2143 3427 2196 quant

1855 2185 2444 2266 prwterla‘biturDamnis.
2481 2187 2760 2243 Summittit
2789 2185 2871 2245 cui
2891 2185 3139 2266 totastios
3171 2185 3426 2266 Hispania

1853 2255 2038 2328 fasces.
2063 2255 2298 2312 Corduba
2323 2273 2443 2322 non,
2477 2274 2578 2311 non
2603 2273 2716 2314 arce
2741 2270 2916 2327 potens
2937 2264 3026 2316 tibi
3053 2255 3280 2319 Tarraco
3311 2283 3422 2319 cer-

1854 2340 1983 2393 tant,
2011 2328 2233 2398 Quinque
2261 2329 2376 2382 sinu
2403 2329 2569 2398 pelagi
2587 2330 2754 2398 jactat
2779 2348 2833 2386 se
2858 2331 3086 2387 Bracara
3111 2335 3268 2390 dives.
3298 2336 3429 2391 Séa-

1854 2348 1983 2393 tant,
2011 2348 2233 2397 Lauteque
2261 2348 2376 2382 smu
2403 2348 2568 2398 petagt
2619 2348 2754 2383 acuit
2779 2348 2833 2386 se
2858 2348 3086 2387 uracara
3111 2348 3268 2390 ames.
3298 2348 3429 2391 sca-

1852 2399 1986 2469 liger
2012 2399 2138 2478 legii
2169 2397 2392 2451 Emerita
2433 2414 2528 2468 pro
2576 2348 3287 2478 iiiSpalis_,_qnia_Hispalim
3322 2421 3429 2462 non

1853 2470 2164 2542 praeterﬂuit
2193 2484 2474 2542 aequoreus
2497 2471 2691 2534 amnis,
2721 2473 2811 2526 sed
2841 2470 3174 2542 Emeritam,
3206 2485 3429 2534 testem-

1851 2539 1956 2610 que
2000 2539 2242 2610 producit
2289 2539 2658 2610 Prudentium.
2711 2541 2824 2596 Ana
2874 2545 3017 2599 enim
3068 2539 3260 2601 ﬂuvius
3294 2547 3430 2604 hanc

1851 2609 2032 2672 alluit;
2086 2609 2226 2678 quod
2271 2609 2650 2677 disertissime,
2695 2622 2750 2666 ut
2801 2613 2908 2677 ait,
2954 2629 2983 2669 a
3015 2615 3302 2672 Prudentio
3346 2617 3430 2672 his

1852 2680 2444 2756 versibus__eXplicatur.
2483 2681 2681 2756 Contra
2714 2697 2814 2753 ego
2843 2685 3092 2756 existimo
3120 2701 3426 2756 aequoreum

1852 2766 2062 2828 amnem
2090 2751 2341 2817 Hispalim
2367 2753 2689 2828 praeterlabi,
2714 2751 2824 2828 non
2847 2755 3158 2812 Emeritam.
3185 2751 3431 2828 Scaliger

1853 2823 2083 2896 explicat
2109 2837 2386 2890 aequoreos
2414 2836 2600 2878 amnes
2623 2823 2728 2877 dici
2759 2829 2984 2896 quorum
3015 2829 3150 2880 ostia
3169 2829 3210 2893 ,'
3225 2823 3427 2896 quia'in

1852 2894 2122 2968 oceanum
2154 2902 2536 2956 exoneramur,
2567 2904 2755 2968 aestum
2777 2893 2973 2968 Oceani
3003 2893 3295 2968 patiuntur.
3320 2899 3429 2968 Ego

1851 2963 1997 3036 addo
2012 2977 2318 3036 aequoreum
2348 2977 2581 3036 amnem,
2635 2964 2722 3031 qui
2753 2963 3182 3036 aliquam’alluit
3219 2963 3428 3032 urbem,

1855 3033 2076 3099 intelligi
2101 3034 2167 3088 de
2195 3048 2351 3087 amne
2381 3035 2467 3102 qui
2501 3035 2554 3088 in
2585 3048 2647 3089 ea
2679 3033 2857 3102 parte'
2882 3036 2969 3090 ubi
3015 3046 3205 3092 aestum
3233 3039 3428 3094 Oceani

1855 3107 2075 3174 patitur,
2096 3105 2285 3174 urbem
2315 3105 2705 3174 praeterlabitur
2729 3123 2740 3156 :
2769 3119 2889 3160 nam
2913 3106 3143 3174 alioquin
3169 3109 3236 3162 de
3255 3108 3428 3163 omni-

1854 3173 1954 3247 bus
1980 3173 2154 3229 ﬂuviis
2176 3175 2263 3247 qui
2287 3174 2338 3228 in
2357 3173 2632 3247 _(_)ceanum
2655 3189 2720 3247 se
2735 3173 3098 3247 exonerantid
3121 3179 3429 3247 promiscue

1855 3245 1959 3302 dici
1987 3254 2184 3314 posset.
2216 3245 2333 3298 Jam
2365 3244 2524 3298 Baetis
2550 3246 2800 3313 Hispalim
2830 3244 3165 3316 praeterﬂuit,
3213 3257 3290 3316 et,
3335 3249 3426 3305 ubi

1855 3331 1972 3372 eam
1999 3316 2168 3381 alluit,
2212 3324 2372 3369 aestus
2395 3316 2554 3370 maris
2585 3317 2893 3385 percipitur.
2929 3319 3164 3373 Emerita
3196 3333 3324 3374 vero
3355 3319 3430 3375 ita

1857 3387 2001 3442 amni
2031 3388 2160 3460 Ante
2185 3385 2425 3460 apposita
2457 3395 2540 3440 est
2563 3426 2578 3451 ,
2605 3398 2684 3460 _ut
2712 3387 2780 3441 ab
2811 3396 2944 3444 azstu
2974 3389 3135 3460 maris
3166 3390 3322 3460 longe
3361 3391 3431 3445 sit

1855 3465 2082 3528 remota.
2115 3455 2333 3528 Accedit
2366 3471 2553 3528 nomen
2584 3455 2821 3528 Iberum,
2874 3459 3013 3528 quod
3045 3459 3118 3513 ait
3143 3455 3428 3526 Ausonius,

1855 3527 1921 3583 de
1950 3526 2148 3601 Hispali
2179 3535 2322 3580 recte
2347 3526 2472 3601 dici,
2494 3599 2502 3601 _
2524 3527 2704 3601 minus
2743 3526 2984 3601 recte'de
3013 3530 3282 3601 Emerita,
3310 3544 3433 3601 qum

1854 3599 2138 3668 potiusest
2167 3597 2636 3668 nomenLatinnm
2666 3599 2776 3668 sive
2799 3599 3006 3665 Italum,
3026 3608 3083 3652 ut
3109 3600 3176 3655 de
3205 3597 3304 3655 suo
3328 3597 3426 3655 ito-

1854 3666 1997 3740 inine
2021 3666 2170 3740 dixit_
2183 3666 2450 3740 Ausonius
2479 3669 2636 3740 epist.
2663 3667 2730 3721 16
2762 3685 2776 3721 :
2807 3669 3064 3740 Apologos
3089 3685 3151 3724 en
3169 3671 3302 3725 misit
3338 3669 3431 3724 tibi

1854 3737 1928 3790 Ab
1948 3752 2103 3801 usque
2133 3734 2295 3788 Rheni
2318 3736 2473 3790 limite
2499 3734 2775 3799 Ausonius.
2817 3734 3002 3792 nomen
3023 3738 3234 3804 Italum,
3281 3740 3433 3795 Prat-

1855 3815 2024 3875 ceptor
2049 3806 2382 3876 Augustino.
2433 3806 2498 3860 Et
2527 3816 2642 3860 erat
2678 3807 2895 3876 quidem
2925 3809 3088 3863 etiam
3136 3817 3246 3863 tum
3287 3810 3432 3866 cele-

1852 3875 2240 3948 berrimarurbs
2270 3875 2771 3948 HiSpalis,r_Colonia
2794 3876 3042 3944 Romula,
3075 3879 3214 3948 apud
3242 3879 3431 3935 Flore-

1852 3947 1992 4002 zium
2038 3947 2146 4001 tab.
2177 3945 2247 4000 29
2274 3946 2324 4000 in
2373 3945 2639 4001 veteribus
2676 3949 2906 4003 nummis
2935 3945 3124 4003 dictaf
3157 3949 3282 4006 Haec
3305 3965 3430 4006 cum

1853 4019 1925 4073 ita
1952 4032 2050 4087 ego
2070 4017 2386 4086 cogitassem
2411 4017 2477 4071 de
2504 4018 2724 4087 Ausonii
2754 4019 2868 4074 loco
2891 4020 3243 4087 restituendo,
3268 4021 3432 4076 incidi

1925 4085 2038 4144 stéa
2067 4089 2119 4142 in
2149 4088 2558 4142 commentarios
2595 4085 2906 4144 Gothofredi
2955 4090 3020 4144 ad
3071 4091 3193 4146 cod.
3221 4085 3430 4148 Theod.

1875 4160 2054 4232 θεῷ,
2087 4159 2168 4232 tit.
2191 4157 2259 4212 de
2283 4158 2550 4232 sponsal.,~
2567 4159 2657 4232 ubi
2677 4159 3008 4232 Constantini
3036 4161 3120 4232 lex
3146 4163 3432 4232 exponitur

1852 4225 2284 4285 ad'Tiberianum
2314 4225 2568 4282 vicarium
2599 4227 2965 4298 Hispziniarum
3014 4231 3133 4285 data
3179 4225 3232 4288 ei
3276 4243 3432 4289 acce-

1891 4307 1942 4355 ta
1973 4299 2172 4365 Hispali
2202 4311 2342 4353 anno
2369 4298 2562 4353 Christi
2589 4299 2710 4353 536.
2747 4299 2834 4354 Ait
2855 4299 3213 4358 Gothofredus
3235 4319 3302 4358 ex
3333 4304 3433 4360 hac

1872 4384 1970 4443 ege
1999 4370 2189 4443 colligi
2204 4369 2383 4443 sedem
2424 4369 2605 4443 vicarii
2635 4369 3006 4443 Hispaniarum
3036 4371 3202 4443 fuisse
3232 4374 3429 4443 Hispa-

1853 4439 1969 4504 lim,
2001 4450 2053 4495 et
2082 4441 2132 4494 in
2163 4439 2383 4510 Ausonii
2407 4439 2788 4509 epigrammate
2811 4441 2914 4510 legi
2937 4442 3167 4510 Hispalis
3191 4444 3240 4497 in
3261 4439 3432 4501 veier.
3493 4483 3498 4488 ι

1856 4510 2012 4582 libro,
2063 4519 2118 4565 et
2161 4509 2700 4582 Hispalicongruere
2728 4509 2931 4582 laudes
2976 4509 3106 4582 quas
3151 4512 3222 4567 ibi
3252 4514 3435 4570 tribuit

1853 4580 2140 4636 Ausonius.
2173 4579 2334 4634 Addit
2359 4580 2580 4634 Ausonii
2630 4580 2838 4649 verbis,
2873 4579 3154 4638 Sum'mittit
3204 4585 3286 4637 cui
3326 4591 3434 4638 tota

191 4663 410 4717 guantur
449 4672 463 4707 :
507 4654 626 4724 nisi
654 4649 798 4708 dicas
845 4651 1138 4724 Emeritam
1183 4651 1463 4724 coloniam
1492 4649 1752 4724 Vettonia:
1778 4655 1830 4717 ι)
1855 4669 1973 4707 suos
2007 4651 2258 4724 Hispania
2287 4651 2470 4724 fasces,
2494 4665 2600 4724 non
2629 4651 2778 4706 innui
2802 4653 2853 4708 in
2883 4668 2944 4708 ea
2968 4654 3096 4708 urbe
3121 4653 3283 4710 fuisse
3311 4667 3434 4724 pro:

192 4725 366 4789 fuisse,
393 4734 448 4780 et
476 4723 634 4779 simul
663 4732 818 4793 caput
849 4723 1152 4789 Lusitaniae,
1201 4721 1341 4793 quod
1369 4721 1556 4793 rationi
1603 4735 1750 4776 eom-

192 4797 330 4851 inuni
370 4794 622 4865 loquendi
661 4791 766 4849 non
805 4794 934 4848 satis
981 4791 1746 4865 congruit._Nebrissaetiam

192 4875 332 4934 putat
362 4861 618 4920 Vettones
648 4866 869 4934 populos
897 4879 1016 4919 esse
1037 4861 1343 4934 Lusitanim.
1376 4861 1662 4934 Florezius,
1692 4871 1750 4918 ut

189 4936 532 5002 quaestionem
585 4933 778 4999 solvat,
826 4937 928 4989 loc.
977 4935 1066 4988 cit.
1116 4933 1346 4988 advertit
1403 4933 1686 4987 Emeritam
1718 4948 1746 4988 a

191 5007 472 5062 Prudentio
503 5006 556 5060 in
585 5006 829 5060 Vettonia
855 5004 1128 5069 collocari,
1170 5019 1199 5057 a
1231 5003 1494 5058 Strabone
1531 5003 1584 5056 in
1614 5003 1748 5058 Tur-

188 5077 346 5141 dulis,
391 5092 423 5131 a
464 5075 620 5138 Mela,
656 5076 816 5130 Dione
843 5075 1047 5136 Cassio,
1082 5077 1317 5144 Aggeno,
1371 5073 1420 5125 in
1450 5072 1745 5139 Lusitania,

187 5148 252 5202 ab
281 5147 488 5219 Hygino
517 5146 844 5219 in_Breturia.
877 5145 1004 5219 Hem
1037 5145 1107 5219 ita
1137 5144 1396 5219 explicat,
1419 5151 1476 5196 ut
1503 5144 1592 5219 a_lii
1627 5159 1753 5219 pro-

189 5213 412 5272 vinciam
444 5215 825 5280 intellexerint,
857 5216 943 5270 alii
973 5215 1252 5281 regiones:
1283 5214 1486 5267 scilicet
1517 5213 1750 5269 Emerita

186 5297 343 5352 caput
366 5298 484 5344 erat
513 5286 797 5354 provincia:
827 5285 1143 5349 Lusitaniae,
1183 5283 1423 5339 exstabat
1453 5284 1504 5337 in
1533 5285 1751 5354 regione

186 5357 566 5423 Turdulorum,
598 5365 652 5410 et
681 5359 732 5410 in
753 5356 1055 5411 conﬁnibus
1082 5355 1364 5410 Vettonum
1401 5365 1454 5406 et
1485 5355 1745 5409 Breturire.

185 5428 456 5499 Scaliger,
483 5429 548 5499 in
579 5426 1056 5499 LectioniAuson.
1083 5440 1199 5499 eam
1231 5425 1321 5499 30,
1365 5439 1428 5477 ex
1482 5423 1753 5499 Prudentii

187 5493 366 5554 verbis
409 5498 617 5567 colligit
663 5497 949 5552 Emeritam
999 5496 1133 5567 dici_
1152 5493 1435 5567 Emeritam
1462 5494 1752 5567 Augustam

192 5568 507 5634 Vettonica,
537 5565 629 5625 ubi
662 5567 1059 5637 intelligendum
1091 5565 1475 5637 Vectoni_cw,rid
1505 5565 1586 5621 est
1615 5567 1748 5621 civi-

186 5641 350 5698 tatis:
384 5655 509 5695 nam
543 5639 803 5695 Vectones
830 5635 954 5694 sunt
979 5637 1155 5708 populi
1185 5635 1508 5708 Lusitaniae:
1541 5637 1591 5690 i-n
1631 5638 1750 5707 qui-

185 5709 288 5765 bus
320 5711 555 5766 Emerita
585 5712 681 5764 t’uit
700 5709 953 5780 princeps
974 5705 1035 5762 ac
1054 5705 1255 5780 :matrix
1280 5705 1440 5780 totius
1458 5705 1748 5780 provincia:

189 5781 495 5837 Lusitaniae.
529 5782 597 5836 At
629 5775 756 5836 vero
780 5775 903 5834 cum
931 5778 1247 5834 Prudentius
1286 5775 1428 5829 dicat
1458 5775 1747 5834 Emeritam

185 5865 311 5909 esse
335 5853 534 5910 claram
563 5851 824 5908 coloniam
852 5849 1136 5918 Vettoniae,
1183 5846 1352 5918 magis
1379 5845 1588 5904 videtur
1612 5863 1744 5906 coa—

1854 4721 2370 4792 consulis'tribunal,
2417 4723 2505 4791 qui
2535 4737 2602 4776 eo
2640 4730 2883 4792 tempore
2926 4723 3103 4779 nullus
3149 4733 3281 4790 erat,
3314 4721 3435 4781 'sed

1855 4808 1971 4848 eam
1997 4794 2218 4858 primam
2242 4791 2427 4846 urbem
2459 4792 2617 4846 totius
2640 4791 2910 4860 Hispania:
2939 4809 3078 4849 esse.

1927 4864 2048 4919 188.
2068 4861 2286 4934 r'l‘eolius
2315 4861 2502 4934 scribit
2531 4865 2692 4934 Anas,
2725 4864 2965 4934 plerique
2989 4865 3100 4918 Ana
3123 4879 3142 4917 :
3182 4864 3437 4922 utrolibet

1856 4934 2015 4989 modo
2046 4933 2187 4988 licet.
2213 4931 2636 5004 Mariettirodex
2661 4931 2953 5004 coniungit,
2976 4942 3031 4990 et
3054 4934 3238 4990 scribit
3258 4936 3438 4990 Amni-

1853 5021 1982 5058 snna
2005 5020 2024 5058 :
2055 5006 2124 5057 ita
2156 5017 2374 5072 prorsus
2401 5001 2645 5058 ediderat
2675 5001 2978 5068 Aldusfsed
3001 5005 3234 5060 correxit
3265 5007 3435 5061 omnis

1858 5075 1985 5129 Ana.
2010 5073 2191 5143 Neque
2219 5073 2427 5128 ratione
2452 5083 2598 5128 caret
2620 5075 2917 5140 Amnisana,
2946 5082 3005 5129 ut
3027 5076 3269 5130 civitates
3290 5090 3436 5144 quae-

1855 5144 1976 5199 dam
2005 5160 2066 5198 ex
2096 5144 2365 5215 communi
2411 5144 2646 5198 civitatis
2675 5147 2908 5215 nomine,
2939 5153 3006 5215 ret
3049 5145 3156 5200 alio
3182 5146 3436 5215 peculiari

1858 5215 2014 5284 simul
2036 5214 2336 5284 coniunCtis
2359 5215 2709 5283 appellantur.
2749 5214 2900 5270 Nunc
2926 5214 3121 5270 ﬂumen
3153 5219 3253 5271 hoc
3281 5231 3438 5272 voca-

1857 5295 1940 5364 tur
1964 5283 2236 5364 Gaudiana
2263 5283 2565 5364 composito
2581 5285 2798 5364 nomine
2821 5300 2886 5364 ex
2915 5285 3074 5364 g_uad_,
3102 5285 3438 5364 lingua_Ara-

1860 5355 1976 5410 bica
2006 5357 2190 5422 amnis,
2239 5362 2296 5410 et
2337 5354 2452 5408 Ana
2485 5355 2651 5410 veteri
2698 5354 3129 5412 nemine'Latino
3157 5354 3434 5413 ﬂuminis:

1858 5435 1915 5480 ut
1963 5425 2081 5480 alim
2113 5425 2315 5480 similes
2357 5425 2742 5494 appellationes
2791 5441 2861 5481 ex
2903 5426 3135 5482 Arabico
3184 5427 3438 5484 idiomate

1859 5505 1982 5568 sunt
2027 5495 2100 5568 in_
2125 5495 2399 5568 Hispania_
2424 5494 2805 5568 Guedalquibir
2845 5497 3079 5568 (Baetis),
3129 5496 3440 5568 Guadalupe

1865 5567 2052 5636 (Aqua:
2081 5565 2306 5634 Lupiae).
2358 5564 2603 5636 Heinsius
2643 5564 2716 5636 ex
2763 5564 3236 5624 VoSsiano'codice
3263 5564 3441 5624 corri-

1855 5635 2294 5708 gendumrmonet
2321 5636 2375 5690 in
2405 5635 2633 5704 epistola
2659 5635 2880 5692 Ausonii
2907 5638 2973 5692 ad
2996 5637 3273 5708 Paulinum
3314 5651 3439 5708 quae

1857 5709 2035 5777 incipit
2087 5707 2402 5780 Excutimus,
2443 5715 2576 5780 etc._.
2625 5721 2839 5763 versum
2884 5709 3054 5780 illum,
3098 5707 3440 5780 {inseruitque

1856 5775 2050 5844 amnes,
2084 5777 2298 5850 latisque
2315 5779 2512 5846 ﬂuenta
2533 5775 2827 5850 Garumna,
2851 5794 2914 5833 ac
2945 5775 3244 5850 legendum,
3278 5775 3434 5835 Buteo

1855 5850 2053 5905 ritensis
2078 5845 2221 5914 Ante,
2250 5845 2466 5919 latisque
2493 5850 2685 5919 ﬂuenta
2712 5845 3001 5906 Garumna.
