3968 6288
549 374 651 431 559

721 485 881 558 963
905 486 1006 544 Tot
1030 489 1148 544 sinu
1173 496 1384 559 gestans
1406 488 1561 544 simul
1589 487 1857 546 offerenda

1011 581 1228 637 Munera
1255 580 1493 637 Christo.

722 670 852 726 Cum
880 671 1017 727 Deus
1038 671 1276 727 dextram
1301 675 1545 742 quatiens
1565 687 1838 730 coruscam

548 763 614 820 10
719 763 868 819 Nube
896 764 1160 820 subnixus
1191 766 1370 821 veniet
1397 766 1644 830 rubente,

721 855 978 914 Gentibus
1011 856 1208 926 justam
1238 857 1507 929 positurus
1543 875 1695 929 aequo

998 947 1242 1004 Pondere
1272 949 1461 1004 libram
1486 967 1498 1003 :

717 1039 856 1097 Orbe
879 1040 947 1097 de
971 1055 1162 1113 magno
1183 1050 1342 1114 caput
1368 1043 1594 1098 excitata

1644 374 1919 431 AURELII
1965 373 2328 431 PRUDENTII
2371 371 2704 428 CARMINA.

2140 493 2193 551 Α

2385 487 2622 543 Obviam
2651 484 2868 542 Christo
2897 491 3249 556 properanter
3290 485 3386 560 ibit

2227 581 2296 636 15
2401 578 2606 637 Civitas
2630 593 2855 651 quaeque
2877 580 3113 649 pretiosa
3142 587 3362 649 portans

2686 671 2852 744 964
2869 671 3016 727 Dona
3038 672 3309 728 canistris.

2402 764 2529 820 Afra
2547 764 2812 835 Carthago
2839 772 2926 820 tua
2949 773 3160 834 promet
3187 777 3334 831 ossa,

2401 855 2507 911 Ore
2540 855 2768 911 facundo
2798 855 3064 926 Cypriane
3083 854 3308 920 doctor;

2401 945 2651 1004 Corduba
2678 948 2948 1004 Acisclum
2979 948 3150 1016 dabit,
3178 957 3234 1004 et
3261 947 3524 1014 Zoellum,

2259 1039 2330 1095 20
2612 1038 2776 1111 965
2801 1039 3039 1112 Tresque
3058 1053 3306 1097 coronas.

1851 1151 2130 1211 ϐιοδδῶ
2170 1152 2489 1209 VETERES

613 1268 668 1322 7.
694 1266 942 1334 Gestaris,
974 1270 1095 1324 dum
1123 1279 1307 1336 gestat,
1335 1270 1377 1326 l.

611 1339 666 1410 9.
696 1337 848 1410 cum,
877 1341 1102 1410 quando,
1124 1337 1168 1396 ἱ.

616 1408 896 1474 10.Nube,
914 1411 968 1463 in
991 1412 1119 1467 nube
1143 1411 1274 1465 enim
1298 1411 1352 1464 in
1381 1427 1482 1476 qua
1524 1409 1706 1464 caelum
1739 1409 1985 1472 ascendit,
2010 1424 2116 1462 cre-

544 1480 708 1534 dimus
735 1480 902 1552 uenire
930 1483 996 1534 ad
1015 1482 1291 1552 judicium.
1316 1480 1665 1552 eRubente,
1695 1483 1864 1552 ignea,
1893 1480 1956 1552 l.,
1983 1479 2115 1533 Mar.

617 1552 702 1606 15.
728 1550 986 1621 Excitata,
1018 1550 1240 1617 elevata,
1293 1550 1488 1620 erigens
1541 1558 1708 1621 caput,
1760 1550 1800 1602 Ι.
1825 1579 1894 1589 -
1921 1550 2112 1619 Caput,

544 1637 631 1691 per
645 1631 819 1691 caput,
851 1620 980 1676 Mar.

2303 1269 2391 1321 14.
2425 1267 2802 1334 Properanter,
2836 1270 3084 1336 celeriter,
3113 1270 3155 1324 l.

2296 1339 2381 1412 ψ.
2417 1337 3070 1412 Canistris,sarcophagis,
3103 1340 3168 1407 1.,
3193 1339 3321 1406 Mar.

2296 1409 2383 1462 17.
2418 1408 2562 1474 Afra,
2596 1408 2924 1478 Africana,'l.

2294 1479 2382 1533 20.
2413 1478 2649 1545 Tresque
2688 1493 2945 1543 coronas,
2994 1481 3186 1536 scilicet
3225 1481 3446 1536 aliorum
3500 1490 3800 1545 martyrum.

2223 1548 2348 1603 Tres
2372 1559 2634 1618 martyres,
2677 1550 2732 1602 id
2761 1560 2855 1614 est,
2898 1549 3174 1617 Faustum,
3203 1548 3539 1618 Januarium,
3583 1548 3802 1605 Martia-

2223 1621 2344 1689 lem,
2372 1620 2486 1673 I.—
2508 1619 2630 1673 Tres
2650 1629 2920 1690 martyres,
2957 1622 3092 1678 Mar.

1883 1711 2437 1770 COMMENTARIUS.

616 1831 668 1884 9.
698 1827 930 1883 Breviar.
959 1827 1093 1882 Moz.
1123 1835 1393 1894 corrupte,
1429 1842 1579 1896 quem
1603 1826 1694 1880 Dei
1717 1829 1968 1880 dextram.

619 1901 699 1954 10.
736 1898 969 1954 Breviar.
1000 1898 1134 1952 Moz.
1160 1897 1436 1961 mendose,
1459 1899 1736 1950 rubentem.
1775 1897 1904 1952 Vide
1921 1899 2103 1968 hymn.

550 1970 605 2023 11
643 1969 906 2034 t2athem.,
942 1983 1083 2022 vers.
1109 1968 1206 2023 101
1237 1979 1292 2024 et
1319 1982 1495 2037 seqq.,
1526 1983 1645 2022 eum
1666 1977 1958 2022 comment.

612 2042 697 2095 11.
731 2040 970 2094 Breviar.
1000 2039 1162 2102 Moz.,
1185 2039 1458 2107 posituros,
1489 2040 1645 2092 male.
1671 2038 1821 2105 Quod
1855 2039 1992 2093 Deus
2018 2039 2114 2095 de-

541 2112 803 2166 scribatur
828 2111 1052 2164 extremi
1078 2109 1262 2177 judicii
1289 2110 1374 2163 die
1399 2110 1563 2162 altera
1595 2109 1746 2180 lance
1769 2109 1902 2163 bona
1931 2123 2113 2180 opera,

541 2183 705 2236 altera
727 2180 865 2234 mala
896 2180 1226 2249 appendens,
1259 2179 1518 2246 originem
1565 2179 1776 2232 trahere
1817 2179 1994 2248 potest
2046 2195 2114 2235 ex

540 2251 640 2305 Job
671 2267 742 2316 vr,
780 2251 846 2304 2:
877 2250 1086 2304 Utinam
1113 2249 1519 2318 appenderentur
1558 2259 1761 2317 peccata
1787 2265 1915 2317 mea,
1935 2250 2117 2318 quibus

540 2321 674 2374 iram
694 2321 877 2386 merui,
905 2330 952 2374 et
973 2321 1242 2373 calamitas
1270 2337 1422 2387 quam
1451 2323 1616 2388 patior
1637 2321 1690 2372 in
1718 2329 1942 2373 statera:
1962 2331 2014 2375 et
2043 2337 2114 2376 ex

531 2390 776 2461 ‘Danielis
803 2406 857 2461 v,
887 2391 955 2444 ‘27
978 2389 1292 2461 iAppensus
1313 2407 1363 2443 es
1388 2390 1442 2442 in
1469 2401 1678 2461 statera,
1712 2403 1758 2443 et
1791 2392 2024 2461 inventus
2063 2407 2115 2445 es

541 2463 706 2515 minus
731 2459 938 2515 habens.
976 2459 1116 2515 Vide
1139 2461 1467 2515 Mazochium
1496 2460 1746 2528 Spicileg.
1774 2460 1983 2528 Biblic.,
2007 2463 2116 2517 vol.

542 2531 605 2597 ll,
629 2547 750 2602 pag.
779 2531 904 2588 285.
929 2531 1190 2602 Caeterum
1221 2541 1275 2585 ut
1299 2531 1578 2599 unicuique
1604 2546 1755 2599 aequo
1780 2533 2012 2602 pondere
2029 2533 2118 2601 jus

541 2600 1081 2670 veluti‘appeudatur,
1113 2600 1285 2656 Graeci
1314 2602 1478 2656 veteri
1521 2602 1803 2668 proverbio
1845 2600 2120 2657 dicuntli—

540 2673 683 2726 bram
729 2681 924 2738 tenere,
967 2672 1118 2740 cujus
1167 2674 1406 2726 meminit
1447 2671 1755 2725 Eustathius
1801 2671 1865 2726 ad
1917 2672 2007 2726 lib.
2044 2689 2114 2728 vtt

542 2743 720 2818 l_liad.,
737 2750 910 2818 ⁸Ζυθγοῷ
931 2741 1822 2818 πρὸς’δίκην-εὐθύμσςτερος.’βοηξιιιθ
1843 2751 2028 2818 notata
2051 2744 2120 2799 ab

541 2811 938 2869 Elmenhorstio
966 2811 1020 2867 et
1048 2813 1276 2867 Heraldo
1303 2813 1366 2866 ad
1394 2811 1607 2866 Minucii
1629 2813 1809 2878 verba,
1840 2811 1906 2866 Ut
1938 2813 2120 2868 libram

543 2894 711 2938 teneas
729 2884 1002 2955 aequissimi
1017 2884 1233 2954 judicis,
1255 2900 1346 2955 nec
1365 2884 1414 2936 in
1436 2883 1658 2955 alterum;
1677 2894 1868 2950 partem
1897 2900 2118 2955 propen-

541 2971 626 3009 sus
640 2953 922 3008 incumbas.
945 2953 1231 3008 Homerum
1263 2954 1498 3008 imitatus
1523 2965 1603 3006 est
1622 2953 1873 3023 Virgilius
1904 2953 1999 3008 lib.
2020 2971 2114 3021 xu,

541 3039 688 3152 πέει-ἶ.
717 3024 838 3149 7?;‘5,
880 3023 1084 3094 Jupiter
1121 3025 1227 3094 ipse
1269 3024 1398 3078 duas
1427 3033 1625 3094 wquato
1668 3025 1900 3079 examine
1948 3025 2119 3080 lances

587 3112 647 3150 us
671 3111 750 3149 me
779 3134 791 3148 .

587 3097 791 3150 ustinet.

612 3166 701 3221 15.
732 3165 788 3220 lu
815 3165 964 3257 Alex.
993 3163 1114 3219 cod.
1153 3164 1353 3257 o’missa
1377 3174 1520 3246 Oerat
1564 3174 1678 3221 tota
1859 3166 2110 3257 strppha,
2142 3192 2189 3257 Ο

541 3252 658 3306 quae
698 3251 728 3290 a
754 3236 918 3306 reteri
950 3251 1109 3289 manu
1130 3234 1195 3288 ad
1217 3234 1516 3306 marginem
1559 3248 1641 3290 est
1687 3236 1884 3290 addita.
1920 3237 2115 3291 Aberat

543 3305 704 3362 etiam
735 3321 766 3360 a
799 3305 917 3360 cod.
959 3305 1167 3359 Thuan.
1200 3305 1287 3359 Ait
1316 3305 1635 3360 Prudentius
1685 3316 1835 3374 caput
1873 3307 2116 3362 excitatas

543 3377 803 3442 civitates,
859 3376 996 3446 sive;
1018 3390 1200 3429 earum
1244 3384 1401 3446 caput
1451 3377 1691 3441 excitari,
1729 3389 1784 3429 ut
1833 3377 1885 3430 in
1917 3377 2116 3446 hymno

545 3446 929 3516 Fruetuosiide
957 3445 1258 3500 Tarracone
1300 3463 1311 3496 :
1345 3445 1545 3499 Attotlit
1567 3458 1718 3516 caput
1749 3445 2118 3516 ignibus’coru-

545 3533 702 3584 scum,
733 3525 788 3572 et
817 3515 930 3584 Quo
959 3526 1144 3586 nostra:
1173 3524 1323 3586 caput
1351 3517 1598 3570 excitatur
1626 3515 1784 3570 urbis.

616 3587 704 3641 15.
755 3586 908 3652 Αια..
958 3584 1203 3642 Tornaes.
1235 3584 1309 3640 et
1358 3588 1596 3641 nonnulli
1653 3588 1888 3654 vnlgat.,
1943 3590 2117 3644 civitas

543 3659 726 3722 omnis,
755 3655 897 3726 quod
927 3670 1035 3711 non
1054 3658 1185 3711 satis
1214 3656 1461 3711 Latinum
1483 3672 1602 3712 esse
1631 3658 1705 3712 ait
1728 3655 1968 3713 Gifanius
1989 3661 2040 3714 in
2076 3659 2119 3713 Ε

543 3727 772 3797 longum.
804 3727 1000 3796 Scripti
1054 3728 1229 3781 civitas
1271 3742 1498 3793 quaeque,
1533 3735 1590 3782 ut
1623 3744 1649 3780 e
1698 3739 2022 3791 postremum
2052 3730 2121 3784 sit

544 3798 756 3868 longum
786 3797 854 3852 ob
883 3813 943 3868 pr
965 3797 1215 3852 dictionis
1241 3799 1546 3866 sequentis;
1577 3798 1720 3866 quod
1751 3798 2012 3854 familiare
2039 3809 2121 3855 est

544 3867 854 3932 Prudentio,
881 3867 934 3923 et
958 3868 1102 3922 nullo
1126 3868 1282 3921 modo
1303 3868 1826 3937 reprehendendum.
1881 3871 2115 3924 Breviar.

545 3939 709 4004 Μυκη
733 3940 903 3991 civitas
931 3954 1146 4008 quoque,
1203 3939 1412 3992 vitiose.
1467 3939 1705 4005 Teolius,
1740 3941 1961 4007 pretiosa
1986 3940 2123 3994 dona

546 4009 1049 4078 explicatgmartyres
1080 4023 1372 4074 INDlGENOS,
1397 4024 1521 4078 quos
1543 4009 1715 4063 decem
1743 4021 1788 4062 et
1810 4020 1919 4064 octo
1949 4009 2126 4075 θίγεν-ει

531 4076 749 4150 Christo
770 4076 1162 4150 Cesaraugusta.
1186 4076 1595 4150 Teolius‘adhuc
1624 4081 1824 4149 cogitat
1852 4081 1918 4135 de
1950 4083 2118 4148 patria

551 4149 610 4205 S.
646 4149 935 4221 Laurentii.
963 4220 969 4221 ί
997 4149 1333 4221 Prudentius
1367 4158 1512 4221 certe
1558 4149 1659 4204 hoc
1709 4152 1828 4204 loco
1878 4151 2126 4221 intelligit

551 4227 813 4301 martyres
842 4220 928 4300 qui
960 4220 1012 4272 in
1039 4219 1264 4300 singulis
1279 4218 1597 4301 civitatibus
1645 4232 1771 4301 sunt
1815 4218 2126 4301 sepulti,_ac

549 4289 816 4360 praecipue
839 4290 1135 4360 quiiearum
1165 4289 1438 4360 civitatum
1469 4301 1594 4344 sunt
1627 4293 1855 4358 patroni,
1891 4292 2005 4346 sive
2038 4295 2121 4346 in-

549 4359 751 4429 digena:
763 4360 893 4428 sint,
909 4359 1024 4414 sive
1045 4373 1224 4414 secus.
1239 4359 1420 4428 Neque
1439 4375 1570 4415 vero
1591 4361 1814 4416 evidens
1835 4371 1916 4418 est
1937 4377 2125 4418 omnes

549 4439 604 4487 et
630 4431 864 4498 singulos
885 4441 1149 4501 martyres
1171 4431 1467 4503 octodecim
1484 4429 1986 4503 Caesaraugustanos
2009 4435 2126 4488 Cte-

2145 1831 2192 1891 B
2221 1837 2302 1882 est
2324 1827 2616 1896 Hispanum
2641 1835 2816 1896 vocat.
2844 1825 2900 1881 In
2924 1825 3043 1881 Vat.
3077 1825 3117 1880 Β
3139 1826 3192 1880 hi
3219 1838 3406 1882 versus
3430 1825 3506 1880 ita
3530 1823 3801 1894 leguntur,

2221 1899 2348 1966 Afra
2369 1894 2644 1968 Cdrthago,
2675 1894 2930 1966 Cypriane
2957 1897 3137 1951 doctor
3166 1896 3267 1951 Ore
3299 1896 3546 1966 facundo,
3579 1906 3671 1950 tua
3691 1912 3802 1965 pro-

2219 1978 2319 2022 met
2335 1985 2469 2023 0880.

2288 2040 2375 2093 19.
2429 2039 2546 2094 Vat.
2592 2038 2660 2103 Α,
2716 2037 2878 2103 Rat.,
2930 2037 3194 2092 Acisclum.
3253 2037 3445 2106 Prag.,
3493 2036 3797 2091 Ascisclum.

2218 2109 2444 2177 Widm.,
2468 2108 2789 2175 Asclisclum,
2819 2110 2994 2178 Egim,
3023 2109 3156 2170 PaL.
3184 2108 3465 2162 Actisdum.
3517 2109 3646 2178 Alii.
3687 2108 3799 2160 Aci—

2217 2180 2380 2234 sclum
2405 2195 2525 2234 cum
2553 2179 2685 2234 Aldo
2715 2188 2770 2234 et
2800 2177 3068 2234 nonnullis
3088 2179 3500 2246 martyrologiis.
3537 2177 3801 2232 Vetustio-

2218 2266 2308 2306 res
2332 2250 2621 2314 Heinsiani,
2647 2250 2944 2314 Aclisclum,
2968 2250 3052 2305 vel
3067 2247 3351 2312 Aclisdum,
3369 2249 3471 2302 nisi
3493 2247 3640 2319 quod
3664 2248 3799 2311 Put.,

2219 2322 2472 2376 Aciscum.
2505 2319 2561 2373 In
2593 2321 2725 2387 Ox.,
2755 2320 3022 2374 Ascisdum
3069 2334 3166 2388 pro
3194 2319 3497 2383 Ascisclum,
3532 2319 3798 2388 quomodo

2219 2393 2272 2445 in
2303 2390 2683 2463 martyrologio
2710 2390 2936 2445 Adonis.
2981 2390 3198 2463 Heinsio
3235 2390 3465 2463 Acisclus
3511 2388 3797 2457 genuinum

2220 2459 2473 2532 martyris
2499 2475 2691 2532 nomen
2720 2464 2972 2532 videtur:
3006 2476 3080 2532 ex,
3100 2459 3336 2532 Aciscqu
3364 2459 3422 2512 fit
3469 2474 3566 2527 per
3590 2468 3798 2532 corrua-

2219 2528 2451 2587 ctionem
2485 2531 2734 2595 Acisclus,
2762 2541 2816 2586 et
2839 2532 2889 2585 in
2921 2531 3118 2585 familia
3151 2530 3356 2585 Valeria
3397 2529 3645 2584 nonnulli
3679 2528 3798 2583 Aci-

2220 2604 2352 2657 sculi
2378 2602 2506 2656 dicti
2531 2610 2653 2655 sunt
2675 2603 2742 2657 ab
2776 2603 3130 2656 instrumento
3159 2601 3427 2655 latomico.
3464 2599 3743 2668 Philippus
3768 2614 3795 2653 a

2220 2673 2480 2734 Turre,in
2501 2673 2736 2726 Monum.
2771 2681 2857 2726 vet
2889 2673 3057 2737 Antii,
3079 2685 3198 2740 cap.
3230 2671 3287 2737 2,
3317 2671 3432 2725 fuse
3460 2671 3529 2724 de
3557 2669 3801 2724 Acisculo

2221 2743 2540 2814 cognomine
2569 2743 2741 2811 gentis
2793 2742 3016 2796 Valeria:
3043 2741 3261 2796 disserit
3287 2756 3352 2796 ex
3400 2740 3801 2814 nummi_s_ejus-

2220 2809 2340 2869 dein
2369 2814 2544 2883 gentis
2573 2809 2594 2866 Ξ
2613 2820 2669 2868 et
2699 2814 2840 2867 hunc
2869 2821 3110 2867 nostrum
3140 2823 3432 2883 martyrem
3456 2811 3615 2883 genti
3649 2809 3799 2883 Vale—

2221 2884 2317 2938 riae
2341 2881 2536 2939 ascribi
2568 2898 2728 2952 posse
2752 2891 2956 2938 monet.
3007 2882 3310 2938 Mazochius
3353 2881 3421 2936 de
3455 2881 3800 2952 Dedicatione

2221 2956 2321 3009 sub
2372 2957 2516 3009 ascia
2559 2951 2612 3008 id
2664 2954 2884 3008 minime
2933 2968 3088 3022 posse
3132 2952 3311 3022 colligi
3358 2951 3666 3006 conﬁrmat.
3703 2951 3801 3004 Pro

2220 3025 2453 3080 Zoellum
2481 3024 2599 3080 Vat.
2629 3026 2674 3079 A
2718 3023 2949 3091 Zoelum,
2984 3038 3145 3090 supra
3185 3022 3457 3077 minutiori
3486 3024 3796 3091 charactere

2221 3095 2498 3161 Zolutum;
2542 3095 2686 3162 Rau,
2732 3089 2965 3158 Zoelum,
3014 3089 3143 3149 Mar.
3177 3109 3206 3148 a
3256 3095 3424 3162 prima
3453 3107 3637 3158 manu,
3678 3089 3795 3146 Vat.

2222 3170 2285 3230 A,
2316 3165 2604 3236 Encellum,
2637 3165 2792 3236 Prag.
2821 3163 3131 3236 Enetellum.
3162 3164 3238 3236 De
3284 3163 3513 3236 Acisclo‘
3539 3170 3800 3236 martyre-

2220 3236 2417 3305 logium
2450 3229 2606 3289 Rom.
2630 3235 2718 3290 die
2743 3229 2812 3288 17
2845 3235 2977 3290 Nov.
2998 3236 3066 3290 de
3087 3235 3288 3305 Zoello,
3317 3234 3432 3305 sive
3479 3229 3634 3288 Zoilo
3661 3229 3798 3286 idem

2221 3303 2670 3378 martyrologiumi
2715 3305 2914 3378 die727
2957 3305 3104 3378 Junii
3147 3323 3159 3358 :
3213 3303 3459 3359 Corduba:
3503 3314 3800 3378 sanctorum

2219 3373 2672 3446 martyrum'Zoili
2700 3385 2747 3430 et
2775 3377 2997 3429 aliorum
3040 3377 3210 3429 decem
3250 3385 3298 3428 et
3327 3382 3458 3446 orto.
3505 3373 3800 3427 Ecclesiam

2220 3450 2288 3503 ab
2317 3444 2382 3502 eo
2423 3447 2820 3502 denominatam
2864 3448 2923 3501 S.
2971 3446 3224 3515 Eulogius
3270 3446 3323 3498 in
3358 3444 3583 3515 Memor.
3629 3451 3798 3515 sanet.

2223 3519 2344 3572 libr.
2377 3534 2434 3579 ιι.
2468 3533 2585 3585 cap.
2609 3517 2661 3581 6,
2709 3519 2894 3571 refert.
2942 3517 2997 3571 In
3040 3513 3311 3571 Breviario
3348 3514 3684 3585 Mozarabico
3717 3513 3803 3568 die

2224 3589 2290 3642 17
2312 3584 2626 3642 Novembris
2657 3586 2717 3641 fit
2744 3586 2982 3642 officium
3025 3586 3088 3642 S.
3120 3586 3304 3639 Aciscli
3331 3595 3378 3635 et
3399 3584 3642 3655 comitum
3667 3586 3802 3655 ejus.

2223 3659 2280 3713 In
2324 3658 2660 3712 orationibus
2724 3657 3037 3725 plerumque
3077 3658 3420 3710 nominantur
3458 3653 3702 3725 Acisclus'
3753 3661 3801 3708 et

2235 3729 2460 3782 Victoria
2482 3769 2498 3794 ,
2524 3724 2908 3796 nonnunquam
2935 3724 3165 3782 Acisclus
3194 3735 3240 3780 et
3267 3725 3391 3780 socii
3421 3728 3556 3796 ejus:
3598 3724 3673 3796 “In
3713 3739 3805 3778 eo-

2225 3799 2346 3855 dem
2381 3799 2654 3854 Breviario
2679 3794 2857 3852 die’27
2887 3797 3029 3852 Junii
3065 3799 3122 3852 fit
3143 3796 3380 3852 ofﬁcium
3411 3794 3469 3849 δ’.
3518 3794 3650 3848 Zoili
3683 3809 3804 3850 cum

2229 3873 2428 3940 hymno
2477 3869 2717 3940 proprio,
2771 3868 3017 3923 vorsibus
3057 3883 3125 3923 ex
3157 3865 3408 3940 praesenti
3439 3865 3648 3940 hymno
3674 3864 3807 3940 Pru-

2226 3935 2392 3995 déntii
2420 3935 2545 3994 hinc
2571 3939 2693 4009 inde
2744 3940 2972 4009 sumptis
3015 3953 3077 3992 ac
3124 3935 3263 3992 male
3306 3935 3808 4009 consutis._Sepul-

2227 4025 2376 4065 crum
2405 4010 2599 4064 Aciscli
2635 4007 2898 4065 Cordubae
2956 4009 3226 4065 exstitisse
3273 4014 3484 4062 constat
3531 4007 3694 4061 etiam
3739 4020 3803 4060 ex

2225 4082 2284 4140 S.
2319 4081 2522 4136 Isidoro
2550 4079 2601 4133 in
2634 4079 2904 4136 Chronico
2946 4081 3013 4134 ad
3043 4094 3203 4134 atram
3234 4077 3360 4142 587,
3392 4077 3480 4131 ubi
3505 4076 3574 4130 de
3611 4076 3808 4146 Agila:

2228 4150 2334 4206 Iste
2379 4152 2624 4206 adversus
2650 4149 3030 4205 Cordubensem
3069 4151 3239 4204 urbem
3286 4147 3543 4218 praelium
3575 4162 3804 4211 mouens,

2228 4224 2349 4276 dum
2388 4223 2444 4274 in
2484 4231 2825 4292 contemptum
2866 4220 3132 4274 catholica:
3175 4217 3466 4292 religionis,
3528 4217 3810 4292 beatissimi

2227 4293 2465 4363 martyris
2508 4290 2695 4344 Aciscli
2740 4293 2990 4358 iniuriam
3015 4293 3246 4363 inferret,
3279 4291 3599 4363 hostiumque
3630 4304 3693 4341 ac
3712 4290 3810 4363 ju-

2227 4359 2512 4417 rnentorum
2533 4377 2713 4416 cruore
2735 4378 2937 4417 sacrum
2963 4359 3184 4430 sepulcri
3204 4363 3314 4428 ejus
3335 4360 3500 4430 locum
3528 4367 3584 4430 ut
3625 4359 3808 4428 profa-

2227 4446 2374 4488 nator
2401 4433 2680 4502 pollueret,
2711 4434 2836 4486 inito
2862 4429 3104 4486 adversus
3150 4429 3500 4502 Cordubenses
3537 4429 3668 4502 cives
3705 4443 3812 4483 cer-

548 4511 873 4590 s‘araugustte
894 4499 1049 4590 nath
1070 4515 1208 4556 esse.
1229 4500 1428 4590 Contra
1457 4512 1666 4556 constat
1690 4499 1938 4590 Felicem),
1965 4519 2123 4586 quem
2152 4562 2204 4590 ῃ
2231 4499 2866 4590 tantinenptenas‘rlignas,
2888 4504 3078 4584 sanctis
3105 4500 3460 4569 inferentibus,
3493 4499 3724 4590 meruit}

549 4562 817 4643 Gerunda:
861 4572 1095 4643 ascribit,
1147 4582 1200 4627 et
1239 4562 1585 4637 'Cucufatem,
1629 4589 1788 4643 quem
1841 4562 2122 4630 Barcinoni
2151 4562 2211 4630 Π
2306 4575 2398 4630 20.
2428 4562 2864 4628 ὈΜωὶΙΙθὲὼέ
2891 4573 3083 4638 quaerit
3125 4562 3222 4626 cur
3275 4582 3378 4643 tres
3418 4562 3634 4624 coronas
3674 4571 3813 4624 dicat

553 4642 762 4712 tribuit,
793 4643 844 4695 in
877 4642 1127 4712 Hispania
1158 4652 1312 4696 natos
1343 4660 1448 4698 non
1479 4642 1663 4699 fuisse.

622 4714 708 4768 16.
738 4711 939 4783 Glossat
977 4714 1211 4767 canistris
1255 4723 1531 4783 exponunt
1573 4728 1941 4770 SARCOPHAGIS.
1992 4713 2126 4769 Pru-

550 4783 767 4840 dentius
787 4781 1012 4855 fortasse
1042 4783 1144 4838 huc
1172 4781 1485 4852 respexerit,
1530 4786 1671 4855 quod
1716 4795 1769 4840 et
1810 4787 1948 4840 dona
1972 4788 2126 4840 cani-

553 4857 679 4909 stris
705 4855 830 4908 ferri
855 4854 1085 4922 soleant,
1117 4862 1172 4908 et
1186 4868 1452 4910 marmora
1480 4854 1848 4924 sepulcrorum
1874 4856 2126 4911 nonnulla

554 4925 662 4980 sint
684 4925 735 4980 in
767 4925 1123 4994 canistrorum
1153 4925 1376 4980 formam
1400 4927 1622 4994 scalpta.

626 4996 714 5066 17.
741 4993 1160 5066 Weitziusgcum
1209 4993 1410 5049 Widm.
1460 4993 1933 5066 scribitiKartago,
1982 5006 2035 5051 et
2062 5011 2128 5050 ex

552 5065 785 5122 Hailsbr.
818 5075 965 5138 notat
989 5061 1264 5138 Chartago.
1300 5066 1438 5119 Dicit
1474 5069 1602 5136 Afra
1627 5061 1993 5138 Carthagb,ut
2015 5068 2126 5121 dis-

551 5145 737 5192 cernat
761 5151 792 5208 a
824 5136 1145 5208 Carthagine
1173 5147 1330 5202 nova,
1365 5151 1482 5205 qua:
1510 5136 2000 5208 Spartariac‘etiam
2033 5153 2127 5192 no-

556 5220 679 5276 men
710 5207 886 5272 habet,
917 5205 1056 5262 nunc
1103 5206 1390 5276 Cartagena
1420 5209 1473 5260 in
1512 5205 1761 5276 Hispania
1783 5249 1799 5275 ,
1839 5210 1989 5276 cujus
2030 5223 2129 5262 no-

554 5275 714 5331 minis
740 5277 843 5330 alia
867 5277 1134 5332 recentior
1156 5278 1206 5331 in
1234 5275 1482 5333 America
1527 5275 1742 5331 condita
1766 5288 1868 5332 est.
1907 5275 2128 5333 Nebris-

555 5347 731 5402 sensis
757 5347 835 5400 ait
862 5349 1028 5417 solam
1076 5347 1451 5417 Carthaginem
1479 5347 1671 5402 Africa:
1701 5363 1765 5402 ex
1791 5349 2008 5403 urbibus
2035 5363 2127 5417 pe-

555 5418 782 5487 regrinis
808 5433 836 5470 a
865 5416 1153 5472 Prudentio
1185 5416 1328 5487 poni,
1365 5432 1484 5473 cum
1526 5428 1738 5473 caetera:
1787 5434 1973 5474 omnes
2020 5416 2128 5474 sint

554 5487 607 5542 in
645 5487 912 5558 llispania.
966 5488 1080 5543 Non
1133 5489 1288 5544 video
1332 5505 1432 5559 qua
1483 5490 1687 5544 ratione
1715 5489 1821 5544 dici
1875 5491 2040 5559 possit
2069 5490 2126 5544 in

555 5559 805 5628 Hispania
826 5573 945 5629 esse
973 5560 1242 5615 Arelatem
1283 5568 1338 5615 et
1373 5561 1692 5626 Narbbuem,
1748 5575 1853 5628 quo
1895 5572 2132 5629 tempore

557 5630 824 5700 scribebat
854 5628 1199 5700 Prudentius,
1225 5645 1397 5700 neque
1425 5632 1598 5686 adhuc
1625 5631 1791 5687 Callia
1821 5631 2132 5687 Narbonen-

555 5700 632 5754 sis
657 5716 688 5755 a
708 5699 899 5756 GOthis
920 5709 1034 5756 erat
1057 5699 1332 5770 occupata.

629 5771 715 5826 18.
741 5771 815 5827 De
835 5772 894 5827 S.
918 5773 1184 5843 Cypriano
1214 5773 1438 5842 hymnus
1469 5782 1642 5827 exstat
1666 5773 1716 5827 in
1742 5773 1842 5827 hoc
1869 5773 2007 5828 libro
2037 5773 2135 5829 de-

555 5840 726 5899 cimus
754 5843 940 5900 tertius
962 5840 976 5896 Ξ
1002 5843 1089 5898 ubi
1121 5840 1439 5898 Prudentius
1465 5859 1583 5897 cum
1607 5859 1777 5897 amore
1798 5853 2047 5910 nostrum,
2083 5844 2134 5901 id

2239 4644 2577 4711 Prudentius,
2627 4658 2752 4714 cum
2790 4659 2858 4699 ex
2896 4642 3274 4714 Martyrologio
3314 4641 3571 4714 Romano
3596 4647 3814 4714 constet

2232 4717 2367 4770 alios
2410 4713 2739 4782 undeviginti
2779 4730 2900 4768 cum
2941 4711 3092 4768 Zoilo
3126 4713 3292 4768 fuisse
3333 4711 3600 4782 martyrii,
3627 4712 3809 4780 palma

2233 4787 2479 4842 donatos.
2505 4781 2830 4851 Respondet,
2862 4785 3001 4854 apud
3035 4784 3250 4839 Surium
3276 4784 3327 4854 in
3352 4783 3461 4854 vita
3483 4781 3543 4836 S.
3577 4781 3815 4854 Anasta-

2233 4859 2352 4924 siae,
2399 4869 2593 4926 corpus
2621 4851 2956 4925 Chrysogoni
2983 4855 3235 4926 martyris
3279 4851 3529 4926 fluctibus
3573 4851 3816 4926 delatum

2235 4926 2400 4982 fuisse
2427 4923 2674 4981 ad'littus
2701 4923 2884 4992 maris,
2904 4926 2995 4981 ubi
3013 4924 3218 4990 Zoilus,
3241 4925 3322 4978 vir
3349 4923 3488 4993 pius,
3512 4930 3568 4976 et
3583 4923 3815 4993 presby-

2237 5006 2340 5064 ter,
2384 4998 2754 5053 diversabatur
2781 4991 2922 5066 apud
2951 4997 3191 5066 Agapen,
3219 4991 3500 5066 Chioniam
3529 5002 3584 5047 et
3601 4991 3818 5048 lrenem

2234 5082 2476 5124 sorores:
2517 5069 2606 5123 cui
2644 5065 3026 5138 Chrysogonus
3070 5065 3122 5120 in
3152 5065 3359 5138 somnis
3382 5077 3653 5138 apparens
3679 5078 3820 5133 pras-

2234 5138 2368 5194 dixit
2394 5139 2542 5194 illum
2576 5139 2721 5192 brevi
2753 5134 3084 5203 proChristo
3113 5135 3277 5192 vitam
3308 5134 3602 5199 finiturum,
3628 5149 3693 5188 ac
3725 5149 3824 5203 pa-

2234 5153 2368 5194 umt
2394 5153 2542 5194 mum
2576 5153 2721 5192 brevi
2790 5153 2851 5192 ro
2870 5153 3084 5193 unrtsto
3113 5153 3277 5192 vitam
3308 5153 3602 5199 nntturum,
3628 5153 3693 5188 ac
3725 5153 3824 5203 pa-

2234 5211 2364 5286 riter
2408 5219 2516 5286 tres
2547 5208 2664 5286 illas
2703 5153 2903 5264 ρει-ἱειὶ
2953 5207 3200 5262 ancillas.
3247 5206 3354 5286 H_as
3401 5205 3569 5286 igitur
3610 5205 3826 5286 colligit

2235 5279 2630 5334 Chamillardus
2660 5293 2781 5334 esse
2822 5289 2930 5334 tres
2959 5293 3187 5333 coronas
3217 5291 3247 5330 a
3272 5275 3566 5332 Prudentio
3616 5275 3828 5329 indica-

2236 5358 2336 5404 tas.
2369 5349 2701 5420 Bollandiani
2726 5364 2854 5405 vero
2887 5357 3081 5420 putant
3111 5364 3203 5418 per
3245 5357 3357 5402 tres
3395 5359 3627 5420 coronas
3649 5347 3831 5420 intel-

2236 5421 2328 5490 ligi
2357 5419 2664 5486 Victoriam,
2691 5435 2811 5490 qua:
2853 5415 3074 5475 totidem
3105 5415 3332 5474 coronas
3355 5417 3495 5490 cmlo
3523 5415 3700 5490 delabi
3748 5415 3831 5469 vi-

2235 5485 2334 5556 dit,
2363 5491 2590 5560 ideoque
2616 5485 2827 5546 duobus
2859 5491 2973 5544 istis
3002 5492 3211 5545 tertiam
3238 5504 3298 5544 se
3300 5488 3586 5560 _adjunxit.
3621 5485 3710 5560 l_so
3733 5501 3833 5540 au-

2236 5571 2340 5615 tem
2372 5556 2553 5616 veritis
2587 5562 2660 5615 ait
2701 5576 2821 5616 esse
2849 5570 2957 5615 tres
2988 5571 3250 5631 martyres
3289 5556 3569 5631 Faustum,
3613 5556 3834 5631 larina-

2235 5633 2365 5686 rium
2395 5640 2442 5685 et
2470 5631 2787 5687 Martialem.
2819 5632 3020 5687 Horum
3050 5628 3207 5685 trium
3231 5630 3398 5686 festus
3417 5628 3531 5683 dies
3561 5629 3743 5698 agitur
3775 5631 3836 5684 in

2237 5703 2415 5756 officio
2445 5702 2776 5758 Mozarabico
2805 5703 2893 5757 die
2936 5703 3006 5756 15
3035 5702 3303 5756 Octobris.
3343 5699 3662 5755 Gallandius
3703 5713 3838 5755 cum

2238 5773 2517 5828 Ruinartio
2560 5775 2628 5829 de
2670 5776 2752 5829 his
2779 5773 3032 5843 intelligit
3063 5772 3436 5843 Prudentium,
3464 5784 3586 5843 cum
3607 5770 3663 5825 hi
3695 5769 3842 5843 Cor.

2240 5844 2397 5900 dahae
2427 5846 2568 5916 passi
2600 5846 2797 5902 fuerint
2861 5859 2926 5901 ac
2954 5839 3138 5902 [nonet
3165 5841 3502 5912 Ruinartius,
3533 5841 3588 5898 in
3633 5839 3861 5929 codice.
