3968 6288
59 391 162 450 365
1223 371 1592 435 PERISTEPII
1605 380 1658 432 AT

1767 377 1779 430 ἰ
1823 375 2030 430 llYMN.
2063 377 2152 430 IV.
3202 374 3304 430 366

2093 492 2308 544 Munere
2329 489 2486 558 digna
2511 497 2592 543 est

1918 583 2178 638 Omnibus
2202 583 2367 652 portis
2392 596 2539 636 sacer
2562 581 2864 634 immolatus

1915 679 2142 746 Sanguis
2163 677 2384 732 exclusit
2410 691 2574 745 genus
2600 675 2899 729 invidorum

1917 768 2247 830 Daemonum,
2279 773 2331 819 et
2357 766 2536 835 nigras
2565 765 2765 834 pepulit
2790 765 3034 819 tenebras

2097 859 2256 927 971
2285 856 2374 910 Ur!
2397 872 2428 911 e
2459 857 2619 925 piata.

1919 950 2101 1004 Nullus
2131 932 2438 1004 umbrarum
2470 949 2594 1003 latet
2619 949 2759 1003 intus
2785 950 2974 1004 horror
2998 964 3016 1007 :

1922 1048 2076 1101 Pulsa
2104 1063 2223 1102 nam
2251 1048 2415 1116 pcstis
2445 1047 2692 1115 populum
2720 1047 2934 1117 refugit.

1919 1147 2164 1201 Christus
2197 1148 2246 1200 in
2279 1148 2402 1200 tutis
2432 1145 2633 1200 habitat
2668 1148 2857 1214 plateis
2883 1165 2900 1200 :

2100 1248 2345 1304 Christus
2369 1249 2564 1317 ubique
2589 1259 2691 1303 est.

1922 1349 2210 1418 Martyrum
2240 1347 2428 1402 credas
2450 1346 2672 1415 patriam
2701 1346 2916 1400 coronis

1925 1445 2163 1501 bebitam
2187 1444 2374 1509 sacris,
2404 1443 2600 1497 chorus
2631 1441 2771 1496 unde
2797 1455 3020 1511 surgens

1749 1549 1818 1601 75
1927 1547 2121 1602 Tendit
2149 1547 2200 1599 in
2225 1545 2420 1600 cadum
2448 1546 2632 1599 niveus
2665 1554 2857 1614 togata:

2097 1644 2396 1699 Nobiltatis

236 505 334 571 Qui
363 503 498 558 cinis
523 499 710 569 gentes
737 497 965 549 domitas
992 495 1164 562 coegit
1660 501 1708 554 Α

412 594 489 644 Ad
510 591 633 658 juga
656 587 875 640 Christi.
1742 584 1810 638 63

235 685 469 754 Singulis
499 696 701 752 paucae,
729 678 915 742 tribus,
939 687 1028 730 aut
1051 679 1280 740 duobus,

101 779 165 832 50
239 775 441 830 Forsan
465 771 714 840 etquinis
743 769 934 837 alique
967 767 1253 837 placebunt

241 867 486 921 Testibns
515 863 736 927 Christi,
759 862 904 931 prius
933 860 1223 912 hostiarum

424 957 650 1026 Pignore
683 955 894 1007 luncttn.

240 1049 405 1120 970
431 1048 510 1101 Tu
540 1047 722 1100 decem
751 1051 962 1096 sanctus
991 1041 1234 1106 revehes,
1265 1050 1319 1094 et
1349 1047 1491 1101 octo.
1743 1050 1813 1103 70

241 1142 644 1206 C:rsaraugusta
667 1135 901 1189 studiosa
931 1133 1148 1199 Christi,

112 1233 178 1289 55
254 1231 512 1284 Verticcm
543 1227 693 1280 ﬂavis
722 1225 853 1278 oleis
886 1225 1124 1279 revincta

423 1319 572 1372 Pacis
608 1317 832 1370 honore.

249 1409 370 1464 Sola
399 1409 451 1462 in
479 1420 760 1462 occursum
788 1404 1182 1458 numerosiores

250 1503 536 1571 Martyrum
561 1497 739 1551 turbas
767 1497 989 1548 Domino
1012 1495 1242 1563 parasti:

250 1591 371 1646 Sola
409 1589 668 1657 [tl'zt'dlt'es
696 1587 890 1656 pietate
918 1587 1079 1638 multa

121 1684 182 1738 60
421 1681 564 1735 Luce
589 1679 800 1732 frueris.
1922 1747 1938 1754 Δ
2001 1745 2013 1754 “
2097 1679 2396 1754 iouini...”
2485 1735 2501 1754 η

253 1775 342 1827 γει
374 1787 563 1841 parens
589 1772 730 1825 orbis
759 1768 1008 1838 populosa
1042 1767 1211 1832 p0,“,
1922 1747 1939 1800 l
1967 1745 2071 1812 ide,
2107 1744 2368 1806 Vincenti,
2403 1742 2498 1798 tua‘
2520 1742 2839 1812 palmanata
2873 1750 2975 1809 est,

253 1867 362 1932 Ipsa
391 1864 474 1916 vix
510 1863 672 1914 Roma
704 1863 752 1912 ει,
775 1861 908 1914 solio
931 1859 1121 1919 ιυοιιτει⁹
1676 1867 1720 1924 Β
1920 1845 2110 1899 (llerus
2137 1845 2220 1897 liic
2247 1853 2452 1896 tantum
2485 1842 2692 1912 peperit
2715 1841 3038 1911 triumphum
3072 1858 3087 1894 :

1924 1943 2019 1997 llic
2051 1942 2384 1996 suci-dolum
2410 1940 2598 1993 domus
2627 1939 2846 1994 infulata

1349 2035 1636 2093 ΘΕΟΞδῶ
1681 2036 2017 2092 VETERES.

252 1955 346 2018 'l'c,
378 1953 535 2006 decus
565 1962 827 2016 nostrum,
855 1962 1108 2018 superare
1137 1948 1188 2001 in
1218 1948 1318 2002 isto

159 2175 238 2228 48.
263 2173 412 2243 luga,
440 2174 615 2241 ﬁdem,
651 2190 687 2224 ι.

161 2245 237 2298 49.
260 2240 461 2306 Panem,
489 2244 658 2306 urbes,
678 2242 918 2308 civitates,
944 2241 980 2294 Ι.
998 2271 1064 2282 --
1085 2241 1288 2297 Scili'et
1313 2243 1482 2296 urbes.
1506 2240 1633 2295 Mar.

161 2315 240 2368 52.
273 2313 502 2379 Functus,
527 2328 657 2377 usis,
689 2313 724 2365 Ι.

164 2385 241 2438 53.
265 2383 518 2443 Revehes,
542 2385 752 2445 referes,
790 2381 826 2433 Ι.

163 2454 242 2506 57.
271 2454 684 2514 Numerosiores,
713 2453 980 2520 pluriores,
1021 2451 1060 2504 1.

163 2523 240 2579 bl.
271 2523 462 2577 l‘arens
492 2521 658 2585 orbis,
693 2519 962 2591 Carthago,
1013 2521 1128 2574 Vat.
1168 2525 1230 2575 Δ.
1265 2551 1329 2560 -
1354 2519 1630 2590 Carthago,

1417 2601 1973 2686 COMMENTARIUS.

1745 2182 1924 2226 mater.
1953 2199 2020 2209 —
2043 2169 2212 2228 Paesti.
2248 2169 2500 2238 Africani,
2529 2167 2566 2220 l.

1814 2243 1902 2303 69,
1933 2241 2270 2300 Umbrarum,
2306 2239 2618 2302 dwmonum,
2648 2239 2686 2292 Ι.

1816 2314 1904 2366 77.
1934 2310 2082 2374 lude,
2108 2308 2296 2364 scilicet
2329 2307 2752 2379 Ctesaraugustte,
2775 2309 2816 2364 1.

1812 2382 1900 2436 78.
1924 2382 2134 2454 Clerus,
2154 2381 2331 2433 cohors
2351 2379 2666 2454 clericorum,
2685 2381 2740 2435 id
2755 2390 2827 2435 est
2842 2380 3246 2454 Ctesaraugttsta,
3271 2379 3293 2435 ι

1810 2454 1899 2506 79.
1935 2451 2178 2514 lul'ulata,
2207 2457 2406 2513 ornata,
2433 2449 2473 2502 Ι.

119 2776 187 2830 ubi
210 2775 540 2843 Massylorum
573 2789 728 2840 reges
758 2773 1013 2827 mandant
1052 2790 1078 2827 r
1101 2774 1412 2840 sepultum,
1445 2773 1650 2841 ingeret

1757 2771 2032 2844 Apuleius.
2066 2769 2660 2844 Soli_tttis,_Ainmitibus,
2691 2767 2962 2839 Vegetius,
2989 2779 3040 2824 et
3064 2770 3173 2836 alii,
3195 2792 3298 2844 quo

121 2862 244 2898 suam
269 2845 593 2906 Cassianum,
619 2845 706 2910 qui
736 2859 876 2897 nunc
899 2847 1032 2896 ciuis
1057 2855 1158 2907 est,
1190 2843 1283 2897 sed
1315 2844 1439 2896 olim
1463 2855 1650 2911 gentes

1757 2860 1872 2897 runt
1906 2841 2062 2895 verba
2089 2843 2138 2892 in
2170 2840 2351 2892 lexicis
2380 2840 2699 2894 indicantur.

123 2916 314 2968 domitas
348 2915 410 2967 ad
446 2915 566 2981 juga
590 2914 786 2966 t.hristi
822 2913 1014 2979 coegit.
1039 2914 1340 2966 ltninartius
1384 2915 1458 2966 ait
1482 2916 1651 2967 incer-

127 2999 214 3036 llllll
239 2999 350 3037 esse
394 2985 514 3048 quid
555 2982 836 3051 Massylum
868 2986 1079 3036 nomine
1111 2984 1326 3050 intelligi
1363 2983 1569 3042 debeat.
1598 2992 1651 3036 et

124 3055 163 3104 in
177 3071 260 3105 In".
277 3054 330 3107 S.
353 3053 615 3106 Michaelis
645 3054 746 3120 leg.
774 3052 1068 3105 Mamili-om.
1090 3052 1216 3106 Mihi
1242 3054 1388 3105 locus
1411 3052 1650 3106 nonnihil

125 3124 341 3175 ob-rurus
367 3134 471 3180 est:
503 3123 598 3176 sed
629 3131 797 3190 poetic
833 3137 982 3176 tuens
1012 3123 1140 3176 satis
1172 3123 1502 3191 in'elligitur.

1824 2911 1912 2966 66L
1947 2911 2097 2974 Mar.,
2129 2910 2367 2966 excludit.
2402 2919 2457 2964 ut
2490 2909 2718 2963 videtur.

1827 2982 1916 3035 68.
1950 2981 2102 3045 Mar.,
2138 2981 2254 3033 orbe
2291 2981 2447 3048 pia‘o.
2483 2980 2574 3031 sed
2603 2992 2755 3046 supra
2795 2979 2912 3032 orbe
2937 2981 3130 3045 gloss»,
3170 2984 3225 3036 id
3251 2997 3319 3038 es:

1766 3052 1908 3106 urbe.
1943 3052 2148 3119 Aliquis
2176 3051 2332 3103 etiam
2363 3049 2554 3120 ibidem
2576 3051 2805 3105 correxit
2833 3050 2952 3101 url‘e
2981 3051 3145 3120 piata.

1827 3123 1917 3176 69.
1955 3118 2265 3192 Parrhasius
2295 3118 2568 3183 mendose,
2597 3129 2652 3172 et
2695 3129 2881 3174 contra
2927 3118 3174 3192 metrum,
3219 3123 3316 3178 (at:

183 3194 257 3246 sti.
282 3195 349 3246 Ex
379 3193 591 3246 urbibus
613 3186 744 3260 quas
773 3193 1083 3244 memoravit
1116 3186 1429 3245 Prudentius
1451 3232 1465 3256 ,
1492 3187 1646 3245 Cala-
1674 3186 1720 3248 C
1751 3192 1934 3246 tinctus
1963 3191 2162 3243 horror.

127 3265 268 3327 garris
291 3266 414 3316 duos
434 3273 716 3330 martyres,
736 3261 966 3314 Tarraco
991 3273 1116 3323 tres,
1144 3261 1389 3315 Corduba
1415 3267 1649 3330 quinque

130 3331 276 3385 oﬂ:rt.
302 3333 758 3401 thsaraugustam
791 3347 1010 3386 nurnero
1040 3343 1329 3400 martyrum
1361 3331 1654 3399 praeferen-

132 3402 380 3524 “iiiis-3.1.
407 3472 464 3537 Β,
483 3471 684 3524 Chrisfo
704 3487 722 3535 ;
744 3473 829 3524 alii
855 3470 1060 3535 Christi,
1076 3470 1214 3538 quod
1241 3470 1527 3524 tenendum
1551 3480 1652 3524 est.

135 3541 259 3608 Saepe
295 3542 604 3600 l‘rudcntius
631 3550 776 3594 testes
807 3556 900 3608 pro
931 3541 1250 3609 martyribus
1280 3549 1444 3609 ponit.
1480 3541 1656 3594 Pauli-

135 3626 230 3668 nus,
255 3610 408 3664 Natali
439 3613 525 3674 15,
553 3624 697 3664 vers.
724 3612 790 3664 85
819 3621 870 3665 et
901 3611 968 3664 86
995 3627 1008 3662 :
1035 3610 1173 3662 Ilinc
1192 3626 1309 3679 ergo
1333 3611 1518 3662 sanctis
1547 3612 1650 3664 sive

135 3683 480 3744 contessoribus,
514 3680 616 3734 Seu
643 3681 947 3733 consecratis
972 3685 1206 3748 passione
1233 3681 1456 3732 testibus.
1482 3680 1658 3733 Mura~

138 3758 271 3803 tonus
292 3750 438 3814 male,
466 3752 569 3802 sive
599 3752 924 3804 consecratis.

189 3818 259 3870 53.
290 3819 422 3881 ll.tt.,
448 3819 669 3873 Wiulmh
703 3820 912 3873 revehis.

191 3886 264 3940 54.
296 3887 402 3940 Vat.
433 3893 495 3952 A,
532 3889 668 3952 PaL,
698 3889 839 3956 l’u'.,
871 3892 1067 3956 Oxon.,
1101 3889 1231 3953 Alt.,
1264 3895 1373 3941 tres
1422 3887 1651 3942 Torren-

1831 3263 1916 3315 72.
1944 3260 2097 3327 Man,
2123 3259 2306 3330 ubique
2327 3259 2441 3314 sine
2469 3267 2563 3324 est,
2590 3257 2729 3328 quod
2755 3257 3036 3314 recentiori
3062 3276 3218 3316 manu
3241 3273 3318 3318 est

1757 3331 2017 3387 additum.

1829 3403 1917 3456 75.
1947 3398 2308 3471 Nebrissensis
2337 3406 2481 3471 recte
2517 3398 2738 3465 explicat
2768 3408 3047 3471 martyrum
3071 3404 3317 3471 patriam,

1760 3472 1843 3525 ubi
1875 3478 2121 3537 martyres
2147 3470 2303 3523 nimia
2325 3469 2582 3536 fertilitate
2607 3469 2925 3533 proveniunt.

1830 3542 1915 3595 75.
1966 3541 2222 3611 Martyres
2253 3539 2560 3611 candidatos
2589 3547 2742 3611 vocat
2771 3538 2840 3589 ob
2866 3540 3026 3593 stolas
3055 3542 3222 3600 albas.
3256 3543 3350 3606 de,

1757 3612 1949 3680 quibus
1989 3608 2307 3680 Apocalyps.
2361 3623 2448 3663 vn.
2505 3608 2828 3660 Nobilitatem
2873 3616 3097 3680 togatam
3136 3613 3323 3665 eodem

1763 3678 1923 3733 sensu
1947 3678 2152 3740 accipio
2183 3678 2360 3747 potius,
2385 3693 2539 3745 quam
2573 3687 2625 3730 ut
2653 3690 2781 3747 gens
2807 3685 3000 3743 togata,
3027 3679 3076 3731 id
3109 3693 3187 3733 est
3222 3681 3324 3735 Bo-

1759 3764 1936 3811 mana,
1971 3747 2314 3814 intelligatur.
2351 3746 2487 3799 lnlra
2515 3746 2670 3818 vers.
2693 3747 2781 3798 i9!
2817 3747 3032 3818 eosdem
3064 3759 3322 3818 martyres

1760 3827 1916 3871 vocat
1947 3831 2241 3888 purpureos
2273 3831 2526 3888 proceres
2542 3815 2808 3888 obfusam
2832 3817 3160 3888 sanguinem.

1829 3889 1916 3943 77.
1949 3883 2158 3940 'lliscus
2205 3896 2335 3938 tom.
2385 3883 2552 3938 XXX.
2584 3884 2755 3956 Hisp.
2783 3898 2923 3940 sacr.
2955 3886 3076 3939 hinc
3123 3888 3323 3956 colligit

141 3957 260 4021 ttani,
289 3956 496 4010 Christo.

301 4027 436 4088 ΑΜ..
467 4028 645 4079 vertice
677 4042 695 4080 :
739 4029 925 4082 melius
975 4029 1222 4081 verticem.
1256 4028 1651 4096 Cwsarat'gttsta

144 4107 266 4161 caput
289 4097 413 4150 oleis
439 4097 682 4149 redimita
709 4097 1042 4158 describitur,
1074 4097 1192 4160 quia
1223 4099 1359 4151 oleis
1387 4098 1614 4150 abundat
1637 4137 1651 4160 ,

46 4231 48 4235 _
141 4179 230 4235 quite
246 4177 352 4218 sunt
376 4167 516 4233 pacis
540 4166 745 4232 insigne
765 4177 818 4220 et
847 4169 1034 4220 honor.
1065 4167 1530 4234 Videepigramma
1559 4167 1655 4220 Ne-

143 4233 382 4351 liigissensis
401 4236 466 4288 ad
492 4250 642 4288 suam
673 4237 942 4291 l’rudentii
961 4233 1251 4291 editionem
1277 4233 1476 4306 proleg.
1506 4252 1648 4289 unm.

201 4319 236 4351 Ι.
263 4321 306 4351 In
337 4316 470 4351 llﬂlﬂ-

168 4303 236 4362 07,
263 4305 306 4355 in
337 4316 470 4358 nota.

195 4371 522 4444 56.7lleinsius
546 4389 666 4428 cum
690 4375 903 4444 scriptis
923 4375 1090 4428 edidit
1117 4376 1336 4438 honore;
1353 4376 1444 4428 scd
1476 4375 1650 4441 suspio

145 4448 257 4493 catur
275 4443 541 4511 legendum
566 4443 1032 4498 honorw."l‘eolius
1057 4446 1107 4498 in
1139 4456 1282 4499 textu
1307 4448 1532 4508 hancne,
1557 4446 1650 4498 sed

206 4520 306 4563 nota
335 4515 485 4614 balbct
509 4514 639 4614 :Eic
672 4513 908 4595 Heinsius
925 4531 942 4579 ;
969 4517 1123 4568 nostri
1150 4531 1273 4585 pene
1295 4531 1468 4568 omnes
1489 4530 1651 4569 uoxo-
1679 4554 1730 4614 Β

146 4592 192 4631 ιε
215 4597 225 4631 :
251 4597 328 4633 nec
349 4585 495 4635 aliter
527 4584 844 4644 Ruinartius.
955 4633 963 4641 ,
1153 4584 1156 4585 ⁷
1195 4634 1199 4638 .
1586 4621 1595 4630 -

194 4650 266 4701 57.
294 4651 378 4706 Ha:
407 4656 797 4706 numerosiores
825 4653 992 4706 turba:
1025 4662 1314 4722 martyrum
1347 4654 1650 4723 intelligun-

149 4727 207 4768 tur
245 4734 374 4799 esse_
397 4723 710 4799 innuincrab
733 4723 808 4799 los
845 4732 1107 4799 martyres
1146 4725 1646 4799 _C;_csa_t'august_atii_,

147 4799 322 4857 quorum
347 4790 542 4844 festum
564 4796 737 4857 agitur
757 4792 842 4846 die
871 4794 906 4846 5
939 4790 1270 4846 Nevemhris.
1304 4794 1356 4846 ln
1387 4790 1650 4847 breviario

149 4853 424 4914 llozamliico
454 4875 558 4912 non
585 4853 638 4911 lit
665 4876 848 4914 eorum
879 4863 1096 4916 mentio.
1140 4864 1212 4915 lle
1241 4863 1528 4916 Prudentio
1553 4864 1650 4916 du-

149 4924 275 4980 bitare
297 4929 477 4998 aliquis
505 4930 751 4996 possitao
776 4931 918 4997 ipsos
940 4932 1233 4985 octodecim
1256 4945 1516 5001 martyres
1535 4932 1652 4986 Ca2-

150 5006 166 5040 s
191 5009 504 5070 raugustanos
529 5009 686 5070 vocet
712 5003 890 5070 turbas
913 5005 1324 5070 numemsiores,
1354 5017 1513 5070 quam
1543 5003 1650 5056 sint

153 5075 357 5133 martyres
395 5069 462 5122 ab
491 5067 611 5120 aliis
650 5068 864 5121 urbibus
905 5069 1120 5123 Christo
1167 5067 1444 5124 ollerendi.
1492 5075 1556 5124 At
1585 5087 1646 5126 ea

151 5146 231 5194 qua:
268 5146 552 5206 sequuntur
599 5153 712 5190 rem
761 5139 1096 5202 distinctam,
1143 5150 1197 5194 et
1234 5141 1650 5195 innumerabiles

152 5213 356 5278 martyres
389 5207 524 5278 satis
549 5206 932 5278 demonstrant.
982 5209 1412 5278 Martyrologium
1453 5211 1644 5262 Itoma-

152 5283 255 5334 tium,
281 5275 314 5328 F
319 5277 409 5330 lori
431 5316 448 5342 ,
486 5275 726 5338 Usuardi,
765 5274 992 5330 Galesini
1015 5317 1029 5341 ,
1061 5274 1158 5332 sub
1188 5274 1647 5333 innumerabilium

152 5352 382 5411 nurtyrum
429 5349 643 5398 nomine
670 5361 761 5399 cos
797 5347 1084 5400 celebrant.
1120 5347 1340 5400 Massam
1369 5349 1648 5401 candidam

151 5415 373 5490 appellari,
401 5415 534 5490 quia.
551 5429 736 5470 eorum
759 5415 964 5490 cineres
986 5419 1052 5490 ab
1078 5416 1268 5490 alienis
1289 5417 1522 5490 candore
1541 5419 1651 5490 dis-

151 5483 256 5544 t‘reti,
290 5497 348 5554 ac
377 5483 536 5537 simul
563 5485 796 5554 congesti
829 5488 1024 5551 reperti
1049 5496 1194 5553 sunt,
1224 5487 1430 5554 plurimi
1455 5486 1652 5540 contir-

152 5556 271 5619 tttant.
302 5551 602 5606 ltninartius
631 5552 704 5606 ait
731 5553 782 5608 id
809 5556 1121 5610 miraculum
1154 5551 1366 5611 in'mss.
1398 5558 1648 5610 vetustio-

151 5615 610 5686 ribusdesiderari..
663 5681 666 5684 .
1010 5673 1017 5679 -

194 5683 262 5764 61.
286 5684 514 5745 Breviar.
549 5683 678 5764 Moz.
715 5693 874 5756 male.
923 5693 1078 5764 Panis
1123 5709 1219 5764 pro
1255 5694 1418 5749 Pani.
1452 5694 1647 5748 Vocem

151 5756 370 5818 νομίσειε
396 5762 636 5817 nonnulti
657 5773 954 5834 suspectam
977 5756 1308 5820 habuerunt:
1333 5780 1394 5819 ea
1413 5765 1490 5820 usi
1523 5773 1647 5818 sunt

1758 3956 2097 4010 Vincentium
2127 3956 2657 4023 Cmsarangustauum
2693 3955 2871 4016 luisse,
2903 3971 2964 4009 ac
2982 3957 3098 4023 jure
3127 3955 3322 4014 refutat

1761 4027 2123 4080 Doddwellutn
2153 4027 2204 4078 in
2244 4025 2456 4079 di~scrt.
2493 4025 2556 4078 l9
2599 4024 2936 4093 Cyprianica,
2965 4036 3018 4080 et
3061 4025 3320 4084 Joannem

1756 4095 2014 4150 Morinum
2045 4096 2134 4149 lib.
2161 4110 2232 4159 nt,
2257 4111 2373 4163 cap.
2410 4095 2494 4159 l9,
2523 4095 2591 4166 de,
2614 4095 2932 4166 Administr.
2957 4101 3184 4152 sacram.
3212 4115 3320 4166 pag.

1759 4168 1973 4230 nitent.,
2001 4167 2088 4236 qui
2117 4175 2308 4233 negant
2335 4165 2757 4236 persecutionem
2790 4163 3099 4236 Diocletiani
3131 4179 3183 4222 ct
3207 4163 3322 4224 Ma-

1757 4237 1970 4290 ximiani
2017 4233 2080 4288 ad
2139 4233 2398 4305 Hispanos
2449 4234 2771 4303 parvi-uisse.
2808 4233 3140 4305 Existimant
3190 4254 3324 4294 nono

1759 4307 1888 4359 nulli
1922 4308 2144 4371 primum
2175 4303 2430 4374 martyrio
2473 4313 2783 4358 coronatum
2805 4303 3174 4370 Vincentium,
3207 4317 3318 4362 tum

1757 4376 2052 4430 octodecim
2081 4373 2360 4444 martyres.
2391 4389 2453 4444 ac
2484 4387 2751 4442 poStremo
2787 4373 3218 4444 innumerabiles.
3250 4379 3320 4432 At

1758 4447 2055 4518 contrarius
2078 4454 2164 4518 est
2202 4441 2514 4518 Prudentius
2546 4443 2840 4518 vers._105,
2880 4441 3103 4518 Noverat
3132 4449 3322 4518 templo

1756 4516 1972 4567 celebres
1992 4516 2044 4568 in
2070 4515 2166 4566 isto
2191 4513 2353 4566 Octies
2377 4523 2570 4582 partas,
2599 4515 2856 4580 deciesque
2877 4514 3095 4583 palmas.

1824 4585 1910 4638 78.
1942 4585 2058 4637 Vat.
2086 4586 2148 4645 Α,
2176 4583 2355 4646 Pabr.,
2382 4583 2572 4652 B»ng.,
2597 4583 2733 4644 Cis.,
2757 4587 2919 4637 clerus
2935 4583 3072 4648 hinc,
3099 4593 3157 4638 ut
3180 4601 3319 4642 vers.

1735 4659 1868 4723 ’seq.
1903 4654 2062 4708 iidem
2113 4655 2230 4706 hinc
2254 4654 2594 4707 sacerdotum.
2632 4654 2877 4707 lleinsius
2899 4666 2930 4704 a
2959 4653 3200 4708 Giselino
3237 4672 3318 4710 re-

1752 4727 1933 4787 cessit,
1950 4733 2003 4776 a
2019 4723 2184 4776 edidit
2206 4724 2482 4791 utrobique
2501 4724 2599 4786 hic,
2625 4739 2796 4792 neque
2820 4731 2992 4776 tamen
3014 4725 3320 4779 varietatem

1753 4793 1996 4846 lectionis
2032 4793 2284 4846 advertit.
2319 4793 2538 4845 lleinsio
2565 4793 2793 4847 concinit
2816 4793 3050 4854 Teolius,
3077 4799 3321 4861 quamvis

1751 4877 1824 4915 ex
1841 4862 2046 4916 duobus
2072 4863 2206 4933 Vatt.
2241 4863 2431 4933 melius
2462 4861 2688 4933 fortasse
2708 4863 2849 4916 dicat
2869 4863 3008 4915 hinc.
3043 4863 3096 4918 In
3127 4867 3321 4933 pleris-

1751 4947 1854 5000 que
1877 4943 1959 4986 est
1985 4934 2087 4997 hic,
2117 4931 2278 4985 etiam
2307 4931 2361 4984 in
2391 4930 2691 4984 Parrhasio.

1823 5001 1912 5055 79.
1947 5003 2122 5068 Prag.,
2171 5004 2242 5054 sr'c
2271 5001 2608 5054 sacerdotum.
2645 5001 2932 5055 Peveratus
2984 5010 3131 5068 putat
3161 5019 3322 5057 unum

1749 5071 2100 5140 eamdemque
2142 5071 2304 5124 fuisse
2348 5071 2614 5140 Valerium
2644 5069 3182 5138 Caesaraugustauum
3209 5078 3326 5140 epi-

1752 5155 1992 5205 scopum,
2014 5137 2107 5212 qui
2148 5137 2389 5212 interluit
2431 5139 2657 5212 concilio
2704 5137 3048 5212 Eliberjtano,
3091 5155 3137 5195 ct
3175 5137 3326 5212 cujus

1751 5212 2009 5263 diaconus
2035 5211 2127 5262 fuit
2157 5209 2216 5263 S.
2253 5210 2580 5273 Vincentius,
2606 5209 2848 5277 quamvis
2872 5209 3190 5264 Prudentius
3221 5209 3320 5266 tiu-

1754 5295 1902 5332 mero
1950 5279 2134 5344 plurali
2183 5279 2422 5334 Valerios
2471 5278 2750 5332 nominet:
2793 5294 2948 5346 quam
2999 5283 3322 5338 sententiam

1755 5351 1923 5402 tenuit
1954 5350 2210 5401 Baronius
2251 5349 2315 5401 ad
2343 5365 2470 5401 ann.
2500 5349 2624 5402 305.
2652 5347 3041 5402 Chamillardus
3071 5351 3135 5403 ad
3184 5351 3328 5407 hunc

1761 5420 1930 5471 locum
1962 5419 2038 5471 ait
2068 5434 2081 5470 :
2117 5419 2251 5480 Qu’a
2282 5418 2508 5471 Ecclesia
2537 5418 2995 5485 Cwsaraugustana
3019 5437 3178 5472 unum
3217 5433 3328 5476 tan-

1759 5497 1865 5539 tum
1884 5489 2116 5559 agnoscit
2148 5489 2179 5541 γ
2193 5489 2403 5540 alerium
2426 5489 2746 5559 episcopum.
2769 5490 2898 5539 hanc
2925 5505 3106 5556 sequor
3126 5492 3330 5559 opinio-

1705 5601 1709 5606 .
1761 5572 1890 5618 nem,
1922 5555 2040 5609 licet
2079 5555 2386 5609 Prudentius
2415 5559 2516 5608 alia
2541 5572 2645 5609 esse
2665 5558 2911 5610 videatur.
2938 5555 3040 5612 sed
3070 5555 3190 5612 cum
3232 5561 3329 5614 Ee-

1760 5627 1918 5678 cles'ta
1943 5625 2415 5694 Caesaraugustam
2439 5635 2691 5696 exactum
2712 5635 2765 5680 et
2791 5639 3103 5696 perpetuum
3133 5630 3330 5682 catalo-

1705 5743 1710 5746 .
1760 5709 1882 5760 gum
1912 5709 2128 5764 suorum
2153 5696 2526 5764 episcOporum
2549 5710 2655 5748 non
2683 5695 2894 5755 habeat,
2917 5708 3198 5764 potuerunt
3223 5698 3330 5751 duo

1758 5763 1838 5818 vel
1870 5763 2051 5833 plures
2079 5778 2198 5818 esse
2230 5763 2421 5819 Valerii
2451 5764 2708 5835 episcopi,
2736 5767 2862 5836 quin
2883 5763 2976 5823 eos
2999 5781 3136 5821 nunc
3165 5781 3330 5835 agno-
