3968 6288
566 327 664 384 571

741 443 968 512 Sanguis
999 444 1286 514 impensus,
1316 444 1538 494 lacerata
1565 443 1799 496 membra
1829 459 1841 507 ;

738 530 930 587 Pectus
958 533 1163 588 abscisa
1195 533 1361 602 patuit
1407 531 1598 601 papilla

911 623 1084 680 Corde
1110 624 1209 679 sub
1237 625 1370 691 ipso.

560 712 660 765 125
733 712 851 767 Jam
879 715 1053 768 minus
1082 714 1265 768 mortis
1297 714 1518 782 pretium
1547 720 1813 780 peractum
1841 723 1918 766 est
1943 729 1956 763 :

735 803 864 870 Quae
893 812 1180 859 venenatos
1205 803 1423 858 abolens
1447 802 1683 868 dolores,

727 893 996 948 Concitam
1029 894 1279 948 membris
1311 893 1492 949 tribuit
1519 893 1750 962 quietem

900 985 1060 1056 977
1090 985 1220 1040 Fine
1244 1000 1460 1052 soporo.

725 1075 900 1130 Cruda
933 1085 984 1130 te
1014 1076 1226 1146 longum
1257 1075 1424 1130 lenuit
1450 1075 1688 1137 cicatrix,

731 1165 796 1219 Et
823 1167 912 1221 diu
938 1166 1087 1221 venis
1113 1167 1267 1220 dolor
1295 1167 1446 1220 harsit
1474 1165 1685 1227 ardens,

731 1257 862 1310 Dum
892 1265 1255 1324 putrescentes
1286 1265 1468 1310 tenuat
1495 1255 1750 1309 medullas

903 1347 1139 1402 'l‘abidus
1162 1347 1371 1400 humor.

555 1166 656 1220 150

1666 335 1701 383 Α
1715 332 1937 386 L'RELII
1981 331 2340 388 PRUDENTII
2383 333 2703 389 CARMINA.

2153 449 2200 505 A

3699 331 3795 388 379

2407 445 2618 500 Invidus
2644 447 2885 514 quamvis
2911 445 3109 506 obitum
3139 463 3441 513 supremum

2408 529 2769 589 Persecutoris
2793 536 2996 604 gladius
3024 537 3227 605 negarit
3252 560 3262 589 .-

2233 621 2332 676 155
2407 624 2566 679 Plena
2600 634 2671 691 te,
2701 636 2923 696 martyr,
2956 635 3152 694 tamen,
3181 634 3240 681 ut
3267 635 3620 696 peremptam,

2583 716 2744 770 Plena
2772 712 3014 771 coronat.

2403 807 2663 871 Vidimus,
2699 819 2897 877 partem
2928 810 3122 878 jecoris
3152 811 3416 866 revulsam

2402 897 2620 967 Ungulis
2653 899 2808 965 longe
2831 899 3063 967 jacuisse
3095 901 3308 969 pressis,

2400 990 2542 1044 Mors
2572 990 2730 1044 habet
2757 991 2958 1059 pallens
2986 991 3182 1060 aliquid
3213 1001 3444 1054 tuorum,

2576 1083 2739 1152 978
2765 1082 2839 1136 Te
2864 1098 3071 1152 qttnque
3100 1086 3235 1136 viva.
3464 1069 3466 1071 ’

2395 1172 2546 1226 llunc
2577 1187 2776 1226 novum
2807 1183 3005 1227 nostra:
3036 1174 3245 1228 titulum
3275 1173 3559 1228 fruendum

2396 1261 2816 1330 Cmsaraugustte
2847 1263 2990 1317 dedit
3020 1265 3132 1333 ipse
3157 1262 3423 1330 Christus,

2391 1350 2522 1420 Jnge
2551 1352 2775 1406 viventis
2799 1352 2992 1406 domus
3022 1362 3077 1406 ut
3105 1353 3277 1407 dicata

2226 1079 2329 1132 HO

1842 1436 2122 1492 (ΠΛ)δὸἆέ
2166 1438 2501 1498 VETERES.

621 1548 745 1601 122.
799 1548 1096 1616 ltnpensus,
1126 1551 1315 1614 elfusus
1342 1561 1434 1611 est,
1467 1551 1716 1613 redditus,
1748 1551 1784 1603 Ι.

620 1617 744 1671 ηδ.
799 1619 967 1672 Minus
993 1662 1006 1684 ,
1039 1621 1091 1670 id
1120 1631 1191 1673 est
1212 1637 1312 1672 non
1343 1665 1355 1686 ,
1392 1622 1427 1672 Ι.

623 1688 742 1742 126.
795 1689 1042 1750 Altoh-tts,
1076 1691 1266 1751 deleas,
1303 1692 1337 1740 Ι.

621 1757 739 1810 128.
775 1757 862 1816 So,
886 1772 1002 1819 oro,
1030 1760 1328 1822 sopori/ero,
1361 1760 1397 1810 Ι.

620 1826 739 1878 121).
772 1827 964 1888 Cruda,
988 1828 1531 1898 recens—Longum,
1558 1830 1670 1894 diu,
1694 1832 1866 1899 longe,
1891 1828 1931 1880 1.

2299 1556 2418 1612 HO.
2455 1558 2609 1622 Viva,
2631 1561 2842 1624 vivente,
2870 1560 2997 1614 Mar.

2224 1694 2271 1749 Is
2296 1628 2414 1681 111.
2449 1628 2703 1695 Titulum,
2729 1631 2822 1683 hoc
2843 1631 3015 1693 decus.
3037 1659 3107 1670 -—
3128 1631 3451 1697 Fruendum,
3479 1631 3762 1684 habendum

2277 1713 2327 1746 0.

2277 1713 2327 1746 0.

2299 1765 2416 1820 115.
2451 1767 2605 1837 iuge,
2630 1769 2737 1835 diu,
2766 1767 2806 1820 Ι.

1887 1913 2450 1972 COMMENTARIUS.

615 2027 738 2085 122.
789 2031 1028 2101 Cilanius
1057 2031 1214 2086 docet
1251 2033 1505 2101 impensus
1543 2030 1809 2086 veteribus
1837 2031 1978 2085 idem
2026 2045 2115 2084 so-

547 2115 674 2154 nare
697 2100 839 2169 quod
867 2117 1108 2166 magnus,
1132 2100 1356 2170 ingens;
1387 2102 1524 2169 quod
1551 2101 1778 2170 Lucretii
1811 2111 1864 2155 et
1888 2101 2115 2154 Caesaris

543 2171 861 2224 auctoritate
901 2169 1222 2230 conﬁrmat,
1278 2172 1597 2236 adducitque
1649 2169 1788 2224 hunc
1837 2171 2112 2224 Prudentii

542 2253 778 2293 versum.
817 2239 1013 2310 Ycrum
1040 2242 1245 2310 sanguis
1275 2242 1530 2308 impensus
1559 2241 1642 2293 h‘c
1688 2240 1946 2310 signiﬁcat
1990 2255 2114 2293 san-

543 2310 760 2374 guinem
789 2309 1030 2378 etTnsum,
1055 2319 1108 2364 et
1137 2309 1258 2378 quia
1286 2313 1536 2372 impensus
1562 2319 1716 2363 sonat
1742 2309 1960 2377 effusus,
1996 2325 2116 2378 pro-

544 2379 712 2440 fusus,
757 2377 955 2432 idcirco
1004 2377 1374 2447 nonnunquam
1413 2379 1550 2432 idem
1596 2382 1734 2447 valet
1777 2394 1840 2432 ac
1873 2377 2113 2447 magnus,

543 2448 772 2518 ingens:
803 2457 859 2502 ut
886 2450 1120 2512 impensa
1152 2445 1336 2516 libido,
1369 2445 1663 2512 impensum
1699 2449 1944 2516 pretium.

616 2519 738 2571 125.
788 2518 1037 2572 Nonnulli
1066 2520 1306 2573 scribunt
1331 2521 1550 2570 abscissa
1579 2534 1697 2571 cum
1726 2518 1922 2586 duplici
1949 2534 1992 2584 s,
2023 2534 2116 2573 ve-

547 2588 800 2658 tustiores
826 2588 1026 2658 abscisa
1048 2603 1166 2641 cum
1200 2604 1322 2641 uno.
1354 2589 1786 2658 Martyrologium
1817 2589 2113 2642 Romanum

543 2656 772 2714 fumasse
801 2672 862 2714 ex
894 2657 1181 2714 Prudentia
1216 2660 1442 2726 sumpsit
1465 2656 1504 2723 ,_
1528 2657 1761 2711 Mamilla
1787 2658 1984 2711 abscisa
2005 2699 2018 2722 ,
2068 2669 2115 2713 et

543 2733 709 2802 fecore
746 2731 939 2802 avulso.
984 2730 1308 2802 lnbasiliea
1336 2730 1434 2783 SS.
1482 2730 1776 2782 octodecim
1823 2739 2114 2802 martyrum

543 2797 572 2851 ἐι
606 2801 916 2853 servabatur
947 2799 1138 2868 papilla
1167 2800 1394 2861 abscisa,
1414 2808 1485 2851 ut
1519 2807 1728 2852 constat
1755 2812 1820 2852 ex
1846 2797 2110 2868 epigram-

545 2878 687 2922 mate
706 2870 761 2924 S.
794 2866 1037 2937 Eugenii,
1068 2868 1206 2938 quod
1233 2868 1531 2938 exscribam
1561 2869 1626 2921 ad
1659 2882 1799 2922 vers.
1843 2866 1966 2922 145.

613 2939 740 2992 125.
789 2939 936 3002 Ald.,
974 2937 1168 3001 Oxon.,
1214 2937 1365 3001 Urh.,
1402 2947 1620 3003 peracta:
1638 2939 1755 2992 sine
1783 2947 1872 2991 est.
1900 2937 2110 3002 Ambr.,

545 3009 739 3062 vetusti
773 3008 1065 3070 Heinsiani.
1099 3009 1253 3072 Man,
1283 3008 1426 3070 ΒΜ..
1451 3007 1626 3076 Prag.,
1661 3008 1823 3076 Bong.
1852 3048 1868 3072 ,
1900 3018 2117 3076 peracta:

543 3087 636 3132 est.
671 3077 811 3131 Vatt.
838 3079 906 3144 A,
938 3078 998 3144 Β,
1029 3078 1094 3144 Ρ,
1130 3079 1207 3145 Q,
1233 3078 1502 3132 Widman.
1530 3092 1559 3130 a
1595 3077 1756 3146 prima
1788 3091 1968 3140 manu,
2002 3093 2116 3144 per-

542 3158 710 3199 actum
759 3157 850 3201 est.
904 3148 960 3201 In
1009 3149 1160 3201 Alex.
1209 3158 1288 3201 est
1330 3164 1427 3216 pa,
1477 3155 1533 3201 et
1594 3147 1794 3214 reliqua
1862 3146 2112 3216 obscura.

542 3216 800 3270 Weilz'us
840 3217 970 3272 citat
1009 3217 1305 3270 Fabricium
1332 3215 1448 3284 pro
1483 3233 1571 3284 per
1599 3217 1753 3268 ictum
1774 3231 1792 3268 :
1826 3217 1918 3269 sed
1949 3215 2112 3269 alium

542 3285 931 3372 voluit-dicere,
965 3302 1087 3372 nam
1130 3286 1403 3341 Fabricius
1433 3286 1962 3372 legit‘peractumoest.
1988 3285 2112 3372 Bee-
2142 3309 2188 3372 Ο

544 3356 677 3408 viar.
717 3356 851 3409 Mne.
882 3357 1136 3410 mendose
1166 3366 1367 3423 peracta
1407 3364 1500 3408 est.
1539 3354 1898 3408 Nebrissensis
1933 3355 2107 3422 expli-

544 3433 649 3487 cat,
669 3423 720 3477 Ν
724 3442 788 3477 οη
808 3427 956 3479 multi
967 3423 1338 3480 wstimandum.
1362 3424 1596 3477 Plu-must
1611 3424 2110 3492 namquealiquando

545 3510 745 3566 penam
772 3495 1044 3566 signiﬁcat.
1077 3493 1240 3566 Certe,
1259 3495 1358 3566 hoc
1380 3493 1631 3566 locognon
1653 3492 1942 3566 signiﬁcat,
1989 3508 2110 3546 nam

548 3562 870 3618 Prudentius
896 3568 969 3618 ait
1009 3565 1197 3619 minori
1231 3563 1386 3616 laude
1433 3563 1596 3634 videri
1634 3562 1823 3631 dignos
1853 3572 2113 3634 martyres

547 3636 634 3700 qui
676 3637 1057 3701 occubuerunt,
1098 3649 1255 3704 quam
1303 3632 1820 3701 Encratidemgqute
1856 3632 2114 3702 martyrio

546 3705 639 3757 luit
661 3715 952 3772 superstes.

617 3770 741 3826 127.
788 3775 1021 3828 Breviar.
1046 3773 1240 3827 Mozar.
1270 3772 1482 3835 vitiose,
1514 3773 1712 3824 concita
1732 3770 1970 3824 membra.

619 3843 744 3897 128.
775 3843 920 3908 Ald.,
945 3843 1178 3897 Breviar.
1203 3842 1363 3906 Moz.,
1391 3843 1492 3909 ﬁne
1511 3856 1764 3908 supremo.
1794 3841 2040 3909 Plerique
2062 3849 2116 3894 et

544 3913 884 3978 vetustiores,
908 3929 1112 3981 soporo.
1143 3908 1437 3978 Utrumque
1459 3921 1752 3980 agnoscunt
1772 3910 1906 3974 (ἤδη
1934 3908 2113 3979 Prag.,

545 3981 741 4042 Palat.,
767 3982 987 4046 Widm.,
1015 3982 1160 4036 Sich.
1189 3991 1243 4034 et
1270 3983 1378 4037 alii.

620 4050 746 4106 129.
779 4051 1034 4115 Hailsbr.,
1078 4062 1123 4104 te
1161 4052 1326 4121 longe.
1377 4050 1581 4105 Alicubi
1610 4057 1802 4113 tenuat,
1833 4048 1988 4113 male,
2021 4061 2115 4116 pro

547 4121 728 4174 tenuit.

622 4190 746 4244 151.
778 4190 897 4244 Vat.
924 4190 982 4253 Β,
1019 4190 1140 4244 Rat.
1163 4204 1341 4258 supra,
1362 4189 1581 4252 Weitl..,
1604 4189 1794 4251 tenuit;
1826 4186 2015 4241 melius
2037 4194 2118 4240 est

549 4267 743 4313 tenuat.

621 4328 741 4383 155.
773 4327 830 4382 S.
857 4327 1153 4398 Cyprianus
1178 4329 1334 4395 epist.
1356 4327 1423 4382 55
1446 4327 1512 4382 de
1537 4328 1598 4381 iis
1620 4328 1706 4395 qui
1736 4341 1828 4395 per
1853 4333 2114 4398 tormenta

545 4407 866 4466 superantur
889 4396 915 4452 ι’
935 4398 1061 4450 Cum
1092 4398 1407 4467 cupientibus
1436 4400 1565 4450 mori
1597 4413 1698 4450 non
1737 4396 2119 4467 permittebatur

547 4468 742 4532 occidi,
783 4468 869 4521 sed
897 4469 1076 4520 tandiu
1115 4466 1270 4536 fessos
1300 4477 1543 4520 tormenta
1575 4468 1855 4531 laniarent,
1894 4466 2119 4533 quandiu

547 4554 648 4591 non
675 4539 849 4604 ﬁdem,
879 4553 992 4603 qua
1020 4540 1203 4592 inuicta
1230 4546 1323 4603 est,
1345 4538 1618 4603 vincerent,
1642 4536 1730 4588 sed
1761 4551 1981 4600 carnem,
2005 4548 2120 4602 qua:

547 4607 751 4675 inﬁrma
778 4616 869 4676 est,
898 4607 1188 4676 fatigarent.

621 4677 744 4731 154.
780 4660 955 4744 Egni.,
987 4660 1241 4738 ilailsbr.,
1271 4674 1394 4729 Vat.
1424 4677 1469 4728 A
1499 4690 1525 4726 a
1558 4672 1787 4744 secunda
1818 4687 1998 4736 manu,
2027 4689 2119 4726 ne.
2145 4660 2196 4720 D

549 4755 710 4812 garel.
745 4743 866 4799 Vat.
892 4745 938 4798 A
965 4759 991 4796 a
1019 4747 1189 4814 prima
1216 4759 1396 4809 manu,
1422 4753 1652 4803 necaret;
1685 4743 1860 4812 Prag.,
1887 4746 2114 4796 necarit:

546 4828 834 4885 utrumque
861 4815 1022 4868 male.

620 4884 758 4938 155.
775 4885 1010 4938 Breviar.
1037 4885 1171 4936 llloz.
1198 4897 1497 4950 perperam,
1525 4889 1802 4950 perempta.

623 4954 740 5007 157.
777 4954 911 5006 Hinc
943 4955 1164 5006 fortasse
1207 4953 1443 5004 nonnulli
1489 4961 1738 5020 putarunt
1768 4950 2111 5004 Prudentium

550 5023 806 5090 martyrio
836 5023 1130 5076 Encratidis
1161 5029 1479 5090 praesentem
1519 5020 1772 5090 adfuisse.
1827 5020 1932 5090 §ed
1981 5021 2114 5072 Pru-

550 5089 732 5144 dentio
761 5091 888 5144 illud
917 5091 1098 5145 vidi-re
1130 5089 1222 5159 per
1249 5101 1458 5144 aetatem
1491 5104 1594 5142 non
1627 5089 1793 5141 licuit.
1825 5089 2115 5159 Lupercius

552 5159 862 5229 Leonardus
893 5161 943 5213 in
974 5158 1140 5229 epist.
1159 5164 1222 5214 ad
1256 5159 1540 5213 Marianam
1583 5159 1856 5229 impugnat
1879 5158 2114 5229 Ambro-

552 5230 688 5281 sium
719 5228 942 5298 Morales
971 5226 1116 5298 quod
1143 5246 1207 5284 ex
1244 5229 1343 5282 hoc
1375 5244 1526 5298 versu
1557 5226 1837 5298 collegerit
1879 5226 2116 5298 Pruden-

551 5298 683 5350 tium
713 5295 1069 5354 al’lirmare'se
1113 5309 1312 5367 partem
1350 5297 1544 5366 jecoris
1576 5295 1870 5367 Encratidis
1899 5296 2112 5350 vidisse.

555 5368 784 5434 Reponit
827 5364 1127 5434 Lupercius'
1156 5364 1498 5422 Prudentium
1540 5364 1747 5433 poetice
1785 5366 1925 5434 loqui
1963 5366 2115 5433 quasi

553 5433 791 5504 praesens
814 5433 1068 5505 martyrio
1095 5437 1297 5491 fuisset.
1350 5437 1767 5492 Bartholomasus
1806 5433 2115 5488 Leonardus

554 5507 606 5558 in
632 5505 796 5558 altera
827 5506 1075 5572 epist.-ad
1109 5506 1392 5560 Marianam
1421 5507 1560 5559 idem
1590 5513 1958 5572 argumentum
1987 5518 2117 5556 eon-

555 5575 762 5631 ﬁrmat:
811 5575 904 5628 sed
949 5575 1159 5629 videtur
1203 5591 1321 5630 esse
1370 5575 1642 5637 mendum,
1685 5572 1824 5640 quod
1870 5572 2112 5625 Encraiis

555 5656 654 5696 tres
682 5644 944 5697 minimum
983 5657 1150 5697 annos
1192 5657 1315 5699 ante
1357 5645 1700 5699 Prudentium
1740 5656 1892 5709 passa
1931 5641 2105 5694 fuerit.

551 5713 805 5769 Nebrissa
845 5715 897 5768 in
938 5713 1078 5767 hunc
1115 5712 1220 5768 lere
1249 5714 1459 5773 modum
1488 5716 1887 5773 interpretatur.
1928 5709 2110 5763 Videre

2221 2032 2494 2104 potuimus,
2527 2034 2571 2104 si
2607 2034 2967 2104 adfuissemus.
3021 2033 3272 2104 Accedit,
3320 2034 3372 2088 in
3417 2033 3760 2102 hujuscemod

2221 2103 2434 2170 hymnis
2468 2103 2629 2155 multa
2661 2103 2689 2156 a
2718 2103 3008 2157 Prudentia
3035 2103 3140 2156 dici
3180 2116 3245 2157 ex
3283 2117 3507 2170 persona
3537 2107 3772 2170 civitatis,

2219 2169 2314 2224 seu
2339 2173 2538 2240 populi,
2558 2173 2645 2240 qui
2671 2188 2905 2241 praesens
2928 2173 3086 2226 fuerit
3109 2181 3198 2224 ant
3216 2169 3336 2226 esse
3361 2176 3612 2241 potuerit,
3636 2169 3774 2242 quasi
3799 2231 3806 2236 _

2221 2255 2323 2293 non
2356 2243 2524 2295 multo
2560 2254 2677 2310 post
2712 2253 2932 2297 mortem
2967 2243 3048 2297 ha:
3075 2242 3258 2296 laudes
3283 2254 3605 2297 canerentur
3629 2260 3659 2296 a
3693 2260 3774 2309 pm

2218 2311 2364 2378 pulo.
2415 2311 2643 2382 Opinor,
2667 2322 2867 2382 partem
2901 2313 3044 2366 illam
3071 2312 3268 2380 jecoris
3312 2311 3584 2366 Prudentii
3628 2324 3775 2367 aetate

2217 2392 2585 2434 conservatam
2625 2381 2809 2447 fuisse,
2853 2391 2907 2437 et
2945 2382 3060 2448 ejus
3089 2390 3319 2434 mentem
3350 2395 3490 2443 esse,
3521 2382 3686 2436 videri
3726 2394 3775 2436 et

2217 2450 2424 2503 ostendi
2472 2459 2673 2518 partem
2714 2451 2909 2520 jecoris
2947 2450 3243 2520 quzelonae
3273 2451 3534 2518 jacuerat.
3587 2450 3774 2507 Conl‘er

2217 2520 2538 2586 epigramma
2571 2523 2627 2575 S.
2656 2521 2878 2589 Eugenii
2912 2520 3136 2574 inira'ad
3162 2535 3297 2573 vers.
3325 2521 3445 2573 145.

2291 2591 2412 2643 158.
2439 2589 2558 2644 Vat.
2579 2594 2618 2643 A
2646 2605 2740 2657 pro
2761 2591 2969 2644 diversa
2994 2590 3137 2652 lect.,
3160 2591 3258 2642 late
3272 2590 3521 2660 jacuisse.
3542 2589 3774 2660 Breviar.

2217 2658 2353 2712 Mox.
2382 2668 2564 2713 contra
2597 2674 2810 2714 sensum
2851 2671 2906 2715 et
2949 2668 3198 2721 metrum,
3224 2658 3487 2725 iacuisset.
3535 2659 3775 2714 Nebrissa

2169 2761 2176 2764 -
2218 2731 2404 2797 pressis
2431 2744 2495 2781 es
2509 2729 2666 2798 plicat
2695 2732 2747 2783 in
2773 2731 2884 2797 ipsa
2909 2729 3129 2781 thoracis
3162 2727 3443 2798 penetralia
3483 2728 3736 2799 Impressis
3757 2749 3778 2785 :

2217 2810 2275 2852 ut
2323 2799 2525 2853 scilicet
2569 2801 2789 2868 simplex
2834 2815 3003 2868 premo
3040 2800 3329 2866 accipiatur
3361 2813 3456 2866 pro
3484 2801 3775 2868 composito

2214 2869 2468 2937 imprime.
2501 2869 2588 2923 Sic
2614 2879 2747 2923 verto
2775 2884 2870 2938 pro
2895 2880 3056 2922 everte
3081 2879 3252 2935 poene
3281 2875 3559 2938 usurpant.

2291 2938 2415 2992 159.
2444 2939 2678 2992 Breviar.
2696 2937 3152 2998 Mos.,Siehardus
3172 2950 3223 2991 et
3245 2937 3482 3006 nonnulli
3507 2938 3594 2991 alii
3613 2939 3771 3006 vnlg.,

2215 3005 2431 3078 pellens.
2481 3008 2783 3076 Legendum
2815 3008 3007 3078 pallens
3037 3007 3273 3071 epitheto
3304 3003 3519 3078 proprio
3551 3003 3769 3061 mortis:

2217 3075 2425 3129 Pallida
2457 3075 2592 3130 mors
2622 3075 2823 3145 passim
2845 3078 3096 3132 occurrit.
3147 3079 3200 3129 In
3234 3086 3433 3128 tuorum
3466 3077 3776 3138 interpretes

2214 3146 2535 3200 subaudiunt
2559 3149 2912 3200 membrorum.
2945 3145 3048 3202 Sed
3077 3146 3268 3214 poterit
3289 3149 3425 3199 sumi
3451 3155 3653 3198 tuorum
3682 3162 3777 3213 pro

2218 3225 2419 3268 tuarum
2443 3232 2610 3270 rerum
2650 3227 2839 3270 neutro
2875 3230 3102 3285 genere,
3145 3224 3200 3268 et
3237 3217 3384 3284 quasi
3426 3215 3771 3270 substantive.

2216 3287 2486 3339 Sententia
2504 3295 2604 3345 est,
2621 3297 2822 3354 partem
2842 3285 3038 3354 jecoris
3051 3286 3288 3338 avulsam
3313 3293 3572 3338 mortuam
3593 3285 3781 3352 fuisse,

2218 3355 2342 3408 dum
2370 3355 2544 3410 adhuc
2569 3355 2810 3409 Encratis
2835 3364 2975 3410 esset
3001 3365 3292 3423 superstes.

2287 3423 2408 3494 MO.
2441 3424 2710 3478 Mariettus
2751 3427 2952 3478 notavit
2975 3422 3169 3494 quoque
3195 3422 3360 3494 videri
3387 3422 3568 3477 valere
3589 3424 3770 3476 adhuc.

2289 3493 2410 3548 Ml.
2441 3496 2572 3549 Cum
2606 3504 2901 3564 martyrum
2933 3493 3173 3564 sepulcra
3201 3493 3268 3545 ab
3294 3494 3574 3564 epi‘tapltiis
3602 3495 3780 3547 inscri-

2215 3563 2348 3632 ptis,
2396 3564 2586 3632 quibus
2630 3561 2822 3618 nomen
2871 3572 2953 3618 est
2999 3561 3215 3625 titulus,
3270 3561 3407 3616 tituli
3453 3563 3551 3615 dic-
3572 3573 3780 3626 rentur,

2215 3631 2366 3687 acute
2414 3631 2545 3686 dixit
2597 3644 2748 3700 poeta
2796 3635 2936 3688 hunc
2993 3646 3184 3685 novum
3234 3631 3446 3684 titulum
3497 3632 3773 3685 Caesarau-

2215 3712 2380 3770 gustiI
2407 3701 2679 3758 Christum
2707 3703 2948 3768 dedisse,
2991 3711 3050 3755 ut
3077 3710 3219 3754 esset
3248 3700 3438 3753 domus
3468 3701 3640 3753 dicata
3661 3742 3676 3763 ,
3719 3716 3778 3755 ac

2215 3773 2376 3826 veluti
2424 3774 2708 3837 sacellum,
2759 3782 2812 3827 et
2861 3772 3169 3842 martyrium
3202 3770 3447 3840 martyris
3479 3770 3780 3824 Eucratidzs

2217 3843 2392 3895 adhuc
2418 3845 2660 3896 viventis.

2290 3911 2410 3966 H3.
2442 3912 2587 3974 Ald.,
2617 3911 2946 3972 Parrhasius,
2981 3911 3124 3976 ΒΜ..
3152 3903 3370 3974 Weitz.,
3402 3923 3592 3962 omnes
3618 3908 3777 3961 Hein-

2216 3981 2350 4033 siani
2371 4021 2386 4044 ,
2427 3991 2482 4036 et
2509 3981 2747 4050 plerique
2776 3980 2894 4043 alii,
2928 3982 3055 4050 juge
3088 3981 3316 4034 viventis.
3370 3979 3446 4050 |t_a
3472 3977 3641 4050 (ἥδέ
3673 3977 3780 4043 ed.,

2216 4051 2310 4104 sed
2344 4051 2394 4104 in
2429 4047 2522 4103 ed.
2547 4051 2604 4114 2,
2632 4047 2684 4103 in
2714 4047 3210 4115 contextu,'tumba,
3243 4063 3362 4102 cum
3393 4047 3579 4109 Fabr.,
3612 4047 3776 4113 Bong.

2217 4133 2397 4186 supra,
2435 4120 2548 4174 Vat.
2583 4121 2642 4186 Β,
2675 4119 2844 4186 Sich.,
2877 4127 2930 4172 et
2959 4121 3184 4174 obscure
3215 4119 3345 4172 Mar.
3395 4118 3448 4170 In
3480 4116 3596 4170 Vat.
3628 4121 3669 4170 A
3703 4128 3777 4171 est

2209 4191 2348 4259 jure,
2376 4189 2493 4242 Vat.
2515 4190 2553 4242 Β
2581 4204 2675 4257 pro
2701 4190 2898 4243 divers.
2927 4189 3112 4256 script.
3134 4190 3246 4259 luge
3269 4203 3288 4240 :
3309 4201 3432 4252 vera
3459 4186 3619 4240 lectio
3646 4189 3777 4256 iuge.

2223 4259 2458 4312 Btvarins
2483 4259 2759 4313 contendit
2783 4260 3059 4326 episcopos
3084 4259 3210 4312 olim
3236 4270 3615 4321 nonnunquam
3648 4265 3777 4326 tem-

2223 4329 2304 4396 pla
2333 4329 2750 4398 consecrassein
2783 4325 3037 4398 honorem
3063 4326 3488 4398 martyrum,qui
3512 4325 3784 4398 suppliciis

2220 4394 2534 4466 superstites
2559 4397 2822 4462 vivebant,
2854 4409 2907 4451 et
2936 4397 3149 4451 adducit
3177 4394 3317 4450 vers.
3345 4394 3783 4466 HS,_Mnrtyrum

2223 4464 2368 4531 nulli,
2386 4477 2515 4531 etc.,
2533 4476 2586 4520 et
2608 4467 2744 4521 hanc
2765 4467 3058 4534 stropham.
3079 4467 3209 4520 Eum
3227 4467 3346 4534 jure
3362 4464 3553 4517 refellit
3572 4465 3786 4529 Biscus,

2221 4539 2415 4606 quippe
2439 4551 2559 4590 cum
2591 4537 2860 4591 Prudentii
2889 4551 3078 4590 versus
3117 4550 3220 4590 non
3261 4535 3330 4587 ita
3352 4536 3590 4606 debeant
3629 4534 3786 4606 inte!-

2223 4602 2366 4674 ligi,
2392 4621 2562 4673 neque
2601 4607 2764 4660 ullum
2805 4607 2875 4659 sit
2916 4607 2967 4658 in
3011 4615 3119 4660 tota
3160 4605 3475 4674 antiquitate
3503 4602 3783 4674 vestigium

2225 4673 2329 4727 tam
2376 4676 2621 4729 absurdae
2671 4675 3086 4729 consuetudinis.
3156 4675 3309 4741 Apud
3361 4673 3786 4741 commentttinm

2225 4745 2454 4798 Marcum
2483 4744 2764 4797 Maximum
2796 4754 2966 4798 exstat
3003 4745 3090 4798 hic
3121 4743 3187 4796 de
3207 4739 3271 4797 Β.
3305 4739 3588 4796 Encratide
3620 4740 3786 4793 versi-

2223 4815 2373 4868 culus
2396 4829 2409 4865 :
2441 4812 2653 4881 Templa
2677 4815 2846 4866 dicata
2870 4814 2966 4866 sibi
2988 4813 3108 4865 vidit
3135 4813 3242 4866 lucc
3265 4813 3320 4865 in
3343 4827 3553 4874 corpore
3577 4809 3785 4881 degens.

2230 4883 2419 4937 Verum
2448 4879 2606 4936 nemo
2633 4897 2736 4935 non
2765 4883 2927 4946 videt,
2959 4883 3258 4951 huiusmodi
3290 4895 3500 4933 versum
3529 4894 3556 4931 a
3587 4879 3789 4951 recenti

2223 4953 2398 5020 aliquo
2420 4951 2738 5022 sycophanta
2767 4949 3074 5012 conlictum,
3098 4961 3153 5004 ut
3179 4950 3390 5022 siuistga
3419 4949 3791 5022 interpretatio

2222 5017 2470 5076 versuum
2512 5017 2785 5076 P'rudentii
2828 5022 3282 5075 corroboraretur.
3336 5017 3696 5081 Prudentius,
3738 5026 3789 5070 ut

2224 5103 2382 5156 supra
2408 5094 2863 5159 Caesaraugustam
2902 5090 3184 5160 appellavit
3210 5089 3419 5160 domum
3460 5088 3671 5160 plenam
3701 5102 3792 5138 an-

2218 5162 2464 5230 gelorum,
2497 5171 2550 5214 et
2575 5156 2837 5231 tenfplum,
2864 5156 3110 5231 sie'nunc
3138 5168 3292 5213 vocat
3320 5158 3534 5231 domum
3558 5156 3790 5208 dicatam

2219 5227 2467 5297 martyris
2505 5231 2630 5298 juge
2665 5227 2910 5285 viventis.
2961 5229 3077 5282 Non
3111 5237 3288 5282 tamen
3317 5227 3671 5298 vehementer
3701 5239 3789 5278 re-

2219 5295 2589 5366 pugnabo.'si'
2627 5299 2744 5366 quis
2790 5313 2854 5353 ex
2895 5299 3277 5366 epigrammate
3319 5297 3377 5351 S.
3413 5295 3634 5360 Eugenii
3666 5308 3792 5366 mox

2219 5363 2521 5420 exhibendo
2563 5363 2810 5436 colligat,
2860 5363 3114 5435 reliquias
3159 5367 3217 5421 S.
3260 5366 3562 5420 Encratidis
3611 5363 3791 5436 adhuc

2218 5437 2473 5506 viventis,
2515 5431 2714 5490 scilicet
2753 5435 2946 5506 pallam
2980 5431 3162 5506 cruore
3199 5431 3793 5506 rubentem,__papillam

2221 5504 2360 5572 ﬁbris
2388 5516 2572 5559 sectam
2603 5508 2654 5558 in
2687 5503 2863 5574 aliqua
2894 5506 3111 5560 basilica
3143 5504 3308 5574 fuisse
3337 5503 3658 5574 custoditas,
3704 5508 3792 5574 aut

2219 5577 2380 5628 etiam
2422 5585 2538 5640 post
2573 5572 2870 5628 Encrati—dis
2901 5575 3104 5629 obitum
3133 5573 3348 5630 domum
3382 5575 3498 5643 ejus
3530 5572 3582 5624 in
3611 5572 3790 5625 cccle-

2219 5644 2350 5698 siam
2385 5644 2546 5699 l'uisse
2574 5652 2956 5700 consecratam.
