3968 6288
241 343 337 402 377

591 457 1007 528 Purpureorum.

409 557 518 612 Nos
547 558 634 627 pio
665 558 823 624 ﬂetu,
854 559 999 625 date,
1035 560 1341 630 pcrluamus

410 659 734 714 Marmorum
767 661 966 726 sulcos,
995 663 1189 732 quibus
1211 674 1295 719 est
1323 677 1508 736 operta

411 760 572 830 Spes,
600 771 658 815 ut
678 762 949 817 absolvam
981 765 1399 820 retinaculorum

581 850 764 905 Vincla
797 868 1060 910 meorum.

408 948 603 1004 Sterne
627 960 678 1005 te
704 959 865 1006 totam
894 967 1149 1021 generosa
1180 954 1379 1009 sanctis

407 1049 608 1106 Civitas
633 1067 840 1106 mecum
865 1053 1083 1108 tumulis
1109 1071 1121 1108 :
1154 1054 1349 1111 deinde

408 1149 525 1204 Mox
555 1161 893 1221 resurgentes
918 1132 1144 1219 animas,
1170 1163 1223 1209 et
1248 1165 1396 1210 artus

545 1249 676 1304 Tota
707 1251 969 1321 sequeris.

240 760 338 815 195

236 1247 334 1304 200

1401 353 1970 415 PERISTEPIIANON
2015 359 2222 418 llYMN.
2269 362 2329 415 V.

1842 475 1893 534 Δ
1927 471 1964 527 ν
2008 473 2301 530 HYMNUS.
2344 473 2580 531 PASSIO
2624 475 2680 532 S.
2740 474 3072 534 VINCENTII
3129 476 3492 535 MARTVRIS.

3396 371 3498 423 578

2059 564 2228 635 985
2257 565 2417 620 Beate
2447 575 2672 637 martyr,
2705 581 2958 636 prospera

2133 655 2296 726 985
2328 655 2477 710 Diem
2505 656 2875 726 triumphalem
2908 669 3077 726 tuum,

2134 747 2251 813 Quo
2289 748 2562 816 sanguinis
2593 765 2799 804 merces
2827 751 2920 806 tibi

2124 837 2356 902 Corona,
2385 839 2656 906 Vincenti,
2681 841 2856 896 datur.

1913 926 1948 984 5
2055 927 2152 982 ll'c
2183 937 2233 981 te
2259 943 2324 983 ex
2363 931 2596 985 tenebris
2626 933 2828 998 sasculi,

2129 1019 2355 1074 Tortore
2391 1022 2552 1086 victo,
2581 1033 2636 1077 et
2657 1024 2858 1091 judice.

2103 1109 2323 1165 'Evexit
2351 1111 2414 1164 ad
2451 1113 2647 1166 cmlum
2677 1114 2814 1178 dies,

2121 1200 2442 1270 Christoque
2465 1211 2710 1257 ovantem
2739 1205 2989 1260 reddidi..

2052 1289 2205 1347 Nunc.
2226 1293 2538 1360 angelorum
2564 1293 2850 1362 particeps,

1915 1379 1982 1434 10
2122 1382 2356 1438 Collucis
2385 1384 2574 1454 insigni
2598 1385 2734 1438 stola
2761 1402 2772 1436 ε

1533 1461 1818 1521 ΘΕΟΞΞᾹΞ
1861 1468 2196 1528 VETERES.

302 1545 424 1619 19g.
457 1545 880 1619 Purpureorum,
910 1563 1002 1617 pro
1033 1560 1458 1619 purpuratorum,
1497 1553 1533 1606 l.

301 1615 421 1669 193.
461 1618 609 1678 Date,
636 1618 805 1681 sinite,
833 1615 918 1681 ut,
952 1618 990 1671 l.
1033 1615 1041 1618 ’
1129 1615 1137 1619 ⁷
1447 1615 1455 1619 ’
1510 1646 1514 1650 ι

452 1685 661 1758 S_ulcos,
692 1687 920 1758 litteras;
943 1688 1226 1758 epitaphia,
1259 1691 1390 1746 Mar.

300 1757 421 1826 197.
455 1754 754 1822 Generosa,
788 1754 989 1826 nobilis,
1016 1757 1053 1811 1.

300 1827 352 1880 1.
383 1825 644 1896 Prospera
662 1866 678 1892 ,
711 1825 1006 1895 prosprrum
1033 1844 1145 1900 age,
1171 1829 1211 1883 Ι.

1978 1565 2063 1643 lli.
2095 1565 2355 1643 (.Iollucis-
2379 1565 2569 1643 insigni
2626 1567 2784 1621 stola.
2821 1566 3038 1643 Quando
3067 1578 3269 1624 sanctus
3297 1588 3328 1625 a
3355 1590 3482 1641 pm.

1903 1636 2034 1705 senti
2071 1636 2169 1687 rita
2197 1637 2394 1698 transit,
2420 1637 2569 1705 quasi
2595 1652 2696 1690 una
2742 1638 2874 1690 stola
2897 1639 3027 1693 lucet
3051 1656 3070 1703 ς
3092 1657 3204 1693 cum
3235 1636 3480 1698 vero'dies

1887 1703 2078 1781 judicii
2099 1705 2302 1781 venerit,
2329 1703 2576 1781 et_‘a'nimo
2597 1719 2643 1759 et
2664 1722 2874 1776 corpore
2903 1711 3324 1781 remunerabitur,
3357 1723 3480 1767 tunc

1897 1774 2092 1827 duabus
2123 1777 2265 1829 stolis
2294 1775 2524 1842 collucet,
2559 1775 2601 1830 l.

1568 1924 2136 1981 COMMENTARIUS.

1568 1925 1856 1981 COMMEN
1910 1925 2136 1981 ARIUS.

235 2007 472 2092 tndecim.
495 2018 785 2092 martyrum
822 2010 1000 2092 natale
1047 2012 1234 2092 solum
1252 2013 1415 2071 fuisse
1453 2015 1799 2086 Cmsaraugu-
1829 1925 2076 2092 Branima
2094 2019 2349 2092 {undepia
2372 2023 2664 2088 prec/lmine
2683 2022 3346 2092 pronostroftedofacinore
3365 2042 3476 2090 pre-

225 2090 395 2142 stam,
425 2077 544 2132 vide
567 2077 857 2136 Comment.
879 2082 943 2134 ad
970 2096 1108 2136 vers.
1137 2085 1254 2139 107.

301 2149 421 2201 195.
449 2148 582 2220 PaL.
607 2148 698 2203 hos
724 2152 826 2220 pio.
853 2151 928 2205 De
947 2151 1110 2205 verbo
1131 2155 1248 2206 date
1267 2156 1483 2210 consule
1503 2170 1794 2213 comment.

234 2217 294 2271 ad
323 2231 468 2289 vers.
483 2217 586 2289 594
618 2217 812 2285 Αρόιιι.
841 2221 979 2274 ldum
1003 2235 1156 2275 sonat
1180 2238 1241 2275 ac
1261 2241 1372 2289 aqc.
1659 2225 1670 2240 ‘

299 2285 418 2341 19L
453 2287 701 2342 Nebrissa
741 2301 794 2342 et
823 2292 1077 2362 Cellarins
1108 2285 1544 2362 interpretantur,
1571 2297 1621 2349 in
1653 2299 1795 2352 cine-

235 2357 371 2430 ribus
416 2371 565 2430 spem
601 2361 930 2430 ~resurgendi
983 2377 1220 2430 Opertam
1252 2357 1410 2420 'esse.
1462 2365 1672 2419 Planius
1713 2377 1796 2422 est

235 2427 367 2494 quod
408 2429 568 2506 etiam
599 2427 1425 2506 Teolio:_visum,Viutcrcrssione
1465 2448 1792 2506 martyrum,

235 2512 453 2563 quorum
501 2499 714 2552 cineres
764 2500 870 2554 illis
921 2505 1275 2574 marmoribus
1322 2499 1653 2574 tegebantur,
1699 2499 1793 2562 ve;

233 2581 264 2620 n
285 2582 365 2618 am
395 2577 732 2636 peccatorum
760 2585 1004 2635 Sperasse
1032 2572 1397 2626 Prudentian

299 2637 419 2690 195.
453 2637 690 2714 Breviar.
730 2640 891 2714 Μαι..
926 2641 1260 2714 Parrhasius,
1295 2653 1346 2698 ut
1369 2646 1622 2712 absoivat,
1651 2647 1794 2703 scil}.-

231 2716 310 2762 cet
339 2723 477 2773 spes,
509 2724 612 2763 non
643 2711 709 2764 ita
744 2713 900 2767 bene.

297 2779 415 2851 illi}.
448 2779 606 2851 Alex.
628 2797 656 2834 a
689 2783 855 2850 prima
887 2798 1044 2836 manu
1065 2823 1080 2848 ,
1105 2785 1267 2837 vincla
1295 2801 1469 2838 eorum
1489 2831 1503 2851 ,
1535 2789 1690 2841 male.

297 2848 416 2902 197.
447 2848 699 2924 Ιὶτςγίπζ
724 2854 861 2906 Μοι.
891 2868 1201 2921 perperam,
1235 2865 1280 2907 te
1309 2864 1447 2924 toga.
1479 2848 1792 2911 Parrhasius

229 2929 493 2986 corrupte,
523 2919 724 2992 Slernet
751 2933 795 2974 et
821 2919 975 2992 oitjam
994 2938 1233 2992 generosa
1263 2919 1450 2978 sanctis
1476 2924 1663 2979 Civitas
1689 2943 1793 2979 me-

230 3003 338 3062 gum
361 3004 380 3042 :
407 2989 616 3043 tumulis
639 2992 818 3046 deinde
846 2991 974 3047 Mox
989 2989 1310 3062 resurgentes
1332 2997 1548 3060 animas,
1579 3006 1626 3050 et
1650 3009 1790 3050 artus

229 3055 353 3110 Tota
377 3062 663 3128 sequestris.

298 3129 420 3205 199.
450 3129 690 3186 Breviar.
732 3130 846 3186 Mos
874 3171 891 3200 ,
931 3133 1240 3204 resurgentis
1273 3147 1294 3189 :
1319 3133 1448 3205 ‘lege
1474 3144 1790 3207 resurgentes

229 3211 440 3253 animas.

292 3267 412 3322 200.
446 3269 599 3338 Prag.
641 3285 735 3336 pro
783 3271 884 3326 hoc
911 3273 1175 3327 versiculo
1201 3271 1327 3326 Tota
1367 3275 1586 3339 sequeris
1631 3273 1790 3329 habet

227 3334 338 3410 lt-tc
367 3340 524 3410 terba
551 3334 652 3394 Tot
679 3341 726 3394 si
758 3344 966 3410 quieris,
1004 3345 1134 3394 inter
1160 3343 1388 3408 dispersa
1416 3334 1652 3409 reperies.
1685 3345 1791 3398 Ma-

229 3408 510 3482 riettusuad
537 3409 670 3482 hare,
706 3408 840 3476 Quid
864 3415 958 3474 sit,
988 3413 1092 3476 ait,
1122 3413 1308 3482 nescio.
1339 3408 1520 3478 Neque
1547 3429 1646 3482 ego
1671 3416 1789 3480 qui-

227 3475 341 3551 dem
371 3479 513 3532 aliud
550 3475 891 3551 cogito’esse,
923 3482 1040 3551 nisi
1063 3481 1410 3551 exscriptoris
1437 3475 1663 3551 alicujus
1691 3475 1793 3537 'aut

227 3545 410 3614 ignari,
435 3557 525 3622 aut
555 3545 715 3622 inepti
741 3545 1002 3606 errorem.
1029 3550 1084 3605 In
1109 3545 1316 3622 Vat.A,
1341 3561 1458 3620 post
1481 3545 1619 3606 hunc
1643 3555 1795 3622 hym-

227 3631 346 3668 num
371 3620 610 3699 sequitur
643 3618 879 3699 Hymnus
910 3623 962 3699 in
1003 3618 1622 3699 lt‘onoreﬂbeatissimorum
1656 3618 1794 3699 vitar-

226 3685 715 3760 tyruut‘b‘ructuosi'
731 3690 983 3760 episcopi,
1011 3687 1218 3756 Augorii
1247 3699 1292 3743 et
1324 3689 1550 3760 Eulogii.
1585 3691 1640 3743 In
1672 3691 1789 3746 Vat.

226 3755 268 3808 Β
288 3765 341 3828 et
367 3756 531 3828 Man.
551 3757 734 3810 Passio
759 3755 826 3813 S.
854 3755 1079 3828 Agnetis.

293 3826 350 3878 In
374 3826 474 3880 hoc
499 3826 650 3880 titulo
673 3826 914 3897 plerique
941 3829 1157 3883 codices
1175 3828 1550 3883 consentiunt:
1583 3828 1638 3882 in
1659 3843 1792 3897 quo.

225 3908 339 3947 rum
373 3897 644 3968 nonnullis
677 3897 761 3968 hic
789 3897 1255 3968 liytmiusponitur
1281 3906 1398 3968 post
1429 3897 1684 3968 hymnum
1726 3899 1786 3962 1.

226 3972 281 4036 ut
333 3965 604 4036 ad__liuem
655 3967 770 4035 ejus
807 3965 938 4020 dixi.
994 3967 1266 4021 Fabricius
1306 3965 1732 4036 habet'liymnus
1763 3983 1793 4021 v

223 4032 352 4106 Divo
385 4032 903 4106 Vincentionmartyri
933 4036 1413 4106 Cwsaraugustano.
1447 4032 1644 4100 Aldus,
1683 4037 1794 4091 Ode

222 4104 274 4156 in
303 4105 508 4157 laudem
549 4105 610 4160 S.
635 4104 900 4175 iVincentii
936 4104 1195 4175 martyris.
1230 4107 1284 4160 In
1321 4105 1504 4161 codice
1541 4117 1791 4174 pervetu-

221 4177 571 4245 stogecclesiac
607 4174 916 4239 Veliternae,
937 4176 1005 4229 de
1031 4174 1136 4245 quo
1165 4175 1358 4245 dixiin
1401 4175 1611 4245 l‘roleg.
1641 4193 1788 4231 num.

221 4242 350 4307 2η,
379 4246 432 4297 in
464 4255 610 4310 nota,
641 4253 822 4299 exstat
851 4246 1078 4314 hymnus
1105 4244 1172 4298 de
1199 4244 1258 4299 S.
1290 4242 1591 4310 Vincentio,
1609 4261 1791 4314 quem,

221 4315 472 4383 quoniam
517 4315 752 4368 nondum
797 4314 996 4368 editqu
1032 4326 1195 4383 ,puto,
1246 4314 1349 4367 hoc
1389 4316 1506 4369 loco
1536 4317 1792 4369 transcri-

220 4381 348 4437 bere
371 4400 475 4437 non
500 4386 696 4452 pigebit
716 4400 734 4452 γε
769 4383 1018 4438 Prtecelsa
1039 4381 1199 4436 seselis
1227 4384 1409 4436 colitur
1429 4385 1534 4438 dies
1559 4384 1792 4438 omnibus

221 4454 456 4520 ﬁdelibus
499 4451 670 4518 clara,
708 4451 769 4506 In
817 4455 1008 4506 honore
1048 4457 1284 4522 martyris
1313 4453 1500 4506 Christi
1543 4453 1793 4508 Vincentii

221 4525 319 4576 rite
341 4524 530 4592 dicata,
573 4523 636 4576 In
663 4525 809 4592 cujus
845 4521 996 4575 hodie
1036 4521 1195 4592 natali
1222 4524 1462 4576 solvimus
1491 4523 1668 4592 laudes
1703 4525 1792 4578 de-

222 4592 370 4646 bitas.
402 4591 627 4661 lusignis
649 4590 769 4645 olim
781 4592 1010 4661 labini,
1041 4590 1220 4656 levita,
1243 4594 1441 4660 gemina
1466 4593 1556 4645 sub
1592 4591 1792 4646 Valerio

219 4663 438 4729 gliscens
469 4658 726 4730 dogmata.
771 4658 1027 4731 Flagrans
1061 4658 1431 4731 amore;divino
1461 4661 1666 4715 calcasti
1708 4661 1790 4714 lu-

1816 3383 1863 3449 C

1904 2104 1960 2140 ce
1974 2089 2179 2160 sedula.
2205 2087 2360 2150 Fore,
2376 2087 2418 2142 o
2444 2103 2654 2160 martyr,
2675 2087 2950 2145 immeritos
2971 2087 3194 2160 famulos
3217 2107 3329 2147 tuos
3345 2087 3476 2149 noxa

1898 2158 2112 2228 pellens,
2143 2170 2188 2211 et
2220 2159 2484 2212 commoda
2509 2158 2732 2229 prtebens
2760 2164 2948 2214 omnia.
2973 2158 3242 2216 'Cowterna
3271 2180 3372 2216 una
3403 2176 3474 2218 te-

1897 2244 2010 2280 cum
2027 2229 2078 2280 in
2102 2229 2267 2300 gloria
2276 2230 2617 2300 jocundemur
2637 2241 2896 2283 cantantes
2915 2234 3139 2286 alleluia.
3163 2234 3259 2287 Ubi
3285 2244 3472 2297 puncta

1897 2309 2022 2370 sunt
2062 2299 2287 2360 adtlita,’
2313 2309 2599 2370 annotatur
2644 2301 2696 2352 in
2725 2300 2930 2365 codice,
2978 2311 3226 2370 tanquam
3253 2303 3473 2363 (diversa

1897 2367 2078 2432 lectio,
2107 2370 2278 2436 primo
2313 2368 2430 2422 loco
2452 2371 2708 2422 teterrima
2741 2383 2910 2422 trusus
2936 2367 3100 2437 pelea,
3134 2371 3369 2425 secundo
3397 2380 3474 2425 ter

1895 2437 2116 2508 collega,
2146 2453 2264 2506 qum
2295 2438 2399 2491 duo
2422 2440 2664 2508 equidem
2695 2455 2798 2492 non
2825 2437 3080 2505 intelligo.
3107 2441 3242 2494 Aliis
3265 2441 3316 2494 iu
3342 2441 3474 2494 locis

1896 2505 2104 2561 facilius
2134 2505 2443 2575 intelligitur
2471 2505 2721 2563 mendum
2745 2510 2848 2564 cub
2866 2525 2961 2571 ire,
2980 2525 3138 2578 quam
3166 2525 3290 2564 vera
3315 2511 3472 2564 lectio

1895 2577 2196 2649 reperitur:
2230 2592 2329 2633 nec
2359 2579 2488 2633 tanti
2511 2590 2593 2634 est
2622 2585 2738 2634 eain
2770 2577 3108 2645 inveStigare.
3133 2579 3470 2649 Epigramma

1893 2645 1953 2702 S.
1989 2647 2206 2719 Eugenii
2245 2651 2312 2703 de
2356 2651 2578 2704 Basilica
2619 2651 2675 2704 S.
2723 2650 2983 2704 Viucentii
3024 2645 3255 2704 exhibui
3285 2649 3470 2718 hymn.

1894 2733 2074 2784 super.
2099 2721 2164 2772 ad
2199 2733 2340 2772 vers.
2361 2720 2520 2774 90.ln
2548 2719 2817 2774 Prudentii
2847 2719 3044 2788 hymno
3069 2719 3210 2773 nulla
3244 2721 3299 2772 lit
3325 2735 3472 2774 men-

1895 2789 1969 2841 tio
2003 2791 2184 2856 patria:
2215 2791 2272 2842 S.
2305 2789 2594 2851 Vincentii,
2624 2805 2800 2858 neque
2828 2790 3103 2856 Oppidum,
3135 2790 3186 2843 in
3215 2804 3322 2858 quo
3355 2803 3472 2855 pas-

1893 2871 1985 2910 sus
2017 2868 2119 2921 est,
2151 2859 2486 2920 nominatur;
2515 2863 2759 2928 quamvis
2780 2862 3002 2928 nomine
3031 2860 3227 2926 populi,
3247 2868 3301 2912 ut
3327 2874 3471 2926 saepe

1895 2927 1947 2996 in
1971 2929 2109 2991 aliis,
2141 2930 2385 2996 loquatur
2411 2927 2551 2983 vers.
2585 2930 2709 2991 556,
2742 2927 3117 2982 Exosculamur
3139 2928 3396 2991 lectulum,
3416 2935 3470 2982 et

1892 2995 2017 3061 565,
2044 2998 2104 3051 Si
2125 3000 2214 3050 sub
2243 3009 2445 3050 tuorum
2473 2999 2662 3067 gaudio
2693 2996 3026 3064 l’estigiorum
3047 2997 3470 3067 sternimurtLO-

1892 3080 2044 3131 cum,
2077 3067 2165 3120 ubi
2199 3081 2385 3133 passus
2413 3066 2516 3132 est,
2541 3075 2694 3121 vocat
2723 3068 2974 3135 oppidum
3005 3081 3143 3120 vers.
3175 3068 3297 3122 555,
3322 3066 3469 3119 Caire

1897 3144 2004 3208 toto
2047 3151 2111 3208 ea;
2141 3138 2361 3208 ορρὶάος
2391 3137 2541 3208 quod
2584 3137 2746 3208 luisse
2782 3135 3468 3208 Valentiamhprope_littus

1893 3205 2138 3274 Sagunti,
2177 3205 2242 3259 ex
2284 3206 2432 3260 Actis
2465 3205 2604 3274 apud
2644 3205 2974 3258 Ruinartinm
3005 3215 3059 3258 et
3089 3205 3468 3274 Bollandianﬁos

1891 3273 2123 3329 constat.
2171 3276 2301 3329 Esse
2339 3273 2515 3329 autem
2558 3275 2700 3330 hunc
2740 3276 2992 3343 hymnum
3033 3276 3247 3336 factum,
3287 3283 3343 3326 ut
3380 3273 3468 3327 die

1892 3345 2173 3398 emortuali
2205 3345 2264 3399 S.
2290 3344 2552 3399 Vincentii
2593 3355 2896 3406 caneretur,
2937 3344 3102 3412 prima
3134 3353 3188 3398 et
3236 3343 3464 3396 secunda

1893 3417 2110 3483 stropha
2143 3423 2326 3481 aperte
2360 3413 2669 3468 ostendunt.
2711 3414 3016 3467 Ruinartius
3049 3423 3194 3478 putat
3217 3411 3468 3483 Pruden-

1895 3482 2045 3564 tium.
2072 3499 2136 3536 ex
2176 3485 2323 3538 Actis
2358 3483 2612 3564 antiquis,
2636 3498 2774 3563 quae
2811 3485 2922 3564 ipse
2953 3483 3174 3564 profert,
3215 3482 3466 3564 hymnum

1902 3553 2136 3606 maxima
2164 3568 2225 3606 ex
2256 3562 2406 3620 parte
2432 3555 2808 3607 concinnasse.
2833 3553 2885 3606 ld
2909 3553 3038 3606 satis
3060 3561 3141 3605 est
3159 3552 3465 3613 verisimile,

1893 3635 2012 3676 cum
2045 3621 2310 3675 Prndeutii
2332 3622 2558 3691 hymnus
2587 3623 2853 3676 interdum
2883 3622 3118 3676 etiamin
3148 3623 3322 3674 verbis
3343 3636 3464 3674 cum

1894 3691 2043 3744 Actis
2080 3691 2399 3753 consentiat,
2438 3700 2493 3744 et
2530 3695 2658 3744 Acta
2698 3692 2978 3744 videantur
3007 3705 3126 3744 esse
3167 3691 3465 3755 antiquiora

1893 3768 1948 3812 et
1995 3758 2222 3813 fortasse
2271 3761 2450 3812 statim
2502 3769 2623 3826 post
2672 3760 2985 3813 Diocletiani
3039 3761 3463 3827 persecutionem

1893 3827 2134 3882 conlecta
2163 3846 2174 3881 :
2199 3843 2316 3896 quae
2340 3829 2391 3882 in
2415 3830 2656 3883 ccclesiis
2678 3829 2812 3881 lecta
2833 3829 2992 3882 fuisse
3019 3843 3083 3881 ex
3111 3827 3464 3896 S.Augustini

1894 3897 2230 3952 sermonibus
2287 3899 2627 3964 perspicitur.
2689 3898 2952 3951 Caeterum
3013 3898 3280 3950 nonnu=lae
3341 3907 3466 3948 sunt

1893 3967 2237 4034 conjecturae,
2280 3976 2338 4020 ut
2375 3969 2503 4020 Acta
2536 3982 2655 4037 quae
2683 3981 2822 4037 nunc
2847 3975 3058 4020 exstant
3085 3977 3200 4032 post
3232 3966 3468 4019 Pruden-

1894 4038 2022 4090 tium
2063 4037 2376 4090 coacinuata
2420 4036 2585 4091 fuisse
2628 4036 2928 4091 credamus.
2967 4037 3273 4089 Ruinartius
3315 4038 3462 4104 plura

1893 4105 2056 4160 habet
2079 4107 2146 4160 de
2181 4107 2325 4160 cultu
2367 4106 2424 4160 S.
2465 4105 2749 4172 Viucentii,
2786 4107 3082 4172 praesertim
3110 4107 3160 4158 in
3189 4105 3380 4168 Gallia,
3410 4115 3466 4158 et

1892 4176 2133 4244 quedam
2183 4191 2282 4230 nos
2329 4190 2540 4244 quoque
2587 4175 3067 4230 animadvertimus
3115 4175 3165 4228 in
3213 4177 3352 4228 nmis
3393 4175 3459 4228 ad

1897 4245 2246 4312 llymnodiam
2293 4245 2648 4312 Hispanicam.
2686 4245 2816 4298 Vide
2845 4246 3004 4298 etiam
3037 4255 3166 4297 tom.
3203 4244 3238 4290 V
3274 4250 3458 4298 Actor.

1897 4263 1938 4298 ιι
1979 4263 2246 4298 mnomam
2293 4263 2648 4312 ntspamcam.
2693 4263 2816 4298 Vllle
2845 4263 3004 4298 etiam
3038 4263 3166 4297 tom.
3207 4263 3232 4290 ν
3274 4263 3458 4298 ACIOI‘.

1893 4263 1991 4368 δέ.
2022 4314 2196 4368 ordin.
2228 4315 2526 4377 Benedict.,
2555 4325 2606 4368 et
2639 4313 2934 4368 Florezium
2966 4325 3095 4366 tom.
3138 4314 3272 4366 \‘lll.
3315 4314 3462 4379 llisp.

1893 4398 2057 4447 sacr.,
2105 4393 2260 4437 tract.
2308 4383 2398 4446 25,
2453 4397 2572 4451 cap.
2612 4385 2664 4436 7.
2709 4383 2954 4436 Nicotaus
2993 4383 3277 4444 Antonius,
3325 4383 3462 4436 Bibl.

1901 4454 2050 4519 llisp.
2105 4462 2236 4506 tom.
2288 4453 2352 4517 ll,
2382 4467 2501 4521 pag.
2537 4453 2655 4516 109,
2690 4453 2866 4505 laudat
2909 4453 3159 4505 ineditam
3213 4451 3467 4521 disserta-

1901 4467 2050 4519 llisp.
2105 4467 2236 4506 tom.
2288 4467 2352 4517 tl,
2382 4468 2444 4521 pa
2487 4489 2501 4503 .
2537 4467 2655 4516 ιυυ,
2690 4467 2866 4505 tauoat
2909 4467 3159 4505 metutam
3213 4467 3466 4504 disserta-

1894 4524 2098 4575 tionem
2141 4521 2416 4576 Michaelis
2450 4467 2673 4575 goanuis
2713 4521 3032 4588 Vimbodini,
3077 4530 3131 4575 et
3157 4521 3373 4584 Qucralt
3399 4520 3466 4573 de

1893 4591 1951 4645 S.
1977 4591 2239 4646 Vincentii
2281 4593 2457 4646 levitte
2501 4591 2717 4658 Hispani
2763 4597 3014 4660 martyris
3053 4595 3187 4643 sacri
3212 4589 3466 4660 corporis

1897 4661 2264 4715 translatione.
2316 4660 2468 4724 Apud
2503 4661 2798 4714 Buldettum
2832 4658 2920 4712 lib;
2972 4675 3009 4722 ι,
3056 4674 3175 4726 cap.
3208 4658 3296 4722 '59,
3355 4658 3466 4710 0b-

220 4728 358 4784 brica
387 4728 568 4784 mundi
599 4733 786 4802 gaude
817 4728 964 4798 fortis
991 4730 1201 4783 athleta.
1228 4729 1502 4802 Tempani
1530 4746 1661 4802 steva
1689 4747 1792 4802 par-
1817 4728 1870 4788 D
1894 4745 2034 4784 serv.
2058 4737 2656 4802 exstatmonumentum
2689 4739 2840 4786 vetus
2878 4742 3184 4802 cupressum
3215 4742 3246 4780 e
3272 4741 3468 4802 cmine-

219 4817 405 4853 narum
449 4798 663 4869 genera,
692 4800 851 4853 risisti
896 4815 1070 4853 sereno
1113 4798 1268 4853 corde
1305 4800 1555 4868 plurima,
1588 4800 1786 4867 vincla,

218 4873 458 4932 verbera,
497 4872 680 4938 furias,
724 4869 945 4935 faculas,
985 4879 1206 4930 catenas,
1253 4871 1523 4938 ungulas,"
1541 4887 1600 4922 ac
1635 4873 1790 4923 crati-

217 4942 409 4992 culam.
433 4937 618 4994 carcer
637 4950 685 4991 te
713 4948 836 5009 teter
859 4939 932 4991 nil
961 4938 1140 5009 terruit
1158 4977 1174 5002 ,
1197 4944 1284 4989 aut
1313 4937 1418 5009 ul_l_a
1447 4939 1647 5009 tortoris
1675 4956 1790 4991 cru-

219 5010 402 5062 delitas
429 5048 444 5073 ,
478 5024 567 5061 nec
591 5007 787 5061 torrida
813 5009 935 5074 ferri
972 5007 1320 5061 machina.....
1349 5004 1612 5060 Flammas
1636 5018 1793 5061 testu-

219 5078 393 5131 larum
429 5093 613 5147 aspera
657 5079 909 5146 fragmina
953 5076 1091 5128 ultro
1128 5075 1302 5147 subisti
1341 5075 1666 5147 impavidus._
1698 5078 1794 5132 Se-

219 5159 342 5216 plus
385 5145 561 5200 cuneis
615 5145 751 5200 mox
783 5147 990 5199 sidereis
1032 5145 1328 5216 ymnihabas
1391 5147 1602 5214 mystica
1647 5145 1794 5200 lwtus

221 5214 472 5296 carmina.
516 5217 714 5295 Sonam
755 5231 948 5296 organa
991 5214 1302 5296 per-miriﬁca
1348 5217 1619 5295 modulatis
1658 5217 1793 5268 voci-

221 5287 318 5339 bus
343 5285 721 5354 concrepantia.
757 5282 918 5337 Victis
956 5282 1111 5338 vietor
1150 5282 1376 5354 hostibus
1399 5285 1634 5336 victorem
1678 5300 1787 5337 ser-

220 5358 381 5409 nebas
439 5352 722 5408 comminus
775 5355 1071 5423 angelorum
1121 5352 1368 5423 psallebas
1424 5365 1622 5406 caterva
1670 5369 1788 5406 voce

220 5426 537 5483 tinnula,....
564 5423 710 5492 Eya,
736 5422 877 5476 miles
916 5423 1122 5485 invicte,
1152 5422 1315 5492 posita
1351 5423 1546 5474 caduca
1585 5424 1788 5475 sarcina

220 5509 340 5546 arce
369 5495 491 5574 Pali
516 5490 718 5574 ﬂorida
766 5493 974 5546 uecteris
1011 5507 1120 5544 nos.
1149 5490 1280 5574 Ριοδι⁸
1319 5501 1388 5544 tot
1430 5501 1790 5574 tormentorum

222 5559 481 5630 supplicia
508 5563 719 5632 feliciter
741 5571 944 5631 peracta
962 5602 977 5624 ,
1000 5572 1146 5632 atque
1170 5559 1359 5612 devicta
1384 5563 1652 5626 penetrasti
1679 5563 1792 5632 cwli

222 5635 416 5686 sidera.
458 5632 604 5688 Stolo
631 5633 894 5685 laureatas
933 5631 1202 5697 perspicua
1231 5645 1422 5698 agnum
1445 5646 1652 5698 sequens
1689 5631 1793 5692 ful-

225 5703 349 5772 gida
378 5705 510 5757 inter
535 5701 646 5755 lilia
665 5703 898 5772 agonista
924 5701 1029 5768 iam
1053 5697 1320 5764 trivudias.
1347 5697 1464 5752 Jam
1484 5697 1597 5770 jam
1620 5709 1791 5754 sancta

1897 4803 2032 4854 terio
2053 4800 2283 4864 Callisti,
2325 4815 2432 4866 quo
2471 4799 2569 4854 SS.
2614 4809 2874 4868 martyres
2924 4798 3238 4858 Vincentius,
3278 4798 3464 4865 Agnes,

1895 4869 2082 4939 Poltus
2124 4868 2485 4939 (Hippolytus)
2516 4869 2568 4921 in
2603 4873 2739 4922 vitro
2774 4869 3239 4939 reprtiase_nt.1ntiir.

1963 4938 2016 4993 4.
2046 4933 2318 4993 Sententia
2340 4933 2615 5005 desumpta
2639 4948 2722 4992 est
2751 4953 2818 4992 ex
2838 4933 2848 4936 ἡ
2871 4937 2910 4990 ll
2949 4936 3012 4988 ad
3037 4935 3268 4988 Timoth.
3299 4947 3358 5005 tt,
3392 4933 3463 5005 5A:

1899 5007 2039 5062 Nam
2069 5020 2116 5062 et
2140 5010 2227 5076 qui
2249 5019 2404 5062 certat
2425 5009 2478 5060 in
2501 5001 2683 5077 agone,
2703 5023 2807 5059 non
2847 5003 3308 5077 coronabitur,_nisi
3337 5001 3466 5069 legi-

1895 5079 2018 5131 time
2039 5074 2328 5133 certaverit.
2362 5077 2472 5132 Etsi
2500 5074 2678 5130 autem
2728 5088 2881 5144 poeta
2910 5077 3133 5127 fortasse
3161 5074 3210 5126 id
3238 5088 3341 5125 nou
3372 5087 3466 5144 co-

1893 5161 1926 5214 g
1955 5148 2167 5212 laverit,
2193 5150 2480 5201 notandum
2501 5154 2585 5199 est
2602 5146 2707 5199 dici
2728 5141 2990 5214 possetibi
3010 5145 3245 5207 vincenti,
3275 5151 3328 5195 et
3340 5141 3462 5214 _t_ibi,

1897 5211 1928 5268 ὀ
1962 5215 2214 5270 Vincenti.
2245 5216 2359 5270 Non
2389 5217 2575 5269 dubito
2602 5211 2737 5282 quin,
2759 5213 3076 5266 Prudentius
3119 5228 3309 5282 nomen
3340 5211 3466 5282 Vin-

1897 5287 2056 5339 centii
2089 5287 2153 5337 ad
2189 5301 2440 5340 coronam
2492 5279 2631 5351 quae
2662 5285 2894 5336 vincenti
2938 5282 3094 5335 datur
3134 5281 3272 5334 ultro
3302 5279 3468 5351 arpli-

1889 5357 2081 5408 Cuerit.
2114 5355 2443 5417 l‘aschalius,
2477 5349 2566 5406 lib.
2599 5368 2612 5405 l
2642 5355 2708 5406 de
2734 5351 2977 5415 Cornuis,
3007 5365 3126 5419 cap.
3160 5353 3212 5413 6,
3236 5365 3350 5417 pag.
3379 5349 3465 5412 19,

1892 5423 1963 5477 de
1989 5438 2182 5476 corona
2209 5439 2327 5492 quas
2369 5423 2641 5493 praemium
2684 5431 2765 5476 est
2815 5422 3051 5491 martyrii
3098 5421 3312 5488 copiose
3358 5419 3468 5471 dis-

1894 5493 2043 5546 serit.

1966 5561 2054 5614 10.
2081 5560 2231 5623 Ald.,
2261 5559 2455 5614 Weitz.
2483 5573 2603 5613 cum
2651 5559 2782 5621 suis,
2809 5559 2993 5627 scripti
3026 5556 3263 5626 plerique
3292 5555 3468 5627 licin-

1896 5630 2052 5697 siani,
2087 5631 2228 5683 Vatt.
2252 5645 2458 5691 omnes,
2489 5637 2712 5694 excepto
2744 5626 2930 5686 Alex.,
2951 5628 3189 5691 colluces,
3221 5626 3302 5679 vel
3347 5640 3468 5697 con-

1898 5694 2050 5753 luces.
2076 5701 2214 5764 Put.,
2244 5699 2392 5753 Alex.
2420 5716 2446 5750 a
2467 5700 2632 5768 prima
2657 5713 2836 5764 manu,
2870 5697 3068 5753 Cauch.
3102 5697 3289 5762 codex,
3316 5694 3468 5748 sche-
