4022 6288
660 295 768 353 383

841 409 1048 465 Adsunt
1076 418 1131 464 et
1159 408 1268 463 illic
1294 407 1512 475 spiritus
1536 422 1551 460 :

908 502 1045 556 Sunt
1071 501 1161 554 sed
1197 498 1432 564 magistri
1463 497 1766 560 criminum,

921 593 1121 645 Vestra:
1141 600 1194 644 et
1224 589 1408 644 salutis
1435 603 1691 654 aucupes,

664 685 731 739 80
914 683 1064 753 Vagi,
1097 683 1434 750 impotentes,
1465 680 1661 734 sordidi
1687 698 1702 734 :

838 779 996 848 991
1034 778 1135 844 Qui
1165 791 1257 830 vos
1289 777 1513 830 latenter
1546 774 1740 828 incitos

909 868 966 920 ln
997 883 1155 920 omne
1182 865 1512 935 compellunt
1538 864 1706 926 nefas,

910 956 1137 1011 Vastare
1161 957 1332 1025 justas
1361 955 1598 1009 caedibus
1617 995 1632 1019 ,

906 1044 1121 1100 Plebem
1149 1045 1352 1113 piorum
1381 1060 1620 1111 carpere.

669 1134 734 1188 85
804 1133 1011 1189 Nurunt
1038 1144 1094 1189 et
1121 1136 1241 1201 ipsi,
1271 1150 1336 1190 ac.
1364 1137 1627 1200 sentiunt,

913 1227 1120 1280 Pollere
1141 1224 1432 1290 Christum,
1459 1237 1512 1279 et
1541 1228 1740 1289 vivere,

914 1315 1146 1382 Ejusque
1167 1315 1276 1383 jam
1299 1315 1515 1383 jamque
1544 1314 1708 1368 all‘ore

912 1403 1152 1474 Regnum
1185 1406 1514 1460 tremendum
1539 1404 1774 1474 perfidis.

844 1493 1086 1548 Clamant
1114 1494 1341 1550 fatentes
1368 1496 1627 1563 denique,

675 1581 738 1638 ιο
911 1584 1054 1638 Pulsi
1085 1600 1115 1638 e
1147 1586 1360 1639 latebris
1392 1600 1675 1652 corporum

919 1674 1124 1727 Virtute
1150 1673 1341 1728 Christi
1370 1686 1425 1754 et
1449 1675 1684 1739 nomine,

918 1769 1157 1836 Divique,
1187 1779 1240 1822 et
1272 1767 1427 1821 iidem
1457 1767 1746 1822 daemones.

841 1859 933 1913 llis
959 1858 1288 1914 intonantem
1319 1867 1604 1929 martyrem

1730 294 2004 350 AUI‘tELll
2042 295 2405 351 PRUDENTII
2445 297 2764 352 CARMINA.
3750 296 3824 354 581

2269 1769 2318 1829 Β

2575 411 2743 464 .Iudex
2775 409 3024 479 profanus
3055 425 3158 464 non
3191 409 3334 476 tulit,

2368 499 2440 555 95
2583 501 2886 554 Conclamat
2915 517 2927 548 :
2958 500 3029 552 Os
3056 499 3345 562 obtrudite,

2579 588 2654 641 Ne
2687 590 2835 655 plura
2875 590 3034 656 iactet
3068 589 3361 656 improbus.

2511 676 2706 730 Vocem
2740 677 3006 745 loquentis
3034 677 3286 739 claudite,

2579 767 2896 834 Raptitnque
2926 767 3140 821 lictores
3167 767 3308 829 date,

2580 858 2742 928 992
2772 858 2893 911 lllos
2922 872 3133 911 reorum
3162 856 3412 912 carnibus

2582 959 2789 1024 Pastas,
2817 974 3080 1028 manuque
3104 959 3391 1013 exercitos.

2513 1059 2628 1113 lam
2658 1058 2798 1122 faxo,
2830 1059 2912 1124 ius
2944 1059 3250 1127 prmtorium

2579 1159 2910 1213 Conviciator
2935 1160 3165 1224 sentiat,

2581 1261 2802 1327 Impune
2831 1275 2896 1314 ne
2927 1260 3120 1314 nostris
3149 1260 3250 1314 sibi

2589 1359 2699 1413 Diis
2733 1358 3070 1413 destruendis
3101 1359 3303 1412 luserit.

2339 1457 2442 1513 105
2515 1455 2629 1510 Tibi
2661 1471 2787 1524 ergo
2816 1456 2936 1522 soli,
2969 1464 3275 1517 contumax,

2583 1555 2806 1624 Tarpeia
2833 1555 3102 1610 calcentur
3131 1569 3279 1609 sacra
3304 1555 3327 1607 ?

2582 1657 2658 1711 Tu
2689 1672 2849 1733 porro
2875 1657 3019 1710 solus
3049 1656 3262 1710 obteras

2591 1757 2832 1823 Romam,
2863 1765 3127 1819 senatum,
3153 1755 3457 1810 Curarem?

2518 1857 2765 1911 Vinctum
2795 1854 3011 1910 retortis
3039 1852 3292 1920 brachiis,

2337 959 2439 1014 100

1947 1948 2232 2006 ΟΕΟΒΞΑΕ
2272 1947 2610 2005 VETERES.

736 2040 826 2092 79.
859 2039 1123 2108 Aueupes,
1157 2049 1436 2103 venatores,
1465 2043 1546 2093 vel
1566 2048 1815 2109 captares,
1844 2038 1881 2093 Ι.

740 2110 828 2162 87.
864 2109 1071 2172 Aﬂ'ore,
1096 2111 1321 2176 futurum
1341 2125 1465 2176 esse,
1497 2111 1533 2162 l.

740 2179 827 2232 93.
874 2180 1225 2242 lntonantem,
1258 2177 1563 2246 loquentem,
1596 2178 1634 2232 I.

741 2251 832 2304 95.
871 2248 1172 2311 Obtrudite,
1203 2247 1448 2312 claudite,
1487 2247 1527 2303 Ι.

741 2317 828 2370 98.
873 2317 1126 2381 Lictores,
1158 2317 1439 2383 carniﬁces,
1474 2317 1514 2369 Ι.

638 2420 643 2425 -
747 2389 867 2441 lUl.
908 2387 1073 2452 Faxo,
1103 2393 1274 2454 [acere
1300 2388 1431 2440 volo.
1456 2415 1524 2425 —
1543 2385 1637 2441 Jus
1663 2385 1990 2454 praetorium,
2018 2386 2238 2455 regalem

2341 2046 2656 2106 potestatem,

2413 2107 2537 2160 105.
2577 2105 2715 2166 ’1“ιΙ)Ῑ,
2745 2121 2777 2156 a
2811 2113 2876 2166 le,
2905 2103 2946 2157 Ι.

2414 2175 2534 2229 106.
2575 2174 2830 2239 Tarpeia,
2863 2173 3090 2226 Montano
3107 2211 3120 2234 ,
3147 2171 3232 2224 ubi
3257 2169 3514 2223 idolorum
3538 2168 3732 2221 maxime
3751 2185 3828 2233 τιατ]

2342 2247 2458 2315 fuit,
2497 2244 2632 2315 quod
2669 2244 2722 2296 in
2752 2242 2968 2312 Tarpeio
3011 2251 3179 2295 monte
3215 2249 3395 2293 cuncta
3431 2239 3571 2294 idola
3601 2247 3829 2309 congregati
3945 2267 3947 2308 t

2343 2312 2570 2384 fuerunt,
2604 2312 2646 2366 Ι.

2415 2385 2536 2440 107.
2577 2383 2824 2450 Obteras,
2852 2381 3145 2447 contemnis,
3176 2379 3216 2433 l.

2001 2496 2550 2553 COMMENTARIUS.

746 2592 831 2644 77.
864 2591 1004 2656 Put.,
1039 2601 1088 2643 at
1115 2600 1230 2644 sunt
1254 2605 1349 2658 pro
1376 2591 1580 2650 adsunt,
1623 2588 1759 2648 quod
1788 2589 1858 2646 ab
1881 2589 1999 2642 aliis
2024 2591 2235 2659 scriptis

675 2659 978 2730 confirmari
1025 2660 1098 2714 ait
1137 2661 1398 2724 Heinsius,
1452 2659 1505 2713 in
1551 2660 1758 2730 quibus
1789 2667 1872 2713 est
1915 2674 2058 2714 vers.
2115 2675 2232 2730 seq.

678 2729 810 2800 Sunt
826 2746 844 2793 ;
860 2730 947 2781 sed
968 2730 1194 2800 magistri
1219 2730 1508 2800 criminum,
1531 2733 1678 2800 quasi
1710 2728 1795 2782 hic
1816 2742 1996 2800 versus
2019 2728 2238 2796 respon-

675 2797 797 2868 deat
826 2800 1018 2867 primo,
1052 2797 1128 2851 Ἀι
1152 2807 1267 2852 sunt
1293 2808 1340 2852 et
1377 2799 1486 2851 illic
1509 2799 1734 2868 spiritus,
1764 2798 1902 2862 quod
1931 2800 2079 2852 aiunt
2102 2814 2235 2868 gen-

677 2867 814 2921 tiles.
848 2869 973 2922 Eam
997 2868 1279 2921 lectionem
1306 2867 1583 2934 amplexus
1605 2877 1684 2919 est
1717 2868 1982 2925 Heinsius.
2031 2876 2088 2921 et
2114 2884 2233 2922 eum

673 2952 740 2989 eo
762 2939 997 3005 plerique
1025 2939 1367 3002 recentiores,
1395 2937 1555 2990 etiam
1579 2936 1903 2990 Ruinartius.
1929 2936 2236 2993 Gallandius

673 3021 760 3058 scr
785 3021 990 3074 pturam
1031 3017 1265 3060 veterem
1296 3008 1530 3069 retinuit,
1579 3020 1749 3074 neque
1798 3005 1898 3059 sibi
1929 3006 2084 3060 aliam
2115 3022 2237 3073 pro-

673 3075 788 3128 bari
810 3076 1060 3129 ostendit.
1092 3075 1368 3130 Sententia
1394 3075 1580 3129 eadem
1621 3085 1724 3140 est,
1772 3076 1826 3128 in
1855 3077 2042 3130 statuis
2071 3077 2239 3132 idolo-

676 3159 793 3197 rum
820 3146 984 3199 latere
1007 3145 1298 3210 dtemones,
1325 3146 1414 3213 qui
1447 3145 1517 3198 dii
1539 3159 1658 3198 esse
1688 3159 1792 3198 non
1822 3155 2060 3212 possunt,
2115 3160 2234 3200 eum

2339 2603 2443 2646 est.
2475 2590 2642 2654 Rott.,
2671 2593 2794 2654 iam,
2814 2591 2926 2659 jam
2950 2586 3215 2659 a[fore,_ut
3244 2581 3834 2659 hiatusr-linquatur,qui

2342 2669 2518 2714 tamen
2545 2652 2760 2712 minime
2789 2652 2892 2710 tam
2922 2656 3174 2710 solemnis
3199 2666 3273 2706 est
3302 2653 3585 2706 Prudentia
3604 2664 3735 2715 quam
3757 2652 3836 2700 vult

2340 2729 2605 2783 lleinsins.
2637 2728 2793 2781 Fabr.
2828 2736 2882 2779 et
2910 2726 3019 2780 Gis.
3052 2727 3104 2777 in
3132 2734 3403 2786 contextu,
3437 2725 3553 2792 jam
3578 2738 3683 2774 mox
3705 2719 3836 2784 αῇυτι.

2341 2798 2650 2867 Elegantius
2677 2808 2759 2851 est
2784 2799 2896 2865 jam
2922 2798 3146 2867 jamque.
3472 2862 3485 2867 _
3609 2862 3638 2867 __
3735 2856 3773 2867 Μ
3813 2857 3820 2866 ,

2411 2856 2499 2922 εἷς.
2537 2856 2890 2936 Ρεηῖάωίπο
2920 2856 3134 2934 inﬁdeli,
3172 2878 3271 2916 vox
3313 2877 3341 2915 a
3381 2862 3710 2930 scriptoribus
3730 2856 3838 2912 Clui-

2339 2938 2525 2992 stianis
2557 2947 2824 3000 usurpata.

2408 3007 2498 3061 89.
2544 3006 2616 3060 De
2644 2999 2723 3058 his
2753 3003 3072 3058 t-lamo:ibus
3110 3001 3412 3054 daemonum
3443 3000 3634 3054 dictum
3659 2999 3713 3052 ad
3738 3010 3837 3049 vers.

2338 3077 2443 3130 M5
2474 3077 2667 3145 Apoth.
2700 3075 2821 3129 ll;rc
2849 3073 3061 3145 stropha
3092 3072 3357 3145 deerat‘in
3392 3085 3494 3124 ms.
3513 3071 3595 3145 _S.
3615 3067 3838 3121 Michaelis.

2411 3144 2500 3198 90.
2521 3141 2532 3145 ⁷
2553 3145 2677 3200 Vat,
2704 3149 2767 3202 A.
2799 3146 2863 3208 υ.
2898 3141 3147 3201 llailshr.,
3199 3142 3334 3206 pulsi
3376 3157 3457 3193 ex.
3512 3141 3611 3194 Pro
3636 3152 3840 3208 corporum

676 3195 1414 3281 "sese:'sin“i"aiiti.i;.1.a.j
1447 3195 1517 3265 ait
1542 3195 2237 3282 siis,discessionis:
2261 3195 2308 3257 C
2343 3195 2540 3268 habent
2585 3195 2834 3268 missu:
2852 3195 2985 3267 'Put.
3014 3219 3066 3264 et
3091 3195 3280 3274 olidis,
3316 3226 3420 3263 non
3451 3211 3604 3264 male.
3636 3195 3840 3262 tn'eitidit

678 3297 797 3336 nem
823 3285 1096 3347 docentes,
1123 3294 1431 3352 provocant.
1457 3282 1659 3336 Alludit
1686 3282 2000 3336 Prudentius
2023 3284 2085 3336 ad
2109 3287 2238 3340 deos

674 3353 975 3415 gentilium.
1007 3355 1094 3421 qui
1124 3362 1277 3406 erant
1318 3354 1417 3416 ipsi
1443 3352 1741 3416 daemones;
1791 3361 1845 3405 et
1890 3367 2011 3406 cum
2041 3368 2106 3407 ex
2131 3363 2241 3407 sta-

677 3423 780 3471 tuis
808 3431 900 3475 aut
936 3421 1250 3483 corporibus
1292 3421 1628 3474 obsessorum
1672 3422 2098 3488 expellebantur,
2143 3439 2240 3476 no-

674 3488 816 3543 mina
846 3493 930 3544 illa
953 3506 1012 3546 se
1034 3490 1232 3546 habere
1255 3491 1586 3545 afﬁrmabant
1611 3489 1710 3543 sub
1729 3491 1916 3558 quibus
1941 3492 2004 3544 in.
2026 3494 2236 3558 templis

672 3559 1003 3614 colebantur.
1056 3559 1188 3614 Vide
1215 3569 1502 3616 comment.
1551 3561 1616 3612 ad
1643 3575 1786 3613 vers.
1815 3561 1919 3614 402
1969 3562 2164 3626 Apoth.
2199 3564 2234 3616 li

671 3637 846 3682 autem
900 3631 1122 3696 divique,
1178 3638 1226 3683 et
1270 3631 1426 3683 iidem
1468 3631 1739 3690 da'mones,
1784 3639 1841 3683 ut
1874 3631 1950 3684 ait
1974 3645 2111 3685 vers.
2145 3633 2233 3697 92,

671 3697 830 3768 etiam
857 3702 1104 3768 exemplo
1132 3713 1232 3753 suo
1257 3699 1488 3767 magistri
1511 3708 1665 3752 erant
1689 3700 1988 3754 criminum.

739 3767 828 3839 ξιξ.
856 3769 992 3839 Gis.,
1017 3767 1105 3839 sed
1124 3778 1257 3822 sunt.
1282 3769 1422 3824 Pleri
1442 3784 1542 3839 lue.
1566 3779 1682 3822 sunt
1705 3770 1810 3822 sed.

742 3837 834 3890 79/.
861 3838 1005 3905 Rat.,
1056 3838 1175 3891 Vat.
1208 3839 1266 3902 Β,
1313 3837 1466 3904 Man,
1521 3840 1697 3904 Prag.,
1741 3840 1896 3892 Alex.
1932 3853 1960 3890 a
1997 3839 2230 3893 secunda

673 3918 852 3976 manu,
880 3908 1019 3970 Gis.,
1051 3923 1292 3972 aucupes.
1322 3909 1474 3960 Alex.
1507 3923 1535 3959 a
1564 3910 1732 3976 prima
1778 3922 1956 3976 manu,
2003 3920 2055 3960 et
2081 3920 2233 3962 vetu-

673 3974 867 4044 stiores
885 3976 1148 4028 lleinsiani
1169 3977 1406 4029 scribunt
1425 3974 1648 4044 ancipes.
1673 3975 1816 4038 Ald.,
1843 3975 2023 4042 Fabr.,
2052 3977 2228 4042 Egon,

676 4043 924 4109 auspices.
959 4044 1210 4114 Hailsbr.,
1241 4059 1489 4114 aucupes;
1537 4043 1717 4110 Supra,
1765 4046 2025 4114 auspices;
2071 4046 2226 4110 infra,

677 4125 907 4180 capaces,
937 4113 1076 4180 quod
1107 4127 1276 4179 neque
1303 4113 1496 4176 metro,
1541 4127 1710 4180 neque
1739 4113 1916 4166 sensui
1955 4116 2223 4169 convenit.

745 4179 831 4250 80.
865 4179 1119 4235 Minucius
1161 4183 1227 4236 de
1254 4182 1482 4235 oraculis
1511 4179 1778 4250 gentilium
1827 4184 2064 4248 loquens,
2115 4188 2224 4238 ait:

673 4248 900 4322 Spiritus
926 4259 1043 4303 sunt
1069 4251 1324 4322 insinceri,
1355 4253 1489 4322 vagi,
1519 4248 1566 4302 Va
1603 4251 1784 4322 caelesti
1813 4253 1980 4320 uigore
2016 4255 2227 4308 terrenis

672 4317 866 4372 labibus
889 4331 937 4373 et
967 4320 1329 4392 cupiditatibus
1357 4317 1630 4392 degrauati.
1678 4318 1774 4373 Isti
1809 4317 1966 4390 igitur
1991 4323 2222 4392 spiritus,

670 4396 996 4456 posteaquam
1037 4389 1741 4459 simplicitatemsubstantia:
1774 4389 1900 4454 suis,
1944 4389 2134 4455 onusti,
2178 4403 2224 4444 et

669 4459 890 4512 immersi
907 4461 1058 4524 vitiis,
1085 4459 1429 4525 perdiderunt,
1450 4461 1517 4512 ad
1539 4460 1776 4513 solatium
1797 4462 2097 4513 calamitatis
2117 4475 2225 4512 sure

669 4531 1029 4612 nan_desinunt
1049 4529 1254 4612 perditi,
1278 4529 1786 4612 etc-1Ch5imillardu's
1812 4531 1886 4612 ait
1913 4545 1976 4584 ex
1995 4529 2222 4612 _l_t.is.quae
2257 4554 2306 4612 ι)

669 4599 738 4651 ile
763 4597 1093 4652 dmmooibus
1121 4597 1331 4667 scripsit
1358 4598 1698 4663 Prudentius,
1750 4599 1902 4652 facile
1928 4598 2106 4666 colligi
2134 4614 2228 4653 eos

671 4681 849 4720 meros
874 4684 993 4722 esse
1020 4666 1257 4735 spiritus,
1304 4682 1367 4720 ac
1395 4668 1634 4734 corporis
1656 4677 1901 4736 expertes
1931 4669 2229 4722 existimas-

665 4750 744 4787 se.
768 4736 928 4789 Addit
953 4736 1343 4806 Cbamillardus
1385 4737 1662 4806 :Constare
1702 4747 1868 4789 tamen
1897 4746 2096 4806 possent
2118 4752 2226 4788 cor-

664 4806 871 4871 poribus
892 4805 1120 4859 tethereis
1155 4821 1214 4857 ac
1232 4805 1519 4867 subtilibus,
1545 4822 1656 4873 qua:
1683 4807 1808 4858 nihil
1837 4805 2101 4872 quominus
2125 4806 2231 4871 spi-

664 4875 792 4926 ritus
817 4877 1199 4943 appellarentur
1222 4874 1559 4941 prohiberent.
1604 4875 1791 4943 Nescio
1817 4890 1883 4926 an
1914 4875 1963 4926 id
2001 4891 2066 4928 ex
2099 4874 2230 4927 Pru-

667 4943 830 4996 ilentii
854 4942 1111 4998 sententia
1135 4945 1389 5002 disserat,
1406 4957 1469 4994 ex
1496 4957 1599 5010 qua
1616 4944 1742 4994 nihil
1763 4942 2062 5010 hujusmodi
2083 4955 2229 4997 certe

669 5012 955 5078 colligitur.
985 5013 1256 5075 Barthius,
1306 5011 1398 5064 lib.
1428 5025 1498 5073 tv,
1545 5025 1663 5077 cap.
1694 5013 1727 5066 9
1765 5011 2014 5070 Advers.,
2058 5021 2225 5072 notat,

670 5082 907 5196 norpidlus
947 5082 1086 5151 apud
1117 5080 1448 5134 Christianos
1484 5080 1757 5148 epitheton
1803 5094 1924 5134 esse
1959 5081 2226 5149 propritun

712 5161 754 5196 ta
779 5162 826 5196 »ο
849 5165 885 5196 ι.

712 5151 885 5202 iaboli.

741 5215 830 5289 81.
876 5217 996 5272 Vat.
1033 5219 1078 5273 Α
1129 5217 1404 5289 mendose,
1439 5218 1690 5289 __latentes.
1717 5216 1927 5289 “Inritus
1972 5217 2228 5284 signiﬁcat

659 5285 950 5348 'percitum,
980 5290 1272 5341 incitatum.
1302 5287 1537 5340 Catullus
1562 5286 1612 5338 in
1637 5285 1679 5338 G
1716 5287 1950 5347 Iliambo,
1977 5288 2089 5338 sive
2113 5302 2229 5339 car-

597 5355 619 5396 éi'
671 5352 813 5424 tnitie
847 5355 1061 5424 in_Atyn
1086 5370 1101 5408 :
1129 5357 1268 5408 Alias
1295 5370 1388 5424 age
1416 5356 1668 5417 incitatos,
1697 5355 1824 5407 alios
1851 5371 1944 5421 age
1969 5355 2188 5408 rabidos.

733 5419 862 5539 32.:
883 5419 1011 5476 Vat;
1031 5427 1096 5489 A,
1141 5419 1463 5494 compellant,
1494 5434 1548 5478 et
1588 5438 1684 5492 pro
1714 5425 1822 5477 div.
1852 5419 2058 5492 script.,
2088 5440 2224 5476 com-

777 5507 841 5539 un
867 5528 881 5539 .

668 5498 881 5555 pellunt.

631 5589 634 5592 -
739 5558 829 5630 80.
861 5560 978 5630 Vat.
1013 5560 1052 5630 Β
1080 5568 1131 5613 et
1158 5560 1311 5626 Man,
1343 5580 1402 5616 ac
1433 5577 1526 5630 pro
1551 5572 1617 5615 et.
2067 5590 2070 5591 ν

736 5625 827 5682 87.
865 5627 979 5684 Vat.
1018 5629 1079 5695 Β,
1110 5631 1216 5697 ejus
1237 5631 1368 5698 jam,
1402 5625 1520 5686 sine
1542 5647 1656 5701 quo,
1691 5631 1827 5701 quod
1873 5633 2228 5686 necessarium

2346 3284 2618 3338 Heinsius.
3196 3317 3200 3322 η

2409 3353 2498 3408 9ἓ.
2521 3354 2805 3408 Peveratns
2834 3353 3013 3405 nescio
3041 3351 3126 3403 tibi
3158 3350 3418 3403 invenerit
3444 3349 3649 3413 denique
3676 3359 3754 3411 pro
3783 3344 3840 3394 di-

2338 3425 2523 3491 vique:
2553 3438 2722 3483 neque
2748 3425 2959 3492 denique
3005 3421 3240 3476 cohaeret
3281 3429 3471 3473 metro.
3521 3419 3620 3471 Alii
3664 3413 3844 3469 scribunt

2336 3493 2490 3562 idem,
2522 3495 2604 3546 alii
2636 3493 2808 3545 iidem.

2408 3557 2496 3618 95'.
2521 3562 2766 3615 Nebrissa
2795 3561 2988 3615 oblitus
3009 3569 3090 3614 est
3109 3560 3232 3626 quid
3258 3567 3482 3611 metrum
3507 3557 3843 3626 exigeret,ruut

2335 3630 2621 3685 afﬁrmavit
2641 3633 2903 3700 puriorem
2926 3645 3051 3700 esse
3073 3624 3613 3700 lectionetnfltstrstile
3630 3624 3846 3700 quampi-

2335 3702 2541 3762 trudite,
2565 3693 2675 3763 aui,
2699 3712 2750 3754 ut
2779 3701 2965 3755 S'Tillll
2987 3699 3175 3753 Weitz.
3207 3713 3326 3752 cum
3351 3697 3578 3760 Widm.,
3609 3693 3843 3747 obstrsdiu.

2333 3768 2519 3825 Melius
2561 3781 2734 3824 tamen
2766 3770 3033 3822 obtrudite.

2404 3840 2491 3893 99.
2546 3840 2721 3911 Egm_..
2767 3839 2962 3891 Widm.
3013 3838 3077 3911 ad
3121 3853 3290 3911 oram,
3335 3836 3480 3911 Put_._,
3531 3832 3656 3911 Illas
3693 3843 3846 3911 reorum

2339 3903 2614 3972 Plutones:
2657 3907 2838 3960 Pastas
2877 3909 3078 3960 resectis
3119 3907 3375 3959 carnibus.
3433 3905 3579 3972 Ilanc
3626 3903 3846 3955 lectionem

2336 3991 2444 4044 prae
2474 3971 2644 4031 oculis
2677 3977 2857 4030 habuit
2889 3977 3131 4029 Heinsius
3156 3976 3218 4028 ad
3253 3990 3396 4028 vers.
3429 3973 3537 4027 56%
3566 3971 3653 4024 lib.
3674 3976 3845 4044 rerum:

2333 4041 2732 4115 Symmachum,
2759 4057 2813 4100 ιιι
2847 4046 2918 4098 ibi
2941 4047 3186 4097 diximus.
3211 4044 3470 4115 Cellarius
3500 4050 3664 4115 notat.
3689 4041 3846 4092 lucrum

2329 4111 2394 4168 ei
2420 4133 2629 4170 reorum
2655 4116 2929 4184 Suppliciis
2955 4115 3128 4168 facere
3153 4112 3569 4184 carniﬁces,‘qui
3597 4111 3848 4178 plerumque

2329 4184 2576 4255 lacertosi
2609 4182 3031 4255 sunt—[tanquam
3060 4183 3308 4255 carnibus
3339 4182 3500 4246 paSti.
3712 4247 3725 4255 _

2396 4253 2518 4309 105.
2548 4255 2788 4310 lleinsius
2815 4246 3101 4324 cumPut.,
3131 4251 3209 4304 Ne
3231 4253 3453 4324 impune,
3486 4267 3551 4324 ne
3575 4247 3743 4302 nostris
3762 4246 3850 4324 sibi.

2327 4334 2476 4390 putat
2500 4326 2641 4378 enim
2667 4324 2910 4377 Heinsius
2934 4323 3069 4375 hanc
3099 4322 3470 4390 repetitionem
3505 4321 3610 4390 vim
3632 4321 3849 4390 egregiam

2325 4380 2524 4447 addere
2554 4393 2801 4447 orationi.
2837 4380 3179 4446 Hecentiores
3210 4390 3426 4444 Heinsio
3452 4380 3853 4450 adherent,’Gal-

2327 4460 2506 4531 laudio
2535 4473 2778 4531 excepto.

2402 4529 2524 4583 107.
2559 4525 2737 4598 Egon,
2769 4530 3022 4595 llailsbr.,
3041 4529 3160 4584 Vat.
3187 4527 3253 4593 A,
3283 4536 3337 4582 tu
3362 4528 3540 4581 modo.
3562 4525 3674 4580 Non
3696 4526 3854 4577 consul

2331 4600 2467 4654 ratio
2493 4600 2670 4655 metti.

2401 4669 2524 4740 109.
2572 4669 2892 4740 Describitur
2943 4677 3264 4740 tormentum
3305 4665 3514 4740 eculei,
3551 4665 3620 4719 de
3661 4676 3753 4730 quo
3773 4656 3858 4740 ride

2329 4738 2559 4792 tabulam
2584 4753 2657 4802 Ix,
2681 4749 2728 4790 et
2755 4739 3054 4792 Gallonium
3081 4737 3146 4791 de
3166 4735 3399 4790 Cruciat.
3423 4735 3524 4790 SS.
3545 4742 3698 4788 mart.
3715 4744 3805 4795 cap.
3819 4735 3857 4782 5.
3946 4751 3947 4768 ι

2329 4815 2384 4860 et
2404 4806 2771 4875 Sugittarium,
2801 4808 2886 4871 qui
2910 4821 3028 4872 cap.
3058 4807 3118 4858 17
3147 4820 3250 4875 non
3277 4805 3597 4875 dissimilem
3631 4803 3858 4868 imaginem

2329 4874 2497 4930 eculei
2526 4877 2772 4938 exhibet,
2801 4885 2855 4930 et
2885 4876 3128 4928 eculeum
3159 4874 3346 4929 deﬁnit
3373 4888 3496 4927 esse
3529 4874 3748 4941 ligneam
3775 4880 3859 4917 ma-
3946 4907 3947 4910 η

2330 4945 2542 4998 ehinam
2573 4949 2637 4999 ad
2672 4946 2788 5013 equi
2828 4945 3230 4998 similitudinem
3275 4942 3626 5006 fabricatam,
3658 4943 3705 5013 in
3742 4947 3861 5004 Quam

2335 5014 2488 5067 levati
2519 5011 2760 5068 homines
2786 5013 3064 5080 eidemque
3090 5013 3288 5080 alligati
3319 5026 3540 5065 sursum
3572 5026 3634 5064 ac
3663 5011 3861 5080 deorsum

2333 5084 2682 5153 tendebantur
2736 5096 2800 5153 ac
2852 5075 3016 5135 variis
3071 5075 3242 5153 modis
3312 5080 3715 5153 torquebantur.
3768 5075 3864 5153 ηεαδ
3946 5113 3947 5126 χ

2333 5152 2555 5217 phrases
2577 5152 2708 5211 illae,
2733 5151 2886 5204 leuari
2913 5153 2965 5204 in
2987 5151 3156 5204 eculeo
3175 5191 3189 5214 ,
3213 5151 3463 5220 suspendi
3479 5151 3532 5202 in
3556 5151 3743 5220 eculeo:
3766 5148 3866 5220 iam:
3946 5179 3947 5220 ξ

2334 5213 2456 5288 rigit
2491 5233 2665 5289 autent
2697 5221 3008 5288 Sagittarius
3039 5224 3210 5274 locum
3238 5220 3332 5274 lib.
3364 5234 3394 5269 v
3427 5218 3615 5289 Etym.
3645 5219 3699 5289 S.
3724 5213 3866 5289 [sideri

2333 5287 2450 5358 cap.
2474 5291 2563 5351 27,
2608 5287 2826 5342 Eculeus
2865 5300 3030 5342 autem
3069 5291 3262 5352 dictus,
3299 5290 3436 5357 quod
3482 5287 3800 5358 attendam;
3829 5287 3869 5327 ει
3946 5287 3947 5356 1

2335 5355 2432 5410 hoc
2463 5363 2619 5411 modo
2657 5358 2888 5424 suppleri
2922 5373 3080 5425 posse
3112 5355 3388 5412 existimat
3427 5373 3441 5409 :
3477 5355 3704 5410 Eculeus
3741 5362 3872 5403 autem
3946 5359 3947 5398 1

2332 5427 2515 5500 dictus,
2537 5429 2670 5497 quod
2691 5431 2994 5500 eitanquam
3015 5444 3141 5496 equo
3161 5427 3572 5500 reu_s_impositn_s
3591 5425 3870 5500 extendatur.

2339 5494 2627 5564 Vierum'in
2669 5494 2900 5551 editione
2945 5494 3210 5564 postrema
3244 5495 3547 5550 Matritensi
3595 5495 3668 5549 ita
3698 5494 3870 5564 legitur.

2338 5563 2556 5634 Eculeus
2597 5579 2763 5619 autem
2803 5563 2965 5618 dictus
3000 5567 3135 5634 quod
3174 5566 3436 5628 extendat,
3468 5575 3521 5617 ct
3571 5581 3671 5631 pro
3705 5563 3875 5634 diversa.

2339 5633 2600 5703 scriptura
2650 5637 2782 5703 quod
2825 5623 3143 5690 extendatur.
3177 5623 3621 5704 S.llicronymus
3665 5623 3880 5688 euist.ad
