4022 6288
527 277 626 333 £87

775 391 908 443 Dum
941 405 998 445 se
1027 390 1244 444 cicatrix
1275 389 1469 458 colligit

771 480 1084 548 Refrigerati
1113 480 1402 546 sanguinis,

774 573 956 624 Manus
983 570 1255 623 resulcans
1277 568 1470 622 diruet.

530 663 631 716 115
705 661 796 714 llis
827 671 1009 714 contra
1045 661 1255 713 Levites
1286 662 1443 714 refert
1472 677 1486 723 ;

776 751 831 805 Si
855 751 962 817 jam
989 758 1200 802 tuorum
1233 751 1493 817 perspicis

773 839 1049 908 Languere
1075 841 1323 892 virtutem
1355 853 1548 892 canum
1578 856 1590 889 :

771 929 881 996 Age
909 930 1045 996 ipse,
1077 928 1258 996 major
1277 929 1538 983 carnifex.

696 1024 954 1088 Ostende,
984 1039 1090 1092 quo
1119 1032 1272 1092 pacto
1293 1031 1494 1092 queant

773 1113 914 1167 lmos
949 1127 1195 1167 recessus
1222 1112 1496 1176 scindere,

770 1203 934 1272 996
963 1201 1147 1255 Manus
1176 1211 1229 1255 et
1259 1202 1371 1266 ipse
1396 1203 1656 1255 intersere
1675 1240 1689 1265 ,

775 1292 1050 1361 Rivosque
1080 1291 1346 1345 ferventes
1378 1292 1518 1344 bibe.

707 1381 897 1449 Erras,
926 1390 1167 1446 cruente,
1196 1381 1238 1433 si
1268 1395 1439 1434 meam

774 1471 851 1526 Te
881 1486 1003 1525 rt're
1025 1486 1234 1539 pomam
1267 1485 1482 1524 sumere

773 1561 906 1614 Cum
932 1562 1167 1615 membra
1192 1561 1349 1613 morti
1379 1561 1613 1614 obnoxia

773 1653 1104 1706 Dilancinata
1127 1651 1403 1705 interﬁcis.

704 1746 799 1800 Est
823 1745 979 1812 alter,
1007 1754 1084 1800 est
1115 1745 1456 1810 intrinsecus,

525 1112 628 1168 150

527 1561 632 1616 155

1627 273 1900 332 AUllELll
1930 273 2300 331 PRUDENTH
2339 272 2664 328 CARMINA.
3661 279 3748 338 333

2129 395 2180 450 Α

2462 386 2674 439 Violarc
2703 399 2856 452 quem
2890 384 3066 436 nullus
3096 393 3294 452 potest,

2463 476 2641 542 Liber,
2669 475 2898 543 quietus,
2927 476 3150 542 integer,

2463 565 2664 618 Exsors
2695 564 2940 618 dolorum
2971 565 3221 617 tristium.

2390 657 2521 721 Hoc,
2555 656 2692 725 quod
2729 649 2938 709 laberas
2965 655 3189 724 perdere

2462 747 2646 800 Tantis
2677 745 2868 800 furoris
2896 746 3114 810 viribus,

2462 837 2564 891 Vas
2595 845 2678 890 est
2708 836 2960 900 solutum,
2991 851 3054 890 ac
3079 836 3262 901 ﬁctile,

2461 928 2788 996 Quocunque
2819 927 3169 996 frangendum
3196 927 3356 982 modo

2218 1015 2322 1070 165
2397 1016 2534 1084 Quin
2565 1018 2673 1072 imo
2702 1031 2844 1071 nunc
2864 1017 3068 1071 enitere

2462 1107 2611 1161 lllum
2634 1122 2850 1174 secare,
2884 1122 2946 1163 ac
2973 1109 3210 1177 plectere
3237 1126 3252 1162 :

2458 1199 2618 1269 997
2647 1199 2744 1264 Qui
2773 1207 2974 1268 perstat
2998 1199 3160 1264 intus,
3191 1200 3279 1268 qui
3306 1208 3444 1256 tuam

2460 1290 2666 1354 Calcat,
2698 1298 2940 1359 tyranne,
2969 1290 3255 1344 insaniam.

2390 1379 2543 1433 Hunc
2572 1378 2714 1433 hunc
2746 1379 2968 1445 lacesse,
2999 1379 3139 1434 hunc
3167 1381 3375 1437 discute

2461 1468 2740 1533 invictum,
2774 1480 2827 1524 et
2856 1469 3291 1539 iusuperabilem,

2461 1559 2633 1615 Nullis
2662 1561 2911 1630 procellis
2933 1561 3226 1629 subditum,

2461 1653 2678 1730 Solique
2705 1651 3002 1720 subjectum
3033 1653 3167 1708 Deo.

2392 1743 2518 1798 Haec
2547 1744 2708 1809 fatur,
2734 1752 2788 1798 et
2809 1742 3153 1800 stridentibus

2217 566 2316 620 160

2216 1468 2318 1524 170

1794 1834 2082 1898 GLOSSIE
2124 1834 2463 1893 VETERES.

592 1927 716 1999 119.
746 1929 860 1995 Quo
907 1938 1061 1996 pacto
1095 1969 1111 1994 ,
1162 1929 1451 1999 quomodo,
1495 1932 1917 1999 quemadmodum
1941 1973 1956 1996 ,
2008 1947 2110 1996 qua
2145 1936 2192 1993 B
2290 1931 2410 1984 160.
2443 1929 2660 1992 Exsors,
2695 1943 2892 1998 expers,
2913 1929 2953 1982 1.

522 1998 737 2064 ratione,
760 2017 858 2068 qua
885 2002 1087 2066 virtute,
1120 1999 1160 2053 Ι.

595 2069 717 2123 150.
753 2071 1030 2132 ltecessus,
1060 2069 1448 2136 profunditates,
1481 2067 1520 2121 l.

597 2138 718 2191 154.
749 2139 919 2203 Rere,
947 2140 1096 2203 reris,
1127 2139 1394 2202 arbitrare,
1426 2139 1466 2192 l.

597 2205 720 2262 156.
754 2209 1115 2272 Dilanciuata,
1146 2208 1376 2276 laniata,
1408 2210 1681 2268 dilaniata.
1712 2209 2016 2273 dilacerata,
2043 2209 2084 2267 l.

2441 1999 2576 2074 Quin
2607 1999 2739 2074 imo,
2759 1997 2884 2074 quin
2910 1997 3097 2074 potius.
3133 2027 3203 2039 -—
3229 1999 3463 2064 Enitere,
3491 2007 3642 2074 stude,
3670 2004 3704 2063 Ι.

2293 2070 2415 2141 169.
2450 2069 2693 2141 [.acesse,
2722 2069 2981 2141 irrita._-_—
3010 2067 3253 2141 Discute,
3283 2075 3532 2141 perquire.
3559 2076 3597 2130 l.

2293 2140 2414 2194 171.
2447 2137 2721 2205 Procellis,
2753 2135 3030 2207 laboribus,
3063 2137 3104 2191 l.

1871 2289 2433 2351 COMMENTARIUS.

595 2390 718 2445 H2.
752 2389 846 2443 Hie
875 2387 1053 2442 deﬁcit
1081 2387 1254 2440 codex
1286 2387 1571 2441 Puteanus.

595 2461 712 2517 ut.
745 2459 925 2512 Noms.
978 2468 1031 2511 et
1058 2457 1271 2511 scbedte
1298 2456 1622 2523 Graniante,
1655 2457 1836 2511 diluet.
1881 2456 2000 2510 Vat.
2032 2459 2096 2522 A,

523 2532 689 2584 diruat
713 2545 731 2592 ;
761 2529 870 2595 alii,
903 2528 1087 2579 diruet.

597 2601 721 2653 140.
747 2599 894 2660 Ald.,
929 2597 1144 2660 WeitL,
1173 2612 1316 2649 suam
1341 2605 1563 2659 tuorum,
1584 2596 1721 2664 quod
1756 2610 1937 2662 parum
1959 2595 2100 2649 Lati-

523 2684 649 2722 num
684 2670 944 2722 Beemano
988 2666 1288 2720 videbatur.
1321 2665 1583 2718 Cauchius
1612 2666 1930 2734 conjiciebat
1952 2666 2100 2717 satin‘

525 2750 744 2792 tuorum.
774 2736 1015 2804 Plerique
1036 2735 1240 2801 scripti,
1273 2737 1432 2788 etiam
1459 2735 1570 2787 Pal.
1591 2735 1729 2800 apud
1755 2735 2098 2800 Bec'tnanum,

529 2809 575 2861 si
595 2811 729 2879 jam,
781 2820 877 2879 pro
900 2819 1003 2874 qua
1052 2806 1277 2879 lectione
1319 2821 1423 2879 non
1455 2804 1589 2858 bene
1621 2804 1879 2858 Weitzius
1917 2806 2109 2874 allegat

531 2873 747 2930 Al'dum.
782 2873 886 2927 Pro
917 2875 1158 2944 perspicis
1190 2874 1304 2926 Vat.
1341 2873 1408 2936 A,
1439 2879 1717 2944 praespicis.

595 2947 716 3000 M7.
747 2944 1014 3001 Paulinus.
1041 2943 1210 2996 Natali
1236 2945 1287 3007 5,
1311 2945 1378 2997 de
1405 2943 1727 2997 satellitibus
1749 2944 2106 3010 quaerentibus

524 3015 583 3071 S.
615 3016 843 3069 Felicem
871 3032 883 3066 :
927 3013 1183 3066 llludente
1207 3029 1358 3066 canes
1399 3013 1614 3066 Domino
1647 3015 1925 3083 frustratus
1955 3013 2105 3065 hian-

525 3099 619 3140 tes.
647 3085 892 3138 Barthius
925 3084 1014 3136 lib.
1048 3099 1163 3146 vui,
1187 3098 1306 3151 cap.
1344 3083 1409 3135 14
1443 3086 1688 3148 Advers.,
1718 3092 1866 3136 notat
1898 3083 1994 3135 hoc
2026 3085 2104 3135 lo-

1409 3155 1548 3219 quod
1579 3153 1878 3206 convicium
1919 3151 2103 3205 hodie-

531 3201 1240 3290 satissatis“"animi
1261 3201 1507 3286 ritca;
1521 3201 2096 3290 enuntiandis,
2125 3201 2171 3263 C

529 3170 597 3208 co
641 3157 900 3208 satellites
949 3156 1121 3206 vocari
1175 3166 1356 3214 canes,

524 3289 662 3347 alios
705 3311 720 3346 :
771 3292 906 3345 addo
931 3305 1032 3359 ego
1061 3289 1370 3344 nominatim
1400 3289 1657 3358 llispano’s
1676 3335 1690 3359 ,
1728 3290 1904 3353 Italos,
1927 3301 2015 3356 et,
2042 3299 2099 3343 ut

524 3378 590 3416 ex
616 3361 793 3416 Veteri
822 3363 1161 3415 Testamento
1193 3361 1386 3428 liquet,
1411 3360 1682 3414 Hebraeos.
1728 3361 2016 3428 Aischylus
2045 3362 2097 3413 in

527 3431 845 3486 Prometheo
876 3431 1054 3484 vincto
1081 3428 1226 3482 Jovis
1247 3430 1497 3498 aquilam,
1541 3446 1658 3499 qua:
1682 3431 1840 3496 hujus
1871 3431 2100 3497 impera-

524 3503 595 3554 tis
639 3513 832 3568 praesto
870 3509 1017 3563 erat,
1076 3508 1228 3552 vocat
1251 3514 1458 3553 canem.
1516 3500 1668 3568 Apud
1716 3501 2003 3552 Homerum
2045 3508 2099 3553 et

525 3571 776 3634 Quintum
812 3569 1091 3622 Calabrum
1122 3568 1554 3622 valde‘usitatum
1582 3570 1876 3623 com-icium
1908 3568 1973 3635 id,‘
1994 3576 2096 3622 est.

526 3638 714 3699 Furias
733 3649 786 3693 et
812 3639 1054 3708 llarpyas
1077 3639 1372 3708 nominatas
1393 3639 1548 3692 etiam
1571 3654 1730 3694 canes
1752 3653 1814 3692 ex
1839 3636 2096 3707 :Escbylo

525 3718 580 3762 et
621 3708 824 3779 Hygino
857 3707 1012 3762 tradit
1044 3707 1183 3761 idem
1217 3707 1463 3779 Barthius
1492 3710 1580 3761 lib.
1616 3726 1665 3762 λι
1687 3751 1702 3774 ,
1751 3723 1869 3775 cap.
1901 3708 1964 3773 1,
2008 3708 2095 3776 qui

525 3778 713 3846 rursus
764 3780 852 3832 lib.
907 3793 1012 3839 xu,
1061 3792 1177 3844 cap.
1213 3783 1266 3839 9,
1315 3778 1542 3832 advertit
1595 3779 1931 3846 proverbium
1975 3791 2096 3830 esse

527 3845 663 3899 Cane
696 3849 858 3915 pejor,
907 3855 961 3898 et
1011 3861 1149 3900 vers.
1183 3847 1287 3899 216
1317 3848 1512 3913 Apoth.
1555 3845 1747 3913 allegat
1789 3847 2010 3912 Semifer
2049 3855 2095 3897 et

529 3915 722 3967 Gothus
749 3916 894 3967 sentit
920 3929 1044 3982 cane
1071 3915 1228 3982 milite
1254 3918 1438 3982 pejor:
1469 3916 1539 3968 ita
1571 3915 1713 3969 enim
1745 3915 1868 3982 legit
1898 3923 1953 3967 et
1980 3916 2096 3966 col-

529 3983 661 4050 ligit,
715 3997 874 4036 canes
902 3997 931 4033 a
961 3981 1148 4035 Gothis
1179 3985 1233 4034 in
1261 3981 1429 4036 aciem
1460 3984 1668 4036 ductos.
1718 3981 1978 4036 Existimo
2009 3997 2097 4050 pe-

532 4053 735 4109 culiare
787 4050 1246 4119 tuissesatellites
1275 4065 1434 4105 canes
1481 4053 1768 4119 appellare,
1821 4060 1879 4104 ιιι
1903 4067 1965 4104 ex
1998 4053 2098 4106 hoc

531 4134 688 4172 versu
730 4118 1001 4188 Prudentii
1043 4126 1096 4169 et
1143 4119 1392 4188 locucit.
1425 4118 1630 4173 Paulini
1677 4121 1852 4188 colligi
1903 4129 2092 4188 potest,

530 4190 720 4254 quibus
738 4187 958 4240 miriﬁce
979 4195 1236 4239 consonat
1251 4185 1436 4241 Cicero
1454 4189 1473 4238 1
1505 4191 1554 4241 in
1571 4189 1720 4243 Verr.
1740 4206 1752 4242 :
1775 4185 1966 4243 Debere
1983 4185 2098 4244 eum

529 4258 692 4327 aiebat
721 4255 960 4327 (Verres)
989 4271 1134 4327 suam
1162 4273 1358 4327 quoque
1384 4259 1633 4310 rationem
1663 4260 1846 4312 ducere
1871 4273 1891 4313 :
1936 4261 2096 4312 multa

529 4326 624 4446 gibt
649 4325 776 4394 opus
803 4340 908 4379 esse
927 4367 944 4390 ,
991 4325 1151 4379 multa
1179 4326 1388 4380 canibus
1409 4327 1512 4380 suis
1537 4367 1552 4393 ,
1601 4344 1725 4397 quos
1752 4329 1886 4381 circa
1919 4343 1972 4382 se
1999 4329 2094 4382 Ita-

562 4405 682 4446 eret.

562 4405 682 4450 eret.

600 4467 724 4519 N9.
754 4463 873 4517 Vat.
903 4465 968 4528 A,
999 4464 1232 4529 ostendo,
1261 4481 1362 4519 non
1385 4467 1453 4519 ita
1485 4467 1642 4522 bene.

601 4534 723 4588 155.
749 4535 970 4588 Sumere
997 4548 1210 4601 plenam
1247 4551 1409 4602 meam
1438 4551 1531 4602 pro
1571 4539 1632 4588 de
1661 4553 1736 4589 me
1762 4536 1950 4590 durum
1974 4575 1988 4600 ,
2040 4544 2093 4589 et

528 4603 684 4674 plane
729 4603 963 4674 insolens
1008 4603 1219 4674 videtur
1238 4601 1506 4674 AGiselino
1531 4607 1760 4673 aliisque
1789 4615 1909 4674 post
1947 4619 2090 4658 eum.

529 4673 634 4727 Sed
664 4674 783 4738 quid
810 4672 971 4738 facias
990 4711 1004 4734 ,
1054 4673 1202 4724 addit
1223 4671 1488 4728 Giselinus
1513 4715 1528 4738 ,
1583 4671 1865 4728 ubi—aliena
1895 4683 2013 4727 sunt
2041 4675 2094 4726 in

526 4743 778 4812 manibus,
802 4753 1138 4812 nan_nostra._
1161 4741 1271 4794 Non
1298 4746 1532 4812 intelligo
1556 4744 1678 4810 quid
1705 4744 1803 4797 sibi
1844 4745 1955 4796 haec
2000 4756 2096 4796 ve-

525 4811 640 4864 liut.
667 4811 899 4864 llailsbr.
922 4809 1066 4877 legit,
1096 4810 1138 4862 si
1167 4826 1345 4863 novam
1367 4809 1525 4878 pro'si
1544 4809 1727 4866 meam.
1769 4814 1957 4866 Falsus
1980 4813 2096 4863 ani--

526 4882 595 4932 tui
621 4882 717 4933 fuit
736 4879 1146 4942 Chamillardus,
1171 4895 1291 4932 cum
1314 4882 1617 4938 afﬁrmavit.
1641 4895 1826 4934 omnes
1847 4880 1910 4934 ad
1935 4895 2097 4933 unum

525 4949 722 5001 habere
768 4951 811 5001 si
857 4963 1037 5010 meam,
1084 4959 1137 5000 et
1166 4947 1420 5001 Weitzius
1441 4951 1548 5015 jam
1583 4950 2094 5002 Hailsbronnensem

522 5020 861 5084 atlegaverat.
895 5017 1261 5071 Possessivutn
1296 5034 1434 5070 meus
1463 5022 1566 5070 vim
1590 5019 1830 5072 eamdem
1859 5019 2016 5072 habet
2036 5031 2129 5083 ac_

525 5095 589 5138 ae
613 5101 712 5148 me,
757 5085 871 5138 sive
910 5099 942 5135 a
967 5101 1042 5138 me
1072 5101 1090 5138 :
1131 5096 1214 5140 est
1241 5087 1381 5140 enim
1411 5087 1595 5150 mirus,
1650 5101 1713 5141 ac
1754 5089 1930 5141 varius
1981 5089 2096 5156 ejus

525 5167 672 5207 llSllS.

595 5222 720 5276 154.
749 5218 971 5294 Widm.,
995 5224 1148 5276 vitam
1171 5238 1265 5292 pro
1282 5240 1572 5294 paenam.-—
1587 5222 1826 5278 Latinius
1849 5225 1902 5280 in
1924 5224 2087 5280 Torn.

526 5291 995 5361 reeteemendavit
1015 5301 1063 5343 te
1082 5291 1190 5345 me
1216 5291 1312 5361 pro
1333 5303 1508 5347 terere.
1707 5319 1711 5322 -

597 5359 718 5430 156.
749 5358 951 5430 Seneca
977 5361 1159 5430 eadem
1190 5358 1575 5430 signiﬁcatione
1619 5371 1833 5430 usurpat
1863 5364 2085 5416 lanrino.

521 5427 790 5481 Arnobius
831 5427 922 5498 lib.
959 5441 1016 5493 ll,
1053 5427 1285 5498 Corpora
1331 5433 1619 5497 lancinatis,
1667 5441 1714 5483 et
1750 5427 1852 5483 diu
1899 5434 2088 5485 vexatis

520 5504 717 5568 nostra.
747 5494 983 5549 Catullus
1010 5496 1143 5568 dixit
1161 5494 1294 5553 bona
1326 5494 1614 5568 lancinata,
1635 5511 1687 5554 et
1707 5500 1911 5556 Plinius
1937 5517 2084 5554 aures

520 5563 798 5626 laucinare,
829 5565 1208 5630 metaphorice.

589 5607 1286 5706 iiii;i."ti§i'i££','ii£ag.
1298 5677 1312 5706 ,
1328 5638 1448 5693 Rat.
1459 5678 1472 5699 .
1491 5607 1684 5695 Weitz.
1699 5680 1711 5697 .
1725 5639 1834 5697 Gis.
1861 5638 2083 5709 aliique,

2212 2385 2300 2438 Est
2327 2382 2476 2445 alter,
2508 2387 2583 2434 est
2605 2377 2924 2433 intrinsecus.
2957 2379 3070 2435 Gis.
3105 2381 3130 2434 1
3163 2379 3274 2445 ed.,
3320 2378 3416 2434 Est
3441 2383 3568 2436 alter
3587 2385 3658 2439 hic
3682 2387 3745 2439 in.

2209 2455 2474 2507 trinsecus.
2525 2449 2706 2512 Fabr.,
2763 2448 2934 2519 Πριηο
2980 2450 3110 2503 alter
3137 2459 3211 2502 est
3259 2453 3576 2506 intrinsecus.
3625 2457 3744 2519 Ald..

2210 2524 2398 2584 'l‘orn.,
2449 2519 2732 2583 Galland.,
2791 2517 2883 2570 Est
2931 2519 3063 2573 alter
3113 2521 3262 2572 homo
3310 2522 3620 2577 intrinsecus.
3662 2517 3747 2582 lloe

2211 2592 2449 2660 praetulit
2485 2587 2764 2660 Cellarius,
2810 2598 2870 2660 et
2920 2589 3066 2660 inter
3093 2589 3218 2660 vitia
3252 2593 3476 2644 metrica
3510 2594 3742 2649 Prudentii

2209 2658 2406 2731 objecit
2432 2659 2580 2711 homo
2613 2659 2780 2731 prima
2808 2659 2981 2726 longa.
3007 2658 3142 2731 _\_'ide
3169 2670 3494 2731 quaacontra
3521 2664 3744 2731 di~putavi

2213 2728 2415 2801 proleg.
2452 2743 2595 2801 num,
2627 2728 2730 2782 208
2761 2728 2810 2780 in
2836 2740 2978 2801 nota.
3007 2729 3255 2801 Heinsius
3280 2729 3518 2784 Giseliuo
3539 2728 3746 2796 aillttesit,

2211 2798 2520 2869 nullamque
2547 2798 2960 2869 discrepantiam
2976 2800 3220 2869 codicum
3250 2801 3520 2868 ascripsit.
3555 2803 3747 2856 Pruden-

2215 2875 2322 2927 tius
2352 2865 2569 2936 respicit
2595 2865 2984 2932 illudAposwli
3026 2869 3067 2921 ll
3094 2865 3339 2921 Coiiutb.
3377 2865 3454 2929 tv.
3501 2873 3599 2933 l6:
3641 2871 3747 2925 Pro-

2208 2953 2319 3010 pter
2347 2942 2481 3009 quod
2511 2953 2612 2989 non
2647 2937 2908 3005 deﬁcimus
2939 2952 2959 2990 .'
2986 2938 3076 2990 sed
3110 2939 3222 3010 licet
3253 2939 3295 2991 is
3323 2941 3409 3004 qui
3438 2941 3560 3009 foris
3585 2952 3648 2996 est
3673 2959 3746 2994 no.

2207 3009 2307 3065 ster
2331 3010 2482 3062 homo
2523 3015 2905 3075 corrumpatur,
2943 3016 3109 3062 tamen
3141 3009 3182 3060 is
3205 3009 3290 3077 qui
3316 3010 3453 3063 intus
3483 3022 3552 3064 est
3569 3029 3745 3065 renova-

2207 3089 2290 3132 tur
2312 3081 2372 3131 de
2401 3081 2480 3130 die
2509 3079 2560 3128 in
2582 3078 2735 3130 diem.

2282 3150 2402 3204 159.
2429 3147 2545 3202 Vat.
2578 3148 2640 3204 Λ.
2669 3147 2811 3199 laztus
2845 3161 2936 3213 pro
2957 3147 3098 3200 liber.

2277 3220 2398 3273 160.
2435 3219 2576 3282 ltat.,
2607 3231 2802 3284 expers,
2834 3227 2888 3271 et
2916 3217 3129 3285 quidem
3159 3217 3274 3272 sine
3303 3219 3482 3287 litura,
3510 3235 3653 3288 supra
3669 3233 3744 3288 pro

2201 3289 2306 3343 div.
2334 3288 2543 3354 script.,
2576 3301 2768 3339 exsors.

2272 3359 2392 3413 165.
2429 3357 2507 3410 Ex
2530 3353 2807 3427 Ᾱιιφςιοιο
2851 3353 3046 3427 corpus
3083 3369 3177 3410 vas
3215 3357 3430 3427 dicitur.
3467 3357 3592 3413 \‘ide
3626 3371 3743 3412 cotti-

2199 3437 2366 3481 ment.
2400 3439 2543 3479 vers.
2569 3425 2667 3478 190
2699 3426 2874 3494 hymni
2907 3425 3118 3494 7Catlt.

2269 3497 2391 3551 164.
2420 3498 2500 3561 Ap
2525 3495 2705 3547 vstolus
2745 3498 2845 3546 loc.
2874 3493 2964 3548 cit.
2999 3507 3140 3549 vers.
3165 3497 3196 3551 7
3224 3513 3237 3549 :
3284 3495 3546 3551 Habemus
3572 3507 3742 3550 tnesau-

2198 3583 2311 3620 runt
2332 3568 2482 3618 istum
2501 3566 2554 3616 in
2583 3566 2708 3616 rasis
2737 3563 2992 3630 ﬁctilibus.

2271 3636 2390 3690 169.
2416 3634 2614 3688 Widm.
2634 3672 2650 3698 ,
2700 3635 2835 3704 hunc
2852 3634 3085 3704 lacesse,
3135 3649 3233 3704 pro
3263 3650 3366 3700 quo
3397 3635 3645 3690 Weitzius
3669 3635 3742 3689 Al-

2200 3705 2325 3758 dum
2357 3705 2585 3773 appellat
2609 3718 2623 3766 ;
2678 3701 2772 3755 sed
2800 3703 2965 3757 Aldus
2991 3701 3293 3759 emendavit
3322 3707 3459 3759 hunc
3486 3717 3540 3758 tu
3568 3709 3740 3759 lacesse.

2198 3775 2328 3838 Alii,
2358 3774 2510 3832 hunc,
2543 3773 2678 3824 hunc
2699 3774 2905 3825 lacesse.

2271 3846 2392 3899 170.
2419 3842 2562 3912 Ald.,
2615 3840 2829 3912 Weitz..
2890 3841 3003 3912 Vat.
3037 3843 3097 3907 P,
3148 3843 3423 3909 lnrictunt,
3458 3844 3744 3912 insuperabi~

2199 3914 2320 3977 lem,
2377 3911 2517 3981 quod
2547 3925 2667 3963 cum
2701 3911 2842 3982 hiatu
2873 3911 3084 3966 defendi
3125 3924 3302 3982 posset
3331 3931 3344 3967 :
3382 3911 3623 3981 adeoque
3656 3929 3741 3967 non

2199 3992 2304 4036 tam
2333 3980 2549 4048 apertus
2573 3990 2660 4051 est
2683 3980 2764 4051 hic
2786 3996 2959 4047 error,
3009 3980 3166 4051 quam
3199 3984 3311 4037 vult
3353 3980 3738 4047 Cliamiltardus,

2198 4053 2287 4120 qui
2308 4051 2547 4104 hiatusin
2573 4049 2860 4120 Prudentio
2881 4052 3012 4104 alias
3028 4049 3291 4120 agnoscit.
3315 4053 3564 4107 Heinsius
3585 4055 3740 4115 etiam,

2197 4119 2288 4200 riui
2336 4133 2477 4199 smp'e
2524 4127 2780 4200 teSIatnr.
2844 4119 3046 4172 hiatum
3077 4119 3392 4200 ’f’rttdentio
3445 4138 3567 4200 es~_e
3621 4122 3744 4175 fami-

2199 4188 2405 4250 liarem,
2439 4188 2708 4242 immerito
2733 4203 2871 4241 nunc
2904 4192 3236 4257 prommtiat,
3284 4206 3498 4246 versum
3532 4195 3628 4246 hoc
3653 4207 3745 4244 mo-

2203 4259 2270 4312 do
2290 4257 2611 4314 claudicare.
2637 4257 2843 4326 Tltuan.
2874 4270 2925 4310 et
2957 4268 3065 4311 tres
3087 4260 3265 4326 Torr.,
3302 4262 3481 4326 Alex.,
3516 4262 3639 4316 Urb.
3667 4259 3743 4312 ln-

2197 4330 2383 4380 t'ictum
2415 4325 2895 4390 inexsuperabilem.
2930 4327 3175 4384 Heinsius
3212 4325 3334 4383 hinc
3367 4325 3521 4397 jubet
3555 4331 3649 4395 legi
3676 4329 3744 4382 In-

2197 4399 2403 4463 victum,
2457 4397 2912 4465 inexsuprabitem,
2959 4413 3089 4465 quas
3125 4401 3523 4454 contraetiones
3566 4402 3742 4454 littera-

2199 4480 2319 4518 rum
2343 4464 2688 4518 Prudentium
2716 4479 2895 4518 amare
2919 4464 3015 4521 ait.
3048 4468 3262 4521 Heinsio
3279 4469 3518 4522 eoncinit
3535 4469 3742 4523 Teolius.

2124 4553 2172 4613 ο
2199 4535 2420 4613 _Sedncur
2443 4532 2741 4613 liujusmodi
2778 4535 3467 4613 contractionequualem
3497 4540 3582 4592 vix
3611 4539 3743 4613 aliam

2196 4602 2252 4656 in
2285 4602 2570 4671 Prudentio
2606 4603 2876 4671 invenias)
2907 4615 3090 4658 contra
3123 4602 3367 4660 eodic'um
3400 4608 3558 4661 ﬁdem
3583 4609 3744 4661 admit-

2197 4682 2370 4726 temus
2456 4670 2585 4724 Nam
2623 4686 2812 4726 versus
2844 4670 2990 4727 recto
3018 4683 3123 4728 stat
3152 4676 3256 4729 talo
3287 4675 3576 4742 Invictum,
3621 4687 3662 4730 et
3683 4679 3745 4729 itt-

2197 4740 2562 4813 superabilem,
2616 4751 2831 4813 recepto
2858 4756 3130 4813 anapaesto
3162 4746 3316 4798 tertia
3343 4746 3492 4812 sede,
3555 4740 3682 4813 quod
3703 4755 3745 4798 et

2199 4808 2324 4882 licet
2344 4851 2358 4874 ,
2413 4821 2465 4864 et
2492 4808 2781 4882 Prudentio
2808 4808 3047 4866 solenine
3069 4822 3170 4867 est.
3227 4808 3624 4868 Cbamillardus
3647 4817 3745 4882 jure

2200 4879 2480 4955 lectionem
2510 4879 2722 4955 _He_ius_ti
2766 4882 3188 4955 inexsuprabilem
3208 4884 3350 4955 ⁸(ιιοιι
3387 4879 3745 4955 inexsuperabi-

2200 4949 2318 5014 lem,
2361 4958 2423 5019 _ut
2473 4949 2549 5002 ait
2578 4948 2908 5019 Gallandius)
2946 4948 3150 5017 rejecit.
3207 4948 3348 5006 Idem
3380 4948 3746 5007 Cbamillardus

2204 5019 2326 5090 legit
2350 5016 2619 5090 Invictum,
2679 5029 2725 5070 et
2749 5016 3158 5090 insuperabilem,
3206 5023 3346 5090 quod
3383 5031 3563 5076 exstat
3589 5025 3635 5076 iu
3666 5023 3746 5076 Fa-

2201 5087 2389 5142 bricio.
2439 5087 2705 5140 Giselinus
2746 5087 2813 5139 ita
2862 5087 2911 5140 in
2955 5087 3238 5149 contextu;
3278 5091 3374 5146 sed
3401 5092 3469 5145 ad
3501 5106 3648 5146 oram
3672 5089 3746 5143 ln-

2199 5159 2403 5220 victum,
2428 5167 2475 5209 et
2504 5156 2963 5224 inexpugnabilem.

2271 5225 2391 5296 175.
2415 5227 2592 5294 Egm.,
2626 5227 3026 5296 ettridentilus,
3082 5228 3222 5296 quod
3263 5243 3370 5282 non
3401 5228 3664 5296 displicet,
3701 5237 3746 5282 ut

2197 5296 2317 5348 unci
2361 5295 2556 5348 fuerint
2581 5294 2834 5348 trideutcs
2854 5334 2866 5357 ,
2903 5307 2957 5348 ut
2985 5294 3126 5363 patet
3155 5299 3206 5350 in
3230 5294 3580 5353 monumento
3602 5301 3744 5353 veteri

2195 5363 2286 5436 SS.
2320 5364 2936 5436 septenrbormienti‘um
2964 5367 3201 5436 exhibito
3231 5376 3362 5421 tom.
3396 5367 3444 5430 I,
3494 5383 3614 5436 pag.
3637 5369 3743 5432 556,

2191 5433 2258 5506 de
2293 5447 2398 5500 quo
2435 5433 2745 5506 dix_i__etiam
2784 5433 2849 5485 ad
2872 5448 3028 5506 vers.
3065 5435 3133 5489 44
3177 5435 3358 5506 hymni
3405 5439 3429 5489 1
3461 5433 3740 5504 Peristeph.

2192 5501 2457 5573 (laterum
2486 5501 2573 5554 alii
2601 5503 2742 5573 unci,
2772 5503 2987 5573 quibus
3011 5501 3302 5573 martyrum
3332 5518 3562 5572 corpora
3598 5501 3740 5560 lania-

2194 5571 2384 5642 bautur
2407 5609 2421 5630 ,
2466 5578 2624 5642 erant
2650 5571 2782 5642 elavi
2815 5573 3056 5642 incurvi,
3093 5571 3273 5630 utieos
3295 5571 3647 5642 repraesentat
3671 5584 3741 5627 ts-

2192 5638 2312 5693 bula
2346 5653 2433 5692 xm
2457 5637 2682 5694 Gallonii
2703 5680 2715 5704 ,
2770 5650 2821 5694 et
2851 5640 3024 5696 tabula
3044 5637 3181 5698 sum
3207 5657 3236 5698 a
3267 5637 3422 5698 nobis
3445 5643 3654 5711 addita,
3695 5643 3738 5698 iu
