  <div class='ocr_page' id='page_1' title='image "/cluster/home/n/w/nwhite01/storage/ocr_20150623/60/hvd.32044015469299/207.png"; bbox 0 0 4022 6288; ppageno 0'>
   <div class='ocr_carea' id='block_1_1' title="bbox 605 274 756 332">
    <p class='ocr_par' dir='ltr' id='par_1_1' title="bbox 605 274 756 332">
     <span class='ocr_line' id='line_1_1' title="bbox 605 274 756 332; baseline 0.04 -6"><span class='ocrx_word' id='word_1_1' title='bbox 605 274 698 332; x_wconf 73' lang='lat'><strong>351</strong></span> <span class='ocrx_word' id='word_1_2' title='bbox 753 302 756 306; x_wconf 93' lang='grc'><strong>·</strong></span> 
     </span>
    </p>
   </div>
   <div class='ocr_carea' id='block_1_2' title="bbox 857 386 1696 458">
    <p class='ocr_par' dir='ltr' id='par_1_2' title="bbox 857 386 1696 458">
     <span class='ocr_line' id='line_1_2' title="bbox 857 386 1696 458; baseline 0.006 -20"><span class='ocrx_word' id='word_1_3' title='bbox 857 386 1065 457; x_wconf 81' lang='grc' dir='ltr'><strong>ιοοο</strong></span> <span class='ocrx_word' id='word_1_4' title='bbox 1105 386 1427 442; x_wconf 85' lang='lat' dir='ltr'><strong>Exerceatur</strong></span> <span class='ocrx_word' id='word_1_5' title='bbox 1453 388 1696 458; x_wconf 66' lang='lat' dir='ltr'><strong>quaestio.</strong></span> 
     </span>
    </p>
   </div>
   <div class='ocr_carea' id='block_1_3' title="bbox 786 477 1508 534">
    <p class='ocr_par' dir='ltr' id='par_1_3' title="bbox 786 477 1508 534">
     <span class='ocr_line' id='line_1_3' title="bbox 786 477 1508 534; baseline 0.004 -3"><span class='ocrx_word' id='word_1_6' title='bbox 786 477 910 531; x_wconf 68' lang='lat' dir='ltr'><strong>llrc</strong></span> <span class='ocrx_word' id='word_1_7' title='bbox 941 481 1026 532; x_wconf 90' lang='lat' dir='ltr'><strong>ille</strong></span> <span class='ocrx_word' id='word_1_8' title='bbox 1052 494 1172 532; x_wconf 87' lang='lat' dir='ltr'><strong>sese</strong></span> <span class='ocrx_word' id='word_1_9' title='bbox 1193 480 1258 532; x_wconf 92' lang='lat' dir='ltr'><strong>ad</strong></span> <span class='ocrx_word' id='word_1_10' title='bbox 1288 495 1508 534; x_wconf 86' lang='lat' dir='ltr'><strong>mnncra</strong></span> 
     </span>
    </p>
   </div>
   <div class='ocr_carea' id='block_1_4' title="bbox 855 567 1505 638">
    <p class='ocr_par' dir='ltr' id='par_1_4' title="bbox 855 567 1505 638">
     <span class='ocr_line' id='line_1_4' title="bbox 855 567 1505 638; baseline -0.002 -17"><span class='ocrx_word' id='word_1_11' title='bbox 855 567 1030 621; x_wconf 88' lang='lat' dir='ltr'><strong>Gradu</strong></span> <span class='ocrx_word' id='word_1_12' title='bbox 1063 570 1224 622; x_wconf 86' lang='lat' dir='ltr'><strong>citato</strong></span> <span class='ocrx_word' id='word_1_13' title='bbox 1259 570 1505 638; x_wconf 74' lang='lat' dir='ltr'><strong>proripit,</strong></span> 
     </span>
    </p>
   </div>
   <div class='ocr_carea' id='block_1_5' title="bbox 852 657 1540 728">
    <p class='ocr_par' dir='ltr' id='par_1_5' title="bbox 852 657 1540 728">
     <span class='ocr_line' id='line_1_5' title="bbox 852 657 1540 728; baseline 0.003 -18"><span class='ocrx_word' id='word_1_14' title='bbox 852 657 1101 727; x_wconf 84' lang='lat' dir='ltr'><strong>Ipsosque</strong></span> <span class='ocrx_word' id='word_1_15' title='bbox 1131 660 1312 726; x_wconf 84' lang='lat' dir='ltr'><strong>pernix</strong></span> <span class='ocrx_word' id='word_1_16' title='bbox 1345 660 1540 728; x_wconf 87' lang='lat' dir='ltr'><strong>gaudio</strong></span> 
     </span>
    </p>
   </div>
   <div class='ocr_carea' id='block_1_6' title="bbox 850 747 1630 816">
    <p class='ocr_par' dir='ltr' id='par_1_6' title="bbox 850 747 1630 816">
     <span class='ocr_line' id='line_1_6' title="bbox 850 747 1630 816; baseline 0.005 -16"><span class='ocrx_word' id='word_1_17' title='bbox 850 747 1027 802; x_wconf 67' lang='lat' dir='ltr'><strong>Pinna:</strong></span> <span class='ocrx_word' id='word_1_18' title='bbox 1055 749 1322 802; x_wconf 88' lang='lat' dir='ltr'><strong>ministros</strong></span> <span class='ocrx_word' id='word_1_19' title='bbox 1356 752 1630 816; x_wconf 74' lang='lat' dir='ltr'><strong>praevenit.</strong></span> 
     </span>
    </p>
   </div>
   <div class='ocr_carea' id='block_1_7' title="bbox 787 839 1841 910">
    <p class='ocr_par' dir='ltr' id='par_1_7' title="bbox 787 839 1841 910">
     <span class='ocr_line' id='line_1_7' title="bbox 787 839 1841 910; baseline 0.005 -18"><span class='ocrx_word' id='word_1_20' title='bbox 787 839 1005 893; x_wconf 87' lang='lat' dir='ltr'><strong>Ventum</strong></span> <span class='ocrx_word' id='word_1_21' title='bbox 1033 841 1098 894; x_wconf 88' lang='lat' dir='ltr'><strong>ad</strong></span> <span class='ocrx_word' id='word_1_22' title='bbox 1127 841 1426 910; x_wconf 67' lang='lat' dir='ltr'><strong>palmstram</strong></span> <span class='ocrx_word' id='word_1_23' title='bbox 1455 844 1636 910; x_wconf 75' lang='lat' dir='ltr'><strong>gloria:</strong></span> <span class='ocrx_word' id='word_1_24' title='bbox 1660 857 1675 896; x_wconf 91' lang='lat'><strong>:</strong></span> <span class='ocrx_word' id='word_1_25' title='bbox 1791 869 1841 906; x_wconf 61' lang='grc' dir='ltr'><strong>φ.</strong></span> 
     </span>
    </p>
   </div>
   <div class='ocr_carea' id='block_1_8' title="bbox 851 930 1595 998">
    <p class='ocr_par' dir='ltr' id='par_1_8' title="bbox 851 930 1595 998">
     <span class='ocr_line' id='line_1_8' title="bbox 851 930 1595 998; baseline 0.003 -14"><span class='ocrx_word' id='word_1_26' title='bbox 851 930 985 998; x_wconf 89' lang='lat' dir='ltr'><strong>Spes</strong></span> <span class='ocrx_word' id='word_1_27' title='bbox 1010 940 1196 997; x_wconf 89' lang='lat' dir='ltr'><strong>certat,</strong></span> <span class='ocrx_word' id='word_1_28' title='bbox 1229 941 1284 986; x_wconf 90' lang='lat' dir='ltr'><strong>et</strong></span> <span class='ocrx_word' id='word_1_29' title='bbox 1307 933 1595 986; x_wconf 78' lang='lat' dir='ltr'><strong>crudelitas</strong></span> 
     </span>
    </p>
   </div>
   <div class='ocr_carea' id='block_1_9' title="bbox 850 1020 1690 1089">
    <p class='ocr_par' dir='ltr' id='par_1_9' title="bbox 850 1020 1690 1089">
     <span class='ocr_line' id='line_1_9' title="bbox 850 1020 1690 1089; baseline 0 -16"><span class='ocrx_word' id='word_1_30' title='bbox 850 1020 1139 1074; x_wconf 89' lang='lat' dir='ltr'><strong>Luctamen</strong></span> <span class='ocrx_word' id='word_1_31' title='bbox 1172 1036 1370 1089; x_wconf 89' lang='lat' dir='ltr'><strong>anceps</strong></span> <span class='ocrx_word' id='word_1_32' title='bbox 1401 1029 1690 1074; x_wconf 84' lang='lat' dir='ltr'><strong>conserunt</strong></span> 
     </span>
    </p>
   </div>
   <div class='ocr_carea' id='block_1_10' title="bbox 852 1113 1702 1184">
    <p class='ocr_par' dir='ltr' id='par_1_10' title="bbox 852 1113 1702 1184">
     <span class='ocr_line' id='line_1_10' title="bbox 852 1113 1702 1184; baseline 0 -18"><span class='ocrx_word' id='word_1_33' title='bbox 852 1113 983 1168; x_wconf 92' lang='lat' dir='ltr'><strong>llinc</strong></span> <span class='ocrx_word' id='word_1_34' title='bbox 1012 1123 1233 1184; x_wconf 84' lang='lat' dir='ltr'><strong>martyr,</strong></span> <span class='ocrx_word' id='word_1_35' title='bbox 1269 1113 1417 1167; x_wconf 89' lang='lat' dir='ltr'><strong>illinc</strong></span> <span class='ocrx_word' id='word_1_36' title='bbox 1445 1113 1702 1167; x_wconf 75' lang='lat' dir='ltr'><strong>carnifex.</strong></span> 
     </span>
    </p>
   </div>
   <div class='ocr_carea' id='block_1_11' title="bbox 775 1204 1434 1274">
    <p class='ocr_par' dir='ltr' id='par_1_11' title="bbox 775 1204 1434 1274">
     <span class='ocr_line' id='line_1_11' title="bbox 775 1204 1434 1274; baseline -0.002 -14"><span class='ocrx_word' id='word_1_37' title='bbox 775 1204 992 1260; x_wconf 89' lang='lat' dir='ltr'><strong>Serrata</strong></span> <span class='ocrx_word' id='word_1_38' title='bbox 1024 1206 1222 1261; x_wconf 90' lang='lat' dir='ltr'><strong>lectum</strong></span> <span class='ocrx_word' id='word_1_39' title='bbox 1253 1207 1434 1274; x_wconf 82' lang='lat' dir='ltr'><strong>regula</strong></span> 
     </span>
    </p>
   </div>
   <div class='ocr_carea' id='block_1_12' title="bbox 853 1298 1732 1366">
    <p class='ocr_par' dir='ltr' id='par_1_12' title="bbox 853 1298 1732 1366">
     <span class='ocr_line' id='line_1_12' title="bbox 853 1298 1732 1366; baseline 0 -16"><span class='ocrx_word' id='word_1_40' title='bbox 853 1298 1017 1352; x_wconf 88' lang='lat' dir='ltr'><strong>Dente</strong></span> <span class='ocrx_word' id='word_1_41' title='bbox 1040 1299 1092 1350; x_wconf 91' lang='lat' dir='ltr'><strong>in</strong></span> <span class='ocrx_word' id='word_1_42' title='bbox 1126 1298 1388 1363; x_wconf 48' lang='lat' dir='ltr'><strong>frequenti</strong></span> <span class='ocrx_word' id='word_1_43' title='bbox 1415 1306 1696 1366; x_wconf 82' lang='lat' dir='ltr'><strong>exasperat</strong></span> <span class='ocrx_word' id='word_1_44' title='bbox 1720 1315 1732 1350; x_wconf 93' lang='lat'><em>:</em></span> 
     </span>
    </p>
   </div>
   <div class='ocr_carea' id='block_1_13' title="bbox 849 1388 1672 1443">
    <p class='ocr_par' dir='ltr' id='par_1_13' title="bbox 849 1388 1672 1443">
     <span class='ocr_line' id='line_1_13' title="bbox 849 1388 1672 1443; baseline 0 -1"><span class='ocrx_word' id='word_1_45' title='bbox 849 1388 944 1442; x_wconf 88' lang='lat' dir='ltr'><strong>Cui</strong></span> <span class='ocrx_word' id='word_1_46' title='bbox 975 1390 1142 1442; x_wconf 87' lang='lat' dir='ltr'><strong>multa</strong></span> <span class='ocrx_word' id='word_1_47' title='bbox 1172 1388 1461 1442; x_wconf 74' lang='lat' dir='ltr'><strong>carbonum</strong></span> <span class='ocrx_word' id='word_1_48' title='bbox 1495 1400 1672 1443; x_wconf 78' lang='lat' dir='ltr'><strong>strues</strong></span> 
     </span>
    </p>
   </div>
   <div class='ocr_carea' id='block_1_14' title="bbox 855 1477 1558 1547">
    <p class='ocr_par' dir='ltr' id='par_1_14' title="bbox 855 1477 1558 1547">
     <span class='ocr_line' id='line_1_14' title="bbox 855 1477 1558 1547; baseline 0 -16"><span class='ocrx_word' id='word_1_49' title='bbox 855 1477 1045 1531; x_wconf 86' lang='lat' dir='ltr'><strong>Vivum</strong></span> <span class='ocrx_word' id='word_1_50' title='bbox 1079 1489 1292 1547; x_wconf 87' lang='lat' dir='ltr'><strong>vaporat</strong></span> <span class='ocrx_word' id='word_1_51' title='bbox 1317 1478 1558 1532; x_wconf 89' lang='lat' dir='ltr'><strong>halitum.</strong></span> 
     </span>
    </p>
   </div>
   <div class='ocr_carea' id='block_1_15' title="bbox 780 1569 1689 1638">
    <p class='ocr_par' dir='ltr' id='par_1_15' title="bbox 780 1569 1689 1638">
     <span class='ocr_line' id='line_1_15' title="bbox 780 1569 1689 1638; baseline -0.002 -15"><span class='ocrx_word' id='word_1_52' title='bbox 780 1569 930 1624; x_wconf 81' lang='lat' dir='ltr'><strong>Hunc</strong></span> <span class='ocrx_word' id='word_1_53' title='bbox 959 1578 1148 1637; x_wconf 89' lang='lat' dir='ltr'><strong>sponte</strong></span> <span class='ocrx_word' id='word_1_54' title='bbox 1169 1570 1477 1623; x_wconf 86' lang='lat' dir='ltr'><strong>conscendit</strong></span> <span class='ocrx_word' id='word_1_55' title='bbox 1503 1584 1689 1638; x_wconf 84' lang='lat' dir='ltr'><strong>rogum</strong></span> 
     </span>
    </p>
   </div>
   <div class='ocr_carea' id='block_1_16' title="bbox 861 1660 1873 1730">
    <p class='ocr_par' dir='ltr' id='par_1_16' title="bbox 861 1660 1873 1730">
     <span class='ocr_line' id='line_1_16' title="bbox 861 1660 1873 1730; baseline -0.006 -12"><span class='ocrx_word' id='word_1_56' title='bbox 861 1662 1065 1730; x_wconf 81' lang='lat'><strong>1001</strong></span> <span class='ocrx_word' id='word_1_57' title='bbox 1109 1660 1202 1714; x_wconf 85' lang='lat' dir='ltr'><strong>Vir</strong></span> <span class='ocrx_word' id='word_1_58' title='bbox 1228 1670 1444 1714; x_wconf 91' lang='lat' dir='ltr'><strong>sanctus</strong></span> <span class='ocrx_word' id='word_1_59' title='bbox 1465 1675 1558 1713; x_wconf 90' lang='lat' dir='ltr'><strong>ore</strong></span> <span class='ocrx_word' id='word_1_60' title='bbox 1589 1660 1832 1714; x_wconf 89' lang='lat' dir='ltr'><strong>interrito</strong></span> <span class='ocrx_word' id='word_1_61' title='bbox 1859 1677 1873 1712; x_wconf 89' lang='lat'><strong>:</strong></span> 
     </span>
    </p>
   </div>
   <div class='ocr_carea' id='block_1_17' title="bbox 848 1750 1613 1820">
    <p class='ocr_par' dir='ltr' id='par_1_17' title="bbox 848 1750 1613 1820">
     <span class='ocr_line' id='line_1_17' title="bbox 848 1750 1613 1820; baseline -0.001 -16"><span class='ocrx_word' id='word_1_62' title='bbox 848 1750 958 1804; x_wconf 90' lang='lat' dir='ltr'><strong>Ceu</strong></span> <span class='ocrx_word' id='word_1_63' title='bbox 983 1751 1092 1820; x_wconf 86' lang='lat' dir='ltr'><strong>jam</strong></span> <span class='ocrx_word' id='word_1_64' title='bbox 1124 1765 1335 1805; x_wconf 80' lang='lat' dir='ltr'><strong>corona:</strong></span> <span class='ocrx_word' id='word_1_65' title='bbox 1361 1751 1613 1804; x_wconf 88' lang='lat' dir='ltr'><strong>conscius</strong></span> 
     </span>
    </p>
   </div>
   <div class='ocr_carea' id='block_1_18' title="bbox 847 1839 1654 1896">
    <p class='ocr_par' dir='ltr' id='par_1_18' title="bbox 847 1839 1654 1896">
     <span class='ocr_line' id='line_1_18' title="bbox 847 1839 1654 1896; baseline 0.002 -2"><span class='ocrx_word' id='word_1_66' title='bbox 847 1839 1059 1894; x_wconf 82' lang='lat' dir='ltr'><strong>Celsum</strong></span> <span class='ocrx_word' id='word_1_67' title='bbox 1094 1840 1323 1895; x_wconf 88' lang='lat' dir='ltr'><strong>tribunal</strong></span> <span class='ocrx_word' id='word_1_68' title='bbox 1353 1840 1654 1896; x_wconf 81' lang='lat' dir='ltr'><strong>scanderet.</strong></span> 
     </span>
    </p>
   </div>
   <div class='ocr_carea' id='block_1_19' title="bbox 609 565 711 618">
    <p class='ocr_par' dir='ltr' id='par_1_19' title="bbox 609 565 711 618">
     <span class='ocr_line' id='line_1_19' title="bbox 609 565 711 618; baseline 0 0"><span class='ocrx_word' id='word_1_69' title='bbox 609 565 711 618; x_wconf 84' lang='lat'><strong>210</strong></span> 
     </span>
    </p>
   </div>
   <div class='ocr_carea' id='block_1_20' title="bbox 606 1018 706 1073">
    <p class='ocr_par' dir='ltr' id='par_1_20' title="bbox 606 1018 706 1073">
     <span class='ocr_line' id='line_1_20' title="bbox 606 1018 706 1073; baseline 0.01 -1"><span class='ocrx_word' id='word_1_70' title='bbox 606 1018 706 1073; x_wconf 76' lang='grc'><strong>215</strong></span> 
     </span>
    </p>
   </div>
   <div class='ocr_carea' id='block_1_21' title="bbox 611 1477 713 1532">
    <p class='ocr_par' dir='ltr' id='par_1_21' title="bbox 611 1477 713 1532">
     <span class='ocr_line' id='line_1_21' title="bbox 611 1477 713 1532; baseline 0.02 -2"><span class='ocrx_word' id='word_1_71' title='bbox 611 1477 713 1532; x_wconf 80' lang='grc'><strong>220</strong></span> 
     </span>
    </p>
   </div>
   <div class='ocr_carea' id='block_1_22' title="bbox 2212 1749 2390 1809">
    <p class='ocr_par' dir='ltr' id='par_1_22' title="bbox 2212 1749 2390 1809">
     <span class='ocr_line' id='line_1_22' title="bbox 2212 1749 2390 1809; baseline -0.028 0"><span class='ocrx_word' id='word_1_72' title='bbox 2212 1749 2390 1809; x_wconf 85' lang='lat' dir='ltr'><strong>B2i0</strong></span> 
     </span>
    </p>
   </div>
   <div class='ocr_carea' id='block_1_23' title="bbox 1710 281 3800 352">
    <p class='ocr_par' dir='ltr' id='par_1_23' title="bbox 1710 281 3800 352">
     <span class='ocr_line' id='line_1_23' title="bbox 1710 281 3800 352; baseline 0.001 -16"><span class='ocrx_word' id='word_1_73' title='bbox 1710 281 1986 338; x_wconf 77' lang='lat' dir='ltr'><strong>AURELII</strong></span> <span class='ocrx_word' id='word_1_74' title='bbox 2027 281 2394 340; x_wconf 79' lang='lat' dir='ltr'><strong>PRUDENTII</strong></span> <span class='ocrx_word' id='word_1_75' title='bbox 2432 281 2755 340; x_wconf 73' lang='lat' dir='ltr'><strong>CARMINA.</strong></span> <span class='ocrx_word' id='word_1_76' title='bbox 3719 294 3800 352; x_wconf 65' lang='grc' dir='ltr'><strong>ξω</strong></span> 
     </span>
    </p>
   </div>
   <div class='ocr_carea' id='block_1_24' title="bbox 2208 393 3255 465">
    <p class='ocr_par' dir='ltr' id='par_1_24' title="bbox 2208 393 3255 465">
     <span class='ocr_line' id='line_1_24' title="bbox 2208 393 3255 465; baseline 0.001 -19"><span class='ocrx_word' id='word_1_77' title='bbox 2208 397 2257 454; x_wconf 79' lang='grc' dir='ltr'><strong>Α</strong></span> <span class='ocrx_word' id='word_1_78' title='bbox 2282 393 2387 447; x_wconf 75' lang='lat'><strong>235</strong></span> <span class='ocrx_word' id='word_1_79' title='bbox 2459 393 2656 448; x_wconf 84' lang='lat' dir='ltr'><strong>Subter</strong></span> <span class='ocrx_word' id='word_1_80' title='bbox 2685 401 2935 458; x_wconf 85' lang='lat' dir='ltr'><strong>crepante</strong></span> <span class='ocrx_word' id='word_1_81' title='bbox 2959 408 3055 462; x_wconf 88' lang='lat' dir='ltr'><strong>asp</strong></span> <span class='ocrx_word' id='word_1_82' title='bbox 3092 395 3255 465; x_wconf 64' lang='lat' dir='ltr'><strong>rgine}</strong></span> 
     </span>
    </p>
   </div>
   <div class='ocr_carea' id='block_1_25' title="bbox 2531 484 3256 548">
    <p class='ocr_par' dir='ltr' id='par_1_25' title="bbox 2531 484 3256 548">
     <span class='ocr_line' id='line_1_25' title="bbox 2531 484 3256 548; baseline -0.001 -9"><span class='ocrx_word' id='word_1_83' title='bbox 2531 484 2797 539; x_wconf 88' lang='lat' dir='ltr'><strong>Scintillat</strong></span> <span class='ocrx_word' id='word_1_84' title='bbox 2825 499 3080 537; x_wconf 75' lang='lat' dir='ltr'><strong>excussus</strong></span> <span class='ocrx_word' id='word_1_85' title='bbox 3110 485 3256 548; x_wconf 85' lang='lat' dir='ltr'><strong>sa‘is.</strong></span> 
     </span>
    </p>
   </div>
   <div class='ocr_carea' id='block_1_26' title="bbox 2529 572 3351 641">
    <p class='ocr_par' dir='ltr' id='par_1_26' title="bbox 2529 572 3351 641">
     <span class='ocr_line' id='line_1_26' title="bbox 2529 572 3351 641; baseline 0.004 -15"><span class='ocrx_word' id='word_1_86' title='bbox 2529 573 2850 641; x_wconf 84' lang='lat' dir='ltr'><strong>Punctisquc</strong></span> <span class='ocrx_word' id='word_1_87' title='bbox 2880 572 3088 627; x_wconf 76' lang='lat' dir='ltr'><strong>fervens</strong></span> <span class='ocrx_word' id='word_1_88' title='bbox 3111 574 3351 629; x_wconf 78' lang='lat' dir='ltr'><strong>stridulis</strong></span> 
     </span>
    </p>
   </div>
   <div class='ocr_carea' id='block_1_27' title="bbox 2529 663 3269 732">
    <p class='ocr_par' dir='ltr' id='par_1_27' title="bbox 2529 663 3269 732">
     <span class='ocr_line' id='line_1_27' title="bbox 2529 663 3269 732; baseline 0.004 -15"><span class='ocrx_word' id='word_1_89' title='bbox 2529 663 2769 732; x_wconf 87' lang='lat' dir='ltr'><strong>Sparsim</strong></span> <span class='ocrx_word' id='word_1_90' title='bbox 2802 679 2897 732; x_wconf 89' lang='lat' dir='ltr'><strong>per</strong></span> <span class='ocrx_word' id='word_1_91' title='bbox 2922 673 3070 717; x_wconf 89' lang='lat' dir='ltr'><strong>artus</strong></span> <span class='ocrx_word' id='word_1_92' title='bbox 3094 664 3269 732; x_wconf 63' lang='lat' dir='ltr'><strong>[igitur</strong></span> 
     </span>
    </p>
   </div>
   <div class='ocr_carea' id='block_1_28' title="bbox 2458 754 3157 823">
    <p class='ocr_par' dir='ltr' id='par_1_28' title="bbox 2458 754 3157 823">
     <span class='ocr_line' id='line_1_28' title="bbox 2458 754 3157 823; baseline 0 -15"><span class='ocrx_word' id='word_1_93' title='bbox 2458 755 2653 808; x_wconf 88' lang='lat' dir='ltr'><strong>Arvina</strong></span> <span class='ocrx_word' id='word_1_94' title='bbox 2681 754 2924 821; x_wconf 74' lang='lat' dir='ltr'><strong>posthinc</strong></span> <span class='ocrx_word' id='word_1_95' title='bbox 2946 755 3157 823; x_wconf 90' lang='lat' dir='ltr'><strong>igneum</strong></span> 
     </span>
    </p>
   </div>
   <div class='ocr_carea' id='block_1_29' title="bbox 2529 844 3266 910">
    <p class='ocr_par' dir='ltr' id='par_1_29' title="bbox 2529 844 3266 910">
     <span class='ocr_line' id='line_1_29' title="bbox 2529 844 3266 910; baseline -0.001 -12"><span class='ocrx_word' id='word_1_96' title='bbox 2529 844 2792 910; x_wconf 86' lang='lat' dir='ltr'><strong>ltnpressa</strong></span> <span class='ocrx_word' id='word_1_97' title='bbox 2823 852 3092 898; x_wconf 84' lang='lat' dir='ltr'><strong>cauterem</strong></span> <span class='ocrx_word' id='word_1_98' title='bbox 3120 845 3266 897; x_wconf 87' lang='lat' dir='ltr'><strong>lavit.</strong></span> 
     </span>
    </p>
   </div>
   <div class='ocr_carea' id='block_1_30' title="bbox 2533 933 3175 988">
    <p class='ocr_par' dir='ltr' id='par_1_30' title="bbox 2533 933 3175 988">
     <span class='ocr_line' id='line_1_30' title="bbox 2533 933 3175 988; baseline 0.003 -2"><span class='ocrx_word' id='word_1_99' title='bbox 2533 933 2625 987; x_wconf 86' lang='lat' dir='ltr'><strong>Vis</strong></span> <span class='ocrx_word' id='word_1_100' title='bbox 2657 933 2793 988; x_wconf 83' lang='lat' dir='ltr'><strong>unde</strong></span> <span class='ocrx_word' id='word_1_101' title='bbox 2822 937 2958 988; x_wconf 57' lang='lat' dir='ltr'><strong>ruris</strong></span> <span class='ocrx_word' id='word_1_102' title='bbox 2989 933 3175 988; x_wconf 76' lang='lat' dir='ltr'><strong>fumidi</strong></span> 
     </span>
    </p>
   </div>
   <div class='ocr_carea' id='block_1_31' title="bbox 2531 1025 3342 1096">
    <p class='ocr_par' dir='ltr' id='par_1_31' title="bbox 2531 1025 3342 1096">
     <span class='ocr_line' id='line_1_31' title="bbox 2531 1025 3342 1096; baseline 0.004 -18"><span class='ocrx_word' id='word_1_103' title='bbox 2531 1025 2586 1078; x_wconf 95' lang='lat' dir='ltr'><strong>In</strong></span> <span class='ocrx_word' id='word_1_104' title='bbox 2615 1026 2852 1080; x_wconf 89' lang='lat' dir='ltr'><strong>membra</strong></span> <span class='ocrx_word' id='word_1_105' title='bbox 2879 1028 3076 1080; x_wconf 86' lang='lat' dir='ltr'><strong>sensim</strong></span> <span class='ocrx_word' id='word_1_106' title='bbox 3102 1026 3342 1096; x_wconf 84' lang='lat' dir='ltr'><strong>liquitur.</strong></span> 
     </span>
    </p>
   </div>
   <div class='ocr_carea' id='block_1_32' title="bbox 2466 1117 3240 1174">
    <p class='ocr_par' dir='ltr' id='par_1_32' title="bbox 2466 1117 3240 1174">
     <span class='ocr_line' id='line_1_32' title="bbox 2466 1117 3240 1174; baseline 0.003 -4"><span class='ocrx_word' id='word_1_107' title='bbox 2466 1117 2590 1171; x_wconf 80' lang='lat' dir='ltr'><strong>lla-c</strong></span> <span class='ocrx_word' id='word_1_108' title='bbox 2617 1118 2755 1172; x_wconf 88' lang='lat' dir='ltr'><strong>inter</strong></span> <span class='ocrx_word' id='word_1_109' title='bbox 2779 1120 3030 1173; x_wconf 89' lang='lat' dir='ltr'><strong>immotus</strong></span> <span class='ocrx_word' id='word_1_110' title='bbox 3061 1132 3240 1174; x_wconf 91' lang='lat' dir='ltr'><strong>manet</strong></span> 
     </span>
    </p>
   </div>
   <div class='ocr_carea' id='block_1_33' title="bbox 2542 1211 3590 1281">
    <p class='ocr_par' dir='ltr' id='par_1_33' title="bbox 2542 1211 3590 1281">
     <span class='ocr_line' id='line_1_33' title="bbox 2542 1211 3590 1281; baseline 0 -14"><span class='ocrx_word' id='word_1_111' title='bbox 2542 1211 2752 1280; x_wconf 75' lang='lat'><strong>1002</strong></span> <span class='ocrx_word' id='word_1_112' title='bbox 2781 1211 3058 1280; x_wconf 84' lang='lat' dir='ltr'><strong>Tanquam</strong></span> <span class='ocrx_word' id='word_1_113' title='bbox 3087 1211 3330 1265; x_wconf 81' lang='lat' dir='ltr'><strong>dolorum</strong></span> <span class='ocrx_word' id='word_1_114' title='bbox 3359 1214 3590 1281; x_wconf 86' lang='lat' dir='ltr'><strong>nescius,</strong></span> 
     </span>
    </p>
   </div>
   <div class='ocr_carea' id='block_1_34' title="bbox 2532 1300 3371 1369">
    <p class='ocr_par' dir='ltr' id='par_1_34' title="bbox 2532 1300 3371 1369">
     <span class='ocr_line' id='line_1_34' title="bbox 2532 1300 3371 1369; baseline 0.006 -15"><span class='ocrx_word' id='word_1_115' title='bbox 2532 1300 2830 1369; x_wconf 85' lang='lat' dir='ltr'><strong>Tenditqne</strong></span> <span class='ocrx_word' id='word_1_116' title='bbox 2859 1304 2909 1354; x_wconf 85' lang='lat' dir='ltr'><strong>in</strong></span> <span class='ocrx_word' id='word_1_117' title='bbox 2939 1304 3102 1356; x_wconf 83' lang='lat' dir='ltr'><strong>altum</strong></span> <span class='ocrx_word' id='word_1_118' title='bbox 3131 1303 3331 1358; x_wconf 87' lang='lat' dir='ltr'><strong>lumina</strong></span> <span class='ocrx_word' id='word_1_119' title='bbox 3357 1322 3371 1359; x_wconf 89' lang='lat'><strong>:</strong></span> 
     </span>
    </p>
   </div>
   <div class='ocr_carea' id='block_1_35' title="bbox 2539 1393 3460 1464">
    <p class='ocr_par' dir='ltr' id='par_1_35' title="bbox 2539 1393 3460 1464">
     <span class='ocr_line' id='line_1_35' title="bbox 2539 1393 3460 1464; baseline 0.008 -20"><span class='ocrx_word' id='word_1_120' title='bbox 2539 1393 2668 1445; x_wconf 69' lang='lat' dir='ltr'><strong>Nam</strong></span> <span class='ocrx_word' id='word_1_121' title='bbox 2699 1393 2870 1446; x_wconf 77' lang='lat' dir='ltr'><strong>vincla</strong></span> <span class='ocrx_word' id='word_1_122' title='bbox 2899 1395 3103 1462; x_wconf 87' lang='lat' dir='ltr'><strong>palmas</strong></span> <span class='ocrx_word' id='word_1_123' title='bbox 3133 1406 3460 1464; x_wconf 81' lang='lat' dir='ltr'><strong>presserant.</strong></span> 
     </span>
    </p>
   </div>
   <div class='ocr_carea' id='block_1_36' title="bbox 2460 1481 3109 1551">
    <p class='ocr_par' dir='ltr' id='par_1_36' title="bbox 2460 1481 3109 1551">
     <span class='ocr_line' id='line_1_36' title="bbox 2460 1481 3109 1551; baseline 0.002 -15"><span class='ocrx_word' id='word_1_124' title='bbox 2460 1481 2711 1536; x_wconf 89' lang='lat' dir='ltr'><strong>Sublatus</strong></span> <span class='ocrx_word' id='word_1_125' title='bbox 2739 1482 2864 1538; x_wconf 91' lang='lat' dir='ltr'><strong>inde</strong></span> <span class='ocrx_word' id='word_1_126' title='bbox 2903 1485 3109 1551; x_wconf 82' lang='lat' dir='ltr'><strong>fortior,</strong></span> 
     </span>
    </p>
   </div>
   <div class='ocr_carea' id='block_1_37' title="bbox 2533 1573 3401 1642">
    <p class='ocr_par' dir='ltr' id='par_1_37' title="bbox 2533 1573 3401 1642">
     <span class='ocr_line' id='line_1_37' title="bbox 2533 1573 3401 1642; baseline 0.003 -16"><span class='ocrx_word' id='word_1_127' title='bbox 2533 1573 2775 1642; x_wconf 75' lang='lat' dir='ltr'><strong>Lugubre</strong></span> <span class='ocrx_word' id='word_1_128' title='bbox 2807 1574 2860 1628; x_wconf 92' lang='lat' dir='ltr'><strong>in</strong></span> <span class='ocrx_word' id='word_1_129' title='bbox 2893 1586 3104 1629; x_wconf 84' lang='lat' dir='ltr'><strong>antrum</strong></span> <span class='ocrx_word' id='word_1_130' title='bbox 3133 1576 3401 1631; x_wconf 90' lang='lat' dir='ltr'><strong>truditur:</strong></span> 
     </span>
    </p>
   </div>
   <div class='ocr_carea' id='block_1_38' title="bbox 2529 1663 3154 1718">
    <p class='ocr_par' dir='ltr' id='par_1_38' title="bbox 2529 1663 3154 1718">
     <span class='ocr_line' id='line_1_38' title="bbox 2529 1663 3154 1718; baseline 0.002 -2"><span class='ocrx_word' id='word_1_131' title='bbox 2529 1663 2604 1716; x_wconf 87' lang='lat' dir='ltr'><strong>Ne</strong></span> <span class='ocrx_word' id='word_1_132' title='bbox 2627 1665 2711 1717; x_wconf 86' lang='lat' dir='ltr'><strong>lib-</strong></span> <span class='ocrx_word' id='word_1_133' title='bbox 2734 1679 2759 1716; x_wconf 94' lang='lat' dir='ltr'><strong>r</strong></span> <span class='ocrx_word' id='word_1_134' title='bbox 2782 1678 2908 1717; x_wconf 84' lang='lat' dir='ltr'><strong>usus</strong></span> <span class='ocrx_word' id='word_1_135' title='bbox 2939 1664 3154 1718; x_wconf 90' lang='lat' dir='ltr'><strong>luminis</strong></span> 
     </span>
    </p>
   </div>
   <div class='ocr_carea' id='block_1_39' title="bbox 2529 1753 3271 1821">
    <p class='ocr_par' dir='ltr' id='par_1_39' title="bbox 2529 1753 3271 1821">
     <span class='ocr_line' id='line_1_39' title="bbox 2529 1753 3271 1821; baseline 0.005 -15"><span class='ocrx_word' id='word_1_136' title='bbox 2529 1753 2807 1807; x_wconf 86' lang='lat' dir='ltr'><strong>Animaret</strong></span> <span class='ocrx_word' id='word_1_137' title='bbox 2830 1753 2992 1806; x_wconf 89' lang='lat' dir='ltr'><strong>altum</strong></span> <span class='ocrx_word' id='word_1_138' title='bbox 3027 1755 3271 1821; x_wconf 86' lang='lat' dir='ltr'><strong>spiritum</strong></span> 
     </span>
    </p>
   </div>
   <div class='ocr_carea' id='block_1_40' title="bbox 2472 1842 3165 1912">
    <p class='ocr_par' dir='ltr' id='par_1_40' title="bbox 2472 1842 3165 1912">
     <span class='ocr_line' id='line_1_40' title="bbox 2472 1842 3165 1912; baseline 0.006 -18"><span class='ocrx_word' id='word_1_139' title='bbox 2472 1842 2566 1894; x_wconf 82' lang='lat' dir='ltr'><strong>Est</strong></span> <span class='ocrx_word' id='word_1_140' title='bbox 2593 1842 2734 1896; x_wconf 89' lang='lat' dir='ltr'><strong>intus</strong></span> <span class='ocrx_word' id='word_1_141' title='bbox 2762 1842 2868 1896; x_wconf 89' lang='lat' dir='ltr'><strong>imo</strong></span> <span class='ocrx_word' id='word_1_142' title='bbox 2896 1843 3165 1912; x_wconf 84' lang='lat' dir='ltr'><strong>ergastulo</strong></span> 
     </span>
    </p>
   </div>
   <div class='ocr_carea' id='block_1_41' title="bbox 2281 841 2387 898">
    <p class='ocr_par' dir='ltr' id='par_1_41' title="bbox 2281 841 2387 898">
     <span class='ocr_line' id='line_1_41' title="bbox 2281 841 2387 898; baseline 0.028 -3"><span class='ocrx_word' id='word_1_143' title='bbox 2281 841 2387 898; x_wconf 74' lang='grc'><strong>250</strong></span> 
     </span>
    </p>
   </div>
   <div class='ocr_carea' id='block_1_42' title="bbox 2284 1297 2390 1355">
    <p class='ocr_par' dir='ltr' id='par_1_42' title="bbox 2284 1297 2390 1355">
     <span class='ocr_line' id='line_1_42' title="bbox 2284 1297 2390 1355; baseline 0.057 -5"><span class='ocrx_word' id='word_1_144' title='bbox 2284 1297 2390 1355; x_wconf 74' lang='grc'><strong>235</strong></span> 
     </span>
    </p>
   </div>
   <div class='ocr_carea' id='block_1_43' title="bbox 1888 1933 2554 1990">
    <p class='ocr_par' dir='ltr' id='par_1_43' title="bbox 1888 1933 2554 1990">
     <span class='ocr_line' id='line_1_43' title="bbox 1888 1933 2554 1990; baseline 0.003 -2"><span class='ocrx_word' id='word_1_145' title='bbox 1888 1933 2178 1989; x_wconf 73' lang='lat' dir='ltr'><strong>GLOSSE</strong></span> <span class='ocrx_word' id='word_1_146' title='bbox 2219 1933 2554 1990; x_wconf 80' lang='lat' dir='ltr'><strong>VETERES.</strong></span> 
     </span>
    </p>
   </div>
   <div class='ocr_carea' id='block_1_44' title="bbox 672 2041 2179 2114">
    <p class='ocr_par' dir='ltr' id='par_1_44' title="bbox 672 2041 2179 2114">
     <span class='ocr_line' id='line_1_44' title="bbox 672 2041 2179 2114; baseline -0.001 -15"><span class='ocrx_word' id='word_1_147' title='bbox 672 2047 798 2100; x_wconf 77' lang='grc'><strong>208.</strong></span> <span class='ocrx_word' id='word_1_148' title='bbox 835 2045 1182 2112; x_wconf 72' lang='grc' dir='ltr'>Ειετεειιιιιτ,</span> <span class='ocrx_word' id='word_1_149' title='bbox 1232 2044 1581 2114; x_wconf 77' lang='lat' dir='ltr'><strong>imperativus.</strong></span> <span class='ocrx_word' id='word_1_150' title='bbox 1605 2041 1959 2111; x_wconf 75' lang='lat' dir='ltr'><strong>—Qutcstio,</strong></span> <span class='ocrx_word' id='word_1_151' title='bbox 2010 2059 2179 2114; x_wconf 63' lang='lat' dir='ltr'><strong>poena,</strong></span> 
     </span>
    </p>
   </div>
   <div class='ocr_carea' id='block_1_45' title="bbox 617 2116 995 2181">
    <p class='ocr_par' dir='ltr' id='par_1_45' title="bbox 617 2116 995 2181">
     <span class='ocr_line' id='line_1_45' title="bbox 617 2116 995 2181; baseline -0.008 -10"><span class='ocrx_word' id='word_1_152' title='bbox 617 2117 929 2181; x_wconf 62' lang='lat' dir='ltr'><strong>nominatio,</strong></span> <span class='ocrx_word' id='word_1_153' title='bbox 955 2116 995 2168; x_wconf 92' lang='grc'><strong>1.</strong></span> 
     </span>
    </p>
   </div>
   <div class='ocr_carea' id='block_1_46' title="bbox 675 2183 1355 2252">
    <p class='ocr_par' dir='ltr' id='par_1_46' title="bbox 675 2183 1355 2252">
     <span class='ocr_line' id='line_1_46' title="bbox 675 2183 1355 2252; baseline -0.001 -13"><span class='ocrx_word' id='word_1_154' title='bbox 675 2185 802 2240; x_wconf 82' lang='lat'><strong>209.</strong></span> <span class='ocrx_word' id='word_1_155' title='bbox 829 2186 1066 2251; x_wconf 84' lang='lat' dir='ltr'><strong>Munera,</strong></span> <span class='ocrx_word' id='word_1_156' title='bbox 1101 2183 1282 2252; x_wconf 71' lang='lat' dir='ltr'><strong>officia,</strong></span> <span class='ocrx_word' id='word_1_157' title='bbox 1315 2184 1355 2238; x_wconf 93' lang='lat' dir='ltr'><strong>I.</strong></span> 
     </span>
    </p>
   </div>
   <div class='ocr_carea' id='block_1_47' title="bbox 677 2254 1304 2316">
    <p class='ocr_par' dir='ltr' id='par_1_47' title="bbox 677 2254 1304 2316">
     <span class='ocr_line' id='line_1_47' title="bbox 677 2254 1304 2316; baseline -0.005 -8"><span class='ocrx_word' id='word_1_158' title='bbox 677 2255 804 2308; x_wconf 86' lang='lat'><strong>211.</strong></span> <span class='ocrx_word' id='word_1_159' title='bbox 835 2255 1048 2316; x_wconf 78' lang='lat' dir='ltr'><strong>Pernix,</strong></span> <span class='ocrx_word' id='word_1_160' title='bbox 1075 2257 1240 2314; x_wconf 72' lang='lat' dir='ltr'><strong>velox,</strong></span> <span class='ocrx_word' id='word_1_161' title='bbox 1267 2254 1304 2305; x_wconf 95' lang='grc'><strong>1.</strong></span> 
     </span>
    </p>
   </div>
   <div class='ocr_carea' id='block_1_48' title="bbox 677 2322 1630 2390">
    <p class='ocr_par' dir='ltr' id='par_1_48' title="bbox 677 2322 1630 2390">
     <span class='ocr_line' id='line_1_48' title="bbox 677 2322 1630 2390; baseline -0.003 -12"><span class='ocrx_word' id='word_1_162' title='bbox 677 2325 803 2380; x_wconf 80' lang='grc'><strong>215.</strong></span> <span class='ocrx_word' id='word_1_163' title='bbox 833 2324 1158 2382; x_wconf 69' lang='grc' dir='ltr'><strong>ΡιιΙωειι-εηι,</strong></span> <span class='ocrx_word' id='word_1_164' title='bbox 1192 2323 1259 2374; x_wconf 84' lang='lat' dir='ltr'><strong>arl</strong></span> <span class='ocrx_word' id='word_1_165' title='bbox 1285 2331 1558 2390; x_wconf 79' lang='lat' dir='ltr'><strong>certamen,</strong></span> <span class='ocrx_word' id='word_1_166' title='bbox 1594 2322 1630 2375; x_wconf 89' lang='grc' dir='ltr'><strong>Ι.</strong></span> 
     </span>
    </p>
   </div>
   <div class='ocr_carea' id='block_1_49' title="bbox 677 2391 2182 2463">
    <p class='ocr_par' dir='ltr' id='par_1_49' title="bbox 677 2391 2182 2463">
     <span class='ocr_line' id='line_1_49' title="bbox 677 2391 2182 2463; baseline -0.001 -16"><span class='ocrx_word' id='word_1_167' title='bbox 677 2394 801 2448; x_wconf 72' lang='grc'><strong>214.</strong></span> <span class='ocrx_word' id='word_1_168' title='bbox 827 2394 983 2459; x_wconf 84' lang='lat' dir='ltr'><strong>Spes,</strong></span> <span class='ocrx_word' id='word_1_169' title='bbox 1006 2394 1059 2445; x_wconf 87' lang='lat' dir='ltr'><strong>in</strong></span> <span class='ocrx_word' id='word_1_170' title='bbox 1093 2391 1372 2463; x_wconf 77' lang='lat' dir='ltr'><strong>Vincentio.</strong></span> <span class='ocrx_word' id='word_1_171' title='bbox 1389 2392 1782 2458; x_wconf 83' lang='lat' dir='ltr'><strong>—-Crudelitas,</strong></span> <span class='ocrx_word' id='word_1_172' title='bbox 1807 2393 1859 2447; x_wconf 92' lang='lat' dir='ltr'><strong>in</strong></span> <span class='ocrx_word' id='word_1_173' title='bbox 1879 2401 2116 2463; x_wconf 79' lang='lat' dir='ltr'><strong>tyranno,</strong></span> <span class='ocrx_word' id='word_1_174' title='bbox 2139 2391 2182 2446; x_wconf 88' lang='lat' dir='ltr'><strong>I.</strong></span> 
     </span>
    </p>
   </div>
   <div class='ocr_carea' id='block_1_50' title="bbox 676 2462 1452 2532">
    <p class='ocr_par' dir='ltr' id='par_1_50' title="bbox 676 2462 1452 2532">
     <span class='ocr_line' id='line_1_50' title="bbox 676 2462 1452 2532; baseline -0.003 -16"><span class='ocrx_word' id='word_1_175' title='bbox 676 2463 800 2519; x_wconf 84' lang='lat'><strong>215.</strong></span> <span class='ocrx_word' id='word_1_176' title='bbox 830 2465 1060 2532; x_wconf 81' lang='lat' dir='ltr'><strong>Anceps,</strong></span> <span class='ocrx_word' id='word_1_177' title='bbox 1092 2462 1304 2528; x_wconf 70' lang='lat' dir='ltr'><strong>duplex.</strong></span> <span class='ocrx_word' id='word_1_178' title='bbox 1341 2463 1378 2514; x_wconf 94' lang='grc'><strong>1.</strong></span> <span class='ocrx_word' id='word_1_179' title='bbox 1449 2507 1452 2514; x_wconf 93' lang='grc'><strong>.</strong></span> 
     </span>
    </p>
   </div>
   <div class='ocr_carea' id='block_1_51' title="bbox 678 2531 1724 2597">
    <p class='ocr_par' dir='ltr' id='par_1_51' title="bbox 678 2531 1724 2597">
     <span class='ocr_line' id='line_1_51' title="bbox 678 2531 1724 2597; baseline 0.001 -12"><span class='ocrx_word' id='word_1_180' title='bbox 678 2535 803 2586; x_wconf 88' lang='grc'><strong>217.</strong></span> <span class='ocrx_word' id='word_1_181' title='bbox 839 2533 1072 2597; x_wconf 70' lang='lat' dir='ltr'><strong>Serrata,</strong></span> <span class='ocrx_word' id='word_1_182' title='bbox 1103 2547 1243 2583; x_wconf 89' lang='lat' dir='ltr'><strong>serra</strong></span> <span class='ocrx_word' id='word_1_183' title='bbox 1271 2540 1478 2585; x_wconf 84' lang='lat' dir='ltr'><strong>vocatur</strong></span> <span class='ocrx_word' id='word_1_184' title='bbox 1507 2531 1650 2597; x_wconf 82' lang='lat' dir='ltr'><strong>l&#39;ma,</strong></span> <span class='ocrx_word' id='word_1_185' title='bbox 1684 2531 1724 2586; x_wconf 94' lang='grc'><strong>1.</strong></span> 
     </span>
    </p>
   </div>
   <div class='ocr_carea' id='block_1_52' title="bbox 677 2600 1199 2669">
    <p class='ocr_par' dir='ltr' id='par_1_52' title="bbox 677 2600 1199 2669">
     <span class='ocr_line' id='line_1_52' title="bbox 677 2600 1199 2669; baseline -0.008 -14"><span class='ocrx_word' id='word_1_186' title='bbox 677 2602 803 2655; x_wconf 78' lang='grc'><strong>222.</strong></span> <span class='ocrx_word' id='word_1_187' title='bbox 830 2605 957 2663; x_wconf 83' lang='lat' dir='ltr'><strong>Ore,</strong></span> <span class='ocrx_word' id='word_1_188' title='bbox 987 2602 1136 2669; x_wconf 63' lang='lat' dir='ltr'><strong>facie,</strong></span> <span class='ocrx_word' id='word_1_189' title='bbox 1163 2600 1199 2652; x_wconf 92' lang='grc'><strong>1.</strong></span> 
     </span>
    </p>
   </div>
   <div class='ocr_carea' id='block_1_53' title="bbox 679 2669 1639 2733">
    <p class='ocr_par' dir='ltr' id='par_1_53' title="bbox 679 2669 1639 2733">
     <span class='ocr_line' id='line_1_53' title="bbox 679 2669 1639 2733; baseline -0.001 -10"><span class='ocrx_word' id='word_1_190' title='bbox 679 2671 804 2726; x_wconf 88' lang='grc'><strong>226.</strong></span> <span class='ocrx_word' id='word_1_191' title='bbox 836 2671 1130 2733; x_wconf 85' lang='lat' dir='ltr'><strong>Excussus,</strong></span> <span class='ocrx_word' id='word_1_192' title='bbox 1159 2669 1488 2732; x_wconf 73' lang='lat' dir='ltr'><strong>excttssio,|.,</strong></span> <span class='ocrx_word' id='word_1_193' title='bbox 1521 2669 1639 2723; x_wconf 79' lang='lat' dir='ltr'><strong>Rat.</strong></span> 
     </span>
    </p>
   </div>
   <div class='ocr_carea' id='block_1_54' title="bbox 676 2739 1520 2812">
    <p class='ocr_par' dir='ltr' id='par_1_54' title="bbox 676 2739 1520 2812">
     <span class='ocr_line' id='line_1_54' title="bbox 676 2739 1520 2812; baseline 0.002 -18"><span class='ocrx_word' id='word_1_194' title='bbox 676 2741 804 2797; x_wconf 89' lang='lat'><strong>227.</strong></span> <span class='ocrx_word' id='word_1_195' title='bbox 832 2739 1067 2806; x_wconf 82' lang='lat' dir='ltr'><strong>Punctis,</strong></span> <span class='ocrx_word' id='word_1_196' title='bbox 1095 2742 1268 2812; x_wconf 79' lang='lat' dir='ltr'><strong>guttis,</strong></span> <span class='ocrx_word' id='word_1_197' title='bbox 1304 2739 1421 2793; x_wconf 85' lang='lat' dir='ltr'><strong>Vat.</strong></span> <span class='ocrx_word' id='word_1_198' title='bbox 1456 2746 1520 2796; x_wconf 86' lang='lat' dir='ltr'><strong>A.</strong></span> 
     </span>
    </p>
   </div>
   <div class='ocr_carea' id='block_1_55' title="bbox 1948 2829 2509 2888">
    <p class='ocr_par' dir='ltr' id='par_1_55' title="bbox 1948 2829 2509 2888">
     <span class='ocr_line' id='line_1_55' title="bbox 1948 2829 2509 2888; baseline -0.005 -1"><span class='ocrx_word' id='word_1_199' title='bbox 1948 2829 2509 2888; x_wconf 74' lang='lat' dir='ltr'><strong>COMMENTARIUS.</strong></span> 
     </span>
    </p>
   </div>
   <div class='ocr_carea' id='block_1_56' title="bbox 621 2944 2188 3015">
    <p class='ocr_par' dir='ltr' id='par_1_56' title="bbox 621 2944 2188 3015">
     <span class='ocr_line' id='line_1_56' title="bbox 621 2944 2188 3015; baseline -0.003 -13"><span class='ocrx_word' id='word_1_200' title='bbox 621 2952 853 3011; x_wconf 61' lang='lat' dir='ltr'><strong>fert-rum,</strong></span> <span class='ocrx_word' id='word_1_201' title='bbox 884 2947 1063 3000; x_wconf 79' lang='lat' dir='ltr'><strong>deinde</strong></span> <span class='ocrx_word' id='word_1_202' title='bbox 1101 2944 1417 3007; x_wconf 70' lang='lat' dir='ltr'><strong>craiiculant,</strong></span> <span class='ocrx_word' id='word_1_203' title='bbox 1442 2953 1487 2999; x_wconf 88' lang='lat' dir='ltr'><strong>et</strong></span> <span class='ocrx_word' id='word_1_204' title='bbox 1520 2944 1686 3015; x_wconf 88' lang='lat' dir='ltr'><strong>ignem</strong></span> <span class='ocrx_word' id='word_1_205' title='bbox 1716 2945 2058 3013; x_wconf 84' lang='lat' dir='ltr'><strong>suppositum,</strong></span> <span class='ocrx_word' id='word_1_206' title='bbox 2092 2961 2188 3012; x_wconf 86' lang='lat' dir='ltr'><strong>po-</strong></span> 
     </span>
    </p>
   </div>
   <div class='ocr_carea' id='block_1_57' title="bbox 621 3015 2188 3085">
    <p class='ocr_par' dir='ltr' id='par_1_57' title="bbox 621 3015 2188 3085">
     <span class='ocr_line' id='line_1_57' title="bbox 621 3015 2188 3085; baseline -0.003 -13"><span class='ocrx_word' id='word_1_207' title='bbox 621 3029 718 3072; x_wconf 78' lang='lat' dir='ltr'><strong>stea</strong></span> <span class='ocrx_word' id='word_1_208' title='bbox 739 3017 1044 3085; x_wconf 82' lang='lat' dir='ltr'><strong>sartaginem</strong></span> <span class='ocrx_word' id='word_1_209' title='bbox 1067 3032 1178 3085; x_wconf 86' lang='lat' dir='ltr'><strong>cum</strong></span> <span class='ocrx_word' id='word_1_210' title='bbox 1198 3016 1324 3085; x_wconf 72' lang='lat' dir='ltr'><strong>pice,</strong></span> <span class='ocrx_word' id='word_1_211' title='bbox 1340 3025 1385 3085; x_wconf 83' lang='lat' dir='ltr'><strong>et</strong></span> <span class='ocrx_word' id='word_1_212' title='bbox 1402 3017 1550 3080; x_wconf 83' lang='lat' dir='ltr'><strong>adipe</strong></span> <span class='ocrx_word' id='word_1_213' title='bbox 1573 3016 1862 3084; x_wconf 84' lang='lat' dir='ltr'><strong>ferventem.</strong></span> <span class='ocrx_word' id='word_1_214' title='bbox 1885 3015 2012 3069; x_wconf 91' lang='lat' dir='ltr'><strong>Vide</strong></span> <span class='ocrx_word' id='word_1_215' title='bbox 2031 3018 2188 3070; x_wconf 85' lang='lat' dir='ltr'><strong>etiam</strong></span> 
     </span>
    </p>
   </div>
   <div class='ocr_carea' id='block_1_58' title="bbox 620 3084 1607 3158">
    <p class='ocr_par' dir='ltr' id='par_1_58' title="bbox 620 3084 1607 3158">
     <span class='ocr_line' id='line_1_58' title="bbox 620 3084 1607 3158; baseline -0.004 -16"><span class='ocrx_word' id='word_1_216' title='bbox 620 3084 1027 3158; x_wconf 25' lang='lat' dir='ltr'><strong>Martyrtliont:</strong></span> <span class='ocrx_word' id='word_1_217' title='bbox 1045 3084 1273 3158; x_wconf 59' lang='lat' dir='ltr'><strong>diem</strong></span> <span class='ocrx_word' id='word_1_218' title='bbox 1298 3084 1363 3158; x_wconf 86' lang='lat'><strong>18_</strong></span> <span class='ocrx_word' id='word_1_219' title='bbox 1390 3085 1607 3158; x_wconf 71' lang='lat' dir='ltr'><strong>Aprilis.</strong></span> 
     </span>
    </p>
   </div>
   <div class='ocr_carea' id='block_1_59' title="bbox 684 3154 1566 3224">
    <p class='ocr_par' dir='ltr' id='par_1_59' title="bbox 684 3154 1566 3224">
     <span class='ocr_line' id='line_1_59' title="bbox 684 3154 1566 3224; baseline -0.002 -14"><span class='ocrx_word' id='word_1_220' title='bbox 684 3154 806 3212; x_wconf 77' lang='lat'><strong>209.</strong></span> <span class='ocrx_word' id='word_1_221' title='bbox 845 3155 958 3208; x_wconf 86' lang='lat' dir='ltr'><strong>Vat.</strong></span> <span class='ocrx_word' id='word_1_222' title='bbox 990 3154 1056 3224; x_wconf 72' lang='grc' dir='ltr'><strong>β,</strong></span> <span class='ocrx_word' id='word_1_223' title='bbox 1079 3154 1158 3205; x_wconf 90' lang='lat' dir='ltr'><strong>illi</strong></span> <span class='ocrx_word' id='word_1_224' title='bbox 1183 3169 1200 3207; x_wconf 93' lang='lat'><strong><em>:</em></strong></span> <span class='ocrx_word' id='word_1_225' title='bbox 1223 3154 1432 3224; x_wconf 73' lang='lat' dir='ltr'><strong>corrige</strong></span> <span class='ocrx_word' id='word_1_226' title='bbox 1460 3154 1566 3208; x_wconf 88' lang='lat' dir='ltr'><strong>ille.</strong></span> 
     </span>
    </p>
   </div>
   <div class='ocr_carea' id='block_1_60' title="bbox 683 3217 2187 3292">
    <p class='ocr_par' dir='ltr' id='par_1_60' title="bbox 683 3217 2187 3292">
     <span class='ocr_line' id='line_1_60' title="bbox 683 3217 2187 3292; baseline -0.001 -14"><span class='ocrx_word' id='word_1_227' title='bbox 683 3226 809 3280; x_wconf 90' lang='grc'><strong>211.</strong></span> <span class='ocrx_word' id='word_1_228' title='bbox 841 3225 896 3279; x_wconf 92' lang='lat' dir='ltr'><strong>ln</strong></span> <span class='ocrx_word' id='word_1_229' title='bbox 941 3217 1177 3278; x_wconf 85' lang='lat' dir='ltr'><strong>editione</strong></span> <span class='ocrx_word' id='word_1_230' title='bbox 1220 3217 1396 3277; x_wconf 80' lang='lat' dir='ltr'><strong>Teolii</strong></span> <span class='ocrx_word' id='word_1_231' title='bbox 1437 3232 1670 3277; x_wconf 88' lang='lat' dir='ltr'><strong>erratum</strong></span> <span class='ocrx_word' id='word_1_232' title='bbox 1717 3231 1800 3276; x_wconf 91' lang='lat' dir='ltr'><strong>est</strong></span> <span class='ocrx_word' id='word_1_233' title='bbox 1845 3238 2040 3291; x_wconf 76' lang='lat' dir='ltr'><strong>pernox</strong></span> <span class='ocrx_word' id='word_1_234' title='bbox 2091 3236 2187 3292; x_wconf 85' lang='lat' dir='ltr'><strong>pro</strong></span> 
     </span>
    </p>
   </div>
   <div class='ocr_carea' id='block_1_61' title="bbox 620 3311 817 3361">
    <p class='ocr_par' dir='ltr' id='par_1_61' title="bbox 620 3311 817 3361">
     <span class='ocr_line' id='line_1_61' title="bbox 620 3311 817 3361; baseline 0.005 -13"><span class='ocrx_word' id='word_1_235' title='bbox 620 3311 817 3361; x_wconf 74' lang='lat' dir='ltr'><strong>pernix.</strong></span> 
     </span>
    </p>
   </div>
   <div class='ocr_carea' id='block_1_62' title="bbox 683 3361 1833 3430">
    <p class='ocr_par' dir='ltr' id='par_1_62' title="bbox 683 3361 1833 3430">
     <span class='ocr_line' id='line_1_62' title="bbox 683 3361 1833 3430; baseline -0.003 -12"><span class='ocrx_word' id='word_1_236' title='bbox 683 3365 810 3418; x_wconf 87' lang='lat'><strong>212.</strong></span> <span class='ocrx_word' id='word_1_237' title='bbox 844 3363 1022 3427; x_wconf 84' lang='lat' dir='ltr'><strong>Alex.,</strong></span> <span class='ocrx_word' id='word_1_238' title='bbox 1050 3361 1274 3424; x_wconf 83' lang='lat' dir='ltr'><strong>Widm.,</strong></span> <span class='ocrx_word' id='word_1_239' title='bbox 1303 3377 1446 3430; x_wconf 76' lang='lat' dir='ltr'><strong>paene</strong></span> <span class='ocrx_word' id='word_1_240' title='bbox 1471 3377 1488 3413; x_wconf 90' lang='lat'><strong><em>:</em></strong></span> <span class='ocrx_word' id='word_1_241' title='bbox 1517 3361 1632 3430; x_wconf 87' lang='lat' dir='ltr'><strong>lege</strong></span> <span class='ocrx_word' id='word_1_242' title='bbox 1654 3376 1833 3430; x_wconf 71' lang='lat' dir='ltr'><strong>preme.</strong></span> 
     </span>
    </p>
   </div>
   <div class='ocr_carea' id='block_1_63' title="bbox 685 3429 2192 3504">
    <p class='ocr_par' dir='ltr' id='par_1_63' title="bbox 685 3429 2192 3504">
     <span class='ocr_line' id='line_1_63' title="bbox 685 3429 2192 3504; baseline -0.004 -16"><span class='ocrx_word' id='word_1_243' title='bbox 685 3435 812 3488; x_wconf 65' lang='grc'><strong>211.</strong></span> <span class='ocrx_word' id='word_1_244' title='bbox 859 3434 913 3487; x_wconf 91' lang='lat' dir='ltr'><strong>In</strong></span> <span class='ocrx_word' id='word_1_245' title='bbox 955 3437 1133 3504; x_wconf 84' lang='lat' dir='ltr'><strong>glossa</strong></span> <span class='ocrx_word' id='word_1_246' title='bbox 1171 3429 1422 3485; x_wconf 85' lang='lat' dir='ltr'><strong>mendum</strong></span> <span class='ocrx_word' id='word_1_247' title='bbox 1463 3429 1667 3484; x_wconf 83' lang='lat' dir='ltr'><strong>eratin</strong></span> <span class='ocrx_word' id='word_1_248' title='bbox 1705 3429 1976 3482; x_wconf 87' lang='lat' dir='ltr'><strong>Laurentio</strong></span> <span class='ocrx_word' id='word_1_249' title='bbox 2016 3444 2110 3499; x_wconf 79' lang='lat' dir='ltr'><strong>pro</strong></span> <span class='ocrx_word' id='word_1_250' title='bbox 2144 3429 2192 3482; x_wconf 54' lang='lat' dir='ltr'><strong>in</strong></span> 
     </span>
    </p>
   </div>
   <div class='ocr_carea' id='block_1_64' title="bbox 623 3499 1543 3558">
    <p class='ocr_par' dir='ltr' id='par_1_64' title="bbox 623 3499 1543 3558">
     <span class='ocr_line' id='line_1_64' title="bbox 623 3499 1543 3558; baseline 0.003 -3"><span class='ocrx_word' id='word_1_251' title='bbox 623 3499 908 3558; x_wconf 72' lang='lat' dir='ltr'><strong>Vincentio.</strong></span> <span class='ocrx_word' id='word_1_252' title='bbox 958 3499 981 3504; x_wconf 60' lang='grc'>⁷</span> <span class='ocrx_word' id='word_1_253' title='bbox 1531 3509 1543 3526; x_wconf 90' lang='lat'><strong>‘</strong></span> 
     </span>
    </p>
   </div>
   <div class='ocr_carea' id='block_1_65' title="bbox 685 3569 1680 3640">
    <p class='ocr_par' dir='ltr' id='par_1_65' title="bbox 685 3569 1680 3640">
     <span class='ocr_line' id='line_1_65' title="bbox 685 3569 1680 3640; baseline -0.005 -13"><span class='ocrx_word' id='word_1_254' title='bbox 685 3573 811 3626; x_wconf 89' lang='lat'><strong>216.</strong></span> <span class='ocrx_word' id='word_1_255' title='bbox 841 3571 988 3634; x_wconf 89' lang='lat' dir='ltr'><strong>Ald.,</strong></span> <span class='ocrx_word' id='word_1_256' title='bbox 1017 3570 1100 3625; x_wconf 83' lang='lat' dir='ltr'><strong>Itic</strong></span> <span class='ocrx_word' id='word_1_257' title='bbox 1130 3578 1321 3640; x_wconf 79' lang='lat' dir='ltr'><strong>martyr</strong></span> <span class='ocrx_word' id='word_1_258' title='bbox 1346 3585 1362 3621; x_wconf 90' lang='lat'><strong><em>:</em></strong></span> <span class='ocrx_word' id='word_1_259' title='bbox 1391 3569 1507 3635; x_wconf 77' lang='lat' dir='ltr'><strong>lege</strong></span> <span class='ocrx_word' id='word_1_260' title='bbox 1541 3569 1680 3622; x_wconf 79' lang='lat' dir='ltr'><strong>hinc.</strong></span> 
     </span>
    </p>
   </div>
   <div class='ocr_carea' id='block_1_66' title="bbox 688 3637 2192 3706">
    <p class='ocr_par' dir='ltr' id='par_1_66' title="bbox 688 3637 2192 3706">
     <span class='ocr_line' id='line_1_66' title="bbox 688 3637 2192 3706; baseline -0.003 -9"><span class='ocrx_word' id='word_1_261' title='bbox 688 3644 814 3697; x_wconf 88' lang='grc'><strong>217.</strong></span> <span class='ocrx_word' id='word_1_262' title='bbox 843 3642 1089 3696; x_wconf 81' lang='lat' dir='ltr'><strong>Nebrissa</strong></span> <span class='ocrx_word' id='word_1_263' title='bbox 1120 3641 1191 3693; x_wconf 88' lang='lat' dir='ltr'><strong>ait</strong></span> <span class='ocrx_word' id='word_1_264' title='bbox 1218 3637 1550 3692; x_wconf 70' lang='lat' dir='ltr'><strong>commodius</strong></span> <span class='ocrx_word' id='word_1_265' title='bbox 1581 3641 1680 3692; x_wconf 50' lang='lat' dir='ltr'><strong>d‘ci</strong></span> <span class='ocrx_word' id='word_1_266' title='bbox 1722 3637 1956 3706; x_wconf 78' lang='lat' dir='ltr'><strong>potuisse</strong></span> <span class='ocrx_word' id='word_1_267' title='bbox 2001 3637 2192 3692; x_wconf 83' lang='lat' dir='ltr'><strong>lamina</strong></span> 
     </span>
    </p>
   </div>
   <div class='ocr_carea' id='block_1_67' title="bbox 623 3707 2187 3782">
    <p class='ocr_par' dir='ltr' id='par_1_67' title="bbox 623 3707 2187 3782">
     <span class='ocr_line' id='line_1_67' title="bbox 623 3707 2187 3782; baseline -0.002 -18"><span class='ocrx_word' id='word_1_268' title='bbox 623 3727 717 3780; x_wconf 84' lang='lat' dir='ltr'><strong>pro</strong></span> <span class='ocrx_word' id='word_1_269' title='bbox 755 3713 953 3782; x_wconf 86' lang='lat' dir='ltr'><strong>regula,</strong></span> <span class='ocrx_word' id='word_1_270' title='bbox 981 3720 1039 3764; x_wconf 92' lang='lat' dir='ltr'><strong>ut</strong></span> <span class='ocrx_word' id='word_1_271' title='bbox 1065 3710 1201 3777; x_wconf 87' lang='lat' dir='ltr'><strong>apud</strong></span> <span class='ocrx_word' id='word_1_272' title='bbox 1246 3709 1562 3782; x_wconf 80' lang='lat' dir='ltr'><strong>Virgiliutnt</strong></span> <span class='ocrx_word' id='word_1_273' title='bbox 1593 3708 1814 3782; x_wconf 59' lang='lat' dir='ltr'><strong>Georg,</strong></span> <span class='ocrx_word' id='word_1_274' title='bbox 1859 3721 2000 3782; x_wconf 77' lang='lat' dir='ltr'><strong>vers.</strong></span> <span class='ocrx_word' id='word_1_275' title='bbox 2045 3707 2146 3762; x_wconf 73' lang='lat'><strong>115</strong></span> <span class='ocrx_word' id='word_1_276' title='bbox 2175 3726 2187 3761; x_wconf 91' lang='lat'><strong>:</strong></span> 
     </span>
    </p>
   </div>
   <div class='ocr_carea' id='block_1_68' title="bbox 622 3777 2194 3850">
    <p class='ocr_par' dir='ltr' id='par_1_68' title="bbox 622 3777 2194 3850">
     <span class='ocr_line' id='line_1_68' title="bbox 622 3777 2194 3850; baseline -0.005 -14"><span class='ocrx_word' id='word_1_277' title='bbox 622 3777 828 3850; x_wconf 59' lang='lat' dir='ltr'><strong>Arguta}</strong></span> <span class='ocrx_word' id='word_1_278' title='bbox 850 3779 1040 3832; x_wconf 86' lang='lat' dir='ltr'><strong>lamina</strong></span> <span class='ocrx_word' id='word_1_279' title='bbox 1067 3795 1236 3850; x_wconf 77' lang='lat' dir='ltr'><strong>serrte.</strong></span> <span class='ocrx_word' id='word_1_280' title='bbox 1280 3777 1411 3850; x_wconf 80' lang='lat' dir='ltr'><strong>Acta</strong></span> <span class='ocrx_word' id='word_1_281' title='bbox 1445 3777 1637 3832; x_wconf 85' lang='lat' dir='ltr'><strong>habent</strong></span> <span class='ocrx_word' id='word_1_282' title='bbox 1667 3795 1678 3828; x_wconf 91' lang='lat'>:</span> <span class='ocrx_word' id='word_1_283' title='bbox 1709 3777 1829 3850; x_wconf 82' lang='lat' dir='ltr'><strong>Jam</strong></span> <span class='ocrx_word' id='word_1_284' title='bbox 1860 3778 1991 3850; x_wconf 81' lang='lat' dir='ltr'><strong>enim</strong></span> <span class='ocrx_word' id='word_1_285' title='bbox 2019 3785 2194 3829; x_wconf 86' lang='lat' dir='ltr'><strong>trucu-</strong></span> 
     </span>
    </p>
   </div>
   <div class='ocr_carea' id='block_1_69' title="bbox 623 3849 2194 3916">
    <p class='ocr_par' dir='ltr' id='par_1_69' title="bbox 623 3849 2194 3916">
     <span class='ocr_line' id='line_1_69' title="bbox 623 3849 2194 3916; baseline -0.003 -14"><span class='ocrx_word' id='word_1_286' title='bbox 623 3849 786 3902; x_wconf 83' lang='lat' dir='ltr'><strong>lentus</strong></span> <span class='ocrx_word' id='word_1_287' title='bbox 828 3852 1051 3901; x_wconf 66' lang='lat' dir='ltr'><strong>min’sler</strong></span> <span class='ocrx_word' id='word_1_288' title='bbox 1097 3849 1316 3916; x_wconf 73' lang='lat' dir='ltr'><strong>proferri</strong></span> <span class='ocrx_word' id='word_1_289' title='bbox 1362 3851 1543 3899; x_wconf 87' lang='lat' dir='ltr'><strong>lectum</strong></span> <span class='ocrx_word' id='word_1_290' title='bbox 1589 3863 1703 3899; x_wconf 90' lang='lat' dir='ltr'><strong>cum</strong></span> <span class='ocrx_word' id='word_1_291' title='bbox 1745 3849 1920 3910; x_wconf 85' lang='lat' dir='ltr'><strong>ferreis</strong></span> <span class='ocrx_word' id='word_1_292' title='bbox 1965 3849 2194 3914; x_wconf 85' lang='lat' dir='ltr'><strong>jusserat</strong></span> 
     </span>
    </p>
   </div>
   <div class='ocr_carea' id='block_1_70' title="bbox 623 3916 2194 3982">
    <p class='ocr_par' dir='ltr' id='par_1_70' title="bbox 623 3916 2194 3982">
     <span class='ocr_line' id='line_1_70' title="bbox 623 3916 2194 3982; baseline -0.003 -11"><span class='ocrx_word' id='word_1_293' title='bbox 623 3920 793 3976; x_wconf 82' lang='lat' dir='ltr'><strong>costis.</strong></span> <span class='ocrx_word' id='word_1_294' title='bbox 825 3927 871 3970; x_wconf 88' lang='lat' dir='ltr'><strong>et</strong></span> <span class='ocrx_word' id='word_1_295' title='bbox 899 3919 1072 3968; x_wconf 90' lang='lat' dir='ltr'><strong>addita</strong></span> <span class='ocrx_word' id='word_1_296' title='bbox 1100 3919 1267 3969; x_wconf 80' lang='lat' dir='ltr'><strong>subter</strong></span> <span class='ocrx_word' id='word_1_297' title='bbox 1306 3916 1579 3968; x_wconf 85' lang='lat' dir='ltr'><strong>carbonum</strong></span> <span class='ocrx_word' id='word_1_298' title='bbox 1619 3916 1848 3982; x_wconf 86' lang='lat' dir='ltr'><strong>congerie</strong></span> <span class='ocrx_word' id='word_1_299' title='bbox 1885 3917 2194 3967; x_wconf 75' lang='lat' dir='ltr'><strong>exurendum</strong></span> 
     </span>
    </p>
   </div>
   <div class='ocr_carea' id='block_1_71' title="bbox 626 3985 1640 4053">
    <p class='ocr_par' dir='ltr' id='par_1_71' title="bbox 626 3985 1640 4053">
     <span class='ocr_line' id='line_1_71' title="bbox 626 3985 1640 4053; baseline -0.004 -14"><span class='ocrx_word' id='word_1_300' title='bbox 626 3987 720 4039; x_wconf 88' lang='lat' dir='ltr'><strong>Dei</strong></span> <span class='ocrx_word' id='word_1_301' title='bbox 743 3997 1012 4053; x_wconf 83' lang='lat' dir='ltr'><strong>martyrem</strong></span> <span class='ocrx_word' id='word_1_302' title='bbox 1033 3985 1311 4053; x_wconf 82' lang='lat' dir='ltr'><strong>applicare.</strong></span> <span class='ocrx_word' id='word_1_303' title='bbox 1413 4050 1452 4053; x_wconf 92' lang='lat'><em>__</em></span> <span class='ocrx_word' id='word_1_304' title='bbox 1573 3998 1640 4053; x_wconf 37' lang='grc' dir='ltr'><em>ρ</em></span> 
     </span>
    </p>
   </div>
   <div class='ocr_carea' id='block_1_72' title="bbox 696 4050 2196 4120">
    <p class='ocr_par' dir='ltr' id='par_1_72' title="bbox 696 4050 2196 4120">
     <span class='ocr_line' id='line_1_72' title="bbox 696 4050 2196 4120; baseline 0.001 -15"><span class='ocrx_word' id='word_1_305' title='bbox 696 4054 821 4106; x_wconf 83' lang='grc'><strong>218.</strong></span> <span class='ocrx_word' id='word_1_306' title='bbox 855 4050 998 4116; x_wconf 75' lang='lat' dir='ltr'><strong>Ald.,</strong></span> <span class='ocrx_word' id='word_1_307' title='bbox 1030 4052 1222 4105; x_wconf 86' lang='lat' dir='ltr'><strong>Weitz.</strong></span> <span class='ocrx_word' id='word_1_308' title='bbox 1264 4067 1382 4104; x_wconf 92' lang='lat' dir='ltr'><strong>cum</strong></span> <span class='ocrx_word' id='word_1_309' title='bbox 1413 4050 1530 4104; x_wconf 87' lang='lat' dir='ltr'><strong>Vat.</strong></span> <span class='ocrx_word' id='word_1_310' title='bbox 1559 4050 1624 4117; x_wconf 87' lang='lat' dir='ltr'><strong>Q,</strong></span> <span class='ocrx_word' id='word_1_311' title='bbox 1674 4050 1804 4120; x_wconf 88' lang='lat' dir='ltr'><strong>Urb.</strong></span> <span class='ocrx_word' id='word_1_312' title='bbox 1848 4059 1902 4104; x_wconf 89' lang='lat' dir='ltr'><strong>et</strong></span> <span class='ocrx_word' id='word_1_313' title='bbox 1933 4051 2196 4120; x_wconf 87' lang='lat' dir='ltr'><strong>plerisque</strong></span> 
     </span>
    </p>
   </div>
   <div class='ocr_carea' id='block_1_73' title="bbox 628 4119 2197 4188">
    <p class='ocr_par' dir='ltr' id='par_1_73' title="bbox 628 4119 2197 4188">
     <span class='ocr_line' id='line_1_73' title="bbox 628 4119 2197 4188; baseline -0.002 -12"><span class='ocrx_word' id='word_1_314' title='bbox 628 4123 746 4176; x_wconf 85' lang='lat' dir='ltr'><strong>aliis</strong></span> <span class='ocrx_word' id='word_1_315' title='bbox 779 4135 934 4188; x_wconf 82' lang='lat' dir='ltr'><strong>mss.,</strong></span> <span class='ocrx_word' id='word_1_316' title='bbox 973 4121 1118 4172; x_wconf 88' lang='lat' dir='ltr'><strong>dente</strong></span> <span class='ocrx_word' id='word_1_317' title='bbox 1155 4121 1476 4188; x_wconf 76' lang='lat' dir='ltr'><strong>infrequenti,</strong></span> <span class='ocrx_word' id='word_1_318' title='bbox 1521 4120 1658 4187; x_wconf 88' lang='lat' dir='ltr'><strong>quod</strong></span> <span class='ocrx_word' id='word_1_319' title='bbox 1697 4119 1942 4188; x_wconf 65' lang='lat' dir='ltr'><strong>Nebrisszi</strong></span> <span class='ocrx_word' id='word_1_320' title='bbox 1980 4119 2197 4186; x_wconf 80' lang='lat' dir='ltr'><strong>exponit</strong></span> 
     </span>
    </p>
   </div>
   <div class='ocr_carea' id='block_1_74' title="bbox 629 4186 2197 4258">
    <p class='ocr_par' dir='ltr' id='par_1_74' title="bbox 629 4186 2197 4258">
     <span class='ocr_line' id='line_1_74' title="bbox 629 4186 2197 4258; baseline -0.001 -14"><span class='ocrx_word' id='word_1_321' title='bbox 629 4191 775 4244; x_wconf 74' lang='lat' dir='ltr'><strong>vafde</strong></span> <span class='ocrx_word' id='word_1_322' title='bbox 801 4186 1070 4258; x_wconf 79' lang='lat' dir='ltr'><strong>frequenti,</strong></span> <span class='ocrx_word' id='word_1_323' title='bbox 1096 4186 1218 4241; x_wconf 78' lang='lat' dir='ltr'><strong>naui</strong></span> <span class='ocrx_word' id='word_1_324' title='bbox 1239 4186 1454 4254; x_wconf 49' lang='lat' dir='ltr'><strong>in&#39;sa-pe</strong></span> <span class='ocrx_word' id='word_1_325' title='bbox 1479 4186 1652 4256; x_wconf 83' lang='lat' dir='ltr'><strong>auget.</strong></span> <span class='ocrx_word' id='word_1_326' title='bbox 1685 4186 1950 4258; x_wconf 80' lang='lat' dir='ltr'><strong>Giselinus</strong></span> <span class='ocrx_word' id='word_1_327' title='bbox 1975 4199 2197 4242; x_wconf 90' lang='lat' dir='ltr'><strong>testatur</strong></span> 
     </span>
    </p>
   </div>
   <div class='ocr_carea' id='block_1_75' title="bbox 631 4257 2196 4379">
    <p class='ocr_par' dir='ltr' id='par_1_75' title="bbox 631 4257 2196 4379">
     <span class='ocr_line' id='line_1_75' title="bbox 631 4257 2196 4379; baseline -0.002 -64"><span class='ocrx_word' id='word_1_328' title='bbox 631 4261 684 4315; x_wconf 90' lang='lat' dir='ltr'><strong>in</strong></span> <span class='ocrx_word' id='word_1_329' title='bbox 715 4257 986 4313; x_wconf 90' lang='lat' dir='ltr'><strong>nonnullis</strong></span> <span class='ocrx_word' id='word_1_330' title='bbox 1014 4272 1134 4312; x_wconf 87' lang='lat' dir='ltr'><strong>esse</strong></span> <span class='ocrx_word' id='word_1_331' title='bbox 1164 4258 1309 4310; x_wconf 83' lang='lat' dir='ltr'><strong>dente</strong></span> <span class='ocrx_word' id='word_1_332' title='bbox 1337 4257 1608 4379; x_wconf 72' lang='lat' dir='ltr'><strong>{requenti,</strong></span> <span class='ocrx_word' id='word_1_333' title='bbox 1641 4257 1777 4326; x_wconf 87' lang='lat' dir='ltr'><strong>quod</strong></span> <span class='ocrx_word' id='word_1_334' title='bbox 1807 4259 2032 4324; x_wconf 81' lang='lat' dir='ltr'><strong>amplexi</strong></span> <span class='ocrx_word' id='word_1_335' title='bbox 2074 4269 2196 4312; x_wconf 81' lang='lat' dir='ltr'><strong>sunt</strong></span> 
     </span>
     <span class='ocr_line' id='line_1_76' title="bbox 631 4325 2194 4379; baseline 0.001 0"><span class='ocrx_word' id='word_1_336' title='bbox 631 4328 915 4379; x_wconf 78' lang='lat' dir='ltr'><strong>Cauchius.</strong></span> <span class='ocrx_word' id='word_1_337' title='bbox 953 4326 1264 4379; x_wconf 81' lang='lat' dir='ltr'><strong>Salmasius.</strong></span> <span class='ocrx_word' id='word_1_338' title='bbox 1312 4325 1557 4378; x_wconf 85' lang='lat' dir='ltr'><strong>leinsius</strong></span> <span class='ocrx_word' id='word_1_339' title='bbox 1591 4337 1644 4378; x_wconf 92' lang='lat' dir='ltr'><strong>et</strong></span> <span class='ocrx_word' id='word_1_340' title='bbox 1685 4336 2028 4379; x_wconf 65' lang='lat' dir='ltr'><strong>receptores.</strong></span> <span class='ocrx_word' id='word_1_341' title='bbox 2069 4343 2194 4379; x_wconf 85' lang='lat' dir='ltr'><strong>nro-</strong></span> 
     </span>
    </p>
   </div>
   <div class='ocr_carea' id='block_1_76' title="bbox 629 4325 2194 4394">
    <p class='ocr_par' dir='ltr' id='par_1_76' title="bbox 629 4325 2194 4394">
     <span class='ocr_line' id='line_1_77' title="bbox 629 4325 2194 4394; baseline -0.002 -11"><span class='ocrx_word' id='word_1_342' title='bbox 629 4328 915 4389; x_wconf 87' lang='lat' dir='ltr'><strong>Cauchius,</strong></span> <span class='ocrx_word' id='word_1_343' title='bbox 953 4326 1264 4390; x_wconf 80' lang='lat' dir='ltr'><strong>Salmasius,</strong></span> <span class='ocrx_word' id='word_1_344' title='bbox 1312 4325 1557 4379; x_wconf 85' lang='lat' dir='ltr'><strong>lleinsius</strong></span> <span class='ocrx_word' id='word_1_345' title='bbox 1591 4325 2028 4392; x_wconf 32' lang='lat' dir='ltr'><strong>et’receutcres,</strong></span> <span class='ocrx_word' id='word_1_346' title='bbox 2069 4343 2194 4394; x_wconf 85' lang='lat' dir='ltr'><strong>pro-</strong></span> 
     </span>
    </p>
   </div>
   <div class='ocr_carea' id='block_1_77' title="bbox 628 4395 2192 4462">
    <p class='ocr_par' dir='ltr' id='par_1_77' title="bbox 628 4395 2192 4462">
     <span class='ocr_line' id='line_1_78' title="bbox 628 4395 2192 4462; baseline -0.002 -10"><span class='ocrx_word' id='word_1_347' title='bbox 628 4402 786 4452; x_wconf 85' lang='lat' dir='ltr'><strong>ducta</strong></span> <span class='ocrx_word' id='word_1_348' title='bbox 814 4398 994 4450; x_wconf 87' lang='lat' dir='ltr'><strong>ultima</strong></span> <span class='ocrx_word' id='word_1_349' title='bbox 1020 4396 1072 4448; x_wconf 90' lang='lat' dir='ltr'><strong>in</strong></span> <span class='ocrx_word' id='word_1_350' title='bbox 1100 4397 1248 4448; x_wconf 88' lang='lat' dir='ltr'><strong>dente</strong></span> <span class='ocrx_word' id='word_1_351' title='bbox 1277 4395 1344 4448; x_wconf 92' lang='lat' dir='ltr'><strong>ob</strong></span> <span class='ocrx_word' id='word_1_352' title='bbox 1373 4405 1568 4447; x_wconf 88' lang='lat' dir='ltr'><strong>mutam</strong></span> <span class='ocrx_word' id='word_1_353' title='bbox 1595 4405 1648 4448; x_wconf 90' lang='lat' dir='ltr'><strong>et</strong></span> <span class='ocrx_word' id='word_1_354' title='bbox 1671 4395 1920 4462; x_wconf 81' lang='lat' dir='ltr'><strong>liquidam</strong></span> <span class='ocrx_word' id='word_1_355' title='bbox 1944 4397 2192 4450; x_wconf 86' lang='lat' dir='ltr'><strong>dictionis</strong></span> 
     </span>
    </p>
   </div>
   <div class='ocr_carea' id='block_1_78' title="bbox 628 4464 2188 4535">
    <p class='ocr_par' dir='ltr' id='par_1_78' title="bbox 628 4464 2188 4535">
     <span class='ocr_line' id='line_1_79' title="bbox 628 4464 2188 4535; baseline -0.001 -14"><span class='ocrx_word' id='word_1_356' title='bbox 628 4470 918 4535; x_wconf 86' lang='lat' dir='ltr'><strong>sequentis,</strong></span> <span class='ocrx_word' id='word_1_357' title='bbox 941 4465 1079 4534; x_wconf 91' lang='lat' dir='ltr'><strong>quod</strong></span> <span class='ocrx_word' id='word_1_358' title='bbox 1107 4465 1317 4519; x_wconf 83' lang='lat' dir='ltr'><strong>delendi</strong></span> <span class='ocrx_word' id='word_1_359' title='bbox 1341 4465 1550 4532; x_wconf 89' lang='lat' dir='ltr'><strong>quidem</strong></span> <span class='ocrx_word' id='word_1_360' title='bbox 1577 4474 1767 4532; x_wconf 87' lang='lat' dir='ltr'><strong>potest.</strong></span> <span class='ocrx_word' id='word_1_361' title='bbox 1795 4464 2060 4518; x_wconf 87' lang='lat' dir='ltr'><strong>Ciselirms</strong></span> <span class='ocrx_word' id='word_1_362' title='bbox 2081 4466 2188 4519; x_wconf 85' lang='lat' dir='ltr'><strong>edi-</strong></span> 
     </span>
    </p>
   </div>
   <div class='ocr_carea' id='block_1_79' title="bbox 628 4535 2183 4604">
    <p class='ocr_par' dir='ltr' id='par_1_79' title="bbox 628 4535 2183 4604">
     <span class='ocr_line' id='line_1_80' title="bbox 628 4535 2183 4604; baseline -0.001 -15"><span class='ocrx_word' id='word_1_363' title='bbox 628 4538 707 4589; x_wconf 90' lang='lat' dir='ltr'><strong>dit</strong></span> <span class='ocrx_word' id='word_1_364' title='bbox 735 4537 892 4604; x_wconf 15' lang='lat' dir='ltr'><strong>dente,</strong></span> <span class='ocrx_word' id='word_1_365' title='bbox 923 4536 976 4586; x_wconf 87' lang='lat' dir='ltr'><strong>in</strong></span> <span class='ocrx_word' id='word_1_366' title='bbox 1007 4535 1273 4604; x_wconf 79' lang='lat' dir='ltr'><strong>frequenti,</strong></span> <span class='ocrx_word' id='word_1_367' title='bbox 1302 4535 1440 4604; x_wconf 89' lang='lat' dir='ltr'><strong>quod</strong></span> <span class='ocrx_word' id='word_1_368' title='bbox 1473 4549 1654 4604; x_wconf 77' lang='lat' dir='ltr'><strong>revera</strong></span> <span class='ocrx_word' id='word_1_369' title='bbox 1690 4537 2056 4604; x_wconf 70' lang='lat' dir='ltr'><strong>continuatum</strong></span> <span class='ocrx_word' id='word_1_370' title='bbox 2084 4548 2183 4604; x_wconf 12' lang='lat' dir='ltr'><strong>ire-</strong></span> 
     </span>
    </p>
   </div>
   <div class='ocr_carea' id='block_1_80' title="bbox 627 4602 2187 4673">
    <p class='ocr_par' dir='ltr' id='par_1_80' title="bbox 627 4602 2187 4673">
     <span class='ocr_line' id='line_1_81' title="bbox 627 4602 2187 4673; baseline -0.003 -15"><span class='ocrx_word' id='word_1_371' title='bbox 627 4607 738 4673; x_wconf 90' lang='lat' dir='ltr'><strong>peri</strong></span> <span class='ocrx_word' id='word_1_372' title='bbox 771 4604 822 4656; x_wconf 91' lang='lat' dir='ltr'><strong>in</strong></span> <span class='ocrx_word' id='word_1_373' title='bbox 858 4603 974 4656; x_wconf 88' lang='lat' dir='ltr'><strong>Vat.</strong></span> <span class='ocrx_word' id='word_1_374' title='bbox 999 4602 1056 4666; x_wconf 77' lang='lat' dir='ltr'><strong>l’,</strong></span> <span class='ocrx_word' id='word_1_375' title='bbox 1088 4602 1141 4656; x_wconf 89' lang='lat' dir='ltr'><strong>et</strong></span> <span class='ocrx_word' id='word_1_376' title='bbox 1167 4605 1294 4673; x_wconf 84' lang='lat' dir='ltr'><strong>satis</strong></span> <span class='ocrx_word' id='word_1_377' title='bbox 1323 4603 1468 4657; x_wconf 62' lang='lat' dir='ltr'><strong>clare</strong></span> <span class='ocrx_word' id='word_1_378' title='bbox 1500 4603 1548 4654; x_wconf 89' lang='lat' dir='ltr'><strong>in</strong></span> <span class='ocrx_word' id='word_1_379' title='bbox 1583 4602 1980 4673; x_wconf 75' lang='lat' dir='ltr'><strong>Alex._Errores</strong></span> <span class='ocrx_word' id='word_1_380' title='bbox 2008 4603 2187 4666; x_wconf 85' lang='lat' dir='ltr'><strong>huius-</strong></span> 
     </span>
    </p>
   </div>
   <div class='ocr_carea' id='block_1_81' title="bbox 628 4671 2187 4738">
    <p class='ocr_par' dir='ltr' id='par_1_81' title="bbox 628 4671 2187 4738">
     <span class='ocr_line' id='line_1_82' title="bbox 628 4671 2187 4738; baseline -0.003 -10"><span class='ocrx_word' id='word_1_381' title='bbox 628 4671 771 4728; x_wconf 80' lang='lat' dir='ltr'><strong>inodi</strong></span> <span class='ocrx_word' id='word_1_382' title='bbox 817 4687 880 4726; x_wconf 86' lang='lat' dir='ltr'><strong>ex</strong></span> <span class='ocrx_word' id='word_1_383' title='bbox 922 4674 1210 4726; x_wconf 84' lang='lat' dir='ltr'><strong>dictionum</strong></span> <span class='ocrx_word' id='word_1_384' title='bbox 1257 4671 1588 4726; x_wconf 86' lang='lat' dir='ltr'><strong>diversarum</strong></span> <span class='ocrx_word' id='word_1_385' title='bbox 1633 4671 2005 4737; x_wconf 84' lang='lat' dir='ltr'><strong>conjunctione</strong></span> <span class='ocrx_word' id='word_1_386' title='bbox 2044 4686 2187 4738; x_wconf 71' lang='lat' dir='ltr'><strong>smpe</strong></span> 
     </span>
    </p>
   </div>
   <div class='ocr_carea' id='block_1_82' title="bbox 626 4739 2188 4809">
    <p class='ocr_par' dir='ltr' id='par_1_82' title="bbox 626 4739 2188 4809">
     <span class='ocr_line' id='line_1_83' title="bbox 626 4739 2188 4809; baseline -0.002 -12"><span class='ocrx_word' id='word_1_387' title='bbox 626 4742 682 4798; x_wconf 86' lang='lat' dir='ltr'><strong>in</strong></span> <span class='ocrx_word' id='word_1_388' title='bbox 711 4740 998 4795; x_wconf 88' lang='lat' dir='ltr'><strong>Prudentio</strong></span> <span class='ocrx_word' id='word_1_389' title='bbox 1027 4752 1343 4808; x_wconf 90' lang='lat' dir='ltr'><strong>occurrunt,</strong></span> <span class='ocrx_word' id='word_1_390' title='bbox 1388 4750 1445 4793; x_wconf 92' lang='lat' dir='ltr'><strong>ut</strong></span> <span class='ocrx_word' id='word_1_391' title='bbox 1472 4739 1601 4793; x_wconf 77' lang='lat' dir='ltr'><strong>intra</strong></span> <span class='ocrx_word' id='word_1_392' title='bbox 1631 4754 1771 4794; x_wconf 89' lang='lat' dir='ltr'><strong>vers.</strong></span> <span class='ocrx_word' id='word_1_393' title='bbox 1799 4741 1919 4804; x_wconf 77' lang='lat'><strong>557,</strong></span> <span class='ocrx_word' id='word_1_394' title='bbox 1951 4742 2188 4809; x_wconf 83' lang='lat' dir='ltr'><strong>plerique</strong></span> 
     </span>
    </p>
   </div>
   <div class='ocr_carea' id='block_1_83' title="bbox 627 4810 1645 4878">
    <p class='ocr_par' dir='ltr' id='par_1_83' title="bbox 627 4810 1645 4878">
     <span class='ocr_line' id='line_1_84' title="bbox 627 4810 1645 4878; baseline -0.009 -12"><span class='ocrx_word' id='word_1_395' title='bbox 627 4812 876 4878; x_wconf 82' lang='lat' dir='ltr'><strong>legebant</strong></span> <span class='ocrx_word' id='word_1_396' title='bbox 897 4811 1002 4862; x_wconf 82' lang='lat' dir='ltr'><strong>obis</strong></span> <span class='ocrx_word' id='word_1_397' title='bbox 1034 4825 1126 4877; x_wconf 90' lang='lat' dir='ltr'><strong>pro</strong></span> <span class='ocrx_word' id='word_1_398' title='bbox 1153 4827 1182 4862; x_wconf 88' lang='grc' dir='ltr'><strong><em>ο</em></strong></span> <span class='ocrx_word' id='word_1_399' title='bbox 1205 4810 1300 4864; x_wconf 87' lang='lat' dir='ltr'><strong>bis.</strong></span> <span class='ocrx_word' id='word_1_400' title='bbox 1393 4829 1400 4878; x_wconf 70' lang='grc' dir='ltr'><em>ί</em></span> <span class='ocrx_word' id='word_1_401' title='bbox 1483 4877 1488 4878; x_wconf 14' lang='grc' dir='ltr'><em>γ</em></span> <span class='ocrx_word' id='word_1_402' title='bbox 1617 4838 1645 4878; x_wconf 71' lang='lat'><strong>_-</strong></span> 
     </span>
    </p>
   </div>
   <div class='ocr_carea' id='block_1_84' title="bbox 701 4876 2186 4944">
    <p class='ocr_par' dir='ltr' id='par_1_84' title="bbox 701 4876 2186 4944">
     <span class='ocr_line' id='line_1_85' title="bbox 701 4876 2186 4944; baseline -0.001 -12"><span class='ocrx_word' id='word_1_403' title='bbox 701 4879 826 4933; x_wconf 72' lang='grc'><strong>221.</strong></span> <span class='ocrx_word' id='word_1_404' title='bbox 858 4879 1016 4933; x_wconf 82' lang='lat' dir='ltr'><strong>Putat</strong></span> <span class='ocrx_word' id='word_1_405' title='bbox 1041 4876 1325 4932; x_wconf 82' lang='lat' dir='ltr'><strong>Peveratus</strong></span> <span class='ocrx_word' id='word_1_406' title='bbox 1355 4877 1589 4931; x_wconf 87' lang='lat' dir='ltr'><strong>alludere</strong></span> <span class='ocrx_word' id='word_1_407' title='bbox 1617 4876 1958 4930; x_wconf 89' lang='lat' dir='ltr'><strong>Prudentium</strong></span> <span class='ocrx_word' id='word_1_408' title='bbox 1985 4877 2049 4930; x_wconf 88' lang='lat' dir='ltr'><strong>ad</strong></span> <span class='ocrx_word' id='word_1_409' title='bbox 2083 4878 2186 4944; x_wconf 86' lang='lat' dir='ltr'><strong>pri-</strong></span> 
     </span>
    </p>
   </div>
   <div class='ocr_carea' id='block_1_85' title="bbox 630 4947 2185 5015">
    <p class='ocr_par' dir='ltr' id='par_1_85' title="bbox 630 4947 2185 5015">
     <span class='ocr_line' id='line_1_86' title="bbox 630 4947 2185 5015; baseline -0.002 -14"><span class='ocrx_word' id='word_1_410' title='bbox 630 4963 780 5001; x_wconf 88' lang='lat' dir='ltr'><strong>scum</strong></span> <span class='ocrx_word' id='word_1_411' title='bbox 812 4962 1017 5004; x_wconf 91' lang='lat' dir='ltr'><strong>morem</strong></span> <span class='ocrx_word' id='word_1_412' title='bbox 1047 4963 1152 5015; x_wconf 92' lang='lat' dir='ltr'><strong>quo</strong></span> <span class='ocrx_word' id='word_1_413' title='bbox 1194 4949 1422 5000; x_wconf 81' lang='lat' dir='ltr'><strong>victores</strong></span> <span class='ocrx_word' id='word_1_414' title='bbox 1452 4961 1677 4999; x_wconf 86' lang='lat' dir='ltr'><strong>coronas</strong></span> <span class='ocrx_word' id='word_1_415' title='bbox 1703 4947 2185 5015; x_wconf 64' lang='lat' dir='ltr'><strong>ipsiasmimerent,</strong></span> 
     </span>
    </p>
   </div>
   <div class='ocr_carea' id='block_1_86' title="bbox 632 5014 2188 5084">
    <p class='ocr_par' dir='ltr' id='par_1_86' title="bbox 632 5014 2188 5084">
     <span class='ocr_line' id='line_1_87' title="bbox 632 5014 2188 5084; baseline 0.001 -16"><span class='ocrx_word' id='word_1_416' title='bbox 632 5016 728 5068; x_wconf 84' lang='lat' dir='ltr'><strong>sed</strong></span> <span class='ocrx_word' id='word_1_417' title='bbox 750 5032 853 5070; x_wconf 92' lang='lat' dir='ltr'><strong>non</strong></span> <span class='ocrx_word' id='word_1_418' title='bbox 880 5019 1033 5070; x_wconf 88' lang='lat' dir='ltr'><strong>aliter</strong></span> <span class='ocrx_word' id='word_1_419' title='bbox 1061 5014 1217 5084; x_wconf 86' lang='lat' dir='ltr'><strong>quam</strong></span> <span class='ocrx_word' id='word_1_420' title='bbox 1246 5016 1559 5084; x_wconf 65' lang='lat' dir='ltr'><strong>interposito</strong></span> <span class='ocrx_word' id='word_1_421' title='bbox 1577 5014 2188 5081; x_wconf 65' lang='lat' dir='ltr'><strong>priusllr-ll.utiodic:irum</strong></span> 
     </span>
    </p>
   </div>
   <div class='ocr_carea' id='block_1_87' title="bbox 632 5083 2189 5152">
    <p class='ocr_par' dir='ltr' id='par_1_87' title="bbox 632 5083 2189 5152">
     <span class='ocr_line' id='line_1_88' title="bbox 632 5083 2189 5152; baseline 0.001 -16"><span class='ocrx_word' id='word_1_422' title='bbox 632 5085 855 5152; x_wconf 55' lang='lat' dir='ltr'><strong>iudicio,</strong></span> <span class='ocrx_word' id='word_1_423' title='bbox 893 5087 958 5138; x_wconf 88' lang='lat' dir='ltr'><strong>ad</strong></span> <span class='ocrx_word' id='word_1_424' title='bbox 1000 5083 1224 5152; x_wconf 69' lang='lat' dir='ltr'><strong>quarum</strong></span> <span class='ocrx_word' id='word_1_425' title='bbox 1268 5083 1497 5152; x_wconf 82' lang='lat' dir='ltr'><strong>tribunal</strong></span> <span class='ocrx_word' id='word_1_426' title='bbox 1533 5085 1744 5136; x_wconf 70' lang='lat' dir='ltr'><strong>athletae</strong></span> <span class='ocrx_word' id='word_1_427' title='bbox 1775 5092 1894 5151; x_wconf 90' lang='lat' dir='ltr'><strong>post</strong></span> <span class='ocrx_word' id='word_1_428' title='bbox 1922 5094 2189 5150; x_wconf 90' lang='lat' dir='ltr'><strong>peractum</strong></span> 
     </span>
    </p>
   </div>
   <div class='ocr_carea' id='block_1_88' title="bbox 633 5151 2188 5218">
    <p class='ocr_par' dir='ltr' id='par_1_88' title="bbox 633 5151 2188 5218">
     <span class='ocr_line' id='line_1_89' title="bbox 633 5151 2188 5218; baseline 0 -14"><span class='ocrx_word' id='word_1_429' title='bbox 633 5151 904 5206; x_wconf 78' lang='lat' dir='ltr'><strong>certamen</strong></span> <span class='ocrx_word' id='word_1_430' title='bbox 931 5151 1272 5207; x_wconf 82' lang='lat' dir='ltr'><strong>accedebant.</strong></span> <span class='ocrx_word' id='word_1_431' title='bbox 1309 5151 1634 5215; x_wconf 77' lang='lat' dir='ltr'><strong>Pascltalius,</strong></span> <span class='ocrx_word' id='word_1_432' title='bbox 1663 5152 1755 5204; x_wconf 77' lang='lat' dir='ltr'><strong>lLb.</strong></span> <span class='ocrx_word' id='word_1_433' title='bbox 1797 5167 1845 5204; x_wconf 85' lang='lat' dir='ltr'><strong>vt</strong></span> <span class='ocrx_word' id='word_1_434' title='bbox 1877 5152 1943 5205; x_wconf 90' lang='lat' dir='ltr'><strong>de</strong></span> <span class='ocrx_word' id='word_1_435' title='bbox 1969 5152 2188 5218; x_wconf 91' lang='lat' dir='ltr'><strong>Coron.,</strong></span> 
     </span>
    </p>
   </div>
   <div class='ocr_carea' id='block_1_89' title="bbox 635 5219 2189 5288">
    <p class='ocr_par' dir='ltr' id='par_1_89' title="bbox 635 5219 2189 5288">
     <span class='ocr_line' id='line_1_90' title="bbox 635 5219 2189 5288; baseline -0.001 -15"><span class='ocrx_word' id='word_1_436' title='bbox 635 5233 753 5286; x_wconf 88' lang='lat' dir='ltr'><strong>cap.</strong></span> <span class='ocrx_word' id='word_1_437' title='bbox 775 5219 865 5280; x_wconf 67' lang='grc'><strong>22,</strong></span> <span class='ocrx_word' id='word_1_438' title='bbox 898 5224 1129 5274; x_wconf 66' lang='lat' dir='ltr'><strong>ostendit</strong></span> <span class='ocrx_word' id='word_1_439' title='bbox 1157 5235 1407 5275; x_wconf 73' lang='lat' dir='ltr'><strong>coronam</strong></span> <span class='ocrx_word' id='word_1_440' title='bbox 1438 5220 1568 5286; x_wconf 89' lang='lat' dir='ltr'><strong>ipsis</strong></span> <span class='ocrx_word' id='word_1_441' title='bbox 1591 5221 1828 5288; x_wconf 87' lang='lat' dir='ltr'><strong>judicum</strong></span> <span class='ocrx_word' id='word_1_442' title='bbox 1852 5222 2093 5274; x_wconf 80' lang='lat' dir='ltr'><strong>manibus</strong></span> <span class='ocrx_word' id='word_1_443' title='bbox 2126 5221 2189 5274; x_wconf 72' lang='lat' dir='ltr'><strong>i3-</strong></span> 
     </span>
    </p>
   </div>
   <div class='ocr_carea' id='block_1_90' title="bbox 637 5289 2190 5359">
    <p class='ocr_par' dir='ltr' id='par_1_90' title="bbox 637 5289 2190 5359">
     <span class='ocr_line' id='line_1_91' title="bbox 637 5289 2190 5359; baseline 0.001 -17"><span class='ocrx_word' id='word_1_444' title='bbox 637 5289 740 5342; x_wconf 87' lang='lat' dir='ltr'><strong>lius</strong></span> <span class='ocrx_word' id='word_1_445' title='bbox 763 5291 919 5356; x_wconf 87' lang='lat' dir='ltr'><strong>capiti</strong></span> <span class='ocrx_word' id='word_1_446' title='bbox 950 5290 1147 5359; x_wconf 90' lang='lat' dir='ltr'><strong>imponi</strong></span> <span class='ocrx_word' id='word_1_447' title='bbox 1173 5294 1535 5355; x_wconf 87' lang='lat' dir='ltr'><strong>consuevisse,</strong></span> <span class='ocrx_word' id='word_1_448' title='bbox 1563 5304 1718 5357; x_wconf 88' lang='lat' dir='ltr'><strong>quem</strong></span> <span class='ocrx_word' id='word_1_449' title='bbox 1743 5304 1916 5357; x_wconf 70' lang='lat' dir='ltr'><strong>praeco</strong></span> <span class='ocrx_word' id='word_1_450' title='bbox 1938 5291 2190 5344; x_wconf 85' lang='lat' dir='ltr'><strong>victorem</strong></span> 
     </span>
    </p>
   </div>
   <div class='ocr_carea' id='block_1_91' title="bbox 637 5360 1010 5410">
    <p class='ocr_par' dir='ltr' id='par_1_91' title="bbox 637 5360 1010 5410">
     <span class='ocr_line' id='line_1_92' title="bbox 637 5360 1010 5410; baseline 0 0"><span class='ocrx_word' id='word_1_451' title='bbox 637 5360 1010 5410; x_wconf 67' lang='lat' dir='ltr'><strong>renuntiasset.</strong></span> 
     </span>
    </p>
   </div>
   <div class='ocr_carea' id='block_1_92' title="bbox 708 5424 2188 5495">
    <p class='ocr_par' dir='ltr' id='par_1_92' title="bbox 708 5424 2188 5495">
     <span class='ocr_line' id='line_1_93' title="bbox 708 5424 2188 5495; baseline 0.005 -20"><span class='ocrx_word' id='word_1_452' title='bbox 708 5425 831 5478; x_wconf 82' lang='grc'><strong>226.</strong></span> <span class='ocrx_word' id='word_1_453' title='bbox 865 5424 1133 5482; x_wconf 84' lang='lat' dir='ltr'><strong>Mariettus</strong></span> <span class='ocrx_word' id='word_1_454' title='bbox 1178 5443 1244 5482; x_wconf 87' lang='lat' dir='ltr'><strong>ex</strong></span> <span class='ocrx_word' id='word_1_455' title='bbox 1289 5441 1386 5482; x_wconf 86' lang='lat' dir='ltr'><strong>suo</strong></span> <span class='ocrx_word' id='word_1_456' title='bbox 1430 5427 1613 5481; x_wconf 86' lang='lat' dir='ltr'><strong>codice</strong></span> <span class='ocrx_word' id='word_1_457' title='bbox 1658 5436 1802 5480; x_wconf 91' lang='lat' dir='ltr'><strong>notat</strong></span> <span class='ocrx_word' id='word_1_458' title='bbox 1843 5442 1937 5495; x_wconf 89' lang='lat' dir='ltr'><strong>pro</strong></span> <span class='ocrx_word' id='word_1_459' title='bbox 1978 5427 2188 5482; x_wconf 75' lang='lat' dir='ltr'><strong>diversa</strong></span> 
     </span>
    </p>
   </div>
   <div class='ocr_carea' id='block_1_93' title="bbox 639 5492 2189 5566">
    <p class='ocr_par' dir='ltr' id='par_1_93' title="bbox 639 5492 2189 5566">
     <span class='ocr_line' id='line_1_94' title="bbox 639 5492 2189 5566; baseline 0.003 -20"><span class='ocrx_word' id='word_1_460' title='bbox 639 5492 868 5566; x_wconf 72' lang='lat' dir='ltr'><strong>lectione</strong></span> <span class='ocrx_word' id='word_1_461' title='bbox 891 5495 1140 5566; x_wconf 69' lang='lat' dir='ltr'><strong>excussio.</strong></span> <span class='ocrx_word' id='word_1_462' title='bbox 1165 5513 1282 5566; x_wconf 66' lang='lat' dir='ltr'><strong>qua:</strong></span> <span class='ocrx_word' id='word_1_463' title='bbox 1307 5507 1389 5566; x_wconf 85' lang='lat' dir='ltr'><strong>est</strong></span> <span class='ocrx_word' id='word_1_464' title='bbox 1409 5497 1605 5562; x_wconf 80' lang='lat' dir='ltr'><strong>glossa,</strong></span> <span class='ocrx_word' id='word_1_465' title='bbox 1637 5507 1692 5549; x_wconf 90' lang='lat' dir='ltr'><strong>ut</strong></span> <span class='ocrx_word' id='word_1_466' title='bbox 1722 5492 1865 5565; x_wconf 78' lang='lat' dir='ltr'><strong>puto,</strong></span> <span class='ocrx_word' id='word_1_467' title='bbox 1898 5507 2003 5549; x_wconf 92' lang='lat' dir='ltr'><strong>tum</strong></span> <span class='ocrx_word' id='word_1_468' title='bbox 2035 5496 2086 5549; x_wconf 87' lang='lat' dir='ltr'><strong>in</strong></span> <span class='ocrx_word' id='word_1_469' title='bbox 2124 5513 2189 5551; x_wconf 90' lang='lat' dir='ltr'><strong>eo</strong></span> 
     </span>
    </p>
   </div>
   <div class='ocr_carea' id='block_1_94' title="bbox 641 5560 2186 5635">
    <p class='ocr_par' dir='ltr' id='par_1_94' title="bbox 641 5560 2186 5635">
     <span class='ocr_line' id='line_1_95' title="bbox 641 5560 2186 5635; baseline 0.004 -23"><span class='ocrx_word' id='word_1_470' title='bbox 641 5560 856 5635; x_wconf 70' lang='lat' dir='ltr'><strong>codice,</strong></span> <span class='ocrx_word' id='word_1_471' title='bbox 870 5569 982 5635; x_wconf 84' lang='lat' dir='ltr'><strong>tum</strong></span> <span class='ocrx_word' id='word_1_472' title='bbox 1006 5562 1057 5635; x_wconf 81' lang='lat' dir='ltr'><strong>in</strong></span> <span class='ocrx_word' id='word_1_473' title='bbox 1080 5560 1199 5635; x_wconf 60' lang='lat' dir='ltr'><strong>Rat:</strong></span> <span class='ocrx_word' id='word_1_474' title='bbox 1231 5560 1472 5619; x_wconf 66' lang='lat' dir='ltr'><strong>llr-insitis</strong></span> <span class='ocrx_word' id='word_1_475' title='bbox 1500 5560 1693 5635; x_wconf 77' lang='lat' dir='ltr'><strong>accpit</strong></span> <span class='ocrx_word' id='word_1_476' title='bbox 1715 5560 1914 5618; x_wconf 68' lang='lat' dir='ltr'><strong>iatisin</strong></span> <span class='ocrx_word' id='word_1_477' title='bbox 1947 5567 2186 5619; x_wconf 89' lang='lat' dir='ltr'><strong>nomina-</strong></span> 
     </span>
    </p>
   </div>
   <div class='ocr_carea' id='block_1_95' title="bbox 645 5629 2183 5700">
    <p class='ocr_par' dir='ltr' id='par_1_95' title="bbox 645 5629 2183 5700">
     <span class='ocr_line' id='line_1_96' title="bbox 645 5629 2183 5700; baseline 0.005 -19"><span class='ocrx_word' id='word_1_478' title='bbox 645 5631 772 5687; x_wconf 81' lang='lat' dir='ltr'><strong>tivo.</strong></span> <span class='ocrx_word' id='word_1_479' title='bbox 806 5629 860 5684; x_wconf 88' lang='lat' dir='ltr'><strong>ld</strong></span> <span class='ocrx_word' id='word_1_480' title='bbox 887 5631 1129 5693; x_wconf 80' lang='lat' dir='ltr'><strong>displicet</strong></span> <span class='ocrx_word' id='word_1_481' title='bbox 1149 5633 1526 5700; x_wconf 84' lang='lat' dir='ltr'><strong>Chamillardo,</strong></span> <span class='ocrx_word' id='word_1_482' title='bbox 1552 5651 1585 5700; x_wconf 89' lang='lat' dir='ltr'><strong>q</strong></span> <span class='ocrx_word' id='word_1_483' title='bbox 1611 5629 1639 5689; x_wconf 83' lang='lat' dir='ltr'><strong>-i</strong></span> <span class='ocrx_word' id='word_1_484' title='bbox 1661 5639 1980 5700; x_wconf 62' lang='lat' dir='ltr'><strong>suspicata&quot;,</strong></span> <span class='ocrx_word' id='word_1_485' title='bbox 2007 5651 2183 5689; x_wconf 74' lang='lat' dir='ltr'><strong>excus-</strong></span> 
     </span>
    </p>
   </div>
   <div class='ocr_carea' id='block_1_96' title="bbox 2356 2044 3076 2112">
    <p class='ocr_par' dir='ltr' id='par_1_96' title="bbox 2356 2044 3076 2112">
     <span class='ocr_line' id='line_1_97' title="bbox 2356 2044 3076 2112; baseline -0.001 -14"><span class='ocrx_word' id='word_1_486' title='bbox 2356 2045 2480 2098; x_wconf 78' lang='lat'><strong>220.</strong></span> <span class='ocrx_word' id='word_1_487' title='bbox 2510 2044 2743 2107; x_wconf 76' lang='lat' dir='ltr'><strong>lgneum,</strong></span> <span class='ocrx_word' id='word_1_488' title='bbox 2769 2045 3002 2112; x_wconf 79' lang='lat' dir='ltr'><strong>ignitum,</strong></span> <span class='ocrx_word' id='word_1_489' title='bbox 3036 2044 3076 2097; x_wconf 89' lang='grc'><strong>1.</strong></span> 
     </span>
    </p>
   </div>
   <div class='ocr_carea' id='block_1_97' title="bbox 2355 2111 3788 2181">
    <p class='ocr_par' dir='ltr' id='par_1_97' title="bbox 2355 2111 3788 2181">
     <span class='ocr_line' id='line_1_98' title="bbox 2355 2111 3788 2181; baseline -0.001 -14"><span class='ocrx_word' id='word_1_490' title='bbox 2355 2116 2482 2170; x_wconf 72' lang='lat'><strong>230.</strong></span> <span class='ocrx_word' id='word_1_491' title='bbox 2515 2111 2830 2175; x_wconf 30' lang='lat' dir='ltr'><strong>Cauterem’,</strong></span> <span class='ocrx_word' id='word_1_492' title='bbox 2860 2114 3041 2166; x_wconf 81' lang='lat' dir='ltr'><strong>lectum</strong></span> <span class='ocrx_word' id='word_1_493' title='bbox 3071 2112 3290 2181; x_wconf 85' lang='lat' dir='ltr'><strong>ferreum</strong></span> <span class='ocrx_word' id='word_1_494' title='bbox 3313 2152 3327 2175; x_wconf 86' lang='lat'><strong>,</strong></span> <span class='ocrx_word' id='word_1_495' title='bbox 3364 2111 3480 2165; x_wconf 84' lang='lat' dir='ltr'><strong>Vat.</strong></span> <span class='ocrx_word' id='word_1_496' title='bbox 3522 2113 3583 2168; x_wconf 84' lang='lat' dir='ltr'><strong>A.</strong></span> <span class='ocrx_word' id='word_1_497' title='bbox 3618 2114 3788 2168; x_wconf 76' lang='lat' dir='ltr'><strong>Tomis</strong></span> 
     </span>
    </p>
   </div>
   <div class='ocr_carea' id='block_1_98' title="bbox 2288 2184 3794 2252">
    <p class='ocr_par' dir='ltr' id='par_1_98' title="bbox 2288 2184 3794 2252">
     <span class='ocr_line' id='line_1_99' title="bbox 2288 2184 3794 2252; baseline -0.002 -13"><span class='ocrx_word' id='word_1_498' title='bbox 2288 2185 2419 2239; x_wconf 81' lang='lat' dir='ltr'><strong>Mar.</strong></span> <span class='ocrx_word' id='word_1_499' title='bbox 2471 2184 2657 2237; x_wconf 81' lang='lat' dir='ltr'><strong>Canter</strong></span> <span class='ocrx_word' id='word_1_500' title='bbox 2699 2192 2745 2236; x_wconf 89' lang='lat' dir='ltr'><strong>et</strong></span> <span class='ocrx_word' id='word_1_501' title='bbox 2782 2185 3059 2235; x_wconf 86' lang='lat' dir='ltr'><strong>cauterinm</strong></span> <span class='ocrx_word' id='word_1_502' title='bbox 3099 2185 3322 2244; x_wconf 81' lang='lat' dir='ltr'><strong>dictum,</strong></span> <span class='ocrx_word' id='word_1_503' title='bbox 3362 2184 3498 2247; x_wconf 81' lang='lat' dir='ltr'><strong>quod</strong></span> <span class='ocrx_word' id='word_1_504' title='bbox 3535 2195 3666 2248; x_wconf 89' lang='lat' dir='ltr'><strong>urat;</strong></span> <span class='ocrx_word' id='word_1_505' title='bbox 3701 2199 3794 2252; x_wconf 69' lang='lat' dir='ltr'><strong>quo!</strong></span> 
     </span>
    </p>
   </div>
   <div class='ocr_carea' id='block_1_99' title="bbox 2287 2253 3792 2322">
    <p class='ocr_par' dir='ltr' id='par_1_99' title="bbox 2287 2253 3792 2322">
     <span class='ocr_line' id='line_1_100' title="bbox 2287 2253 3792 2322; baseline -0.002 -16"><span class='ocrx_word' id='word_1_506' title='bbox 2287 2255 2540 2308; x_wconf 84' lang='lat' dir='ltr'><strong>interdum</strong></span> <span class='ocrx_word' id='word_1_507' title='bbox 2580 2269 2673 2322; x_wconf 86' lang='lat' dir='ltr'><strong>pro</strong></span> <span class='ocrx_word' id='word_1_508' title='bbox 2715 2253 2880 2322; x_wconf 85' lang='lat' dir='ltr'><strong>signo,</strong></span> <span class='ocrx_word' id='word_1_509' title='bbox 2926 2254 3181 2306; x_wconf 56' lang='lat' dir='ltr'><strong>interdum</strong></span> <span class='ocrx_word' id='word_1_510' title='bbox 3217 2268 3306 2314; x_wconf 88' lang='lat' dir='ltr'><strong>pro</strong></span> <span class='ocrx_word' id='word_1_511' title='bbox 3336 2269 3458 2305; x_wconf 87' lang='lat' dir='ltr'><strong>cura</strong></span> <span class='ocrx_word' id='word_1_512' title='bbox 3485 2256 3742 2318; x_wconf 74' lang='lat' dir='ltr'><strong>adhibetur,</strong></span> <span class='ocrx_word' id='word_1_513' title='bbox 3765 2269 3792 2303; x_wconf 88' lang='lat' dir='ltr'><strong>tt</strong></span> 
     </span>
    </p>
   </div>
   <div class='ocr_carea' id='block_1_100' title="bbox 2287 2322 3804 2390">
    <p class='ocr_par' dir='ltr' id='par_1_100' title="bbox 2287 2322 3804 2390">
     <span class='ocr_line' id='line_1_101' title="bbox 2287 2322 3804 2390; baseline -0.003 -14"><span class='ocrx_word' id='word_1_514' title='bbox 2287 2325 2360 2377; x_wconf 86' lang='lat' dir='ltr'><strong>vis</strong></span> <span class='ocrx_word' id='word_1_515' title='bbox 2391 2325 2550 2375; x_wconf 88' lang='lat' dir='ltr'><strong>morbi</strong></span> <span class='ocrx_word' id='word_1_516' title='bbox 2580 2326 2710 2390; x_wconf 85' lang='lat' dir='ltr'><strong>ignis</strong></span> <span class='ocrx_word' id='word_1_517' title='bbox 2737 2322 2920 2374; x_wconf 87' lang='lat' dir='ltr'><strong>ardore</strong></span> <span class='ocrx_word' id='word_1_518' title='bbox 2945 2323 3176 2374; x_wconf 77' lang='lat' dir='ltr'><strong>siccrtur.</strong></span> <span class='ocrx_word' id='word_1_519' title='bbox 3201 2322 3494 2375; x_wconf 79' lang='lat' dir='ltr'><strong>Cauterium</strong></span> <span class='ocrx_word' id='word_1_520' title='bbox 3522 2339 3664 2385; x_wconf 83' lang='lat' dir='ltr'><strong>caro;</strong></span> <span class='ocrx_word' id='word_1_521' title='bbox 3687 2325 3729 2375; x_wconf 79' lang='lat' dir='ltr'><strong>id</strong></span> <span class='ocrx_word' id='word_1_522' title='bbox 3751 2333 3804 2375; x_wconf 74' lang='lat' dir='ltr'><strong>es;</strong></span> 
     </span>
    </p>
   </div>
   <div class='ocr_carea' id='block_1_101' title="bbox 2288 2390 3805 2446">
    <p class='ocr_par' dir='ltr' id='par_1_101' title="bbox 2288 2390 3805 2446">
     <span class='ocr_line' id='line_1_102' title="bbox 2288 2390 3805 2446; baseline -0.002 0"><span class='ocrx_word' id='word_1_523' title='bbox 2288 2395 2495 2446; x_wconf 64' lang='lat' dir='ltr'><strong>incensa</strong></span> <span class='ocrx_word' id='word_1_524' title='bbox 2524 2393 2764 2444; x_wconf 73' lang='lat' dir='ltr'><strong>cauterio.</strong></span> <span class='ocrx_word' id='word_1_525' title='bbox 2802 2390 2933 2444; x_wconf 91' lang='lat' dir='ltr'><strong>Inde</strong></span> <span class='ocrx_word' id='word_1_526' title='bbox 2967 2391 3159 2444; x_wconf 84' lang='lat' dir='ltr'><strong>Paulus</strong></span> <span class='ocrx_word' id='word_1_527' title='bbox 3179 2407 3198 2444; x_wconf 90' lang='lat'><strong><em>:</em></strong></span> <span class='ocrx_word' id='word_1_528' title='bbox 3226 2391 3568 2443; x_wconf 74' lang='lat' dir='ltr'><strong>Cauteiia&#39;am</strong></span> <span class='ocrx_word' id='word_1_529' title='bbox 3594 2394 3805 2445; x_wconf 51' lang='lat' dir='ltr'><strong>consciett‘</strong></span> 
     </span>
    </p>
   </div>
   <div class='ocr_carea' id='block_1_102' title="bbox 2290 2462 3804 2530">
    <p class='ocr_par' dir='ltr' id='par_1_102' title="bbox 2290 2462 3804 2530">
     <span class='ocr_line' id='line_1_103' title="bbox 2290 2462 3804 2530; baseline -0.003 -15"><span class='ocrx_word' id='word_1_530' title='bbox 2290 2465 2412 2515; x_wconf 90' lang='lat' dir='ltr'><strong>tiam</strong></span> <span class='ocrx_word' id='word_1_531' title='bbox 2439 2463 2696 2522; x_wconf 80' lang='lat' dir='ltr'><strong>habentes,</strong></span> <span class='ocrx_word' id='word_1_532' title='bbox 2727 2462 2780 2513; x_wconf 91' lang='lat' dir='ltr'><strong>id</strong></span> <span class='ocrx_word' id='word_1_533' title='bbox 2806 2470 2877 2512; x_wconf 87' lang='lat' dir='ltr'><strong>est</strong></span> <span class='ocrx_word' id='word_1_534' title='bbox 2914 2473 3238 2530; x_wconf 84' lang='lat' dir='ltr'><strong>corruptam;</strong></span> <span class='ocrx_word' id='word_1_535' title='bbox 3281 2463 3400 2526; x_wconf 82' lang='lat' dir='ltr'><strong>quia</strong></span> <span class='ocrx_word' id='word_1_536' title='bbox 3430 2465 3556 2515; x_wconf 79' lang='lat' dir='ltr'><strong>sicut</strong></span> <span class='ocrx_word' id='word_1_537' title='bbox 3583 2477 3684 2514; x_wconf 85' lang='lat' dir='ltr'><strong>caro</strong></span> <span class='ocrx_word' id='word_1_538' title='bbox 3714 2477 3804 2512; x_wconf 78' lang='lat' dir='ltr'><strong>cas-</strong></span> 
     </span>
    </p>
   </div>
   <div class='ocr_carea' id='block_1_103' title="bbox 2286 2531 3802 2600">
    <p class='ocr_par' dir='ltr' id='par_1_103' title="bbox 2286 2531 3802 2600">
     <span class='ocr_line' id='line_1_104' title="bbox 2286 2531 3802 2600; baseline -0.003 -15"><span class='ocrx_word' id='word_1_539' title='bbox 2286 2535 2429 2595; x_wconf 87' lang='lat' dir='ltr'><strong>teria,</strong></span> <span class='ocrx_word' id='word_1_540' title='bbox 2474 2533 2544 2584; x_wconf 92' lang='lat' dir='ltr'><strong>ita</strong></span> <span class='ocrx_word' id='word_1_541' title='bbox 2578 2548 2714 2584; x_wconf 85' lang='lat' dir='ltr'><strong>mens</strong></span> <span class='ocrx_word' id='word_1_542' title='bbox 2747 2546 2903 2600; x_wconf 88' lang='lat' dir='ltr'><strong>prava</strong></span> <span class='ocrx_word' id='word_1_543' title='bbox 2941 2531 3171 2585; x_wconf 89' lang='lat' dir='ltr'><strong>doctrina</strong></span> <span class='ocrx_word' id='word_1_544' title='bbox 3209 2534 3571 2599; x_wconf 81' lang='lat' dir='ltr'><strong>corrumpitur.</strong></span> <span class='ocrx_word' id='word_1_545' title='bbox 3594 2561 3654 2572; x_wconf 89' lang='lat'><strong>-—</strong></span> <span class='ocrx_word' id='word_1_546' title='bbox 3676 2531 3802 2585; x_wconf 66' lang='lat' dir='ltr'><strong>Lavit.</strong></span> 
     </span>
    </p>
   </div>
   <div class='ocr_carea' id='block_1_104' title="bbox 2286 2601 2678 2666">
    <p class='ocr_par' dir='ltr' id='par_1_104' title="bbox 2286 2601 2678 2666">
     <span class='ocr_line' id='line_1_105' title="bbox 2286 2601 2678 2666; baseline 0 -14"><span class='ocrx_word' id='word_1_547' title='bbox 2286 2602 2611 2666; x_wconf 81' lang='lat' dir='ltr'><strong>huntectavit,</strong></span> <span class='ocrx_word' id='word_1_548' title='bbox 2641 2601 2678 2654; x_wconf 94' lang='grc' dir='ltr'><strong>Ι.</strong></span> 
     </span>
    </p>
   </div>
   <div class='ocr_carea' id='block_1_105' title="bbox 2355 2669 3063 2740">
    <p class='ocr_par' dir='ltr' id='par_1_105' title="bbox 2355 2669 3063 2740">
     <span class='ocr_line' id='line_1_106' title="bbox 2355 2669 3063 2740; baseline 0.003 -16"><span class='ocrx_word' id='word_1_549' title='bbox 2355 2672 2479 2726; x_wconf 79' lang='grc'><strong>258.</strong></span> <span class='ocrx_word' id='word_1_550' title='bbox 2513 2671 2778 2740; x_wconf 79' lang='lat' dir='ltr'><strong>Lugubre,</strong></span> <span class='ocrx_word' id='word_1_551' title='bbox 2805 2669 2990 2740; x_wconf 71' lang='lat' dir='ltr'><strong>flebile,</strong></span> <span class='ocrx_word' id='word_1_552' title='bbox 3023 2669 3063 2726; x_wconf 91' lang='grc'><strong>1.</strong></span> 
     </span>
    </p>
   </div>
   <div class='ocr_carea' id='block_1_106' title="bbox 2293 2934 3809 3010">
    <p class='ocr_par' dir='ltr' id='par_1_106' title="bbox 2293 2934 3809 3010">
     <span class='ocr_line' id='line_1_107' title="bbox 2293 2934 3809 3010; baseline -0.009 -12"><span class='ocrx_word' id='word_1_553' title='bbox 2293 2960 2404 2998; x_wconf 89' lang='lat' dir='ltr'><strong>sum</strong></span> <span class='ocrx_word' id='word_1_554' title='bbox 2434 2941 2560 3006; x_wconf 82' lang='lat' dir='ltr'><strong>sale,</strong></span> <span class='ocrx_word' id='word_1_555' title='bbox 2586 2955 2690 3010; x_wconf 90' lang='lat' dir='ltr'><strong>quo</strong></span> <span class='ocrx_word' id='word_1_556' title='bbox 2713 2939 3039 2994; x_wconf 83' lang='lat' dir='ltr'><strong>nominativo</strong></span> <span class='ocrx_word' id='word_1_557' title='bbox 3057 2952 3184 2993; x_wconf 88' lang='lat' dir='ltr'><strong>usus</strong></span> <span class='ocrx_word' id='word_1_558' title='bbox 3199 2947 3278 2991; x_wconf 90' lang='lat' dir='ltr'><strong>est</strong></span> <span class='ocrx_word' id='word_1_559' title='bbox 3298 2936 3526 3010; x_wconf 71' lang='lat' dir='ltr'><strong>Ennius,</strong></span> <span class='ocrx_word' id='word_1_560' title='bbox 3551 2934 3809 3010; x_wconf 74' lang='lat' dir='ltr'><strong>Gallandius</strong></span> 
     </span>
    </p>
   </div>
   <div class='ocr_carea' id='block_1_107' title="bbox 2294 3002 3804 3081">
    <p class='ocr_par' dir='ltr' id='par_1_107' title="bbox 2294 3002 3804 3081">
     <span class='ocr_line' id='line_1_108' title="bbox 2294 3002 3804 3081; baseline -0.007 -14"><span class='ocrx_word' id='word_1_561' title='bbox 2294 3013 2413 3079; x_wconf 81' lang='lat' dir='ltr'><strong>conj</strong></span> <span class='ocrx_word' id='word_1_562' title='bbox 2439 3017 2510 3066; x_wconf 86' lang='lat' dir='ltr'><strong>cit</strong></span> <span class='ocrx_word' id='word_1_563' title='bbox 2533 3002 2684 3081; x_wconf 76' lang='lat' dir='ltr'><strong>rogus</strong></span> <span class='ocrx_word' id='word_1_564' title='bbox 2708 3026 2950 3064; x_wconf 74' lang='lat' dir='ltr'><strong>excussus</strong></span> <span class='ocrx_word' id='word_1_565' title='bbox 2971 3010 3234 3081; x_wconf 78' lang='lat' dir='ltr'><strong>aspergine</strong></span> <span class='ocrx_word' id='word_1_566' title='bbox 3251 3006 3393 3081; x_wconf 69' lang='lat' dir='ltr'><strong>salis,</strong></span> <span class='ocrx_word' id='word_1_567' title='bbox 3421 3017 3476 3081; x_wconf 69' lang='lat' dir='ltr'><strong>ut</strong></span> <span class='ocrx_word' id='word_1_568' title='bbox 3506 3002 3570 3061; x_wconf 84' lang='lat' dir='ltr'><strong>ex</strong></span> <span class='ocrx_word' id='word_1_569' title='bbox 3586 3002 3804 3081; x_wconf 68' lang='lat' dir='ltr'><strong>_ver.-.22l</strong></span> 
     </span>
    </p>
   </div>
   <div class='ocr_carea' id='block_1_108' title="bbox 2295 3075 3804 3149">
    <p class='ocr_par' dir='ltr' id='par_1_108' title="bbox 2295 3075 3804 3149">
     <span class='ocr_line' id='line_1_109' title="bbox 2295 3075 3804 3149; baseline -0.005 -15"><span class='ocrx_word' id='word_1_570' title='bbox 2295 3075 2717 3148; x_wconf 62' lang='lat' dir='ltr'><strong>sulintelligatur</strong></span> <span class='ocrx_word' id='word_1_571' title='bbox 2757 3089 2929 3149; x_wconf 73' lang='lat' dir='ltr'><strong>rogus.</strong></span> <span class='ocrx_word' id='word_1_572' title='bbox 2968 3075 3130 3144; x_wconf 81' lang='lat' dir='ltr'><strong>Quod</strong></span> <span class='ocrx_word' id='word_1_573' title='bbox 3166 3077 3378 3149; x_wconf 79' lang='lat' dir='ltr'><strong>additur</strong></span> <span class='ocrx_word' id='word_1_574' title='bbox 3413 3076 3702 3145; x_wconf 70' lang='lat' dir='ltr'><strong>l&#39;unctisque</strong></span> 
     </span>
    </p>
   </div>
   <div class='ocr_carea' id='block_1_109' title="bbox 2218 3145 3811 3218">
    <p class='ocr_par' dir='ltr' id='par_1_109' title="bbox 2218 3145 3811 3218">
     <span class='ocr_line' id='line_1_110' title="bbox 2218 3145 3811 3218; baseline -0.005 -14"><span class='ocrx_word' id='word_1_575' title='bbox 2218 3148 2264 3213; x_wconf 88' lang='lat' dir='ltr'><strong>C</strong></span> <span class='ocrx_word' id='word_1_576' title='bbox 2300 3169 2414 3206; x_wconf 79' lang='lat' dir='ltr'><strong>rens</strong></span> <span class='ocrx_word' id='word_1_577' title='bbox 2457 3161 2515 3204; x_wconf 87' lang='lat' dir='ltr'><strong>st.</strong></span> <span class='ocrx_word' id='word_1_578' title='bbox 2535 3145 2710 3210; x_wconf 78' lang='lat' dir='ltr'><strong>idalis.</strong></span> <span class='ocrx_word' id='word_1_579' title='bbox 2748 3145 2921 3218; x_wconf 69' lang='lat' dir='ltr'><strong>anguit</strong></span> <span class='ocrx_word' id='word_1_580' title='bbox 2960 3148 3176 3214; x_wconf 75' lang='lat' dir='ltr'><strong>intelligi</strong></span> <span class='ocrx_word' id='word_1_581' title='bbox 3217 3161 3498 3218; x_wconf 79' lang='lat' dir='ltr'><strong>excussum</strong></span> <span class='ocrx_word' id='word_1_582' title='bbox 3540 3149 3704 3198; x_wconf 70' lang='lat' dir='ltr'><strong>salum.</strong></span> <span class='ocrx_word' id='word_1_583' title='bbox 3731 3145 3811 3196; x_wconf 74' lang='lat' dir='ltr'><strong>Ne-</strong></span> 
     </span>
    </p>
   </div>
   <div class='ocr_carea' id='block_1_110' title="bbox 2294 3216 3811 3282">
    <p class='ocr_par' dir='ltr' id='par_1_110' title="bbox 2294 3216 3811 3282">
     <span class='ocr_line' id='line_1_111' title="bbox 2294 3216 3811 3282; baseline -0.007 -8"><span class='ocrx_word' id='word_1_584' title='bbox 2294 3223 2461 3275; x_wconf 58' lang='lat' dir='ltr'><strong>brissw</strong></span> <span class='ocrx_word' id='word_1_585' title='bbox 2483 3231 2626 3273; x_wconf 79' lang='lat' dir='ltr'><strong>recte</strong></span> <span class='ocrx_word' id='word_1_586' title='bbox 2651 3229 2799 3282; x_wconf 86' lang='lat' dir='ltr'><strong>putat</strong></span> <span class='ocrx_word' id='word_1_587' title='bbox 2817 3216 2938 3272; x_wconf 81' lang='lat' dir='ltr'><strong>cum</strong></span> <span class='ocrx_word' id='word_1_588' title='bbox 2957 3218 3264 3270; x_wconf 78' lang='lat' dir='ltr'><strong>auctoribus</strong></span> <span class='ocrx_word' id='word_1_589' title='bbox 3279 3216 3594 3278; x_wconf 70' lang='lat' dir='ltr'><strong>glossarum.</strong></span> <span class='ocrx_word' id='word_1_590' title='bbox 3615 3228 3811 3266; x_wconf 73' lang='lat' dir='ltr'><strong>excussus</strong></span> 
     </span>
    </p>
   </div>
   <div class='ocr_carea' id='block_1_111' title="bbox 2291 3283 3810 3353">
    <p class='ocr_par' dir='ltr' id='par_1_111' title="bbox 2291 3283 3810 3353">
     <span class='ocr_line' id='line_1_112' title="bbox 2291 3283 3810 3353; baseline -0.009 -9"><span class='ocrx_word' id='word_1_591' title='bbox 2291 3307 2412 3344; x_wconf 77' lang='lat' dir='ltr'><strong>esse</strong></span> <span class='ocrx_word' id='word_1_592' title='bbox 2438 3290 2821 3342; x_wconf 65' lang='lat' dir='ltr'><strong>substantivnm</strong></span> <span class='ocrx_word' id='word_1_593' title='bbox 2842 3302 2936 3351; x_wconf 87' lang='lat' dir='ltr'><strong>pro</strong></span> <span class='ocrx_word' id='word_1_594' title='bbox 2958 3288 3273 3339; x_wconf 65' lang='lat' dir='ltr'><strong>excussione.</strong></span> <span class='ocrx_word' id='word_1_595' title='bbox 3299 3285 3388 3339; x_wconf 89' lang='lat' dir='ltr'><strong>Sic</strong></span> <span class='ocrx_word' id='word_1_596' title='bbox 3406 3289 3598 3353; x_wconf 86' lang='lat' dir='ltr'><strong>hymno</strong></span> <span class='ocrx_word' id='word_1_597' title='bbox 3625 3285 3654 3338; x_wconf 85' lang='lat'><strong>5</strong></span> <span class='ocrx_word' id='word_1_598' title='bbox 3672 3283 3810 3342; x_wconf 62' lang='lat' dir='ltr'><strong>Cadu,</strong></span> 
     </span>
    </p>
   </div>
   <div class='ocr_carea' id='block_1_112' title="bbox 2292 3353 3811 3422">
    <p class='ocr_par' dir='ltr' id='par_1_112' title="bbox 2292 3353 3811 3422">
     <span class='ocr_line' id='line_1_113' title="bbox 2292 3353 3811 3422; baseline -0.006 -11"><span class='ocrx_word' id='word_1_599' title='bbox 2292 3374 2435 3413; x_wconf 84' lang='lat' dir='ltr'><strong>vers.</strong></span> <span class='ocrx_word' id='word_1_600' title='bbox 2469 3361 2522 3422; x_wconf 91' lang='lat'><strong>7,</strong></span> <span class='ocrx_word' id='word_1_601' title='bbox 2558 3357 2774 3410; x_wconf 83' lang='lat' dir='ltr'><strong>Incussu</strong></span> <span class='ocrx_word' id='word_1_602' title='bbox 2801 3357 2955 3410; x_wconf 75' lang='lat' dir='ltr'><strong>silicis</strong></span> <span class='ocrx_word' id='word_1_603' title='bbox 2997 3355 3283 3419; x_wconf 76' lang='lat' dir='ltr'><strong>Cist-linus,</strong></span> <span class='ocrx_word' id='word_1_604' title='bbox 3319 3355 3604 3407; x_wconf 82' lang='lat' dir='ltr'><strong>editionem</strong></span> <span class='ocrx_word' id='word_1_605' title='bbox 3646 3353 3811 3405; x_wconf 81' lang='lat' dir='ltr'><strong>Daren-</strong></span> 
     </span>
    </p>
   </div>
   <div class='ocr_carea' id='block_1_113' title="bbox 2292 3410 3850 3491">
    <p class='ocr_par' dir='ltr' id='par_1_113' title="bbox 2292 3410 3850 3491">
     <span class='ocr_line' id='line_1_114' title="bbox 2292 3410 3850 3491; baseline -0.004 -10"><span class='ocrx_word' id='word_1_606' title='bbox 2292 3410 2541 3481; x_wconf 73' lang='lat' dir='ltr'><strong>tsicnsetit</strong></span> <span class='ocrx_word' id='word_1_607' title='bbox 2573 3439 2806 3491; x_wconf 81' lang='lat' dir='ltr'><strong>secutus,</strong></span> <span class='ocrx_word' id='word_1_608' title='bbox 2839 3425 3003 3478; x_wconf 79' lang='lat' dir='ltr'><strong>edidit</strong></span> <span class='ocrx_word' id='word_1_609' title='bbox 3029 3410 3450 3483; x_wconf 65' lang='lat' dir='ltr'><strong>excussuscinis,</strong></span> <span class='ocrx_word' id='word_1_610' title='bbox 3481 3426 3726 3486; x_wconf 84' lang='lat' dir='ltr'><strong>aliamque</strong></span> <span class='ocrx_word' id='word_1_611' title='bbox 3756 3410 3850 3474; x_wconf 64' lang='lat' dir='ltr'><strong>leJ</strong></span> 
     </span>
    </p>
   </div>
   <div class='ocr_carea' id='block_1_114' title="bbox 2292 3493 3812 3564">
    <p class='ocr_par' dir='ltr' id='par_1_114' title="bbox 2292 3493 3812 3564">
     <span class='ocr_line' id='line_1_115' title="bbox 2292 3493 3812 3564; baseline -0.007 -13"><span class='ocrx_word' id='word_1_612' title='bbox 2292 3501 2525 3551; x_wconf 81' lang='lat' dir='ltr'><strong>etioncm</strong></span> <span class='ocrx_word' id='word_1_613' title='bbox 2574 3497 2802 3564; x_wconf 89' lang='lat' dir='ltr'><strong>ineptam</strong></span> <span class='ocrx_word' id='word_1_614' title='bbox 2855 3505 3021 3561; x_wconf 82' lang='lat' dir='ltr'><strong>p:.tat.</strong></span> <span class='ocrx_word' id='word_1_615' title='bbox 3057 3495 3110 3546; x_wconf 95' lang='lat' dir='ltr'><strong>In</strong></span> <span class='ocrx_word' id='word_1_616' title='bbox 3148 3495 3294 3547; x_wconf 86' lang='lat' dir='ltr'><strong>Actis</strong></span> <span class='ocrx_word' id='word_1_617' title='bbox 3338 3493 3490 3564; x_wconf 89' lang='lat' dir='ltr'><strong>idita</strong></span> <span class='ocrx_word' id='word_1_618' title='bbox 3531 3493 3812 3560; x_wconf 65' lang='lat' dir='ltr'><strong>explicatur:</strong></span> 
     </span>
    </p>
   </div>
   <div class='ocr_carea' id='block_1_115' title="bbox 2295 3563 3812 3634">
    <p class='ocr_par' dir='ltr' id='par_1_115' title="bbox 2295 3563 3812 3634">
     <span class='ocr_line' id='line_1_116' title="bbox 2295 3563 3812 3634; baseline -0.007 -14"><span class='ocrx_word' id='word_1_619' title='bbox 2295 3568 2433 3620; x_wconf 84' lang='lat' dir='ltr'><strong>Salis</strong></span> <span class='ocrx_word' id='word_1_620' title='bbox 2473 3563 2672 3632; x_wconf 81' lang='lat' dir='ltr'><strong>ignibus</strong></span> <span class='ocrx_word' id='word_1_621' title='bbox 2697 3565 2861 3634; x_wconf 86' lang='lat' dir='ltr'><strong>sparsi</strong></span> <span class='ocrx_word' id='word_1_622' title='bbox 2891 3566 3142 3634; x_wconf 68' lang='lat' dir='ltr'><strong>crepitant</strong></span> <span class='ocrx_word' id='word_1_623' title='bbox 3170 3580 3192 3615; x_wconf 91' lang='lat' dir='ltr'><strong>s</strong></span> <span class='ocrx_word' id='word_1_624' title='bbox 3224 3563 3456 3614; x_wconf 66' lang='lat' dir='ltr'><strong>minutis:</strong></span> <span class='ocrx_word' id='word_1_625' title='bbox 3497 3580 3584 3632; x_wconf 86' lang='lat' dir='ltr'><strong>per</strong></span> <span class='ocrx_word' id='word_1_626' title='bbox 3628 3566 3812 3634; x_wconf 60' lang='lat' dir='ltr'><strong>membris</strong></span> 
     </span>
    </p>
   </div>
   <div class='ocr_carea' id='block_1_116' title="bbox 2293 3629 3814 3700">
    <p class='ocr_par' dir='ltr' id='par_1_116' title="bbox 2293 3629 3814 3700">
     <span class='ocr_line' id='line_1_117' title="bbox 2293 3629 3814 3700; baseline -0.003 -14"><span class='ocrx_word' id='word_1_627' title='bbox 2293 3629 2577 3689; x_wconf 71' lang='lat' dir='ltr'><strong>dissiliunt.</strong></span> <span class='ocrx_word' id='word_1_628' title='bbox 2605 3634 2658 3686; x_wconf 74' lang='lat' dir='ltr'><strong>lu</strong></span> <span class='ocrx_word' id='word_1_629' title='bbox 2683 3629 2929 3688; x_wconf 80' lang='lat' dir='ltr'><strong>sermone</strong></span> <span class='ocrx_word' id='word_1_630' title='bbox 2957 3629 3081 3686; x_wconf 83' lang='lat' dir='ltr'><strong>olim</strong></span> <span class='ocrx_word' id='word_1_631' title='bbox 3112 3631 3169 3688; x_wconf 92' lang='lat' dir='ltr'><strong>S.</strong></span> <span class='ocrx_word' id='word_1_632' title='bbox 3205 3629 3508 3700; x_wconf 78' lang='lat' dir='ltr'><strong>Augustino</strong></span> <span class='ocrx_word' id='word_1_633' title='bbox 3531 3641 3584 3685; x_wconf 73' lang='lat' dir='ltr'><strong>rt</strong></span> <span class='ocrx_word' id='word_1_634' title='bbox 3611 3632 3660 3683; x_wconf 72' lang='grc' dir='ltr'><strong>ὃ.</strong></span> <span class='ocrx_word' id='word_1_635' title='bbox 3686 3629 3814 3700; x_wconf 84' lang='lat' dir='ltr'><strong>Leoni</strong></span> 
     </span>
    </p>
   </div>
   <div class='ocr_carea' id='block_1_117' title="bbox 2291 3699 3811 3772">
    <p class='ocr_par' dir='ltr' id='par_1_117' title="bbox 2291 3699 3811 3772">
     <span class='ocr_line' id='line_1_118' title="bbox 2291 3699 3811 3772; baseline -0.004 -16"><span class='ocrx_word' id='word_1_636' title='bbox 2291 3708 2541 3772; x_wconf 83' lang='lat' dir='ltr'><strong>ascripta,</strong></span> <span class='ocrx_word' id='word_1_637' title='bbox 2572 3704 2659 3772; x_wconf 91' lang='lat' dir='ltr'><strong>qui</strong></span> <span class='ocrx_word' id='word_1_638' title='bbox 2691 3704 2864 3756; x_wconf 91' lang='lat' dir='ltr'><strong>verius</strong></span> <span class='ocrx_word' id='word_1_639' title='bbox 2887 3713 2968 3756; x_wconf 86' lang='lat' dir='ltr'><strong>est</strong></span> <span class='ocrx_word' id='word_1_640' title='bbox 2995 3703 3050 3757; x_wconf 90' lang='lat' dir='ltr'><strong>S.</strong></span> <span class='ocrx_word' id='word_1_641' title='bbox 3081 3699 3326 3760; x_wconf 85' lang='lat' dir='ltr'><strong>Leandri.</strong></span> <span class='ocrx_word' id='word_1_642' title='bbox 3365 3711 3421 3772; x_wconf 89' lang='lat' dir='ltr'><strong>ut</strong></span> <span class='ocrx_word' id='word_1_643' title='bbox 3453 3704 3634 3772; x_wconf 57' lang='lat' dir='ltr'><strong>probat</strong></span> <span class='ocrx_word' id='word_1_644' title='bbox 3667 3699 3811 3772; x_wconf 75' lang='lat' dir='ltr'><strong>Flore-</strong></span> 
     </span>
    </p>
   </div>
   <div class='ocr_carea' id='block_1_118' title="bbox 2294 3769 3814 3840">
    <p class='ocr_par' dir='ltr' id='par_1_118' title="bbox 2294 3769 3814 3840">
     <span class='ocr_line' id='line_1_119' title="bbox 2294 3769 3814 3840; baseline -0.007 -14"><span class='ocrx_word' id='word_1_645' title='bbox 2294 3774 2404 3827; x_wconf 89' lang='lat' dir='ltr'><strong>zins</strong></span> <span class='ocrx_word' id='word_1_646' title='bbox 2436 3769 2568 3826; x_wconf 80' lang='lat' dir='ltr'><strong>tuin.</strong></span> <span class='ocrx_word' id='word_1_647' title='bbox 2591 3769 2718 3826; x_wconf 54' lang='lat' dir='ltr'><strong>&#39;Vlll</strong></span> <span class='ocrx_word' id='word_1_648' title='bbox 2763 3773 2913 3839; x_wconf 81' lang='lat' dir='ltr'><strong>llisp.</strong></span> <span class='ocrx_word' id='word_1_649' title='bbox 2945 3786 3082 3825; x_wconf 86' lang='lat' dir='ltr'><strong>Sacr.</strong></span> <span class='ocrx_word' id='word_1_650' title='bbox 3120 3773 3352 3840; x_wconf 81' lang='lat' dir='ltr'><strong>append.</strong></span> <span class='ocrx_word' id='word_1_651' title='bbox 3397 3771 3448 3836; x_wconf 83' lang='lat'><strong>1,</strong></span> <span class='ocrx_word' id='word_1_652' title='bbox 3485 3770 3745 3839; x_wconf 67' lang='grc' dir='ltr'><strong>ειν-φωνεῖς</strong></span> <span class='ocrx_word' id='word_1_653' title='bbox 3776 3769 3814 3840; x_wconf 74' lang='lat' dir='ltr'><strong>in</strong></span> 
     </span>
    </p>
   </div>
   <div class='ocr_carea' id='block_1_119' title="bbox 2294 3836 3816 3909">
    <p class='ocr_par' dir='ltr' id='par_1_119' title="bbox 2294 3836 3816 3909">
     <span class='ocr_line' id='line_1_120' title="bbox 2294 3836 3816 3909; baseline -0.003 -15"><span class='ocrx_word' id='word_1_654' title='bbox 2294 3843 2575 3909; x_wconf 83' lang='lat' dir='ltr'><strong>patentibus</strong></span> <span class='ocrx_word' id='word_1_655' title='bbox 2602 3836 2874 3895; x_wconf 74' lang='lat' dir='ltr'><strong>visceribus</strong></span> <span class='ocrx_word' id='word_1_656' title='bbox 2896 3842 3018 3894; x_wconf 88' lang='lat' dir='ltr'><strong>salis</strong></span> <span class='ocrx_word' id='word_1_657' title='bbox 3044 3836 3268 3909; x_wconf 65' lang='lat' dir='ltr'><strong>injectio.</strong></span> <span class='ocrx_word' id='word_1_658' title='bbox 3308 3839 3424 3893; x_wconf 82' lang='lat' dir='ltr'><strong>Non</strong></span> <span class='ocrx_word' id='word_1_659' title='bbox 3468 3836 3674 3892; x_wconf 85' lang='lat' dir='ltr'><strong>invenio</strong></span> <span class='ocrx_word' id='word_1_660' title='bbox 3710 3836 3816 3909; x_wconf 72' lang='lat' dir='ltr'><strong>:qud</strong></span> 
     </span>
    </p>
   </div>
   <div class='ocr_carea' id='block_1_120' title="bbox 2295 3906 3818 3980">
    <p class='ocr_par' dir='ltr' id='par_1_120' title="bbox 2295 3906 3818 3980">
     <span class='ocr_line' id='line_1_121' title="bbox 2295 3906 3818 3980; baseline -0.003 -16"><span class='ocrx_word' id='word_1_661' title='bbox 2295 3906 2597 3965; x_wconf 76' lang='lat' dir='ltr'><strong>Gallonium</strong></span> <span class='ocrx_word' id='word_1_662' title='bbox 2628 3923 2680 3967; x_wconf 93' lang='lat' dir='ltr'><strong>et</strong></span> <span class='ocrx_word' id='word_1_663' title='bbox 2709 3910 3053 3980; x_wconf 86' lang='lat' dir='ltr'><strong>Sagittarium</strong></span> <span class='ocrx_word' id='word_1_664' title='bbox 3089 3906 3396 3964; x_wconf 82' lang='lat' dir='ltr'><strong>distinctam</strong></span> <span class='ocrx_word' id='word_1_665' title='bbox 3428 3911 3585 3978; x_wconf 86' lang='lat' dir='ltr'><strong>hujus</strong></span> <span class='ocrx_word' id='word_1_666' title='bbox 3607 3906 3818 3963; x_wconf 83' lang='lat' dir='ltr'><strong>tormenti</strong></span> 
     </span>
    </p>
   </div>
   <div class='ocr_carea' id='block_1_121' title="bbox 2296 3983 2638 4035">
    <p class='ocr_par' dir='ltr' id='par_1_121' title="bbox 2296 3983 2638 4035">
     <span class='ocr_line' id='line_1_122' title="bbox 2296 3983 2638 4035; baseline 0 -1"><span class='ocrx_word' id='word_1_667' title='bbox 2296 3983 2638 4035; x_wconf 87' lang='lat' dir='ltr'><strong>mentionem.</strong></span> 
     </span>
    </p>
   </div>
   <div class='ocr_carea' id='block_1_122' title="bbox 2363 4048 3820 4118">
    <p class='ocr_par' dir='ltr' id='par_1_122' title="bbox 2363 4048 3820 4118">
     <span class='ocr_line' id='line_1_123' title="bbox 2363 4048 3820 4118; baseline -0.003 -17"><span class='ocrx_word' id='word_1_668' title='bbox 2363 4051 2488 4104; x_wconf 70' lang='lat'><strong>227.</strong></span> <span class='ocrx_word' id='word_1_669' title='bbox 2531 4051 2726 4104; x_wconf 81' lang='lat' dir='ltr'><strong>Puncta</strong></span> <span class='ocrx_word' id='word_1_670' title='bbox 2778 4049 3051 4104; x_wconf 79' lang='lat' dir='ltr'><strong>Mariettus</strong></span> <span class='ocrx_word' id='word_1_671' title='bbox 3097 4048 3327 4117; x_wconf 81' lang='lat' dir='ltr'><strong>explicat</strong></span> <span class='ocrx_word' id='word_1_672' title='bbox 3372 4057 3553 4118; x_wconf 86' lang='lat' dir='ltr'><strong>guttas</strong></span> <span class='ocrx_word' id='word_1_673' title='bbox 3594 4061 3729 4110; x_wconf 62' lang='lat' dir='ltr'><strong>satis,</strong></span> <span class='ocrx_word' id='word_1_674' title='bbox 3769 4057 3820 4098; x_wconf 83' lang='lat' dir='ltr'><strong>ex</strong></span> 
     </span>
    </p>
   </div>
   <div class='ocr_carea' id='block_1_123' title="bbox 2293 4120 2929 4189">
    <p class='ocr_par' dir='ltr' id='par_1_123' title="bbox 2293 4120 2929 4189">
     <span class='ocr_line' id='line_1_124' title="bbox 2293 4120 2929 4189; baseline 0.003 -19"><span class='ocrx_word' id='word_1_675' title='bbox 2293 4120 2466 4189; x_wconf 75' lang='lat' dir='ltr'><strong>glos~a</strong></span> <span class='ocrx_word' id='word_1_676' title='bbox 2499 4120 2684 4187; x_wconf 79' lang='lat' dir='ltr'><strong>veteri,</strong></span> <span class='ocrx_word' id='word_1_677' title='bbox 2719 4121 2929 4187; x_wconf 89' lang='lat' dir='ltr'><strong>opinor.</strong></span> 
     </span>
    </p>
   </div>
   <div class='ocr_carea' id='block_1_124' title="bbox 2363 4181 3820 4258">
    <p class='ocr_par' dir='ltr' id='par_1_124' title="bbox 2363 4181 3820 4258">
     <span class='ocr_line' id='line_1_125' title="bbox 2363 4181 3820 4258; baseline -0.004 -17"><span class='ocrx_word' id='word_1_678' title='bbox 2363 4188 2488 4243; x_wconf 87' lang='lat'><strong>228.</strong></span> <span class='ocrx_word' id='word_1_679' title='bbox 2517 4181 2781 4243; x_wconf 73' lang='lat' dir='ltr'><strong>Caucbius</strong></span> <span class='ocrx_word' id='word_1_680' title='bbox 2808 4188 3148 4258; x_wconf 68' lang='lat' dir='ltr'><strong>cpnjiciebat,</strong></span> <span class='ocrx_word' id='word_1_681' title='bbox 3175 4188 3381 4258; x_wconf 83' lang='lat' dir='ltr'><strong>frigitur</strong></span> <span class='ocrx_word' id='word_1_682' title='bbox 3401 4201 3422 4240; x_wconf 89' lang='lat'><strong><em>:</em></strong></span> <span class='ocrx_word' id='word_1_683' title='bbox 3451 4186 3548 4241; x_wconf 88' lang='lat' dir='ltr'><strong>sed</strong></span> <span class='ocrx_word' id='word_1_684' title='bbox 3584 4185 3753 4240; x_wconf 83' lang='lat' dir='ltr'><strong>melius</strong></span> <span class='ocrx_word' id='word_1_685' title='bbox 3770 4181 3820 4251; x_wconf 82' lang='lat' dir='ltr'><strong>fi-</strong></span> 
     </span>
    </p>
   </div>
   <div class='ocr_carea' id='block_1_125' title="bbox 2251 4259 2810 4330">
    <p class='ocr_par' dir='ltr' id='par_1_125' title="bbox 2251 4259 2810 4330">
     <span class='ocr_line' id='line_1_126' title="bbox 2251 4259 2810 4330; baseline 0.004 -21"><span class='ocrx_word' id='word_1_686' title='bbox 2251 4271 2253 4273; x_wconf 88' lang='grc'><strong>·</strong></span> <span class='ocrx_word' id='word_1_687' title='bbox 2296 4260 2459 4330; x_wconf 70' lang='lat' dir='ltr'><strong>gitur,</strong></span> <span class='ocrx_word' id='word_1_688' title='bbox 2484 4259 2683 4330; x_wconf 75' lang='lat' dir='ltr'><strong>scilicet</strong></span> <span class='ocrx_word' id='word_1_689' title='bbox 2712 4259 2810 4330; x_wconf 81' lang='lat' dir='ltr'><strong>sal.</strong></span> 
     </span>
    </p>
   </div>
   <div class='ocr_carea' id='block_1_126' title="bbox 2363 4325 3696 4396">
    <p class='ocr_par' dir='ltr' id='par_1_126' title="bbox 2363 4325 3696 4396">
     <span class='ocr_line' id='line_1_127' title="bbox 2363 4325 3696 4396; baseline -0.002 -16"><span class='ocrx_word' id='word_1_690' title='bbox 2363 4327 2486 4381; x_wconf 77' lang='lat'><strong>229.</strong></span> <span class='ocrx_word' id='word_1_691' title='bbox 2519 4328 2631 4380; x_wconf 69' lang='lat' dir='ltr'><strong>(iis.</strong></span> <span class='ocrx_word' id='word_1_692' title='bbox 2659 4329 2824 4395; x_wconf 88' lang='lat' dir='ltr'><strong>prima</strong></span> <span class='ocrx_word' id='word_1_693' title='bbox 2851 4328 2960 4386; x_wconf 87' lang='lat' dir='ltr'><strong>ed..</strong></span> <span class='ocrx_word' id='word_1_694' title='bbox 2993 4335 3102 4391; x_wconf 83' lang='lat' dir='ltr'><strong>post</strong></span> <span class='ocrx_word' id='word_1_695' title='bbox 3137 4327 3274 4390; x_wconf 79' lang='lat' dir='ltr'><strong>lucc;</strong></span> <span class='ocrx_word' id='word_1_696' title='bbox 3305 4325 3417 4390; x_wconf 88' lang='lat' dir='ltr'><strong>alii,</strong></span> <span class='ocrx_word' id='word_1_697' title='bbox 3447 4326 3696 4396; x_wconf 75' lang='lat' dir='ltr'><strong>posthinc.</strong></span> 
     </span>
    </p>
   </div>
   <div class='ocr_carea' id='block_1_127' title="bbox 2364 4396 3254 4450">
    <p class='ocr_par' dir='ltr' id='par_1_127' title="bbox 2364 4396 3254 4450">
     <span class='ocr_line' id='line_1_128' title="bbox 2364 4396 3254 4450; baseline -0.001 -1"><span class='ocrx_word' id='word_1_698' title='bbox 2364 4396 2490 4450; x_wconf 78' lang='lat'><strong>250.</strong></span> <span class='ocrx_word' id='word_1_699' title='bbox 2517 4396 2713 4449; x_wconf 88' lang='lat' dir='ltr'><strong>Widm.</strong></span> <span class='ocrx_word' id='word_1_700' title='bbox 2742 4397 2926 4449; x_wconf 85' lang='lat' dir='ltr'><strong>scribit</strong></span> <span class='ocrx_word' id='word_1_701' title='bbox 2950 4396 3254 4449; x_wconf 76' lang='lat' dir='ltr'><strong>citauterem.</strong></span> 
     </span>
    </p>
   </div>
   <div class='ocr_carea' id='block_1_128' title="bbox 2365 4464 3426 4528">
    <p class='ocr_par' dir='ltr' id='par_1_128' title="bbox 2365 4464 3426 4528">
     <span class='ocr_line' id='line_1_129' title="bbox 2365 4464 3426 4528; baseline 0.002 -12"><span class='ocrx_word' id='word_1_702' title='bbox 2365 4464 2488 4518; x_wconf 75' lang='grc'><strong>251.</strong></span> <span class='ocrx_word' id='word_1_703' title='bbox 2522 4466 2638 4518; x_wconf 87' lang='lat' dir='ltr'><strong>Vat.</strong></span> <span class='ocrx_word' id='word_1_704' title='bbox 2673 4467 2732 4527; x_wconf 80' lang='grc' dir='ltr'><strong>Β,</strong></span> <span class='ocrx_word' id='word_1_705' title='bbox 2757 4467 2828 4518; x_wconf 75' lang='lat' dir='ltr'><strong>vis</strong></span> <span class='ocrx_word' id='word_1_706' title='bbox 2858 4466 3008 4528; x_wconf 87' lang='lat' dir='ltr'><strong>inde;</strong></span> <span class='ocrx_word' id='word_1_707' title='bbox 3037 4468 3144 4526; x_wconf 82' lang='lat' dir='ltr'><strong>alii,</strong></span> <span class='ocrx_word' id='word_1_708' title='bbox 3175 4469 3247 4517; x_wconf 85' lang='lat' dir='ltr'><strong>vis</strong></span> <span class='ocrx_word' id='word_1_709' title='bbox 3274 4465 3426 4518; x_wconf 88' lang='lat' dir='ltr'><strong>unde.</strong></span> 
     </span>
    </p>
   </div>
   <div class='ocr_carea' id='block_1_129' title="bbox 2362 4533 3822 4602">
    <p class='ocr_par' dir='ltr' id='par_1_129' title="bbox 2362 4533 3822 4602">
     <span class='ocr_line' id='line_1_130' title="bbox 2362 4533 3822 4602; baseline 0.003 -16"><span class='ocrx_word' id='word_1_710' title='bbox 2362 4533 2488 4587; x_wconf 78' lang='grc'><strong>252.</strong></span> <span class='ocrx_word' id='word_1_711' title='bbox 2522 4535 2664 4597; x_wconf 73' lang='lat' dir='ltr'><strong>ltat.,</strong></span> <span class='ocrx_word' id='word_1_712' title='bbox 2693 4535 2889 4586; x_wconf 72' lang='lat' dir='ltr'><strong>Widm.</strong></span> <span class='ocrx_word' id='word_1_713' title='bbox 2917 4549 3098 4602; x_wconf 86' lang='lat' dir='ltr'><strong>supra,</strong></span> <span class='ocrx_word' id='word_1_714' title='bbox 3125 4535 3257 4588; x_wconf 77' lang='lat' dir='ltr'><strong>Mar.</strong></span> <span class='ocrx_word' id='word_1_715' title='bbox 3285 4535 3352 4586; x_wconf 88' lang='lat' dir='ltr'><strong>ad</strong></span> <span class='ocrx_word' id='word_1_716' title='bbox 3383 4549 3560 4598; x_wconf 89' lang='lat' dir='ltr'><strong>oram,</strong></span> <span class='ocrx_word' id='word_1_717' title='bbox 3587 4534 3822 4591; x_wconf 65' lang='lat' dir='ltr'><strong>immersa;</strong></span> 
     </span>
    </p>
   </div>
   <div class='ocr_carea' id='block_1_130' title="bbox 2293 4603 2820 4656">
    <p class='ocr_par' dir='ltr' id='par_1_130' title="bbox 2293 4603 2820 4656">
     <span class='ocr_line' id='line_1_131' title="bbox 2293 4603 2820 4656; baseline 0.002 -1"><span class='ocrx_word' id='word_1_718' title='bbox 2293 4603 2482 4656; x_wconf 86' lang='lat' dir='ltr'><strong>melius</strong></span> <span class='ocrx_word' id='word_1_719' title='bbox 2503 4606 2553 4656; x_wconf 91' lang='lat' dir='ltr'><strong>in</strong></span> <span class='ocrx_word' id='word_1_720' title='bbox 2581 4605 2820 4656; x_wconf 88' lang='lat' dir='ltr'><strong>membra.</strong></span> 
     </span>
    </p>
   </div>
   <div class='ocr_carea' id='block_1_131' title="bbox 2361 4670 3826 4735">
    <p class='ocr_par' dir='ltr' id='par_1_131' title="bbox 2361 4670 3826 4735">
     <span class='ocr_line' id='line_1_132' title="bbox 2361 4670 3826 4735; baseline -0.006 -11"><span class='ocrx_word' id='word_1_721' title='bbox 2361 4672 2484 4724; x_wconf 80' lang='grc'><strong>255.</strong></span> <span class='ocrx_word' id='word_1_722' title='bbox 2537 4672 2788 4735; x_wconf 67' lang='lat' dir='ltr'><strong>Virgilius</strong></span> <span class='ocrx_word' id='word_1_723' title='bbox 2829 4687 2863 4724; x_wconf 86' lang='lat' dir='ltr'><strong>tt</strong></span> <span class='ocrx_word' id='word_1_724' title='bbox 2908 4671 3158 4734; x_wconf 48' lang='lat' dir='ltr'><strong>[Eneitln</strong></span> <span class='ocrx_word' id='word_1_725' title='bbox 3210 4670 3290 4723; x_wconf 79' lang='lat' dir='ltr'><strong>Ad</strong></span> <span class='ocrx_word' id='word_1_726' title='bbox 3333 4671 3515 4724; x_wconf 67' lang='lat' dir='ltr'><strong>citium</strong></span> <span class='ocrx_word' id='word_1_727' title='bbox 3543 4670 3737 4724; x_wconf 83' lang='lat' dir='ltr'><strong>tendens</strong></span> <span class='ocrx_word' id='word_1_728' title='bbox 3760 4682 3826 4717; x_wconf 88' lang='lat' dir='ltr'><strong>ar-</strong></span> 
     </span>
    </p>
   </div>
   <div class='ocr_carea' id='block_1_132' title="bbox 2293 4738 3826 4810">
    <p class='ocr_par' dir='ltr' id='par_1_132' title="bbox 2293 4738 3826 4810">
     <span class='ocr_line' id='line_1_133' title="bbox 2293 4738 3826 4810; baseline -0.006 -18"><span class='ocrx_word' id='word_1_729' title='bbox 2293 4743 2386 4792; x_wconf 88' lang='lat' dir='ltr'><strong>den</strong></span> <span class='ocrx_word' id='word_1_730' title='bbox 2414 4743 2462 4792; x_wconf 89' lang='lat' dir='ltr'><strong>ia</strong></span> <span class='ocrx_word' id='word_1_731' title='bbox 2499 4742 2691 4793; x_wconf 89' lang='lat' dir='ltr'><strong>Iumina</strong></span> <span class='ocrx_word' id='word_1_732' title='bbox 2722 4746 2949 4810; x_wconf 89' lang='lat' dir='ltr'><strong>frustra:</strong></span> <span class='ocrx_word' id='word_1_733' title='bbox 2983 4741 3218 4802; x_wconf 86' lang='lat' dir='ltr'><strong>Lumina,</strong></span> <span class='ocrx_word' id='word_1_734' title='bbox 3260 4757 3374 4810; x_wconf 83' lang='lat' dir='ltr'><strong>nam</strong></span> <span class='ocrx_word' id='word_1_735' title='bbox 3401 4751 3602 4794; x_wconf 79' lang='lat' dir='ltr'><strong>teneras</strong></span> <span class='ocrx_word' id='word_1_736' title='bbox 3626 4738 3826 4792; x_wconf 57' lang='lat' dir='ltr'><strong>arcebant</strong></span> 
     </span>
    </p>
   </div>
   <div class='ocr_carea' id='block_1_133' title="bbox 2294 4809 3830 4879">
    <p class='ocr_par' dir='ltr' id='par_1_133' title="bbox 2294 4809 3830 4879">
     <span class='ocr_line' id='line_1_134' title="bbox 2294 4809 3830 4879; baseline 0.003 -19"><span class='ocrx_word' id='word_1_737' title='bbox 2294 4811 2491 4862; x_wconf 76' lang='lat' dir='ltr'><strong>vincula</strong></span> <span class='ocrx_word' id='word_1_738' title='bbox 2524 4809 2740 4876; x_wconf 87' lang='lat' dir='ltr'><strong>palmas.</strong></span> <span class='ocrx_word' id='word_1_739' title='bbox 2778 4813 2832 4865; x_wconf 86' lang='lat' dir='ltr'><strong>S.</strong></span> <span class='ocrx_word' id='word_1_740' title='bbox 2869 4810 3255 4878; x_wconf 82' lang='lat' dir='ltr'><strong>llieronymus:</strong></span> <span class='ocrx_word' id='word_1_741' title='bbox 3289 4809 3489 4874; x_wconf 67' lang='lat' dir='ltr'><strong>Oculis,</strong></span> <span class='ocrx_word' id='word_1_742' title='bbox 3514 4827 3642 4879; x_wconf 86' lang='lat' dir='ltr'><strong>quos</strong></span> <span class='ocrx_word' id='word_1_743' title='bbox 3665 4820 3830 4879; x_wconf 51' lang='lat' dir='ltr'><strong>(aut?!</strong></span> 
     </span>
    </p>
   </div>
   <div class='ocr_carea' id='block_1_134' title="bbox 2295 4876 3830 4949">
    <p class='ocr_par' dir='ltr' id='par_1_134' title="bbox 2295 4876 3830 4949">
     <span class='ocr_line' id='line_1_135' title="bbox 2295 4876 3830 4949; baseline -0.001 -21"><span class='ocrx_word' id='word_1_744' title='bbox 2295 4888 2453 4932; x_wconf 91' lang='lat' dir='ltr'><strong>tortor</strong></span> <span class='ocrx_word' id='word_1_745' title='bbox 2494 4880 2708 4949; x_wconf 83' lang='lat' dir='ltr'><strong>alligare</strong></span> <span class='ocrx_word' id='word_1_746' title='bbox 2743 4893 2856 4932; x_wconf 89' lang='lat' dir='ltr'><strong>non&#39;</strong></span> <span class='ocrx_word' id='word_1_747' title='bbox 2885 4876 3109 4943; x_wconf 75' lang='lat' dir='ltr'><strong>paterni,</strong></span> <span class='ocrx_word' id='word_1_748' title='bbox 3149 4880 3372 4948; x_wconf 72' lang='lat' dir='ltr'><strong>suspexit</strong></span> <span class='ocrx_word' id='word_1_749' title='bbox 3409 4880 3462 4932; x_wconf 88' lang='lat' dir='ltr'><strong>in</strong></span> <span class='ocrx_word' id='word_1_750' title='bbox 3491 4876 3692 4932; x_wconf 71' lang='lat' dir='ltr'><strong>caelum.</strong></span> <span class='ocrx_word' id='word_1_751' title='bbox 3728 4876 3830 4927; x_wconf 56' lang='lat' dir='ltr'><strong>\‘ide</strong></span> 
     </span>
    </p>
   </div>
   <div class='ocr_carea' id='block_1_135' title="bbox 2293 4949 3215 5003">
    <p class='ocr_par' dir='ltr' id='par_1_135' title="bbox 2293 4949 3215 5003">
     <span class='ocr_line' id='line_1_136' title="bbox 2293 4949 3215 5003; baseline 0 -3"><span class='ocrx_word' id='word_1_752' title='bbox 2293 4949 2394 5000; x_wconf 86' lang='lat' dir='ltr'><strong>alia</strong></span> <span class='ocrx_word' id='word_1_753' title='bbox 2428 4950 2477 5000; x_wconf 94' lang='lat' dir='ltr'><strong>in</strong></span> <span class='ocrx_word' id='word_1_754' title='bbox 2508 4952 2800 5001; x_wconf 71' lang='lat' dir='ltr'><strong>tioiumcnt.</strong></span> <span class='ocrx_word' id='word_1_755' title='bbox 2837 4950 2900 5002; x_wconf 88' lang='lat' dir='ltr'><strong>ad</strong></span> <span class='ocrx_word' id='word_1_756' title='bbox 2927 4965 3064 5003; x_wconf 87' lang='lat' dir='ltr'><strong>vers.</strong></span> <span class='ocrx_word' id='word_1_757' title='bbox 3096 4949 3215 5001; x_wconf 81' lang='lat'><strong>109.</strong></span> 
     </span>
    </p>
   </div>
   <div class='ocr_carea' id='block_1_136' title="bbox 2362 5016 3829 5086">
    <p class='ocr_par' dir='ltr' id='par_1_136' title="bbox 2362 5016 3829 5086">
     <span class='ocr_line' id='line_1_137' title="bbox 2362 5016 3829 5086; baseline -0.005 -17"><span class='ocrx_word' id='word_1_758' title='bbox 2362 5017 2487 5072; x_wconf 81' lang='lat'><strong>238.</strong></span> <span class='ocrx_word' id='word_1_759' title='bbox 2517 5018 2655 5080; x_wconf 83' lang='lat' dir='ltr'><strong>PaL,</strong></span> <span class='ocrx_word' id='word_1_760' title='bbox 2685 5019 2924 5078; x_wconf 81' lang='lat' dir='ltr'><strong>traditur,</strong></span> <span class='ocrx_word' id='word_1_761' title='bbox 2955 5021 3128 5086; x_wconf 54' lang='lat' dir='ltr'><strong>ligni&quot;</strong></span> <span class='ocrx_word' id='word_1_762' title='bbox 3161 5016 3413 5086; x_wconf 68' lang='lat' dir='ltr'><strong>Lugubres!</strong></span> <span class='ocrx_word' id='word_1_763' title='bbox 3435 5017 3486 5070; x_wconf 91' lang='lat' dir='ltr'><strong>in</strong></span> <span class='ocrx_word' id='word_1_764' title='bbox 3516 5029 3719 5069; x_wconf 84' lang='lat' dir='ltr'><strong>antrum</strong></span> <span class='ocrx_word' id='word_1_765' title='bbox 3745 5023 3829 5064; x_wconf 82' lang='lat' dir='ltr'><strong>tra-</strong></span> 
     </span>
    </p>
   </div>
   <div class='ocr_carea' id='block_1_137' title="bbox 2293 5086 3834 5155">
    <p class='ocr_par' dir='ltr' id='par_1_137' title="bbox 2293 5086 3834 5155">
     <span class='ocr_line' id='line_1_138' title="bbox 2293 5086 3834 5155; baseline -0.003 -18"><span class='ocrx_word' id='word_1_766' title='bbox 2293 5086 2447 5140; x_wconf 89' lang='lat' dir='ltr'><strong>ditur.</strong></span> <span class='ocrx_word' id='word_1_767' title='bbox 2475 5087 2590 5140; x_wconf 84' lang='lat' dir='ltr'><strong>Vat.</strong></span> <span class='ocrx_word' id='word_1_768' title='bbox 2625 5091 2688 5153; x_wconf 82' lang='lat' dir='ltr'><strong>A,</strong></span> <span class='ocrx_word' id='word_1_769' title='bbox 2730 5086 2965 5155; x_wconf 81' lang='lat' dir='ltr'><strong>Lugubre</strong></span> <span class='ocrx_word' id='word_1_770' title='bbox 3009 5089 3061 5139; x_wconf 87' lang='lat' dir='ltr'><strong>in</strong></span> <span class='ocrx_word' id='word_1_771' title='bbox 3101 5096 3250 5138; x_wconf 85' lang='lat' dir='ltr'><strong>antra</strong></span> <span class='ocrx_word' id='word_1_772' title='bbox 3293 5087 3538 5139; x_wconf 87' lang='lat' dir='ltr'><strong>truditur.</strong></span> <span class='ocrx_word' id='word_1_773' title='bbox 3575 5089 3834 5140; x_wconf 79' lang='lat' dir='ltr'><strong>l&#39;everatus</strong></span> 
     </span>
    </p>
   </div>
   <div class='ocr_carea' id='block_1_138' title="bbox 2293 5156 3834 5218">
    <p class='ocr_par' dir='ltr' id='par_1_138' title="bbox 2293 5156 3834 5218">
     <span class='ocr_line' id='line_1_139' title="bbox 2293 5156 3834 5218; baseline -0.002 -11"><span class='ocrx_word' id='word_1_774' title='bbox 2293 5158 2387 5218; x_wconf 90' lang='lat' dir='ltr'><strong>ait,</strong></span> <span class='ocrx_word' id='word_1_775' title='bbox 2419 5156 2646 5209; x_wconf 68' lang='lat' dir='ltr'><strong>describi</strong></span> <span class='ocrx_word' id='word_1_776' title='bbox 2679 5157 2778 5210; x_wconf 84' lang='lat' dir='ltr'><strong>ltoc</strong></span> <span class='ocrx_word' id='word_1_777' title='bbox 2809 5159 2926 5210; x_wconf 90' lang='lat' dir='ltr'><strong>loco</strong></span> <span class='ocrx_word' id='word_1_778' title='bbox 2952 5171 3224 5210; x_wconf 75' lang='lat' dir='ltr'><strong>caret-rem</strong></span> <span class='ocrx_word' id='word_1_779' title='bbox 3255 5156 3561 5208; x_wconf 86' lang='lat' dir='ltr'><strong>Tullianum</strong></span> <span class='ocrx_word' id='word_1_780' title='bbox 3597 5173 3611 5209; x_wconf 90' lang='lat'><strong>:</strong></span> <span class='ocrx_word' id='word_1_781' title='bbox 3637 5156 3834 5208; x_wconf 54' lang='lat' dir='ltr'><strong>[ortam</strong></span> 
     </span>
    </p>
   </div>
   <div class='ocr_carea' id='block_1_139' title="bbox 2295 5219 3838 5294">
    <p class='ocr_par' dir='ltr' id='par_1_139' title="bbox 2295 5219 3838 5294">
     <span class='ocr_line' id='line_1_140' title="bbox 2295 5219 3838 5294; baseline -0.003 -18"><span class='ocrx_word' id='word_1_782' title='bbox 2295 5224 2542 5294; x_wconf 81' lang='lat' dir='ltr'><strong>intelligit</strong></span> <span class='ocrx_word' id='word_1_783' title='bbox 2564 5239 2834 5278; x_wconf 84' lang='lat' dir='ltr'><strong>carcerem</strong></span> <span class='ocrx_word' id='word_1_784' title='bbox 2865 5226 3092 5279; x_wconf 86' lang='lat' dir='ltr'><strong>similem</strong></span> <span class='ocrx_word' id='word_1_785' title='bbox 3125 5226 3398 5288; x_wconf 89' lang='lat' dir='ltr'><strong>&#39;I‘ulliano;</strong></span> <span class='ocrx_word' id='word_1_786' title='bbox 3435 5241 3544 5278; x_wconf 92' lang='lat' dir='ltr'><strong>non</strong></span> <span class='ocrx_word' id='word_1_787' title='bbox 3567 5230 3706 5279; x_wconf 89' lang='lat' dir='ltr'><strong>enim</strong></span> <span class='ocrx_word' id='word_1_788' title='bbox 3729 5219 3838 5273; x_wconf 77' lang='lat' dir='ltr'><strong>Vin-</strong></span> 
     </span>
    </p>
   </div>
   <div class='ocr_carea' id='block_1_140' title="bbox 2294 5294 3340 5348">
    <p class='ocr_par' dir='ltr' id='par_1_140' title="bbox 2294 5294 3340 5348">
     <span class='ocr_line' id='line_1_141' title="bbox 2294 5294 3340 5348; baseline 0 -2"><span class='ocrx_word' id='word_1_789' title='bbox 2294 5295 2496 5346; x_wconf 85' lang='lat' dir='ltr'><strong>centius</strong></span> <span class='ocrx_word' id='word_1_790' title='bbox 2527 5294 2706 5346; x_wconf 66' lang='lat' dir='ltr'><strong>liomze</strong></span> <span class='ocrx_word' id='word_1_791' title='bbox 2737 5298 2938 5348; x_wconf 87' lang='lat' dir='ltr'><strong>carceri</strong></span> <span class='ocrx_word' id='word_1_792' title='bbox 2968 5297 3202 5347; x_wconf 80' lang='lat' dir='ltr'><strong>inclusus</strong></span> <span class='ocrx_word' id='word_1_793' title='bbox 3226 5295 3340 5347; x_wconf 80' lang='lat' dir='ltr'><strong>fuit.</strong></span> 
     </span>
    </p>
   </div>
   <div class='ocr_carea' id='block_1_141' title="bbox 2365 5362 3842 5430">
    <p class='ocr_par' dir='ltr' id='par_1_141' title="bbox 2365 5362 3842 5430">
     <span class='ocr_line' id='line_1_142' title="bbox 2365 5362 3842 5430; baseline -0.005 -15"><span class='ocrx_word' id='word_1_794' title='bbox 2365 5362 2490 5415; x_wconf 69' lang='grc'><strong>211.</strong></span> <span class='ocrx_word' id='word_1_795' title='bbox 2515 5365 2836 5430; x_wconf 82' lang='lat' dir='ltr'><strong>Augustinus</strong></span> <span class='ocrx_word' id='word_1_796' title='bbox 2877 5365 2926 5416; x_wconf 94' lang='lat' dir='ltr'><strong>in</strong></span> <span class='ocrx_word' id='word_1_797' title='bbox 2955 5365 3172 5425; x_wconf 86' lang='lat' dir='ltr'><strong>Joann.,</strong></span> <span class='ocrx_word' id='word_1_798' title='bbox 3198 5362 3264 5416; x_wconf 86' lang='lat' dir='ltr'><strong>Et</strong></span> <span class='ocrx_word' id='word_1_799' title='bbox 3293 5365 3347 5415; x_wconf 87' lang='lat' dir='ltr'><strong>in</strong></span> <span class='ocrx_word' id='word_1_800' title='bbox 3375 5362 3487 5427; x_wconf 72' lang='lat' dir='ltr'><strong>ipso</strong></span> <span class='ocrx_word' id='word_1_801' title='bbox 3532 5376 3733 5414; x_wconf 38' lang='lat' dir='ltr'><strong>carcere</strong></span> <span class='ocrx_word' id='word_1_802' title='bbox 3758 5371 3842 5410; x_wconf 84' lang='grc' dir='ltr'>ιιοιι</span> 
     </span>
    </p>
   </div>
   <div class='ocr_carea' id='block_1_142' title="bbox 2295 5431 3842 5501">
    <p class='ocr_par' dir='ltr' id='par_1_142' title="bbox 2295 5431 3842 5501">
     <span class='ocr_line' id='line_1_143' title="bbox 2295 5431 3842 5501; baseline -0.003 -18"><span class='ocrx_word' id='word_1_803' title='bbox 2295 5446 2325 5484; x_wconf 91' lang='grc' dir='ltr'><strong><em>ο</em></strong></span> <span class='ocrx_word' id='word_1_804' title='bbox 2345 5448 2483 5494; x_wconf 79' lang='lat' dir='ltr'><strong>ones,</strong></span> <span class='ocrx_word' id='word_1_805' title='bbox 2509 5433 2596 5484; x_wconf 88' lang='lat' dir='ltr'><strong>sed</strong></span> <span class='ocrx_word' id='word_1_806' title='bbox 2617 5449 2709 5501; x_wconf 57' lang='lat' dir='ltr'><strong>pro</strong></span> <span class='ocrx_word' id='word_1_807' title='bbox 2738 5434 2930 5486; x_wconf 72' lang='lat' dir='ltr'><strong>inmitis</strong></span> <span class='ocrx_word' id='word_1_808' title='bbox 2959 5449 3226 5486; x_wconf 85' lang='lat' dir='ltr'><strong>causarum</strong></span> <span class='ocrx_word' id='word_1_809' title='bbox 3257 5434 3308 5485; x_wconf 87' lang='lat' dir='ltr'><strong>in</strong></span> <span class='ocrx_word' id='word_1_810' title='bbox 3340 5447 3430 5484; x_wconf 73' lang='grc' dir='ltr'>ιιιΑ</span> <span class='ocrx_word' id='word_1_811' title='bbox 3451 5448 3531 5482; x_wconf 77' lang='lat' dir='ltr'><strong>cat</strong></span> <span class='ocrx_word' id='word_1_812' title='bbox 3546 5431 3675 5484; x_wconf 86' lang='lat' dir='ltr'><strong>ceris</strong></span> <span class='ocrx_word' id='word_1_813' title='bbox 3693 5431 3842 5501; x_wconf 80' lang='lat' dir='ltr'><strong>detru-</strong></span> 
     </span>
    </p>
   </div>
   <div class='ocr_carea' id='block_1_143' title="bbox 2294 5497 3843 5570">
    <p class='ocr_par' dir='ltr' id='par_1_143' title="bbox 2294 5497 3843 5570">
     <span class='ocr_line' id='line_1_144' title="bbox 2294 5497 3843 5570; baseline -0.005 -18"><span class='ocrx_word' id='word_1_814' title='bbox 2294 5502 2503 5570; x_wconf 83' lang='lat' dir='ltr'><strong>duntur.</strong></span> <span class='ocrx_word' id='word_1_815' title='bbox 2533 5497 2908 5570; x_wconf 64' lang='lat' dir='ltr'><strong>De&#39;r-orcerum</strong></span> <span class='ocrx_word' id='word_1_816' title='bbox 2933 5501 3249 5558; x_wconf 79' lang='lat' dir='ltr'><strong>dill&#39;ereutiis</strong></span> <span class='ocrx_word' id='word_1_817' title='bbox 3276 5504 3496 5557; x_wconf 82' lang='lat' dir='ltr'><strong>consule</strong></span> <span class='ocrx_word' id='word_1_818' title='bbox 3518 5497 3843 5570; x_wconf 75' lang='lat' dir='ltr'><strong>Sagitutiuru</strong></span> 
     </span>
    </p>
   </div>
   <div class='ocr_carea' id='block_1_144' title="bbox 2292 5569 2835 5640">
    <p class='ocr_par' dir='ltr' id='par_1_144' title="bbox 2292 5569 2835 5640">
     <span class='ocr_line' id='line_1_145' title="bbox 2292 5569 2835 5640; baseline 0.002 -18"><span class='ocrx_word' id='word_1_819' title='bbox 2292 5569 2360 5624; x_wconf 88' lang='lat' dir='ltr'><strong>de</strong></span> <span class='ocrx_word' id='word_1_820' title='bbox 2387 5569 2618 5625; x_wconf 71' lang='lat' dir='ltr'><strong>Cruci-at.</strong></span> <span class='ocrx_word' id='word_1_821' title='bbox 2641 5584 2758 5640; x_wconf 86' lang='lat' dir='ltr'><strong>cap.</strong></span> <span class='ocrx_word' id='word_1_822' title='bbox 2781 5573 2835 5626; x_wconf 63' lang='grc' dir='ltr'><strong>ὗ,</strong></span> 
     </span>
    </p>
   </div>
  </div>
