3968 6288
151 341 241 396 895

376 441 580 512 1041
609 439 890 505 Quirinum
927 439 1172 508 pini-itum
1209 439 1345 498 De...

378 532 537 587 l’rhis
557 533 754 587 mmnia
795 531 980 586 Siscize

367 625 695 678 Concessum
727 623 827 678 sibi
860 631 1153 690 martyrem

152 722 177 772 5
377 713 584 785 1042
613 705 922 782 Complexu
943 710 1114 781 patrio
1145 712 1343 763 fovent.

303 805 395 858 llic
422 805 521 858 sub
550 803 764 858 Galerio
790 801 947 863 duce,

371 893 470 960 Qui
501 902 628 947 tunc
652 891 892 962 Illyricos
917 891 1070 944 sinus

372 980 605 1050 llrgebat
646 979 958 1041 ditionibus,

369 1070 556 1124 Fertur
588 1068 902 1123 catholicam
938 1067 1093 1122 tidem

159 1169 205 1218 Itl
373 1162 672 1215 Illustrasse
696 1173 790 1227 per
816 1160 1036 1213 exitum.

301 1251 410 1306 Non
444 1251 592 1304 illum
622 1247 787 1317 gladii
819 1247 981 1316 rigor.

374 1342 491 1394 Non
523 1337 790 1401 incendia,
820 1352 925 1391 non
949 1337 1072 1391 ferae

367 1429 589 1484 Crudeli
625 1427 841 1484 interitu
867 1436 1056 1481 necant
1086 1442 1096 1476 :

210 1619 254 1669 Ei.
293 1615 493 1669 Fovent
515 1655 530 1677 ,
563 1612 814 1678 colligunt
836 1652 850 1669 .
884 1609 924 1662 I.

211 1689 284 1742 ll).
324 1685 562 1746 Exitum,
595 1693 823 1746 mortem,
868 1682 904 1732 Ι.

215 1758 290 1810 15.
330 1755 547 1820 Abluit,
583 1753 803 1818 penitus,
837 1749 874 1803 Ι.

215 1831 285 1881 16.
326 1817 724 1887 κατακαῦται,
751 1821 826 1872 rel
847 1817 1053 1885 diﬁ‘ert,
1087 1817 1126 1870 l.

1277 325 1837 388 PFllISTEPIIANON
1879 323 2087 379 HYMN.
2132 322 2238 377 Vll.
2289 385 2292 387 λ

3263 315 3370 369 iss
3411 386 3413 389 ι

2051 428 2156 483 Sed
2193 425 2418 498 lymphis
2446 422 2746 479 ﬂuvialibus

1815 520 1872 570 1ΐί
2054 519 2261 588 Gurges
2282 517 2407 572 dum
2431 517 2590 586 rapit,
2625 513 2810 567 abluit.

1980 608 2058 662 Nil
2089 607 2252 661 refert
2279 607 2450 660 vitreo
2479 618 2717 672 aequore,

2051 700 2130 751 An
2149 696 2216 750 de
2237 693 2452 749 ﬂumine
2479 693 2748 762 sanguinis

2047 786 2235 857 Tingat
2253 785 2432 855 passio
2461 792 2769 855 martyrem.

2049 879 2219 948 [Eque
2247 877 2412 946 gloria
2438 875 2678 945 provenit

1803 969 1870 1020 2t)
2057 968 2263 1038 1053
2298 966 2484 1020 Fluctu
2507 964 2744 1034 quolibet
2774 962 2954 1015 uvida.

1978 1060 2196 1116 Summo
2230 1057 2401 1124 pontis
2430 1055 2498 1109 ab
2527 1055 2677 1108 ardui

2050 1148 2259 1204 Sanctae
2291 1145 2462 1214 plebis
2485 1145 2771 1214 episcopus

2053 1240 2106 1293 ltt
2139 1252 2377 1310 prmceps
2400 1236 2561 1290 ﬂuvio
2599 1237 2776 1301 datur,

2052 1328 2382 1398 Suspensum
2411 1327 2603 1395 laqueo
2621 1339 2812 1393 gerens

1803 1422 1870 1474 25
2053 1419 2284 1487 Ingentis
2314 1416 2543 1486 lapidem
2573 1415 2746 1468 mnlic.

1396 1515 1686 1574 GLOSSzE
1734 1513 2065 1568 VLTEIKES.

1877 1607 1982 1664 17..
2006 1606 2118 1671 An,
2147 1613 2344 1672 utrum,
2376 1605 2418 1659 1.

1868 1677 1958 1730 20.
1989 1675 2256 1741 Quolibet.
2291 1687 2520 1742 utraque,
2553 1673 2594 1728 Ι.

1871 1747 1960 1800 21.
1991 1745 2236 1807 Summo,
2267 1747 2571 1808 summitate,
2601 1743 2645 1800 Ι.

1871 1817 1961 1869 '23.
2000 1816 2416 1885 Dalur,jacitur,
2449 1816 2486 1869 Ι.

1437 1910 1987 1967 COMMENTARIUS.

158 2014 394 2076 rabantur,
427 2009 890 2078 renuntiatusest,
922 2021 1094 2076 neque
1123 2006 1386 2078 Illyricum
1419 2015 1566 2078 post,
1593 2007 1687 2060 sed
1728 2012 1766 2068 Β
1798 2004 1928 2078 nihil
1956 2012 2185 2078 constat.
2218 2002 2345 2078 _Ejus
2368 2017 2580 2071 corpus,
2619 2013 2672 2057 ut
2697 2004 2933 2078 referunt
2959 2009 3110 2078 Acta,
3143 2007 3195 2062 in
3227 2007 3370 2064 basi-

159 2085 394 2139 Orientem
427 2080 650 2134 rexisse.
682 2077 788 2132 Sed
817 2078 1104 2131 notandum
1135 2077 1553 2132 Gitanrillardum
1583 2088 1694 2128 sta-

160 2164 316 2216 tin-re,
345 2151 445 2206 sub
475 2149 760 2203 Maximino
793 2148 927 2200 Daza
955 2149 1061 2216 jam
1090 2145 1301 2202 Casam
1332 2161 1543 2214 passum
1573 2147 1700 2212 Qni-

159 2225 326 2286 riuum,
357 2237 460 2275 non
491 2228 771 2287 antequam
801 2217 984 2271 Caesar
1011 2217 1184 2271 ﬂeret.
1217 2217 1343 2287 Mihi
1376 2216 1698 2287 placetsen-

161 2285 576 2353 tentiaGiselini,
616 2285 706 2356 qui
743 2303 772 2340 a
817 2288 1106 2342 Prudentio
1133 2287 1207 2340 ait
1231 2285 1503 2355 designari
1536 2285 1696 2340 Gale-

164 2365 278 2415 rium
304 2355 697 2422 Maximianum,
723 2358 810 2425 qui
838 2359 888 2410 in
915 2356 1226 2412 Diocletiani
1254 2358 1428 2410 locum
1451 2355 1694 2422 allectus,

162 2432 435 2502 Illyricum,
478 2429 656 2484 Asiam
679 2438 748 2502 rt
773 2428 1043 2502 Orientem
1074 2426 1365 2502 obtinebat,
1401 2427 1699 2502 tabulisque

161 2498 292 2556 mrcis
328 2502 395 2556 de
427 2501 638 2554 interitu
667 2500 1093 2552 Christianorum
1134 2499 1304 2554 edicta
1342 2498 1691 2567 proponebat.

162 2572 391 2625 Maximus
435 2581 611 2624 autem
663 2570 749 2622 ille
796 2578 848 2622 et
888 2569 1155 2622 Amantius
1197 2570 1264 2622 de
1310 2568 1504 2636 quibus
1542 2571 1694 2627 Aeta,

162 2644 391 2709 praesides
432 2640 642 2694 luerunt
666 2640 764 2709 sub
808 2639 1021 2692 Galerio
1055 2638 1396 2709 Maximiano,
1429 2648 1487 2691 ut
1513 2649 1698 2706 aperte

162 2708 358 2765 innuuttt
385 2715 514 2763 Acta
556 2725 585 2760 a
612 2708 972 2762 Bollandianis
1000 2709 1064 2762 ad
1109 2708 1231 2762 cod.
1277 2723 1380 2762 nts.
1413 2718 1648 2763 correcta
1682 2726 1694 2764 :

162 2781 480 2834 Prementibus
526 2779 693 2846 itaque
748 2778 1051 2831 Maximiani
1096 2779 1416 2848 imperatoris
1459 2779 1652 2848 legibus
1679 2819 1693 2840 ,

161 2851 451 2904 Christianus
480 2849 812 2917 infestabatur
841 2850 1088 2902 exercitus
1119 2864 1137 2902 :
1170 2864 1268 2918 pcr_
1292 2847 1557 2918 Illyricum
1582 2865 1695 2901 rero

161 2920 482 2975 Diocletianus
527 2916 786 2991 sacrilegis
827 2921 1089 2991 proneptis
1120 2919 1186 2991 in
1231 2916 1423 2991 Christi
1451 2920 1695 2991 papulum

160 2993 380 3044 hostiliter
411 2991 664 3053 sa-uiebat,
711 2986 887 3041 addito
927 2987 1186 3057 tyrannidi
1215 3003 1321 3042 sua:
1370 2986 1476 3042 alio
1521 2986 1694 3040 Maxi-

159 3065 323 3123 miano,
347 3061 399 3113 in
426 3077 576 3132 regno
599 3060 867 3132 participe,
897 3059 983 3125 qui
1011 3069 1058 3112 et
1080 3074 1226 3132 suam
1253 3058 1441 3132 rabiem
1459 3098 1474 3118 ,
1501 3065 1548 3112 et
1571 3057 1695 3110 Diu-

160 3132 336 3184 cletiani
377 3145 464 3198 per
480 3126 687 3184 omnem
714 3128 981 3198 Illyricum
1022 3128 1328 3182 ostenderet.
1362 3126 1495 3182 Fere
1527 3141 1692 3181 tamen

160 3201 212 3252 ad
237 3197 397 3253 omnes
426 3197 800 3265 provinciarum
817 3200 1017 3268 judices
1044 3197 1384 3265 nefandorum
1407 3197 1691 3265 principum

159 3272 363 3339 mcrilegi
411 3271 579 3336 apices
621 3271 971 3330 mittebantur,
1013 3283 1062 3321 ut
1095 3269 1146 3320 in
1181 3268 1387 3339 ten:plis_
1405 3269 1694 3339 dwmonum

159 3336 393 3394 immolare
421 3350 649 3409 cogerent
690 3340 1020 3409 Christianos.
1049 3375 1064 3389 .
1095 3379 1108 3392 .
1139 3381 1151 3392 .
1180 3375 1202 3409 .7
1221 3374 1234 3390 .
1267 3336 1287 3390 .’
1309 3378 1322 3391 .
1351 3336 1414 3391 Β.
1448 3338 1690 3402 Quirinus

158 3413 391 3479 episcopus
417 3408 681 3479 Siscianus
707 3427 738 3462 a
772 3408 824 3462 Μ
831 3409 996 3463 axiino
1018 3408 1233 3479 praeside
1251 3409 1517 3479 jussusicst
1547 3422 1684 3460 copu-

160 3477 403 3546 preltendi.
429 3519 442 3533 .
478 3517 492 3530 .
528 3477 650 3533 Post
681 3480 904 3531 triduum
936 3487 1103 3532 autem
1132 3477 1386 3532 Maximus
1419 3477 1688 3544 Quirinum

157 3552 420 3621 {piscarium
440 3552 596 3621 jussit
636 3548 704 3602 ad
747 3549 1036 3621 Amantium
1060 3548 1333 3621 praesident
1371 3547 1439 3601 ad
1473 3548 1689 3621 primani

160 3617 455 3673 Pannoniam
505 3621 641 3674 duci.
692 3622 858 3673 Antea
910 3620 1185 3687 legebatur
1213 3617 1389 3670 addito
1428 3617 1690 3686 tyrannidi

157 3707 246 3742 sua:
291 3689 642 3743 Hazimiano:
693 3688 1023 3742 Bollaudiani
1051 3704 1116 3742 ex
1161 3703 1260 3741 tus.
1303 3687 1420 3740 Vat.
1448 3687 1693 3739 rcStitue-

157 3769 263 3812 runt
282 3761 384 3812 alio
413 3758 744 3826 Maximiano,
776 3774 879 3829 quo
909 3758 1258 3829 Maximianus
1283 3755 1524 3811 Galerius
1544 3766 1692 3810 certe

157 3831 462 3897 intelligitur.
512 3828 815 3884 Ruinartiua
867 3836 922 3883 et
971 3828 1296 3881 Billnniliaui
1344 3842 1407 3881 ea
1438 3834 1692 3897 actagpro

157 3895 357 3954 sinceris
383 3900 606 3962 habent;
630 3899 722 3953 sed
755 3911 856 3951 tam
892 3900 940 3950 lii
973 3913 1128 3967 quam
1159 3897 1250 3951 ille
1280 3898 1533 3966 hymnum
1566 3895 1695 3948 l’ru-

157 3970 300 4022 dentii
343 3969 566 4022 addunt.
602 3970 655 4022 lu
703 3967 1078 4037 rnartyrologio
1108 3968 1348 4022 Romano
1399 3969 1561 4020 verba
1606 3967 1694 4018 illa

161 4039 241 4091 sub
267 4037 472 4092 Galerio
496 4041 708 4108 prwside
739 4042 960 4092 tortasse
999 4037 1188 4108 melius
1217 4039 1265 4089 in
1293 4038 1403 4108 iure
1429 4044 1697 4108 mutaren-

156 4117 228 4161 tur
254 4110 342 4162 sub
391 4106 544 4162 Galer
569 4125 597 4162 ο
645 4110 969 4175 imperatore,
1022 4124 1141 4160 nam
1175 4106 1492 4160 Prudentius
1519 4106 1696 4158 ducem

157 4179 442 4247 appellavit,
477 4189 532 4233 ttt
561 4183 932 4247 imperatorem
965 4178 1284 4247 designaret,
1318 4184 1376 4229 ut
1405 4176 1695 4247 Honorium

156 4245 234 4303 lib.
281 4264 316 4303 lt
345 4251 396 4301 iit
442 4251 616 4319 Sytn.,
639 4245 804 4302 ivers.
837 4245 1095 4319 mare
1112 4263 1308 4316 precor,
1352 4246 1561 4299 Ausonii
1591 4245 1698 4319 dux

156 4316 499 4389 augustissime
537 4319 710 4388 regni,
743 4329 791 4372 et
828 4319 962 4389 duos
993 4318 1182 4389 fratres
1213 4319 1562 4389 imperatores
1594 4316 1698 4369 llo-

156 4386 345 4442 narium
370 4400 424 4442 et
451 4386 736 4442 Arcadium
765 4388 892 4442 ibid.
925 4403 1059 4442 vers.
1090 4388 1175 4448 Η,
1211 4386 1331 4440 "(BC
1361 4387 1444 4456 ubi
1471 4386 1697 4456 legatus:

155 4457 380 4510 Redduut
410 4458 756 4525 placidissima
793 4458 1012 4523 fratrum
1047 4456 1152 4510 Ora
1184 4456 1390 4508 ducum.
1426 4455 1487 4509 Et
1511 4457 1559 4508 itt
1593 4455 1701 4509 Ro-

153 4542 294 4580 manu
318 4529 384 4580 de
414 4528 602 4581 eodem
629 4527 839 4582 Galerio
864 4542 1007 4583 vers.
1036 4526 1122 4588 3t.
1153 4525 1387 4581 Galerius
1410 4525 1542 4578 orbis
1573 4526 1702 4595 forte

154 4595 358 4649 Romani
377 4607 565 4649 statum
599 4595 790 4650 Ductor
817 4600 1033 4667 regebat.
1065 4597 1402 4660 Ruinartius,
1430 4611 1586 4664 quem
1612 4595 1700 4649 alii

152 4677 448 4736 sequuntur,
479 4667 747 4720 existimat
776 4668 1060 4721 Maximum
1092 4683 1182 4736 pra
1202 4667 1372 4719 sidem
1399 4667 1573 4719 \iocari
1608 4681 1641 4734 p
1661 4688 1702 4716 ι-

1808 2077 1907 2130 lica
1934 2074 1999 2128 ad
2026 2071 2491 2140 LScarabetensem
2525 2083 2728 2140 pnrtam
2777 2075 2872 2128 luit
2901 2076 3228 2143 depositum.
3259 2080 3366 2135 Sed

1801 2160 1921 2200 cum
1954 2149 2083 2198 Acta
2125 2151 2344 2196 narrent
2370 2158 2475 2196 non
2505 2143 2724 2206 Sis‘Cizn,
2753 2145 2845 2200 sed
2870 2143 2922 2198 in
2954 2147 3169 2201 civitate
3201 2148 3368 2204 Saba-

1801 2214 1964 2269 riensi
2004 2229 2218 2282 passum
2248 2212 2551 2280 Quirinum,
2605 2211 2719 2266 tunc
2766 2225 2914 2278 porta
2965 2215 3370 2272 Scarabetensis

1800 2285 1865 2338 ad
1883 2284 2159 2342 Sabariam
2186 2283 2396 2339 videtur
2425 2286 2710 2350 pertinere.
2737 2284 3136 2340 Citamillardus
3167 2299 3368 2352 narrat,

1801 2367 2007 2426 postea,
2031 2371 2150 2410 cum
2181 2355 2389 2426 barbari
2420 2355 2717 2426 Pannonias
2747 2358 3111 2420 devastarent,
3145 2358 3367 2412 Romam

1803 2424 2119 2497 translatum
2147 2425 2327 2488 luisse,
2352 2434 2404 2479 et
2432 2425 2555 2497 inde
2585 2424 2935 2497 Mediolanum
2966 2442 3058 2487 per
3086 2428 3344 2497 Angilher

1803 2508 1912 2551 tum
1957 2496 2406 2551 Mediolanensem
2431 2496 2557 2564 cpisr
2576 2509 2756 2561 opum.
2805 2495 3112 2551 Ruinartius
3133 2537 3149 2562 ,
3172 2495 3234 2551 es
3265 2498 3374 2552 Rn-

1799 2567 1998 2634 dnlpho
2026 2565 2342 2620 scholastice
2365 2565 2416 2618 in
2447 2569 2548 2618 vita
2581 2565 2638 2618 Β.
2675 2564 2876 2618 llabani
2909 2568 3107 2620 sazculo
3129 2582 3182 2620 tv
3203 2568 3370 2620 Bene-

1799 2637 1954 2700 dict.,
1981 2645 2116 2704 part.
2146 2651 2204 2700 ll,
2224 2649 2344 2703 pag.
2373 2634 2439 2687 η
2459 2675 2473 2697 ,
2496 2635 2728 2688 nl’tirmat
2759 2634 2924 2688 lioma
2959 2640 3010 2689 in
3029 2634 3370 2690 Germaniam

1802 2710 2137 2770 translatum,
2163 2714 2216 2760 et
2240 2704 2292 2758 in
2314 2704 2513 2758 celebri
2545 2705 2796 2758 Fuldeusi
2826 2707 3154 2762 monasterio
3181 2723 3373 2763 reconc-

1798 2778 1986 2830 ditum.
2028 2777 2185 2828 Plura
2214 2775 2418 2828 addunt
2452 2774 2804 2828 Bullandiani.

1870 2848 1924 2900 7.
1967 2846 2045 2916 Eu
2072 2844 2297 2916 Virgilio
2325 2859 2338 2898 1
2379 2843 2622 2916 Eneid.,
2659 2843 2895 2916 Illyricos
2920 2856 3180 2916 penetrare
3205 2849 3368 2903 sinus.

1871 2919 1956 2971 ll.
1997 2913 2315 2985 Sagittarius
2343 2930 2459 2984 cap.
2493 2914 2560 2985 6A,
2591 2914 2657 2985 die
2685 2913 2929 2985 cruciat.
2945 2917 3156 2972 curiose
3181 2921 3370 2973 obser-

1797 2996 1886 3040 vat
1905 2983 2102 3058 saepius
2140 2984 2392 3058 conjungi
2414 2983 2450 3038 ’a
2473 2983 2570 3039 SS.
2619 2984 2868 3058 Patribus
2889 2985 2939 3038 in
2975 2989 3250 3058 martyr-iis
3277 3004 3370 3042 re-

1796 3053 2082 3112 censendis
2124 3053 2382 3124 gladiuui,
2437 3068 2691 3124 crucem.
2734 3053 2964 3117 besuas,
3023 3053 3197 3124 ignem
3223 3097 3238 3121 ,
3269 3061 3367 3111 ali.

1794 3127 2008 3197 quando
2054 3133 2231 3180 tamen
2279 3140 2470 3184 unum,
2517 3124 2601 3178 \el
2648 3123 2874 3178 alterum
2909 3140 2975 3178 ex
3013 3123 3120 3197 hoc
3145 3138 3338 3196 quater

1797 3195 1945 3252 nario
1984 3210 2208 3250 numero
2251 3197 2458 3258 omitti,
2500 3203 2557 3248 ut
2579 3209 2794 3248 crucem
2839 3208 2867 3247 a
2918 3195 3103 3251 multis
3139 3197 3283 3261 aliis,
3313 3208 3370 3256 et

1797 3269 1896 3322 hoc
1924 3267 2044 3321 locu
2067 3281 2095 3319 a
2125 3267 2433 3320 l'rudentio.
2476 3265 2661 3320 Plures
2700 3265 2812 3333 ipse
2851 3265 3195 3322 auctoritates
3223 3283 3370 3322 com-

1852 3340 2063 3392 et-tilur.

1720 3382 1764 3442 (ἶ
1797 3340 2228 3462 pi‘l‘glugblntns
2273 3414 2357 3461 est
2385 3404 2636 3473 Quirinus
2685 3415 2933 3474 tanquam
2979 3405 3193 3461 lavacro
3228 3422 3370 3462 mar-

1797 3479 1943 3548 tyrii,
1990 3477 2136 3546 qitnd
2186 3477 2501 3548 baptismns
2529 3475 2802 3548 sanguinis
2830 3477 2934 3532 dici
2975 3478 3134 3540 solet,
3166 3487 3264 3548 et.
3309 3491 3366 3532 ut

1794 3545 2034 3615 explicat
2062 3546 2399 3610 Prudentius,
2434 3545 2563 3598 nihil
2612 3550 2804 3600 refert.
2842 3547 2957 3602 sive
2997 3560 3124 3602 vero
3154 3547 3372 3603 ﬂumine

1796 3618 2076 3684 sanguinis
2101 3619 2221 3684 quis
2247 3617 2529 3686 abluatur,
2561 3615 2732 3669 eﬂuso
2761 3616 2969 3671 scilicet
2988 3620 3247 3686 sanguine
3277 3633 3372 3686 pro

1794 3687 2045 3750 Christo,
2074 3689 2189 3742 sive
2235 3687 2340 3740 alia
2391 3685 2552 3738 modo
2597 3693 2822 3738 ntertem
2869 3685 3168 3740 subeatﬁln
3194 3685 3374 3742 olli’cin

1799 3757 2166 3812 ecclesiastico
2211 3757 2502 3825 Martyrum
2555 3770 2698 3822 smpe
2748 3757 2804 3825 lit
2845 3758 3046 3825 mentio
3094 3756 3370 3810 eﬂ‘usinnis

1798 3826 2098 3897 sanguinis,
2138 3823 2382 3897 quamvis
2428 3838 2559 3897 vere
2597 3840 2700 3877 non
2754 3824 2911 3897 luerit
2961 3823 3176 3897 eﬂusus
3202 3844 3215 3878 :
3244 3829 3367 3896 quin

1799 3892 2021 4020 ﬁeripde
2049 3908 2126 3949 ρει
2145 3892 2167 3959 ,⁷
2189 3893 2478 3949 dummodo
2513 3895 2669 3948 vitam
2696 3909 2790 3964 pro
2813 3892 2916 3950 llde
2937 3907 3141 3967 martyr
3169 3892 3370 3967 impen-

1837 3984 1910 4020 ert
1943 4009 1956 4020 .

1837 3969 1956 4022 erit.

1872 4038 1958 4092 to.
2004 4037 2124 4090 Vat.
2152 4033 2224 4102 Ἀ,
2254 4034 2401 4088 nihil.

1871 4108 1963 4162 20.
1995 4107 2183 4163 Glossa
2215 4106 2368 4161 unius
2415 4105 2533 4160 Vat.
2577 4103 2714 4173 apud
2765 4103 3029 4173 Teolinm,
3088 4107 3370 4179 Sanguine.

1801 4193 1868 4229 an
1895 4194 2028 4244 aqua
2058 4179 2364 4246 Ituntefacta.

1870 4249 1962 4302 25.
1991 4250 2047 4301 ln
2075 4244 2309 4302 editioiie
2344 4244 2632 4300 Vcronensi
2671 4245 3018 4304 liuinartiies
3070 4250 3191 4304 eod.
3235 4249 3371 4304 Ger-

1804 4318 2012 4372 manico
2048 4316 2114 4372 ad
2144 4332 2292 4387 oram
2320 4318 2508 4387 ingenti
2533 4316 2765 4382 lapidum
2793 4318 2925 4370 mole
2947 4359 2962 4382 ,
3013 4319 3152 4387 quod
3184 4319 3372 4382 depra-

1803 4400 1980 4442 vatum
2005 4397 2106 4442 est.
2143 4386 2218 4442 De
2247 4388 2347 4441 hoc
2379 4386 2632 4456 martyrio
2664 4387 2988 4451 Lactantius,
3028 4386 3148 4456 cap.
3199 4390 3266 4442 15
3305 4393 3374 4442 de

1805 4457 2057 4511 Mortibus
2087 4465 2348 4527 persecnt.
2379 4456 2444 4510 de
2471 4455 2837 4527 Diocletiano:
2874 4455 3168 4524 Domestici,
3191 4461 3375 4527 attiga-

1806 4529 1870 4580 tis
1907 4527 1975 4579 ad
2002 4527 2193 4579 collum
2220 4525 2498 4597 molaribus
2518 4526 2799 4597 lapidibus,
2833 4529 2963 4580 mari
3001 4525 3372 4597 mergebantur.

1807 4597 2079 4651 Gallonius
2116 4611 2232 4664 cap.
2272 4597 2293 4649 l
2328 4598 2434 4666 agit
2459 4595 2524 4649 de
2549 4595 2884 4667 ponderibus
2900 4597 3090 4666 quibus
3112 4595 3374 4667 martyres

1807 4668 2178 4720 cruciahantnr
2201 4705 2215 4728 ,
2257 4675 2310 4719 ct
2358 4665 2578 4720 advertit
2609 4665 2792 4719 [lenne
2822 4665 2998 4722 adhuc
3026 4665 3289 4722 asservari
3323 4670 3374 4719 in

152 4735 303 4816 tuisse
310 4737 595 4816 Galerium
631 4737 936 4816 infimum,
965 4735 1212 4816 _adedque
1241 4747 1368 4816 apte
1387 4738 1657 4816 cohaerere
1680 4777 1694 4802 ,
1727 4756 1780 4816 Ι)
1807 4737 2041 4816 basilicis
2189 4737 2586 4816 Aposmlorum,
2622 4746 2781 4816 atque
2812 4739 3139 4816 Apollinaris
3163 4748 3215 4816 et
3237 4744 3375 4791 Λικί-

150 4808 275 4872 quod
304 4806 556 4873 Quirinus
579 4807 678 4860 sub
706 4805 917 4861 Galerio
947 4807 1102 4873 duce,
1132 4805 1191 4860 ut
1219 4806 1292 4859 ait
1331 4805 1652 4859 Prudentius
1678 4847 1692 4869 ,

151 4886 196 4930 et
233 4877 333 4930 sub
358 4877 600 4946 Maximo
629 4878 854 4945 praeside
882 4891 1069 4946 passus
1094 4877 1280 4946 luerit,
1314 4884 1369 4930 ut
1402 4877 1539 4946 Acta
1560 4876 1696 4929 rele-

151 4957 280 5016 runt.
313 4945 366 4999 ld
402 4946 539 5016 mihi,
562 4949 735 5001 minus
761 4945 1033 5016 probatur.
1067 4945 1232 5001 Versu
1267 4945 1487 5016 t.,Ald.,
1517 4945 1696 5016 Alex.,

151 5015 282 5069 Vatt.
312 5016 375 5082 Β,
401 5015 466 5081 ρ,
504 5015 1020 5081 ιίιδὶιεὺῖ.,“ΤΙιυδιι.,
1052 5016 1231 5070 Nonis.
1261 5057 1276 5082 ,
1328 5015 1472 5077 liat.,
1521 5017 1697 5084 Prag.,

151 5085 324 5139 Heins.
375 5097 427 5140 et
478 5088 829 5156 recentiores,
859 5089 1046 5150 meriti,
1075 5097 1131 5140 ut
1157 5101 1276 5141 cum
1307 5084 1540 5139 secundo
1576 5101 1703 5140 casu

147 5157 494 5226 conjungatur
519 5156 833 5226 adjectivum
858 5157 1087 5224 insignis.
1121 5157 1248 5226 Alii.
1271 5156 1459 5209 meritis
1478 5196 1493 5222 ,
1521 5165 1576 5211 et
1605 5171 1702 5210 ne-

145 5225 251 5280 scio
273 5243 339 5278 an
366 5225 666 5289 melius,ut
684 5226 894 5294 insignis
921 5228 1101 5292 pietate
1128 5225 1204 5281 vel
1224 5227 1396 5279 armis.

177 5296 294 5418 [2.]
315 5296 475 5364 Man,
500 5295 722 5363 Widm.,
757 5297 868 5349 Vat.
897 5296 956 5361 Β,
991 5295 1170 5366 Prag.,
1195 5295 1486 5366 placidum:
1515 5296 1704 5350 melius

196 5381 271 5418 ac:
300 5383 405 5418 um.

143 5376 405 5434 placitum.

209 5435 265 5490 5.
312 5435 431 5490 Vat.
467 5437 507 5490 Β
536 5436 811 5501 mendose,
873 5438 1087 5492 ηιωηίαν.
1142 5436 1216 5491 De
1261 5437 1471 5490 diversa
1506 5439 1710 5490 ratione

144 5506 410 5576 scribendi
459 5520 654 5561 nomen
706 5507 882 5562 Sisc’a:
909 5507 1106 5562 dictum
1133 5505 1242 5576 jam
1274 5513 1355 5560 est
1382 5506 1446 5558 ad
1481 5521 1618 5560 vers.
1659 5507 1707 5559 l.

211 5575 266 5648 ᾖ.
309 5577 516 5648 ᾼΙίουιή
546 5577 722 5630 inveni
754 5586 998 5632 notatum
1040 5579 1413 5648 confessumex
1446 5586 1553 5648 vet.
1586 5579 1709 5630 cod.

210 5644 264 5697 5.
310 5646 391 5699 An
416 5647 527 5699 haec
554 5648 713 5700 verba
741 5649 1004 5713 complexu
1030 5644 1197 5711 patrio
1228 5647 1454 5701 innuant
1484 5644 1709 5700 Sisciam

144 5716 368 5782 patriam
393 5731 512 5771 esse
525 5717 751 5783 Quirini,
785 5719 976 5771 merito
997 5717 1228 5772 (Ιιὼιιέὶΐὶ
1253 5727 1443 5785 ροιυει.
1467 5716 1538 5768 Ex
1566 5719 1711 5771 Acts

429 5809 698 5868 Ρλτιιοι..
749 5809 873 5868 LX.

1803 4808 1948 4862 stasii
1978 4805 2043 4859 ad
2073 4809 2250 4873 Aquas
2279 4807 2482 4860 Salvius
2513 4805 2725 4859 maximi
2757 4807 3008 4874 ponderis
3036 4807 3260 4875 lapides,
3296 4826 3375 4860 Ill-

1804 4881 1988 4947 grique
2019 4876 2237 4939 coloris,
2273 4875 2551 4938 mundos,
2583 4876 2666 4947 vel
2707 4877 2985 4946 oblongos,
3021 4877 3249 4932 ferreum
3280 4896 3376 4930 an-

1807 4945 1988 5002 quum
2023 4961 2155 5000 saxo
2209 4947 2493 5012 impactum
2543 4945 2800 5001 habentes
2823 4988 2839 5011 ,
2882 4945 2992 5016 quo
3019 4948 3278 5001 funiculus
3307 4949 3372 5001 ad

1807 5017 2074 5086 ligandum
2107 5027 2160 5071 et
2207 5016 2632 5086 suspendendum
2673 5018 2738 5069 ad
2774 5018 2934 5084 pedes
2967 5017 3045 5071 vel
3076 5034 3263 5071 manus
3288 5034 3379 5072 su-

1810 5085 1971 5141 blime
2002 5085 2341 5155 pendentium
2372 5088 2753 5140 itnmiatehatur
2787 5105 2799 5138 :
2829 5087 2916 5152 qui
2949 5087 3150 5153 lapides
3179 5085 3378 5141 orbicu-

1815 5157 1944 5210 laria
1969 5157 2214 5229 dic_untur
2257 5156 2554 5229 a_.loseplto
2599 5155 2689 5229 lib.
2733 5156 2800 5210 de
2838 5157 3078 5229 maeliab.
3118 5159 3199 5229 ad
3225 5158 3378 5229 Poly-

1817 5229 1978 5281 bium.
2038 5226 2234 5281 Eurum
2277 5226 2444 5280 forma
2489 5227 2691 5294 esprim
2719 5235 2803 5280 tur
2847 5226 3022 5280 tabula
3072 5229 3140 5291 5,
3186 5227 3264 5282 lit.
3317 5226 3380 5283 D.

1815 5297 2008 5351 Probat
2035 5299 2193 5350 etiant
2227 5295 2501 5351 Gallonius
2551 5307 2667 5363 pust
2715 5297 2992 5350 liarunium
3039 5297 3090 5351 in
3134 5298 3274 5351 notis
3313 5302 3378 5350 ad

1817 5379 2030 5437 martyr.
2056 5367 2271 5437 legium,
2308 5366 2607 5437 hujusmodi
2637 5365 2821 5433 globus
2852 5366 3091 5434 lapideos
3132 5369 3382 5422 inventus

1815 5435 1978 5491 fuisse
2021 5436 2412 5490 inlerendorum
2465 5435 2942 5491 cruciamentnrum
3007 5451 3165 5492 causa
3198 5479 3214 5506 ,
3275 5455 3378 5492 non

1815 5507 2254 5562 aestimandorum
2303 5520 2523 5562 onerum
2568 5506 2735 5574 gratia
2767 5545 2782 5568 ,
2827 5521 2890 5562 ac
2942 5506 3190 5562 diversos
3218 5509 3378 5564 etiam

1815 5577 1976 5634 fuisse
2004 5577 2071 5630 ab
2100 5577 2201 5630 illis
2234 5577 2557 5645 ponderibus
2587 5589 2704 5643 quae
2742 5575 2855 5640 lege
2885 5575 2950 5632 12
2979 5578 3141 5632 tabul.
3173 5578 3381 5634 debitu-

1816 5647 1964 5701 ribus
1989 5643 2394 5700 exhibebantur.
2453 5643 2522 5698 Ut
2547 5655 2722 5698 autem
2752 5661 2870 5700 vera
2920 5647 3030 5701 hinc
3058 5648 3234 5702 ninnia
3263 5663 3381 5701 esse

1817 5717 2104 5771 co-Icedam
2134 5757 2146 5779 ,
2201 5716 2327 5769 illud
2375 5714 2717 5784 qua‘rendum
2764 5727 3003 5786 superest
3028 5733 3093 5770 an
3129 5719 3239 5772 hic
3271 5719 3380 5786 ipsa

3030 5805 3138 5866 13s"
