3968 6288
523 333 626 392 497

707 438 978 509 Deiectum
1002 431 1363 507 placidissimo

715 601 722 606 Ι
776 531 964 586 Amnis
1003 527 1209 584 vortice
1234 522 1476 593 suscipit,

775 621 882 677 Nec
912 618 1078 689 mergi
1108 617 1306 687 patitur
1336 615 1460 680 sibi,

775 712 918 766 Miris
937 717 1086 765 vasta
1117 705 1385 763 natatibus
1554 773 1558 777 Α

531 808 598 860 50
775 802 900 859 Saxi
932 800 1165 872 pondera
1191 797 1483 854 sustinens.

702 893 958 964 Spectant
981 891 1193 946 eminus
1219 904 1250 944 e
1279 887 1397 943 solo

783 984 1065 1037 Doctorem
1092 977 1270 1050 pavidi
1297 989 1486 1048 greges
1520 994 1531 1026 :

775 1073 904 1129 Nam
927 1071 1126 1128 Christi
1151 1070 1379 1140 populus
1407 1066 1664 1138 frequens

784 1163 995 1236 10M
1015 1164 1278 1233 Riparum
1304 1158 1606 1215 sinuamina

534 1261 605 1315 35
783 1258 991 1327 Stipato
1019 1254 1232 1325 agmine
1258 1260 1521 1322 sepserat.

707 1347 813 1402 Sed
840 1346 1118 1413 Quirinus,
1150 1351 1208 1398 ut
1236 1342 1480 1398 eminens

782 1439 853 1490 Os
880 1433 1228 1498 circumtulit,
1260 1431 1363 1486 lieu
1391 1433 1404 1484 !
1435 1443 1566 1484 suos

795 1527 1052 1598 Exemplo
1082 1525 1320 1595 trepidos
1339 1522 1510 1586 videt,

791 1620 871 1674 Nil
903 1620 1017 1690 ipse
1049 1615 1249 1688 proiirii
1275 1629 1482 1670 memor

539 1715 609 1768 to
787 1709 930 1765 Inter
956 1718 1143 1778 stagna
1172 1705 1416 1777 periculi.

715 1800 1011 1856 Conﬁrmat
1034 1798 1118 1868 pia
1142 1806 1378 1867 pectora,

788 1890 977 1946 Verbis
998 1888 1232 1944 mitiﬁcis
1254 1901 1466 1957 rogans,

784 1984 858 2037 Nc
889 1997 1045 2052 quem
1081 1981 1202 2036 talia
1228 1988 1486 2046 terreant,
1575 2021 1578 2024 .

791 2074 902 2128 Neu
923 2083 1177 2128 constans
1207 2071 1400 2126 titubet
1428 2070 1583 2136 ﬁdes,

539 2170 607 2228 413
796 2165 900 2220 Aut
931 2177 1142 2234 poenam
1173 2172 1322 2232 putet
1361 2161 1552 2215 emori.

727 2256 1000 2309 Dicentem
1025 2253 1357 2308 lluitantibus

793 2349 980 2401 Amnis
1003 2357 1146 2416 terga
1177 2345 1378 2400 veliuiit
1407 2345 1554 2398 vadis
1589 2361 1604 2397 :

1616 317 1892 375 AURELII
1933 313 2303 374 PRUDENTII
2339 311 2672 372 CARMINA.

2139 435 2188 494 Α

3693 305 3794 364 ηε

2468 423 2576 482 Nec
2597 422 2864 479 substrata
2893 421 3225 492 profunditas

2466 517 2736 587 Saxoque,
2776 522 2832 570 et
2859 514 3078 584 laqueo:
3102 523 3156 570 et
3185 514 3304 568 viro

2219 609 2287 663 50
2468 607 2642 662 Audet
2669 613 2860 676 Sponte
2887 604 3189 661 dehiscere.

2402 697 2612 770 105.5
2645 695 2824 753 Sensit
2845 705 3048 766 martyr
3077 696 3385 765 episcopus,

2473 790 2593 846 1am
2619 798 2825 860 partam
2849 789 2949 844 sibi
2973 789 3187 859 prmripi

2475 881 2715 936 Palmam
2748 881 2960 946 mortis;
2984 888 3039 935 et
3061 881 3257 944 exitus,

2474 972 2879 1042 Ascensumque
2909 971 3154 1042 negarier

2225 1064 2293 1116 5:5
2472 1060 2683 1116 Eterni
2707 1060 2774 1115 ad
2799 1061 2996 1116 solium
3027 1060 3218 1115 Patris.

2400 1153 2527 1208 Jesu
2548 1152 2944 1223 cunctipotens,
2962 1153 3056 1217 ait,

2475 1240 2895 1312 Haudquaquam
2921 1241 3012 1296 tibi
3045 1240 3212 1312 gloria

2473 1332 2598 1388 Hice
2622 1341 2705 1387 est
2733 1331 2968 1395 insolita,
2991 1341 3082 1384 aut
3112 1346 3269 1394 nova,

2472 1422 2694 1478 Calcare
2717 1422 2986 1479 fremitum
3016 1423 3204 1486 maris,

2485 1515 2656 1570 Prona
2686 1525 2742 1571 et
2767 1515 2982 1570 ﬂumina
3011 1515 3224 1570 sistere.

2406 1609 2616 1666 Scimus
2641 1609 2961 1680 discipulum
3006 1610 3229 1674 Petrum

2475 1701 2610 1757 Cum
2639 1701 2864 1772 vestigia
2893 1701 3124 1772 tingeret

2479 1792 2689 1846 Mortali
2721 1791 2959 1860 trepidus
2988 1792 3142 1862 pede,

2479 1884 2692 1939 Dextra:
2719 1883 2960 1939 subsidio
2989 1893 3094 1938 tua:

2230 1978 2299 2030 (is
2481 1975 2785 2046 Subjecisse
2811 1975 2982 2031 salum
3012 1976 3147 2031 solo.

2405 2066 2696 2122 Jordanem
2723 2080 2936 2137 quoque
2971 2067 3234 2132 novimus,

2477 2157 2657 2213 Tortis
2685 2156 2977 2213 verticibus
3010 2173 3220 2229 vagum,

2479 2249 2693 2321 10M
2722 2249 2855 2303 Dum
2887 2248 3056 2304 fertur
3081 2249 3268 2318 rapido
3299 2250 3521 2319 impetu,

2480 2341 2558 2394 Ad
2593 2342 2791 2395 fontem
2824 2340 3004 2394 reﬂuis
3037 2353 3181 2394 retro

2226 1518 2303 1572 60

1847 2433 2130 2488 «ηυδειπ
2175 2433 2511 2489 VETERES.

611 2554 699 2607 46.
731 2553 1027 2614 D.centem,
1060 2549 1250 2603 scilicet
1279 2551 1406 2614 liter,
1435 2548 1823 2619 prmdicrmtem,
1852 2547 1866 2599 |

611 2625 699 2676 51!.
734 2623 967 2686 Paitam,
999 2630 1252 2687 paratam,
1279 2620 1322 2674 l.

613 2695 702 2749 39.
733 2693 1046 2756 Fucinitum,
1073 2695 1318 2755 sonitum,
1361 2691 1399 2742 I.

2300 2546 2388 2600 60.
2421 2544 2621 2609 Prona,
2655 2544 2932 2598 currentia.
2955 2574 3024 2583 —
3049 2544 3271 2611 Sistere,
3301 2556 3438 2601 retro
3457 2549 3636 2615 ﬂuere,
3666 2545 3702 2601 l.

2300 2617 2390 2670 65.
2421 2616 2631 2688 Saltim,
2663 2631 2823 2668 mare.
2853 2645 2923 2656 —
2952 2616 3100 2688 Solo,
3142 2617 3286 2688 pede,
3321 2616 3358 2669 I.

2301 2690 2388 2742 67.
2418 2687 2640 2756 Vagum,
2672 2687 2916 2751 velocem,
2951 2686 2993 2739 l.

1899 2801 2450 2862 COMMENTARIUS.

543 2923 780 2993 poiidcra
810 2936 923 2992 quir
953 2934 1098 2974 nunc
1147 2917 1198 2973 iii
1247 2916 1484 2993 basilicis
1538 2915 1744 2979 Romae,
1795 2913 2021 2993 aliisque
2068 2915 2120 2966 in

544 2986 778 3063 partibus
819 2986 1162 3063 asservantiir
1190 3027 1206 3052 ,
1259 2987 1612 3063 instrumenta
1663 2986 1900 3054 martyrii
1948 2986 2121 3053 reipsa

544 3056 669 3120 olii‘n
705 3063 917 3117 fuerint.
957 3060 1139 3129 Neque
1167 3067 1344 3113 tamen
1377 3056 1587 3129 inlicior
1608 3067 1982 3129 argumentum
2012 3070 2118 3129 noli

547 3137 662 3190 leve
694 3134 798 3203 peti
829 3133 911 3186 vel
943 3145 1011 3185 cx
1042 3125 1143 3203 lioe
1191 3129 1328 3191 solo,
1373 3128 1514 3196 quod
1565 3125 1694 3182 ουιῐῐ
1729 3125 2022 3203 epigraplie
2069 3126 2120 3180 il

545 3199 817 3260 indicante
861 3215 924 3256 ea
975 3200 1208 3267 pondera
1255 3207 1598 3252 asserventur
1649 3213 1664 3251 :
1723 3199 2020 3264 prinsertiin
2079 3211 2124 3250 si

547 3274 858 3328 ostendatur
890 3269 1192 3339 liujusmodi
1222 3269 1596 3337 inscriptiones
1623 3267 1817 3321 idoneo
1838 3267 2121 3336 antiquitac

547 3350 612 3399 tis
649 3343 954 3398 testimonio
979 3342 1143 3393 luisse
1172 3341 1466 3405 appositas.

621 3416 710 3468 27.
750 3412 916 3468 Aldus
946 3411 1110 3465 edidit
1129 3410 1332 3471 uertice,
1361 3410 1453 3462 sed
1477 3408 1712 3462 correxit
1734 3407 1939 3460 vortice.
1969 3406 2129 3460 Hein-

549 3489 659 3540 sius
688 3491 836 3538 notat
864 3482 916 3537 in
947 3482 1057 3537 suis
1084 3493 1202 3536 esse
1230 3480 1435 3548 uertice,
1466 3488 1520 3534 et
1547 3479 1682 3532 intra
1718 3493 1861 3533 vers.
1895 3477 1962 3532 67
2013 3493 2126 3529 ver-

551 3556 755 3610 ticibus.

621 3629 709 3682 3t.
733 3623 950 3679 Teolius
979 3630 1164 3677 contra
1187 3619 1342 3675 metri
1374 3619 1659 3683 rationem,
1686 3626 1999 3686 suspectam.

621 3698 710 3753 3‘2.
744 3695 910 3760 lioit.,
943 3695 1223 3753 ductorem,
1254 3692 1394 3761 quod
1423 3706 1529 3745 non
1560 3690 1879 3761 diSplicebat
1911 3687 2129 3743 Callan-

552 3767 663 3828 dio,
691 3782 814 3821 cum
847 3773 1101 3834 sequatur
1121 3777 1314 3834 greges.

620 3839 708 3893 5i.
746 3829 1025 3892 Siiiuai'neii
1045 3829 1145 3887 vos
1173 3829 1447 3887 Prudentii
1474 3829 1711 3900 propria.
1735 3839 1792 3884 ut
1815 3844 2126 3901 peccamen,

551 3920 602 3962 ct
637 3909 735 3962 alia
771 3907 984 3960 nomina
1015 3903 1230 3968 similia,
1258 3902 1328 3958 de
1355 3902 1546 3970 quibus
1572 3901 1720 3955 alibi.

621 3980 712 4033 56.
748 3978 869 4031 Ald.
896 3976 1071 4028 minus
1099 3974 1254 4037 bene,
1291 3981 1347 4026 ut
1373 3973 1599 4025 eminus.
1802 4021 1814 4030 ,

623 4051 712 4103 57.
743 4046 888 4112 Ald.,
922 4045 1114 4113 Bung.,
1149 4043 1372 4110 Widm.,
1428 4041 1569 4096 Vatt.
1617 4042 1678 4108 Β,
1725 4041 1788 4110 Ρ,
1838 4043 1905 4110 Q.
1953 4041 2130 4106 Alex.,

554 4119 708 4178 Man,
745 4118 923 4186 Pi'ag.,
958 4115 1102 4179 [ἰδίη
1137 4113 1380 4186 Tliuan._,
1414 4127 1549 4186 suos
1585 4119 1839 4180 exemplo.
1872 4113 2134 4186 cellarius

553 4199 606 4244 et
636 4183 1142 4245 Teolius'alt‘irmant
1175 4197 1306 4237 mss.
1340 4183 1541 4236 habere
1589 4199 1680 4236 suo
1725 4185 1983 4252 exemplo.
2028 4198 2133 4236 non

555 4276 672 4314 suos
695 4257 945 4327 extemplo
964 4270 982 4308 :
997 4257 1064 4308 de
1084 4256 1313 4323 exemplo
1327 4267 1422 4322 pro
1435 4252 1686 4327 {xtemplo
1701 4255 1968 4327 assentio;
1982 4253 2130 4327 ipsis.

557 4329 804 4384 lleinsius
853 4323 1029 4380 solum
1071 4327 1142 4378 ait
1172 4339 1421 4392 magnum
1450 4323 1782 4392 Scaligerum
1812 4325 1878 4379 ad
1916 4324 2131 4378 Eusebii

553 4401 860 4454 Clironicnn
888 4394 1080 4466 legisse
1108 4411 1200 4448 suo
1227 4394 1478 4466 exemplo,
1517 4408 1638 4466 nam
1673 4394 1726 4466 in
1748 4395 2034 4466 ACIironico
2055 4396 2107 4448 di

553 4471 690 4526 citur
723 4485 782 4523 ne
801 4485 894 4524 suo
924 4464 1236 4520 {er-rereutur
1281 4464 1512 4534 exemplo
1530 4481 1550 4530 ;
1581 4464 1632 4518 in
1663 4464 1798 4518 Aldo
1826 4473 1880 4519 et
1907 4465 2135 4521 Ambro-

551 4545 706 4598 siano
737 4555 855 4594 esse
885 4549 999 4591 tuos
1028 4535 1258 4604 exemplo
1287 4535 1478 4606 (Aldus
1507 4537 1730 4606 mutavit
1753 4545 1865 4606 tuos
1889 4537 1940 4590 in
1967 4534 2134 4606 suos),

552 4627 615 4667 ac
641 4626 823 4666 veram
853 4609 1168 4677 scripturam
1200 4608 1249 4660 in
1280 4605 1517 4674 margine
1556 4605 1810 4677 editionis
1841 4605 2133 4661 Giselinia-

551 4699 634 4738 na:
663 4675 995 4745 comparere.
1027 4675 1294 4732 GlSt'litlﬂS
1322 4686 1470 4747 certe
1503 4676 1669 4747 edidit
1695 4692 1813 4730 suos
1855 4677 2127 4747 extemplo,

551 4763 605 4808 et
630 4754 694 4806 ad
727 4766 875 4806 oram
907 4765 1000 4803 suo
1031 4749 1278 4818 exemplo.
1314 4745 1426 4801 Non
1459 4745 1616 4818 video
1644 4762 1739 4802 cur
1779 4747 1941 4802 lectio
1969 4745 2128 4818 codd.

554 4837 684 4878 mss.
739 4819 1034 4877 deserenda
1089 4817 1182 4872 sit’
1209 4834 1326 4872 suos
1370 4817 1601 4886 exemplo
1628 4859 1642 4883 ,
1693 4832 1812 4886 qua:
1850 4817 1969 4885 plus
2007 4817 2136 4872 dicit

552 4910 711 4963 quam
741 4909 834 4946 suo
855 4890 1090 4958 exemplo
1118 4903 1137 4943 :
1163 4887 1466 4954 exemplum
1497 4889 1639 4942 enim
1671 4887 1987 4963 intelligitur
2003 4888 2135 4963 Qui-

552 4958 680 5030 riui,
712 4963 920 5018 etiamsi
949 4975 1056 5015 non
1102 4964 1456 5030 exprimatur,
1492 4968 1546 5013 et
1577 4974 1698 5030 suos
1727 4959 1973 5030 energice
2002 4958 2135 5030 indi-

554 5045 640 5088 cat
665 5027 874 5100 pavidos
891 5027 1324 5103 gregesQuirini.
1368 5029 1549 5103 Itaque
1577 5027 1887 5083 Gallandius
1918 5029 2137 5103 retinuit

553 5097 675 5157 suos
697 5097 925 5172 exempl?)
955 5097 1199 5172 trepidos.
1219 5097 1359 5172 ΔΛιὶει
1408 5099 1694 5172 l_ect_io_suo
1723 5107 1897 5152 exstat
1928 5099 1982 5152 in
2014 5098 2130 5153 \‘at.

555 5177 620 5227 A.
653 5168 1045 5228 Cliaini'llarilus
1073 5169 1332 5226 mendose
1370 5168 1537 5224 edidit
1564 5169 1656 5222 hos
1705 5183 1800 5238 pro
1847 5183 1924 5238 os,
1975 5181 2158 5239 quem

556 5246 770 5299 incaute
798 5254 1010 5298 secutus
1039 5251 1120 5297 est
1147 5240 1479 5295 Ruinartius.

625 5315 716 5369 42.
752 5315 895 5369 νειι.
915 5314 1062 5377 edd.,
1085 5323 1141 5368 et
1161 5314 1310 5366 multi
1334 5323 1464 5366 mss.
1483 5311 1679 5381 habent
1703 5311 1952 5381 mirificis.
1973 5309 2132 5367 Hein-

555 5386 665 5439 sius
693 5401 757 5439 ex
789 5385 899 5438 suis
928 5385 1168 5453 scriptis,
1214 5391 1268 5438 et
1317 5381 1368 5435 in
1400 5381 1482 5453 his
1508 5380 1864 5453 Ambrosiano
1896 5382 2130 5453 resti'uit

552 5457 802 5522 miti/iris,
832 5462 937 5524 quo
968 5451 1226 5508 vocabulo
1253 5453 1375 5508 alibi
1399 5452 1558 5507 etiam
1589 5452 1754 5524 utitur
1783 5451 2126 5524 Prudentius.

557 5527 635 5597 Ex
663 5523 879 5597 optimis
905 5526 1229 5597 membranis
1254 5524 1395 5597 idem
1428 5523 1678 5597 Heinsius
1696 5523 1760 5597 _iii
1791 5523 2127 5597 SilioltatiCo

551 5595 652 5651 iib.
680 5593 751 5651 iiii
780 5595 906 5665 legit
932 5595 1172 5661 miriﬁcus
1215 5609 1310 5663 pro
1352 5594 1644 5664 horriﬁcus.
1696 5593 1752 5665 lii
1797 5594 1898 5649 boe
1931 5595 2128 5665 liymiio

553 5668 778 5736 mitiﬁcis
819 5663 1139 5721 confirmant
1185 5666 1289 5721 duo
1334 5663 1503 5721 codd.
1545 5679 1681 5724 auos
1707 5663 2041 5732 Riiinartius,
2073 5675 2126 5720 et

553 5739 791 5809 quinque
817 5753 950 5808 quos
983 5737 1194 5792 Teolius
1222 5736 1505 5793 consuluit.

2303 2911 2394 2966 ΑΗ.
2423 2911 2670 2968 Nonnulli
2706 2913 2872 2982 vulg.,
2898 2929 2962 2967 ne
2988 2923 3240 2968 constans.

2304 2984 2394 3039 5'5.
2434 2986 2487 3055 In
2518 2981 2912 3055 martyrotogiis
2939 2997 2994 3038 et
3045 2986 3184 3052 apud
3233 2983 3452 3054 quosvis
3493 2981 3800 3040 ecclesiasti-

2230 3069 2328 3109 cos
2350 3053 2639 3125 scriptores
2661 3053 2962 3124 sai-pissiine
2987 3055 3158 3124 palma
3186 3053 3430 3109 tribuitur
3456 3057 3799 3125 martyribus:

2233 3125 2360 3195 quia
2389 3125 2529 3194 apud
2579 3124 2797 3180 Graecos
2826 3135 2880 3180 et
2921 3127 3194 3179 Itonianos
3223 3125 3395 3194 palma
3427 3135 3542 3180 erat
3580 3124 3802 3179 victoria:

2237 3196 2465 3264 insigne,
2514 3203 2570 3250 et
2623 3210 2743 3264 cap.
2789 3211 2858 3250 vn
2907 3197 3152 3264 Apocal.,
3184 3211 3327 3252 vers.
3361 3197 3414 3260 9,
3450 3196 3803 3251 describuntur

2235 3276 2502 3338 martyres
2544 3267 2716 3319 amicti
2763 3265 2909 3320 stolis
2959 3266 3130 3332 albis,
3180 3277 3225 3338 et
3273 3267 3459 3335 palma:
3498 3268 3550 3320 in
3591 3269 3804 3320 manibus

2158 3331 2202 3392 C
2233 3331 2430 3390 eorum.
2481 3337 2645 3392 Sacra
2677 3338 3022 3406 congregatio
3053 3331 3396 3404 indulgentiis
3439 3347 3489 3391 et
3538 3338 3705 3392 sai-ris
3731 3353 3804 3390 re-

2236 3407 2414 3479 liquiis
2441 3407 2746 3479 prazposita,
2770 3422 2911 3479 anno
2938 3406 3076 3461 i668
3105 3408 3369 3475 decrevit,
3401 3407 3627 3479 palmam
3656 3417 3702 3461 et
3730 3423 3806 3461 ras

2231 3477 2442 3531 illorum
2473 3477 2813 3548 (martyrum)
2841 3479 3092 3548 sanguine
3132 3479 3343 3531 tinctum
3388 3477 3482 3548 pro
3508 3479 3670 3549 signis
3713 3495 3807 3531 cer-

2235 3549 2446 3603 tissimis
2478 3549 2764 3619 (martyrii)
2795 3549 3028 3619 habenda
3053 3565 3182 3604 esse.
3237 3550 3573 3618 Disputatuin
3623 3549 3711 3602 diu
3733 3559 3806 3602 est

2234 3632 2300 3672 an
2334 3620 2444 3690 sola
2477 3616 2655 3688 palma
2680 3616 2752 3672 sit
2797 3616 3047 3690 idoneum
3100 3616 3349 3689 martyrii
3390 3619 3596 3690 signum
3639 3626 3802 3672 :nuu(

2234 3703 2362 3743 vero
2386 3688 2498 3743 fere
2529 3704 2624 3757 pro
2653 3699 2800 3744 certo
2831 3689 3055 3745 habetur
3094 3688 3262 3746 solam
3296 3691 3434 3760 palm
3447 3688 3523 3744 im
3553 3704 3661 3743 non
3687 3703 3801 3744 con-

2234 3760 2470 3831 ειίςηιτρ
2491 3770 2694 3831 certum
2720 3761 2958 3831 martyrii
2984 3761 3262 3818 indicium.

2308 3828 2395 3901 .57.
2428 3829 2686 3901 Nonnulli
2719 3828 2888 3899 vulgi,
2918 3833 3118 3901 g'oricc,
3149 3849 3215 3886 ini
3239 3831 3428 3886 iidose.

2307 3899 2395 3972 59.
2430 3901 2572 3972 Gis.,
2605 3899 2808 3954 calcare
2835 3913 2881 3955 et
2913 3899 3192 3970 fremitum.
3223 3903 3348 3968 Alii,
3372 3901 3534 3955 etiam
3567 3902 3683 3972 ipse
3706 3899 3805 3954 Gis.

2237 3970 2410 4039 prima
2457 3971 2543 4024 ed.
2593 3971 2711 4025 sine
2750 3981 2814 4024 ct.
2871 3971 3061 4027 Ultima
3089 3975 3140 4027 in
3167 3976 3366 4027 calcare
3395 3970 3706 4041 producitur
3730 3987 3780 4024 ra

2239 4041 2384 4095 tione
2410 4056 2646 4112 caesum,
2693 4050 2748 4095 et
2776 4043 2844 4112 ob
2873 4042 2922 4111 fr
2950 4043 3202 4097 dictionis
3233 4045 3532 4112 sequentis.

2311 4112 2400 4165 65.
2434 4111 2685 4183 Nebrissa
2705 4114 2800 4177 ait,
2819 4110 2883 4165 In
2904 4129 3002 4182 quo
3024 4125 3189 4182 posset
3211 4110 3428 4183 ingredi,
3453 4115 3598 4174 quasi
3621 4114 3674 4166 in
3695 4110 3809 4166 solo.

2240 4183 2524 4253 Aptisnluni
2565 4181 2651 4235 hic
2693 4181 2954 4252 accipitur
3002 4181 3100 4252 pro
3126 4181 3283 4239 solea
3304 4199 3400 4238 seu
3439 4186 3623 4252 planta
3656 4183 3808 4253 pedis.

2242 4251 2372 4324 Vide
2409 4251 2653 4324 tgiiliem.
2683 4254 2717 4304 5
2743 4251 2928 4324 liymn.
2962 4251 3102 4308 vers.
3129 4255 3251 4310 129.

2312 4323 2401 4377 67.
2429 4323 2646 4377 Teolius
2674 4323 2922 4393 explicat,
2951 4324 3247 4379 liistabi'lcm
3273 4327 3335 4379 ob
3372 4327 3658 4392 frequentes
3681 4323 3811 4377 vorti-

2244 4409 2345 4463 ces,
2362 4404 2413 4446 et
2437 4395 2505 4446 ita
2523 4403 2670 4460 putat
2689 4394 2857 4463 accipi
2887 4410 3039 4461 posse
3059 4397 3325 4450 Ammiani
3347 4393 3647 4449 Marcellini
3669 4396 3814 4448 verba

2236 4461 2309 4518 de
2335 4463 2585 4518 Druentia
2616 4461 2853 4534 ﬂumine,
2879 4466 3149 4519 corticibus
3179 4471 3324 4535 vagis
3352 4467 3605 4519 intortum
3623 4466 3715 4519 lib.
3737 4479 3820 4523 xv.

2241 4549 2358 4603 esp.
2387 4537 2472 4598 10,
2497 4538 2622 4604 quin
2648 4550 2866 4591 necesse
2894 4536 2967 4590 sit
2991 4551 3112 4590 cuiu
3144 4536 3359 4592 Valesio
3377 4535 3516 4590 lianc
3535 4537 3817 4591 leCiioncin

2247 4605 2558 4676 sollicitare.
2610 4606 2738 4673 Quae
2785 4606 2998 4675 quidem
3029 4619 3184 4661 acute
3231 4610 3529 4676 excogitata
3554 4623 3701 4672 esse,
3728 4621 3820 4658 non

2246 4675 2495 4729 diltiteor.
2526 4676 2635 4731 Sed
2668 4686 2792 4744 puto
2824 4678 3166 4731 Prudentium
3195 4693 3262 4732 ex
3300 4677 3506 4732 lloratii
3535 4679 3825 4732 imitatioue

2245 4746 2456 4818 cortices
2487 4756 2645 4800 tortos
2674 4748 2875 4818 dixisse
2917 4749 3090 4802 undas
3121 4749 3362 4818 repulsas
3387 4763 3416 4800 a
3448 4747 3571 4801 loco
3602 4750 3657 4802 in
3679 4761 3824 4814 quem

2248 4815 2513 4881 feruntur,
2548 4829 2604 4871 ut
2631 4817 2947 4871 I'I'lltlelllem
2987 4815 3275 4872 Jordan'em
3309 4819 3608 4873 describat.
3672 4817 3827 4872 llora-

2211 4935 2214 4939 .
2247 4887 2374 4952 tius,
2405 4887 2496 4941 lib.
2530 4901 2565 4950 ι,
2598 4903 2632 4942 o
2655 4892 2698 4942 la
2725 4887 2779 4952 2,
2810 4890 2878 4942 de
2902 4888 3114 4942 Tiberis
3165 4889 3560 4943 inundatione:
3606 4889 3828 4943 Vidimus

2244 4958 2434 5025 flavum
2477 4957 2715 5024 Tiberim,
2749 4961 2949 5013 retortis
2981 4959 3171 5014 Littore
3194 4958 3450 5014 Hetrusca
3471 4961 3720 5013 violenter
3746 4976 3826 5012 iui-

2246 5027 2345 5101 dis,
2375 5028 2460 5082 Ire
2485 5029 2735 5101 deiectum
2766 5041 3090 5083 incitamenta
3120 5033 3277 5101 regis,
3303 5030 3618 5101 Templaque
3659 5030 3828 5083 Vestis.

2247 5098 2393 5153 Bene
2419 5103 2611 5168 ﬂavum
2639 5099 2883 5164 Tiberim,
2909 5098 3348 5169 niiiiquani'cniin
3373 5098 3545 5161 magis
3568 5109 3659 5155 est
3682 5115 3832 5154 arena

2247 5169 2416 5243 llast
2441 5181 2494 5224 et
2517 5171 2762 5225 turbidus
2785 5169 2995 5243 Tiberis
3023 5173 3349 5243 (quanquam
3371 5185 3593 5239 semper
3615 5188 3694 5226 εει
3727 5179 3827 5223 tur-

2246 5239 2421 5312 bidus)
2445 5255 2604 5310 quam
2632 5256 2755 5295 cum
2785 5239 3159 5312 hujuscemodi
3200 5243 3426 5296 inundat
3447 5256 3585 5295 ones
3631 5244 3830 5298 contin-

2239 5321 2370 5377 gunt
2400 5327 2415 5365 :
2447 5327 2564 5380 quae
2593 5322 2704 5366 tum
2727 5311 2903 5366 solent
2931 5313 3179 5368 accidere
3202 5328 3347 5380 cuin,
3383 5313 3641 5379 plurimis
3670 5313 3833 5367 colle-

2239 5382 2340 5433 ctis
2364 5384 2518 5452 aquis
2539 5395 2602 5435 ex
2639 5382 2898 5436 imlir.bus
2921 5395 3012 5437 aut
3042 5383 3254 5438 nivibus
3281 5383 3558 5447 resolutis,
3581 5393 3839 5451 prieterea

2240 5461 2427 5524 ventus
2458 5453 2526 5506 ita
2555 5453 2709 5507 OSlllS
2737 5453 2974 5506 lliiininis
3001 5466 3086 5508 est
3118 5456 3422 5524 oppositus,
3451 5465 3512 5506 ut
3539 5454 3841 5520 undasejus

2237 5523 2464 5596 repellat.
2491 5537 2553 5576 ac
2593 5532 2918 5596 retorqueat.
2953 5524 3088 5579 Hinc
3125 5523 3449 5596 intelligitur
3481 5526 3611 5592 quid
3667 5529 3738 5577 sit
3771 5540 3838 5574 re-

2235 5595 2380 5647 tortis
2410 5592 2577 5651 littore
2597 5593 2679 5648 lle
2701 5610 2849 5648 rusco
2878 5597 3118 5650 uiolenter
3151 5592 3325 5663 undis,
3370 5605 3426 5650 et
3460 5597 3515 5650 iii
3545 5595 3838 5650 Prudentia

2237 5665 2380 5718 tortis
2409 5674 2516 5718 t‘Ot’l
2530 5665 2712 5722 ~cibus.
