4022 6288
232 361 339 418 429

231 472 302 526 70
482 470 799 541 Confugisse
829 470 1113 526 meatibus.

411 561 536 615 Haec
567 562 820 615 miracula
849 571 972 616 sunt
1003 570 1110 618 tuae

487 652 725 721 Virtutis,
760 652 1008 720 Domine,
1042 661 1100 708 ut
1123 655 1282 708 modo
1317 633 1334 653 ’

483 745 819 815 Suspendor,
859 745 978 802 leve
1004 756 1328 816 praenatans,

480 836 706 892 Summo
734 838 945 908 gurgite
977 837 1235 899 fluminis.

227 930 299 983 75
482 928 615 984 Cum
647 929 790 984 collo
814 930 1091 998 scopulum
1121 929 1351 984 traham.

408 1020 524 1078 lam
557 1021 750 1090 plenus
776 1022 958 1078 titulus
992 1022 1066 1076 tui
1092 1032 1196 1086 est,

481 1113 549 1168 Et
574 1113 654 1169 vis
677 1113 882 1183 prodita
907 1115 1161 1180 nominis,

479 1207 648 1273 Quam
675 1206 889 1276 gentilis
919 1206 1081 1262 habet
1109 1217 1315 1279 stupor.

481 1299 762 1362 Absolvas,
796 1311 1010 1368 precor,
1042 1298 1267 1368 optime,

218 1389 290 1442 80
481 1389 650 1460 Ilujus
681 1406 821 1445 nunc
850 1391 1044 1445 anima:
1074 1406 1272 1446 moras.

405 1483 543 1550 Quid
581 1485 754 1551 possis
785 1484 976 1554 probat
995 1485 1238 1538 amnicus

471 1575 688 1646 1047
717 1576 814 1641 Qui
843 1583 1022 1630 vectat
1046 1575 1252 1631 silicem
1282 1576 1474 1646 liquor.

477 1669 588 1723 lloc
606 1669 738 1738 jam,
769 1669 910 1738 quod
942 1676 1208 1739 superest,
1241 1672 1394 1737 cedo,

1316 363 1875 423 PERISTEPHANON
1917 367 2127 425 HVMN.
2175 372 2312 427 VIII.

1852 484 1901 542 Α

2179 481 2297 549 Quo
2327 483 2399 539 nil
2429 493 2514 542 est
2542 487 2848 558 pretiosius,

1926 569 1996 621 85
2176 570 2282 626 Pro
2309 583 2380 640 te,
2411 573 2623 633 Christe
2657 578 2814 647 Deus,
2845 583 3003 637 mori.

2105 662 2360 720 Orantem
2391 667 2547 724 simul
2577 669 2794 743 halitus,

2173 757 2241 812 Et
2268 772 2372 813 vox
2398 759 2619 832 deserit,
2652 773 2706 820 et
2735 766 2909 833 calor;

2172 847 2394 904 Scandit
2423 851 2643 922 spiritus
2671 855 2837 925 ardua
2861 873 2875 920 ;

2169 938 2256 995 Fit
2283 941 2496 1012 pondus
2522 960 2685 1016 grave
2709 961 2937 1005 saxeum
2965 968 2980 1005 :

1921 1031 1990 1086 90
2081 1055 2090 1063 -
2169 1030 2375 1105 Corpus
2404 1038 2900 1111 suscipiuntaqum.

2503 1191 2614 1248 VIII
2651 1193 2932 1252 HYMNUS

1921 1316 1987 1356 DE
2026 1317 2159 1359 LOCO
2197 1319 2249 1358 IN
2287 1319 2388 1368 QUO
2434 1321 2712 1363 IMR’I'YRES
2760 1324 2903 1366 ιηιεει
2951 1326 3103 1378 ευιητ,
3158 1331 3292 1371 NUNC
3335 1334 3514 1373 EAPTl-

2519 1393 2744 1434 ετειιιυιι
2788 1397 2906 1435 EST.

2100 1486 2316 1542 Electus
2338 1487 2554 1543 Christo
2585 1489 2732 1544 locus
2764 1500 2846 1546 est
2872 1492 2960 1545 ubi
2988 1494 3146 1547 corila
3176 1497 3396 1562 probata

2177 1578 2389 1652 1048
2414 1579 2677 1634 Provehat
2707 1581 2772 1635 ad
2802 1587 2997 1638 cm'um
3028 1586 3305 1654 sanguine,
3328 1597 3511 1657 purgo.

3261 1678 3438 1750 [ειιιιιιο

1531 1765 1814 1821 CI.OSS.£
1857 1762 2198 1820 VETERES.

294 1894 385 1950 '70.
419 1892 696 1956 Mentibus,
730 1893 1048 1959 tramitibus,
1077 1892 1156 1946 vel
1185 1893 1299 1955 riis,
1333 1892 1434 1948 lso.

293 1967 385 2022 73.
418 1965 578 2023 Leve,
615 1965 808 2028 leviter,
841 1965 880 2018 Ι.

295 2036 384 2090 76.
419 2035 648 2100 Titulus,
679 2036 862 2103 gloria,
899 2034 936 2087 I.

1842 1897 1888 1957 Β
1948 1967 1952 1968 ί
1991 1893 2080 1947 78.
2111 1893 2303 1968 Ilebet,
2331 1902 2520 1968 stupet,
2552 1895 2708 1960 timet,
2751 1895 2826 1949 rel
2857 1879 3151 1968 moll'esfciif'
3165 1905 3240 1954 ul‘
3263 1918 3364 1957 non
3409 1919 3504 1956 au-

1921 1967 2098 2026 deant,
2131 1967 2264 2017 sicut
2290 1966 2456 2035 prius,
2492 1964 2533 2017 I.

1985 2035 2073 2091 85.
2099 2035 2268 2102 Cedo,
2299 2036 2386 2104 da,
2420 2051 2620 2106 precor,
2656 2035 2692 2090 Ι.

1570 2150 2126 2206 COMMENTARIUS.

295 2281 668 2337 72..lleinsius
695 2282 973 2352 distinguit
1004 2278 1237 2335 Domine.
1267 2281 1334 2336 Ut
1369 2285 1540 2346 modo,
1573 2294 1626 2338 et
1666 2294 1804 2352 post,

222 2371 374 2409 vers.
425 2355 513 2417 75,
563 2354 802 2406 traham!
847 2369 968 2408 eum
1019 2352 1391 2406 admirationis
1440 2365 1583 2408 nota.
1619 2355 1808 2410 Melius

222 2425 546 2493 intelligitur
575 2435 628 2477 ut
664 2424 967 2492 significare
995 2423 1148 2488 sicut,
1176 2425 1378 2478 scilicet
1416 2427 1547 2478 sicut
1578 2427 1806 2479 miracu-

223 2497 331 2548 lum
361 2507 432 2548 est
469 2497 585 2557 hoc,
615 2494 752 2558 quod
780 2495 948 2557 modo,
988 2505 1092 2547 etc.

294 2568 384 2620 75.
407 2565 550 2627 Rat.,
584 2565 740 2627 Man,
761 2565 898 2618 Valt.
929 2566 989 2628 Β,
1027 2565 1093 2630 Q,
1117 2563 1480 2630 Gis.,\Veitz.,
1499 2568 1804 2633 suspendar.

223 2639 342 2690 \‘at.
373 2641 436 2699 Α,
477 2639 657 2700 Alex.,
697 2637 932 2702 'Ihuau.,
978 2634 1185 2701 Notus,
1229 2637 1442 2700 Atnbr.,
1475 2639 1684 2703 lleins.,
1717 2655 1802 2692 su-

219 2709 468 2762 snendor.

247 2727 637 2832 peg‘ilfobrlarictt.
661 2775 920 2831 mendose
942 2792 1155 2846 scopum
1180 2777 1401 2830 traham.
1419 2779 1548 2831 Acta
1575 2778 1801 2834 habent:

217 2848 410 2911 .Iussit,
444 2858 619 2902 sancto
651 2848 746 2902 Dei
765 2848 1042 2913 sacerdoti,
1068 2847 1145 2900 vel
1164 2847 1362 2914 famulo
1383 2849 1572 2902 molam
1603 2852 1670 2902 ad
1695 2853 1803 2903 col-

215 2918 326 2972 lum
354 2920 581 2988 alligari.
613 2918 887 2974 Usuardus
921 2936 932 2969 :
969 2916 1070 2982 Qui
1099 2935 1192 2988 pro
1215 2918 1318 2986 ﬁde
1340 2919 1528 2972 Christi
1554 2919 1632 2989 (ut
1669 2919 1804 2975 Pru-

214 2990 419 3043 dentius
445 2989 646 3059 scribit)
681 2990 838 3060 ligato
867 2989 934 3040 ad
961 3005 1172 3060 manum
1215 2990 1399 3042 molari
1439 3006 1564 3044 saxo
1601 2991 1652 3044 in
1699 2993 1799 3059 [lu-

212 3077 329 3114 men
361 3059 731 3129 prwcipitatus,
754 3068 884 3124 etc.,
916 3059 1057 3128 quod
1090 3060 1181 3113 alii
1206 3060 1370 3114 etiam
1396 3072 1800 3129 expresserunt.

214 3130 583 3186 Fortasseohic
609 3145 762 3202 error
790 3144 854 3185 ex
885 3129 1142 3202 verbisS.
1177 3130 1486 3202 Hieronymi
1513 3142 1799 3200 natuS'est,

211 3203 303 3270 qui
335 3202 630 3255 manualem
655 3200 853 3256 molam
882 3199 948 3254 ad
974 3201 1169 3255 collum
1201 3199 1414 3269 ligatam
1439 3202 1645 3256 scribit.
1669 3199 1800 3258 Nam

209 3273 280 3325 ad
311 3289 525 3326 manum
576 3272 757 3325 molari
809 3287 936 3325 saxo
987 3270 1182 3332 factum
1215 3272 1427 3327 Videtur
1469 3287 1534 3327 ex
1575 3277 1803 3329 manuali

210 3345 373 3407 mola,
399 3343 537 3406 sive,
563 3353 617 3396 ut
644 3344 734 3396 alii
763 3345 1074 3408 loquuntur,
1102 3343 1392 3399 manuario.

281 3415 373 3468 76.
398 3413 554 3472 Man,
579 3429 731 3474 cum;
760 3428 943 3482 supra,
967 3416 1100 3484 jam.

279 3485 370 3538 77.
396 3486 596 3556 Quum,
618 3487 732 3556 jam
770 3485 849 3556 vis
868 3500 967 3556 pro
997 3494 1043 3556 et
1068 3484 1162 3556 vis.

410 3554 526 3652 Vat.
556 3554 1350 3652 AL‘Rat-x.biarlSilchvnllso,
1397 3554 1614 3652 :Veilts"
1657 3554 1797 3652 Cist,
1827 3589 1873 3652 ο

206 3625 354 3680 hebet
384 3635 583 3694 stupor.
619 3625 814 3692 Scripti
850 3639 1037 3678 omnes
1074 3625 1364 3690 chinsiani,
1398 3625 1559 3678 ctalii
1604 3627 1793 3691 nostri,

205 3697 381 3750 habet.
423 3696 642 3750 Tcolius
690 3697 864 3750 solum
903 3695 1035 3749 vidit
1082 3711 1243 3748 unum
1291 3695 1410 3748 Vat.
1443 3696 1532 3749 ubi
1566 3709 1648 3750 est
1680 3697 1794 3761 Qua

203 3770 412 3834 gentilis
443 3766 582 3818 hebet
605 3777 804 3835 stupor,
842 3765 984 3835 quod
1028 3765 1160 3818 fecit
1201 3780 1356 3818 suum
1398 3765 1682 3823 Weitzius.
1738 3767 1796 3820 lu

205 3837 331 3892 Vat.
358 3839 404 3903 Q
434 3848 520 3890 est
541 3837 714 3902 habet,
741 3848 796 3891 et
824 3851 986 3902 supra
1011 3838 1190 3906 glussa
1217 3839 1270 3888 ιιι
1297 3846 1390 3901 est,
1419 3837 1587 3890 debet.
1625 3838 1794 3892 Isonis

203 3909 388 3978 glans
417 3910 550 3961 facta
580 3920 664 3960 est
693 3922 790 3975 pro
820 3907 981 3960 hebet.
1204 3957 1224 3978 ν.
1573 3957 1580 3965 .

270 3979 361 4033 8t.
393 3979 633 4031 Amuicus
665 3994 761 4030 vox
789 3979 966 4038 l’linii,
1001 3977 1212 4044 Apuleii
1245 3987 1298 4032 et
1325 3979 1573 4034 aliorum.

271 4049 365 4105 85.
392 4050 707 4112 Terentius,
755 4048 1014 4114 Plautus,
1066 4049 1279 4102 Persius
1321 4061 1370 4104 et
1414 4050 1502 4104 alii
1537 4060 1794 4120 usurpant

199 4127 325 4174 cedo
356 4135 454 4190 pro
479 4121 566 4172 da.
704 4165 721 4186 ,

269 4193 365 4247 86.
393 4190 565 4262 Aliqui
586 4190 751 4262 codd.
782 4190 912 4262 nihil
935 4205 1028 4258 pro
1052 4191 1125 4242 uit
1157 4192 1415 4245 scribunt.
1435 4191 1551 4247 Vat.
1580 4192 1792 4262 P,quod

197 4262 276 4315 nil
303 4273 412 4323 est;
434 4261 551 4315 Vat.
571 4260 752 4328 Q,quo
768 4261 843 4313 nil
870 4262 1172 4330 pretiosius:
1197 4272 1481 4330 utrumque
1509 4260 1786 4320 mendose.

195 4333 325 4386 Post
352 4331 692 4402 byntnuttrS.
718 4331 928 4402 Quirini
959 4333 1012 4395 in
1037 4332 1212 4396 Alex.,
1244 4331 1359 4402 Vat.
1398 4334 1437 4386 Β
1464 4342 1518 4385 et
1547 4333 1677 4387 Mar.
1704 4350 1790 4386 se-

191 4406 381 4473 quitur
395 4401 583 4468 ipassio
597 4401 862 4473 Cassiani,
879 4413 939 4473 et
955 4413 1072 4473 post
1097 4402 1233 4455 hanc
1246 4401 1324 4473 De
1345 4406 1457 4455 loco
1472 4403 1787 4469 Baptisterii.

261 4475 317 4528 1.
342 4473 580 4541 Ascripsi
605 4471 812 4526 titulum
835 4488 898 4526 ex
926 4471 1054 4526 Mar.
1075 4483 1130 4526 et
1149 4473 1266 4526 Rat.
1288 4472 1362 4526 Ita
1390 4475 1549 4527 etiam
1571 4475 1688 4528 Vat.
1716 4480 1784 4539 Α,

185 4543 288 4600 sed
320 4553 444 4612 post
470 4552 542 4597 est
567 4541 1054 4615 additACalagorrar.
1080 4544 1265 4608 Aldus,
1295 4545 1459 4615 Locus
1490 4545 1573 4597 ubi
1596 4555 1787 4615 marty-

183 4632 267 4668 res
285 4616 578 4684 passisuut,
590 4613 731 4682 quod
749 4630 883 4667 nunc
901 4614 1251 4683 baptisterium
1269 4614 1586 4682 appellatur.
1601 4613 1757 4670 Alex}
1771 4657 1786 4680 ,

183 4684 390 4754 Incipit
437 4689 499 4737 de
547 4684 693 4749 loco,
728 4693 781 4738 ct
809 4684 944 4750 alia,
993 4693 1050 4738 ut
1079 4684 1130 4739 in
1165 4685 1298 4738 Mar.
1343 4685 1595 4740 Heinsius
1622 4686 1785 4740 etiam

180 4724 1130 4824 ἑόιῖὶῖιὶειἶἱείῖιὶῖἱυζὶὲὅᾜώὶὶἶ
1151 4724 1784 4825 εῖᾶιὶιὲιεῖἱ”ὃὲἱιῖθ”αἷέἑ“ἑῖ

178 4827 417 4898 Οιοιιίο.
441 4825 592 4898 Egm.
614 4824 764 4898 addit
781 4825 1081 4898 Calagorra,
1103 4825 1332 4898 liailsltr.
1354 4824 1664 4898 Calagurra.
1681 4827 1784 4880 Fa-

178 4897 412 4962 bricius,
444 4895 678 4968 Hymnus
696 4895 1022 4968 imperfectus
1039 4897 1102 4950 de
1116 4897 1229 4968 loco
1251 4897 1470 4950 duorum
1486 4895 1778 4968 martyrum

1917 2285 2211 2341 Processus
2258 2292 2312 2339 et
2355 2283 2700 2339 Martinianus
2744 2285 2907 2340 occisi
2957 2296 3102 2344 sunt.
3153 2290 3415 2348 Praeterea
3449 2297 3498 2351 in

1917 2357 2016 2410 hoc
2043 2357 2283 2410 carmine
2313 2371 2493 2429 sermo
2523 2365 2606 2410 est
2631 2358 2697 2429 de
2722 2356 3057 2429 baptisterio
3085 2362 3224 2429 quod
3253 2365 3502 2421 omnibus

1914 2437 2060 2482 esset
2106 2437 2348 2494 apertum
2382 2425 2506 2479 dum
2538 2426 2805 2481 scribebat
2845 2425 3181 2486 Prudentius.
3220 2435 3286 2488 At
3317 2434 3501 2491 Itonia:

1915 2497 2287 2567 baptisterium
2319 2495 2592 2565 publicum
2637 2507 2755 2552 erat
2800 2499 2865 2553 ad
2918 2500 2974 2554 S.
3017 2500 3238 2557 Joannis
3271 2505 3319 2559 in
3349 2505 3504 2561 Late-

1915 2583 2066 2634 rano,
2102 2568 2151 2621 in
2181 2581 2400 2622 carcere
2427 2568 2740 2623 Mamertino
2767 2570 2928 2624 fuisse
2956 2586 3059 2625 non
3088 2582 3317 2629 ςοειδιιιι.
3351 2576 3500 2633 Wri-

1915 2640 2050 2694 tzius
2096 2638 2376 2707 ignorabat
2405 2653 2561 2707 quam
2596 2638 2750 2704 longe
2780 2656 2806 2691 a
2843 2643 3094 2696 Vaticano
3119 2646 3357 2700 custodia
3392 2649 3503 2703 Ma-

1913 2711 2143 2764 mertina
2175 2711 2371 2774 distet,
2403 2725 2526 2763 cum
2553 2708 2786 2764 afﬁrmet
2816 2710 3182 2779 baptisterium
3213 2715 3314 2771 hoc
3341 2719 3502 2775 luis-e

1916 2781 2088 2835 locum
2126 2781 2308 2834 Romae
2340 2781 2390 2834 in
2424 2779 2678 2834 Vaticano
2710 2797 2874 2850 prope
2904 2784 3200 2839 custodiam
3232 2784 3499 2844 Mamerti-

1913 2851 2324 2906 nam.Fortasse
2356 2851 2521 2922 voluit
2549 2852 2787 2906 scribere
2818 2853 2867 2905 iu
2899 2851 3172 2922 Capitolio.
3197 2857 3497 2916 Cancellie-

1911 2921 2021 2975 rius
2053 2924 2102 2974 in
2131 2920 2506 2976 diesertatione
2538 2921 2714 2974 Italica
2746 2922 2814 2977 de
2843 2924 2944 2978 hoc
2963 2920 3340 2992 carcere.,jam
3371 2943 3498 2986 ante

1911 3007 1939 3044 a
1963 3007 2054 3065 ine
2084 2993 2453 3065 laudata,cap.
2481 2992 2546 3045 l7
2572 3002 2797 3065 testatur
2825 3009 2884 3049 se
2910 2996 3141 3050 carceris
3171 2996 3494 3065 Mamertini,

1908 3063 1974 3116 ad
2006 3064 2247 3117 ecclesia:
2279 3078 2430 3116 usum
2464 3064 2760 3116 tonsecrati
2788 3105 2802 3127 ,
2855 3066 3178 3119 mentionem
3213 3083 3316 3121 non
3345 3063 3494 3124 inve?

1911 3135 2054 3188 nisse
2084 3133 2442 3202 antiquiorem
2474 3147 2536 3204 ea
2566 3148 2682 3200 qua:
2714 3133 2770 3188 Iit
2799 3149 2827 3188 a
2861 3136 3101 3202 Mapha-n
3140 3135 3303 3204 Vegio
3332 3139 3383 3194 iit
3412 3141 3493 3195 hi-

1909 3205 2071 3258 storia
2101 3205 2333 3275 antiqua:
2363 3203 2595 3258 basilica:
2633 3204 2896 3275 Vaticana:
2939 3205 3176 3274 Eugenio
3208 3203 3270 3262 IV
3298 3209 3496 3275 dicata,

1907 3275 1998 3329 ubi
2030 3275 2101 3328 ait
2129 3292 2140 3326 :
2168 3273 2214 3327 E
2239 3276 2444 3344 regione
2481 3273 2713 3329 tedicqu
2742 3273 2807 3328 Β.
2840 3274 2982 3330 Petri
3011 3273 3063 3330 iii
3091 3281 3379 3334 carceribus
3405 3273 3495 3336 sub

1906 3361 2024 3400 arce
2051 3344 2598 3415 Capitolii.C.Riscus
2625 3346 2857 3400 aflirmat
2881 3347 3081 3402 nullum
3112 3350 3387 3406 dubitandi
3419 3353 3496 3408 lo-

1905 3431 2026 3491 cum
2055 3417 2162 3491 jam
2187 3417 2461 3491 esse__quin
2488 3415 2560 3491 de
2581 3415 2860 3491 Calagurri
2888 3418 2960 3491 sit
2987 3432 3492 3491 s_ermo,postquam

1909 3487 2157 3560 Heinsius
2205 3503 2267 3542 ex
2305 3485 2851 3560 Oxon.‘Calagurrim
2899 3490 2950 3543 in
3005 3485 3256 3546 lemmate
3287 3485 3490 3560 posuit;

1905 3558 2146 3634 adeoque
2197 3558 2601 3634 opinaturﬂhos
2647 3573 2834 3634 versus
2861 3559 3042 3614 statim
3085 3569 3207 3634 pust
3236 3558 3492 3634 hymnum

1906 3628 2002 3682 SS.
2038 3627 2325 3682 IIemetcrii
2357 3639 2410 3681 et
2440 3628 2716 3682 Celedonii
2749 3644 2870 3683 esse
2897 3627 3490 3698 reponéndosﬂlcrum

1896 3698 2002 3769 iam
2021 3707 2145 3753 ante
2161 3698 2431 3753 lleinsiuiu
2451 3699 2683 3754 similem
2704 3701 2910 3754 titulum
2935 3700 2987 3754 in
3009 3701 3160 3769 Egm.
3181 3712 3232 3755 et
3250 3703 3484 3759 IIailsbr.

1867 3767 2162 3841 -Weitzius
2215 3781 2522 3833 notaverat;
2567 3784 2742 3841 neque
2791 3771 2922 3823 satis
2970 3767 3178 3825 [irinum
3225 3784 3307 3825 est
3344 3775 3486 3841 quod

1897 3855 1962 3893 ex
2013 3840 2316 3908 huiusmodi
2365 3840 2806 3906 inscriptionibus
2836 3841 3032 3908 petitur
3075 3840 3487 3910 argumentum,

1898 3911 2192 3979 praesertim
2223 3911 2308 3965 ubi
2339 3912 2546 3965 variant
2571 3911 2783 3965 codices
2811 3923 3044 3966 veteres.
3090 3911 3206 3970 Non
3235 3916 3376 3968 enim
3412 3914 3480 3970 li-

1895 3990 2025 4050 quet
2053 3997 2174 4051 quia
2203 3990 2258 4036 et
2287 3984 2462 4051 qualia
2491 3982 2738 4036 lemmata
2785 3981 3105 4037 Prudentius
3149 3985 3484 4051 ascripserit.

1896 4052 2046 4108 Adde
2077 4055 2129 4105 in
2159 4053 2304 4123 nullo
2332 4052 2517 4107 codice
2546 4051 2644 4106 hos
2677 4068 2861 4107 versus
2891 4067 3011 4107 cum
3047 4054 3246 4123 hymno
3266 4054 3361 4110 SS.
3386 4056 3487 4111 Ile-

1897 4123 2105 4178 tncterii
2155 4133 2208 4195 et
2250 4121 2524 4195 Celedonii
2574 4123 2848 4191 conjungi.
2895 4121 3273 4191 Baptistcriutn
3325 4127 3484 4195 igitur

1894 4195 2034 4263 quod
2067 4194 2249 4250 laudat
2273 4194 2612 4259 Prudentius,
2632 4195 2908 4249 exstitisse
2931 4195 3208 4263 Calagurri
3241 4194 3482 4252 vetiirutn

1894 4266 2136 4320 codicum
2170 4266 2548 4335 inscriptiones
2576 4266 2828 4329 suadent,
2859 4266 2953 4320 sed
2987 4281 3094 4320 non
3127 4269 3480 4335 persuadent,

1892 4337 2158 4404 siquidem
2191 4351 2297 4391 non
2324 4337 2390 4389 ah
2420 4335 2655 4390 auctoris
2684 4351 2863 4398 manu,
2898 4336 2992 4392 sed
3024 4352 3086 4391 es
3115 4339 3338 4392 alterius
3365 4340 3484 4400 oni-

1895 4407 2074 4476 nione,
2105 4406 2194 4475 qui
2228 4410 2297 4460 ita
2327 4408 2736 4473 existimaverit,
2773 4408 3020 4461 vidi-titur
3049 4421 3169 4462 esse
3195 4411 3476 4476 appositae.

1893 4475 2077 4545 Neque
2109 4477 2442 4539 extoloratttm
2467 4478 2641 4532 habeo
2661 4476 3018 4546 anCdagurri
3042 4492 3107 4530 eo
3129 4475 3245 4545 ipso
3276 4479 3327 4532 in
3361 4479 3480 4534 loco

1892 4547 1980 4601 ubi
2009 4547 2107 4619 SS.
2141 4547 2482 4619 llemeterius
2512 4557 2566 4604 et
2609 4548 2930 4604 Celedouius
2961 4547 3100 4616 passi
3134 4557 3278 4612 sunt,
3307 4549 3480 4619 bapti-

1891 4618 2113 4673 sterium
2140 4616 2299 4673 fuerit
2327 4628 2587 4674 erectum.
2617 4619 2799 4689 Itaque
2829 4619 2952 4672 illud
2986 4627 3191 4689 tantum
3223 4616 3477 4673 altiruiari

1889 4697 2069 4753 potest
2111 4688 2210 4743 hos
2235 4704 2424 4745 versus
2453 4690 2624 4744 factos
2651 4688 2948 4744 iu’laudetn
2982 4688 3280 4758 baptisterii
3308 4689 3480 4744 alicu-

1885 4759 1976 4829 jus
2019 4760 2132 4830 sive
2162 4759 2345 4814 Itomte
2369 4800 2383 4825 ,
2429 4760 2546 4815 sive
2572 4759 2848 4830 Calagurri
2875 4800 2890 4823 ,
2929 4760 3046 4814 sive
3075 4758 3270 4830 quovis.
3290 4759 3399 4816 alio
3426 4761 3480 4814 in

1889 4827 2088 4898 oppido
2110 4831 2276 4886 erecti
2304 4831 2392 4884 ubi
2412 4830 2557 4899 prius
2579 4831 2684 4885 duo
2706 4827 2968 4901 martyres
2991 4844 3087 4901 pro
3099 4827 3174 4885 Ch
3185 4831 3316 4901 risto
3335 4832 3476 4901 passi

1892 4902 2118 4956 fuerant.
2153 4901 2470 4967 Hujusntodi
2510 4899 2894 4970 epigrammaia
2939 4899 3005 4955 ad
3033 4899 3271 4955 ornanda
3301 4899 3480 4966 bapti-

177 4969 266 5020 ubi
294 4982 431 5040 nunc
461 4966 816 5040 baptisterium
842 4976 938 5021 est.
957 4967 1079 5020 Mihi
1108 4967 1400 5040 perlectum
1432 4966 1646 5040 vitietur
1676 4971 1778 5024 hoc
1808 4969 1857 5029 D
1882 4972 2045 5026 steria
2075 4972 2188 5026 fieri
2220 4966 2488 5027 solebant.
2520 4966 2676 5040 Apud
2708 4973 3010 5027 Ennodium
3057 4970 3149 5024 lib.
3185 4985 3219 5026 tt
3245 5013 3259 5034 ,
3303 4970 3474 5040 epigr.

181 5037 542 5109 poemation;
568 5047 690 5092 sunt
733 5037 876 5092 enim
908 5051 1092 5092 versus
1131 5037 1255 5092 facti
1297 5047 1352 5092 ut
1383 5037 1436 5094 in
1468 5039 1650 5109 aliquo
1683 5041 1772 5093 ha-

175 5107 437 5178 ptisterio
461 5107 835 5178 affigerentur,
876 5116 932 5162 ut
963 5123 1063 5178 ego
1089 5109 1306 5178 quidem
1340 5119 1489 5174 puto,
1520 5107 1574 5165 et
1603 5111 1773 5166 innuit

172 5177 466 5246 inscriptio
485 5177 540 5232 in
569 5179 757 5250 codice
786 5177 1094 5234 Florentino
1108 5177 1190 5234 de
1210 5193 1316 5250 quo
1341 5181 1448 5234 dixi
1473 5181 1769 5250 prolegom.

172 5265 336 5334 nam.
354 5249 492 5304 85et
515 5263 692 5330 seqq._,
717 5248 1208 5334 versus‘inlaudem
1231 5248 1774 5334 ὒιιριιιιειιῄἀιιρνιιιη

171 5330 470 5389 martyrum
494 5323 744 5389 sanguine
779 5321 1044 5385 illustrati,
1078 5321 1183 5383 vel,
1227 5329 1285 5374 ut
1311 5321 1503 5390 legitur
1531 5324 1580 5376 in
1614 5321 1771 5387 Urb.,

170 5391 423 5469 illustris.
467 5390 746 5469 Quodnam
788 5391 1078 5469 fueritth
1123 5391 1494 5469 baptisterium
1527 5404 1774 5463 quaerunt

169 5461 526 5531 interpretes.
541 5459 830 5526 Giselinus,
854 5460 1134 5526 Weitzius,
1163 5459 1559 5518 Citamillardus
1585 5474 1769 5531 putant

169 5546 303 5588 esse
328 5532 702 5601 baptisterium
736 5533 789 5586 in
815 5546 1035 5588 caream
1062 5533 1380 5588 Mamertino
1405 5534 1497 5588 ubi
1527 5534 1769 5590 SS.Pro-

169 5617 370 5659 cessus
398 5612 453 5656 et
485 5601 832 5657 Martinianus
868 5603 1120 5672 baptizati
1163 5613 1307 5658 sunt.
1360 5604 1551 5660 Parum
1585 5613 1762 5662 tamen

167 5675 224 5729 id
261 5673 542 5744 probabile
567 5673 776 5744 videtur
809 5687 971 5727 :nam
1005 5673 1328 5730 Prudentius
1355 5675 1557 5731 diserte
1596 5677 1672 5730 ait
1699 5691 1764 5732 eo

166 5745 295 5811 ipso
339 5745 394 5808 in
427 5744 546 5798 loco
585 5743 722 5798 duos
753 5747 1063 5814 martyrium
1105 5744 1292 5799 tulisse
1315 5783 1330 5808 ,
1367 5755 1421 5799 et
1454 5747 1507 5800 in
1539 5760 1761 5803 carcere

1880 5041 1974 5106 20,
2005 5040 2070 5096 In
2114 5043 2410 5111 baptisteria
2433 5043 2632 5113 Agella,
2658 5043 2742 5096 ubi
2779 5043 2906 5113 picti
2933 5051 3053 5097 sunt
3085 5052 3327 5113 martyres
3352 5058 3477 5111 quo.

1880 5129 1997 5166 rum
2018 5113 2258 5184 reliquiis
2287 5111 2507 5169 conditi!
2531 5121 2668 5167 sunt.
2700 5113 2757 5168 S.
2781 5111 3040 5167 Paulinus
3069 5114 3227 5180 ep‘sl.
3257 5111 3323 5165 ίέ.
3351 5113 3477 5167 snit—

1884 5185 1947 5253 tit
1965 5183 2031 5237 ad
2058 5183 2319 5240 Severum
2349 5186 2447 5238 tria
2472 5185 2855 5253 epigrammata
2886 5198 3004 5248 qum
3035 5191 3254 5251 possent
3277 5185 3474 5253 apponi

1884 5252 2236 5323 baptisteria,
2284 5270 2314 5308 a
2345 5252 2803 5312 Severo’duabus
2854 5253 3088 5312 basilicis
3135 5252 3472 5322 interposito,

1883 5325 1990 5378 duo
2016 5327 2225 5380 scilicet
2251 5325 2320 5380 de
2352 5324 2577 5395 picturis
2600 5325 2916 5394 baptisterii,
2937 5332 2992 5379 et
3015 5323 3235 5395 tertium
3265 5327 3333 5380 de
3357 5325 3474 5394 ipso

1885 5395 2224 5462 baptisterio,
2255 5394 2401 5464 quod
2431 5411 2552 5451 cum
2588 5395 2690 5451 hoc
2721 5404 2905 5450 nostro
2935 5394 3210 5449 Prudentii
3241 5397 3473 5452 conferri

1880 5477 2094 5535 potest:
2127 5476 2212 5522 est
2239 5466 2383 5521 enim
2420 5467 2772 5521 simillimum.
2814 5466 2937 5535 ,Iam
2982 5467 3035 5522 in
3068 5467 3092 5521 l
3125 5480 3281 5522 versu
3317 5467 3470 5535 Egm.

1876 5545 1931 5592 et
1963 5536 2154 5600 Palat.,
2193 5537 2307 5591 Vat.
2338 5538 2398 5604 P,
2436 5536 2660 5601 WeitL,
2707 5537 2850 5592 locus
2899 5538 2983 5590 hic
3007 5576 3022 5600 ,
3074 5536 3180 5593 ubi.
3215 5535 3474 5592 Weitzius

1875 5607 2051 5662 nullas
2100 5609 2307 5676 glossas
2334 5623 2365 5663 e
2389 5608 2502 5662 suis
2532 5607 2810 5663 codicibus
2861 5607 2986 5664 huic
3013 5608 3214 5678 hymno
3255 5608 3468 5677 adjecit.

1875 5678 2079 5734 Desunt
2105 5679 2266 5734 etiatn
2298 5679 2365 5750 in,
2392 5678 2549 5750 Vatt.
2571 5680 2842 5750 plerisque
2869 5680 3069 5750 glossat.
3094 5685 3320 5734 veteres.
3357 5678 3438 5733 Ma

1875 5750 2065 5803 riettus
2090 5765 2121 5804 e
2149 5763 2246 5803 suo
2272 5749 2458 5806 codice
2489 5749 2764 5806 adnotavit
2787 5751 2852 5805 ad
2878 5765 3017 5807 vers.
3053 5749 3110 5816 2,
3145 5751 3384 5820 provehat
3402 5776 3463 5800 ~-

167 5815 496 5870 Mamcrtino
541 5829 714 5884 neque.
761 5813 984 5884 apostoli
1017 5813 1208 5872 Petrus
1237 5825 1289 5871 et
1320 5816 1512 5872 Paulus
1539 5857 1553 5882 ,
1588 5833 1760 5889 neque
1871 5822 1924 5874 id
1949 5830 2042 5888 e.t,
2075 5820 2324 5877 Christus.
