3968 6288
497 309 602 366 455
1325 304 1354 325 ⁹

569 413 634 592 /
677 429 964 486 Historiam
993 429 1198 499 pictura
1229 428 1426 492 refert;
1469 441 1584 497 quae
1612 429 1803 484 tradita
1835 431 2007 498 libris,

751 521 942 577 Veram
972 522 1164 576 vetusti
1192 522 1448 592 temporis
1478 532 1738 577 monstrat
1766 523 1944 580 fidem.

497 521 604 592 20]
751 521 942 577 Veram
972 522 1164 576 vetusti
1192 522 1448 592 temporis
1478 532 1738 577 monstrat
1766 523 1944 580 fidem.

674 612 964 668 Prmfuerat
991 612 1181 668 studiis
1217 612 1539 681 puerilibus,
1571 622 1625 668 et
1649 627 1811 683 grege
1841 616 2010 668 multo

743 705 939 773 Septus
966 706 1220 773 magister
1239 706 1533 760 litterarqu
1561 706 1795 760 sederat.

673 796 846 852 Verba
880 796 1022 853 notis
1049 795 1298 851 brevibus
1335 796 1729 866 comprendere
1760 807 1951 852 cuncta
1982 812 2077 868 pe-

1829 889 2006 960 [riIUs,

1607 309 1883 368 AURELll
1925 314 2291 372 PllUDENTII
2331 314 2660 372 CABMINA.

2112 436 2156 494 Α
2189 434 2268 488 25·

3667 321 3784 379 Ιῒρϐ

2370 433 2575 500 Aspera
2599 445 2976 501 nonnunquam
2999 441 3264 501 prmeepta
3283 473 3297 498 ,
3321 440 3374 488 et
3401 433 3571 489 tristia
3591 436 3710 491 visa

2435 521 2656 591 lmpube
2680 523 2868 592 vulgus
2898 533 3178 579 moverant
3204 525 3280 579 ira
3310 535 3364 584 et
3393 536 3560 582 metu.

2368 613 2567 668 Doctor
2598 626 2812 670 amarus
2850 615 2991 669 enim
3032 614 3258 671 discenti
3294 631 3510 687 semper
3544 617 3780 688 ephebo,

2435 706 2543 761 Nec
2559 705 2730 761 dulcis
2753 706 2846 761 ulli
2878 704 3160 778 disciplina
3192 709 3558 774 infatitizeest.

2367 797 2531 865 Ecce,
2579 797 2737 854 ﬁdem
2760 800 3006 869 quatiens
3053 809 3344 872 tempestas
3365 818 3531 866 sava,
3568 817 3788 870 preme.

3558 894 3676 964 [bat

456 1047 468 1070 χ
753 979 964 1052 ιοεά.
1000 979 1316 1050 Raptimque
1344 979 1552 1050 punctis
1578 979 1721 1037 dicta
1753 982 2095 1051 prarpetibus-
2184 982 2254 1038 50
2433 982 2650 1038 Plebem
2683 983 2912 1039 dicatam
2940 983 3258 1040 Christianae
3281 986 3490 1056 glorise.

467 1071 518 1142 ἐχ
1813 1072 2005 1142 [sequi.
2363 1075 2674 1132 Extrahitur
2700 1084 2843 1132 ctetu
2871 1090 2903 1132 e
2932 1075 3112 1132 medio
3142 1077 3452 1133 moderator
3481 1077 3688 1132 alumni

521 1145 553 1177 κ
1807 1162 2094 1218 ειυδδίε
2137 1163 2481 1222 versans.

559 1257 651 1312 21.
686 1233 1040 1325 Praepetibus,
1069 1254 1342 1316 velocibus,
1371 1254 1412 1307 l.

558 1328 650 1383 27.
681 1326 920 1398 Ephebo,
947 1325 1159 1380 imberbi
1167 1325 1366 1395 juveni,
1397 1325 1432 1378 Ι.

2255 1257 2345 1313 29.
2377 1259 2712 1328 Tempestas,
2744 1261 3047 1328 persecutio,
3081 1260 3146 1326 l.,
3179 1260 3310 1317 Mar.

2257 1328 2346 1382 5|.
2375 1329 2698 1397 Moderator,
2723 1331 2982 1402 magism.
3007 1358 3076 1371 -—
3097 1331 3331 1396 Alumni,
3353 1332 3620 1403 juvenilis,
3643 1331 3781 1386 Mar.

1846 1415 2410 1476 COMMENTARIUS.

564 1514 650 1568 19.
691 1513 815 1566 Htec
850 1509 1126 1564 advertant
1171 1507 1361 1573 velim,
1388 1507 1476 1572 qui
1510 1517 1694 1575 putant
1728 1507 2074 1564 Prudentium

491 1601 554 1639 ex
584 1584 714 1638 solis
746 1581 969 1652 picturis
998 1595 1101 1634 non
1141 1579 1275 1652 bene
1307 1578 1589 1652 intellectis
1616 1579 1745 1633 Acta
1777 1586 2074 1652 martyrum

493 1649 759 1708 interdum
794 1652 1103 1706 adornasse.
1149 1650 1257 1701 lmo
1295 1663 1396 1717 ego
1426 1649 1692 1713 existimo,
1719 1659 1916 1717 praeter
1940 1649 2079 1716 peri-

2187 1525 2349 1585 opera
2397 1513 2458 1568 S.
2489 1513 2692 1580 Paulini
2728 1515 2794 1568 ita
2823 1515 3017 1584 legitur
3045 1532 3057 1566 :
3087 1513 3312 1570 Sanctus
3340 1516 3508 1585 itaque
3533 1517 3786 1571 Genesium

2186 1583 2236 1634 in
2251 1585 2535 1653 juventutis
2559 1586 2685 1651 ﬂore
2713 1583 2951 1653 primaevo
2976 1624 2991 1647 ,
3028 1586 3356 1653 provincialis
3383 1583 3581 1640 militia:
3607 1590 3786 1642 tiroci-

2186 1654 2326 1705 nium
2359 1656 2600 1718 suscepit,
2637 1671 2750 1707 eant
2791 1655 2939 1724 oﬁlcii
2978 1665 3172 1722 partem
3214 1657 3382 1710 studio
3417 1668 3464 1709 et
3496 1669 3608 1710 arte
3642 1676 3786 1712 com-

492 1725 686 1779 tiorum
726 1717 1322 1798 narrationem,_ipsum
1366 1720 1496 1798 Ac'a
1535 1719 1748 1798 sincera
1790 1735 1909 1787 quae
1949 1729 2076 1774 tunc
2108 1721 2153 1778 Β
2179 1724 2391 1798 plexus,
2423 1740 2536 1798 qua:
2556 1717 2890 1794 patronorum
2914 1717 3063 1798 verba
3095 1725 3170 1778 vel
3194 1743 3321 1778 nova
3343 1729 3607 1798 signorum
3640 1732 3782 1784 velo-

491 1803 644 1849 erant
668 1791 1019 1855 consuluisse,
1051 1787 1145 1843 sed
1175 1786 1240 1840 ad
1269 1789 1531 1856 poeticum
1557 1786 1842 1857 quemdam
1865 1804 2074 1854 gustum

491 1880 575 1919 res
593 1862 923 1932 exposuisse,
941 1869 1187 1932 tanq-iam
1210 1873 1281 1932 ex
1303 1858 1522 1912 alterius
1546 1857 1964 1932 refereiitis_pre,
1985 1870 2077 1914 aut

487 1935 610 2003 quia
639 1929 816 2003 audita
849 1930 1074 1997 primum
1105 1930 1171 1982 ab
1205 1929 1602 2003 ajdituoposma
1638 1929 2074 2003 ipsediligcntins

489 1999 732 2073 perlegit.
760 2001 873 2055 Non
899 2007 1210 2073 eratantetn
1238 2000 1320 2053 hic
1345 2001 1589 2064 aedituus,
1622 1999 1760 2067 quod
1789 2001 1948 2073 aliqui
1982 2017 2075 2068 pu-

489 2070 601 2128 iant
623 2070 660 2142 ξ
687 2073 846 2127 homo
870 2070 1074 2142 aliquis
1092 2070 1392 2123 illitteratus
1425 2086 1438 2122 :
1468 2072 1896 2142 nanti-partehat
1921 2073 2071 2142 illum

487 2139 910 2200 esse'clericum
959 2139 1260 2194 ordinatum
1288 2179 1304 2202 ,
1337 2147 1394 2192 ut
1439 2139 1705 2208 colligitur
1742 2155 1807 2195 ex
1847 2141 2074 2208 epistola

488 2215 545 2271 S.
577 2208 812 2269 Cornelii
841 2226 1010 2280 papae.
1043 2209 1177 2280 Vide
1215 2209 1624 2264 Tlioniassiuum
1657 2221 1785 2265 tum.
1818 2211 1856 2275 l,
1888 2211 1980 2267 lib.
2014 2228 2072 2278 tt,

487 2300 608 2350 cap.
637 2282 740 2348 50,
771 2279 849 2337 de
873 2279 1089 2349 Diseipl.
1123 2281 1318 2334 eccles.

555 2349 647 2412 20.
680 2353 792 2409 Etsi
820 2363 1028 2421 tempus
1058 2361 1320 2421 vetustum
1355 2349 1674 2405 Prudentius
1705 2354 1955 2420 appellet,
1989 2362 2068 2408 ta-

488 2442 606 2482 men
647 2439 736 2481 res
783 2419 955 2492 potuit
980 2419 1185 2492 eodem
1227 2421 1423 2492 saeculo
1451 2437 1502 2474 tv
1533 2419 1839 2492 contigisse.
1886 2425 1976 2478 Sic
2019 2425 2069 2478 in

489 2499 728 2552 Romano
759 2490 905 2550 vers.
935 2491 1005 2547 52
1027 2532 1043 2556 ,
1090 2491 1155 2546 Ut
1186 2490 1644 2562 refertuntiquitas
1669 2490 1699 2558 ,“
1715 2501 1770 2548 et
1801 2503 1976 2548 tamen
2007 2496 2074 2550 de

487 2567 700 2624 Galerio
723 2568 1043 2633 imperatore
1068 2561 1320 2633 loquitur.
1348 2561 1537 2616 Verum
1561 2563 1766 2618 etiamsi
1802 2564 1913 2618 haec
1935 2567 2073 2620 anti-

487 2639 680 2708 quitus,
710 2644 766 2692 et
794 2631 1032 2708 vetustas
1053 2631 1333 2686 commode
1364 2633 1528 2700 possit
1554 2634 1737 2688 referri
1767 2633 2072 2708 adinitinm

486 2703 667 2774 ἐπικιιί
695 2722 768 2772 tv,
796 2716 972 2760 tamen
1003 2703 1417 2774 inopportunuiu
1447 2711 1530 2757 est
1557 2719 1672 2756 eam
1701 2704 1976 2771 exponere
2005 2709 2072 2760 de

487 2773 726 2848 tempore
753 2775 1268 2848 JulianiApostaue,
1301 2773 1396 2848 qui
1415 2789 1556 2828 anno
1581 2774 1724 2840 563,
1752 2786 1871 2843 post
1911 2777 2076 2833 breve

486 2843 767 2912 imperium
788 2887 806 2910 ,
831 2845 1130 2902 exstinctus
1163 2852 1268 2898 est.
1301 2843 1435 2899 Vide
1466 2859 1609 2900 vers.
1640 2848 1729 2900 51.

553 2919 642 2976 22.
693 2917 862 2975 Sessio
921 2915 1232 2983 plerumque
1288 2915 1659 2970 auctoritatem
1706 2917 1924 2972 indicat.
1981 2917 2070 2974 S'c

483 2987 1010 3060 iurisconsultiapud
1032 2983 1576 3060 Ciceroncmsaipius
1596 2987 1866 3052 sedente=,
1897 3000 1986 3042 aut
2017 2991 2066 3042 in

483 3055 621 3151 solio
677 3055 1083 3151 colisuleot'rbus
1138 3055 1822 3151 ESSPODEGLO-‘d‘ltjutlﬁur.-
1854 3059 2067 3151 «l‘tldECI'S
2094 3091 2141 3151 Ε

481 3133 642 3188 etiam
673 3131 953 3193 sedebant,
985 3143 1106 3182 cum
1136 3127 1456 3181 sententiam
1486 3127 1847 3194 proferebant.
1875 3131 2065 3184 Notum

483 3213 563 3258 est
591 3203 660 3258 de
687 3202 892 3263 Pilato,
925 3214 1022 3269 pro
1051 3197 1300 3269 tribunali
1332 3198 1574 3269 sedente.
1614 3199 1728 3252 Jos.
1773 3203 1896 3254 Ant.
1928 3201 2072 3255 Gon-

483 3273 630 3328 salus
671 3272 741 3328 de
771 3267 1018 3328 Salas‘ad
1050 3267 1284 3340 Petronii
1336 3267 1494 3322 verba
1521 3308 1536 3335 ,
1577 3269 1740 3340 Atque
1785 3287 1974 3338 eques,
2017 3273 2069 3325 in

485 3360 640 3398 causa
661 3344 752 3414 qui
770 3343 1070 3414 sedet,_pag.
1101 3339 1170 3393 56
1197 3340 1297 3391 alia
1325 3340 1566 3407 exempla
1591 3339 1810 3414 profert.
1837 3342 2070 3414 Magistri

486 3411 819 3479 litterarum,
846 3412 1038 3480 quibus
1074 3424 1160 3464 res
1195 3417 1312 3480 erat
1337 3423 1457 3464 cum
1483 3411 1723 3478 parvulis
1743 3453 1756 3476 ,
1788 3413 1936 3468 sellze
1966 3428 2069 3468 non

487 3485 647 3538 nimis
674 3485 795 3538 altae
826 3479 1145 3537 insidebant.
1180 3479 1397 3534 Plautus
1428 3480 1477 3533 in
1512 3481 1757 3536 Baccliid.
1793 3497 1872 3548 tu,
1900 3485 1952 3548 5,
1977 3485 2074 3548 28,

487 3553 554 3608 In
599 3555 727 3608 sella
769 3554 907 3622 apud
945 3552 1244 3621 magistrum
1295 3551 1566 3622 assideres.
1628 3551 1900 3609 Docebant
1944 3569 2071 3609 vero

485 3625 778 3681 Christiani
803 3620 962 3684 omni
984 3620 1327 3694 ethnicorum
1357 3620 1518 3694 ﬁlios,
1551 3630 1608 3676 ut
1637 3639 1706 3678 ex
1745 3624 1846 3678 hoc
1871 3626 2072 3694 hymno

487 3697 694 3765 liquet,
737 3703 791 3749 et
823 3693 1086 3761 colligitur
1136 3708 1219 3765 ex_
1248 3692 1401 3765 Actis
1453 3692 1552 3748 SS.
1582 3693 1811 3749 Montani
1837 3735 1850 3759 ,
1895 3692 2071 3765 Lucii,

488 3762 727 3820 Flivianl
757 3776 811 3820 et
836 3767 1062 3820 aliorum
1085 3763 1222 3832 apud
1248 3762 1583 3818 Ruinartium
1603 3804 1617 3828 ,
1647 3766 1733 3820 ubi
1761 3762 2067 3820 Flavianum

487 3837 736 3905 d'scipnli
773 3835 1121 3890 hortabantur
1147 3843 1202 3887 ut
1231 3834 1558 3890 sacriﬁcaret
1583 3876 1597 3898 ,
1626 3836 1766 3904 quod
1806 3838 2067 3902 dicereut,

485 3909 653 3962 ultimi
685 3908 874 3978 furoris
908 3922 1016 3978 esse
1043 3905 1368 3978 magis-mula
1394 3907 1568 3959 intortis
1599 3909 1789 3978 timere,
1817 3925 1972 3978 quam
1999 3910 2073 3961 vi-

483 3995 595 4032 rere
623 3992 643 4032 :
677 3975 795 4046 quia
827 3977 995 4046 verba
1033 3975 1316 4046 aliialiter
1348 3978 1548 4043 legunt.
1599 3976 1704 4031 Sed
1751 3975 1909 4044 paulo
1947 3989 2072 4033 ante

486 4050 513 4116 ᾗ
551 4049 634 4113 12,
660 4044 789 4102 Cum
820 4044 1055 4120 Flaviani
1083 4044 1399 4120 adjutorium
1433 4045 1732 4120 reclamaret
1762 4063 1937 4100 amore
1958 4065 2073 4120 per-

482 4115 646 4176 verso.
677 4125 820 4172 recte
848 4117 918 4172 cl.
949 4115 1334 4171 Giovenazsius
1368 4116 1742 4185 corrigendum
1770 4115 2073 4173 censet'au-

483 4189 724 4242 ditoiium
752 4202 847 4256 pro
870 4185 1208 4258 adjutorium,
1237 4201 1356 4239 cum
1381 4202 1558 4258 sermo
1587 4187 1657 4241 sit
1677 4187 1745 4242 de
1771 4189 2067 4257 discipulis.

552 4259 644 4316 23.
685 4255 859 4312 Locus
888 4255 972 4310 hic
1014 4255 1246 4325 postulat
1276 4266 1332 4308 ut
1360 4257 1427 4310 de
1458 4258 1677 4311 notariis
1707 4255 1951 4321 «iuredam
1979 4274 2072 4314 ex-

484 4331 776 4398 plicemus,
806 4341 1030 4394 quorum
1063 4332 1230 4380 artem
1271 4327 1496 4398 docebat
1535 4327 1849 4383 Cassianus.
1892 4330 2070 4384 Domi-

481 4397 636 4455 nicus
664 4399 918 4460 Aulisius,
949 4399 1022 4452 lib
1065 4414 1079 4452 ι
1103 4398 1234 4451 delle
1259 4397 1446 4452 Scuole
1464 4414 1625 4463 sacre,
1651 4414 1770 4466 cap.
1802 4401 1867 4453 17
1894 4410 1948 4454 et
1979 4403 2066 4467 18,

2181 1793 2352 1865 citate,
2384 1795 2461 1847 vel
2491 1793 2714 1848 dextera
2750 1811 2933 1848 sonum
2955 1796 3089 1849 vocis
3123 1806 3362 1865 regnaret.
3391 1793 3489 1851 'De
3516 1801 3658 1853 notis
3688 1800 3783 1854 ISi-

2181 1863 2365 1935 dorus,
2398 1865 2490 1917 lib.
2524 1880 2538 1917 t
2571 1865 2748 1931 Etym.
2773 1909 2787 1930 ,
2815 1879 2934 1933 cap.
2964 1867 3066 1929 22,
3105 1863 3358 1919 Natarum
3396 1883 3514 1920 usus
3551 1878 3698 1935 erat,
3729 1881 3783 1923 ut

2178 1934 2426 2007 quidqtiid
2449 1950 2540 2004 pro
2567 1936 2928 2007 concioneaut
2954 1938 3004 1989 in
3023 1936 3237 2007 judiciis
3264 1937 3535 2002 diceretur,
3579 1934 3782 1993 librarii

2177 2004 2448 2078 scriberent
2470 2006 2758 2078 complures
2779 2006 2931 2078 simul
2955 2004 3200 2067 asiantes,
3229 2007 3403 2078 divisis
3427 2009 3554 2062 inter
3573 2026 3629 2062 se
3656 2028 3783 2078 par-

2177 2075 2349 2146 tibus,
2390 2085 2510 2141 quot
2551 2075 2761 2144 quisque
2791 2076 2938 2146 verba
2963 2119 2978 2144 ,
3023 2087 3070 2132 et
3113 2095 3214 2146 quo
3257 2077 3435 2130 ordine
3463 2075 3779 2142 arriperent.

2184 2143 2357 2198 Romae
2388 2143 2580 2212 primus
2615 2146 2819 2200 Tullius
2845 2145 2968 2200 Tiro
2997 2143 3255 2202 Ciceronis
3277 2146 3489 2202 libertus
3520 2167 3781 2206 commen-

2179 2223 2406 2288 tatus‘est
2436 2226 2581 2270 notas
2602 2259 2613 2271 .
2641 2257 2654 2270 .
2684 2255 2698 2270 .
2717 2216 2882 2288 Notae
2903 2231 3073 2271 autem
3099 2218 3248 2271 dicta:
3271 2235 3329 2272 eo
3353 2220 3492 2288 quod
3517 2222 3671 2274 verba
3699 2225 3777 2275 vel

2175 2285 2398 2356 syllabas
2429 2289 2654 2356 prwﬁxis
2679 2286 3056 2344 churacteribus
3094 2297 3266 2341 notent
3291 2327 3306 2352 ,
3349 2285 3396 2341 et
3437 2291 3508 2342 ad
3539 2291 3777 2344 notitiam

2179 2355 2454 2431 legentium
2486 2367 2748 2431 reuocent,
2785 2374 2916 2431 quas
2953 2360 3040 2427 qui
3069 2358 3386 2431 didicerunt,
3427 2362 3634 2431 p'oprie
3659 2363 3778 2431 jam

2175 2429 2361 2480 notarii
2390 2429 2735 2498 appellantur.
2785 2427 3075 2484 Peveratus
3103 2428 3280 2483 aiebat
3306 2430 3442 2496 apud
3475 2446 3533 2485 se
3560 2427 3780 2487 exstare

2176 2506 2330 2552 notas
2358 2513 2489 2568 mss.
2521 2498 2757 2564 Tironis,
2782 2507 2837 2553 et
2865 2509 3048 2554 censet
3075 2500 3438 2568 supposititias
3461 2516 3583 2556 esse
3615 2513 3777 2558 notas

2173 2581 2306 2640 quas
2349 2567 2608 2640 Gruterus
2650 2569 2841 2640 Tironi
2890 2567 3157 2637 ascripsit.
3202 2569 3340 2640 llinc
3373 2571 3595 2640 colliges
3625 2573 3775 2626 aliud

2175 2637 2339 2692 fuisse
2362 2638 2576 2702 litteris,
2595 2638 2734 2692 aliud
2759 2640 2898 2692 notis
2921 2641 3176 2695 scribere.
3201 2639 3352 2710 Nota:
3372 2637 3527 2695 erant
3547 2655 3772 2710 puncta,

2174 2722 2269 2781 seu
2317 2712 2470 2781 signa
2497 2750 2509 2768 .
2541 2724 2656 2781 seu
2685 2710 2889 2777 singula
2932 2711 2985 2764 in
3017 2711 3194 2779 parvis
3222 2719 3277 2765 et
3304 2709 3556 2765 brevibus
3586 2713 3773 2781 figuris

2251 2796 2278 2830 n
2303 2780 2596 2851 multarum
2629 2780 2929 2851 litterarum
2959 2781 3288 2836 continentia
3316 2820 3332 2843 ,
3376 2778 3771 2851 aliquantillum

2173 2848 2365 2903 similia
2399 2849 2734 2918 compendiis
2762 2850 3055 2905 litterarum
3079 2893 3093 2914 ,
3135 2866 3253 2915 nine
3278 2866 3419 2906 nunc
3445 2848 3772 2906 abbreviatu-

2173 2935 2257 2991 res
2283 2930 2336 2991 et
2365 2921 2521 2984 cirrus
2551 2921 2796 2983 dicimus,
2829 2921 2923 2974 sed
2952 2923 3119 2991 magis
3147 2922 3428 2990 simplicia,
3452 2935 3510 2976 ut
3532 2925 3768 2978 videtur.

2173 2987 2370 3044 COnfer
2415 2995 2740 3061 epigramma
2785 2993 2850 3044 de
2881 2987 3286 3060 ludimagistro,
3329 3001 3384 3048 et
3445 2994 3606 3049 notas
3639 2995 3772 3050 Bur-

2175 3061 2351 3112 manni
2386 3061 2670 3127 Antholog.
2703 3077 2819 3128 pag.
2850 3063 2958 3118 455
2984 3073 3112 3117 ιοιη.
3150 3063 3187 3117 Ι.

2247 3130 2335 3185 24.
2369 3132 2566 3186 Puncta
2598 3142 2722 3185 sunt
2751 3143 2888 3186 notae
2915 3173 2928 3195 ,
2961 3144 3015 3185 ut
3051 3133 3303 3188 diximus.
3354 3135 3630 3188 Ausonius
3661 3136 3765 3189 loc.

2175 3201 2266 3254 cit.
2287 3242 2302 3266 ,
2342 3200 2555 3272 Punctis
2589 3213 2789 3272 peracta
2826 3203 3041 3272 singu'is
3084 3202 3150 3257 Ut
3187 3219 3290 3257 una
3325 3219 3422 3257 vox
3448 3206 3770 3257 absolvitur:

2175 3271 2451 3344 conjunxit
2483 3282 2766 3344 utrumque
2799 3271 2990 3326 nomen
3023 3282 3212 3344 puncta
3239 3274 3462 3344 singula.
3496 3274 3767 3332 Barthius.

2175 3342 2269 3396 lib.
2305 3359 2430 3402 xvn,
2459 3359 2577 3412 cap.
2607 3343 2663 3408 9,
2691 3344 2922 3398 advertit
2949 3343 3295 3397 Prudentium
3316 3342 3592 3411 eleganter
3614 3359 3768 3398 usum

2176 3412 2338 3466 verbo
2357 3415 2517 3476 sequi,
2541 3414 2680 3481 quod
2707 3424 2851 3466 notat
2877 3412 3186 3468 facilitatem
3211 3413 3262 3467 in
3285 3429 3405 3469 cera
3431 3415 3576 3470 facili
3606 3414 3766 3469 ﬂexu.

2177 3482 2377 3536 Plinius
2419 3484 2604 3552 junior
2633 3485 2725 3537 lib.
2776 3499 2864 3548 vn,
2911 3485 3068 3553 epist.
3103 3488 3172 3547 Si,
3227 3484 3293 3539 Ut
3340 3488 3452 3538 laus
3495 3495 3568 3538 est
3615 3502 3765 3549 τίνα’,

2174 3554 2342 3607 mollis
2360 3599 2372 3617 ,
2406 3556 2686 3625 cedensque
2713 3563 2953 3621 sequa'ur
2981 3555 3042 3609 Si
3074 3554 3246 3608 doctas
3272 3555 3488 3625 digitos,
3514 3558 3770 3625 jussaque

2174 3625 2264 3691 ﬁat
2291 3641 2439 3691 Opus.
2487 3624 2730 3678 Lucanus
2757 3625 2846 3678 lib.
2884 3643 2958 3694 ix,
2991 3625 3162 3679 Solent
3185 3642 3301 3678 cera
3324 3624 3584 3693 sequetur.

2243 3694 2333 3750 25.
2367 3695 2494 3749 Mar.
2517 3735 2532 3759 ,
2570 3695 2686 3749 Rat.
2709 3736 2724 3758 ,
2757 3695 2988 3761 Weitz.,
3025 3695 3188 3758 Bong.
3236 3710 3266 3748 a
3307 3695 3540 3748 secunda
3584 3711 3768 3760 manu,

2179 3764 2317 3818 Vatt.
2358 3767 2428 3829 Β,
2461 3767 2532 3830 P,
2566 3765 2606 3819 Χ
2631 3806 2645 3828 ,
2675 3766 2919 3820 Gilanius
2971 3766 3082 3820 lnd.
3127 3765 3286 3820 Lucr.
3318 3767 3482 3820 verbo
3509 3765 3675 3820 Jussa
3703 3784 3767 3820 ex

2173 3845 2276 3888 vet.
2311 3837 2426 3900 lib.,
2452 3837 2781 3898 Parrhasius,
2813 3838 3050 3905 plerique
3083 3837 3355 3890 lleinsiaui
3379 3878 3392 3900 ,
3413 3839 3589 3905 jussu.
3622 3837 3767 3899 Ald.,

2175 3906 2341 3975 Bong.
2374 3922 2404 3960 a
2436 3908 2600 3973 prima
2635 3922 2814 3969 manu,
2850 3908 3030 3969 Fabr.,
3063 3907 3273 3969 Ambr.,
3311 3906 3518 3968 Νοιιιε.,
3551 3907 3765 3969 Heins.,

2177 3976 2486 4032 llnznartins
2512 3994 2574 4030 ex
2600 3978 2785 4031 codice
2823 3978 2880 4032 S.
2909 3977 3204 4038 Michaelis,
3238 3978 3364 4042 viso,
3395 3978 3604 4030 scilicet
3631 3993 3769 4045 prai-

2172 4057 2323 4116 cepta
2350 4089 2364 4108 ,
2409 4063 2529 4116 qum
2577 4062 2763 4114 aspera
2795 4060 2848 4102 et
2881 4049 3049 4102 tristia
3100 4047 3376 4114 discipulis
3416 4048 3764 4103 videbantur.

2175 4114 2442 4172 Giselinus
2464 4118 2632 4172 edidit
2654 4119 2778 4179 ι’ξεα,
2801 4118 2895 4173 sed
2926 4119 2978 4172 in
3007 4118 3130 4172 aliis
3158 4119 3358 4172 invenit
3376 4121 3528 4188 jussa
3552 4134 3570 4170 :
3595 4121 3765 4186 quod,

2175 4190 2362 4254 inquit,
2389 4190 2523 4244 adeo
2548 4189 2850 4256 allubescit,
2875 4196 2953 4255 ut,
2982 4189 3108 4259 quid
3135 4189 3357 4244 debeam
3386 4188 3639 4258 praeferre
3663 4204 3770 4244 non

2177 4260 2407 4313 videam.

2244 4330 2336 4384 26.
2371 4331 2526 4394 Mar.,
2552 4339 2810 4395 moverat;
2843 4345 3035 4395 supra,
3069 4338 3350 4382 moverant.

2245 4401 2335 4455 27.
2372 4401 2463 4454 llis
2489 4401 2680 4454 similia
2715 4400 2770 4456 S.
2797 4401 3112 4455 Ambrosius
3143 4401 3237 4455 lib.
3271 4416 3323 4454 vt
3355 4400 3612 4454 llexaem.
3641 4416 3766 4467 cap.

483 4473 583 4526 bac
627 4472 693 4525 de
741 4486 800 4525 re
839 4469 1115 4540 disputat.
1147 4470 1220 4522 Ex
1265 4470 1460 4521 Cosma
1505 4465 1770 4523 monacho
1819 4465 2071 4540 Egyptio
2104 4465 2151 4523 D
2177 4471 2209 4526 6
2240 4489 2251 4522 :
2294 4470 2430 4523 Num
2454 4487 2569 4540 quia
2597 4472 2810 4540 ignavis,
2843 4482 2930 4524 aut
2962 4471 3200 4539 inﬁrmis,
3235 4479 3322 4523 aut
3352 4471 3520 4539 impiis
3543 4465 3771 4537 plerum-

480 4544 620 4597 circa
660 4557 856 4595 annum
899 4541 1004 4596 540
1035 4539 1200 4612 refert
1226 4539 1428 4592 scribas
1470 4540 1653 4610 templi
1687 4539 2068 4612 Hierosolymi-

481 4616 588 4667 tani
633 4628 698 4666 ex
741 4626 962 4666 munere
1007 4610 1289 4676 scripsisse
1336 4625 1614 4665 sermones
1664 4610 2064 4680 prophetarum,

481 4693 638 4754 prout
659 4698 752 4738 eos
780 4682 853 4736 ab
877 4681 1006 4750 ipsis
1030 4681 1386 4754 excipiebant,
1421 4682 1562 4754 unde
1586 4682 1640 4754 in
1672 4682 1945 4754 prophetis
1974 4699 2068 4752 ap-

483 4749 635 4822 paret
653 4749 910 4825 quaedam
932 4750 1210 4814 confusio,
1240 4749 1309 4804 de
1333 4766 1435 4820 qua
1466 4752 1633 4806 videri
1673 4749 1852 4822 potest
1879 4749 2066 4808 Daniel

483 4823 703 4880 l-luetius
747 4825 800 4876 in
851 4823 1086 4888 Pra'par.
1117 4836 1306 4890 evang.
1330 4862 1344 4884 ,
1390 4837 1606 4890 prepos.
1651 4825 1704 4887 4,
1737 4838 1856 4888 cap.
1890 4825 1978 4888 14.
2011 4835 2067 4879 et

479 4898 534 4952 S.
571 4896 928 4964 Hieronymus
958 4893 1010 4964 in
1045 4893 1266 4964 prologo
1297 4892 1364 4946 ad
1394 4895 1724 4962 prophetiam
1760 4894 2064 4948 Hieremizc.

479 4968 610 5020 Cum
642 4961 834 5019 notari
880 4965 944 5034 in;
985 4961 1102 5034 foro
1134 4962 1373 5017 Romano
1400 4961 1618 5020 similes
1657 4965 1849 5018 scribis
1881 4966 2064 5034 templi

481 5032 946 5105 llierosolymitatii
992 5033 1225 5105 fuerint,
1277 5035 1450 5103 colligi
1500 5043 1678 5103 potest
1724 5035 1848 5089 hinc
1887 5032 2063 5090 natam

476 5103 1187 5176 confusionemnonnullam
1227 5105 1278 5157 in
1309 5107 1459 5160 Actis
1492 5108 1588 5160 SS.
1620 5119 1934 5176 martyrum.
1964 5108 2064 5160 Ce-

481 5180 744 5232 leritatem
767 5173 1035 5228 scribendi
1060 5173 1112 5228 in
1151 5177 1372 5229 notariis
1401 5188 1610 5231 veteres
1636 5173 1776 5245 ipsi;
1792 5177 1880 5244 qui
1908 5177 1956 5230 ei
1985 5177 2064 5232 rei

481 5246 824 5317 insliicienda:
856 5245 1054 5317 assueti
1084 5255 1260 5308 erant,
1293 5247 1446 5300 valde
1477 5249 1753 5302 mirantur.
1785 5247 2061 5311 Martialis,

483 5315 579 5373 lib.
604 5332 711 5382 xtv,
739 5317 908 5386 epigr.
931 5315 1059 5382 208,
1087 5317 1311 5372 Currant
1332 5322 1482 5370 verba
1512 5319 1644 5384 licet,
1672 5335 1854 5372 manus
1882 5329 1956 5370 est
1982 5333 2065 5371 ve-

479 5390 638 5443 locior
660 5387 764 5460 illis
791 5401 810 5441 :
835 5386 1080 5440 Nondum
1106 5386 1280 5460 lingua
1302 5405 1479 5453 suum,
1501 5390 1680 5443 dextra
1701 5389 1892 5460 peregit
1917 5405 2065 5455 opus.

481 5461 603 5530 Legi
639 5459 807 5530 etiam;
837 5467 1012 5530 potest
1042 5458 1365 5528 epigramma
1409 5461 1630 5530 Ausonii
1675 5458 1774 5514 I51
1804 5458 1870 5513 ad
1911 5471 2070 5513 neta-

481 5528 618 5584 rinin
645 5528 978 5600 velocissime
1005 5533 1363 5600 excipientem
1397 5548 1408 5583 :
1447 5529 1584 5584 Puer
1610 5541 1839 5584 notarum
1871 5546 2068 5600 prtepe-

481 5612 605 5664 tum,
632 5610 736 5656 etc.
791 5598 1051 5652 Videntur
1079 5598 1258 5655 autem
1291 5602 1454 5656 fuisse
1485 5601 1722 5655 nonnulli
1754 5598 2068 5669 exceptores

477 5673 566 5744 qui
602 5670 1056 5744 tant_a_velocit_atc
1081 5673 1413 5744 scriberent,
1451 5681 1507 5724 ut
1535 5673 1693 5726 verba
1729 5673 1906 5725 omnia
1939 5672 2064 5724 red-

478 5739 688 5800 derent.
716 5741 848 5797 Nam
876 5740 928 5795 in
955 5739 1170 5799 honiilia
1198 5743 1265 5800 de
1294 5746 1554 5812 martyrio
1583 5747 1638 5798 S.
1664 5745 1896 5800 .Genesii.
1925 5744 2064 5798 inter

2173 4557 2268 4608 que
2287 4542 2554 4609 o/fensioni
2581 4553 2733 4610 atque
2753 4542 2932 4596 terrori
2957 4551 3094 4603 sunt,
3117 4541 3236 4594 aliis
3258 4541 3371 4594 usui
3399 4542 3470 4593 ita
3490 4551 3609 4594 sunt
3632 4541 3768 4608 hcc,

2172 4623 2226 4664 ut
2255 4615 2521 4682 pmdagogi
2558 4613 2807 4675 parvulis.
2843 4613 3016 4682 Amori
3047 4611 3313 4674 videntur,
3361 4614 3529 4664 acerbi
3563 4621 3613 4665 et
3652 4629 3768 4666 mo-

2126 4714 2138 4724 ~
2172 4682 2304 4747 lesti,
2330 4681 2676 4752 formidabiles
2699 4683 2917 4747 verbere,
2937 4681 3221 4735 libertatem
3242 4682 3534 4734 lasciuiendi
3557 4695 3767 4750 negant,

2171 4755 2516 4807 necessi‘atein
2557 4753 2844 4818 disciplinae
2885 4753 3092 4819 exigunt
3122 4792 3138 4817 ,
3183 4752 3403 4819 pueriles
3442 4753 3664 4815 animos,
3707 4771 3770 4807 ne

2171 4825 2296 4876 luxu
2324 4825 2588 4893 diffluunt,
2615 4835 2803 4878 terrore
2830 4825 3205 4894 constringunt.
3237 4821 3346 4876 Nec
3370 4821 3660 4878 dissimilia
3680 4827 3768 4880 alii

2174 4908 2393 4963 passim.

2243 4965 2336 5018 28.
2369 4965 2605 5024 Teolius,
2639 4963 2748 5018 ulla
2771 5007 2785 5026 ,
2818 4963 3093 5025 mendose,
3127 4972 3186 5018 ut
3217 4975 3366 5031 puto.

2243 5035 2332 5090 51.
2365 5035 2614 5089 Nonnulli
2660 5051 2725 5087 cx
2783 5035 2864 5087 bis
2892 5035 3133 5088 versibus
3163 5035 3422 5103 colligunt
3447 5032 3774 5092 Cassianum

2173 5107 2273 5161 sub
2299 5106 2510 5160 .lnliano
2542 5107 2792 5174 Apostata
2825 5119 3072 5173 passum;
3103 5106 3322 5173 perinde
3344 5105 3492 5173 quasi
3520 5105 3768 5159 Pruden-

2173 5178 2276 5230 tius
2305 5177 2446 5230 dicat
2493 5191 2613 5230 cum
2641 5176 3084 5240 comprehensum
3128 5175 3293 5229 fuisse
3317 5215 3332 5237 ,
3396 5175 3535 5242 quod
3573 5192 3770 5243 pueros

2173 5247 2429 5309 doceret,
2475 5262 2596 5301 cum
2626 5246 2783 5300 idolis
2813 5246 3119 5300 sacriﬁcare
3163 5247 3360 5309 no'let,
3395 5245 3535 5312 quod
3567 5246 3765 5301 .luliaoi

2175 5317 2352 5372 edicto
2377 5319 2596 5371 vetitum
2620 5325 2765 5380 erat;
2792 5316 2887 5370 sed
2913 5318 3173 5370 vetustius
3203 5325 3410 5384 tempus
3436 5314 3653 5369 videtur
3682 5320 3766 5368 in-

2174 5388 2356 5442 dicare
2385 5388 2706 5442 Prudentius
2733 5401 2874 5440 vers.
2903 5387 2996 5454 20,
3030 5395 3082 5440 et
3109 5401 3322 5441 causam
3353 5385 3594 5456 martyrii
3623 5389 3768 5440 clare

2175 5460 2345 5512 innuit
2374 5459 2566 5522 fuisse,
2599 5457 2740 5526 quod
2771 5457 3130 5510 Christianum
3163 5472 3360 5510 nomen
3397 5461 3763 5524 proﬁteretur,

2173 5530 2394 5584 minime
2425 5543 2552 5583 vero
2581 5529 2720 5596 quod
2754 5543 2949 5596 pueros
2993 5531 3229 5581 doceret.
3276 5526 3508 5581 Consule
3549 5529 3766 5582 Bollan-

2171 5600 2384 5654 dianos.
2415 5600 2595 5668 Neque
2622 5613 2750 5652 vero
2782 5597 3063 5651 laudabilis
3089 5598 3373 5668 Cassianus
3400 5598 3689 5656 videretur.
3713 5601 3761 5653 si

2169 5681 2354 5724 contra
2398 5667 2736 5738 imperatoris
2767 5669 2999 5722 edictum
3035 5684 3228 5736 pueros"
3263 5667 3460 5724 docere.
3492 5680 3756 5736 pergeret.

2171 5741 2260 5797 Sic
2283 5742 2350 5798 de
2378 5741 2650 5796 Victorino
2677 5739 3003 5810 Augustinus
3025 5739 3117 5794 lib.
3144 5755 3230 5794 \‘lll
3251 5739 3524 5804 Confess.,
3550 5757 3668 5810 rap.
3695 5743 3751 5804 5,
