3968 6288
64 499 85 542 τί
116 503 130 566 [³

155 357 240 416 ιδι

320 560 598 616 Ρωιιιιηιπι
627 557 818 612 artifici
847 560 1128 628 quarenti,
1157 555 1298 627 quod
1327 570 1496 626 genus
1521 558 1652 612 artis

389 650 482 705 Vir
511 656 716 714 nosset,
745 649 855 703 alto
878 656 985 703 tam
1015 647 1232 703 rebellis
1252 647 1474 717 spiritu;

323 740 664 812 Respondent
710 757 726 796 :
771 738 976 812 Agmen
1003 747 1268 808 tenerum,
1301 751 1364 796 ac
1389 739 1596 810 puerile
1625 753 1723 810 gu-

1421 828 1650 901 [bernat,

394 926 552 983 Fictis
576 933 765 982 notare
791 925 955 980 verba
987 921 1154 992 signis
1179 922 1447 978 imbuens.

327 1018 528 1085 Ducite,
571 1016 892 1082 conclamat,
921 1014 1187 1085 captivum
1218 1031 1229 1066 :
1273 1013 1474 1079 ducite,
1513 1020 1566 1067 et
1593 1011 1729 1066 ultro

403 1109 639 1164 Donetur
667 1105 796 1177 ipsis
824 1105 1137 1162 verberator
1165 1103 1422 1174 parvulis.

329 1203 396 1260 lJt
421 1202 569 1268 libet,
603 1199 849 1264 illudant,
881 1199 1121 1255 lacerent
1151 1197 1389 1268 impune,
1432 1210 1731 1266 manusque

397 1293 623 1362 Tingant
649 1289 893 1362 magistri
921 1289 1140 1344 feriatas
1164 1287 1451 1358 sanguine.

330 1383 530 1440 Ludum
570 1382 868 1454 discipulis,
894 1382 1089 1451 volupe
1117 1388 1216 1445 est,
1258 1389 1313 1434 ut
1345 1378 1578 1450 praebeat
1617 1379 1730 1446 ipse

159 747 218 802 55

164 1299 223 1351 £0

1459 1467 1737 1526 GLOSSIE
1777 1469 2116 1525 VETERES.

226 1568 313 1623 36.
343 1567 523 1632 Fictis,
556 1566 809 1637 ﬁtrntatis.
840 1595 910 1609 υ-
930 1562 1203 1637 imbuens,
1235 1563 1440 1627 docens,
1475 1561 1605 1616 Mar.

230 1640 316 1695 37.
351 1638 523 1700 Ultro,
553 1635 676 1703 cito,
699 1637 892 1700 statim,
927 1635 966 1690 l.

229 1709 316 1766 ιο.
349 1708 610 1773 Feriatas,
636 1700 883 1771 armatas,
911 1703 986 1760 uel
1007 1704 1166 1759 otium
1195 1702 1450 1769 habentes,
1487 1700 1523 1755 Ι.

229 1778 313 1834 42.
343 1776 612 1845 Coercuit,
639 1777 866 1843 strinxit,
895 1775 934 1830 l.

1257 382 1264 389 -
1305 353 1877 410 PERISTEI’HANON
1923 353 2130 409 IIYHV.
2175 353 2262 410 IX.

393 465 598 538 1055
609 463 964 535 Gregis,quod
983 464 1090 518 aris
1106 462 1410 533 supplicare
1426 473 1722 535 spreverat.
1754 471 1805 529 Α

3309 355 3412 411 438

2085 463 2281 520 Doctor
2312 478 2550 526 severus,
2583 477 2718 533 quos
2747 463 2908 518 nimis
2931 465 3185 520 coercuit.
3247 519 3258 522 ,
3287 520 3294 522 _

2015 556 2254 609 Vincitur
2276 563 2395 624 post
2423 562 2570 625 terga
2603 569 2812 625 manus,
2838 553 3096 626 spoliatus
3122 557 3342 622 amictu,

2082 647 2250 702 Adest
2275 647 2446 701 acutis
2473 661 2662 717 agmen
2694 658 2958 704 armatum
2986 645 3175 718 stylis-

2017 740 2228 812 1056
2249 738 2518 806 Quantum
2541 739 2765 809 quisque
2789 737 2896 794 odii
2919 738 3074 793 tacita
3097 749 3418 806 conceperat

3220 830 3342 903 ora.

1832 740 1901 793 £5

2081 923 2317 979 Eliundit
2345 924 2538 980 ardens
2563 924 2683 980 felle
2711 924 2922 980 tandem
2962 924 3157 979 libero.

2012 1015 2320 1086 Coujiciunt
2349 1016 2439 1071 alii
2467 1015 2681 1087 fragiles
2711 1019 2870 1085 inque
2898 1029 2991 1070 ora
3025 1015 3252 1071 tabellas

2087 1106 2398 1176 Frangunt:
2433 1106 2591 1162 relisa
2624 1106 2798 1163 fronte
2825 1107 3027 1178 lignum
3057 1106 3273 1162 dissilit.

2011 1197 2166 1250 Busa
2195 1204 2420 1266 crepant
2448 1205 2652 1265 cerata,
2684 1199 2836 1268 genis
2867 1198 3098 1267 impacta
3125 1202 3382 1262 cruentis,

2083 1288 2365 1359 Rubetque
2394 1287 2462 1343 ab
2490 1288 2596 1344 ictu
2624 1304 2812 1358 curva,
2843 1299 2895 1344 et
2916 1287 3144 1345 humens
3175 1290 3390 1360 pagina.

2016 1380 2225 1451 1057
2248 1379 2374 1435 inde
2395 1379 2484 1434 alii
2507 1379 2772 1444 stimulos,
2790 1389 2844 1435 et
2871 1379 3115 1436 acumina
3144 1379 3315 1434 ferrea
3341 1381 3417 1433 vi-

3143 1471 3345 1545 [brant,

1910 1563 1999 1636 tif).
2034 1562 2294 1636 Vincitur,
2328 1563 2542 1636 ligatur,
2573 1562 2694 1619 l.—
2715 1562 2920 1630 Manus,
2945 1581 3036 1636 per
3057 1581 3258 1633 manus,
3284 1563 3416 1618 Mar.

1912 1632 2004 1687 46.
2035 1632 2206 1698 Felle,
2241 1632 2435 1702 furore,
2465 1633 2569 1688 lso.

1909 1703 1998 1775 d9.
2029 1703 2281 1775 impacta,
2308 1704 2558 1775 immissa,
2589 1704 2802 1775 ingesta,
2832 1703 2874 1774 _l.

1907 1771 1995 1826 5t.
2029 1773 2269 1842 Vibrant,
2300 1774 2554 1844 quatiunt,
2587 1774 2625 1828 I.
2647 1771 2665 1775 ⁷
2786 1788 2789 1790 ·

1835 1289 1906 1344 50

1502 1863 2060 1922 COMMENTARIUS.

168 1997 337 2044 narrat
357 2003 480 2043 eum
507 1988 700 2043 Juliani
729 1991 898 2056 legem
926 1985 1254 2058 amplexum,
1282 1983 1555 2058 loquacem
1587 1984 1746 2058 scho-
1780 1985 1824 2044 Β
1853 2002 2049 2055 quoque
2076 1987 2434 2041 elementorum
2478 1987 2706 2048 apicibus
2750 1989 2886 2042 utilis
2929 1989 3296 2058 exprimendis,
3330 1989 3424 2042 lem

171 2062 262 2113 lam
289 2060 539 2114 deserere
569 2053 822 2113 maluisse
859 2053 1029 2126 quam
1059 2054 1281 2126 verbum
1315 2053 1522 2126 Domini
1558 2054 1745 2126 tidem

172 2132 326 2184 reicit
353 2129 421 2184 de
451 2129 694 2184 Musonio
721 2124 1022 2195 Eunapius,
1055 2134 1108 2179 et
1132 2125 1198 2179 de
1226 2124 1525 2195 Promrcsio
1558 2125 1746 2178 "lt'l‘O-

175 2215 354 2270 uymus
387 2201 440 2253 in
462 2198 726 2270 Chronico
752 2215 766 2270 ι
797 2193 1391 2270 lfroarresius,_sophista
1410 2195 1745 2270 Atheniensis,

171 2266 273 2340 le'ge
309 2271 431 2323 data
457 2315 470 2333 ,
527 2285 590 2322 ne
620 2268 915 2340 Christiani
955 2267 1242 2340 liberalium
1293 2266 1750 2340 artiunrdoctores

169 2333 355 2399 essent,
408 2355 524 2392 cum
563 2339 658 2392 sibi
700 2356 724 2393 s
750 2339 988 2392 'ecialiter
1027 2333 1272 2390 Julianus
1316 2336 1644 2399 concederet,
1695 2343 1749 2388 ut

173 2408 482 2463 Christianos
510 2410 729 2473 doceret,
766 2407 993 2463 scholam
1021 2414 1199 2474 sponte
1229 2405 1468 2459 deseruit.

236 2479 322 2533 54.
347 2479 684 2543 Parrhasius,
709 2477 922 2543 rebelli,
956 2494 1060 2530 non
1088 2486 1258 2530 recte.

235 2551 320 2604 55.
348 2548 684 2610 Parrhasius,
712 2549 995 2618 respondit,
1030 2547 1190 2601 male.

236 2618 322 2674 56.
350 2619 522 2683 Rott.,
551 2630 659 2672 tres
685 2614 865 2676 Torta.
892 2619 1109 2683 strictis,
1134 2632 1231 2685 pro
1265 2615 1422 2683 [it-tis,
1457 2630 1553 2669 nec
1584 2614 1744 2680 titale,

174 2689 341 2743 aiebat
367 2688 780 2744 Ghamillardus.
815 2687 962 2743 Ficta
994 2687 1142 2758 signa
1171 2695 1297 2740 sunt
1330 2695 1492 2749 notae,
1525 2685 1592 2740 de
1623 2685 1744 2755 qui-

173 2761 265 2814 bus
285 2775 471 2827 supra.

237 2831 324 2885 58.
358 2826 630 2898 Scriptor,
681 2828 972 2883 Prudentio
1011 2826 1298 2898 antiquior.
1342 2841 1446 2880 non
1489 2826 1751 2898 occutrtit

169 2901 476 2982 quidixerit
496 2895 812 2954 ’verbet-ator.
849 2898 1001 2968 Apud
1027 2895 1342 2953 Ciceronem
1373 2904 1546 2951 exstat
1573 2895 1747 2951 verbe-

175 2983 325 3026 falli).

243 3041 330 3095 40.
381 3039 609 3095 Feriatas
657 3047 739 3094 est
781 3038 941 3095 ferias
985 3038 1339 3093 celebrantes.
1372 3035 1558 3091 Postea
1605 3051 1746 3091 vers.

173 3109 237 3182 75
265 3128 279 3165 :
315 3112 436 3165 Non
468 3112 686 3182 petimus
721 3111 878 3182 toties
904 3117 952 3182 te
988 3119 1292 3180 praeceptore
1320 3117 1549 3178 negatas,
1588 3111 1751 3162 Arare

173 3181 367 3245 doctor,
393 3181 506 3250 jam
534 3181 827 3234 scholarum
854 3181 1030 3250 ferias.

241 3252 330 3307 4t.
361 3247 480 3306 Vat.
535 3253 598 3316 Β,
629 3247 861 3316 Ψείιι..
893 3251 1010 3304 uolo
1056 3266 1183 3305 sese.
1238 3248 1499 3314 Hailsbr.,
1553 3247 1746 3316 Bong.,

173 3319 370 3376 Wtdm.
417 3322 482 3376 ad
512 3336 683 3388 oram,
715 3322 827 3376 volo
856 3336 944 3388 per
981 3337 1055 3375 se.
1086 3320 1316 3374 Probum
1356 3327 1440 3388 est
1470 3318 1650 3387 volupe
1679 3327 1750 3371 est

176 3407 268 3460 pro
279 3391 579 3464 jucundum
603 3387 696 3464 est,
729 3387 1036 3464 auguribus
1057 3391 1309 3464 'I'_erentio
1331 3399 1378 3442 et
1411 3387 1617 3464 Plauto.

239 3459 328 3516 42.
368 3463 510 3525 ΑΜ..
541 3461 764 3528 Cellar.,
793 3461 1030 3530 Thuau.,
1075 3462 1192 3517 Gis.
1234 3461 1298 3514 ad
1350 3474 1519 3525 oratu,
1555 3459 1706 3511 minis
1733 3474 1752 3511 :

171 3531 257 3586 alii
285 3533 544 3602 pit-rique,
573 3534 747 3588 nimis.

242 3602 330 3656 43.
365 3599 514 3670 Rat”
543 3604 784 3657 amictum
815 3601 989 3657 minus
1015 3601 1170 3657 bene.
1195 3601 1250 3657 In
1287 3615 1410 3656 non'
1435 3599 1560 3654 ullis
1584 3599 1752 3668 vnlg.,

173 3674 455 3742 spoliatur;
482 3673 674 3728 melius
702 3674 970 3742 spoliatus.

241 3743 332 3797 4t.
360 3738 547 3798 Simile
572 3738 880 3814 martirium
909 3743 1139 3799 refertur
1159 3743 1227 3814 de
1252 3742 1314 3799 8,
1341 3739 1598 3814 Felicein
1632 3738 1756 3792 Pitt-

172 3813 272 3877 cis,
303 3814 392 3882 qui
421 3814 602 3868 Roma:
631 3809 818 3883 passus
841 3823 922 3883 est
951 3829 1037 3868 xIx
1062 3821 1165 3869 cat.
1195 3813 1376 3883 Febr.,
1399 3809 1542 3883 quod
1574 3819 1754 3863 tamen

176 3881 372 3937 merito
401 3881 649 3951 rejiciunt
693 3882 1020 3938 Bollandiani
1073 3885 1161 3940 die
1194 3883 1258 3937 14
1305 3881 1426 3936 Jan.
1460 3881 1510 3933 in
1554 3894 1752 3935 comm.

177 3956 378 4024 Navio
405 3955 473 4008 ad
506 3953 674 4008 Vitam
703 3954 762 4010 S.
792 3953 985 4024 Felicis
1017 3954 1226 4018 Nolani,
1261 3953 1288 4024 §
1318 3953 1372 4008 6.
1402 3951 1754 4024 Nicephorius,

180 4022 275 4077 lib.
306 4039 398 4089 xv,
420 4039 541 4093 cap.
570 4025 656 4087 l8,
682 4034 862 4079 narrat
885 4023 1210 4093 Stephanum
1240 4021 1535 4076 .t'utiocltize
1556 4021 1758 4093 epism-

181 4109 305 4160 pum
351 4110 380 4148 a
438 4091 618 4164 pueris
669 4091 1005 4150 interfectum
1052 4097 1272 4150 calam's
1314 4096 1480 4164 instar
1529 4091 1700 4145 teloru
1726 4109 1754 4142 ιι

173 4160 474 4228 praeacutis.
519 4165 886 4220 Tlteodoretus
925 4165 1017 4218 lib.
1067 4181 1122 4219 Ill
1163 4165 1388 4229 llistor.,
1427 4160 1758 4217 Sozomenus

159 4233 265 4288 ‘l.b.
299 4251 352 4300 v,
381 4243 437 4290 et
457 4247 579 4290 ante
620 4235 718 4291 hos
745 4236 802 4291 8.
833 4235 1122 4303 Gregorius
1151 4235 1516 4289 Nazianzenus
1542 4241 1677 4303 orat.
1705 4233 1757 4303 in

173 4303 378 4362 Julian.
437 4306 670 4361 Marcum
727 4302 1136 4361 ArcthuSiurum
1204 4302 1759 4374 episcopum_cultris

176 4375 449 4440 pennariis
480 4391 508 4429 a
540 4377 720 4446 pueris
746 4387 991 4446 vexatum
1022 4372 1446 4446 commemorant
1469 4389 1495 4446 :_
1517 4372 1584 4428 de
1607 4374 1759 4440 cujus

174 4454 320 4499 recta
363 4447 466 4501 title
517 4443 571 4502 et
607 4447 750 4502 cultu
795 4445 932 4513 apud
982 4448 1278 4502 catholicos
1329 4443 1498 4498 videri
1535 4451 1761 4514 possunt

174 4515 515 4571 Bollandiani
547 4517 611 4570 ad
645 4517 786 4571 diem
811 4517 874 4571 il
913 4516 1108 4572 Martii.

244 4587 336 4640 46.
370 4587 516 4650 Αω..
567 4586 787 4654 Weitz.,
812 4585 1015 4654 effudit.
1065 4587 1216 4656 Ald.,
1249 4585 1368 4641 Vat.
1413 4582 1480 4652 Χ,
1524 4591 1761 4647 tantum;

174 4656 291 4723 alii,
326 4660 550 4710 tandem.
804 4691 807 4694 -

1855 2058 2089 2122 materia,
2112 2073 2258 2110 usum
2289 2075 2468 2112 manus
2494 2059 2703 2127 puerilis
2722 2057 2999 2126 informat.
3019 2057 3164 2112 Unde
3183 2059 3255 2110 ait
3286 2059 3425 2111 Seria

1848 2135 2001 2196 plura
2029 2143 2048 2182 :
2079 2127 2254 2183 Scribe
2283 2129 2336 2181 in
2384 2130 2534 2183 buxo.
2571 2129 2742 2182 Locus
2789 2137 2965 2183 exstat
3012 2143 3126 2195 cap.
3163 2142 3198 2181 ll
3249 2128 3428 2182 Haba-

1850 2212 1966 2264 cuc,
1998 2213 2137 2252 vers.
2160 2198 2217 2260 2,
2251 2198 2336 2252 ubi
2369 2198 2586 2266 Vulgata
2619 2199 2780 2253 habet
2810 2215 2822 2252 :
2858 2197 3034 2253 Scribe
3055 2201 3237 2260 visum,
3259 2210 3308 2251 et
3331 2215 3425 2252 ees-

1854 2267 2008 2340 plana
2037 2285 2150 2340 eum
2177 2286 2328 2340 super
2345 2269 2567 2340 tabulas,
2590 2279 2642 2322 ut
2671 2279 2955 2340 percurrat,
2978 2269 3066 2338 qui
3089 2267 3263 2340 legerit
3293 2284 3426 2340 eum,

1852 2338 1910 2392 S.
1943 2337 2260 2392 Ambrosius
2288 2355 2409 2393 eum
2438 2339 2574 2392 LXX
2603 2339 2762 2393 vertit
2792 2340 2841 2392 in
2872 2337 3027 2403 buxo,
3050 2337 3152 2392 aut
3167 2354 3315 2406 super
3341 2337 3427 2390 bu-

1849 2425 1992 2462 xum.
2048 2409 2248 2462 Dicitur
2291 2419 2467 2463 autem
2500 2409 2685 2466 buxus.
2729 2410 2868 2471 buxi,
2925 2419 2979 2464 et
3025 2409 3238 2470 buxum,
3287 2408 3429 2462 buxi.

1855 2479 2074 2532 Pulchra
2109 2489 2190 2533 est
2210 2477 2376 2547 elegia
2411 2480 2670 2546 PrOpertii
2701 2481 2792 2534 lib.
2824 2494 2876 2532 ιιι
2901 2480 2968 2533 de
2999 2479 3223 2533 Amissis
3257 2479 3431 2544 Pugil~

1854 2547 2072 2611 lat-ibus,
2105 2550 2189 2604 ubi
2217 2551 2351 2604 inter
2380 2551 2480 2603 alia
2509 2551 2579 2603 ait
2604 2567 2616 2602 ε
2649 2550 2768 2603 Non
2794 2549 2911 2602 illas
2946 2550 3103 2618 [itum
3131 2565 3276 2604 caras
3304 2548 3428 2615 effe-

1851 2629 1986 2690 cerat
2013 2636 2214 2684 aurum,
2232 2619 2468 2690 iVulqari
2493 2620 2623 2674 buxo
2645 2619 2854 2674 sordida
2878 2636 2994 2673 cera
3023 2621 3138 2690 fuit.

1922 2688 2011 2744 50.
2063 2690 2180 2742 Vat.
2227 2689 2284 2752 Β,
2321 2691 2476 2753 Man,
2512 2691 2657 2754 ltat.,
2695 2690 2978 2754 Weitzius,
3020 2688 3170 2742 curva
3217 2698 3430 2742 tumens.

1853 2758 2003 2830 ᾼΙά..
2046 2759 2318 2814 Widman.
2361 2775 2544 2830 supra,
2585 2762 2826 2830 plerique
2857 2760 3163 2824 lleinslani,
3199 2760 3341 2830 V:.tt.
3373 2760 3433 2821 l’,

1851 2827 1914 2894 Ο,
1945 2831 2112 2885 codex
2147 2846 2282 2884 unus
2312 2827 2755 2892 Bolland.,'curto
2781 2840 2997 2884 tumens.
3028 2830 3144 2884 Vat.
3180 2829 3245 2895 Χ,
3277 2845 3430 2882 curvo

1852 2908 2069 2970 tumens.
2123 2900 2375 2970 llailsbr.,
2408 2917 2554 2954 curre
2578 2913 2794 2954 tumens.
2843 2901 2977 2963 PaL,
3026 2911 3164 2953 custe
3213 2910 3432 2952 tumens.

1849 2967 2115 3023 Cauchius
2140 2987 2315 3030 curva.
2340 2967 2385 3023 et
2417 2972 2645 3025 humens.
2675 2971 2881 3035 Amltr.,
2907 2971 3095 3023 charter
3121 2979 3167 3023 et
3197 2970 3412 3022 humens

1853 3038 2189 3111 Parrhasius,
2228 3041 2519 3111 (iubentque
2557 3041 2618 3111 ab
2647 3042 2750 3094 ictu
2779 3040 2988 3102 charter,
3021 3049 3067 3094 et
3091 3040 3304 3111 hnutens
3336 3056 3431 3105 pa-

1853 3110 1991 3178 gina.
2025 3111 2347 3176 Gronovius,
2372 3109 2490 3178 eap.
2517 3113 2548 3166 5
2572 3110 2852 3165 Oltservat.
2882 3111 3100 3174 eccles.,
3126 3109 3431 3177 eonjeeerat

1853 3190 2019 3245 curta,
2049 3190 2095 3236 et
2115 3181 2326 3234 humens
2351 3183 2560 3251 pagina.
2581 3181 2799 3236 Scilicet
2819 3195 2990 3236 cuum
3013 3180 3267 3244 mutilata,
3291 3189 3436 3233 truno

1853 3259 1990 3315 cata,
2020 3254 2230 3306 recisa:
2267 3267 2495 3314 llUItENS,
2526 3267 2706 3305 cruore
2747 3251 3006 3321 martyris.
3044 3251 3113 3304 Ita
3147 3251 3305 3304 etiam
3349 3265 3436 3304 ca-

1856 3322 2146 3389 stigaverat
2176 3321 2424 3377 Heinsius
2447 3321 2512 3376 ad
2544 3321 2917 3387 Claudianum,
2947 3329 3000 3375 et
3031 3322 3081 3374 in
3113 3329 3311 3374 textum
3344 3321 3437 3373 ad-

1859 3392 2004 3444 misit
2047 3407 2168 3446 cum
2222 3392 2434 3446 'fhuan.
2488 3391 2755 3446 Giselinus
2812 3400 3102 3459 agnoverat
3153 3392 3437 3445 varietates

1860 3463 2173 3526 lectionum,
2224 3463 2276 3516 itt
2324 3462 2648 3532 pervulgatis
2693 3478 2849 3516 curva
2895 3471 3110 3524 tumens,
3143 3461 3193 3515 in
3222 3460 3440 3514 Gauda-

1857 3533 2003 3586 vensi
2033 3543 2180 3586 curta
2208 3542 2422 3596 tumens,
2457 3535 2509 3586 in
2543 3532 2911 3587 Daventriensi
2951 3547 3100 3584 curve
3131 3541 3352 3600 turgens,
3387 3533 3438 3584 in

1857 3601 1962 3655 alio
1987 3618 2137 3656 curva
2177 3603 2392 3657 tundens
2419 3604 2530 3672 (ita
2571 3603 2735 3656 edidit
2783 3601 3102 3670 Fabricius).
3146 3603 3248 3655 Sed
3286 3617 3438 3655 suam

1858 3672 2142 3726 lectionem
2168 3689 2322 3726 curva
2347 3673 2557 3725 humans
2589 3673 2639 3725 iu
2672 3672 2943 3741 plerisque
2970 3672 3202 3737 antiquis
3224 3681 3438 3726 exstare

1857 3742 2107 3807 aflirmat,
2141 3756 2366 3812 eamque
2395 3742 2631 3812 defendit
2654 3743 2972 3812 auctoritate
3002 3742 3193 3812 Bcdae,
3215 3743 3301 3810 qui
3337 3742 3436 3812 du-

1857 3820 1942 3866 cet
1966 3812 2022 3882 in
2052 3810 2329 3882 poetarum
2354 3811 2576 3867 arbitrio
2602 3813 2728 3865 olim
2759 3810 3146 3882 fuisse,utrum
3175 3811 3207 3862 h
3236 3811 3440 3876 aspira-

1858 3883 1933 3937 tio
1961 3881 2130 3937 instar
2155 3882 2366 3937 fortium
2389 3882 2796 3937 consonantium
2821 3881 3187 3950 synalmpham
3210 3893 3440 3946 arceret,

1857 3968 1925 4008 an
1958 3968 2053 4023 pro
2082 3953 2241 4008 modo
2277 3967 2390 4023 sua:
2433 3952 2729 4020 fragilitatis
2767 3951 2899 4005 nihil
2936 3951 3172 4015 valeret;
3200 3953 3443 4005 adducit-

1858 4022 1969 4094 que
2007 4025 2312 4090 exemplum
2374 4022 2689 4094 Fortunati,
2723 4038 2879 4094 quem
2938 4030 3112 4077 tamen
3156 4023 3442 4094 Prutlentio

1861 4092 1997 4164 pene
2028 4094 2287 4164 aequalem
2334 4108 2612 4164 perperam
2643 4092 2791 4147 dicit.
2838 4092 3056 4148 Fatetur
3086 4109 3212 4164 vero
3232 4092 3442 4164 Cist-li-

1861 4179 1960 4219 nus
2002 4165 2219 4219 mollius
2249 4178 2370 4220 esse
2399 4180 2554 4217 curva
2612 4173 2657 4219 et
2690 4165 2922 4218 humens.
2967 4163 3119 4230 Quod
3148 4163 3338 4218 attinet
3375 4165 3442 4217 ad

1859 4235 2030 4305 legem
2070 4235 2248 4301 metri,
2291 4235 2541 4305 Heinsius
2585 4249 2690 4288 non
2732 4235 2953 4289 deberet
2978 4249 3250 4305 recusare
3291 4251 3444 4288 curta

1860 4304 2094 4370 humeris;
2128 4305 2362 4360 admisso
2393 4305 2482 4359 illo
2513 4304 2682 4370 hiatu,
2702 4321 2858 4373 quem
2893 4304 3052 4359 toties
3077 4307 3126 4358 in
3157 4305 3444 4358 Prudentia

1860 4377 2122 4444 agnoscit.
2151 4376 2370 4430 Teolius
2398 4375 2470 4429 ait
2501 4375 2781 4431 lectionem
2813 4384 2956 4429 curta
2985 4384 3178 4428 tumens
3205 4389 3444 4428 commo-

1863 4445 1984 4500 dam
2007 4447 2294 4501 admittete
2317 4446 2834 4515 interpretationem,
2857 4455 2910 4499 et
2935 4446 3170 4499 omnium
3198 4445 3442 4498 codicum

1863 4515 2242 4572 Vaticanorum
2286 4531 2430 4571 esse.
2497 4515 2694 4572 Verum
2741 4517 2837 4571 etsi
2881 4515 3167 4570 concedam
3214 4515 3444 4579 aliquam

1863 4589 2160 4658 excogitari
2183 4602 2342 4657 posse
2367 4587 2700 4658 commodam
2725 4585 3238 4653 interpretationem,
3267 4594 3444 4658 tamen

1866 4671 1929 4712 ea
1962 4655 2117 4714 lectio
2164 4655 2337 4712 metro
2367 4657 2683 4726 refragatur,
2727 4671 2903 4723 neque
2934 4670 3058 4711 vere
3095 4665 3178 4709 est
3204 4655 3442 4710 omnium

138 4783 142 4788 .
242 4729 339 4780 47.
373 4726 520 4781 Multi
541 4727 782 4781 scribunt
808 4725 1087 4780 coniciunt.
1120 4725 1268 4792 Ald.,
1301 4735 1454 4780 vetus
1486 4725 1655 4779 codex
1686 4724 1751 4779 ad
1780 4725 1833 4784 D
1859 4728 2102 4784 codicum
2156 4724 2556 4794 Vaticanornm,
2611 4736 2668 4781 ut
2717 4727 2970 4781 vidimus.
3023 4726 3132 4780 luto
3184 4727 3342 4779 Alex.
3389 4737 3444 4779 et

176 4811 350 4893 marg.
399 4797 530 4851 edit.
575 4795 790 4893 Weitz.'
819 4797 956 4893 apud
1006 4797 1075 4850 cl.
1125 4795 1408 4893 pressulem
1457 4795 1754 4893 Reggium,

224 4882 323 4893 ι.-.-
383 4867 432 4893 ζ..
464 4873 714 4893 ..λημμιη
793 4879 896 4893 4...“
919 4880 968 4893 η..
1001 4879 1093 4893 η...-
1163 4865 1271 4893 ..ιη-2
1298 4882 1344 4893 -..
1410 4880 1528 4893 nsan-
1580 4873 1748 4893 ιιι-οι...

175 4862 348 4921 Torn.
383 4867 434 4920 in
461 4873 738 4930 contextu,
772 4862 968 4931 lapides
1001 4879 1094 4928 pro
1126 4862 1365 4935 fragiles,
1408 4862 1556 4936 quod
1579 4873 1754 4919 exstat

177 4939 231 4991 in
285 4936 572 5004 plerisque.
600 4932 728 5004 Pro
768 4949 860 5004 ora
911 4934 1109 4988 habent
1156 4950 1242 4987 ore
1293 4935 1410 4989 Vat.
1461 4935 1525 4997 Α,
1561 4934 1752 5004 Bong.,

146 5037 149 5039 -
182 5002 478 5062 Weitzius.’
508 5003 614 5058 Sed
655 5002 968 5058 conriunius
1005 5013 1091 5058 est
1129 5004 1182 5058 in
1223 5019 1335 5060 ora.
1365 5005 1426 5060 8.
1467 5002 1756 5071 Gregorius

175 5073 512 5144 Turonensis
549 5073 616 5128 de
644 5073 847 5144 Gloria,
869 5083 1159 5144 martyrum
1191 5073 1288 5144 lib.
1320 5090 1362 5144 t,
1394 5089 1517 5144 cap.
1555 5073 1646 5138 65,
1689 5087 1755 5144 ex

176 5143 498 5207 Prudentia,
527 5151 584 5198 ut
624 5149 771 5212 puto,
802 5143 939 5197 idem
975 5142 1084 5198 fere
1108 5142 1403 5212 exprimit:
1435 5142 1645 5198 Ceratas
1695 5143 1749 5197 in

174 5223 338 5282 caput
375 5212 584 5266 illidunt
611 5211 838 5268 tabellas.
889 5213 1108 5269 Plautus
1149 5211 1397 5268 Bacchid.
1441 5229 1522 5277 ιιι,
1551 5214 1605 5280 5,
1637 5213 1704 5268 36
1735 5229 1750 5267 :

113 5313 116 5322 -
177 5285 244 5337 At
296 5299 457 5345 nunc,
502 5285 795 5351 priusquam
834 5284 1124 5351 septuennis
1161 5291 1258 5346 est.
1299 5283 1346 5336 si
1387 5284 1610 5352 attingas
1638 5299 1752 5337 eum

175 5370 354 5418 manu,
377 5353 644 5422 Extemplo
666 5367 788 5422 puer
809 5354 1084 5424 ptedagogo
1115 5353 1290 5424 tabula.
1309 5353 1549 5423 dirumpit
1579 5363 1751 5423 caput.

249 5425 344 5480 48.
379 5424 697 5480 Scribebant
725 5432 930 5478 veteres
959 5422 1034 5477 ini
1052 5422 1362 5493 corticibus,
1389 5422 1611 5493 papyro,
1635 5422 1756 5491 pcr-

176 5508 414 5564 gameno
442 5494 612 5558 corio,
646 5493 917 5564 frondibus
959 5492 1220 5563 arboreis,
1268 5493 1362 5548 sed
1409 5491 1673 5564 praecipue
1702 5493 1752 5548 in

178 5563 384 5619 tabulis
408 5565 625 5620 ceratis.
661 5563 800 5618 Fieri
827 5572 1003 5618 autem
1038 5564 1282 5619 solebant
1309 5563 1616 5632 pugillares,
1645 5564 1755 5618 sive

179 5633 490 5703 huiusmodi
524 5633 714 5689 tabula:
739 5643 932 5688 ceratas
970 5649 1000 5688 e
1031 5634 1194 5704 ligno,
1228 5635 1366 5704 fago,
1395 5645 1568 5704 acere,
1599 5633 1752 5698 citro,

177 5705 373 5769 ebore,
407 5705 706 5774 aliquando,
732 5703 980 5774 crystallo
1031 5703 1085 5758 et
1110 5703 1317 5774 onyelte
1343 5744 1356 5768 ,
1390 5703 1698 5774 plerumque
1725 5721 1754 5760 e

179 5775 350 5830 buxo.
379 5776 439 5834 S.
464 5771 782 5831 Ambrosius
795 5771 890 5829 lib.
920 5789 974 5830 ιιι
1009 5771 1284 5837 Hexaem,
1308 5787 1422 5842 cap.
1456 5774 1548 5827 t5:
1577 5771 1751 5828 Burus

1865 4798 1994 4854 Urb.
2037 4799 2235 4853 diserte
2271 4797 2467 4852 habent
2496 4814 2670 4863 curva,
2701 4807 2748 4850 et
2788 4797 3017 4857 humens,
3049 4795 3189 4864 quod
3220 4796 3442 4863 proinde

1861 4869 2070 4924 videtur
2101 4868 2508 4936 praeferendum.
2538 4866 2881 4936 Heumannns
2908 4867 2958 4918 in
3001 4866 3182 4920 Poecil.
3220 4867 3440 4935 tomull',

1862 4939 1956 5056 Ii‘bI.
1986 4954 2062 5000 tu,
2086 4935 2205 5006 pag.
2236 4937 2362 5001 564,
2398 4946 2544 5005 putat
2584 4935 2929 4990 Prudentium
2969 4937 3252 5005 scripsisse
3279 4938 3440 5008 nuda,

1862 5025 1883 5056 τ
1951 5022 2172 5056 tumens.

1861 5016 1908 5059 (ε
1934 5016 2172 5059 Immens.

1933 5076 2023 5130 5t.
2067 5075 2366 5130 Altltelmus
2399 5075 2452 5131 in
2481 5077 2763 5144 :enigmate
2790 5075 2857 5129 de
2877 5075 3257 5144 pugillaribus:
3290 5077 3443 5133 Nunc

1863 5147 1988 5216 ferri
2017 5145 2258 5216 stimulus
2293 5146 2476 5214 [aciem
2511 5147 2788 5215 proscindit
2817 5163 3065 5200 numnam
3100 5146 3364 5214 Flexibus,
3397 5160 3442 5204 ct

1862 5215 2015 5269 sulcis
2057 5215 2288 5286 obliquat
2320 5217 2387 5268 ad
2425 5217 2590 5270 instar
2617 5217 2800 5271 aratri.
2845 5217 3079 5286 Inistylo
3117 5219 3364 5274 Stintulus
3391 5232 3446 5276 et

1861 5299 2083 5339 acumen
2109 5295 2189 5340 est
2221 5301 2340 5355 pars
2365 5295 2516 5340 acuta
2548 5287 2670 5341 ferri
2711 5297 2800 5339 aut
2837 5285 2960 5340 teris
2980 5285 3081 5353 qua
3115 5290 3440 5344 scribebant.

1863 5355 2049 5408 Cicero
2073 5357 2137 5409 de
2166 5357 2315 5409 Orat.
2350 5373 2362 5408 :
2399 5356 2584 5409 Omnia
2601 5356 2691 5410 sub
2720 5355 2848 5426 styli
2863 5371 3073 5410 acumen
3103 5359 3328 5423 subeant,
3354 5378 3445 5415 ne-

1863 5440 2000 5498 cesse
2022 5433 2112 5478 est.
2146 5426 2325 5498 Altera
2353 5435 2469 5479 erat
2499 5429 2619 5495 styli
2649 5441 2774 5495 pars
2806 5427 2958 5498 plana
2986 5442 3088 5497 qua
3120 5432 3319 5498 scripta
3345 5433 3439 5484 de-

1864 5495 2128 5569 lebantur.
2179 5495 2311 5550 llinc
2351 5499 2798 5569 stylum___vertere,
2848 5496 2978 5566 style
3007 5495 3302 5569 depascere
3349 5516 3445 5569 pro

1865 5566 2138 5635 corrigere,
2184 5575 2402 5619 mutare.
2443 5569 2499 5620 S.
2535 5566 2889 5630 l‘lietonymus
2935 5579 3019 5635 σν.
3063 5566 3129 5625 50
3159 5569 3237 5623 vel
3268 5566 3445 5625 5l'ad

1863 5634 2210 5708 Domnionetn
2243 5636 2491 5708 ggStultus
2531 5653 2638 5708 ego,
2663 5639 2748 5706 qui
2777 5653 2853 5690 me
2881 5634 3159 5694 nutaverim
3188 5640 3294 5693 heec
3320 5641 3443 5695 abs-

1861 5722 1956 5774 que
1998 5704 2314 5781 philosophis
2350 5707 2484 5781 scire
2523 5704 2621 5760 non
2644 5704 2842 5781 posse;
2883 5710 2970 5776 qui
3027 5709 3281 5763 meliorem
3322 5712 3444 5781 styli

1857 5788 2051 5845 partem
2075 5793 2182 5831 eam
2207 5776 2431 5847 legerint,
2464 5794 2578 5847 quer
2620 5778 2827 5843 deleret,
2858 5796 3008 5846 quant
3037 5794 3150 5850 qua?
3183 5776 3438 5838 scriberet.

3459 1483 3512 1520 ι,

3459 561 3542 644 \_\

3551 659 3564 676 ’δ

3516 1432 3582 1495 ἡ

3553 1493 3593 1521 ι)
3665 1508 3681 1526 ρ
