3968 6288
169 375 249 434 ιιι
1277 365 1834 422 PERSTEPIIANON
1879 366 2090 422 IIYMN.
2132 366 2218 422 IX.

379 484 569 540 Flexas
596 481 803 535 catenis
830 475 1090 547 impedire
1119 477 1371 545 virgulas.

317 575 579 632 Emendes
605 573 730 627 licet
757 573 1024 639 inspectos
1061 569 1220 638 longo
1259 569 1449 624 ordine
1489 584 1703 631 versus,

165 673 219 726 so
380 663 628 720 Mendosa
661 662 796 717 forte
825 659 998 728 siquid
1027 659 1226 714 erravit
1253 674 1466 714 manus.

315 757 520 830 1060
541 755 748 809 Ειετω
769 751 1048 822 imperium
1079 766 1093 805 :
1115 751 1204 821 jus
1231 759 1314 807 est
1353 752 1444 806 tibi
1475 752 1706 819 plectere

421 887 424 894 .
1364 842 1382 914 [
1403 842 1630 911 culpam,

381 937 560 1006 Siquis
578 944 786 990 tuorum
811 942 863 989 te
891 932 1092 988 notavit
1113 934 1347 1002 segnius.

309 1029 451 1084 Talia
480 1027 732 1082 ludebant
757 1025 905 1095 pueri
934 1039 1030 1096 per
1055 1024 1292 1079 membra
1317 1025 1554 1093 magistri
1579 1042 1590 1075 :

378 1120 483 1175 Nec
511 1119 668 1189 longa
702 1119 896 1172 fessum
925 1131 1084 1185 poena
1112 1115 1355 1171 solvebat
1383 1115 1574 1169 virum.

156 1215 212 1269 Si
293 1210 536 1268 .Tandem
556 1208 806 1263 luctantis
825 1207 1106 1262 miseratus
1126 1207 1192 1260 ab
1215 1205 1416 1259 aethere
1435 1204 1696 1269 Christus,

374 1299 531 1354 Jubet
561 1299 756 1354 resolvi
783 1297 1014 1368 pectoris
1043 1297 1289 1365 ligamina
1316 1313 1331 1351 :

308 1393 664 1460 Dillicilesque
690 1403 868 1445 moras
895 1388 1106 1452 animm,
1147 1403 1209 1441 ac
1255 1387 1543 1441 retinacula
1577 1386 1696 1441 vita:

376 1484 468 1538 Rel
487 1491 621 1547 txat,
644 1489 820 1535 arctas
843 1489 897 1534 et
924 1479 1152 1532 latebras
1178 1476 1413 1546 expedit.

305 1573 551 1642 Sanguis,
585 1574 652 1626 ab
681 1573 892 1626 interno
915 1583 1168 1623 venarum
1194 1571 1337 1623 fonte
1366 1576 1606 1636 patentes

153 1668 208 1722 90
376 1663 497 1718 Vias
526 1673 762 1728 secutus,
791 1662 990 1718 deserit
1015 1661 1327 1730 pra'cur.l:a,

307 1755 510 1826 Totque
534 1753 881 1811 foraminibus
905 1753 1166 1825 penetrati
1197 1749 1440 1822 corporis
1467 1748 1575 1802 exit

3293 375 3393 432 ιιι

2069 478 2350 533 Fibrarum
2380 480 2638 536 anhelans
2664 483 2753 539 ille
2776 482 2950 539 vitalis
2978 486 3144 542 calor.

1993 571 2116 624 Haec
2163 579 2286 625 sunt
2343 588 2462 642 qua:
2512 573 2728 643 liquidis
2779 589 3034 644 expressa
3095 574 3387 642 coloribus,

3059 669 3074 739 ι
3098 667 3314 738 hospes,

2057 750 2301 806 Miraris:
2335 755 2434 809 ista
2460 765 2544 810 est
2573 755 2812 812 Cassiani
2843 759 3034 829 gloria.

1810 842 1878 896 95
1975 841 2233 910 Suggere,
2248 844 2434 912 siquod
2453 846 2617 902 habes
2632 848 2828 916 justum
2845 850 2924 904 vel
2937 849 3167 905 amabile
3183 860 3380 915 votum,

2062 933 2179 988 Tibi
2211 935 2362 1004 siqua
2392 951 2516 1006 spes
2540 948 2646 1014 est,
2678 939 2850 1009 siquid
2893 942 3033 995 intus
3060 953 3272 996 mstuas.

1980 1023 2164 1093 Audit,
2216 1027 2409 1094 crede,
2473 1042 2657 1096 preces
2722 1038 2925 1100 martyr
2987 1032 3380 1101 prosperrimus

3055 1120 3304 1192 [omnes.

2057 1205 2262 1276 1061
2282 1205 2550 1275 Ratasque
2565 1207 2736 1262 reddit
2751 1224 2884 1277 quas
2901 1209 3045 1263 videt
3058 1211 3376 1278 probabiles.

1985 1300 2176 1360 l’areo,
2207 1296 2534 1365 complector
2557 1298 2840 1363 tumulum,
2877 1301 3138 1368 lacrymas
3166 1317 3380 1376 quoque

2053 1389 2200 1442 Altar
2227 1389 2446 1458 tepescit
2476 1405 2592 1454 ore,
2624 1403 2810 1444 saxum
2843 1401 3076 1460 pectore.
3153 1394 3374 1465 [l‘untloz

1991 1477 2126 1531 Γιιιιο
2149 1493 2341 1531 arcana
2369 1480 2471 1533 mei
2503 1495 2792 1546 percenseo
2823 1491 3011 1536 cuncta
3041 1483 3238 1537 laboris
3266 1502 3277 1534 ε

2053 1569 2092 1620 Τ
2099 1585 2199 1623 unc
2221 1576 2241 1634 ,‘
2267 1570 2404 1638 quod
2445 1571 2710 1639 pett-bam,
2742 1572 2879 1642 quod
2917 1573 3166 1628 timebam
3192 1615 3208 1640 ,
3244 1589 3376 1627 mur-

3111 1667 3307 1738 [muro,

1987 1750 2051 1804 Et
2074 1758 2194 1820 post
2225 1759 2369 1822 terga
2401 1752 2619 1808 domum
2651 1753 2809 1810 dubia
2832 1754 2931 1810 θυι)
2949 1764 3096 1812 sorte
3113 1755 3373 1819 relictam,

1807 1388 1908 1442 {00

1429 1839 1716 1898 GLOSSA‘J
1759 1840 2098 1898 VETERES.

210 1940 292 1994 78.
323 1937 600 2003 bupcdire,
632 1937 848 2007 volvere,
883 1938 920 1992 I.

203 2009 284 2065 80.
313 2007 468 2075 Quid,
497 2010 710 2076 aliquid,
745 2009 786 2066 1.

206 2079 288 2134 8‘2.
319 2078 468 2146 Quis,
499 2076 1098 2149 aliquisdiscipulorum,
1129 2079 1169 2134 l.

205 2151 284 2203 88.
319 2149 558 2216 Expedit,
585 2148 789 2212 exolvit,
817 2148 1069 2216 uacuavit,
1104 2149 1143 2202 Ι.

202 2218 286 2272 93.
318 2218 600 2287 Expressa,
639 2217 941 2286 imaginata,
968 2219 1008 2273 l.

200 2289 284 2343 95.
311 2289 562 2359 Suggere.
593 2287 765 2341 indica
794 2288 892 2356 illi,
925 2297 1052 2358 pete.
1087 2320 1153 2329 —
1180 2289 1352 2358 Quod,
1384 2292 1598 2362 aliquid.
1629 2324 1698 2335 ——

1723 1938 1772 1996 Β
1803 1935 2017 1995 Votum.
2049 1953 2263 2001 precem.
2299 1936 2339 1990 I.

1873 2009 1960 2064 96.
1993 2009 2230 2072 Eslttas,
2263 2009 2469 2074 cupias,
2501 2007 2536 2058 1.

1800 2093 1804 2098 ·
1873 2081 1964 2150 99.
2000 2082 2186 2150 Pareo,
2210 2081 2406 2150 obedia.
2440 2108 2510 2118 —
2539 2077 2744 2150 Fundo.
2768 2080 3085 2150 obtempero,
3117 2081 3160 2136 1.

1876 2149 1996 2203 100.
2029 2149 2246 2208 Saxum,
2276 2149 2635 2215 pavimentum,
2667 2149 2730 2210 l.,
2762 2149 2890 2202 Mar.

1881 2221 2002 2290 Nl.
2042 2219 2359 2281 l’erceu-eo,
2390 2219 2696 2290 praeteritum
2724 2235 2814 2290 pro
2843 2220 3092 2288 pra’scnti,
3129 2221 3164 2272 Ι.

1880 2288 2000 2344 105.
2029 2291 2271 2352 Domum,
2301 2303 2528 2350 uxorem,
2559 2287 2598 2342 1.

1469 2399 2030 2457 COMMENTARIUS.

142 2489 420 2545 Notandum
455 2491 506 2544 in
531 2491 732 2546 Eulalia
763 2492 943 2562 plagas
967 2500 1021 2546 ct
1048 2491 1270 2547 verbera
1300 2492 1476 2562 vocari
1526 2503 1695 2556 notas,

140 2569 187 2614 et
207 2562 525 2631 scriptionem
566 2563 926 2627 metaphorice
979 2577 1119 2616 vers.
1151 2563 1217 2617 55
1239 2602 1252 2621 .
1289 2561 1498 2614 Eulalia
1525 2578 1701 2615 nume-

139 2639 268 2684 rante
294 2639 456 2688 notas.
494 2631 742 2685 Scriberis
767 2649 880 2686 ecce
907 2633 1050 2693 mihi,
1087 2632 1323 2685 Domine.
1379 2632 1488 2684 Hac
1514 2631 1698 2685 eadem

138 2701 434 2765 metaphora
486 2700 936 2770 Plautusaliique
979 2702 1058 2755 usi
1103 2712 1246 2764 sunt,
1298 2710 1352 2755 et
1379 2716 1519 2754 nunc
1550 2701 1700 2770 pueri

139 2771 403 2824 illudentes
429 2772 682 2840 magistro
703 2769 979 2826 Cassiano.
1006 2771 1242 2826 Catullus
1270 2786 1440 2825 carm.
1473 2769 1583 2825 25’:
1620 2771 1701 2824 Ne

136 2841 320 2910 laneum
351 2840 682 2904 latus'nlum,
724 2852 960 2910 natesque
988 2843 1288 2896 mollicellas
1321 2841 1500 2894 lnusta
1532 2843 1696 2906 turpi-

137 2920 201 2961 ter
230 2909 312 2962 tibi
340 2911 556 2978 ﬂagella
582 2909 974 2966 conscribillent.
1013 2911 1110 2966 Ubi
1137 2913 1310 2966 obiter
1336 2924 1464 2965 n0to
1493 2912 1690 2978 corripi

136 2995 159 3031 a
185 2979 386 3033 Catullo
418 2981 642 3047 primum
675 2983 691 3032 i
722 2982 770 3033 in
800 2981 1217 3035 conscribillent:
1248 2981 1386 3049 quod
1417 2991 1690 3048 peccatum

134 3050 171 3102 si
199 3050 496 3121 admisisset
536 3050 873 3121 Prudentius,
919 3061 1047 3120 quot
1092 3051 1421 3121 grammatici
1471 3052 1522 3105 in
1571 3066 1690 3104 eum

134 3119 541 3174 insurrexi-se.tt
561 3123 583 3173 ?
607 3119 866 3174 Cancrum
898 3119 1010 3175 btcc
1041 3119 1153 3185 ipsa
1179 3121 1484 3190 metaphora
1517 3121 1691 3174 adhuc

133 3204 368 3261 sermone
399 3191 580 3261 italico
609 3192 906 3245 celebratur
926 3193 1156 3261 graﬂiare
1175 3233 1189 3257 ,
1244 3192 1384 3257 quod
1412 3203 1489 3245 est
1525 3207 1692 3259 ungu-

134 3260 193 3331 l_i_s
211 3259 634 3331 conscribillare,
687 3259 957 3315 etdicitur
1005 3259 1317 3331 a"qraphio,
1370 3271 1426 3314 ut
1465 3263 1693 3315 advertit

135 3301 427 3394 γῖιῖρῑιὶζοιι
458 3301 648 3383 enati
680 3301 1033 3386 ἔᾷγῖιῖἔιϊὲδῗ
1048 3301 1528 3387 ιὶἒὶιὲ’ίὶί”ιὶοτ“ἰῖειῖιό
1548 3301 1693 3386 vit-3':
1721 3301 1764 3361 (ἶ

132 3399 251 3470 557,
282 3398 537 3470 Char-am
563 3399 732 3454 ambas
749 3401 1314 3470 ungulisscribcntibus
1344 3401 1531 3455 Genus.

193 3469 281 3523 78.
307 3469 697 3524 Chamillardus
723 3471 774 3525 id
807 3469 1023 3538 intelligi
1068 3472 1141 3525 ait
1182 3481 1269 3524 aut
1301 3473 1366 3525 de
1396 3482 1485 3523 not
1509 3487 1534 3524 s
1563 3486 1694 3539 quas

131 3537 374 3602 diximus,
421 3549 514 3593 aut
557 3539 625 3594 de
671 3543 938 3606 scriptura
977 3537 1196 3604 Runica,
1251 3556 1352 3609 qua
1384 3541 1544 3595 Gothi
1575 3537 1693 3595 ute-

129 3609 313 3678 bantur
335 3617 618 3678 antequam
645 3609 828 3666 Ullilas
873 3611 1076 3665 litteras
1120 3613 1198 3664 eis
1247 3614 1555 3670 invenisset.
1606 3620 1696 3664 aut

129 3677 189 3732 de
217 3677 490 3748 scribendi
518 3681 723 3734 ratione
753 3681 1003 3748 singulari
1046 3696 1146 3748 qua
1176 3681 1309 3734 Galli
1344 3683 1420 3732 usi
1451 3693 1573 3733 sunt
1605 3696 1693 3733 ns-

131 3763 226 3815 que
253 3747 318 3801 ad
343 3746 634 3804 Chlodovei
668 3746 927 3818 tempora.
972 3746 1270 3819 Specimina
1303 3751 1511 3803 illarum
1545 3763 1690 3804 vete-

130 3820 646 3889 rumscriptttrarum
679 3820 1016 3874 Mahillonitts
1060 3824 1108 3874 in
1147 3821 1404 3889 prteclaro
1433 3836 1596 3884 onere
1625 3821 1690 3875 de

130 3887 199 3940 Re
226 3887 568 3956 diplomatica
601 3890 859 3951 exhibuit,
903 3891 988 3943 ubi
1032 3887 1318 3944 observare
1365 3890 1486 3942 licet
1528 3890 1692 3944 "esas

127 3956 360 4029 virgulas
387 3958 590 4029 catenis
614 3960 903 4029 colligatas,
938 3961 1049 4014 sive
1079 3961 1380 4028 impeditas.
1434 3961 1568 4015 Vide
1596 3962 1688 4014 lib.

126 4040 161 4089 t,
183 4041 304 4092 cap.
335 4028 388 4092 9,
416 4036 472 4081 et
509 4028 603 4083 lib.
628 4044 680 4095 v,
736 4028 842 4083 fab.
877 4045 935 4084 ll.
983 4031 1242 4083 (ἷωιθιιιιιι
1279 4030 1596 4085 Prudentius
1624 4031 1692 4084 de

125 4096 668 4169 notis_Romanorum,
707 4115 839 4169 quas
877 4101 1100 4154 docebat
1141 4101 1445 4167 Cassianus,
1489 4118 1592 4155 non
1625 4101 1693 4155 de

123 4165 236 4238 aliis
264 4166 610 4238 barbarorum
638 4165 830 4223 litteris
855 4171 1108 4238 loquitur.

166 4237 278 4303 ,85.
299 4236 598 4292 Genitivum
613 4236 1050 4294 verboruiserand
1085 4240 1322 4307 junctum
1339 4241 1458 4294 alibi
1483 4241 1690 4294 Bollan-

124 4304 261 4360 diani
289 4321 393 4360 non
419 4308 688 4377 legerant:
711 4310 803 4364 srd
829 4312 898 4362 ita
921 4325 987 4363 eo
1004 4304 1164 4364 verbo
1183 4327 1213 4363 ιι
1234 4313 1260 4363 οἱ
1281 4322 1398 4364 sunt
1415 4313 1574 4367 Silius
1595 4312 1687 4364 lib.

124 4389 196 4443 xl,
220 4391 361 4431 vers.
379 4377 506 4440 381,
532 4378 814 4446 Minucius,
843 4381 1034 4433 Accius
1059 4382 1194 4446 apud
1225 4382 1469 4445 Nonium,
1497 4393 1548 4434 et
1576 4382 1686 4433 a'ii.

185 4448 276 4516 87.
306 4447 442 4516 Mar.
472 4461 500 4499 a
532 4450 698 4516 prima
730 4465 906 4514 manu,
937 4451 1264 4516 diﬁiciIisqne.

185 4515 279 4570 88.
311 4515 458 4580 ΛΜ..
486 4515 598 4572 Gis.
634 4519 800 4586 prima
831 4522 941 4583 etl.,
971 4515 1184 4573 κριτικαί
1208 4531 1371 4583 artus,
1397 4530 1440 4572 ct
1471 4520 1690 4574 latebras

123 4586 341 4654 expedit.
378 4587 514 4654 PaL,
544 4589 668 4640 istas
697 4603 792 4656 pro
818 4602 1003 4642 arctas.

1805 2490 1897 2554 9.1,
1928 2501 1980 2544 et
2011 2491 2390 2562 Hieronymum
2423 2491 2577 2558 epist.
2623 2491 2693 2546 55
2733 2491 2798 2562 ad
2842 2491 3134 2562 Riparium.
3181 2492 3368 2548 Verum

1807 2572 1998 2616 auctor
2025 2561 2545 2614 Commentariorum
2587 2563 2638 2615 in
2671 2561 2842 2628 Epist.
2885 2562 2948 2614 ad
2983 2561 3205 2617 Roman.
3249 2563 3369 2630 (nc-

1804 2646 1910 2696 que
1938 2632 2078 2684 enim
2109 2632 2423 2685 Ambrosius
2452 2646 2610 2685 verus
2638 2641 2719 2686 est
2749 2632 2963 2700 auctor)
3004 2631 3130 2684 nihil
3163 2648 3226 2686 eo
3257 2631 3370 2687 loco

1801 2701 1977 2772 alleut,
2009 2702 2148 2771 quod
2187 2701 2504 2765 Prudentio,
2548 2700 2687 2770 quod
2723 2716 2846 2755 vero
2886 2703 3193 2768 AmltrosiO,
3231 2704 3372 2772 quod

1804 2771 2061 2826 doctrinm
2093 2772 2368 2826 catholica:
2396 2772 2463 2823 de
2511 2772 2843 2825 invocatione
2874 2781 3174 2825 sanctorum
3204 2771 3371 2839 oppo-

1805 2851 1980 2894 natur.
2008 2841 2364 2911 llieronymtts
2390 2839 2455 2894 ad
2486 2841 2762 2908 Ripariutn
2810 2842 2994 2896 scribit
3015 2851 3196 2894 contra
3235 2843 3373 2911 Vigic

1804 2911 2046 2971 Iantium,
2081 2911 2168 2979 qui
2201 2926 2358 2964 ausus
2389 2911 2470 2965 est
2492 2928 2547 2965 os
2569 2912 2802 2978 [auidum
2827 2912 3045 2978 aperire,
3070 2921 3115 2963 et
3139 2919 3369 2976 putorem

1801 2982 2185 3049 spurcissimam
2229 2990 2405 3034 contra
2451 2995 2740 3035 sanctorum
2785 2991 3062 3049 martyrum
3111 2980 3368 3049 reliquias,

1800 3060 1848 3101 et
1875 3067 1985 3112 nos,
2009 3051 2095 3120 qui
2123 3069 2208 3104 cas
2237 3053 2554 3120 suscipimus.
2585 3052 2848 3112 appellare
2868 3051 3162 3113 cincrarios,
3192 3061 3238 3104 et
3263 3052 3370 3104 ido-

1799 3120 2032 3184 lolatras,
2064 3123 2151 3190 qui
2181 3130 2494 3173 mortuorum
2528 3123 2788 3174 hominum
2818 3136 2929 3174 ossa
2959 3135 3367 3174 veneremur.....

1805 3190 2130 3244 "oneramus
2159 3201 2328 3243 autem
2355 3192 2594 3258 reliquias
2621 3203 2920 3260 martyrum,
2967 3202 3019 3242 ut
3065 3207 3176 3243 eum
3224 3194 3368 3261 cujus

1800 3269 1919 3313 sunt
1947 3270 2191 3330 martyres
2222 3263 2509 3313 adoremus.
2545 3261 2875 3314 Honoremus
2901 3276 3089 3330 scrvos,
3125 3269 3178 3312 ut
3209 3261 3369 3312 honor

1797 3346 2048 3383 servorum
2080 3329 2324 3385 redundet
2351 3332 2417 3384 ad
2449 3330 2741 3384 Dominum.
2773 3331 2908 3396 Quid
2939 3329 3049 3382 liter.
3076 3339 3259 3383 contra
3294 3332 3367 3382 in.

1801 3401 2130 3454 vocationem
2161 3401 2503 3455 sanctorum?
2552 3401 2717 3466 Negat
2760 3401 2972 3469 quidem
3017 3399 3370 3468 Hieronymus

1800 3473 2050 3538 reliquias
2079 3481 2378 3526 sanctorum
2409 3480 2696 3540 martyrum
2725 3471 2977 3525 colendas
3000 3479 3050 3522 ct
3072 3469 3370 3540 adurandas

1798 3556 1938 3594 esse.
1972 3541 2076 3596 Sed
2109 3552 2301 3609 tegant
2320 3543 2478 3596 etiam
2523 3539 2788 3604 calli-dici,
2841 3540 2928 3607 qtti
2981 3544 3149 3592 solum
3184 3539 3364 3606 hujus-

1800 3613 1942 3664 modi
1970 3612 2249 3675 vocabula,
2281 3627 2308 3663 a
2341 3612 2521 3663 multis
2552 3613 2646 3664 SS.
2683 3611 2925 3664 Patribus
2956 3619 3206 3675 usurpata
3229 3650 3243 3669 ,
3268 3609 3357 3661 ad-

1799 3681 1966 3734 hiberi
2020 3696 2174 3749 posse
2213 3682 2533 3740 concedunt,
2580 3682 2816 3745 exposita
2867 3681 3143 3749 commoda
3175 3679 3364 3732 distin-

1795 3751 1971 3804 etione
1997 3748 2062 3804 de
2091 3752 2236 3804 cultu
2265 3760 2355 3803 aut
2383 3750 2694 3804 adoratione
2719 3749 2882 3802 latrim
2907 3761 2962 3803 et
2991 3748 3167 3800 italiae.

1868 3822 1958 3874 98.
1993 3822 2169 3887 l’rag.,
2217 3820 2394 3882 redde,
2429 3833 2726 3884 perperam.
2763 3819 2918 3878 Man,
2968 3818 3109 3879 Rat.,
3145 3816 3358 3878 Weitz..

1800 3891 1993 3953 reddet,
2028 3892 2202 3943 minus
2232 3891 2387 3945 bene.
2438 3889 2692 3953 llailsbr.,
2743 3888 2884 3942 vidit.
2937 3889 3157 3942 Metrum
3201 3888 3366 3956 exigit

1797 3961 1946 4014 videt.
1981 3960 2096 4012 Vat.
2131 3961 2173 4014 Χ
2209 3960 2482 4019 mendose,
2514 3969 2750 4028 ratasque
2781 3958 2886 4012 Deo
2915 3956 3110 4012 reddet.

1864 4031 1953 4085 99.
1983 4030 2169 4085 Glo<sa
2200 4029 2367 4083 lsonis
2398 4031 2580 4098 fundo,
2613 4026 2923 4096 obtempero,
2958 4028 3168 4098 videtur
3188 4026 3358 4092 appli-

1795 4101 1962 4153 canda
1990 4100 2152 4154 verba
2175 4117 2347 4170 pareo,
2379 4097 2575 4153 scilicet
2613 4116 2786 4166 parco,
2820 4099 3016 4159 obedio,
3058 4097 3360 4170 obtempero.

1868 4171 1988 4225 100.
2022 4165 2259 4224 Latinius
2299 4170 2535 4224 correxit
2581 4165 2746 4223 altare
2776 4185 2793 4222 :
2845 4170 3068 4234 probum
3100 4179 3176 4222 ρει
3206 4165 3358 4219 altar.

1799 4239 1917 4294 Vat.
1951 4241 1990 4294 Χ
2041 4250 2310 4306 corrupte,
2358 4240 2530 4292 Altare
2573 4255 2723 4307 posco
2767 4255 2870 4291 ore.
2919 4239 3096 4300 Alex..
3141 4238 3360 4304 tepessit,

1795 4319 2093 4365 eorrcclum
2125 4325 2218 4378 per
2247 4312 2470 4375 tepescit.
2509 4309 2884 4378 Ilujnscemotli
2930 4308 3139 4378 pietatis
3183 4321 3365 4378 exem-

1796 4382 1938 4444 plum
1973 4377 2319 4448 praecesserat
2349 4381 2400 4432 in
2430 4379 2486 4432 S.
2526 4378 2780 4446 Gregorio
2809 4377 3049 4447 Nysseno
3078 4387 3214 4448 orat.
3244 4377 3360 4448 57in

1795 4445 2150 4519 Quadraginta
2184 4460 2442 4520 martyres
2468 4465 2479 4500 :
2527 4445 2798 4515 Ipsumque
2814 4445 3082 4520 sacrarum
3111 4445 3362 4520 reliquia-

1795 4537 1905 4572 rum
1935 4516 2130 4574 thecam
2156 4516 2391 4589 lacrymis
2419 4520 2606 4571 amaris
2635 4517 2844 4586 aspersi.
2890 4517 3162 4589 Lacrymte
3187 4516 3364 4589 gettt_i_-

1799 4590 1923 4643 lium
1949 4591 2014 4642 ad
2046 4605 2168 4644 aras
2193 4585 2429 4644 deorum.
2481 4589 2549 4642 de
2599 4590 2788 4657 quibus
2818 4587 3097 4657 Ilroverius
3143 4599 3260 4650 cap.
3295 4585 3366 4636 ΞΖ»

183 4656 278 4729 89.
311 4655 600 4729 blarictttts,
631 4669 928 4729 patescens;
973 4675 1152 4726 supra,
1186 4670 1410 4729 prtentcs
1431 4704 1444 4720 ,
1475 4660 1664 4714 melius
1720 4665 1766 4722 ι)
1793 4658 1859 4713 tle
1880 4661 2123 4724 Adorat.,
2159 4676 2185 4712 a
2218 4661 2318 4729 piis
2339 4655 2760 4712 Christianorum
2792 4656 3061 4729 lacriymis,
3097 4657 3365 4724 pmnitcn-

183 4727 275 4799 ιβ.
311 4726 582 4799 Horatius,
613 4728 710 4799 lib.
744 4744 818 4790 Iv,
846 4731 946 4782 ode
975 4733 1026 4792 8,
1059 4726 1288 4799 Liqn‘idis
1319 4730 1407 4782 ille
1435 4731 1687 4783 coloribus

122 4795 295 4865 Solers
324 4812 459 4848 nunc
484 4796 737 4851 hominem
761 4815 964 4865 ponere,
990 4795 1329 4853 nunc'Deum.

182 4864 276 4937 ἓξ.
309 4865 430 4937 Υιιῑ.
468 4866 536 4937 B,
555 4868 625 4920 ita
648 4883 666 4920 :
689 4864 894 4937 corrige
919 4871 1034 4922 ista.

180 4934 271 4988 95.
309 4935 487 5007 Prag.,
521 4936 639 4990 Rat.
668 4952 696 4988 a
721 4934 886 5005 prima
918 4953 1098 5007 manu,
1129 4940 1255 4992 Mar.
1281 4953 1309 4992 a
1334 4939 1502 5007 prima
1530 4955 1685 4994 manu

117 5007 286 5072 siquid
311 5005 484 5068 habes,
515 5021 620 5060 non
647 5007 718 5061 ita
746 5008 898 5062 bene.

179 5077 271 5129 96.
301 5075 498 5143 Scripti
545 5087 850 5132 constanter
869 5093 986 5131 cum
1011 5078 1146 5133 Aldo
1170 5088 1224 5132 et
1246 5078 1548 5141 Parrhasio,
1569 5097 1682 5144 spes

114 5145 263 5216 siqua
292 5146 384 5216 tibi
412 5154 505 5210 est,
533 5147 671 5214 quod
697 5162 817 5201 cum
850 5147 992 5202 hiatu
1022 5149 1269 5202 sustineri
1304 5158 1494 5216 potest.
1528 5150 1679 5203 Gise-

114 5215 276 5287 linus,
311 5215 537 5270 fortasse
568 5225 626 5270 ut
653 5216 704 5270 id
737 5219 944 5279 vitaret,
1000 5218 1088 5272 tibi
1131 5219 1273 5287 siqua
1301 5215 1412 5287 spes
1439 5229 1530 5271 est.
1584 5220 1683 5272 Fa-

113 5283 498 5358 bricius,_gspes
536 5287 578 5339 si
608 5289 720 5358 tibi
767 5295 837 5342 est
877 5303 998 5358 qua.
1053 5283 1336 5342 Weitzias'
1369 5289 1686 5356 coujiciebat

110 5357 259 5424 siqua
288 5355 377 5407 tibi
405 5371 536 5424 spes,
572 5357 756 5422 siquid.

180 5427 271 5479 97.
297 5427 477 5496 Alex.,
503 5428 654 5490 audi;
677 5442 854 5496 supra,
872 5427 1034 5492 audit,
1061 5428 1244 5496 probe.
1276 5428 1391 5482 Vat.
1421 5430 1478 5491 Β,
1499 5431 1682 5483 Credo:

112 5495 466 5567 retinendum
485 5497 654 5550 crede.
697 5495 952 5551 cellarius
999 5512 1214 5561 rursus,
1263 5514 1294 5552 e
1337 5501 1687 5567 grammatico

112 5567 393 5634 theologus
445 5564 643 5630 factus,
707 5567 1006 5633 bujnsmodi
1064 5564 1454 5622 invocationem
1513 5570 1686 5623 labem

113 5636 232 5690 lidei
258 5644 435 5707 vocat,
469 5651 587 5707 quae
619 5651 732 5689 tera
761 5638 1031 5692 Prudentii
1067 5637 1184 5699 fuit,
1224 5649 1316 5691 aut
1355 5653 1474 5693 esse
1503 5642 1686 5707 coepit.

115 5707 224 5758 Nec
251 5706 404 5778 enim.
436 5706 530 5778 ait,
561 5707 786 5759 omnium
815 5709 1042 5778 ejusdem
1074 5709 1236 5760 a'lutis
1265 5708 1371 5761 Ita‘c
1397 5706 1690 5770 opinio,rcl

108 5791 254 5828 error
275 5775 395 5843 fuit.
427 5774 1085 5846 AllegatqueAuilro.ium
1113 5778 1161 5830 in
1189 5779 1410 5832 Roman.
1447 5795 1459 5831 ι
1491 5795 1682 5832 ςοιειιιι.

1791 4730 1877 4783 tite
1904 4745 2060 4782 causa
2095 4726 2245 4793 fusis,
2279 4729 2508 4782 immane
2537 4740 2791 4796 quantum
2817 4726 3086 4780 differunt.

1863 4801 1984 4854 10‘2.
2006 4800 2242 4854 Latinius
2265 4801 2315 4852 in
2338 4799 2501 4852 Torn.
2525 4793 2762 4852 correxit
2785 4797 3017 4849 timebam
3039 4809 3132 4862 pro
3157 4793 3367 4847 timebo.-

1793 4869 2060 4924 Partbasii
2089 4869 2372 4937 singularis
2398 4882 2474 4922 εει
2524 4870 2701 4928 lectio.
2750 4867 2879 4920 Tum
2929 4867 3062 4933 quod
3109 4863 3359 4937 petebam,

1786 4941 2019 5010 quodque
2064 4932 2301 5010 aveham,
2346 4954 2626 5010 murmuro.
2658 4939 2758 5010 lle
2789 4932 3175 5010 signiﬁcatione
3207 4932 3364 5010 huius

1792 5001 1947 5083 iocis
1966 5024 2230 5083 murmur_o
2254 5001 2359 5062 dixi
2389 5008 2452 5083 ad
2486 5007 2720 5083 ve_rs._3_6
2745 5006 2947 5073 praefat.
2982 5005 3072 5083 lib.
3096 5021 3108 5057 I
3133 5001 3363 5083 inSym—

1791 5080 1966 5132 mat-lt.
2012 5080 2161 5133 Adde
2187 5080 2496 5132 Broveritttn
2527 5079 2593 5131 de
2621 5077 2839 5130 Adorat.
2869 5091 2986 5151 can.
3021 5075 3074 5151 8,
3124 5075 3210 5151 qui
3242 5086 3363 5151 pre-

1785 5161 1967 5204 cantes
1996 5151 2178 5204 solilos
2210 5163 2561 5212 murmurare,
2611 5162 2703 5201 seu
2735 5161 2863 5200 voce
2890 5145 3154 5198 submissa
3183 5143 3355 5210 loqui,

1790 5221 1970 5272 multis
1993 5220 2250 5286 exemplis
2283 5218 2488 5286 probat.

1860 5292 1978 5344 105.
2015 5290 2094 5341 lso
2115 5282 2325 5341 domum
2346 5287 2590 5354 intelligit
2615 5300 2856 5347 uxorem,
2883 5293 2938 5338 et
2968 5293 3148 5349 postea
3177 5282 3355 5350 futuri,

1790 5360 1945 5426 ﬁlios.
1981 5359 2229 5413 Fortasse
2257 5358 2338 5410 lite
2369 5359 2484 5430 dua:
2513 5359 2700 5430 glossae
2729 5358 3001 5430 pertinent
3029 5354 3093 5406 ad
3119 5358 3358 5430 domum,

1792 5424 2022 5489 uxorem,
2067 5430 2202 5494 filios
2227 5444 2245 5481 :
2276 5429 2498 5496 perinde
2520 5424 2678 5495 quasi
2709 5428 2897 5478 domus
2929 5432 3092 5496 totum
3119 5424 3167 5476 id
3199 5424 3360 5496 signi-

1793 5498 1932 5553 licet.
1969 5499 2043 5553 Ex
2067 5492 2177 5552 hoc
2210 5492 2349 5557 loco.
2379 5508 2434 5553 ut
2458 5492 2604 5565 puto,
2657 5496 2816 5564 aliqui
2857 5494 3187 5565 collegerunt
3229 5492 3360 5565 [fru-

1791 5569 2027 5622 dentium
2061 5569 2221 5622 fuisse
2242 5561 2581 5636 conjugatum
2614 5608 2628 5628 ,
2657 5576 2708 5618 ut
2741 5561 2930 5634 legitur
2953 5561 3012 5636 in
3031 5563 3215 5636 codice
3240 5561 3356 5612 Vat.

1795 5639 1854 5704 F,
1888 5655 2032 5692 num.
2062 5639 2128 5690 77
2160 5635 2382 5706 proleg.,
2418 5641 2468 5691 iu
2501 5647 2645 5692 nota.
2679 5636 2870 5690 Verum
2903 5635 3358 5706 etiamsi‘uxoretu

1794 5701 1899 5763 non
1929 5701 2172 5770 duxerit;
2195 5701 2338 5762 recte
2369 5708 2714 5762 nihilominus
2741 5706 2956 5759 domum
2988 5704 3070 5757 vel
3105 5701 3359 5754 familiam

1797 5779 2047 5835 habuisse
2094 5779 2318 5834 dicetur.
2367 5779 2637 5849 Siquidem
2681 5777 2868 5832 domus
2893 5786 2943 5829 ct
2973 5773 3188 5838 familia,
3235 5784 3356 5823 cum
