3968 6288
627 328 734 385 ιιτ

875 439 1080 496 Hastile
1111 439 1269 494 fixum
1299 436 1393 492 sed
1423 440 1604 490 manet
1629 432 1972 504 profundius,

628 532 697 588 30
847 530 985 594 Nec
1008 544 1158 586 cassa
1184 528 1349 584 sentit
1373 540 1648 583 morsuum
1679 524 1936 594 pericula.

803 621 1050 677 Galerius
1076 621 1224 675 orbis
1252 618 1389 676 forte
1418 617 1646 673 Romani
1673 625 1870 672 statum

874 712 1076 768 Ductor
1102 713 1338 781 regebat,
1367 720 1426 766 ut
1451 711 1620 768 refert
1643 710 1957 779 antiquitas.

879 804 1129 868 immitis,
1157 813 1330 868 atrox,
1361 818 1541 874 asper,
1572 801 1962 874 implacabilis:

872 893 1060 965 Edicta
1088 895 1193 951 late
1220 895 1478 950 mundum
1509 895 1561 949 in
1590 908 1803 949 omnem
1831 893 2073 955 miserat.

628 989 697 1044 55
873 988 1147 1050 Christum
1174 997 1415 1058 negaret,
1444 987 1671 1057 quisque
1698 985 1883 1040 mallet
1908 985 2115 1040 vivere.
2187 1024 2190 1031 .

807 1078 932 1135 llaec
961 1080 1054 1134 ille
1081 1093 1305 1148 serpens
1332 1093 1427 1134 ore
1454 1078 1619 1132 dictat
1650 1077 1820 1146 regio,

879 1173 1087 1244 1067
1116 1171 1216 1239 Qui
1247 1180 1579 1225 mortuorum
1605 1168 1674 1224 de
1700 1167 1966 1239 sepulcris
2005 1167 2212 1229 exiens,

873 1263 1115 1321 Clamat:
1145 1263 1282 1331 Quid
1308 1272 1433 1316 ante
1464 1270 1675 1332 tempus
1703 1259 1932 1315 adventu
1965 1258 2074 1312 cito

875 1353 992 1410 Mea
1019 1368 1183 1426 regna
1210 1353 1413 1410 solvis?
1445 1353 1632 1422 Parce,
1661 1351 1733 1406 lili
1764 1349 2049 1413 Altissimi,

1745 319 2020 377 AUB‘ELﬂ
2064 315 2428 375 I‘llUD‘EN'H‘I
2467 315 2796 372 CARMINA.
3810 316 3900 372 μδ

2235 429 2386 494 Αιο

2569 428 2663 485 Vel
2691 427 2970 498 possidere
2993 427 3156 484 corda
3183 442 3472 498 porcorum
3489 428 3647 500 'jube.

2496 519 2789 575 Przefectus
2817 519 2935 574 istis
2966 519 3260 576 imminens
3285 523 3520 592 negotiis

2565 610 2933 680 Asclepiades,
2965 611 3044 668 ire
3071 612 3290 668 mandat
3316 613 3517 669 milites

2568 702 2811 758 Ecclesia
2841 711 3017 772 tenus,
3047 713 3209 774 atque
3234 705 3303 762 de
3328 707 3581 762 sacrariis

2568 795 2800 866 Raptare
2826 795 3061 867 plebem,
3091 799 3504 869 mancipandam
3535 799 3787 866 v’nculis,

2317 890 2387 944 ιδ
2567 889 2631 946 Ni
2657 890 2995 961 disciplinam
3023 893 3355 950 Nazarenam
3386 905 3610 965 respuat

2496 982 2780 1054 Moxipse,
2814 985 3069 1054 templum
3099 986 3343 1056 cogitans
3375 987 3699 1055 irrumpere,

2573 1076 2786 1148 1068
2823 1074 2892 1131 Et
2928 1074 3192 1147 dissipare
3224 1085 3411 1150 sancta
3449 1088 3760 1134 sanctorum
3796 1090 3896 1133 stu-

3661 1171 3836 1243 [dens,

2569 1261 2749 1316 Armis
2780 1261 3037 1330 profanus
3069 1263 3404 1334 prteparabat
3436 1264 3614 1334 impiis

2573 1353 2770 1407 Altaris
2796 1368 2944 1409 aram
2977 1353 3215 1409 funditus
3243 1355 3617 1426 pessumdare,

1940 1440 2226 1497 Οἱ.υὲδῶ
2269 1441 2495 1498 VETER
2505 1444 2605 1499 ES.

698 1563 788 1618 29.
821 1563 1042 1622 Hastile.
1066 1562 1287 1632 gladius,
1315 1560 1354 1616 1.

697 1634 788 1688 30.
821 1632 1004 1696 Cassa,
1029 1633 1224 1692 inania.
1250 1632 1288 1685 l.

698 1703 788 1757 32.
821 1703 1018 1767 Refert,
1047 1713 1244 1765 narrat,
1276 1701 1312 1755 Ι.

696 1770 785 1827 56.
821 1772 1002 1839 Legio,
1025 1787 1138 1836 qua!
1160 1773 1232 1824 sic
1256 1779 1482 1832 vocatur,
1509 1769 1640 1825 Mar.
1665 1800 1734 1810 —-
1771 1769 1845 1824 De
1877 1769 2074 1838 legione
2100 1768 2209 1821 da!-

627 1859 830 1895 monum
852 1859 987 1896 nunc
1007 1841 1151 1907 dicit,
1168 1857 1278 1910 qua:
1299 1844 1554 1895 invaserat
1577 1841 1802 1895 homines
1824 1839 2082 1910 duos.qui
2106 1855 2207 1910 non

627 1913 678 1965 in
717 1913 979 1977 domibus,
1018 1913 1107 1965 sed
1147 1908 1199 1968 in
1239 1910 1485 1982 sepulcris
1525 1911 1874 1982 morabantur.
1923 1908 2039 1962 Alia
2079 1908 2210 1962 illud

626 1982 954 2050 dmuonium,
983 1983 1121 2051 quod
1152 1980 1361 2036 vocatur
1386 1980 1560 2052 Legio,
1593 1981 1709 2034 Vat.
1735 1985 1800 2034 Α.

695 2053 786 2110 40.
818 2053 936 2120 Vel,
962 2054 1161 2115 saltem,
1193 2054 1230 2108 Ι.

2243 1557 2284 1615 Β
2383 1555 2474 1630 4'3.
2510 1557 2748 1630 Ecclesia
2775 1567 2950 1630 tenus,
2978 1575 3136 1630 usque
3163 1561 3231 1612 ad
3260 1561 3548 1627 ecclesiam,
3572 1559 3613 1615 1.

2390 1627 2482 1700 ῃ.
2515 1627 2946 1700 biancipandant.
2971 1627 3257 1700 ligandam,
3285 1631 3323 1684 Ι.

2393 1697 2484 1770 45.
2516 1697 2863 1770 Nazarenam,
2890 1697 3255 1768 Christianam,
3282 1701 3346 1770 l.,
3373 1701 3506 1756 Mar.

2390 1767 2479 1840 46.
2514 1769 2653 1836 Ipse,
2681 1770 2970 1840 praefectus,
2996 1770 3038 1824 l.

2390 1839 2480 1894 49.
2515 1840 2735 1905 Altaris,
2772 1839 3095 1896 sacramenti.
3118 1871 3188 1883 —
3229 1840 3608 1904 Pessumdare.
3657 1842 3897 1909 perditam

2320 1911 2540 1975 tradere,
2569 1910 2646 1964 vel
2676 1912 2906 1979 perdere,
2950 1928 3055 1964 una
3095 1927 3215 1978 pars
3260 1920 3333 1965 est
3381 1914 3510 1967 sicut
3555 1915 3897 1967 circumdare:

2322 1983 2609 2047 pessumdo,
2638 1980 2694 2034 id
2719 1990 2791 2036 est
2821 1981 3001 2051 perdo,
3027 1981 3103 2036 vel
3131 1983 3349 2052 dissipa,
3379 1983 3416 2037 Ι.

1993 2139 2552 2199 COMMENTARIUS.

697 2257 788 2313 29.
821 2255 1157 2319 Parrhasius,
1187 2264 1382 2308 manat.
1418 2253 1644 2310 llletrum
1673 2253 1838 2321 exigit
1865 2261 2054 2306 manet.

701 2328 792 2383 30.
827 2327 1010 2396 Prag.,
1059 2326 1166 2380 haec
1213 2341 1390 2387 cassa;
1439 2322 1632 2396 melius
1679 2339 1792 2396 nec.
1844 2323 2095 2396 Virgilius
2143 2340 2214 2378 xtl

628 2395 780 2461 λΕη..
834 2393 957 2452 Non
1001 2413 1148 2451 cassa
1194 2397 1247 2449 in
1297 2405 1412 2449 vota
1458 2395 1675 2448 vocavit.
1733 2393 2211 2460 Elmenltorstius,

629 2483 750 2537 pag.
771 2468 840 2525 38
869 2470 921 2524 in
947 2467 1240 2548 Arnobium
1272 2465 1364 2549 lib.
1389 2481 1426 2548 ι.
1449 2465 1642 2547 similia
1673 2463 1878 2548 profert
1909 2473 1966 2547 ut
1988 2465 2215 2548 illustret

635 2537 854 2593 Arnobii
882 2539 1043 2593 verba
1070 2552 1083 2590 :
1118 2535 1343 2590 Periculi
1372 2535 1503 2589 nihil
1529 2543 1622 2602 est,
1650 2551 1714 2604 st,
1737 2535 1874 2606 quod
1903 2534 2091 2589 dtt‘lluf
2119 2552 2214 2589 tnt-

1071 2578 1083 2590 ο
1118 2574 1140 2589 Ι
1167 2574 1343 2590 ιιινυου
1372 2574 1501 2589 IIII...
1529 2574 1622 2602 ιυι,
1650 2574 1714 2604 'I'

629 2609 846 2670 mittere.
878 2624 1082 2664 cassum
1107 2607 1200 2675 ﬁat
1229 2616 1274 2659 et
1302 2621 1535 2660 vacuum.

699 2680 786 2735 3|.
823 2679 1001 2745 Prag.,
1045 2673 1274 2731 Valerius
1317 2677 1546 2743 :Egm.,
1592 2673 1842 2730 Galerius.
1906 2675 2212 2745 Legendum

629 2750 884 2815 Galerius,
908 2752 993 2817 qui
1025 2757 1154 2803 tunc
1172 2745 1354 2817 Caesar
1377 2755 1512 2817 erat.
1555 2746 1685 2803 Vide
1718 2746 2060 2817 hymnum
2086 2748 2218 2813 Qni-

630 2821 730 2875 rini
759 2835 900 2874 vers.
920 2816 974 2874 6.
1010 2818 1175 2873 Aldus
1199 2816 1368 2871 edidit
1389 2816 1626 2871 Galerius
1655 2817 1792 2870 urbis
1822 2821 1950 2883 forte
1976 2816 2218 2872 Romana:

629 2900 860 2944 statum:
907 2891 978 2944 ita
1020 2889 1181 2943 etiam
1211 2887 1450 2947 Teolius.
1498 2887 1625 2954 quin
1673 2887 2088 2954 discrepantiam
2135 2889 2213 2942 le-

628 2961 864 3015 ctionum
893 2959 1249 3025 adamaverit.
1293 2958 1563 3025 Plerique,
1597 2957 1732 3010 orbis
1769 2956 2026 3011 Romani:
2053 2969 2106 3012 et
2132 2957 2218 3012 hic

628 3046 820 3086 sensus
865 3040 947 3085 est
994 3016 1306 3094 Prudentii,
1354 3016 1879 3097 qui-comprobatur
1927 3043 2068 3081 vers.
2111 3029 2216 3091 51,

629 3077 819 3155 iiiis};
847 3077 948 3155 a7;
975 3077 1306 3153 sinitis;
1337 3077 1804 3152 όῖιῖἠεῆἶῆἱὲεὲίῖιί
1823 3077 2006 3164 apud
2023 3077 2216 3153 emis:
2247 3077 2292 3140 C

630 3188 744 3225 rum
778 3187 896 3238 pag.
923 3172 1051 3236 280,
1083 3170 1148 3224 de
1177 3168 1391 3223 Galerio
1417 3175 1586 3224 exstat
1615 3169 1918 3238 inst-ript‘o,
1947 3184 2106 3237 quam
2135 3185 2221 3225 re.

632 3242 726 3295 tuli
759 3237 824 3295 ad
859 3237 1043 3306 bvtnn.
1078 3241 1133 3296 S.
1168 3239 1390 3294 Eulaliae
1424 3254 1567 3293 vers.
1601 3237 1690 3292 87.
1739 3239 1794 3291 In
1827 3237 1948 3292 Rat.
1979 3241 2044 3290 ad
2076 3239 2218 3292 hunc

630 3326 843 3366 versum
877 3311 1100 3378 Ea‘plicit
1128 3311 1365 3381 praefatio
1390 3326 1408 3363 :
1443 3307 1633 3378 Incipit
1663 3309 1834 3379 passio
1861 3323 1879 3361 :
1907 3308 2220 3381 quititnlus

629 3391 753 3435 ante
774 3381 1024 3436 eumdem
1046 3379 1266 3436 versum
1285 3380 1336 3434 in
1359 3381 1544 3433 Anthr.
1570 3387 1768 3445 exsmt,
1793 3387 1848 3433 et
1871 3379 2033 3434 simili
2061 3383 2220 3436 modo

629 3453 771 3522 apud
803 3451 1142 3522 Parrhasium
1174 3451 1360 3504 Passio
1385 3450 1719 3522 8.7Rontani.

703 3525 794 3579 54.
826 3523 1024 3580 Galerii
1055 3521 1289 3576 edictum
1321 3529 1406 3575 est
1435 3521 1583 3590 illud,
1602 3521 1785 3590 ipsum
1816 3519 1883 3573 dc
1913 3537 2019 3590 quo
2047 3521 2218 3576 Euse-

629 3595 749 3647 Ιιίιιε
796 3594 890 3648 lib.
926 3609 1018 3647 vttt
1069 3593 1229 3655 llisl.,
1277 3606 1396 3658 cap.
1429 3591 1463 3642 2
1509 3607 1524 3645 :
1561 3588 1999 3644 Mandabatur‘ut
2044 3608 2219 3646 omnes

630 3665 912 3730 ubicunque
946 3663 1291 3718 Ecclesiarum
1317 3661 1569 3715 antistites
1611 3661 1827 3720 primum
1857 3663 2060 3731 quidem
2092 3679 2216 3716 con-

628 3735 907 3806 ficerentur
925 3735 978 3788 in
1001 3734 1224 3797 vincula,
1254 3732 1706 3806 dei_nde__vero_djis
1735 3734 2026 3806 sacriﬁcare
2055 3735 2218 3806 omni-

629 3801 722 3860 bus
761 3805 926 3859 modis
963 3813 1286 3874 cogerentur.
1322 3802 1388 3856 Et
1412 3803 1502 3874 lib.
1527 3817 1562 3857 tt
1591 3801 1722 3874 Vita!
1743 3803 1951 3874 Const.,
1978 3818 2098 3872 cap.
2124 3805 2211 3858 51:

632 3872 1045 3945 Sanguinolenta
1074 3875 1237 3928 edicta
1266 3873 1516 3936 cruentis,
1560 3872 1718 3945 utita
1747 3872 1986 3945 dixerint,
2016 3889 2220 3945 mucro-

629 3941 779 4017 nibus
799 3946 1037 4017 scripsit;
1059 3957 1107 4017 et
1124 3945 1388 4017 judicibus
1417 3943 1655 4017 prtrcepit
1677 3951 1729 3994 ut
1748 3941 1938 4017 ingenii
1959 3943 2216 4017 solertiam

627 4016 722 4069 sibi
745 4032 776 4068 a
801 4012 985 4070 natura
1013 4012 1218 4069 insitam
1239 4015 1306 4066 ad
1329 4012 1588 4066 acerbiora
1609 4014 1864 4082 supplicia
1885 4014 2218 4083 excogitanda

628 4087 970 4140 intenderent.

703 4150 793 4210 56.
825 4156 1045 4226 Teo'ius
1088 4153 1344 4208 mendose
1363 4193 1400 4226 ,_
1415 4153 1710 4226 _dicta__pro
1737 4151 1936 4226 _dictat.
1990 4153 2213 4226 Widm.,

629 4227 800 4295 Boug.
845 4241 873 4278 a
919 4225 1092 4295 prima
1138 4241 1327 4295 manu,
1381 4223 1538 4295 Mat.
1573 4223 1690 4295 Vat.
1736 4222 1796 4286 Β,
1842 4223 2021 4294 Prag.,
2066 4222 2212 4290 l'tat.,

629 4290 805 4368 legio:
835 4295 903 4349 de
922 4290 1029 4368 qua
1058 4311 1190 4368 voce
1218 4294 1339 4368 vide
1374 4293 1603 4368 glossas.
1645 4293 1752 4368 Lex
1795 4290 1968 4348 tnetri'
1984 4309 2087 4368 non
2118 4310 2212 4364 pa-

630 4364 760 4424 titur
785 4364 1041 4438 legio.‘Qs
1066 4364 1604 4438 regiumjntelligitnr
1631 4379 1694 4418 os
1721 4365 2088 4438 imperatoria,
2122 4375 2216 4419 aut

2325 2251 2532 2308 didicit.
2566 2251 2819 2307 Fortasse
2849 2254 2987 2309 alius
3013 2265 3098 2309 est
3129 2254 3214 2309 ltic
3241 2254 3410 2311 codex
3441 2255 3764 2318 Tbuaneus;
3793 2272 3901 2310 nam

2322 2323 2479 2376 aliam
2511 2322 2795 2377 lectionem
2837 2338 2901 2378 ex
2935 2324 3193 2380 Tbuaneo
3225 2325 3474 2380 lleinsius
3499 2327 3608 2392 jam
3640 2327 3903 2381 indicave-

2325 2401 2427 2448 rat.
2461 2392 2679 2447 lleinsiu
2703 2395 3032 2449 recentiores
3055 2395 3354 2461 adhaerent,
3385 2399 3546 2451 etiam
3575 2397 3902 2451 Gallandins.

2326 2462 2639 2517 Parrhasius
2671 2465 2743 2515 ita
2780 2463 2998 2532 legerat,
3021 2473 3075 2519 et
3098 2465 3440 2533 distinxerat,
3469 2469 3548 2522 ire
3575 2469 3786 2520 mandat
3813 2469 3901 2518 mi-

2323 2533 2434 2608 lites
2456 2533 2717 2608 Ecclesias
2752 2551 2861 2608 per,
2892 2551 3051 2608 usque
3079 2536 3408 2608 desacrariis
3442 2537 3670 2605 Raptare
3698 2537 3902 2608 plebem.

2323 2603 2596 2677 Giselinns
2622 2603 3067 2677 cutttlalurmellio
3088 2606 3328 2661 ediderat
3350 2603 3828 2677 Ecclesiatenusque
3850 2608 3905 2660 de

2319 2675 2558 2728 sacrariis
2589 2689 2607 2727 :
2636 2673 2730 2729 sed
2754 2675 2807 2728 in
2833 2674 2974 2730 notis
2998 2678 3203 2730 monuit
3220 2677 3382 2731 malle
3404 2693 3464 2732 se
3487 2679 3667 2745 legere
3690 2673 3820 2730 Eccl.
3836 2679 3904 2729 sis

2321 2755 2487 2818 tenus,
2516 2755 2671 2818 atque
2691 2746 2756 2799 de
2783 2746 3049 2812 sacrariis,
3077 2757 3134 2801 ut
3159 2747 3422 2802 sententia
3448 2749 3516 2801 sit
3540 2747 3724 2818 jussos
3753 2747 3905 2802 fuisse

2324 2816 2524 2870 milites
2563 2815 2625 2888 in,
2659 2815 3040 2888 ipsampsqne
3070 2818 3354 2876 ecclesiam
3397 2815 3723 2888 irrumpere.
3754 2829 3904 2885 atque

2323 2896 2537 2957 raptare
2579 2886 2790 2957 p'ebent
2828 2885 2897 2941 de
2935 2888 3206 2943 sacrariis.
3263 2888 3388 2944 limc
3425 2885 3762 2956 miltijlectio
3805 2905 3904 2953 pra:

2321 2953 2533 3010 czeteris
2564 2953 2757 3024 placet,
2783 2966 2835 3009 et
2857 2965 3033 3011 exstat
3053 2957 3106 3011 in
3132 2959 3268 3024 All.,
3300 2968 3355 3013 et
3383 2957 3435 3012 in
3466 2953 3582 3013 Vat.
3608 2958 3669 3013 P.
3695 2959 3903 3013 Pltrasis

2323 3035 2407 3080 est
2427 3026 2787 3081 Prudentiaua
2805 3025 3037 3080 Ecclesia
3061 3037 3223 3094 tenus,
3249 3038 3305 3084 ut
3326 3039 3462 3083 crate
3484 3038 3629 3082 tenus
3641 3027 3836 3084 Perist.
3855 3029 3901 3090 5,

2326 3113 2462 3151 vers.
2495 3097 2628 3170 [48;
2679 3113 2803 3170 aure
2848 3106 2994 3170 tenus
3041 3099 3249 3168 Symm.
3286 3099 3344 3158 2.
3389 3114 3533 3155 vers.
3559 3098 3704 3163 729;
3749 3102 3902 3170 fundo

2323 3177 2469 3221 tenus
2509 3167 2808 3236 Peristeplt.
2841 3168 2927 3229 15.
2965 3167 3110 3224 vers.
3137 3170 3239 3236 85;
3287 3186 3487 3224 summa
3528 3181 3679 3224 tenus
3722 3167 3904 3224 extim

2323 3247 2459 3291 tactu
2489 3237 2684 3310 l’sych.
2712 3252 2852 3292 vers.
2883 3237 3019 3302 692;
3069 3248 3122 3296 et
3165 3241 3390 3294 fortasse
3419 3256 3484 3294 ex
3515 3242 3697 3308 aliqua
3731 3242 3899 3310 glossa

2323 3254 2459 3291 tactu
2493 3254 2684 3361 rsjen.
2712 3254 2852 3292 vers.
2883 3254 3019 3302 0'32;
3069 3254 3122 3296 et
3165 3254 3390 3294 tortasse
3419 3256 3484 3294 ex
3515 3254 3697 3308 aliqua
3731 3254 3899 3310 glossa

2322 3324 2480 3373 usque
2505 3325 2537 3361 a
2605 3323 2701 3377 pro
2727 3318 2871 3364 tenus
2897 3317 3079 3377 postea
3111 3311 3319 3365 turbata
3347 3320 3429 3366 est
3452 3325 3576 3366 vera
3607 3312 3792 3372 lectio.
3819 3314 3903 3364 ad-

2323 3380 2484 3433 missa
2516 3379 2693 3447 glossa
2721 3378 2773 3432 in
2807 3387 2976 3435 textu.
3025 3380 3082 3435 ln
3112 3381 3269 3435 Alex.
3300 3391 3476 3436 tamen
3508 3381 3722 3436 videtur
3751 3382 3904 3437 fuisse

2326 3448 2662 3522 Ecclesiasten
2707 3465 2864 3518 usque
2909 3450 2972 3522 de
3017 3453 3278 3522 sacrariis,
3326 3451 3420 3522 sed
3472 3450 3674 3506 factum
3731 3464 3901 3522 posma

2324 3518 2552 3592 Ecclesia
2601 3520 2968 3592 tenusque_de,
3016 3521 3156 3592 quod
3209 3522 3261 3577 in
3295 3521 3424 3578 Urb.
3459 3531 3541 3576 est
3589 3524 3659 3577 ita
3704 3518 3899 3576 unitum

2325 3588 2817 3662 Ecclesiateuusque.
2854 3589 3025 3645 Tenus
3037 3588 3144 3662 'pro
3169 3609 3327 3661 usque
3345 3594 3414 3646 ad
3438 3608 3560 3647 cum
3592 3595 3776 3648 verbis
3799 3609 3901 3647 mo-

2321 3668 2406 3714 tus
2433 3660 2500 3714 ab
2527 3661 2650 3714 aliis
2671 3661 2836 3730 etiam
2869 3660 3181 3730 usurpatum
3211 3660 3314 3717 εει.
3345 3662 3477 3721 Vide
3509 3663 3711 3718 lexica.

2390 3731 2477 3786 45.
2512 3729 2683 3786 Judaei
2713 3729 3102 3788 contumeliose
3121 3732 3463 3788 Christianos
3494 3732 3797 3789 Nazarenos
3819 3750 3901 3788 vo-

2320 3802 2548 3872 caba_nt,
2568 3801 2814 3872 aquibus
2840 3801 3066 3858 fortasse
3091 3804 3318 3872 gentiles
3350 3803 3401 3858 id
3429 3806 3753 3859 vocabulum
3781 3821 3899 3859 con-

2321 3880 2398 3924 tra
2427 3869 2762 3925 Christianos
2783 3872 3010 3926 mutuati
3034 3869 3179 3928 sunt.
3209 3874 3346 3929 Vide
3365 3888 3509 3928 vers.
3528 3875 3601 3929 ‘25
3625 3875 3897 3930 Vineentii.

2319 3941 2675 4017 Nihilominus
2699 3941 3168 4017 Prudentiusipse
3193 3945 3265 3999 ita
3294 3945 3534 4017 loquitur
3547 3949 3581 4017 _t
3617 3946 3672 4000 in
3700 3946 3895 4017 Symm.

2317 4027 2462 4083 vers.
2487 4013 2614 4077 550,
2642 4012 2722 4065 Ad
2758 4013 2957 4067 sincera
2993 4012 3156 4067 virum
3196 4016 3476 4083 penetralia
3509 4012 3897 4070 Nazareorum:

2320 4082 2419 4156 nisi
2447 4083 2607 4156 et’am
2637 4083 3023 4156 tumintellig‘t
3051 4087 3152 4139 boe
3179 4082 3373 4140 nomen
3403 4100 3498 4156 p--r
3523 4089 3896 4143 contumeliam

2318 4153 2448 4206 ol?m
2477 4153 2799 4207 Christianis
2828 4153 3032 4210 datum.

2388 4225 2475 4297 47,
2511 4223 2706 4297 Sgncta
2738 4233 3030 4278 sanctorum
3073 4240 3138 4297 ex
3180 4225 3360 4292 phrasi
3397 4227 3657 4282 llebraira
3691 4244 3790 4297 pro
3818 4245 3894 4282 sa-

2318 4295 2510 4349 crario.
2549 4291 2833 4362 Psychom.
2853 4310 2996 4348 vers.
3015 4296 3141 4361 815,
3165 4291 3477 4352 Sanctorum
3499 4291 3894 4354 sancta'retisat.

2321 4364 2583 4437 Eusebius
2619 4363 2712 4418 lib.
2745 4362 2816 4437 de
2849 4365 3065 4436 Martyr.
3099 4366 3311 4437 Palmst.
3347 4368 3418 4421 ait
3449 4372 3893 4437 comprehensum

626 4429 962 4512 Caesaris,_et
990 4429 1218 4492 lorla'SSe
1249 4429 1571 4512 Prudentius
1597 4429 1818 4504 respicit
1844 4436 2003 4488 etiam
2027 4437 2091 4489 ad
2114 4452 2210 4491 vo-
2247 4454 2294 4512 ι)
2322 4435 2638 4512 Romanum,
2667 4435 2787 4503 quia
2816 4429 3430 4512 quosdatttflltri~tianos
3454 4429 3655 4508 templa
3685 4443 3894 4495 deorum

625 4518 740 4567 cem
769 4509 1052 4569 basiliscus,
1081 4523 1200 4576 qure
1231 4516 1386 4561 sonat
1409 4508 1664 4577 regulum.

695 4581 784 4634 37.
822 4579 955 4632 Vide
975 4575 1146 4645 cap.’v
1165 4578 1349 4641 Marri,
1367 4590 1421 4632 et
1441 4575 1695 4648 b'ynmum
1711 4575 1751 4648 9
1766 4576 2208 4648 Catltemer'nwu.

696 4652 787 4706 38.
817 4650 987 4704 Aldus
1032 4659 1218 4702 contra
1264 4646 1516 4716 metrum,
1565 4647 1839 4702 clamabat.
1891 4646 2116 4712 Vatt.A,
2151 4648 2209 4715 Β,

625 4723 843 4778 advento
866 4735 883 4772 :
915 4720 1030 4787 lege
1061 4721 1301 4773 adventu.

694 4791 786 4848 4|.
821 4791 1103 4846 Imminere
1130 4799 1380 4845 conatum
1410 4789 1693 4860 quemdam
1725 4797 1778 4842 ct
1807 4789 2100 4844 efficaciam
2132 4791 2211 4843 in-

625 4863 786 4918 dicat.

695 4935 787 4988 42.
823 4934 1003 5003 Prag.,
1024 4932 1468 5003 judices;_supra,
1500 4932 1699 4986 milites.

693 5005 782 5059 45.
817 5001 963 5060 ΛΜ..
1001 5004 1210 5066 Torn.,
1260 5001 1638 5056 Ecclesiatcnus
1686 5017 1802 5070 quw
1845 5001 1908 5054 de
1951 5002 2212 5055 sacrariis.

627 5075 750 5129 Vat.
776 5077 842 5138 A,
871 5075 1126 5133 llailshn.
1153 5074 1258 5128 duo
1284 5075 1364 5127 vel
1401 5083 1510 5126 tres
1539 5072 1677 5138 apud
1708 5072 2004 5138 Heinsium,
2042 5070 2216 5124 Eccle-

626 5145 874 5214 siatenus,
899 5163 959 5198 ac
980 5148 1061 5200 de.
1106 5147 1251 5214 ΒΜ..
1283 5142 1775 5214 Ecclesiatenusque,
1805 5159 1866 5196 ac
1893 5142 2129 5214 dc._Vat.
2153 5141 2212 5214 Β,

627 5211 1056 5280 Ἦρίιι.,’Μτιι·.,
1100 5213 1579 5282 Ecclesiatenusque
1615 5213 1697 5267 de.
1755 5213 1938 5280 Prag.,
1981 5211 2216 5266 Ecclesia

627 5295 770 5338 tenus
798 5303 956 5356 usque
985 5287 1067 5340 de.
1127 5285 1306 5356 Egm.,
1342 5285 1479 5356 ΡΜ..
1518 5282 1800 5356 Ecclesium
1834 5295 2001 5356 tenus,
2038 5283 2208 5356 aede.

631 5356 839 5420 Amhr.,
869 5353 1117 5422 'Thuan.,
1163 5354 1422 5409 Ecclesias
1451 5363 1696 5422 tenusque
1735 5355 1816 5408 de.
1870 5353 2046 5407 Edilio
2080 5354 2210 5406 Mel-

628 5425 828 5481 cltioris
864 5428 1065 5483 Lotteri
1093 5443 1236 5481 anno
1270 5427 1428 5490 i513,
1469 5437 1694 5479 curante
1726 5425 2035 5478 ilermanno
2063 5423 2209 5477 Tuli-

628 5495 760 5560 eho,
812 5497 1036 5552 Ecclesia
1082 5507 1324 5565 tenusgue
1367 5498 1430 5551 de
1470 5497 1760 5562 sacriﬁciis.
1820 5495 2071 5548 Heinsius
2116 5510 2214 5546 suo

632 5567 870 5637 tuerit-nlo
907 5569 1065 5622 μανι-.ὺὶ
1105 5569 1254 5635 jubet
1303 5567 1646 5621 Ecclesiasten
1691 5583 1850 5637 usque
1875 5567 1939 5619 de
1973 5566 2214 5617 sacrariis

577 5697 584 5704 _
633 5636 858 5700 Rapture
889 5639 1120 5702 plebem:
1158 5640 1280 5708 quia
1312 5639 1652 5694 ecclesiaszes
1692 5636 1829 5704 apud
1860 5637 2077 5690 Grzvcus
2107 5646 2209 5695 est.
2239 5651 2241 5654 ‘

629 5717 735 5760 tam
766 5709 853 5776 qui
885 5709 1029 5766 audit
1057 5711 1366 5773 conciones,
1399 5724 1556 5778 quam
1589 5711 1678 5778 qui
1711 5709 2085 5771 concinnatur,
2132 5716 2210 5757 at-

630 5787 734 5847 qne‘
769 5779 838 5832 ita
878 5789 1087 5836 exstare
1134 5781 1184 5836 in
1215 5781 1471 5837 Tbuaueo
1510 5797 1574 5836 ex
1616 5779 1833 5837 schedis
1865 5778 2210 5834 Salmasmuis

2319 4504 2578 4558 adeuntes
2605 4505 2944 4572 increpabat:
2977 4517 3028 4560 et
3056 4508 3148 4562 lib.
3173 4524 3210 4567 tt,
3237 4508 3302 4562 de
3333 4508 3550 4564 Resurr.
3572 4504 3762 4565 narrat
3785 4527 3894 4566 eum

2319 4575 2385 4630 ad
2403 4575 2638 4645 judicem
2661 4575 3048 4644 objurgandum
3071 4592 3405 4648 aggressum.
3430 4580 3566 4636 Vera
3592 4583 3709 4636 haec
3729 4583 3894 4637 vnmia

2320 4661 2439 4701 esse
2470 4654 2777 4712 potuerunt.

2389 4717 2479 4772 48.
2515 4716 2658 4780 Ald.,
2693 4717 2942 4786 profanis,
2977 4718 3155 4773 minus
3183 4727 3348 4773 recte.

2391 4787 2482 4859 69.
2515 4787 2749 4851 'l‘huan.,
2790 4805 2999 4843 arcam:
3051 4789 3168 4856 lege
3206 4806 3375 4843 aram.
3431 4792 3725 4859 Distinguit
3773 4791 3894 4846 Pru-

2321 4855 2537 4931 dentius
2567 4873 2712 4911 aram
2742 4859 2810 4912 ab
2838 4860 3012 4931 altari,
3044 4855 3114 4912 ut
3133 4860 3318 4931 hymn.
3344 4862 3374 4914 7
3397 4862 3579 4926 Catb..
3607 4855 3750 4917 vers.
3779 4865 3893 4923 ‘203,

2325 4928 2515 4981 Altaris
2545 4944 2691 4999 aram
2718 4928 2856 4999 quod
2883 4931 3007 4996 facit
3038 4928 3360 4998 placabilem.
3394 4933 3731 4987 Murm~|lins
3762 4949 3895 4985 sum-

2319 5013 2460 5068 mam
2510 4998 2694 5052 altaris
2733 4998 2943 5068 partem
2983 5017 3131 5053 aram
3173 5011 3346 5055 vocat.
3406 5005 3508 5057 Alii
3557 5005 3728 5058 altare
3772 5003 3896 5057 dtViS

2318 5067 2472 5140 erigi,
2503 5083 2651 5123 aram
2687 5067 2795 5124 Deo
2822 5071 2944 5140 poni
2976 5071 3190 5124 ducent.
3224 5071 3475 5127 Nonnulli
3508 5074 3679 5129 altare
3706 5076 3894 5128 dictum

2319 5139 2470 5214 quasi
2509 5155 2656 5214 aram
2680 5139 2859 5214 altam
2899 5141 3229 5214 c}_istitnartt.
3266 5143 3551 5214 iGiselinns
3591 5146 3896 5214 simpliciter

2323 5209 2497 5264 locum
2528 5210 2890 5265 oblationibus
2917 5211 3185 5276 dicatum,
3234 5213 3348 5268 sive
3391 5215 3442 5268 in
3492 5209 3712 5270 summo
3751 5215 3896 5270 altari

2318 5281 2572 5349 positum,
2607 5281 2719 5332 sive
2749 5281 2898 5347 alibi,
2929 5297 3076 5336 aram
3106 5284 3286 5336 vocari
3318 5297 3522 5340 censet.
3571 5289 3753 5342 Altare
3779 5300 3896 5342 vero

2317 5350 2390 5404 ait
2419 5366 2542 5426 esse
2567 5350 2876 5426 :edilicium
2896 5367 2927 5407 e
2968 5360 3108 5406 terra
3138 5355 3452 5416 exaltatum,
3490 5357 3895 5426 hominibusque

2317 5422 2761 5495 convenientibus
2814 5423 2878 5475 ad
2937 5433 3233 5495 martyrum
3289 5428 3524 5481 tumulos
3580 5422 3892 5495 recipiendis

2317 5491 2658 5568 destinatum.
2696 5492 2844 5547 Nunc
2872 5503 3019 5568 certe
3048 5491 3136 5568 ara
3164 5495 3231 5568 ab
3255 5497 3408 5550 altari
3438 5499 3506 5551 ita
3534 5491 3890 5568 distinguitur,

2319 5571 2376 5614 nt
2400 5579 2490 5616 ara
2523 5564 2590 5637 sit
2627 5578 2750 5637 pars
2782 5566 3044 5637 sacratior
3073 5565 3274 5628 altaris,
3307 5576 3362 5620 et
3392 5568 3442 5622 in
3472 5584 3572 5637 qua
3603 5564 3894 5624 sacrameuo

2320 5640 2430 5686 tum
2462 5633 2801 5689 encltaristite
2827 5636 3102 5701 perficitur
3131 5646 3183 5690 et
3213 5633 3531 5692 Collocatttr.
3576 5641 3701 5695 "me
3729 5650 3893 5694 nostra

2317 5705 2650 5759 consuetudo
2676 5722 2795 5758 cum
2825 5706 3095 5761 Prndcntii
3123 5707 3295 5760 verbis
3321 5709 3581 5764 coltmrct.
3613 5721 3669 5763 ut
3700 5713 3750 5764 in
3781 5712 3886 5773 Hip-

2321 5775 2500 5846 polyto
2531 5779 2723 5830 iterum
2758 5776 3020 5833 dicemus.
3077 5777 3327 5835 fierthald
3356 5796 3416 5846 2s,
3450 5780 3515 5836 de
3547 5783 3654 5836 Ara
3699 5797 3811 5852 cap.
3842 5780 3890 5845 2,
