3968 6288
86 338 163 393 149
1245 331 1809 390 PERISTEPHANON
1853 333 2062 390 llYMN.
2111 333 2174 388 Χ.

1659 451 1802 511 A05

85 458 138 508 δι)
297 446 570 518 Foresqne
599 457 645 500 et
684 447 828 514 ipsas
859 445 910 499 in
943 447 1150 499 ruinam
1183 447 1408 504 solvere.

228 541 509 596 Praecurrit
543 539 699 593 index
731 539 812 592 his
839 549 1059 608 repente
1084 541 1310 609 cognitis

292 635 586 698 Romanus,
613 633 753 686 acris
785 635 946 686 heros
975 633 1336 699 excellentius,

294 725 490 780 Venire
517 724 568 779 in
601 724 766 778 armis
795 724 1097 793 perduelles
1127 725 1354 789 nuntiat,

228 816 437 886 1069
482 815 702 869 Animos
749 825 1033 885 paventum
1079 824 1402 885 prmstrueus
1449 817 1630 871 horta-

1367 907 1529 978 lliluts
1545 949 1557 972 ,

76 1003 129 1054 bs
227 996 378 1053 Stetit
407 1009 462 1051 ιιι
497 997 690 1066 parati,
717 1011 850 1052 neve
880 996 1072 1052 cedant
1104 997 1319 1052 turbini.

161 1088 432 1164 Conspirat
459 1101 564 1141 uno
587 1085 879 1142 fmderatus
905 1087 1094 1156 Spiritu

228 1180 367 1235 Grex
394 1179 752 1246 Christianus,
780 1181 968 1250 agmeri
996 1179 1410 1248 imperterritum

224 1275 474 1340 Matrum,
499 1277 758 1343 virorum,
788 1275 1150 1344 parvulorum,
1185 1274 1445 1342 virginum
1473 1294 1485 1330 :

227 1367 348 1421 Fixa
375 1373 430 1421 et
461 1374 654 1422 statuta
679 1376 758 1421 est
788 1367 1036 1421 omnibus
1066 1367 1328 1420 sententia

78 1463 130 1512 δυ
225 1457 403 1513 Fidem
437 1458 596 1525 tueri,
628 1457 713 1512 vel
736 1458 966 1512 libenter
989 1457 1180 1511 etnori.

161 1549 324 1604 tlelert
356 1549 603 1618 repulsus
633 1548 790 1603 miles
817 1548 882 1602 ad
911 1548 1194 1612 subsellia,

223 1637 400 1692 Plebis
424 1638 640 1693 rebellis
666 1651 785 1692 esse
817 1637 1117 1692 Romanum
1149 1638 1361 1704 ducem,

221 1731 472 1799 Flagrare
494 1739 713 1784 cunctos
740 1729 1003 1798 pervicaci
1033 1728 1278 1796 audacia,

223 1821 445 1892 Jugulos
469 1829 702 1877 retectos
729 1821 994 1878 obstinate
1025 1836 1321 1892 opponere,

1911 450 2283 522 Quo-gloriosa
2313 459 2486 507 morte
2518 451 2684 507 fortes
2705 459 2980 523 oppetant.

1853 545 2092 614 Praeceps
2117 545 2336 614 jubetur
2357 546 2482 600 inde
2508 545 2783 600 Romanus
2804 546 2940 616 rapi,

1919 635 2203 702 Solusque,
2231 643 2292 690 ut
2320 635 2594 703 incitator,
2623 645 2679 692 et
2709 635 2792 692 la:
2824 637 3082 692 omnium.

1917 725 2020 781 Pro
2049 728 2349 782 contumaci
2382 727 2535 796 plebe
2565 743 2781 785 causam
2811 730 3013 785 dicere.

1916 817 1960 870 lt
1984 832 2088 872 non
2121 818 2396 883 resistens,
2429 831 2595 888 seque
2623 819 2809 874 vinciri
2838 819 2990 890 petit,

1738 908 1805 962 70
1915 907 2106 962 Flexas
2134 918 2188 963 et
2217 909 2356 965 ultro
2384 918 2597 981 torquet
2626 910 2679 965 in
2705 920 2910 981 tergum
2943 925 3152 964 manus.

1849 999 2058 1070 1070
2087 1001 2251 1054 Amor
2274 1013 2656 1071 coronae-pene
2689 1001 2948 1069 praevenit
2979 1010 3180 1056 trucem

1915 1089 2156 1144 Lictoris
2173 1099 2365 1155 artem,
2396 1100 2590 1160 sponte
2619 1092 2789 1146 nudas
2813 1090 3045 1147 olTerens

1915 1181 2126 1246 Costas,
2159 1180 2378 1236 bisulcis
2406 1181 2735 1236 exsecandas
2760 1182 2993 1252 ungulis.

1917 1273 2167 1343 lrrumpit
2194 1273 2366 1327 altum
2396 1273 2588 1338 limen,
2618 1281 2671 1328 et
2701 1273 3037 1342 prmeouibus

1739 1364 1806 1419 75
1868 1425 1874 1432 _
1917 1363 2150 1430 Stupore
2178 1365 2358 1429 mutis,
2390 1364 2505 1432 ipse
2535 1373 2791 1419 tortorem
2821 1363 3004 1419 trahit.

1846 1460 2055 1516 Astanti
2081 1457 2149 1514 ob
2176 1473 2269 1514 ora
2296 1460 2374 1514 sic
2405 1467 2664 1530 tyrannus
2695 1457 2878 1528 incipit
2905 1477 2918 1512 :

1914 1549 2115 1606 Infime
2143 1558 2466 1616 monstrum,
2501 1548 2642 1614 vilis,
2673 1549 3009 1612 intestabilis,

1914 1642 1991 1696 Tu
2021 1642 2302 1696 ventilator
2332 1641 2506 1703 tubis,
2531 1650 2586 1696 et
2611 1640 2752 1710 vulgi
2778 1641 2914 1696 levis

1913 1732 2177 1794 Procella,
2207 1743 2413 1787 mentes
2438 1731 2701 1801 inquietas
2723 1730 2971 1797 mobiles,
3039 1765 3041 1767 ι

1737 1824 1806 1879 80
1918 1824 1992 1878 Ne
2014 1839 2072 1878 se
2098 1825 2341 1894 imperita
2371 1823 2524 1880 turba
2551 1822 2712 1880 dedat
2739 1823 2968 1894 legibus.

1348 1935 1631 1992 CLOSSA'I
1674 1938 2008 1992 VETLRES.

128 2051 206 2104 50.
239 2050 479 2112 Solvere.
503 2059 714 2113 vertere,
740 2050 780 2104 l.

128 2121 206 2176 52.
239 2122 416 2186 Acris,
445 2121 611 2190 fortis,
637 2122 880 2190 prudens.
906 2149 974 2159 —
1008 2118 1366 2182 Excellentiae,
1392 2129 1628 2187 constan-

73 2198 154 2254 tior,
178 2191 213 2243 Ι.

127 2263 205 2314 53.
239 2260 564 2325 Perduelles,
596 2275 891 2330 pugnaces:
931 2259 1148 2323 duelles,
1190 2260 1242 2312 id
1284 2270 1355 2312 est
1401 2259 1624 2312 "bella.

73 2333 253 2385 Duellio
281 2339 328 2384 et
359 2331 540 2384 duellis
571 2329 643 2383 est
671 2329 825 2382 homo
865 2329 1102 2392 rebellis;
1151 2331 1375 2383 duellum
1403 2341 1449 2383 el
1479 2332 1628 2383 ducl-

72 2405 174 2454 lium
200 2417 277 2453 res
301 2401 435 2467 ipsa,
463 2401 516 2452 id
542 2409 634 2466 est,
669 2400 806 2456 rixa.
847 2398 1161 2469 Puguautes,
1190 2399 1226 2453 l.

127 2473 208 2528 5-4.
240 2470 592 2535 Ρτςιιειτιιειιε,
624 2485 962 2538 prcvmouens,
997 2470 1033 2523 Ι.

127 2543 208 2596 55.
240 2540 484 2605 Turbini,
519 2541 804 2604 leu:ationi,
833 2540 872 2594 Ι.
907 2539 1271 2600 Persecutioui,
1297 2538 1428 2594 Mar.

126 2613 206 2666 60.
241 2610 494 2664 Libenter
519 2611 708 2672 emori,
741 2621 920 2680 sponte
945 2611 1094 2671 mori,
1128 2609 1166 2662 l.

125 2685 208 2736 61.
242 2681 445 2746 ltelert,
471 2682 824 2744 renuntiat.—
847 2681 923 2736 Ad
949 2680 1221 2744 subsellia,
1247 2681 1315 2732 ad
1336 2681 1635 2742 tribunalia,

72 2757 122 2806 srl
141 2761 385 2814 senatum,
409 2751 475 2802 ad
503 2750 616 2802 loca
629 2751 842 2821 judicit’,
870 2751 908 2804 l.

127 2825 208 2874 65.
244 2822 536 2888 Pervicaci,
560 2820 822 2889 pertinaci.
848 2851 914 2860 --
945 2820 1200 2883 Audacia,
1230 2821 1442 2885 duritia,
1474 2823 1513 2875 Ι.

126 2895 206 2947 tit.
237 2891 460 2961 Jugulos
483 2930 497 2954 ,
556 2890 710 2944 colla.
745 2920 817 2931 —
855 2891 1165 2957 Obstinaze,
1230 2902 1634 2959 perseveranter,

1667 2058 1708 2116 Β
1735 2050 1882 2113 dure,
1917 2049 1958 2104 1.

1805 2121 1893 2192 65.
1927 2123 2064 2192 Quo,
2093 2129 2169 2176 ut.
2193 2151 2259 2161 —
2281 2123 2567 2192 Oppetant,
2587 2124 2891 2186 niuriuutur,
2915 2126 2952 2178 Ι.

1805 2191 1896 2245 66.
1933 2191 2208 2261 Praeceps,
2237 2191 2404 2257 velox,
2433 2195 2471 2246 1.

1809 2264 1896 2317 b7.
1931 2261 2062 2324 Fax,
2086 2262 2318 2326 incensor
2339 2265 2408 2316 ad
2431 2265 2548 2323 hoc.
2577 2265 2616 2318 l.

1809 2333 1892 2406 66.
1929 2331 2263 2406 contumaci,
2298 2335 2564 2406 pertinaci.
2596 2336 2673 2390 rel
2699 2337 2968 2406 pervicaci,
2999 2337 3040 2392 Ι.

1819 2402 1907 2457 ($9.
1936 2402 2142 2474 _\’inriri
2169 2402 2317 2473 petit,
2351 2405 2502 2474 ligari
2527 2402 2800 2467 desiderat,
2831 2406 2868 2460 Ι.

1810 2474 1894 2526 71.
1934 2472 2096 2538 Pene,
2130 2472 2207 2544 vel
2229 2472 2464 2542 pone,'id
2485 2487 2557 2529 est
2574 2479 2722 2544 iusta
2744 2518 2758 2540 ,
2791 2478 2829 2530 Ι.

1813 2545 1902 2596 76.
1937 2543 2173 2618 Astan_t_i,
2209 2547 2445 2616 martyri.
2469 2577 2533 2584 —
2558 2543 2640 2601 0b
2669 2563 2792 2612 ora,
2832 2558 3008 2602 contra
3046 2549 3256 2618 facient,
3288 2551 3329 2608 Ι.

1740 2614 1930 2666 (.‘outra
1950 2631 2062 2680 ora,
2091 2615 2218 2668 Mar.

1815 2686 1904 2758 77.
1937 2683 2281 2758 lutestabilis,
2311 2686 2552 2758 indiguus
2576 2689 2882 2755 testinionio,
2910 2689 3019 2744 sine
3045 2700 3167 2744 teste
3187 2690 3353 2748 bonis

1744 2757 1882 2818 talis,
1909 2755 1984 2808 vel
2001 2755 2307 2809 detestabilis
2321 2797 2334 2819 ,
2367 2756 2406 2810 l.
2424 2755 2437 2758 ’
2767 2815 2772 2818 _
3141 2777 3143 2780 ‘

1817 2826 1903 2880 79.
1941 2825 2228 2892 lnquietas,
2257 2842 2554 2890 commoves,
2591 2829 2627 2881 Ι.

1817 2893 1906 2952 81).
1943 2895 2126 2963 Dcdal,
2155 2908 2332 2966 sponte
2363 2901 2552 2966 tr..tl.il,
2583 2900 2616 2952 Ι.

1397 3004 1964 3065 COMMENTARIUS.

72 3116 232 3159 monet
272 3105 617 3161 Prudentium
652 3119 716 3159 ea
747 3104 1008 3171 imprimis
1035 3102 1285 3159 calluisse
1309 3117 1428 3173 quae
1454 3103 1636 3158 ethni-

72 3191 235 3228 eorum
265 3187 440 3240 erant,
470 3185 523 3230 et
551 3175 650 3229 hoc
681 3177 798 3230 loco
825 3177 1100 3230 declarare
1129 3174 1299 3228 altare
1328 3188 1436 3228 arae
1468 3174 1640 3243 impo-

70 3247 212 3299 situm
240 3247 425 3311 fuisse,
450 3261 703 3315 aramque
729 3246 894 3314 ipsius
918 3245 1100 3299 altaris
1127 3245 1334 3313 penitus
1355 3244 1635 3313 disiectam

71 3332 120 3366 ac
147 3319 401 3380 dirutam,
449 3317 590 3371 velut
636 3329 884 3370 eversum
933 3317 1146 3384 aliquod
1201 3315 1634 3371 fundamentum.

71 3385 116 3437 In
157 3388 252 3440 lac
293 3385 682 3455 signiﬁcatione
725 3386 906 3440 altaris
949 3399 1039 3438 ara
1084 3385 1187 3439 erit
1227 3384 1632 3441 fundamentum

71 3455 258 3536 altaris.
310 3456 416 3536 Sed
445 3471 566 3512 cum
602 3456 922 3536 Dei-thaldns
951 3460 1066 3536 ipse
1089 3470 1156 3509 ex
1184 3456 1383 3536 hymno
1411 3456 1630 3536 S._.llip-

73 3526 221 3594 polyti
251 3526 467 3595 colligat
495 3542 639 3581 aram
671 3526 738 3580 ab
766 3527 918 3580 altari
945 3511 1368 3593 distinguifquia
1397 3511 1636 3593 reliquiae
1660 3511 1707 3574 C

72 3611 353 3667 martyrum
384 3597 536 3650 altari
567 3596 1026 3667 supponebantur,
1055 3605 1108 3649 et
1133 3606 1352 3664 propter
1372 3610 1520 3650 aram
1545 3611 1637 3661 ap-

74 3666 235 3728 poneb
273 3676 419 3729 ntur,
464 3682 567 3721 non
607 3667 736 3720 satis
776 3666 1089 3737 intelligitur
1117 3680 1223 3735 quo
1262 3676 1416 3735 pacto
1449 3682 1538 3720 ara
1573 3667 1641 3721 sit

72 3738 464 3790 fundamentum
499 3738 706 3803 altaris.

135 3808 222 3859 5t).
256 3807 379 3870 Vat.
409 3807 467 3871 li,
500 3807 677 3876 Prag.,
708 3817 895 3861 vertere
924 3821 1017 3876 pro
1044 3807 1257 3860 solvere.

132 3877 216 3929 5|.
257 3877 512 3941 llailshr.,
543 3879 890 3948 praecucurrit,
930 3892 1228 3948 perperam.
1275 3877 1329 3931 In
1376 3877 1644 3931 nonnullis

72 3949 199 4010 vulg.
229 3948 484 4018 mendum
513 3947 596 4002 est
611 3949 778 4018 jude;
805 3964 899 4015 pro
926 3947 1100 4001 iudex.

131 4018 216 4072 52.
253 4019 402 4079 Ald.,
436 4017 688 4080 Hailsb’r.,
724 4017 982 4070 Romanus
1018 4034 1179 4071 sacrae
1212 4017 1358 4071 heros
1391 4017 1635 4072 excellen-

72 4092 175 4152 tia;
220 4089 275 4141 in
317 4103 486 4156 marg.
518 4088 637 4142 Vat.
673 4093 708 4140 Α
753 4103 850 4156 pro
878 4088 993 4141 div.
1026 4087 1174 4152 lect.,
1212 4087 1457 4143 Romana:
1484 4103 1646 4143 sacra:

72 4159 204 4212 heros
249 4159 581 4213 exeetlentice.
634 4159 939 4224 Fabricius,
988 4158 1250 4212 Romanus
1292 4159 1439 4213 heros
1480 4158 1646 4213 excel-

73 4230 224 4282 lentia!
253 4244 458 4281 sacra:
502 4243 620 4299 quae
649 4229 827 4282 omnia
867 4239 991 4283 sunt
1031 4239 1215 4299 contra
1259 4240 1520 4295 metrum,
1568 4229 1643 4282 uti

71 4309 211 4352 etiam
250 4298 528 4352 Romanus
543 4302 702 4354 sacris
726 4299 874 4352 heros
902 4298 1212 4352 excellentia:
1249 4302 1299 4350 in
1327 4300 1644 4368 quibusdam

73 4370 234 4424 minus
277 4371 525 4423 vetustis.
587 4369 852 4424 Cauchius
898 4369 1219 4438 conjiciebat
1268 4369 1435 4423 lleros
1485 4386 1644 4424 sacra:

72 4440 325 4492 Romanus
354 4442 684 4505 e.rccllentia',
712 4449 872 4509 atque
903 4441 972 4493 ita
1006 4441 1166 4494 habet
1202 4443 1317 4493 Vat.
1355 4441 1425 4503 P;
1472 4455 1645 4506 neque

72 4513 163 4561 mul
190 4526 280 4563 um
308 4511 517 4563 abludit
545 4511 792 4574 Urbinas,
821 4511 998 4566 Sacra:
1029 4510 1286 4564 Romanus
1310 4510 1455 4564 heros
1481 4512 1649 4564 excel-

71 4582 248 4634 lentiae.
307 4580 413 4634 Sctl
444 4583 620 4634 verior
659 4592 711 4637 et
750 4583 1086 4634 communior
1112 4581 1374 4648 Scriptura
1417 4591 1501 4634 est
1538 4581 1642 4634 llo-

70 4667 258 4716 mnnus,
292 4657 427 4704 acris
459 4649 609 4704 Iteros
649 4650 979 4715 excellentiae,
1019 4667 1138 4718 qu.»
1175 4652 1334 4706 etiam
1378 4660 1549 4705 exstat
1594 4652 1646 4705 in

75 4723 225 4776 veteri
261 4723 503 4775 editione
534 4721 754 4784 Lotteri,
786 4725 838 4774 in
866 4721 1074 4775 Thuan.
1109 4736 1236 4778 vero
1263 4736 1397 4776 acrw
1426 4737 1452 4774 a
1483 4738 1644 4775 manu

71 4793 248 4858 prima.
289 4791 361 4844 Ex
397 4801 664 4861 postrema
697 4793 869 4846 littera
898 4791 1180 4856 Romanus,
1209 4803 1260 4846 ct
1286 4794 1420 4845 acris
1452 4793 1646 4846 factum

71 4864 212 4932 sacris
254 4863 309 4915 in
350 4863 639 4917 nonnullis.
690 4863 745 4916 In
785 4862 932 4914 heros
975 4872 1246 4930 postrema
1285 4863 1575 4932 corripitur
1615 4878 1645 4916 a

72 4931 376 4997 Prudentio,
403 4933 530 4986 utin
553 4935 786 4986 dmmon:
809 4932 949 5002 quod
973 4934 1023 4986 in
1047 4934 1301 5003 catalogis
1323 4931 1648 5004 syllabarum

69 5018 176 5073 auge
206 5005 352 5056 male
395 5005 464 5056 ab
503 5018 571 5057 eo
598 5007 679 5056 vel
717 5009 1110 5072 producuntur,
1137 5005 1220 5058 vel
1257 5004 1650 5073 corripiuntur,

69 5087 92 5122 ει
109 5071 499 5135 Chamillardo,
524 5071 755 5128 Cellario
804 5083 858 5126 et
881 5074 1065 5127 'l‘eolio
1089 5071 1516 5129 animadversum
1545 5089 1650 5128 non

69 5152 159 5214 est.
195 5144 254 5197 In
291 5144 394 5197 hoc
422 5143 614 5197 eodem
648 5145 846 5212 hymno
875 5158 1016 5198 vers.
1047 5145 1172 5208 457,
1205 5143 1334 5198 Cum
1363 5146 1425 5198 sit
1454 5145 1650 5214 quietus

69 5212 204 5266 heros
236 5217 292 5266 in
318 5230 468 5282 quem
493 5217 726 5268 sa’viunt.

133 5285 223 5339 51.
261 5283 422 5354 Prag.
450 5287 724 5347 mendo~e,
752 5294 1058 5354 pra-struens
1087 5284 1334 5340 hostibus.
1642 5317 1650 5324 ι

129 5355 218 5408 60.
255 5353 382 5408 Vat.
409 5358 449 5408 A
480 5363 753 5424 corrupte,
784 5365 838 5410 ut
871 5371 965 5426 pxo
991 5357 1090 5410 vel.
1126 5356 1440 5411 Parrhasius
1460 5397 1475 5420 ,
1501 5356 1654 5426 ﬁdem

69 5434 246 5479 tenere.

132 5494 520 5569 ﬁl._Subsellia
550 5505 674 5569 sunt
703 5495 941 5565 iudicum
967 5496 1282 5569 tribunalia,
1317 5509 1371 5554 et
1403 5514 1498 5566 pro
1531 5500 1658 5569 ipsis

66 5564 396 5639 iudicibusa
424 5567 648 5620 Martiali
675 5564 941 5639 ponuntur
972 5568 1064 5620 lih.
1090 5585 1135 5633 ι,
1166 5570 1333 5639 epigr.
1364 5564 1454 5624 ‘27.
1483 5564 1654 5624 Scini-

69 5637 221 5699 liane,
245 5637 374 5690 bibis
400 5646 648 5704 quantum
669 5637 908 5691 subsellia
934 5640 1174 5707 quinque.

133 5707 223 5760 65.
264 5707 383 5762 Vat.
421 5708 480 5772 Β,
506 5709 684 5776 Prag.,
719 5709 964 5776 pertinaci
995 5709 1233 5764 audacia.

132 5778 222 5833 158.
258 5777 311 5832 Id
335 5778 523 5834 Cicero
552 5781 618 5832 ita
647 5779 796 5845 dicit,
826 5778 1072 5850 Jugulum
1097 5789 1374 5834 ostentare.

1814 3104 1905 3158 65.
1934 3105 2248 3180 Ammianus
2273 3106 2363 3160 lib.
2393 3122 2526 3173 nn,
2555 3107 3138 3166 Perlulere‘cruciabiles
3161 3123 3345 3180 pwnrs'

1741 3177 1971 3244 adusque
2003 3175 2280 3246 gloriosam
2323 3189 2532 3252 mortem
2571 3180 2883 3252 intemerata
2915 3182 3016 3247 ﬁde
3055 3175 3347 3252 progressi,

1742 3255 1788 3317 et
1845 3261 1980 3317 nunc
2031 3257 2279 3317 martyres
2329 3248 2674 3317 appellantur.
2737 3250 2809 3304 Ita
2872 3248 3334 3309 bomo'rtltnicns

1742 3316 1809 3370 de
1851 3314 2202 3390 Christianis,
2255 3326 2314 3370 ut
2359 3314 2526 3372 iusius
2569 3322 2792 3390 exposui
2837 3321 2891 3376 in
2942 3321 3221 3380 Vincentio
3265 3325 3332 3380 ad

1698 3406 1702 3410 ·
1742 3400 1883 3448 vers.
1908 3387 2035 3444 407.
2475 3419 2478 3422 ~

1772 3475 1775 3477 ·
1811 3455 1902 3510 67.
1936 3456 2197 3524 Hailsbr.,
2233 3455 2374 3512 solas
2412 3466 2484 3512 ut.
2521 3458 2642 3514 Ald.
2663 3501 2678 3527 ,
2710 3461 2948 3532 solusque
2979 3471 3026 3517 et
3047 3478 3066 3516 :
3095 3463 3212 3535 lege
3245 3481 3332 3520 so-

1740 3526 1938 3592 lusque,
1973 3537 2045 3580 ut.

1819 3597 1907 3650 71.
1936 3596 2260 3668 Parrhasius
2288 3599 2457 3665 male,
2491 3616 2682 3668 plenas.
2717 3601 2772 3656 ln
2805 3602 2937 3658 Mar.
2975 3604 3184 3660 videtur
3216 3620 3338 3662 esse

1745 3683 1897 3734 pone.
1930 3667 2120 3721 Retine
2146 3685 2291 3736 pene.

1816 3737 1904 3814 75.
1939 3738 2052 3814 (iis.
2086 3739 2138 3791 in
2171 3749 2338 3814 testu,
2370 3740 2570 3814 Lotteri
2595 3741 2708 3803 etl.,
2738 3744 3030 3798 exarandas
3061 3750 3157 3814 pro
3187 3761 3332 3800 exse-

1746 3808 1958 3860 candas.
1986 3807 2317 3864 Murmellius
2342 3812 2502 3864 etiam
2526 3815 2813 3866 exarandas
2836 3829 2855 3867 :
2883 3814 2976 3869 sed
3001 3807 3180 3869 rnouct
3201 3817 3338 3870 alius

1748 3877 1945 3950 habere
1973 3881 2304 3950 exsecandas.
2339 3881 2412 3950 De
2441 3883 2650 3950 ungulis
2685 3882 2902 3939 bisulcis
2933 3885 3054 3941 vide
3085 3885 3269 3950 hymn.
3306 3888 3329 3941 1

1751 3901 1945 3932 ιιειυιπυ
1973 3901 2304 3934 exsecandas.
2340 3901 2412 3934 ue
2441 3901 2650 3950 ungutls
2685 3901 2902 3939 DISIIICIB
2933 3901 3054 3941 Vide
3085 3901 3116 3940 lt
3159 3901 3269 3940 tnn.
3306 3901 3329 3941 ι

1751 3947 2046 4027 Peristeph.
2077 3949 2145 4027 _a_d
2173 3964 2316 4027 vers.
2351 3949 2443 4027 1t}.
2479 3952 2738 4027 liaronius
2763 3953 2976 4027 in‘not.
3013 3955 3079 4010 ad
3117 3901 3336 4027 llartyr.

1752 4017 1906 4090 l_tom.
1947 4020 2011 4072 ad
2058 4020 2200 4090 diem
2249 4020 2312 4074 tti
2355 4019 2555 4087 Martii,
2603 4036 2723 4090 pag.
2756 4022 2890 4089 122,
2922 4027 3104 4080 multis
3131 4017 3340 4082 collatis

1751 4085 2026 4160 Prudentii
2060 4089 2209 4160 locis,
2246 4091 2470 4160 ungulas
2501 4085 2702 4146 ferreas
2730 4085 3007 4150 describit.
3081 4123 3098 4128 -

1822 4157 1918 4236 7.4,
1942 4158 2220 4236 Fabricius
2248 4157 2588 4236 ait'denotari
2611 4165 2807 4236 templi
2831 4167 3280 4236 magniﬁcentiam
3299 4182 3341 4222 'a‘

1751 4228 1950 4284 liminis
1981 4230 2328 4309 sublimitate.
2359 4231 2553 4309 Nescio
2577 4245 2646 4287 an
2684 4228 3113 4309 Christianorum
3145 4255 3212 4292 an
3244 4255 3340 4309 pa-

1750 4313 2010 4379 gallorum
2061 4301 2320 4379 intel'igat
2369 4303 2647 4379 templum.
2703 4304 2889 4360 Melius
2937 4301 3340 4379 Nebrissensis,

1749 4371 2594 4453 prlft‘ori‘umjudicisﬂespotrit_._
2650 4442 2690 4453 _
2787 4446 2799 4453 Δ
3323 4371 3338 4412 ἶ

1823 4441 1910 4495 75.
1947 4441 2149 4520 Statius
2177 4441 2250 4520 1%
2261 4441 2466 4520 q'l‘ltebﬂ
2491 4443 2615 4520 {63,
2643 4442 2710 4498 Et
2729 4446 2799 4500 ad
2818 4461 2906 4520 reg
2938 4451 3101 4520 m-qui
3125 4451 3339 4510 depren-

1751 4512 2198 4585 dere_tra_lmntur.
2236 4513 2331 4568 Ubi
2377 4514 2466 4568 alii
2514 4515 2703 4585 legunt,
2737 4512 3034 4576 lrah’bant.
3069 4519 3343 4574 litvenalis

1751 4591 1854 4656 sat.
1881 4583 1936 4646 3,
1968 4581 2112 4656 Tum:
2151 4592 2200 4656 te
2238 4600 2386 4638 sacra
2423 4581 2734 4641 ad-délubra
2772 4600 3028 4643 vocantem
3057 4588 3342 4656 Pratcedit,

1753 4651 1955 4724 trag/tere
1974 4653 2088 4724 imo
2126 4653 2280 4724 ultro,
2319 4672 2380 4708 ac
2412 4672 2594 4710 vexare
2623 4668 2854 4724 paratus.
3328 4651 3338 4696 ί

1823 4723 1912 4776 77.
1961 4717 2285 4778 Inteslabiles
2333 4717 2652 4782 dicebantur
2699 4729 2787 4793 qui
2839 4730 2922 4784 vel
2983 4731 3343 4786 testimonium

1755 4793 2039 4862 perhibere
2063 4809 2168 4850 non
2201 4803 2467 4861 poterant,
2493 4799 2574 4854 vel
2605 4808 2982 4855 testamentum
3010 4804 3263 4858 condere.
3290 4800 3344 4855 lu

1757 4866 1898 4917 notis
1927 4878 2056 4918 mss.
2091 4864 2344 4920 editionis
2373 4867 2572 4924 Lotteri
2607 4869 2741 4923 lalso
2767 4871 2964 4926 dicitur
2992 4875 3093 4927 hoc
3119 4871 3345 4926 vocabu-

1757 4934 1864 5008 lum
1897 4949 2020 5008 raro
2043 4938 2182 5008 apud
2207 4947 2456 5008 auctores
2492 4940 2737 5008 reperiri.
2768 4939 3078 4998 [ululabilis
3108 4957 3204 5008 p-o
3228 4957 3346 4996 sce-

1756 5004 1927 5128 lelrato
1966 5005 2161 5077 legitur
2201 5007 2339 5076 apud
2381 5004 2686 5076 Horatium,
2721 5010 2902 5066 Saltus
2929 5014 3070 5080 ium,
3101 5004 3343 5068 Tacitum

1756 5090 1785 5128 a
1815 5089 2020 5128 tosaue.
2343 5119 2346 5122 .

1756 5089 2020 5143 altosque.
2343 5119 2346 5122 .

1829 5142 1924 5198 78.
1954 5145 2106 5216 Egm.
2134 5147 2349 5215 vitiose,
2395 5151 2714 5217 luentilalor,
2756 5160 2809 5206 et
2833 5151 2997 5208 editio
3022 5153 3260 5218 L-itteri,
3296 5163 3350 5209 tu

1758 5218 2046 5292 aemulator
2085 5233 2183 5292 pro
2220 5228 2280 5292 tu
2312 5222 2601 5292 ventilator.
2643 5221 2698 5277 ld
2738 5225 2966 5292 gentiles
2996 5226 3160 5292 vulgo
3193 5223 3351 5292 Chri-

1759 5287 1946 5340 SIirnls
1995 5289 2416 5356 exprobrabant.
2482 5291 2686 5360 Dictum
2742 5287 2855 5362 iam
2911 5293 2980 5350 ad
3044 5287 3348 5366 passionem

1761 5355 2060 5409 Fructuosi.
3147 5395 3155 5404 .

1806 5368 2060 5412 ructuost.
3147 5395 3155 5404 '

1837 5427 1922 5503 79.
1959 5428 2013 5482 ln
2044 5429 2319 5503 nonnullis
2341 5430 2481 5501 vulg.
2515 5433 2655 5488 male
2674 5433 3239 5503 distinguiturinentes
3267 5436 3342 5490 irr-

1761 5498 1983 5579 quietas,
2003 5499 2212 5579 mobiles
2235 5498 2680 5579 :patttﬁuquictus
2703 5513 2788 5560 est
2807 5498 3032 5562 vérbum
3059 5523 3168 5579 quo
3183 5507 3346 5562 Colit-

1763 5566 1922 5621 mella
1947 5569 2205 5636 multique
2225 5570 2316 5624 alii
2346 5570 2427 5626 usi
2447 5566 2588 5628 sunt.
3076 5566 3090 5579 '
3181 5587 3186 5592 '
3275 5607 3278 5610 .

1955 5636 2222 5720 Imperitia
2251 5642 2468 5720 passio;
2469 5643 2678 5720 objecta
2701 5645 3350 5720 Christianiatttconswt

1766 5709 2107 5834 rx'tliriuc'io,
2139 5711 2398 5778 Arnobio,
2425 5709 2776 5786 Tertulliltuo,
2815 5709 3069 5786 Luctano,
3099 5717 3342 5774 Theodo-

1766 5796 1822 5832 re
1851 5797 1902 5834 ιι.
1966 5793 2026 5834 ns
2053 5795 2158 5834 tuo.
3145 5791 3150 5800 ‘
3239 5819 3248 5826 -

1766 5790 1902 5847 retu,
1933 5789 2158 5836 Justino.
3145 5791 3150 5800 “
3239 5819 3248 5826 ·
