3968 6288
581 303 685 361 650

684 417 897 473 Miseret
922 425 1130 472 tuorum
1168 435 1253 474 me
1283 435 1572 481 sacrorum,
1602 432 1655 475 et
1682 420 1997 492 principum,

755 507 1084 578 Merumque,
1117 509 1306 574 Itonia,
1334 511 1515 565 sasculi
1544 526 1808 564 summum
1837 522 2015 580 caput.

761 601 971 670 1080
993 602 1105 669 Age
1127 600 1472 668 explicemus,
1499 603 1543 655 si
1575 601 1770 668 placet,
1803 602 2076 672 mysteria,

757 689 1030 756 l’rtelecte,
1063 699 1237 744 vestra
1262 690 1403 758 :jain
1430 705 1647 745 necesse
1673 701 1776 753 est,
1807 691 2012 754 audias,

582 780 684 836 170
755 779 899 833 Nolis
927 779 1149 848 velisne,
1176 779 1302 850 quid
1326 780 1513 835 colatis
1539 781 1794 834 sordium.

683 870 793 927 Nec
819 881 981 927 terret
1023 871 1122 926 ista
1159 888 1262 941 qua
1293 882 1464 926 tumes
1493 873 1727 935 vesania,

753 960 834 1027 Qu
859 961 906 1014 id
938 962 1234 1026 vultuosus,
1262 961 1402 1032 quod
1429 962 1673 1030 supinus,
1704 958 1845 1029 quod
1877 973 2076 1029 rigens,
2105 1013 2107 1015 .

751 1052 1039 1125 Tormenta
1082 1051 1214 1107 letbi
1243 1053 1587 1108 comminaris
1614 1051 1788 1120 asperi
1815 1069 1826 1102 :

750 1145 807 1200 Si
834 1161 920 1200 me
947 1159 1165 1200 movere
1194 1144 1356 1200 rebus
1378 1143 1499 1198 ullis
1528 1143 1737 1207 niteris,

581 1236 680 1292 175
754 1235 976 1291 Ratione
1001 1251 1231 1301 mecum,
1260 1250 1366 1290 non
1392 1233 1592 1294 furore.
1616 1233 1831 1287 dimica.

681 1324 869 1392 Jubes,
899 1325 1100 1381 relictis
1129 1325 1313 1382 Patris.
1345 1335 1401 1378 et
1426 1323 1626 1379 Christi
1656 1324 1844 1389 sacris,

1663 311 1930 366 AUliELll
1971 309 2330 367 PllUDENTll
2370 311 2683 369 CAIHIINA.
3734 310 3818 366 600

2175 446 2227 506 Α

2432 420 2500 476 Ut
2531 432 2702 475 tecum
2735 421 2951 474 adorem
2984 420 3210 475 teminas
3239 421 3410 489 mille,
3436 436 3499 476 ac
3527 436 3724 490 mares,

2477 517 2682 587 1081
2710 517 2871 584 Deos,
2902 516 3157 582 deasque,
3181 517 3356 585 deque
3381 517 3516 571 Sexu
3543 515 3738 585 duplici
3815 511 3820 514 ’

2467 607 2646 674 Natos,
2677 616 2917 675 nepotes,
2940 608 3232 672 abnepotes
3254 607 3454 670 editos.

2255 695 2359 751 180
2467 697 2534 751 Et
2556 707 2632 752 tot
2654 706 2958 763 stuprorum
2982 697 3250 752 sordidam
3283 698 3608 767 prosapiam.

2393 784 2606 839 Nnbunt
2634 786 2843 852 puellm,
2868 801 3010 853 sa'pe
3040 785 3291 840 luduntur
3318 787 3476 850 dolis,

2471 875 2816 930 Amasionum
2840 876 3266 944 comprimuntur
3293 877 3588 929 fraudibus.

2465 965 2667 1020 Incesta
2693 966 2902 1019 fervent
2927 983 2941 1019 :
2977 966 3114 1035 furta
3142 969 3474 1022 mmeborum
3500 967 3682 1020 calent
3706 983 3716 1014 ε

2469 1057 2630 1110 Fallit
2657 1057 2880 1112 maritus
2907 1075 2918 1108 :
2951 1058 3062 1112 odit
3091 1074 3231 1112 uxor
3263 1059 3504 1128 pellicem
3532 1075 3546 1112 :

2254 1146 2358 1201 185
2466 1146 2605 1201 Deos
2633 1157 2836 1201 catenae
2863 1148 3117 1216 colligant
3139 1147 3428 1202 adulteros.

2386 1236 2649 1300 Ostende,
2680 1251 2882 1306 quaeso,
2918 1250 3052 1306 quas
3081 1236 3144 1289 ad
3177 1251 3298 1290 aras
3328 1236 3601 1304 prmcipis,

2472 1324 2706 1380 Vervece
2725 1339 2868 1379 cast
2893 1325 3061 1380 fumet
3090 1333 3150 1378 ut
3174 1339 3366 1395 cespes
3392 1325 3581 1380 meus?

1873 1435 2164 1494 ϐιοδδιε
2209 1437 2541 1494 VETERES.

653 1533 771 1588 166.
817 1534 1136 1600 Sacrorum,
1169 1533 1440 1596 idolorum,
1473 1531 1511 1586 Ι.
1821 1575 1840 1590 .

651 1603 770 1658 172.
810 1599 1406 1668 Vultuosus,terribilis,
1437 1602 1514 1654 vel
1541 1600 1718 1665 tristis,
1751 1600 1770 1653 l

651 1673 770 1726 177.
801 1672 996 1740 Mares,
1025 1670 1304 1733 masculos,
1331 1671 1373 1723 Ι.

649 1743 770 1797 178.
804 1744 946 1798 Sexti
974 1736 1169 1810 duplici
1187 1781 1203 1802 ,
1231 1741 1295 1793 de
1320 1755 1460 1810 mare
1488 1748 1534 1792 et
1564 1740 1754 1810 [culina
1775 1736 1862 1810 ,_l.

646 1812 768 1866 179.
802 1807 1129 1880 Abnepotes,
1151 1819 1296 1864 natos
1319 1809 1382 1863 de
1409 1807 1694 1879 nepotibus.
1711 1838 1775 1846 -—-
1804 1807 2007 1870 Editos,
2034 1825 2151 1875 pro-

497 1880 503 1885 ’
579 1890 742 1935 natos.
767 1881 804 1934 Ι.

653 1952 742 2003 181
758 1989 770 2002 .
806 1949 1102 2014 Luiluntur,
1131 1948 1471 2014 decipiuntur,
1496 1948 1538 2003 l.

647 2020 772 2074 182.
807 2021 1184 2086 Atltasiouuut,
1218 2028 1508 2070 amatorum
1538 2033 1557 2071 :
1585 2017 1766 2070 amasii
1796 2026 1842 2070 et
1876 2016 2158 2070 amasiones

577 2105 729 2142 unum
751 2099 888 2142 sunt.
912 2118 983 2129 —
1007 2085 1464 2156 Comprimuntur,
1487 2095 1805 2157 stuprantur,
1831 2087 1872 2157 ι.

655 2160 774 2213 135.
807 2161 1040 2218 luce8ta,
1078 2155 1290 2222 stupra,
1323 2173 1425 2210 non
1451 2155 1612 2210 casta.
1640 2155 1810 2209 Distat
1839 2156 1969 2209 inter
2001 2155 2161 2224 forni-

580 2232 852 2289 cationem,
893 2239 939 2282 et
964 2227 1305 2290 adulterium,
1341 2237 1387 2293 et
1415 2227 1693 2291 incestum;
1721 2241 1842 2278 nam
1883 2227 2155 2293 fornicatio

584 2314 698 2352 cum
736 2298 920 2364 puellis
945 2307 992 2352 et
1019 2296 1218 2361 viduis;
1247 2289 1556 2350 adulterium
1596 2289 1712 2350 cum
1755 2289 2000 2350 uxoribus
2031 2297 2168 2349 alio-

2260 1548 2404 1594 rum,
2437 1533 2678 1586 incestum
2709 1548 2824 1585 cum
2868 1532 3126 1586 sororibus
3166 1543 3214 1586 et
3258 1532 3753 1593 sanctimonialibus;
3785 1541 3825 1584 et

2258 1602 2448 1654 dicitur
2475 1603 2722 1655 incestum
2740 1642 2755 1665 ,
2789 1603 2934 1665 quasi
2965 1619 3066 1656 non
3100 1613 3325 1665 castum,
3354 1601 3394 1654 1.
3424 1603 3569 1655 Jovis
3596 1612 3642 1653 et
3670 1599 3826 1652 Juno-

2258 1671 2356 1730 nis.
2389 1672 2516 1724 Mar.
2539 1700 2610 1711 —
2632 1673 2992 1735 Mmcborum,
3021 1671 3204 1725 Martis
3227 1683 3275 1725 et
3308 1670 3540 1735 Veneris,
3565 1671 3698 1724 Mar.

2186 1742 2231 1802 Β
2331 1739 2454 1794 181.
2491 1740 2680 1807 Fallit,
2710 1756 2940 1795 uxorem.
2962 1771 3032 1780 —
3061 1742 3298 1808 Maritus,
3345 1743 3605 1794 Saturnus
3649 1739 3827 1807 Opim,

2262 1809 2394 1863 Mar.
2437 1809 2721 1876 Vulcanus,
2765 1811 2800 1864 I.
2825 1841 2894 1849 —
2933 1809 3215 1875 Pellicem,
3260 1811 3424 1877 pe'l'x
3464 1811 3655 1863 dicitur
3693 1810 3829 1878 quasi

2261 1879 2396 1946 pelle
2410 1879 2648 1944 illiciens,
2671 1884 2724 1934 id
2745 1891 2816 1950 est
2841 1881 3118 1946 decipiens;
3142 1899 3256 1934 nam
3278 1881 3661 1950 pulchritudine
3683 1879 3830 1946 depu-

2270 1959 2446 2002 tantur
2470 1951 2718 2005 homincs.
2745 1947 3086 2003 Coucubinam
3106 1993 3120 2010 ,
3150 1951 3188 2007 I.

2263 2088 2301 2141 Γ
2332 2018 2457 2141 185‘.
2495 2020 2654 2144 ξκυβ,
2683 2018 2904 2074 Martem
2932 2032 2980 2075 ct
3023 2017 3295 2087 Venerem,
3323 2035 3447 2089 quos
3473 2018 3734 2073 Vulcanus
3761 2020 3830 2068 al.

2283 2104 2418 2144 suavi
2458 2127 2474 2144 .
2527 2131 2542 2142 .

2283 2089 2440 2153 igavit
2458 2127 2474 2153 ,
2500 2089 2542 2144 1.

2303 2105 2474 2212 9ῗέῗῖ
2497 2105 2962 2230 δεῖνοθεωνοηνὶω
3001 2169 3207 2213 vocatur
3239 2177 3271 2212 a
3304 2175 3469 2212 verme
3505 2175 3656 2228 quem
3693 2157 3831 2230 [labet

2265 2228 2320 2280 in
2343 2229 2529 2298 fronte,
2553 2232 2640 2299 qui
2664 2228 2978 2284 commovens
2998 2231 3174 2284 incitat
3192 2246 3307 2284 eum
3333 2229 3401 2282 ad
3422 2231 3686 2298 prtetiunt,
3713 2229 3751 2282 Ι.

1900 2403 2459 2463 COMMENTARIUS.

581 2497 834 2560 reddere;
854 2496 1053 2551 scilicet
1069 2495 1266 2549 dixisse
1287 2495 1465 2561 volupe
1491 2503 1563 2547 est
1583 2509 1650 2548 ex
1675 2494 1845 2548 Emito
1871 2503 1926 2548 et
1947 2493 2155 2558 Plauto,

581 2567 850 2638 ninguidos
872 2582 942 2638 rex
975 2565 1243 2638 Lucretia,
1271 2564 1431 2632 pultet
1461 2579 1558 2638 pro
1585 2565 1772 2638 pulset.
1809 2562 1958 2638 Ald.,
1989 2564 2030 2617 Τ
2034 2578 2154 2638 orn.

581 2645 638 2692 et
664 2632 905 2692 nonnulli
937 2635 1104 2702 vulg.,
1145 2645 1280 2688 actas
1329 2647 1428 2702 pro
1479 2634 1622 2688 ictas.
1653 2632 1878 2702 Luperci
1933 2635 2153 2698 scutica,

583 2708 794 2776 virgave
815 2722 845 2760 e
869 2706 1004 2773 pelle
1032 2701 1232 2776 bireina
1256 2701 1507 2776 mulieres
1525 2701 2010 2776 obviasl'eriebant,
2037 2718 2157 2772 qua:

585 2771 776 2831 ma'nus
799 2771 938 2830 ultro
961 2774 1288 2843 prmbebant,
1315 2772 1551 2843 quasiita
1585 2771 1849 2827 feliciores
1879 2771 2157 2841 puerperae

579 2855 761 2902 essent
788 2841 1002 2906 titione,
1033 2853 1091 2898 ut
1119 2858 1187 2898 ex
1211 2843 1420 2907 Ovidio,
1445 2841 1694 2897 Juvenali
1730 2851 1785 2897 et
1805 2843 1926 2897 aliis
1951 2843 2156 2909 colligi-

581 2927 694 2971 tur.
729 2915 860 2969 Vide
883 2915 972 2968 lib.
1003 2929 1040 2967 ιι
1071 2915 1123 2968 in
1155 2913 1566 2984 Syntm.,_‘vers_.
1591 2911 1714 2984 861.
1750 2912 1834 2966 lso
1863 2923 2019 2984 nates
2044 2927 2162 2966 vero

581 2987 708 3040 bere
737 2985 868 3039 ictas
898 2985 1077 3054 docet,
1107 2980 1248 3054 quod
1271 2997 1337 3036 ex
1364 2980 1589 3054 Cboulio
1606 2982 1785 3054 iusius
1811 2981 1978 3054 refert
1997 2982 2157 3054 toan.

582 3057 872 3110 Saubertus
897 3057 964 3108 de
996 3051 1148 3109 Sacr}
1189 3062 1296 3106 vel.
1324 3065 1446 3120 cap.
1495 3051 1550 3105 6.
1597 3051 1725 3116 Sed,
1778 3061 1834 3105 ut
1887 3051 1974 3106 ltic
2027 3051 2161 3105 ritus

582 3136 944 3194 perageretur,
977 3123 1231 3179 mulieres
1265 3123 1394 3191 ipsa:
1420 3121 1486 3175 ad
1517 3120 1764 3190 lupercos
1807 3135 1866 3176 se
1913 3120 2160 3176 coiil'ere-

583 3198 731 3250 bant.

654 3265 775 3320 166.
810 3263 953 3330 llat.,
979 3261 1101 3316 Vat.
1130 3261 1215 3326 Β..
1247 3260 1377 3316 Mar.
1409 3277 1440 3316 a
1469 3276 1550 3330 pr.
1581 3275 1656 3314 tn.
1702 3269 1752 3314 et
1799 3275 1896 3329 pro
1926 3277 2003 3314 me
2051 3275 2158 3316 non

584 3335 656 3389 ita
685 3333 872 3389 probe.

653 3351 940 3458 d'ddtimVat.
973 3400 1058 3467 B.,
1088 3399 1248 3466 Man,
1277 3401 1437 3454 secti:
1463 3407 1686 3453 metrum
1728 3397 1956 3464 postulat
1983 3399 2161 3454 seculi.

585 3475 752 3528 ltoma
767 3471 958 3527 dicitur
981 3485 1245 3525 summum
1268 3469 1449 3525 sa‘culi
1487 3479 1665 3537 caput,
1694 3477 1752 3522 ut
1774 3468 1975 3536 imperii
2002 3471 2168 3523 domi-

583 3561 651 3598 ua
678 3543 877 3610 Apotb.
906 3540 1195 3610 vers._507.
1231 3540 1494 3610 Steculum
1541 3553 1637 3610 p_ro
1671 3541 1889 3600 numdo,
1918 3549 2010 3592 aut
2036 3543 2166 3594 orbe

577 3605 866 3683 accipitur,
897 3610 1027 3683 utin
1058 3608 1257 3683 bynnio
1284 3608 1483 3664 Sedulii
1509 3625 1522 3660 :
1544 3605 1944 3683 'Beatu_s_a_uctor
1985 3610 2161 3683 seculi,

585 3693 640 3736 et
667 3675 728 3738 S'.
753 3682 943 3736 Petrus
967 3675 1327 3749 Cbertilogtts
1353 3694 1518 3734 serm.
1553 3693 1676 3741 cu,
1706 3675 1952 3749 iluiverso
1977 3677 2165 3732 sa’culo

585 3769 686 3822 non
730 3765 966 3822 capacem
1011 3745 1253 3822 concludi
1272 3763 1484 3818 corpore
1523 3746 1824 3818 perpusillo.
1859 3745 1990 3802 Vide
2019 3763 2161 3802 vers.

585 3820 709 3877 584.
741 3821 798 3876 In
834 3820 1140 3888 Laurentio.

654 3893 777 3946 170.
817 3886 975 3954 Man,
1029 3890 1170 3954 velis,
1217 3889 1430 3941 nolisnc.
1481 3887 1626 3950 li:tt.,
1685 3886 1828 3949 velis,
1887 3887 2163 3955 no'isque:

585 3971 868 4030 utrumque
893 3967 1077 4030 contra
1102 3959 1259 4030 metri
1289 3958 1548 4030 regulam.
1577 3957 1686 4010 Nec
1715 3956 1911 4030 melius
1938 3957 2054 4030 Pari
2073 3956 2166 4010 lia-

579 4034 715 4092 sius.
746 4025 879 4084 nolis
901 4029 1041 4090 velis,
1073 4026 1277 4097 nequid.
1309 4025 1446 4097 Gis.,
1474 4025 1724 4097 Lo_tterus
1756 4026 1936 4097 ,Anolis
1963 4027 2162 4081 velave.

583 4101 782 4169 Scripti
835 4097 1096 4169 plerique,
1135 4094 1269 4150 nolis
1310 4095 1646 4169 velispe._l’ro
1673 4094 1830 4169 idolis
1858 4098 2046 4150 sordes
2072 4110 2165 4162 po-

585 4163 723 4224 suit.
743 4167 800 4222 In
833 4163 1142 4231 Laurentio,
1175 4181 1320 4220 vers.
1346 4165 1474 4226 265.
1503 4163 1634 4217 Dum
1662 4165 1952 4217 daemonum
1984 4169 2159 4219 sordes

586 4240 732 4293 colis.
759 4238 849 4293 Sic
877 4235 1150 4290 Ennodius
1182 4235 1234 4288 in
1265 4235 1436 4289 Natali
1461 4233 1766 4304 Epipltanii,
1801 4233 2030 4288 Numina
2057 4241 2162 4304 [al-

571 4310 688 4364 laci
712 4305 1196 4376 finxeruntsordida
1213 4314 1386 4358 cantu.
1876 4310 1890 4317 ‘

661 4374 781 4431 171.
815 4375 930 4430 Vat.
963 4374 1030 4440 Α,
1062 4389 1124 4426 ne
1153 4383 1324 4428 terret.

658 4446 781 4502 172.
812 4446 1089 4500 Vultuosus
1117 4455 1171 4498 et
1194 4444 1420 4497 vultuose
1449 4451 1705 4509 usurpant
1749 4443 2022 4512 Apuleius,
2063 4443 2163 4496 Do-

588 4529 765 4580 natus,
794 4515 1032 4585 Capella,
1061 4514 1435 4585 Quintilianus,
1475 4513 1742 4569 Sidonius.
1775 4513 2014 4585 lnnu_itur
2047 4515 2161 4585 vul-

2259 2511 2320 2548 ac
2349 2511 2534 2556 mam,
2565 2495 2704 2560 quod
2761 2496 2929 2563 magis
2981 2505 3152 2550 metro
3199 2505 3256 2552 et
3306 2494 3676 2550 consuetudini
3712 2494 3831 2550 Pro.

2259 2567 2428 2620 dentii
2460 2569 2722 2636 Congruit.
2765 2565 3204 2636 Besseliusppag.
3257 2565 3330 2620 24
3383 2565 3676 2636 Miscellan.
3717 2581 3832 2636 syn-

2261 2645 2448 2704 tagin.,
2480 2632 2777 2705 legenduim
2795 2637 3012 2702 conjicit
3045 2635 3114 2689 Ut
3147 2647 3307 2688 tecum
3348 2632 3553 2689 adorem
3603 2632 3832 2705 fetutinas,

2259 2702 2436 2758 molles
2459 2720 2644 2767 mares,
2668 2715 2726 2759 ut
2740 2702 2923 2775 Gauyu
2946 2706 3093 2768 cdes,
3115 2706 3280 2768 Hebe,
3299 2706 3497 2773 aliique
3512 2702 3708 2760 molles
3728 2722 3833 2760 ma-

2261 2790 2350 2828 res
2374 2776 2760 2840 intelligantur.
2792 2779 2857 2828 At
2883 2790 3007 2828 vero
3031 2775 3187 2829 lectio
3216 2775 3456 2830 codicum
3484 2787 3632 2829 recte
3655 2791 3833 2843 proce-

2259 2844 2366 2897 dit:
2397 2859 2570 2912 neque
2587 2844 2732 2899 llelie
2753 2845 2890 2906 inter
2909 2859 3084 2898 mares
3111 2847 3433 2900 reccnsenda
3456 2853 3559 2910 est,
3579 2846 3679 2900 dea
3697 2847 3834 2900 selli-

2261 2915 2669 2978 cetjuventutis,
2691 2931 2794 2967 non
2813 2915 2967 2968 deus.
2983 2912 3180 2968 Scxmn
3194 2916 3417 2969 deorum
3431 2917 3702 2968 diversum
3721 2931 3834 2983 geu-

2265 2984 2446 3037 tilibus
2470 2985 2794 3046 Lactantius,
2827 2985 3106 3045 Arnobius,
3143 2987 3400 3052 multique
3427 2987 3514 3038 alii
3547 2986 3833 3039 Christiani

2263 3054 2554 3123 scriptores
2608 3057 3018 3122 exprobrarant.
3050 3053 3336 3121 Arnobius,
3366 3055 3455 3108 lib.
3498 3069 3592 3108 tu:
3641 3057 3833 3108 Adduci

2262 3123 2397 3176 enim
2423 3125 2642 3190 primunt
2671 3125 2764 3176 hoc
2791 3134 2842 3176 ut
2885 3125 3152 3184 credamus
3181 3140 3281 3176 non
3311 3141 3601 3192 possumus,
3632 3127 3834 3179 immor-

2187 3208 2235 3274 ρ
2265 3193 2419 3246 talem
2442 3194 2585 3246 illam
2612 3194 3178 3264 prtestantissimamque
3225 3204 3459 3247 naturam
3487 3195 3702 3248 divisam
3735 3212 3835 3274 esse

2269 3278 2359 3330 per
2385 3279 2557 3326 sexus,
2579 3275 2625 3317 et
2654 3279 2762 3317 esse
2789 3276 2979 3334 partem
3003 3280 3156 3316 unum
3188 3281 3369 3325 mares,
3401 3276 3595 3332 partem
3629 3282 3739 3317 esse
3759 3268 3834 3317 αι.

2270 3343 2431 3403 tera_m
2461 3334 2674 3403 feminas
2853 3333 2990 3386 Nam
3017 3336 3292 3403 consuestis
3320 3349 3371 3386 in
3410 3333 3668 3403 precibus,
3702 3337 3835 3400 δὸτι,

2275 3411 2327 3453 tu
2360 3399 2492 3455 Deus
2520 3419 2594 3468 cs,
2638 3405 2740 3457 sive
2769 3419 2822 3456 iu
2865 3403 2978 3466 dett,
3011 3402 3176 3456 dicere
3214 3419 3233 3455 :
3260 3420 3372 3470 qua,
3400 3399 3730 3456 dubitationis
3756 3420 3835 3456 es-

2269 3475 2432 3542 ceptio
2455 3473 2576 3525 dare
2596 3489 2680 3524 vos
2702 3473 2774 3525 dii
2783 3493 2800 3523 ς
2818 3489 2990 3525 seaum
3011 3474 3200 3542 disjum
3215 3475 3350 3525 tione
3370 3489 3432 3525 ca:
3452 3476 3565 3537 ipsa
3591 3475 3834 3527 declarat.

2267 3540 2459 3595 Preces
2484 3557 2615 3610 quas
2641 3545 2906 3596 Arnobius
2938 3540 3139 3595 indicat
3185 3543 3284 3611 legi
3317 3552 3536 3611 possunt
3565 3543 3710 3610 apud
3735 3544 3836 3596 Ma-

2265 3612 2502 3665 crobium
2533 3612 2627 3664 lib.
2659 3624 2713 3664 tu
2743 3613 2982 3676 Saturn.,
3004 3625 3135 3678 cap.
3161 3614 3194 3666 9
3228 3629 3242 3667 :
3274 3613 3332 3666 Si
3381 3614 3524 3676 deus,
3552 3613 3600 3664 si
3629 3614 3726 3664 dea
3747 3623 3834 3676 est,

2266 3679 2350 3732 cui
2399 3683 2616 3751 populus
2669 3681 2939 3750 civitasque
2979 3677 3392 3751 Caitltagiuensis
3437 3693 3511 3735 est
3554 3685 3610 3733 in
3656 3684 3833 3747 tutela,

2264 3756 2368 3802 etc.
2403 3753 2466 3804 Α.
2496 3750 2699 3805 Gellius
2722 3753 2813 3804 lib.
2849 3765 2885 3814 ι,
2913 3764 3031 3818 cap.
3054 3750 3123 3804 28
3159 3750 3301 3804 {Eas
3328 3753 3482 3819 ['erias
3511 3753 3555 3804 si
3582 3753 3701 3820 quis
3733 3754 3836 3816 pol-

2265 3821 2465 3885 luisset,
2494 3821 2795 3890 piaculoque
2821 3821 2881 3873 ob
2893 3820 3036 3890 ‘ltanc
3056 3835 3164 3890 rem
3191 3837 3320 3890 opus
3348 3830 3497 3887 esset,
3527 3821 3750 3875 hostiam
3769 3837 3831 3874 si.

2267 3903 2390 3941 nco.
2421 3887 2654 3943 suum;
2685 3887 2999 3958 immolabat.
3045 3887 3210 3957 quue
3226 3887 3299 3943 ca:
3314 3891 3512 3944 decreto
3537 3893 3836 3958 pontiﬁcum

2265 3958 2580 4012 observatum
2607 3976 2729 4030 csse,
2784 3957 2861 4012 Μ.
2899 3957 3063 4012 Varro
3090 3959 3214 4012 dicit
3236 3976 3255 4013 :
3280 3963 3516 4027 quoniam
3539 3957 3612 4014 et
3637 3978 3742 4030 qua
3769 3964 3832 4021 vi.

2265 4035 2311 4080 et
2336 4043 2426 4093 per
2447 4043 2593 4098 quem
2615 4029 2826 4082 deorum
2855 4030 3123 4082 dearumve
3143 4039 3279 4082 terra
3304 4039 3558 4093 tremeret,
3590 4029 3835 4084 incertum

2265 4106 2416 4150 esset.
2435 4098 2491 4152 In
2501 4098 2773 4168 veteribus
2801 4099 3246 4168 inscriptionibus
3274 4100 3459 4154 eadem
3495 4100 3720 4154 lornmla
3749 4115 3836 4154 oc-

2265 4173 2436 4220 currit
2488 4167 2606 4222 Sive
2650 4168 2767 4232 deo,
2807 4168 2910 4220 sive
2933 4168 3059 4221 dere.
3111 4169 3175 4222 Si
3217 4169 3362 4234 deus,
3395 4170 3441 4221 si
3471 4171 3568 4222 dea
3603 4180 3698 4222 est.
3733 4171 3838 4223 lluc

2268 4247 2475 4304 spectat
2497 4237 2636 4304 quod
2669 4237 2719 4291 in
2745 4243 2990 4304 precunts
3014 4241 3275 4291 interdum
3298 4241 3569 4303 dicebant,
3597 4239 3837 4306 Quisquis

2266 4321 2318 4377 es
2345 4306 2486 4360 deus.
2524 4306 2652 4360 Vide
2682 4307 3014 4375 llroverium,
3047 4307 3114 4362 de
3142 4311 3361 4361 Adorat.
3391 4323 3510 4377 cap.
3540 4311 3598 4376 7,
3652 4319 3837 4377 prater

2265 4375 2518 4430 Catonem
2545 4387 2599 4430 et
2629 4377 2781 4429 alios.

2341 4445 2464 4500 180.
2497 4447 2643 4506 Ald..
2670 4445 2885 4509 Weitz.,
2912 4455 2966 4498 et
2993 4445 3230 4514 plerique
3257 4449 3438 4514 scripti
3461 4488 3476 4507 ,
3501 4458 3550 4500 et
3575 4457 3672 4503 tot.
3697 4447 3831 4511 Gis.,

2270 4529 2330 4587 ac
2351 4516 2544 4587 tot._lle
2567 4517 2714 4587 nsius
2731 4531 2851 4587 c_inn
2875 4515 3108 4577 'l‘liuan.,
3133 4528 3187 4568 ut
3208 4526 3277 4568 tot
3292 4556 3307 4581 ,
3330 4517 3472 4587 quod
3497 4517 3661 4572 habet
3679 4520 3833 4572 etiam

569 4599 673 4642 tus
701 4575 888 4656 asper:
908 4575 1181 4656 terribilis.
1232 4575 1602 4656 Supinus__pro
1629 4585 1860 4656 supeer
1889 4581 2160 4638 Juvenalis
2188 4575 2241 4636 Ι)
2265 4583 2646 4656 ΔιεξχιιιμΑιά.
2671 4595 2725 4656 et
2744 4585 2942 4656 0_an..
2974 4575 3282 4656 prosapirm.

585 4668 692 4712 sat.
723 4650 779 4722 1,
803 4655 866 4709 Et
886 4653 1100 4707 multum
1121 4650 1338 4722 referens
1359 4653 1420 4705 de
1441 4650 1717 4705 Maecenate
1737 4653 1955 4720 supino:
1996 4668 2160 4714 ηιιςιιι-

571 4742 747 4798 »ίιυεω
762 4721 862 4798 llic
889 4739 985 4794 pro
1011 4721 1184 4798 molli;
1212 4722 1386 4798 po_tius
1421 4722 1696 4798 accipitur.
1745 4721 1854 4798 Pro
1888 4723 2156 4798 arrOg_:m_ti

2336 4653 2458 4725 181.
2491 4653 2744 4725 Exempla
2776 4654 3019 4725 liabesin
3051 4655 3399 4723 Proserpina.
3430 4671 3551 4725 qua:
3582 4655 3827 4719 Plutoni;

2266 4721 2431 4794 llebe,
2472 4738 2590 4789 qua:
2629 4721 3167 4794 Ilert-uti;_biine_rva,
3215 4721 3333 4794 quae
3379 4721 3616 4780 Vulcano
3671 4735 3828 4789 nupta

587 4789 717 4850 vero
761 4789 977 4865 Persius
1023 4806 1127 4865 sa).
1160 4789 1420 4865 1,_Seque
1464 4793 1688 4865 aliquem
1727 4791 1994 4865 _credens_,__
2026 4789 2160 4865 Italo
2263 4800 2364 4846 est.
2393 4792 2636 4865 Decepta:
2658 4801 2780 4846 sunt
2799 4809 2828 4847 a
2855 4791 2988 4847 love
3018 4789 3262 4863 Europa,
3285 4793 3507 4865 Egilia,
3533 4795 3704 4859 Leda,
3736 4797 3830 4850 ba-

589 4867 724 4932 quod
749 4861 1178 4929 honore-supinus
1206 4858 1435 4931 Fregerit
1454 4858 1681 4914 heminas
1703 4861 1843 4914 Arcti
1872 4859 2039 4914 ceditis
2062 4861 2162 4913 ini-

583 4951 784 5057 “iis.
819 5001 938 5055 Vat.
971 5001 1012 5055 Β
1052 5008 1109 5056 et
1156 4999 1290 5056 Mar.
1335 5013 1440 5054 non
1483 4998 1621 5056 bene
1657 4999 1900 5057 scribunt
1941 5000 2045 5053 laeti
2071 5013 2168 5069 pro

591 5074 714 5126 letlti
735 5081 826 5126 aut
853 5072 961 5125 leti.

664 5141 786 5196 174.
825 5139 1079 5203 Hallsbr.,
1109 5139 1335 5202 moveri;
1380 5137 1744 5209 Egm.,ullus.

665 5209 787 5266 175.
833 5210 912 5265 Ad
943 5210 1080 5264 hanc
1103 5205 1680 5276 sententiam'pertinet
1723 5205 1851 5260 illud
1901 5207 2113 5262 Minucii
2147 5222 2160 5259 ι

595 5280 723 5334 Cum
743 5296 845 5334 non
864 5281 1170 5347 disputantis
1189 5279 1486 5344 auctoritas,
1507 5278 1596 5330 sed
1618 5277 1974 5345 disputationis
2003 5277 2165 5340 ipsius

595 5350 774 5405 veritas
804 5352 1108 5419 requiratur.
1135 5347 1232 5406 Ubi
1256 5350 1574 5418 interpretes
1603 5347 1754 5416 plura
1778 5347 1968 5401 similia
2000 5347 2167 5400 saluo-

597 5427 732 5474 tant.

668 5489 790 5544 177.
823 5487 1010 5552 Aldus,
1038 5486 1156 5542 Vat.
1200 5487 1263 5554 Ο,
1294 5487 1526 5556 feminas,
1574 5501 1634 5539 ac
1676 5485 1815 5538 mille
1863 5502 2044 5540 mares.
2092 5489 2164 5541 Ita

597 5556 717 5612 Vat.
751 5558 790 5610 Β
817 5571 846 5609 a
873 5558 1100 5613 secunda
1129 5555 1306 5621 mmiu,
1334 5573 1454 5611 nam
1483 5575 1513 5610 a
1543 5555 1706 5626 priori
1749 5571 1910 5626 manu
1957 5561 2166 5611 videtur

601 5627 784 5690 fuisse.
803 5637 862 5680 ut
879 5638 962 5681 est
979 5626 1033 5682 in
1053 5627 1206 5691 Man,
1225 5639 1406 5681 matres
1425 5643 1520 5694 pro
1537 5624 1722 5680 mares.
1748 5624 1867 5679 Vat.
1891 5631 1953 5689 Α,
1980 5629 2016 5678 Α
2031 5629 2157 5692 lem,

602 5695 866 5752 Giseliuus
881 5698 934 5752 in
953 5697 1267 5753 emendatis.
1295 5697 1538 5752 lleinsius
1558 5707 1612 5752 et
1632 5696 1743 5756 alii.
1761 5695 1982 5756 feminas
2001 5698 2158 5758 mille,

2268 4876 2370 4915 nae
2393 4871 2447 4914 et
2468 4862 2609 4915 alim.

2343 4931 2466 5002 182.
2500 4930 2672 4986 Utitur
2711 4945 2842 4986 voce
2879 4933 3198 4986 amasionum
3229 4933 3485 5002 Apuleius
3528 4933 3622 4989 lib.
3654 4950 3728 4988 vu
3777 4936 3837 4986 d:

2278 5000 2444 5054 Asino
2467 5015 2650 5054 aureo.

2344 5071 2466 5124 185.
2499 5067 2664 5126 Furta
2691 5069 3010 5126 concubitus
3041 5069 3254 5125 illicitos
3295 5079 3466 5140 poeta:
3493 5071 3728 5127 libenter
3758 5088 3833 5122 vo-

2271 5149 2413 5194 cant.

2346 5209 2471 5262 184.
2495 5209 2550 5280 ln
2571 5209 2702 5264 Jove
2729 5209 2842 5280 lure
2863 5209 3042 5262 omnia
3063 5209 3282 5262 crimina
3309 5210 3360 5263 in
3386 5219 3630 5280 promptu
3654 5221 3739 5265 est
3765 5226 3836 5264 re.

2272 5280 2469 5348 perire.
2496 5279 2620 5347 Ejus
2645 5278 2824 5347 stupra
2857 5295 3044 5332 novem
3078 5292 3321 5333 recenset
3347 5278 3569 5336 Ovidius
3594 5295 3644 5333 vr
3678 5283 3837 5334 Meia-

2274 5349 2758 5419 r_i_iorpbos.,illlios
2794 5348 3096 5417 illegititnos
3137 5362 3295 5418 supra
3334 5351 3522 5419 viginti
3565 5359 3836 5404 enumerat

2273 5416 2509 5486 Hyginus
2537 5418 2785 5472 lab.155.

2344 5485 2466 5541 185.
2499 5487 2632 5556 Prag
2663 5528 2678 5552 ,
2700 5490 2830 5539 duos
2854 5502 2950 5556 pro
2969 5489 3108 5552 deos,
3137 5488 3312 5540 minus
3339 5487 3495 5543 bene.

2340 5557 2461 5610 186.
2497 5557 2620 5609 Vat.
2639 5562 2702 5621 Α,
2730 5557 2914 5610 adoras
2936 5573 2956 5610 :
2986 5560 3099 5624 lege
3127 5557 3196 5609 ad
3223 5573 3358 5610 aras.

2343 5627 2466 5681 187.
2497 5625 2776 5692 Weitzius,
2817 5625 2950 5680 nihil
2998 5637 3226 5680 metrum
3267 5640 3484 5692 curans,
3515 5627 3684 5682 edidit
3729 5641 3834 5681 vcr-

2269 5696 2400 5749 becic
2425 5709 2544 5750 cum
2576 5695 2771 5751 \Villlll.
2797 5705 2850 5750 ct
2879 5697 3039 5763 Bong.
3085 5696 3137 5750 In
3174 5696 3290 5750 Vat.
3321 5697 3359 5748 Β
3386 5711 3452 5752 ex
3495 5699 3690 5753 verbice
3733 5697 3833 5753 ἷξες
