3968 6288
81 1406 86 1410 .
172 1364 271 1417 275

182 342 276 398 tuo

343 454 446 509 Sed
475 453 694 520 pulchra
722 469 806 508 res
831 465 914 510 est
940 465 1104 508 torma
1137 455 1189 508 in
1215 470 1320 510 :cre
1344 457 1622 527 sculptilis.

418 548 554 612 Quid
583 547 915 615 imprecabor
940 546 1167 600 officinis
1189 547 1430 615 Graeciaa,
1519 534 1530 542 ’

420 639 551 703 Quae
572 637 928 692 condiderunt
954 637 1201 705 gentibus
1229 638 1406 690 stultis
1433 638 1562 692 deos
1585 639 1607 689 ?

419 727 650 796 b‘orceps
672 727 930 798 Myronis,
952 727 1175 782 malleus
1200 726 1456 798 Polycleti

416 820 620 891 1091
675 818 871 873 Natura
925 828 1161 873 vestrum
1215 827 1328 881 est,
1380 828 1540 887 atque
1589 818 1740 887 origo

711 910 714 912 ⁷
1384 907 1665 980 [οωιίιυω.

344 1002 444 1056 Ars
469 999 798 1054 seminandis
821 997 1011 1055 efﬁcax
1042 998 1336 1063 erroribus,

409 1089 634 1144 Barbam
662 1090 920 1159 rigentem
949 1087 1073 1142 dum
1097 1086 1250 1143 Jovis
1273 1089 1662 1157 circumplicat,

411 1180 541 1233 Dum
575 1179 896 1240 defluentem
928 1179 1120 1234 leniter
1151 1178 1370 1235 ﬂectens
1398 1194 1629 1245 comam,

418 1269 588 1323 I.imat
606 1269 846 1336 capillos,
876 1277 930 1323 ct
951 1271 1233 1345 corymbos
1258 1269 1454 1332 Liberi,

411 1362 474 1416 Et
497 1360 624 1415 dum
656 1361 908 1416 Minervze
939 1373 1123 1430 pectus
1154 1361 1342 1432 hydris
1369 1371 1586 1431 asperat
1613 1380 1624 1413 :

339 1453 520 1516 lniecit
547 1461 718 1505 atram
745 1452 946 1505 territis
983 1451 1344 1515 formidinem,

405 1544 472 1598 Ut
499 1542 698 1598 fulmen
727 1543 880 1607 teris,
914 1557 1012 1598 ceu
1039 1542 1324 1610 Tonantis,
1372 1541 1627 1596 horreant

401 1634 656 1688 Trcmaut
685 1648 945 1687 venenum
985 1634 1255 1688 sibilantis
1285 1632 1584 1702 Gorgonte;

407 1727 600 1782 Pulent
623 1727 886 1796 ephebum
915 1725 1034 1795 post
1062 1725 1359 1792 triumphos
1386 1726 1595 1780 Indicos

403 1819 582 1873 Fcrire
604 1819 786 1888 thyrso
811 1831 996 1887 posse,
1024 1833 1145 1872 cum
1173 1818 1244 1872 sit
1271 1817 1474 1872 ebrius.

175 822 274 875 9.70

169 1817 266 1874 280

1322 345 1878 403 PERISTEPHANON
1917 342 2124 401 HYMV.
2166 347 2234 405 Χ.

1766 460 1819 520 Λ

3315 347 3414 402 470

2030 461 2166 514 Tum
2190 460 2328 530 quod
2357 449 2573 516 Dianam
2600 461 2761 516 molle
2787 461 3112 515 succinctam
3142 459 3344 521 vident,

2097 551 2354 606 Venantis
2386 567 2570 607 arcum
2605 551 2992 623 pertimescunt
3019 550 3278 620 virginis:

2097 641 2308 710 1092
2337 638 2393 695 Si
2427 641 2560 696 forte
2592 640 2798 695 vultum
2832 638 3079 694 tristioris
3118 635 3377 698 Herculis,

2095 729 2325 798 Liquere
2349 730 2527 800 crispo
2556 745 2728 786 massa
2761 730 2912 812 lin'xit
2942 729 3135 794 fusilis,

2091 820 2312 875 Clavam
2342 819 2558 887 minari,
2590 822 2644 876 ni
2672 823 2899 890 colatur,
2922 819 3177 876 creditur.

2027 912 2145 965 Jam
2168 910 2289 981 quis
2309 921 2594 980 paventum
2623 911 2782 966 corda
2806 919 2981 965 terror
2999 908 3260 978 occupat?

2088 1002 2315 1056 Junonis
2335 1002 2467 1056 iram
2495 1004 2540 1058 si
2573 1003 2734 1072 polite
2758 1002 3102 1072 expresserit,

1839 822 1949 876 285

2096 1092 2252 1147 Velut
2271 1093 2486 1147 retortis
2514 1094 2727 1147 intuens
2745 1091 3039 1154 obtutibus,

2083 1183 2305 1238 Avertat
2332 1197 2428 1237 ora
2457 1183 2524 1238 de
2559 1183 2758 1237 litantis
2789 1181 2983 1249 hostia,

2088 1272 2244 1342 Lapis
2270 1288 2459 1329 severa
2491 1272 2667 1328 fronte
2688 1273 2940 1328 mentitur
2967 1272 3156 1328 minas.

2013 1364 2178 1425 Miror
2197 1365 2336 1433 quod
2368 1365 2543 1432 ipsum
2573 1379 2678 1417 non
2702 1362 2956 1418 sacrastis
2982 1363 3295 1424 Mentorem,

2080 1456 2190 1511 Nec
2214 1455 2470 1524 templum
2492 1463 2546 1510 et
2571 1470 2694 1510 aras
2717 1454 2830 1522 ipse
2855 1453 3073 1508 Phidias
3102 1452 3284 1516 habet,

2085 1547 2242 1602 Fabri
2274 1547 2518 1608 deorum.
2549 1547 2634 1602 vel
2661 1555 2908 1616 parentes
2930 1544 3242 1598 numinum:

2069 1638 2172 1705 Qui
2201 1639 2245 1694 si
2269 1637 2496 1693 caminis
2520 1637 2845 1692 institissent
2863 1635 3096 1704 segnius,

2084 1729 2200 1786 Non
2228 1739 2373 1787 esset
2391 1730 2530 1787 ullus
2551 1729 2798 1800 luppiter
2815 1727 3114 1784 conflatilis.

1837 1273 1942 1328 9.90

1830 1731 1938 1786 295

1436 1929 1719 2004 GLOSSﬁi
1759 1927 2090 1985 VETERES.

229 2049 350 2104 267.
382 2048 516 2117 Quid
558 2047 911 2114 imprecabor,
943 2049 995 2101 in
1020 2057 1264 2116 quantum
1291 2046 1619 2099 maledicam.
1654 2074 1725 2086 -

170 2120 407 2176 Officinis.
440 2120 518 2172 vel
555 2119 774 2186 templis,
801 2117 840 2172 Ι.

227 2191 347 2245 270.
379 2183 973 2251 Vestrttm,'vestrorum.
1014 2218 1084 2228 —
1108 2185 1379 2250 leitum,
1409 2183 1620 2239 deorum
1642 2225 1658 2251 ,
1681 2183 1719 2239 l.

231 2260 350 2312 271.
382 2258 604 2320 Efﬁcax,
642 2268 836 2322 potens,
875 2259 911 2309 Ι.

230 2330 348 2390 272.
379 2327 778 2392 Circumplicat,
811 2327 1052 2395 deﬂectit,
1082 2324 1123 2378 1.

229 2399 347 2453 274.
377 2397 692 2466 Corymbus,
721 2394 970 2461 racemos,
993 2395 1237 2461 amulos,
1265 2394 1504 2459 circulos,
1537 2394 1580 2466 ι.

229 2469 347 2522 275.
365 2463 578 2532 Hydris,
591 2468 998 2532 serpentibus.—
1014 2469 1255 2532 ASpcrat,
1273 2481 1508 2532 asperum
1522 2464 1666 2532 facit,
1683 2463 1720 2516 Ι.

229 2485 347 2522 2m.
367 2485 405 2521 η
447 2485 998 2532 aris,serpemwus.—
1014 2485 1255 2532 asperat,
1273 2485 1508 2532 asperum
1522 2485 1666 2532 tam,
1684 2485 1720 2516 ι.

228 2539 347 2612 279.
383 2485 679 2658 llil’phcbutn,
699 2537 970 2607 jurenem',
992 2537 1046 2589 id
1064 2544 1136 2589 est
1158 2534 1452 2589 Bacchum:
1487 2533 1723 2588 Liberum

229 2618 367 2658 trem-
419 2649 428 2657 .

197 2618 345 2662 alreut
355 2653 368 2675 ,
391 2618 406 2658 I
419 2649 428 2657 .

167 2627 368 2676 patrem,
391 2627 428 2658 I.

227 2678 344 2738 280.
379 2677 608 2748 Thyrso,
637 2686 814 2730 trunco
837 2675 971 2742 vitis,
997 2673 1034 2728 Ι.

1899 2043 2024 2098 281.
2053 2041 2232 2108 Molle,
2267 2043 2561 2096 adverbium
2589 2057 2680 2108 pro
2723 2042 2962 2102 molliter,
2994 2041 3221 2099 delicate,
3247 2040 3286 2094 l.

1900 2113 2029 2168 285.
2051 2114 2233 2176 Clava,
2265 2114 2441 2166 lancea
2492 2113 2640 2178 hasta
2670 2110 2924 2173 Herculis,
2958 2110 3169 2162 baculus
3201 2108 3396 2162 Hercu-

1831 2184 1913 2244 lis,
1942 2182 1985 2237 1.
2291 2189 2296 2192 ’

1897 2250 2023 2308 287.
2056 2251 2246 2316 Polite,
2271 2260 2468 2310 ornate,
2501 2251 2539 2312 Ι,

1898 2322 2025 2378 289.
2049 2321 2298 2385 Litantis,
2318 2321 2673 2386 sacriﬁcantis,
2703 2320 2723 2374 1

1898 2391 2022 2462 290.
2057 2391 2326 2462 Mentitur,
2356 2392 2524 2462 ﬁngit,
2559 2391 2595 2442 I.

1902 2461 2027 2518 29L
2061 2457 2380 2522 Mentorem,
2406 2457 2492 2530 dei
2524 2460 2835 2530 mendacem,
2868 2457 2923 2530 Ι.Δ
2949 2526 2977 2530 η
3164 2526 3175 2530 Α
3229 2526 3248 2530 _
3388 2489 3390 2492 ν

1895 2531 2032 2654 232.]
2061 2531 2298 2594 Phidias,
2329 2524 2446 2597 ﬁdis
2489 2529 2700 2590 chorda,
2727 2529 2860 2580 unde
2885 2526 3062 2595 ﬁdius,
3091 2526 3175 2595 qui
3213 2523 3400 2594 ﬁdibus

1895 2617 1940 2654 nt
2042 2639 2055 2654 .

1827 2601 1962 2655 canit
2016 2601 2055 2654 l.

1485 2781 2047 2839 COMMENTARIUS.

224 2899 346 2956 266.
370 2899 522 2963 Man,
577 2899 778 2963 iuraris;
821 2913 1011 2969 supra,
1042 2901 1200 2954 innare
1238 2915 1251 2953 :
1298 2899 1478 2972 Prag.,
1517 2902 1571 2954 in
1614 2918 1716 2957 ere.

166 2971 293 3036 Lege
322 2974 371 3022 in
400 2986 516 3024 tere.

227 3039 557 3118 ﬁt.“
573 3039 767 3118 gratia}.
795 3039 912 3094 Vat.
931 3039 991 3118 Β.
1019 3038 1224 3118 Cretite.
1242 3039 1458 3108 Corrige
1485 3038 1716 3096 Graecia.

223 3109 340 3164 268.
375 3109 594 3166 Weiti.,
623 3111 841 3174 stultos;
865 3109 1054 3162 melius
1083 3111 1271 3164 stultis.

225 3181 347 3234 :69.
374 3176 639 3232 Giselinus
682 3177 1032 3237 Murmellium
1078 3180 1254 3247 arguit
1298 3177 1438 3248 quod
1475 3179 1717 3235 ordinem

167 3249 438 3302 verlinr'utn
468 3249 825 3302 immutaverit
855 3247 1103 3317 Polycleti
1132 3247 1348 3303 malleus
1375 3265 1468 3315 pro
1506 3251 1718 3304 malleus

165 3317 426 3386 Polycleti.
459 3326 518 3369 At
559 3327 682 3371 ante
710 3317 1066 3372 Murmellium
1096 3320 1469 3373 inunutaverat
1489 3319 1595 3385 jam
1627 3321 1720 3375 Al-

164 3389 276 3453 dus,
297 3389 384 3455 Qui
405 3387 597 3458 scribit
614 3387 884 3442 Pollicleti.
909 3387 1202 3441 Penultitna
1225 3390 1275 3442 in
1301 3388 1548 3457 Polycleti
1565 3389 1718 3458 longa

163 3468 258 3519 est,
279 3458 370 3510 sed
402 3473 430 3509 a
460 3457 752 3528 Prudentio
771 3458 979 3528 ratione
1008 3467 1262 3528 accentus
1287 3459 1460 3514 Graeci
1488 3457 1720 3528 corripi-

166 3537 265 3593 tur,
293 3541 344 3579 ui
375 3529 425 3580 in
452 3525 762 3580 Paraclitus.
793 3527 913 3580 Rat.
942 3537 991 3581 et
1026 3525 1274 3581 Heinsius
1301 3543 1423 3582 cum
1449 3533 1560 3581 suis
1587 3525 1722 3583 scri-

167 3597 287 3649 bunt
317 3593 580 3664 Polycliti.
613 3597 796 3666 Myron
826 3607 877 3666 ct
910 3597 1209 3666 Polycletus
1233 3597 1571 3653 celeberrimi
1605 3607 1718 3653 sta-

165 3666 334 3727 tttarii,
367 3667 598 3734 a'quales
619 3665 673 3719 et
700 3665 838 3721 cond
860 3665 1071 3736 scipuli.

261 3737 346 3788 70.
383 3737 526 3800 Ald.,
551 3736 834 3805 mendose,
872 3751 1101 3790 t'et'orum
1129 3746 1220 3791 est.
1247 3736 1440 3805 Scripti
1461 3776 1478 3802 ,
1501 3746 1721 3790 vestrum

164 3815 244 3858 est.
273 3805 506 3858 Gifaaius
539 3807 587 3858 in
618 3803 932 3874 Ectlilipsis,
979 3816 1026 3859 el
1064 3823 1165 3860 nitu
1221 3823 1322 3860 non
1359 3803 1562 3871 extrita,
1595 3820 1716 3874 pag.

163 3876 278 3938 457,
305 3875 435 3928 alias
460 3874 585 3933 464.
617 3876 777 3930 vellet
821 3877 930 3929 tulit
966 3876 1184 3930 verbum
1214 3877 1606 3930 substantivum
1647 3885 1720 3928 est

165 3961 221 3998 ex
242 3954 346 4000 vet.
369 3944 460 3997 lib.
484 3944 586 3998 Sed
612 3946 922 3999 obuitnntur
939 3945 1148 4000 codices
1167 3944 1436 3999 lleinsiani
1455 3959 1503 4000 et
1522 3947 1717 3999 nostri.

227 4014 349 4085 272.
381 4015 646 4068 Arnobius
696 4016 788 4066 lib.
837 4029 907 4081 vt,
964 4016 1252 4068 lliciniatus
1277 4013 1540 4085 luppiter,
1571 4026 1722 4081 atque

162 4083 424 4151 barbatus,
454 4097 558 4138 etc.
595 4085 647 4136 In
677 4085 920 4153 rigentem
965 4086 1278 4152 exprimitur
1313 4083 1459 4150 rigor
1500 4086 1676 4138 barbae
1705 4125 1718 4146 ,

161 4170 260 4218 una
300 4165 449 4214 parte
489 4155 725 4207 aalliicret
761 4166 964 4220 mento,
1012 4157 1062 4208 in
1093 4156 1438 4220 circump'ical
1482 4165 1719 4208 extrema

164 4238 275 4293 pars
299 4223 475 4276 barba:
504 4222 942 4293 circninplicatte,
983 4239 1103 4277 mox
1135 4226 1188 4278 in
1216 4225 1518 4293 deﬂuentem
1545 4225 1724 4293 leniter

69 4341 75 4351 ,
162 4291 403 4364 majestas
425 4303 478 4344 et
504 4291 814 4364 artiﬁcium,
850 4303 906 4346 ut
933 4294 1180 4348 Horatius
1209 4291 1426 4349 inerte
1455 4303 1624 4364 poet.,
1660 4292 1724 4346 Et

161 4364 328 4414 molles
354 4363 636 4415 imitabitur
656 4378 757 4415 tere
781 4365 1018 4429 capillos.

223 4430 346 4484 273.
385 4431 578 4493 Μαι..
608 4433 904 4501 deﬂuentes,
937 4433 1137 4487 scilicet
1157 4433 1401 4499 capillos.

224 4503 348 4622 25‘.
379 4501 593 4566 Bacchi,
627 4514 683 4555 ut
712 4502 865 4568 Apoll
890 4503 995 4568 nis,
1023 4518 1191 4557 coma:
1241 4502 1446 4557 laudari
1493 4501 1668 4555 solent
1692 4515 1720 4553 a

159 4587 252 4633 poe
281 4585 344 4624 is.

1821 2903 2028 2957 cintam.
2078 2902 2154 2957 De
2179 2901 2342 2955 Diana
2365 2903 2470 2956 alte
2497 2901 2766 2954 succincta
2808 2898 2975 2953 adisis
3014 2904 3302 2952 comment.
3325 2896 3390 2950 ad

1823 2988 1966 3028 vers.
1999 2972 2216 3027 566lib.
2249 2986 2264 3025 ι
2297 2981 2479 3027 contra
2504 2969 2816 3040 Synimacb.

1891 3042 2018 3124 ἓβξ.
2056 3043 2237 3124 Egon,
2258 3042 2475 3124 virgines
2498 3056 2517 3095 :
2543 3038 2986 3124 meliusuirgiuis.

1896 3113 2023 3168 285.
2058 3104 2180 3166 Rat.
2212 3104 2240 3164 a
2271 3104 2437 3179 prima
2470 3125 2649 3174 manu,
2680 3104 2956 3170 tristiores,
2987 3104 3144 3160 male.

1892 3183 2019 3238 284.
2071 3173 2326 3236 Hercules
2371 3182 2426 3235 in
2457 3181 2690 3234 nummis
2731 3187 2950 3246 apparet
2996 3190 3116 3228 cum
3175 3173 3394 3228 cmsarie

1831 3254 2008 3318 crispa
2038 3252 2207 3306 fusus.

1891 3311 2019 3379 285.
2043 3323 2192 3387 Ald.,
2221 3320 2342 3375 Vat.
2375 3322 2442 3386 0.
2472 3321 2648 3387 Egm.,
2683 3317 2942 3378 llai!shr.,
2971 3315 3177 3378 Heins.,
3205 3311 3394 3387 Fabia,

1823 3393 2036 3454 (lham.,
2073 3382 2288 3445 clavam.
2332 3382 2435 3444 Alii
2457 3382 2748 3445 et'Neliris.
2791 3403 2887 3456 pro
2913 3387 3022 3442 div.
3055 3388 3262 3456 δαείω..
3291 3382 3398 3436 cla.

1824 3463 2171 3534 t'a.Al_.atinius
2191 3463 2243 3515 in
2273 3463 2437 3515 Turn.
2469 3475 2567 3534 pro
2595 3455 2801 3534 clavam,
2813 3455 3092 3534 substituit
3121 3455 3292 3534 clava.

1891 3531 2017 3586 287.
2078 3533 2318 3592 Tbuan.,
2365 3526 2488 3584 iras'.
2535 3530 2759 3584 Junonis
2811 3529 2886 3581 ira
2942 3527 2997 3579 in
3049 3526 3388 3589 proverbium

1821 3602 1952 3654 abiit
1976 3603 2113 3669 apud
2139 3601 2352 3655 Grtecos
2373 3611 2425 3655 et
2454 3601 2741 3654 Romanos.
2767 3597 3014 3669 Virgilius
3041 3595 3134 3646 lib.
3160 3609 3211 3654 v,
3239 3606 3382 3646 vers.

1823 3673 1946 3733 78l,
1976 3667 2196 3724 lunonis
2225 3671 2390 3738 gravis
2415 3671 2514 3728 ira,
2544 3679 2590 3722 et
2619 3667 3013 3738 inmaturabile
3035 3673 3226 3738 pectus.

1892 3731 2019 3795 288.
2055 3731 2281 3794 Weilzio
2319 3755 2440 3792 cum
2470 3739 2700 3791 Hailshr.
2736 3736 2932 3799 placuit
2962 3733 3198 3786 scribere
3215 3731 3385 3783 velud.

1825 3809 1942 3862 Vat.
1975 3811 2034 3878 Β,
2064 3811 2141 3863 rel
2163 3819 2236 3861 ut.
2265 3808 2431 3862 ldetn.
2459 3807 2592 3860 Mar.
2621 3821 2648 3858 a
2680 3807 2848 3878 prima
2881 3818 3061 3863 manu,
3096 3801 3396 3878 Prag.,.d_e-

1823 3888 1988 3934 toris.
2023 3871 2316 3943 'llepugnat
2361 3885 2612 3930 metrum.
2657 3871 2855 3929 Oculus
2903 3882 3120 3925 retortus
3147 3879 3226 3921 est
3255 3871 3394 3924 obli-

1825 3964 1979 4017 quus,
2015 3960 2066 4002 ut
2103 3950 2368 4002 irretortus
2393 3946 2530 4016 apud
2565 3945 2846 4017 Horatium
2872 3951 3068 4017 rectus:

1891 4021 2017 4072 289.
2035 4019 2154 4073 Vat.
2186 4018 2246 4083 Β,
2271 4009 2916 4080 Μθτ..ἀυενιὶι.ννείιιὶιιε
2941 4011 3221 4083 conjunxit
3235 4009 3395 4083 verba

1823 4090 2098 4152 delitantis,
2125 4099 2178 4144 et
2204 4080 2271 4142 ex
2303 4089 2455 4152 Eam.
2483 4086 2685 4140 indicat
2713 4085 2980 4137 dililautis.
3004 4080 3228 4145 Corrigo
3249 4083 3313 4134 de
3333 4080 3398 4152 li-

1825 4161 2000 4220 tantis,
2019 4151 2331 4214 utcorrexit
2352 4151 2511 4210 etiam
2535 4155 2720 4218 Aldus,
2744 4154 2832 4223 qui
2849 4153 3090 4207 ediderat
3113 4151 3394 4223 delitamis.

1895 4230 2020 4285 990.
2039 4229 2094 4282 In
2116 4228 2335 4282 Cellarii
2347 4225 2585 4281 editione
2599 4225 2654 4288 2,
2670 4221 2841 4277 minus
2856 4238 2950 4291 pro
2960 4224 3125 4276 minas
3147 4221 3396 4274 tuendum

1826 4311 1980 4366 ptitu,
2011 4309 2069 4351 ut
2093 4301 2242 4362 plura
2263 4297 2364 4350 alia
2394 4297 2446 4350 in
2467 4311 2528 4366 ea
2555 4295 2792 4348 editione
2811 4296 3087 4366 quatultro
3097 4301 3394 4366 praetereo.

1893 4359 2021 4422 29L
2043 4359 2190 4431 Ald.,
2211 4367 2434 4425 Witlm.,
2467 4365 2658 4432 Bong.,
2677 4373 2729 4418 et
2755 4359 2990 4415 nonnulli
3023 4359 3132 4423 alii,
3161 4359 3396 4413 sacratis.

1829 4435 2048 4503 Weitz.,
2085 4437 2269 4490 Heins.
2315 4451 2434 4488 cum
2465 4434 2709 4499 caneris,
2754 4433 3011 4487 sacrastis.
3057 4433 3266 4486 Mentor
3293 4443 3398 4482 ca:-

1825 4507 1983 4560 lando
2010 4514 2231 4574 argento
2263 4505 2458 4558 clarus.

1903 4576 2025 4630 292.
2057 4566 2305 4638 Vatic.B,
2330 4575 2483 4636 Man,
2510 4573 2658 4638 “aL,
2689 4572 2869 4639 Prag.,
2895 4566 3396 4639 Hailsbr.,Widtn.,

224 4639 350 4720 275.
387 4640 661 4720 Refertad
689 4639 859 4708 aegida
891 4639 1169 4720 Minervae,
1199 4642 1252 4694 in
1277 4656 1379 4708 qua
1407 4649 1530 4720 erat
1565 4647 1725 4720 caput
1758 4657 1808 4715 ι)
1833 4645 2038 4720 (fidius.
2072 4645 2214 4720 Lege
2233 4637 2470 4720 libidine.
2503 4637 2686 4720 Ale_s,,
2721 4637 2877 4720 Urb.2
2901 4641 3027 4720 flat.
3052 4639 3138 4720 ρ..
3163 4637 3400 4720 scribunt

159 4709 405 4781 Medusae,
433 4711 546 4766 sire
567 4711 849 4781 Gorgonze,
894 4709 1567 4781 connexiqueangues,_de
1604 4709 1729 4781 quif

161 4785 252 4851 lius
271 4780 660 4851 iVirgillusAlib.
681 4776 799 4840 'vnt,
825 4791 876 4834 et
898 4776 1119 4835 Servius
1145 4776 1198 4833 in
1225 4776 1432 4834 Comm.
1473 4776 1662 4832 Cicero
1692 4780 1725 4851 t5

159 4852 204 4900 iu
241 4849 460 4921 verrem
484 4868 498 4905 :
527 4849 778 4921 Gorgonis
801 4868 856 4903 os
879 4852 1276 4914 pulcherrimum
1289 4851 1533 4921 crinitum
1548 4849 1730 4921 angui-

158 4921 264 4973 bus.
283 4918 689 4989 Jupitera-gida,
707 4931 912 4974 scutum
925 4936 1102 4982 suum,
1118 4919 1491 4973 donodedcrat
1507 4918 1726 4972 Palladi.

162 4991 227 5040 Ite.
253 4991 338 5042 his
362 4992 514 5058 plura
539 4999 708 5058 poeta:
730 5000 781 5044 et
801 4989 1114 5058 tnyihologi.
1146 4991 1320 5042 Utitur
1334 4989 1725 5057 vcrhoasperat,

163 5067 212 5108 ut
259 5069 574 5128 serpentum
605 5059 848 5112 n‘-iturain
879 5069 934 5112 et
971 5061 1191 5112 artificis
1221 5074 1402 5113 curam
1445 5059 1726 5126 exprimat.

227 5129 354 5182 277.
387 5131 596 5182 Alicubi
624 5129 826 5182 editum
854 5138 936 5183 est
976 5130 1147 5180 acris:
1191 5140 1243 5182 at
1273 5143 1377 5182 non
1403 5144 1514 5193 aer,
1543 5129 1635 5182 sed
1661 5142 1730 5180 tes

163 5200 383 5252 materia
415 5199 653 5252 fulminis
677 5198 839 5251 ellicti
871 5198 1149 5250 iudicatur.

223 5267 351 5322 278.
375 5268 491 5322 (ἰῆς.
522 5267 586 5320 ad
619 5282 808 5335 marg.,
829 5265 1100 5335 Gorgonis.
1126 5266 1250 5320 Hmc
1279 5267 1389 5332 ipsa
1412 5274 1495 5320 cst
1519 5264 1730 5319 Medusa

161 5353 277 5404 qua:
301 5337 516 5405 Gorgon
540 5349 591 5390 et
615 5337 863 5405 Gorgona
889 5335 1108 5390 dicitur.

223 5407 352 5459 279.
380 5404 485 5461 Alii
509 5404 776 5476 ephebum,
802 5405 893 5460 alii
915 5407 1196 5474 ephebum,
1227 5405 1315 5459 alii
1338 5404 1578 5474 epltibum
1597 5404 1735 5459 scri-

164 5477 309 5529 bunt.
324 5476 536 5530 Baccho
551 5491 578 5528 a
595 5476 764 5542 poetis
783 5477 1147 5541 ineunsumpta
1163 5484 1409 5542 iuventus
1421 5476 1730 5528 ascribitur.

225 5545 355 5599 280.
382 5544 647 5614 'l‘hyrsuin
690 5545 842 5599 inulti
871 5549 1018 5599 aiunt
1042 5546 1206 5598 fuisse
1237 5545 1400 5598 telum
1423 5544 1580 5610 cujus
1607 5561 1727 5598 inu-

163 5630 255 5668 cro
295 5615 495 5670 hedera
525 5616 821 5684 tegebatur.
869 5615 954 5668 lso
995 5615 1168 5684 aliter.
1199 5614 1409 5683 'l'byrso
1453 5627 1732 5680 percussos

166 5685 215 5738 in
247 5685 484 5739 furorem
510 5683 623 5753 rapi
657 5685 910 5750 putabant
940 5683 1185 5753 gentiles.

230 5753 357 5808 281.
401 5755 504 5809 Alii
535 5765 659 5814 tum,
688 5756 772 5807 alii
807 5765 922 5806 tunc
954 5755 1167 5807 habent.
1202 5753 1351 5821 Egtn.
1400 5759 1580 5806 scribit
1613 5767 1729 5805 suc-

1837 4716 2037 4780 Fidias,
2066 4708 2205 4785 quod
2240 4714 2496 4768 Weitzius
2529 4714 2733 4785 edidit.
2783 4712 2998 4785 Phidias
3049 4708 3148 4762 fuit
3190 4708 3395 4785 pictor,

1833 4778 2150 4850 statuarius,
2180 4786 2418 4852 sculptor
2451 4783 2835 4838 nobilissimus.
2869 4781 2951 4835 lso
2985 4781 3142 4846 longe
3163 4778 3396 4830 aberrat.

1905 4856 2032 4909 293.
2065 4859 2140 4910 De
2163 4855 2264 4919 hoc
2289 4869 2444 4908 versu
2471 4853 2649 4906 dicam
2680 4853 2744 4906 ad
2775 4866 2918 4905 vers.
2943 4864 3062 4916 seq.

1907 4925 2033 4980 294.
2050 4925 2175 4978 Post
2193 4914 2331 4978 hunc
2357 4937 2570 4978 versum
2595 4922 2645 4975 in
2670 4923 2789 4976 Vat.
2815 4923 2874 4988 Β,
2901 4914 3053 4985 υτὺξ,
3078 4917 3233 4979 Μαι-η
3250 4914 3400 4976 Διά..

1837 4995 2087 5050 inseritur
2123 4995 2207 5048 hic
2246 4992 2373 5048 Cum
2394 4991 2728 5046 condiderunt
2757 4991 2984 5061 gentibus
3027 4987 3400 5061 stultis_deos_,

1834 5081 1990 5130 quem
2014 5065 2068 5118 in
2092 5064 2255 5119 Torn.
2294 5073 2348 5118 et
2390 5063 2478 5116 ed.
2501 5064 2669 5117 Paris.
2700 5054 2914 5114 Patrum
2930 5067 3155 5130 exstare
3177 5056 3253 5110 ait
3271 5054 3401 5109 Gal-

1839 5128 2068 5199 landius,
2097 5133 2386 5200 repetitum
2418 5148 2480 5185 ex
2525 5145 2664 5186 vers.
2689 5131 2815 5194 268,
2845 5129 2937 5183 sed
2958 5169 2974 5194 ,
3004 5139 3062 5182 ut
3089 5128 3201 5200 ipse
3231 5132 3400 5193 putat,

1837 5198 2112 5259 mendose.
2132 5198 2382 5258 Fortasse
2405 5217 2440 5254 a
2458 5217 2616 5255 manu
2642 5199 2911 5260 Prudentii
2934 5214 3043 5252 non
3056 5207 3138 5250 est
3167 5198 3266 5249 iste
3282 5209 3402 5245 ver-

1838 5289 1930 5328 sus
1957 5277 2034 5328 sic
2054 5275 2315 5339 repetitus
2340 5290 2354 5327 :
2377 5273 2574 5344 alioqui
2601 5271 2718 5324 sine
2744 5270 2851 5324 ullo
2874 5266 3208 5344 incommodo
3225 5271 3406 5344 posset

1839 5344 2079 5397 retineri.
2103 5332 2378 5398 Fabricius
2404 5343 2477 5396 ait
2504 5332 2641 5394 hunc
2660 5354 2877 5412 versum
2906 5338 3031 5407 poni
3059 5332 3427 5412 iiriimiiiitllis.

1839 5412 2272 5481 exemplaribus,
2305 5412 2357 5465 in
2404 5412 2600 5481 quibus
2643 5409 2794 5462 deest
2835 5402 3023 5463 versus
3068 5402 3174 5459 295
3247 5402 3419 5456 Fabri-

1841 5480 2050 5534 deoruin
2071 5496 2092 5534 :
2117 5482 2204 5548 qui
2230 5481 2420 5534 merito
2449 5480 2749 5547 praefertur.

1905 5551 2032 5604 9.95.
2078 5540 2209 5603 Vide
2229 5540 2524 5603 Minucium
2566 5560 2621 5603 et
2660 5554 3109 5602 commentatores
3152 5544 3216 5598 ad
3261 5540 3403 5595 illius

1842 5619 2003 5672 verba
2025 5661 2039 5678 ,
2076 5617 2212 5672 Deus
2247 5621 2378 5670 enim
2405 5657 2418 5671 .
2441 5657 2451 5669 .
2474 5659 2484 5670 .
2509 5659 2519 5670 .
2541 5620 2850 5684 .conﬂatur,
2884 5618 3116 5671 tunditur
3163 5611 3361 5666 malleis
3387 5649 3399 5672 ,

1841 5700 1887 5743 et
1916 5689 2178 5742 incudibus
2200 5687 2470 5756 ﬁguratur.
