3968 6288
213 272 309 324 471

348 387 586 442 Furorne'
629 403 891 455 summus,
937 391 1116 446 ultima
1147 401 1201 447 et
1242 393 1505 449 dementia
1542 407 1640 459 est,

457 478 666 549 1100
690 478 824 549 Deos
855 489 1039 548 putare
1059 483 1146 552 qui
1185 493 1432 538 creantur
1457 485 1688 552 nuptiis?

444 569 574 621 Item
602 569 896 637 spiritalem
923 574 1241 627 terrulenter
1278 590 1522 642 quaerere
1545 593 1557 626 :

442 657 714 712 Elementa
743 658 924 713 mundi
955 675 1275 716 consecrare
1291 664 1548 718 altaribus
1579 681 1592 717 :

205 746 299 798 ’μεο

372 838 646 890 Dc-ascialo
672 838 972 907 supplicare
1001 842 1164 912 stipiti
1191 859 1204 894 :

450 926 624 980 Verris
649 941 841 982 cruore
892 929 1086 995 scripta
1115 945 1242 984 saxa
1267 945 1516 1002 spargere
1543 950 1554 982 ε

438 1022 571 1070 Aras
593 1016 774 1071 ofellis
803 1019 1088 1096 qhsecrare
1122 1021 1356 1087 bubulis,

441 1106 697 1162 Homines
719 1108 883 1164 fuisse
905 1125 1027 1163 cum
1057 1111 1217 1174 scias,
1241 1127 1377 1181 quos
1406 1127 1710 1176 consecras,

440 1197 609 1252 Urnas
632 1213 846 1254 reorum
873 1201 1180 1255 morticinas
1212 1201 1484 1258 lambere?

368 1291 570 1362 ιιοι
605 1292 830 1360 Desiste,
858 1293 1017 1360 judex
1045 1293 1250 1358 stcculi,
1285 1302 1489 1349 tantum
1515 1295 1665 1350 nefas

430 1381 570 1438 Viris
588 1382 783 1452 jubere
808 1385 1134 1454 fortibusque
1159 1397 1215 1440 et
1244 1386 1452 1450 liberis;

432 1472 512 1527 Nil
539 1483 623 1528 est
650 1488 831 1530 amore
857 1476 1094 1531 veritatis
1120 1478 1334 1533 celsius.

203 1194 297 1250 585

1341 275 1896 334 PERISTEPIIANON
1938 280 2140 337 IIYMN.
2184 283 2250 339 Χ.

443 745 519 809 Id,
548 745 688 814 quod
719 757 956 802 creatum
985 759 1086 816 est,
1132 752 1466 808 conditorem
1509 753 1770 809 credere?

3345 288 3444 341 ιη

1814 404 1863 461 Α
2136 402 2228 455 Dei
2257 400 2502 470 pcreunis
2530 415 2722 455 numen
2745 401 3100 456 asscrcnllhus

1879 488 1984 542 590
2126 489 2264 546 Nihil
2291 498 2371 544 cst
2399 491 2602 559 pavori,
2635 504 2778 544 mors
2805 499 2860 545 et
2885 491 2994 558 ipsi
3028 489 3279 559 subiacet.

2059 577 2264 633 Dudum
2289 582 2569 648 coquebat.
2598 581 2892 636 disserente
2920 593 3172 652 martyre,

2131 671 2473 738 Asclepiades
2504 674 2643 725 intus
2676 673 2806 726 iram
2834 673 3136 737 subdolam,

2125 761 2500 816 Stmnachattts
2527 764 2638 818 alto
2665 763 2807 828 fallo,
2832 764 2956 819 dum
2988 765 3201 834 longum
3227 765 3368 831 silet,

2124 853 2391 923 Bilemqne
2419 857 2570 909 tectis
2595 857 2828 924 concipit
2856 855 3184 923 prmcordiis,

2121 942 2354 995 Tandem
2387 943 2601 998 latentis
2625 944 2730 998 vim
2763 945 2954 999 furoris
2981 945 3177 1001 evomit

2055 1031 2155 1086 Pro
2183 1033 2440 1102 luppiter,
2471 1035 2595 1103 quid
2622 1043 2704 1089 est
2729 1035 2866 1103 quod
2895 1050 2959 1089 ex
2991 1035 3090 1089 hoc
3115 1029 3300 1090 audio!

2113 1123 2230 1177 Stat
2261 1124 2397 1180 inter
2425 1140 2565 1187 aras,
2596 1134 2652 1180 et
2675 1126 2894 1180 deorum
2927 1126 3200 1194 imagines,

2121 1213 2205 1274 Et,
2237 1217 2374 1281 quod
2407 1216 2557 1271 latori
2585 1231 2766 1285 cogor,
2797 1218 2848 1271 in
2881 1218 3055 1271 medio
3086 1219 3219 1282 foro,

2115 1306 2326 1377 1102
2348 1307 2581 1362 Tacente
2602 1317 2817 1372 memet,
2840 1307 2924 1361 hic
2947 1315 3158 1374 perorat
3173 1308 3428 1378 perditus,

2109 1397 2372 1467 Quidquid
2402 1413 2670 1451 sacrorum
2698 1407 2800 1462 est,
2824 1413 2918 1452 ore
2945 1397 3145 1451 fmdnus
3176 1398 3374 1467 impio?

2047 1485 2091 1538 Ο
2121 1485 2198 1539 fas
2225 1487 2481 1556 priorum,
2509 1488 2674 1542 moris
2699 1503 2730 1542 ο
2759 1487 2918 1556 prisci
2951 1495 3140 1552 status,

1875 940 1978 996 595

1863 1392 1968 1448 400

1447 1591 1740 1647 GLOSSIE
1784 1592 2120 1653 VETERES.

257 1679 767 1744 578.1‘erruleutcr,
799 1680 853 1734 in
877 1688 1030 1746 terra,
1059 1682 1100 1735 l.

258 1751 376 1804 58L
402 1750 698 1815 Deasciato,
723 1766 837 1803 cum
864 1753 1000 1804 ascia
1020 1753 1176 1806 inciso
1204 1767 1223 1806 :
1245 1749 1385 1805 ascia
1421 1753 1649 1818 planam,
1678 1754 1756 1806 vel

202 1819 585 1890 [armaloiAscia
610 1834 764 1890 genus
793 1822 1110 1874 instrumenti
1137 1838 1232 1890 quo
1253 1822 1538 1890 {armantur
1577 1840 1675 1883 res.
1713 1823 1750 1876 Ι.
1817 1840 1825 1845 “

255 1888 374 1962 ᾷξδ.
394 1887 595 1962 Ofellis,
612 1887 984 1962 diminutivum
1006 1887 1236 1962 abiolfa,
1253 1887 1400 1960 quod
1429 1897 1649 1962 fructum
1675 1892 1748 1946 si-

201 1958 405 2026 ;ni/icat,
441 1958 480 2010 I.
511 1955 792 2010 Partirulis
816 1960 1059 2022 prazcisis,
1091 1955 1224 2015 Mar.

253 2028 372 2083 585.
406 2026 598 2089 Urnas,
629 2029 882 2093 sepu'cra,
916 2029 1047 2083 Mar.

255 2097 370 2150 387.
400 2096 628 2160 Liberis,
653 2113 684 2148 a
710 2099 908 2152 servitio
937 2099 1145 2159 diaboli,
1178 2101 1218 2154 1.

395 2167 803 2238 ῥεεθτθιιιίυιιξ.
830 2169 1210 2238 απὶνηιαηιίὺυε.
1240 2169 1277 2224 ι.

253 2237 367 2290 590.
395 2236 509 2300 Est,
541 2235 734 2288 scilicet
758 2235 884 2302 illis,
907 2238 945 2292 l.

1787 1687 1835 1747 B
1932 1689 2056 1743 591.
2077 1691 2365 1756 Coquebat,
2385 1693 3014 1761 parabat.—Disserente,
3035 1693 3140 1747 lucc
3153 1695 3366 1757 dicente,
3386 1693 3424 1746 Ι.

1929 1761 2052 1813 592.
2082 1761 2392 1831 Subdolatn,
2427 1762 2827 1831 fraudulentam,
2862 1763 2900 1817 1.

1926 1830 2050 1884 595.
2074 1830 2466 1893 Stomacbatus,
2496 1833 2654 1885 iratus
2684 1849 2702 1886 :
2721 1833 3024 1894 stomachor,
3054 1833 3268 1892 irascor,
3300 1831 3338 1885 l.

1924 1900 2048 1972 5‘94.
2079 1901 2364 1972 Bilemque,
2384 1901 2752 1972 fel,ineidiam,
2784 1903 2858 1956 vel
2881 1904 3011 1955 iram
3041 1901 3186 1966 bilis;
3216 1901 3420 1972 nigredo

1854 1967 2013 2036 fellis,
2044 1969 2178 2022 unde
2204 1972 2283 2022 ira
2309 1967 2564 2035 procedit,
2589 1973 2628 2024 I.
2707 2029 2710 2031 λ

1923 2037 2049 2091 596.
2083 2039 2210 2092 l‘ro!
2239 2041 2562 2093 exclamative
2586 2055 2606 2093 :
2628 2039 2693 2093 ah
2726 2038 2892 2092 Deus!
2918 2039 2989 2106 l.l

1925 2108 2050 2162 599.
2076 2107 2316 2170 Perorat,
2349 2107 2594 2177 loquitur,
2621 2111 2653 2162 Ι.

1924 2179 2040 2234 401.
2077 2177 2202 2243 Fas,
2232 2179 2333 2245 lea,
2366 2177 2406 2233 l.

1484 2373 2040 2434 COMMENTARIUS.

249 2463 362 2536 578.
391 2465 511 2520 Vat.
535 2466 577 2521 Δ
604 2482 632 2521 a
658 2467 824 2536 prima
854 2483 1032 2531 manu,
1082 2467 1215 2533 Gis.,
1262 2467 1593 2533 Parrhasius,
1621 2468 1743 2523 Vat.

195 2534 425 2600 ),Alex.,
449 2534 685 2604 plerique
711 2537 1001 2599 lleinsiani,
1021 2537 1165 2602 Bong
1193 2579 1210 2603 ,
1235 2538 1433 2596 Widm.
1458 2553 1486 2590 a
1508 2539 1740 2593 secunda

195 2619 348 2670 naua,
373 2608 662 2659 terrulente.
687 2608 826 2672 Ald.,
863 2608 1079 2672 Wcitz.,
1112 2608 1268 2670 Mar..
1294 2611 1437 2673 Rob,
1487 2608 1740 2662 terrulen-

192 2690 268 2728 ια’.
298 2676 575 2751 hntiquior
627 2677 913 2751 Prudentia
940 2679 1167 2751 scriptor
1208 2682 1297 2751 qui
1340 2681 1643 2732 lerrulentus
1681 2690 1736 2734 et

191 2743 465 2800 terrulenter
492 2746 704 2804 dixerit.
734 2748 913 2800 nullus
937 2743 1188 2802 occurrit.

245 2813 590 2886 579._Coutra
641 2818 1024 2871 elementorum
1065 2819 1524 2876 consecrationem
1557 2817 1742 2886 dispu-

191 2883 475 2956 tavitetiam
500 2885 591 2938 lib.
625 2901 641 2939 t
670 2897 853 2941 contra
885 2887 1201 2954 Simmach.,
1226 2904 1366 2946 vers.
1391 2888 1496 2942 297
1511 2896 1567 2956 et
1588 2883 1737 2956 seqq.

242 2955 363 3026 58!.
394 2955 541 3020 Ald,
585 2956 713 3009 Mar.
765 2973 792 3007 a
840 2957 1007 3026 prima
1059 2972 1240 3023 manu,
1297 2961 1473 3020 Alex.,
1518 2955 1633 3026 Vat.
1664 2955 1730 3023 Ο,

1848 2470 1902 2524 in
1925 2470 2055 2524 deos
2085 2479 2287 2532 relatis,
2319 2485 2545 2538 quorum
2576 2484 2738 2525 urnas
2767 2470 2988 2524 Romani
3017 2470 3414 2526 osculabantur.

1853 2540 2155 2593 Morticinus
2187 2543 2398 2607 proprie
2427 2552 2509 2596 est
2528 2540 2589 2594 ab
2610 2556 2665 2594 se
2694 2548 2948 2602 mortuus,
2976 2555 3082 2593 non
3110 2540 3176 2594 ab
3205 2541 3307 2593 alio
3328 2556 3414 2595 oe-

1845 2611 2007 2663 cisus.
2071 2609 2336 2664 Vocantur
2380 2626 2508 2678 ergo
2549 2624 2700 2664 urnae
2729 2611 3024 2678 morticina:
3071 2610 3313 2678 sepulcra
3363 2610 3412 2664 in

1844 2679 2036 2748 quibus
2060 2694 2280 2744 corpora
2305 2671 2673 2735 defunctorum
2693 2679 2959 2746 iacebant.
2975 2671 3222 2733 Nonnulli
3255 2681 3411 2734 inter-

1847 2758 2081 2816 pungunt
2120 2748 2288 2803 Urnas
2325 2766 2526 2804 reorum
2564 2751 2855 2803 morticinas
2897 2749 3132 2814 lambere,
3184 2750 3283 2803 hoc
3331 2761 3414 2804 est

1844 2819 2086 2885 sepulcra
2116 2826 2173 2873 et
2200 2833 2391 2874 carnes
2413 2819 2742 2874 morticinas.
2767 2819 3038 2872 Fabricius
3064 2820 3199 2872 hanc
3225 2833 3413 2884 super-

1841 2902 1869 2942 s
1895 2890 2134 2954 itiOuem,
2160 2896 2218 2941 ut
2239 2899 2411 2954 vocat,
2455 2889 2594 2943 Italis
2620 2887 2836 2956 objicit,.
2854 2887 2993 2954 quod
3026 2903 3184 2941 urnas
3217 2889 3266 2941 in
3298 2891 3411 2954 qui-

1844 2957 1941 3010 bus
1973 2971 2199 3024 corpora
2235 2969 2538 3012 sanctorum
2580 2957 2757 3023 iacent
2787 2958 3178 3012 exosculantur.
3216 2957 3407 3010 Verum

190 3025 406 3103 scribunt
435 3025 714 3103 deasreatq:
750 3025 903 3103 Urb._,
936 3027 1210 3103 mendose,
1227 3031 1494 3103 disseram.
1524 3025 1734 3103 _Deascio
1765 3040 1811 3103 (ς
1843 3027 1955 3103 haec
2002 3027 2271 3103 religionis
2303 3043 2551 3103 iteratque
2575 3027 2803 3103 pietatis,
2831 3042 2941 3103 non
2992 3025 3406 3103 superstitionis,

191 3103 257 3148 :st
274 3093 411 3164 ascia
435 3093 644 3164 ltevigo.
677 3094 860 3149 Exstat
884 3097 998 3150 lucc
1023 3112 1123 3151 vox
1149 3093 1205 3152 in
1225 3100 1352 3152 Plan
1380 3113 1412 3149 o
1442 3107 1495 3149 et
1524 3098 1576 3149 in
1605 3105 1734 3150 vett.

189 3163 618 3231 inscriptiouilnts.
650 3165 804 3217 Ascia
828 3166 1040 3234 proprie
1069 3177 1151 3221 est
1179 3169 1589 3222 instrumentum
1623 3168 1732 3218 fer-

192 3248 319 3305 reum
347 3247 454 3305 quo
486 3234 617 3305 fabii
669 3235 870 3303 Iignarii
916 3235 979 3287 ad
1031 3237 1272 3302 polienda
1303 3238 1442 3305 ligna
1475 3243 1732 3290 utuntur:

191 3302 414 3369 lli~pauis
437 3303 622 3366 hacha,
679 3302 736 3357 ut
765 3319 861 3372 ego
893 3313 1060 3372 puto:
1092 3321 1212 3360 nam
1268 3302 1488 3362 ruticina
1532 3307 1738 3359 videtur

189 3384 290 3425 esse
331 3373 534 3438 cepillo,
584 3373 798 3427 scohina
850 3389 1017 3437 genus
1057 3375 1196 3429 liune
1225 3378 1288 3428 ad
1343 3374 1730 3429 abradendum.

191 3440 305 3514 Vide
353 3445 626 3514 epistolam
674 3443 926 3514 Mazochii
973 3444 1040 3498 de
1079 3445 1410 3500 dedicatione
1440 3445 1540 3514 sub
1569 3446 1734 3498 ascia.

193 3509 543 3582 Tertulliantts,
573 3513 894 3580 Apologetic.
921 3528 1042 3580 cap.
1079 3515 1174 3568 ηε
1201 3515 1265 3569 In
1292 3516 1413 3568 deos
1443 3509 1628 3566 vestros
1649 3529 1738 3582 per

190 3581 338 3632 smnia
359 3584 577 3634 membra
604 3584 892 3635 incumbunt
919 3584 1088 3648 ascite,
1121 3596 1166 3639 et
1189 3585 1436 3647 ruucimr,
1482 3593 1529 3634 et
1577 3581 1740 3635 scabi—

189 3665 274 3725 ιρις.
291 3649 581 3725 Minucius:
610 3652 743 3704 Deus
770 3653 898 3705 enim
924 3654 1142 3725 ligneus,
1169 3657 1277 3725 regi
1303 3652 1633 3725 fortasse,_vel
1662 3653 1741 3704 in-

189 3719 328 3791 felicis
366 3721 554 3788 stipitis
603 3725 798 3787 portio.
851 3723 1196 3791 suspenditur,
1230 3719 1469 3787 vca’dilur,
1511 3721 1736 3791 dolatur,

189 3790 485 3842 runcinatur.
518 3791 759 3844 Barthius
788 3790 1234 3846 ltunc’l‘rudentii
1276 3808 1486 3847 versum
1533 3790 1740 3846 confert

188 3857 268 3930 lib.
297 3874 364 3921 tv,
389 3875 506 3930 cap.
540 3859 626 3922 12,
654 3875 773 3913 cum
800 3875 955 3914 versu
981 3861 1173 3916 Tibulli
1202 3865 1336 3930 eleg.
1360 3876 1412 3916 tv
1445 3861 1534 3915 lib.
1552 3876 1608 3920 ιι.
1633 3859 1739 3930 Seu

187 3929 317 3993 s'ipes
347 3928 491 3982 habet
520 3931 741 4000 desectus
779 3932 832 3983 in
874 3933 1028 3998 agris.
1067 3933 1136 3984 Ita
1165 3928 1310 3986 enini
1349 3931 1475 4000 legit
1518 3946 1612 3996 pro
1641 3929 1732 3981 de-

187 4007 330 4049 sertus
357 4014 424 4051 ex
451 4015 556 4051 uno
588 3999 831 4053 codicum
881 4000 1264 4054 Palatiuorutn.
1318 3999 1446 4056 Nam
1476 4011 1741 4067 utennque

187 4068 316 4118 rudis
345 4070 529 4136 stipes,
560 4070 737 4135 aliquo
761 4078 936 4123 tamen
971 4070 1126 4122 modo
1154 4073 1326 4124 cultus
1371 4079 1508 4134 erat,
1557 4080 1611 4121 ut
1647 4069 1737 4136 qui

187 4152 362 4188 ttutnett
390 4138 603 4206 aliquod
623 4141 760 4192 inter
785 4149 1008 4192 cmteros
1035 4139 1556 4195 credereturhabere
1572 4140 1736 4190 solus.

184 4206 281 4279 Qua
308 4205 601 4279 dere’dixi
627 4209 691 4261 ad
721 4223 860 4279 vers.
881 4210 1018 4261 1005
1042 4210 1131 4263 lib.
1163 4226 1196 4263 ιι
1229 4211 1280 4262 ἰιι
1322 4210 1552 4279 Symm.,
1586 4207 1638 4260 in
1668 4208 1742 4279 si:

184 4275 279 4326 inili
301 4276 472 4328 Ovidii
514 4292 690 4330 versu.
735 4278 837 4332 Sed
870 4283 1042 4332 Verior
1069 4280 1276 4334 videtur
1299 4275 1453 4333 lectio
1480 4293 1636 4346 quant
1667 4276 1740 4329 ibi

185 4345 418 4416 iudicavi,
439 4347 664 4400 desertus
686 4362 712 4398 a
731 4349 926 4411 desero,
954 4364 982 4401 a
1015 4365 1118 4416 quo
1142 4359 1225 4403 est
1253 4350 1416 4402 desevi
1441 4345 1738 4408 et’deserni,

183 4415 360 4485 desitus
389 4425 444 4469 et
471 4418 718 4472 desertus.
752 4418 849 4470 hoc
879 4427 960 4470 est
1009 4419 1294 4485 plantatus.
1345 4417 1449 4472 Alii
1496 4416 1739 4485 scribunt

183 4480 383 4549 dissero,
435 4487 636 4550 disseri,
679 4487 916 4551 disserui,
961 4480 1223 4550 dissertus,
1269 4488 1501 4550 dissitas,
1551 4484 1755 4538 eadem.

182 4555 575 4620 signiﬁcatione.
623 4557 933 4612 Macrobius.
977 4557 1068 4609 lib.
1119 4572 1175 4611 ιιι
1204 4558 1342 4619 Sat.,
1372 4571 1490 4619 cap.
1521 4557 1609 4614 l8.
1641 4553 1741 4607 bos

183 4621 348 4696 Silet?“
371 4639 556 4696 versus
585 4625 864 4696 exfcribit:
903 4624 1013 4678 Hoc
1032 4642 1187 4696 genus
1214 4627 1408 4679 arboris
1430 4627 1481 4678 in
1511 4623 1740 4696 prwlutis

182 4693 354 4809 quibus
411 4692 584 4747 Graiis
641 4694 965 4760 Disseruere,
1008 4692 1158 4748 novos
1207 4697 1404 4765 fructus
1446 4692 1742 4746 mortalibus

182 4772 359 4809 tamex-
1351 4800 1360 4809 .

179 4772 359 4815 dantes.
1351 4800 1360 4809 .

240 4832 363 4885 389..
396 4830 690 4886 Simulacra
720 4833 843 4886 olim
870 4832 920 4886 in
953 4833 1060 4886 basi
1085 4833 1300 4888 inscribi
1325 4834 1594 4888 solebant:
1621 4831 1744 4884 hinc

180 4915 294 4970 saxa
331 4903 600 4970 inscripta.
638 4909 784 4956 sues
822 4902 1231 4957 inunolabantur
1271 4905 1473 4966 Cereri,
1518 4901 1737 4970 Cybele.

184 4969 329 5024 bona:
382 4971 528 5036 Deut,
579 4970 752 5034 Marti,
804 4973 1074 5026 Termino.
1126 4974 1232 5026 Eos
1271 4987 1395 5025 sues
1439 4985 1544 5024 non
1584 4969 1744 5023 fuisse

183 5040 384 5108 proprie
414 5054 618 5101 verres,
642 5043 734 5094 sed
762 5041 995 5099 maiales,
1025 5050 1139 5102 aut,
1173 5051 1229 5093 ut
1276 5041 1444 5093 Varro
1474 5039 1731 5108 appellat,

182 5110 454 5162 mtrendes
480 5149 496 5172 ,
547 5118 691 5162 notat
735 5109 1025 5163 Fabricius.
1077 5110 1257 5163 Itill‘ert
1299 5121 1476 5162 autem
1517 5125 1545 5160 a
1588 5121 1742 5163 verre

180 5178 398 5240 maialis,
430 5188 488 5230 ut
515 5177 584 5229 ab
609 5178 774 5233 ariete
803 5193 1018 5243 vervex,
1045 5178 1114 5232 ab
1141 5193 1278 5245 equo
1307 5179 1633 5242 cantherius,
1690 5187 1745 5230 et

178 5249 237 5297 ab
264 5247 413 5301 hirco
439 5260 620 5316 caper.
1640 5314 1647 5316 Α
1678 5315 1683 5316 γ
1712 5269 1725 5286 ~

239 5316 362 5386 585.
388 5314 534 5386 Ald.,
555 5315 779 5381 Widm.,
806 5317 994 5386 Boug.,
1028 5317 1138 5371 Vat.
1158 5318 1224 5383 ρ,
1251 5316 1485 5373 scribunt
1527 5314 1745 5381 olfellis;

178 5387 262 5436 sed
285 5385 356 5438 ab
375 5385 483 5454 oﬂ'a
511 5387 623 5440 fieri
650 5389 854 5454 ofellam
883 5385 1074 5440 extrito
1111 5404 1214 5440 uno
1245 5389 1286 5452 f,
1334 5385 1524 5452 probat
1571 5399 1742 5452 quan-

180 5454 292 5524 tritas
317 5453 506 5523 prima:
532 5456 752 5520 vocalis,
798 5456 914 5524 quae
955 5467 1038 5509 est
1069 5456 1266 5511 brevis.
1321 5456 1376 5508 In
1426 5455 1600 5524 glossa
1644 5461 1740 5521 pro

178 5523 397 5588 fructum
414 5524 641 5580 fortasse
667 5523 941 5592 legendum
973 5527 1208 5589 frustum.

243 5593 366 5648 585.
405 5593 763 5648 Nebrisscnsis
796 5593 920 5662 legit
944 5594 1169 5660 deorum,
1217 5609 1321 5647 non
1366 5594 1519 5647 male.
1577 5592 1740 5646 Iuliis

181 5664 420 5716 versibus
445 5679 622 5718 sermo
644 5672 724 5716 est
779 5674 832 5717 ut
863 5678 960 5732 ego
990 5664 1194 5732 opinor,
1227 5665 1293 5718 de
1334 5665 1740 5730 imperatoribus

1842 3099 2013 3167 signa,
2036 3097 2173 3160 apud
2223 3113 2408 3151 omnes
2451 3097 2766 3167 catholicos
2797 3097 2990 3161 vigent,
3036 3106 3096 3167 et
3127 3098 3409 3167 viguerunt

1837 3165 2073 3231 semper,
2105 3179 2161 3219 tit
2187 3182 2250 3221 ex
2285 3170 2400 3235 ipso
2435 3166 2727 3221 Prudentia
2760 3166 2942 3232 liquet.
2967 3165 3102 3233 Quid
3125 3180 3252 3233 ergo
3280 3165 3409 3218 Pru-

1837 3237 2048 3290 dentius
2077 3238 2303 3290 ethnicis
2322 3237 2646 3302 exprobrat?
2675 3235 2825 3302 Quod
2875 3235 3112 3288 homines
3156 3246 3209 3288 et
3237 3235 3406 3288 scele-

1837 3317 1980 3360 ratos
2005 3307 2351 3374 quidem,pro
2373 3308 2490 3361 deis
2517 3308 2774 3360 colerent.
2825 3304 2939 3359 Non
2983 3305 3125 3374 enim
3158 3317 3218 3358 ea
3237 3319 3408 3374 vene-

1839 3373 2059 3430 rationis
2073 3375 2325 3444 obsequia
2352 3378 2455 3430 illis
2476 3374 2820 3438 exhibebant,
2839 3385 3087 3443 tanquam
3105 3373 3408 3444 hominibus

1837 3457 2057 3511 sanctis,
2087 3442 2304 3513 verique
2334 3445 2428 3501 Dei
2457 3446 2661 3511 amicis,
2693 3446 2788 3499 sed
2813 3442 3060 3515 tanquam
3089 3444 3299 3512 propria
3326 3442 3407 3496 di-

1841 3516 2055 3570 vinitate
2085 3517 2341 3576 przcditis.

1908 3585 2034 3638 587.
2067 3583 2259 3638 Weitz.
2291 3600 2409 3637 cum
2435 3585 2700 3638 nonnullis
2729 3583 2864 3650 suis,
2893 3583 3128 3650 fortibm,
3148 3592 3192 3635 et
3214 3582 3405 3634 liberis.

1841 3652 2065 3707 Metrum
2095 3655 2323 3718 postulat
2347 3655 2660 3720 fortibusque
2679 3663 2748 3707 et.
2779 3649 2943 3704 Iubeo
2974 3653 3063 3703 tibi
3084 3651 3406 3720 Grmcismus

1837 3733 1921 3775 est
1945 3722 2257 3788 posterioris
2287 3719 2407 3787 avri,
2455 3719 2612 3788 (luant
2655 3723 2802 3776 aurei
2850 3721 3028 3772 surculi
3059 3719 3406 3788 scriptoribus

1841 3787 2181 3844 familiarior.
2213 3787 2490 3858 Scioppius
2532 3799 2777 3858 tanquam
2825 3789 3053 3842 nimiuie
3083 3789 3322 3841 Latinum
3355 3787 3405 3839 id

1839 3859 2160 3914 defendebat
2182 3874 2244 3914 ex
2277 3860 2556 3922 Cicerone,
2587 3859 2739 3911 Livio
2763 3868 2818 3912 et
2847 3859 2984 3911 aliis.

1909 3931 2036 3984 588.
2065 3930 2236 3997 Aliqui
2269 3929 2464 3984 habent
2494 3930 2642 3982 nihil.
2687 3929 2739 3981 lu
2775 3929 2890 3978 Vat.
2927 3929 2982 3980 li.
3029 3927 3096 3981 ita
3130 3927 3181 3978 hi
3214 3940 3402 3978 versus

1840 3999 2228 4066 disponuntur:
2284 3999 2336 4053 I.
2364 3999 2510 4052 Nihil
2555 3999 2765 4066 pavori;
2807 3997 2860 4050 2.
2907 3997 3000 4050 Nil
3020 4007 3093 4050 est
3119 4012 3321 4059 amore;
3350 3997 3405 4049 5.

1841 4067 1937 4121 Dei
1959 4069 2209 4135 perennis.

1916 4133 2039 4193 asa.
2075 4138 2193 4192 Vat.
2221 4139 2286 4202 Α,
2337 4138 2396 4202 B,
2439 4137 2505 4204 ρ,
2535 4137 2752 4203 Weitz.,
2785 4136 2983 4191 Widm.
3016 4151 3196 4200 ευμττι,
3242 4133 3408 4204 etalii

1843 4209 1921 4261 vel
1945 4223 1974 4260 a
1994 4209 2178 4273 prima,
2203 4211 2284 4261 vel
2309 4223 2336 4260 a
2361 4203 2590 4262 secunda
2619 4223 2796 4272 utanu,
2821 4223 3026 4259 numen.
3048 4207 3221 4269 Alex.,
3251 4203 3406 4273 Uri»,

1843 4278 1973 4338 Mar,
1996 4271 2030 4328 'a
2065 4279 2233 4345 prima
2263 4293 2442 4346 manu,
2473 4276 2596 4330 Rat.
2630 4293 2659 4330 a
2690 4271 2853 4331 veteri
2885 4290 3066 4338 uiauu,
3100 4276 3241 4335 Ald.,
3276 4271 3404 4324 Par-

1844 4348 2072 4410 rhasius,
2107 4362 2310 4400 nomen.

1769 4387 1816 4446 υ
2332 4414 2484 4483 Non.
2517 4413 2661 4476 Rat,
2693 4415 2766 4467 nil
2794 4414 2967 4483 pavori
2995 4422 3084 4464 est.
3127 4410 3240 4483 Non
3283 4425 3404 4483 oon.

1844 4494 1947 4538 stat
1978 4499 2181 4540 versus.
2210 4485 2390 4547 Fabr.,
2425 4482 2558 4543 Gis.,
2589 4479 2944 4549 lleius.,'nihil
2966 4491 3038 4534 est
3063 4481 3258 4549 pavori.
3285 4479 3406 4532 Par.

1846 4556 2070 4614 Haasius,
2094 4554 2235 4612 ΑΜ..
2273 4554 2524 4613 llailsbr..
2547 4556 2724 4616 Alex.,
2745 4564 2798 4606 et
2819 4553 2932 4615 alii,
2963 4550 3091 4603 nihil
3121 4549 3291 4621 pavori
3311 4559 3411 4602 est.

1844 4623 1990 4686 Ald.,
2037 4635 2364 4692 repugnante
2390 4622 2644 4677 carminis
2699 4623 2832 4692 lege,
2886 4622 3092 4689 trajecit.
3121 4618 3285 4673 verba
3313 4628 3410 4683 est,

1844 4707 1889 4746 rt
1921 4709 2054 4745 mors
2085 4709 2180 4758 pro
2208 4702 2298 4753 est,
2332 4708 2466 4744 mors
2495 4702 2558 4744 el.

1914 4764 2038 4816 598.
2070 4763 2218 4827 Ald.,
2248 4762 2524 4825 mendose,
2544 4763 2702 4828 phoro
2731 4777 2826 4827 pro
2853 4761 2984 4830 foro.

1914 4831 2036 4885 599.
2073 4826 2213 4894 Ald,
2241 4832 2395 4891 Man,
2430 4826 2607 4900 9mg"
2642 4826 2862 4892 Weitz.,'
2888 4833 3032 4892 Bat.,
3067 4826 3401 4900 Parrhasius,

1844 4901 2084 4955 Torntcs.
2136 4911 2187 4954 et
2233 4902 2342 4963 alii,
2389 4901 2470 4952 hic
2509 4897 2727 4967 perorat.
2768 4900 3073 4953 Gallandins
3115 4906 3327 4967 sei-ntus
3358 4897 3406 4946 id

1845 4981 1945 5034 est,
1980 4985 2040 5023 ac
2073 4971 2270 5029 putavit
2301 4966 2548 5023 mendum
2577 4985 2695 5023 esse
2726 4970 2776 5022 itt
2806 4966 3164 5024 Cliamillardn
3188 4980 3246 5017 ac
3268 4979 3405 5034 pero.

1845 5050 1944 5095 rat.
1969 5042 2040 5093 At
2063 5040 2306 5093 lleinsins
2335 5039 2568 5106 prmtulit
2593 5055 2652 5090 ac
2675 5047 2875 5107 perorat
2905 5036 3235 5107 cumAEgm"
3264 5036 3403 5107 PaL,

1845 5109 2076 5168 'l'ltuan..
2111 5109 2315 5170 Ninus"
2338 5104 2466 5162 Vat.
2498 5113 2562 5171 Α,
2600 5104 2753 5162 Alex.
2782 5117 2834 5159 et
2863 5107 3002 5159 aliis.
3029 5105 3129 5158 Pro
3157 5104 3405 5168 perditus,

1849 5181 2001 5244 l’rag.
2035 5179 2192 5232 habet
2217 5179 2440 5248 perdi‘tos
2481 5193 2599 5230 cum
2645 5179 2743 5248 hac
2773 5178 2969 5243 glossa,
3017 5176 3068 5226 id
3098 5182 3169 5248 est
3211 5173 3404 5248 orando

1843 5235 2022 5301 suadet
2051 5235 2272 5317 perditos
2301 5235 2392 5300 sibi
2422 5248 2640 5300 credere.
2695 5235 2886 5300 Veiiqu
2933 5235 3116 5315 parum
3149 5241 3332 5295 Latine
3355 5242 3403 5292 id

1844 5320 2126 5370 diceretur.

1914 5386 2036 5438 401.
2071 5386 2218 5450 Alil.,
2248 5385 2498 5439 llailsbr..
2531 5385 2574 5438 0
2602 5385 2680 5451 {as
2703 5386 2919 5454 piorum.
2948 5382 3131 5437 Melius
3154 5381 3400 5454 priorum.

1849 5455 1902 5506 ln
1934 5448 2393 5522 nonnullis-vulg“
2427 5448 2926 5522 motis,pcrper.-un,
2977 5468 3072 5519 pro
3100 5453 3270 5501 moris.
3305 5448 3402 5522 Ne-

1847 5525 2148 5586 biisseusis,
2175 5524 2260 5592 qui
2290 5518 2410 5575 citur
2443 5518 2779 5591 Aldolegit'o
2807 5527 2886 5592 [as
2914 5518 3133 5592 piarunt,
3164 5518 3400 5586 exponit,

1846 5594 1942 5644 heu
1968 5594 2146 5661 pietas,
2176 5591 2205 5643 ο
2236 5599 2312 5662 [as
2332 5593 2350 5643 .'
2381 5593 2486 5646 υω
2515 5604 2687 5650 autem
2709 5596 2842 5648 solet
2872 5595 2946 5661 fas
2974 5591 3036 5646 dc
3068 5591 3148 5644 his
3179 5604 3290 5658 qum
3313 5600 3398 5652 per

1848 5662 2155 5730 religionem
2187 5663 2363 5715 licent.
