3968 6288
125 335 226 390 ηε

129 442 224 499 490
365 443 567 500 Credas
595 447 822 501 cremari
853 433 1091 502 stridulis
1123 447 1450 502 cauteribus.

300 533 550 589 Miserum
580 536 797 604 putatis,
827 537 968 606 quod
1007 540 1223 592 retortis
1254 538 1458 606 pendeo

372 627 633 682 Esteutus
659 628 818 692 ulnis,
848 629 988 698 quod
1018 629 1349 684 revelluntur
1380 628 1562 696 pedes,

368 717 641 788 Compago
672 720 850 774 nervis
876 722 1019 790 quod
1049 732 1204 776 sonat
1227 721 1571 786 crepantibus
1595 738 1608 772 :

371 807 463 861 Sic
493 807 756 876 eiulantes
785 823 906 862 ossa
935 811 1168 863 clamant
1197 809 1382 875 dividi,

130 897 226 952 49³3
373 897 583 951 Nodosa
619 905 832 966 torquet
861 915 996 966 quos
1025 899 1258 968 podagra
1289 909 1344 953 et
1373 896 1641 952 arthrisis.

315 988 527 1058 1110
555 987 794 1043 llorrctis
826 1003 1018 1051 omnes
1053 989 1214 1044 hasce
1249 990 1556 1042 carnilicum
1591 1001 1703 1039 ma-

633 1143 638 1147 _
905 1095 915 1102 -
1487 1077 1628 1150 [ιιυε.

377 1171 510 1225 Num
541 1172 784 1227 mitiores
812 1180 937 1225 sunt
965 1185 1154 1224 manus
1183 1169 1532 1231 medentium,

379 1262 612 1317 Laniena
639 1263 852 1331 quando
880 1263 1035 1317 smvit
1060 1261 1480 1332 l-lippocratica?

1245 333 1802 414 PERISTEPIIANON
1843 337 2054 392 IIVMN.
2100 338 2164 392 Χ.

1723 453 1772 509 Δ

3280 341 3381 397 486

2049 448 2239 502 Vivum
2273 461 2488 526 secatur
2514 451 2712 513 viscus,
2745 461 2799 504 et
2829 465 3017 505 recens
3044 465 3203 503 cruor

1805 538 1908 594 500
1981 538 2242 605 Scalpella
2272 539 2444 605 tingit.
2473 540 2599 592 dntn
2631 541 2853 609 putredo
2874 540 3197 594 abraditur..

1924 627 2132 693 Putate,
2165 629 2362 682 ferrum
2391 630 2540 696 triste
2564 631 2846 700 chirurgos
2876 631 3008 684 tneis

1880 708 1894 715 ’
1987 722 2193 789 1111
2225 719 2423 773 lul'errc
2449 721 2634 784 costis,
2660 721 2797 788 quod
2828 733 2973 775 secat
2999 721 3305 776 salubriter.

1985 810 2099 863 Non
2131 818 2214 864 est
2241 825 2480 864 amarum
2510 827 2618 878 quo
2648 813 2968 867 reformatur
2993 816 3158 868 salus.

1984 897 2245 951 Videntur
2267 899 2357 952 isti
2385 914 2606 968 carpere
2634 913 2780 957 artus
2807 903 3012 958 tabidus
3039 923 3050 956 :

1984 986 2091 1042 Sed
2121 989 2252 1041 dant
2281 989 2541 1042 medelam
2574 994 2731 1045 rebus
2755 993 2896 1048 intus
2919 995 3133 1050 vividis.

1915 1079 2044 1146 Quis
2074 1080 2243 1134 nescit
2273 1091 2450 1134 autem
2482 1094 2676 1150 quanta
2709 1088 3012 1154 corruptela
3040 1090 3111 1141 sit

1884 1180 1888 1184 '
1982 1170 2369 1226 Contaminatte
2397 1171 2595 1235 carnis,
2626 1189 2689 1227 ac
2709 1175 2994 1230 solubilis?

1985 1260 2202 1328 Sordet,
2237 1261 2507 1328 tumescit,
2540 1263 2782 1332 liquitur,
2809 1267 2928 1320 letct
2953 1307 2968 1330 ,
2995 1267 3170 1334 dolet,

1810 987 1913 1042 503

1417 1394 1702 1451 GLOSSAE
1745 1395 2077 1452 VETERES.

203 1513 319 1567 490.
349 1511 697 1574 Cauterihns,
730 1510 833 1573 hic,
876 1520 922 1563 rt
967 1509 1074 1563 harc
1120 1510 1404 1562 cauterium
1454 1509 1574 1578 facit
1609 1507 1699 1561 sub

139 1583 350 1636 secunda
380 1591 426 1633 et
458 1583 606 1634 tertia
643 1580 1007 1645 declinatione;
1041 1590 1088 1632 et
1125 1580 1319 1632 dictum
1361 1581 1642 1631 cauterium
1670 1595 1702 1630 α

140 1662 274 1705 caute
299 1654 569 1705 tenmdum
596 1668 657 1704 ne
680 1666 733 1703 se
759 1651 912 1702 homo
941 1662 1206 1718 coquatur,
1240 1652 1279 1702 Ι.

1809 1523 2166 1581 crussuntmus
2182 1507 2407 1560 medicus
2421 1509 2577 1581 ;_inde
2587 1511 2890 1580 adjectivum
2912 1511 3322 1581 Hippocraticus,
3343 1517 3380 1570 Ι.

1882 1577 2009 1632 499.
2039 1578 2243 1638 Viscits,
2271 1594 2409 1644 caro,
2449 1579 2484 1630 l.

1883 1646 2326 1726 50οηὃιιειΙ-ιξιῑιιει,⁸
2351 1651 2402 1699 td
2441 1659 2512 1700 est
2545 1649 2756 1716 ferrum,
2780 1651 2962 1720 quibus
2991 1653 3259 1707 abraditur
3290 1674 3381 1726 pn-

207 1721 329 1776 495.
365 1721 573 1774 Νυιιυεςι
595 1761 610 1782 ,
641 1736 753 1790 qua:
775 1720 923 1790 nodis
952 1715 1099 1774 inest.
1127 1747 1195 1759 -
1224 1715 1514 1790 Arthrisis,
1542 1716 1707 1790 arthe-

1821 1717 1958 1790 tredo
1981 1718 2042 1769 ab
2054 1715 2281 1790 ossibus,
2313 1721 2349 1770 Ι.

140 1794 229 1853 sis,
254 1793 328 1844 vel
355 1791 528 1844 artisis
564 1787 792 1842 dentium
821 1789 997 1853 dolor,
1025 1790 1102 1842 uel
1129 1789 1456 1841 communiter
1476 1787 1704 1838 ninnium

140 1862 461 1914 articulorum
476 1872 551 1923 ,‘et
562 1860 778 1924 sumpsit
795 1875 974 1911 nomen
992 1874 1024 1910 a
1036 1861 1270 1928 passione
1284 1857 1638 1928 :rticulornm,
1661 1857 1700 1928 l.

211 1933 330 1986 498.
365 1933 620 1996 Laniena,
650 1930 841 1998 ferrum
862 1925 1180 1994 medicabile,
1214 1930 1287 1998 uel
1317 1929 1458 1998 locus
1485 1927 1569 1998 ubi.
1593 1925 1705 1978 uni-

141 2002 282 2054 tnalia
303 1995 612 2062 mactantur,
641 1995 715 2052 uel
735 1999 843 2068 ipse
862 2000 1113 2068 pecudum
1129 1997 1348 2068 laniatur
1366 2006 1411 2050 e.‘
1429 1995 1697 2068 hominum

140 2073 358 2140 carnifex
385 2070 698 2122 alaniatura
733 2066 916 2122 dictus.
949 2067 1166 2121 Laniola
1211 2067 1359 2140 locus
1400 2066 1482 2119 ubi
1525 2066 1709 2118 medici

141 2137 324 2210 faciunt
369 2141 649 2210 medicinas
671 2178 688 2203 ,
726 2146 773 2192 et
811 2141 1228 2210 laniant‘carnes
1267 2137 1611 2210 infirmorum.
1635 2165 1707 2210 τ-

143 2205 522 2277 llippucratin-a.
543 2208 883 2279 Hippocrates
913 2207 1168 2270 medicus;
1195 2207 1314 2260 inde
1340 2205 1709 2279 Hippocratica

142 2275 318 2334 dicitur
355 2275 630 2346 medicina,
655 2275 692 2332 ἰι
723 2279 950 2349 principe
976 2281 1283 2332 ntedtcorum
1312 2277 1476 2330 dicta.
1504 2275 1709 2345 Hippo—

1883 1789 2008 1840 501.
2037 1787 2352 1858 Chirurgus,
2393 1789 2616 1842 medicus
2639 1790 2848 1854 dicitur,
2880 1792 2966 1858 qui
2999 1794 3227 1846 homines
3254 1795 3371 1846 inci-

1810 1857 1928 1910 dere
1967 1856 2091 1910 solet
2113 1871 2155 1928 ;_
2175 1857 2442 1926 chirurgus
2492 1877 2522 1910 a
2571 1876 2810 1912 manuum
2857 1856 3146 1928 operatione
3181 1863 3381 1916 dictus:

1811 1936 1946 2001 lup
1967 1924 2290 2001 enimCratce
2311 1924 2490 1980 manus
2514 1930 2723 2001 dicitur.
2756 1924 2991 2001 Chirurgi
3017 1933 3197 1984 medici
3227 1951 3381 1987 manu

1814 1997 2114 2048 medicinam
2143 2006 2446 2062 operantes;
2482 1997 2624 2048 thira
2655 2001 2787 2050 enim
2819 1997 2995 2054 Greece
3025 2018 3203 2055 manus
3231 2019 3250 2055 .·
3272 2019 3379 2056 ent-

1811 2067 1957 2137 pirici
2004 2082 2140 2132 vero,
2180 2075 2376 2118 tantum
2417 2067 2673 2120 intellectu
2715 2070 2945 2122 morbum
2988 2083 3380 2137 cognoscentes,

1811 2136 2024 2189 salutem
2052 2151 2323 2258 carrorum
2353 2146 2546 2188 tantum
2573 2153 2689 2191 race
2715 2140 2970 2203 indicant,
2997 2136 3230 2194 inanibus
3258 2144 3381 2195 nihil

1812 2214 2076 2258 ooernntes
2093 2247 2106 2258 .
2165 2245 2180 2258 .

1812 2214 2076 2274 aperantcs
2093 2247 2106 2267 ,
2141 2214 2180 2258 Ι.

1884 2276 2011 2330 504.
2046 2275 2164 2344 Isti,
2193 2274 2436 2344 chirurgi,
2467 2275 2500 2328 Ι.

1475 2416 2010 2474 COMMENTARlUS

239 2533 325 2588 90.
355 2531 554 2588 Widm.
594 2546 777 2601 supra,
806 2531 1024 2585 cremari
1053 2538 1106 2585 ut
1145 2530 1398 2601 stridulis.
1431 2529 1553 2584 Ald.
1595 2530 1710 2584 edi-

143 2603 282 2657 derat
306 2605 614 2666 cauteribus,
663 2600 896 2657 correxit
951 2601 1213 2656 cauteriis.
1265 2600 1370 2656 Sed
1422 2603 1710 2655 cauteribus

145 2683 426 2744 verum_est
451 2691 464 2727 :
495 2688 606 2744 quo
622 2671 888 2744 vocabulo
920 2672 1056 2744 alias
1081 2672 1242 2726 etiam
1271 2672 1436 2725 utitur
1463 2670 1705 2744 Prmletl-

143 2748 258 2800 tius.
298 2742 486 2800 Glossa
516 2741 753 2798 ’ridicula
800 2751 905 2798 est.
944 2743 1257 2810 Quanquam
1290 2756 1481 2796 omnes
1523 2741 1708 2809 hujus-

144 2829 288 2871 cemo
308 2815 342 2869 fi
370 2815 666 2883 glossarum
699 2811 928 2881 ineptias
957 2821 1142 2867 notare
1173 2829 1277 2865 nun
1316 2811 1415 2866 l‘uit
1447 2815 1658 2867 attitnus
1689 2829 1702 2864 :

145 2885 275 2954 quod
306 2886 350 2939 si
379 2894 503 2938 ante
533 2898 639 2939 non
663 2884 864 2948 monui,
891 2898 1032 2954 nunc
1056 2897 1270 2954 moneo.

207 2955 332 3010 491.
361 2955 636 3009 Neminem
668 2954 776 3008 vidi
816 2953 903 3018 qui
940 2968 1044 3007 non
1077 2952 1175 3006 hos
1201 2965 1386 3006 versus
1413 2950 1480 3005 de
1507 2952 1709 3020 suppli-

1812 2530 2018 2585 laborat
2057 2540 2115 2584 ut
2156 2529 2472 2600 persuadeat
2510 2529 2714 2584 inscitia
2749 2530 2950 2587 Grzecae
2979 2533 3170 2597 liuguze
3202 2553 3378 2600 nn,us~

1811 2602 1956 2655 modi
1986 2601 2207 2672 vol-ibus
2243 2603 2314 2672 ita
2357 2602 2598 2654 lonuatis
2627 2615 2778 2672 tlstttn
2822 2601 2984 2658 fuisse
3013 2604 3378 2672 Prudentium,

1807 2681 1860 2725 et
1882 2671 2112 2743 inediom
2143 2671 2195 2726 in
2225 2671 2304 2743 eis
2328 2672 2671 2743 corripuisse.
2704 2670 2832 2726 Nam
2867 2674 3090 2741 primum
3109 2675 3218 2743 jatu
3246 2670 3376 2732 con?

1807 2740 1951 2794 cedit
1989 2741 2200 2794 tertiam
2229 2739 2428 2794 Latinis
2450 2756 2570 2794 eSse
2601 2744 2679 2796 sic
2703 2744 2833 2795 satis
2855 2739 3033 2796 notam
3058 2761 3073 2809 ;
3103 2739 3198 2800 sed
3226 2749 3293 2800 ita
3324 2759 3381 2802 ut

1811 2810 2006 2886 (addit)
2035 2809 2308 2886 luven_alis
2328 2853 2365 2886 ,Α
2387 2809 2638 2886 Martialis
2676 2822 2729 2886 e_t
2775 2812 2860 2886 alii
2892 2810 3075 2886 Graece
3101 2815 3241 2870 docti
3265 2819 3382 2886 ejus

1812 2880 2044 2953 inediam
2084 2881 2464 2953 produxerim,
2504 2880 2652 2953 solus
2690 2881 3011 2937 Prudentius
3039 2880 3382 2953 corripuerit.

1815 2950 2016 3006 Deinde
2057 2949 2178 3006 cum
2229 2949 2546 3006 Prudentius
2583 2952 2692 3018 jam
2734 2966 2829 3005 sua
2865 2962 3020 3007 aetate
3048 2949 3257 3010 videret
3294 2969 3383 3012 eas

145 3024 222 3103 ciu
242 3024 409 3080 eculei
441 3026 689 3103 accipiat.
713 3027 790 3103 A_c
819 3024 1089 3103 τείνει-»χιιι
1119 3022 1399 3103 Vincentio
1431 3037 1577 3103 vers.
1607 3022 1708 3103 109
1733 3039 1782 3103 ο
1814 3036 1972 3103 voces
1995 3021 2048 3075 iu
2076 3037 2177 3103 usu
2205 3035 2346 3103 esse,
2369 3031 2423 3074 et
2446 3022 2694 3103 ita_vulgo
2716 3021 3042 3088 pronuntiarl
3072 3027 3382 3103 (quisenim

145 3094 194 3149 ei
217 3109 365 3164 seqq.
395 3091 585 3149 eodem
630 3093 790 3164 modo
829 3092 1059 3147 describi
1078 3091 1297 3164 videtur
1334 3093 1573 3164 eculeus.
1607 3092 1709 3164 Ve-

147 3181 259 3219 rum
288 3161 341 3219 in
361 3165 602 3220 Romano
634 3165 685 3218 id
713 3163 922 3229 obstat,
950 3161 1093 3233 quod
1128 3162 1290 3231 judex
1328 3162 1561 3228 iusserat
1587 3161 1708 3230 qui-

147 3235 262 3289 dem
296 3236 589 3289 li0tnanum
629 3233 816 3290 eculeo
853 3232 1122 3301 torqueri,
1167 3233 1260 3287 sed
1287 3233 1588 3286 admonitus
1614 3248 1710 3285 nu-

148 3305 304 3360 ltilem
326 3320 450 3360 esse
481 3307 681 3370 virtttn,
728 3302 881 3357 lubet
923 3303 1144 3356 amoveri
1183 3301 1438 3356 noxialem
1468 3305 1707 3372 stipitem,

151 3372 346 3429 Plebeia
399 3375 596 3429 clarum
642 3391 788 3442 plena
832 3389 896 3427 ne
935 3372 1136 3426 damnet
1168 3373 1355 3426 uirum.
1401 3372 1534 3427 Vide
1569 3388 1708 3428 vers.

149 3445 244 3499 108
286 3454 342 3499 et
384 3461 536 3514 seqq.
586 3445 845 3498 Prazterea
892 3453 1096 3514 certum
1138 3455 1225 3496 est
1254 3451 1517 3512 martyres
1555 3455 1704 3497 extra

147 3516 380 3569 eculeum
401 3511 709 3583 suspensos,
736 3512 1000 3567 interdum
1036 3511 1201 3568 fuisse
1230 3511 1439 3581 ungulis
1463 3515 1710 3566 excarni-

148 3584 327 3638 Iicatus
356 3602 371 3638 :
402 3600 524 3638 natu
554 3584 1035 3653 suspendebantur,
1060 3591 1126 3653 nt
1160 3583 1440 3636 carniﬁces
1468 3596 1710 3636 cornua-

147 3653 261 3707 dius
286 3656 497 3722 ungulis
524 3652 747 3719 corpora
777 3663 1080 3707 exararent.
1113 3652 1294 3719 Itaque
1326 3653 1594 3720 probabile
1629 3662 1714 3706 est

148 3723 438 3778 Romanum
481 3739 798 3790 suspensum
845 3722 1011 3777 fuisse
1061 3722 1295 3776 brachiis
1342 3732 1460 3788 pust
1508 3733 1712 3790 tergum

149 3793 424 3863 revinctis,
453 3806 612 3863 atque
637 3793 752 3862 ejus
785 3792 1008 3863 pedibus
1027 3793 1206 3863 gravia
1233 3791 1466 3863 pondera
1497 3792 1710 3861 alligata

147 3862 325 3921 fuisse.
360 3864 492 3919 Vide
517 3861 748 3918 tabulam
779 3879 816 3928 I,
845 3863 922 3925 lit,
952 3861 1012 3926 Β,
1043 3873 1098 3917 et
1125 3861 1361 3916 tabulam
1389 3876 1508 3926 snt,
1541 3862 1619 3916 lit.
1643 3865 1708 3915 Α.

151 3933 364 3990 Fulvius
386 3933 650 3990 Cardulus
668 3938 720 3987 itt
741 3943 851 3987 not.
870 3932 936 3984 ad
958 3934 1079 3986 hist.
1097 3933 1196 3987 SS.
1220 3943 1512 4001 martyrum
1532 3932 1709 3985 Abun-

148 4004 216 4057 dii
242 4015 295 4059 et
320 4019 434 4060 soc.
464 4005 673 4058 tradita
702 4002 968 4058 nonnulhs
997 4001 1207 4056 deliuiri
1229 4003 1475 4056 eculeum
1501 4039 1516 4064 ,
1554 4019 1712 4070 genus

151 4081 381 4128 tormenti
409 4090 512 4141 quo
539 4074 714 4126 vinctis
740 4071 1227 4142 supernemanibus,
1259 4080 1310 4124 et
1329 4072 1566 4142 appensis
1587 4075 1714 4125 utri-

147 4160 238 4208 que
260 4144 376 4213 pedi
404 4144 714 4214 grauissimis
737 4141 1047 4214 ponderibus
1064 4182 1078 4205 ,
1103 4142 1254 4214 homo
1274 4141 1498 4214 pendens
1526 4143 1710 4194 imma-

147 4212 272 4267 niter
294 4212 576 4282 torquetur.
619 4212 874 4278 Sed’ipse
904 4215 955 4263 in
984 4212 1140 4282 aliain
1170 4212 1378 4282 videtur
1405 4213 1554 4265 abire
1591 4228 1713 4264 scn-

147 4281 395 4352 tentiam,
435 4295 490 4338 et
543 4283 860 4338 Prudentius
904 4281 1147 4336 eculeum
1193 4281 1449 4334 noxialem
1489 4282 1611 4350 stipi
1634 4297 1713 4336 em

149 4357 368 4409 vocavit.

211 4424 334 4478 492.
370 4424 423 4478 Ρ
442 4438 551 4491 ag..
579 4432 807 4477 extensus
838 4420 997 4474 ulnis.

214 4495 338 4548 495.
385 4489 647 4548 Weitzius
686 4492 821 4546 Aldo
863 4491 1067 4560 al‘lingit
1113 4489 1504 4560 crepitantibus;
1542 4499 1594 4545 et
1637 4491 1709 4545 ita

148 4564 352 4630 quidem
379 4565 549 4618 Aldus
568 4561 751 4624 edidit,
778 4562 873 4616 sed
896 4564 945 4614 in
963 4559 1263 4616 emendatis
1279 4562 1499 4614 mutavit
1520 4560 1573 4615 in
1597 4577 1708 4613 cre-

149 4633 398 4698 pantibus.
437 4632 650 4686 Fulvius
674 4632 934 4685 (Iardulus
965 4636 1067 4684 loc.
1094 4631 1190 4686 cit.
1214 4631 1457 4700 intelligit
1486 4646 1712 4686 nerveas

150 4704 296 4757 funes
337 4703 531 4770 quibus
572 4701 806 4756 membra
837 4703 1079 4755 «Ιννιιιριει
1122 4713 1275 4755 erant
1300 4741 1316 4763 ,
1346 4715 1589 4770 crepare.
1645 4704 1712 4754 At

151 4769 467 4828 Prudentius
497 4772 639 4826 clare
658 4773 888 4840 loquitur
908 4772 976 4824 de
998 4774 1174 4825 nervis
1204 4769 1466 4840 corporis,
1491 4774 1710 4840 quicre-

150 4847 369 4910 patiam,
397 4844 524 4895 dum
552 4858 768 4895 nuntmn
788 4843 1035 4910 tuemhra
1062 4841 1496 4895 extenderentur.

211 4913 336 4968 494.
370 4913 488 4966 Vat.
509 4913 554 4965 A
573 4911 757 4965 scribit
774 4909 1075 4975 heiulantes.
1521 4942 1526 4945 -

211 4982 340 5037 495.
383 4983 632 5035 Arthrisis
671 4995 793 5034 vera
824 4991 1085 5048 scriptura
1131 4981 1199 5032 ah
1247 4979 1462 5034 lleinsiu
1488 4979 1712 5043 dicitur;

146 5069 304 5118 quam
329 5063 505 5106 tamen
534 5053 618 5104 vix
654 5050 890 5104 invenias
922 5053 971 5102 itt
998 5050 1292 5104 codicibus.
1336 5050 1484 5112 Ald.,
1528 5049 1708 5114 Falir.,

149 5123 287 5188 Gis.,
323 5122 591 5176 arthresis.
631 5123 807 5180 Ales”
841 5119 1021 5189 Prag.,
1059 5121 1259 5173 artesis.
1289 5119 1441 5183 Urh.,
1487 5118 1603 5171 Vat.
1652 5118 1712 5182 Β,

149 5195 306 5257 Nam,
343 5193 486 5257 Hat.,
526 5190 760 5244 arthesis.
804 5189 919 5243 Vat.
966 5190 1030 5256 Ο,
1073 5191 1274 5243 atresis.
1314 5191 1447 5253 I’aL,
1487 5192 1712 5242 artresis.

149 5264 486 5326 Parrhasius,
517 5261 714 5324 artisis,
755 5270 808 5313 et
838 5261 888 5313 id
920 5261 1234 5313 vocabulum
1274 5258 1544 5311 Prudentii
1588 5275 1713 5326 pro-

149 5335 326 5400 prium
361 5345 480 5385 esse
502 5331 576 5383 ait
602 5345 695 5397 pro
725 5329 911 5383 morbo
939 5330 1209 5383 articulari
1235 5344 1390 5398 quem
1415 5329 1712 5397 cluragraut

149 5399 325 5456 (ἓτωοί
357 5409 570 5454 vocant.
614 5399 804 5453 Nescio
831 5400 972 5468 quis,
1005 5403 1214 5464 vulgata
1263 5400 1418 5466 hujus
1456 5401 1554 5452 loci
1582 5401 1714 5452 scri-

148 5484 306 5541 plura
333 5471 516 5541 nixus,
549 5470 736 5524 artesin
763 5469 1168 5541 Latinislexicis
1192 5471 1432 5524 inseruit.
1456 5469 1597 5541 Eum
1625 5486 1708 5522 re-

147 5539 277 5597 fellit
313 5540 612 5604 Giseliuus,
644 5541 764 5606 quia
809 5555 928 5592 cum
972 5539 1058 5591 hic
1103 5544 1324 5592 morbus
1367 5539 1712 5593 articulorum

146 5609 353 5682 ercis
381 5611 588 5664 dicatur
626 5611 869 5682 ἀρθρίτςς,
900 5619 1140 5682 tempore
1158 5608 1452 5682 friidentii
1481 5624 1601 5682 eum
1631 5627 1717 5661 ar-

137 5681 344 5734 .tlsresin
377 5679 761 5742 nuncuparunt.
784 5680 883 5732 Sic
909 5693 973 5732 ex
1005 5679 1285 5747 pleuritide
1325 5679 1584 5745 pleuresin
1604 5717 1618 5740 ,
1647 5697 1709 5732 cs

145 5750 750 5814 t-hrenitidenltreucsiu
768 5747 1021 5803 fecerunt.
1050 5749 1277 5802 lnaniter
1295 5763 1420 5802 vero
1445 5747 1709 5801 G-seliuus

1813 3090 1915 3145 hoc
1940 3091 2151 3159 neget?)
2172 3099 2229 3144 ut
2245 3092 2314 3145 ab
2335 3093 2450 3158 ipso
2469 3089 2781 3152 elTeruntur.
2799 3106 2913 3156 cur,
2934 3089 3173 3161 quamvis
3191 3093 3378 3152 Graece

1813 3173 1956 3215 esset
1978 3161 2339 3223 doctissimus,
2369 3170 2555 3214 contra
2585 3161 3004 3216 ecclesiasticum
3036 3177 3187 3218 usum
3217 3176 3271 3220 et
3299 3170 3382 3221 sui

1816 3231 2070 3300 temtoris
2108 3231 2546 3285 consuetudinem
2602 3245 2759 3297 agere
2805 3232 3072 3286 deberet?
3121 3235 3382 3292 Prmtcrea

1818 3310 2026 3356 constat
2068 3311 2192 3355 ante
2239 3300 2411 3368 ipsum
2449 3300 2676 3354 mediam
2717 3300 2770 3355 in
2815 3301 3076 3367 phrenesis
3109 3321 3139 3359 a
3182 3305 3383 3360 Sereno

1812 3370 1976 3442 fuisse
2005 3379 2336 3442 correptam.
2357 3369 2592 3442 Denique
2611 3371 2903 3425 Ausonium
2933 3369 3115 3428 Graece
3143 3375 3371 3442 periuun

1813 3441 1978 3514 fuisse
2003 3442 2188 3514 nequit
2208 3441 2340 3496 verti
2357 3442 2418 3514 in
2439 3441 2685 3514 dabunt;
2713 3449 2767 3495 et
2791 3451 2966 3514 tamen
2988 3441 3103 3497 haec
3125 3441 3239 3514 ipsa
3261 3462 3381 3514 qua:

1813 3511 1866 3565 iu
1907 3512 2198 3566 Prudentia
2228 3509 2709 3580 reprehenduntur,
2742 3513 2826 3566 vel
2858 3511 2961 3564 alia
2990 3509 3207 3580 prorsus
3236 3509 3383 3572 siiui-

1813 3581 1908 3645 lia,
1938 3591 2030 3636 aut
2064 3581 2330 3649 explicant
2368 3580 2699 3652 difﬁciliora,
2729 3582 2780 3652 in
2807 3582 3044 3652 Ausonio
3068 3586 3264 3652 passim
3291 3603 3386 3641 oc-

1812 3666 2028 3706 currere
2043 3662 2369 3719 compertum
2393 3662 2495 3705 est.
2515 3649 2708 3704 Verutn
2730 3651 2898 3706 dehis
2919 3649 3133 3707 uberius
3151 3655 3383 3710 diximus

1813 3719 1867 3774 in
1898 3721 2193 3791 prolegom.
2227 3721 2338 3776 Pod
2356 3736 2461 3788 ιμ’..
2480 3722 2789 3791 etartlirisis
2816 3723 3204 3791 cnnjunguntttt‘
3221 3730 3382 3780 etiam

1813 3810 1839 3843 a
1862 3790 2213 3858 Lucilioapnd
2237 3791 2461 3846 Nonium
2485 3806 2602 3860 pag.
2624 3790 2744 3857 166,
2773 3793 2919 3858 Quod
2940 3790 3182 3860 deformis
3199 3812 3371 3859 senex,

1811 3861 2103 3936 art/triticus
2127 3878 2186 3915 ac
2208 3862 2538 3936 podagrosus.
2564 3863 2667 3918 Alii
2690 3865 2870 3932 legunt
2888 3863 3136 3932 ptedidus,
3159 3866 3245 3920 alii
3269 3882 3381 3936 per-

1815 3933 1950 3984 ditus
1980 3947 2075 3999 pro
2103 3932 2423 3986 arthriticus.

1882 4001 2010 4071 696.
2054 4001 2389 4063 Parrhasius,
2419 4003 2512 4056 has
2535 4016 2554 4055 :
2579 4002 2696 4071 lege
2716 4002 2884 4056 hasce.

1882 4070 2008 4126 498.
2036 4071 2166 4126 Mar.
2196 4087 2226 4126 a
2251 4076 2418 4140 prima
2447 4070 2769 4136 tuanu,'Vat.
2803 4073 2862 4134 Β,
2907 4071 3084 4142 Prag.,
3116 4076 3380 4138 lammina,

1815 4144 1893 4194 vel
1933 4142 2153 4211 lamina;
2187 4143 2431 4197 Letter-us
2469 4142 2688 4196 lamiena
2728 4157 2825 4211 pro
2868 4143 3088 4205 laniena,
3134 4145 3228 4199 sed
3257 4161 3381 4200 eor-

1814 4220 1987 4279 tupte.
2039 4210 2095 4264 In
2143 4211 2263 4265 Rat.
2310 4227 2498 4267 recens
2521 4210 2827 4274 correctur,
2856 4213 3057 4266 abrasis
3087 4214 3380 4281 prioribus,

1813 4282 1877 4333 At
1904 4281 2109 4350 quando
2134 4282 2273 4336 struit
2301 4281 2492 4335 lamina
2519 4298 2730 4335 accensa
2759 4281 3111 4348 Hippocratis.
3159 4286 3270 4339 Hoc
3301 4289 3383 4339 ul-

1818 4353 2000 4404 timmn
2029 4354 2247 4406 verbum
2289 4352 2437 4422 prius
2466 4352 2534 4405 ita
2565 4362 2701 4406 erat.
2734 4352 2792 4405 In
2832 4352 3199 4422 Hippocratica
3237 4365 3384 4408 ante-

1739 4407 1790 4466 Ι)
1819 4422 2104 4488 peuultima
2147 4407 2455 4490 producitur
2483 4423 2670 4476 eadem
2703 4407 2915 4476 liventia
2941 4407 3044 4490 qua
3077 4424 3128 4475 in
3166 4407 3382 4478 idolium

1816 4493 2129 4557 corripitur,
2179 4493 2383 4545 ratione
2432 4506 2592 4545 accen
2621 4507 2682 4545 us
2719 4490 2906 4546 Graeci
2932 4493 2982 4545 in
3021 4491 3382 4558 Hippocrates.

1818 4561 2050 4616 Laniena
2085 4562 2452 4632 Hippocratica
2482 4572 2561 4615 est
2580 4569 2717 4632 pars
2744 4562 3020 4616 medicina:
3044 4578 3162 4632 qua:
3183 4564 3383 4618 i-hirur-
3422 4561 3434 4570 ’

1817 4634 1932 4700 gice
1961 4631 2187 4694 dicitur;
2217 4643 2307 4685 aut
2335 4639 2441 4686 tota
2470 4631 2732 4686 medicina
2757 4631 3286 4701 appellatur’laniena
3315 4637 3383 4688 ab

1815 4720 1877 4756 ea
1910 4712 2076 4770 parte.

1886 4774 2012 4827 490.
2054 4772 2246 4826 Bolier.
2276 4771 2442 4838 prior,
2474 4780 2755 4825 exsecetur.
2785 4771 2922 4837 Quid
2950 4773 3019 4828 sit
3043 4775 3230 4839 viscus,
3254 4773 3373 4827 vide

1823 4843 1888 4894 a-l
1915 4840 2096 4909 Itytnu.
2128 4840 2188 4895 S.
2221 4838 2459 4894 Cassiani
2481 4855 2620 4894 vers.
2639 4841 2728 4896 56.
2769 4839 3040 4898 Visceratio
3062 4838 3227 4905 dicta,
3257 4860 3380 4898 cum

1822 4926 2014 4982 carnes
2036 4910 2490 4982 distribuebautur
2515 4912 2732 4982 viritim.
2751 4912 2964 4982 _|_.ivius,
2998 4915 3090 4967 lib.
3119 4929 3240 4978 vin,
3257 4929 3378 4982 cap.

1821 4980 1920 5053 22,,
1944 4980 2149 5053 Populo
2165 4980 2428 5053 visceratio
2449 4981 2571 5053 data
2586 4998 2616 5032 a
2632 4979 2689 5053 rd!
2700 5020 2715 5034 .
2739 4979 2919 5035 Flavio
2935 4984 2988 5036 in
3002 4984 3176 5053 funere
3189 4979 3381 5040 matris.

1891 5051 2016 5105 500.
2056 5051 2177 5104 Ald.
2213 5052 2425 5114 vitiose,
2448 5050 2763 5120 scalpellum.

1891 5121 2016 5175 501.
2068 5121 2123 5174 In
2165 5120 2433 5191 nonnullis
2475 5121 2640 5191 vulg.,
2677 5128 2905 5190 putatur,
2937 5121 3075 5177 male
3112 5130 3166 5176 et
3201 5134 3383 5180 contra

1822 5202 2070 5244 mrtrttlll.
2104 5191 2290 5254 'l‘orn.,
2320 5189 2585 5259 chirugos,
2611 5189 2886 5258 mendose.

1890 5259 2015 5314 506.
2056 5259 2130 5314 Ex
2161 5260 2337 5332 Epist.
2371 5260 2437 5314 ad
2467 5258 2669 5327 Calan,
2705 5277 2731 5311 v
2750 5301 2765 5327 ,
2802 5259 2862 5312 17
2881 5298 2897 5324 ,
2927 5258 3059 5313 Caro
3077 5264 3385 5332 concupiscit

1819 5329 2062 5382 adversus
2089 5330 2347 5393 spiritum.

1889 5400 2011 5453 508.
2042 5399 2310 5460 Gitanius,
2345 5401 2408 5452 de
2444 5401 2719 5454 intervallis
2748 5399 2996 5452 vocalium
3020 5399 3300 5452 rarioribus
3333 5402 3383 5453 iu

1817 5469 1931 5523 Iud.
1951 5471 2128 5529 anr..
2151 5484 2215 5522 ex
2239 5471 2476 5524 vet.cuil.
2504 5475 2624 5539 legit
2648 5471 2797 5522 tarde
2817 5469 3069 5535 tumescit,
3092 5470 3383 5539 eleganter,

1819 5551 1874 5591 ut
1905 5548 2052 5606 putat
2079 5557 2092 5599 ;
2128 5555 2300 5606 neque
2339 5541 2526 5607 probat
2559 5538 2753 5601 sordet,
2796 5541 3047 5592 tumescit.
3078 5538 3234 5593 Notat
3261 5555 3385 5592 vero

1819 5625 1880 5662 ex
1915 5609 2186 5662 Prisciano
2219 5609 2310 5662 lib.
2346 5625 2444 5668 vn,
2476 5609 2527 5661 in
2549 5609 2875 5676 .qnibusdam
2907 5609 3108 5662 Latinis
3141 5626 3259 5678 qttzc
3291 5626 3384 5660 uu-

1818 5680 2131 5732 tninativutu
2159 5696 2206 5732 III
2233 5695 2285 5731 cs
2310 5683 2623 5746 productum
2655 5681 2961 5739 terminant,
2987 5695 3242 5748 paresque
3269 5695 3386 5733 cunt

1819 5750 2052 5813 genitive
2076 5749 2272 5803 habent
2302 5749 2550 5813 syllabas,
2581 5749 2631 5802 iu
2659 5752 2811 5804 tertia
2843 5749 3242 5804 declinationes
3281 5751 3384 5804 ltre
