4022 6288
540 381 647 441 695

789 489 930 545 Crux
963 495 1273 558 prmnotata,
1299 497 1427 537 crux
1462 480 1773 535 adumbrata
1806 489 1884 535 est
1918 482 2085 550 prius,
2159 481 2209 541 Α

793 582 1016 634 Crucem
1046 585 1250 630 vetusta
1291 573 1663 627 combiberunt
1691 573 1900 624 sarcula.

726 673 954 727 Tautlcm
987 669 1201 724 retectis
1233 667 1454 718 vocibus
1480 662 1838 732 propheticis,

791 763 967 818 AState
1006 771 1182 813 nostra
1213 755 1558 824 comprobata
1591 753 1880 826 antiquitas

787 854 981 909 Coram
1000 851 1206 905 refulsit
1233 863 1326 904 ore
1356 845 1744 917 conspicabili,

789 945 865 1001 Ne
889 945 1172 999 fluctuaret
1197 941 1392 996 veritas
1421 939 1580 994 dubia
1613 937 1738 1002 fide,

794 1036 850 1093 Si
881 1051 985 1091 non
1015 1041 1221 1106 pateret
1248 1041 1382 1086 teste
1413 1029 1533 1084 visu
1562 1028 1828 1083 cominus.

723 1127 858 1184 llinc
888 1139 986 1181 nos
1014 1133 1070 1181 et
1102 1125 1277 1194 ipsum
1307 1137 1414 1178 non
1447 1121 1625 1191 perire
1649 1118 1918 1174 credimus

803 1221 1013 1291 1121
1059 1216 1289 1288 Corpus,
1349 1213 1600 1284 sepulcro
1647 1211 1789 1283 quod
1837 1208 2133 1266 vorandum

1766 1302 2016 1376 [traditur
2048 1321 2061 1357 :

797 1403 932 1471 Quia
960 1399 1210 1457 Christus
1231 1399 1284 1454 in
1315 1413 1375 1454 se
1407 1405 1674 1453 mortuum
1699 1410 1894 1466 corpus
1916 1396 2060 1451 cruc'

796 1496 990 1552 Secum
1021 1493 1310 1550 excitatum
1343 1490 1488 1546 vexit
1513 1488 1579 1543 ad
1601 1488 1795 1544 solium
1825 1487 2029 1558 Patris}

807 1589 1068 1659 Viamque
1098 1586 1309 1642 cunctis
1337 1585 1404 1640 ad
1446 1583 1830 1654 resurgendum
1863 1581 2028 1638 dedit.

731 1685 873 1738 Crux
918 1681 1008 1737 illa
1059 1689 1241 1736 nostra
1269 1684 1370 1743 est,
1422 1690 1520 1732 nos
1568 1674 1860 1745 patibulum
1894 1671 2140 1729 ascendi-

1869 1763 2019 1837 [mus
2051 1781 2064 1817 ε

545 589 612 641 135
633 590 647 635 1

547 1041 649 1097 655

558 1594 661 1651 640

803 1867 969 1924 Nobis
991 1871 1303 1936 peremptus
1323 1861 1594 1927 Christus,
1618 1867 1673 1916 et
1693 1859 1848 1914 nobis
1875 1858 2013 1914 Deus
2170 1877 2220 1938 Β

805 1963 1054 2019 Cltrisms
1093 1972 1364 2023 reversus,
1398 1957 1512 2026 ipse
1556 1955 1646 2026 qui
1697 1953 1932 2009 moriens
1982 1951 2143 2006 homo

1937 2043 2035 2118 [est
2058 2059 2073 2108 ;

810 2154 1008 2211 Natura
1037 2148 1232 2220 duplex
1265 2164 1278 2201 :
1312 2144 1560 2210 moritur,
1589 2152 1644 2199 et
1685 2150 1912 2196 mortem
1944 2141 2146 2207 domat,

814 2245 1082 2312 Reditque
1108 2242 1160 2296 in
1191 2237 1344 2303 illud,
1368 2235 1512 2308 quod
1540 2234 1716 2304 perire
1746 2232 1968 2289 nesciat.

743 2343 955 2400 Dixisse
995 2351 1159 2410 pauca
1192 2335 1263 2389 sit
1288 2333 1417 2388 satis
1444 2332 1510 2388 de
1538 2331 1777 2404 mysticis

565 2251 670 2311 645

1657 366 1930 424 AURELII
1968 359 2336 421 PRUDENTII
2374 356 2704 416 CARMINA.

2236 757 2341 811 650
2401 782 2407 786 -

2240 1219 2344 1276 655

2246 1774 2351 1831 660

2255 2236 2354 2294 665

3700 353 3795 413 196

2484 473 2692 530 Νοειτω
2725 469 2930 536 Salutis,
2958 468 3130 540 deque
3155 481 3412 539 processu
3442 467 3578 536 spei.

2481 569 2597 622 Jatn
2617 568 2726 636 jam
2757 565 2928 620 silebo
2956 581 2968 616 :
3003 564 3288 633 margarita
3309 577 3572 639 spargere.

2483 662 2683 717 Christi
2712 670 2955 715 vetamur
2983 657 3124 712 inter
3145 655 3450 711 immundos
3481 670 3619 718 sues,

2482 755 2765 809 Lutulcnta
2812 759 3056 806 sanctum
3085 763 3153 804 ne
3181 757 3352 804 terant
3381 747 3643 800 animalia.

2414 847 2541 913 Sed,
2569 846 2693 918 quia
2722 841 2982 915 profunda
3013 856 3120 896 non
3144 839 3271 895 licet
3292 838 3540 894 luctarier

2491 943 2698 1013 1122
2712 937 2937 992 Ratione
2951 945 3146 1000 tecum,
3173 933 3515 990 consulamus
3545 934 3794 1003 proxima:

2490 1033 2854 1102 lnterrogetur
2880 1030 2997 1100 ipsa
3025 1026 3360 1084 naturalium

2486 1123 2727 1195 Simplex
2748 1123 2866 1178 sine
2895 1129 3012 1177 arte
3041 1134 3298 1176 sensuum
3330 1118 3592 1174 sententia
3619 1133 3632 1173 :

2489 1214 2615 1270 Fuci
2639 1213 2917 1284 imperitus
2942 1212 3024 1268 fac
3051 1221 3109 1266 ut
3133 1209 3274 1266 adsit
3301 1209 3525 1267 arbiter.

2420 1307 2491 1363 Da
2523 1315 2876 1377 septuennem
2907 1303 3124 1360 circiter
3153 1316 3401 1373 puerum,
3429 1309 3521 1356 aut
3547 1301 3730 1368 minus,

2487 1400 2586 1468 Qui
2611 1399 2680 1454 sit
2707 1398 2905 1454 favoris
2933 1398 3090 1464 liber,
3118 1407 3172 1452 et
3202 1411 3308 1452 non
3345 1395 3518 1451 oderit

2489 1496 2849 1565 Quemquam,
2881 1506 2981 1548 nec
3007 1492 3172 1548 ullum
3217 1489 3414 1546 mentis
3443 1489 3494 1544 in
3525 1487 3702 1542 vitium
3723 1500 3794 1542 ea-

3583 1579 3740 1650 |dat:

2491 1678 2867 1736 Periclitemur
2894 1675 3020 1748 quid
3047 1689 3236 1732 recens
3271 1672 3497 1730 infantia

2494 1772 2647 1829 Dicat
2673 1769 3027 1842 sequendum,
3061 1767 3187 1840 quid
3213 1779 3385 1823 novus
3413 1765 3585 1835 sapiat
3606 1761 3755 1833 vigor.

2424 1864 2571 1921 llanc
2610 1863 2702 1919 ille
2730 1860 2899 1917 sancd
2929 1859 3182 1932 martyris
3209 1873 3399 1914 vocem
3443 1857 3614 1912 libens

2497 1957 2808 2027 Amplexus,
2837 1970 2999 2010 unum
3027 1954 3096 2010 de
3118 1963 3331 2008 caterva
3359 1949 3637 2007 infantium

2497 2047 2748 2116 Parvum,
2783 2061 2882 2102 nec
2905 2046 3032 2101 olim
3064 2047 3200 2101 lacte
3227 2043 3532 2115 depulsum,
3563 2039 3694 2111 capi,

2500 2145 2833 2216 Captumque
2861 2142 3051 2197 adesse
3074 2141 3335 2212 praecipit.
3363 2138 3584 2208 Quidvis
3603 2152 3733 2208 roga,

2497 2225 2704 2306 inquit,
2739 2249 3050 2305 sequamur,
3083 2234 3224 2303 quod
3253 2232 3495 2304 probarit
3521 2231 3686 2303 pusio.

2448 2325 2720 2383 Romanus
2745 2326 2942 2382 ardens
2961 2325 3192 2398 experiri
3213 2323 3483 2382 innoxiam

1874 2442 2155 2499 ϐιοεδΑς
2193 2440 2530 2499 VETERES.

639 2553 764 2610 629.
811 2549 1132 2611 Praenotata,
1181 2541 1496 2615 praescripta.
1537 2570 1608 2583 ——
1637 2537 1988 2602 Adumbrata,
2020 2538 2156 2610 figu-

570 2625 775 2752 mgél)‘:
824 2687 1227 2748 Combiberunt,
1289 2683 1505 2755 graviter
1556 2689 1860 2746 senserunt,
1915 2694 2148 2750 percepe-

575 2764 786 2892 rmligi’il:
807 2831 1023 2897 Coram,
1053 2827 1338 2896 manifeste.
1371 2854 1440 2866 —
1459 2821 1843 2893 Conspicabili,
1873 2824 2150 2887 veneranti,

575 2909 650 2965 vel
671 2907 862 2968 lucido,
887 2903 927 2957 1.

645 2977 770 3034 654.
803 2965 1129 3040 Fluctuaret,
1165 2969 1426 3040 titubat-et,
1449 2965 1489 3021 1.

646 3049 771 3105 655.
799 3045 1079 3107 Cominus,
1104 3034 1510 3114 prasentialiter,
1535 3036 1608 3090 uel
1632 3051 1806 3106 prOpe,
1843 3034 1880 3088 Ι.

653 3121 774 3174 "56.
799 3117 929 3183 Nos,
960 3109 1134 3169 nostra
1161 3127 1302 3176 caro,
1333 3109 1374 3162 I.

2333 2536 2458 2592 617.
2502 2537 2783 2602 Processu,
2814 2537 3144 2601 incremento,
3180 2536 3218 2591 1.

2333 2608 2456 2677 651.
2502 2608 2796 2672 Luctarier,
2823 2624 2914 2677 pro
2943 2608 3147 2672 luctari,
3179 2607 3218 2661 1.

2331 2674 2455 2734 655.
2487 2678 2638 2742 Fuci,
2666 2674 2935 2742 mendacii,
2957 2677 3034 2730 uel
3056 2677 3251 2747 fraudis
3277 2693 3294 2732 :
3322 2678 3586 2747 nigredine
3610 2679 3800 2743 peccati,

2259 2751 2336 2806 vel
2365 2750 2652 2820 mendacii;
2681 2765 2853 2804 omnes
2882 2749 3016 2802 enim
3044 2749 3129 2818 qui
3159 2749 3426 2820 iujudicio
3467 2749 3710 2812 labttnfur,
3737 2755 3800 2799 aut

2259 2822 2497 2876 labentur
2523 2819 2662 2888 odio,
2695 2831 2783 2874 aut
2809 2822 3005 2882 timore,
3036 2827 3123 2871 aut
3155 2819 3346 2883 amore.
3378 2819 3417 2873 1.

2332 2893 2456 2948 657.
2488 2886 2729 2952 Favoris,
2763 2891 2997 2956 tumoris,
3021 2891 3097 2942 vel
3121 2890 3436 2944 adulationis
3460 2887 3752 2961 .‘jactantia',
3773 2886 3802 2938 Ι.

2332 2963 2457 3017 659.
2511 2962 2900 3026 Periclitemur,
2948 2964 3256 3031 probemus:
3289 2961 3567 3016 periclitari
3611 2966 3676 3010 est
3712 2972 3803 3024 pro-

2187 3093 2236 3158 C
2265 3034 2469 3160 ὺαῖῑεόῖξί
2504 3103 2612 3159 Nec
2639 3103 2787 3168 olim,
2819 3118 3000 3172 uuptr,
3031 3103 3071 3156 1.

1951 3197 2518 3254 COMMENTARIUS.

655 3311 777 3366 650.
816 3307 1107 3362 Peveratus
1136 3304 1411 3356 venustam
1440 3293 1576 3349 hanc
1603 3305 1722 3366 esse
1742 3291 2158 3366 expressionem

581 3359 748 3437 dicit:
765 3359 900 3434 nam
927 3374 1135 3430 ardenti
1157 3368 1384 3441 quadam
1414 3366 1500 3420 siti
1530 3373 1586 3441 et
1604 3361 1891 3441 cupiditate
1921 3359 2165 3441 fereban-

582 3433 1044 3508 turiucruceut,
1076 3452 1134 3498 ut
1161 3433 1251 3513 qui
1277 3436 1580 3494 vehementi
1609 3435 1698 3490 siti
1739 3439 1984 3499 astuant,
2013 3433 2166 3488 avide

583 3527 824 3580 feruntur
853 3522 905 3573 in
937 3531 1148 3587 aquam.
1313 3581 1327 3587 _
1662 3574 1677 3587 ,
1737 3572 1780 3587 η,
1813 3573 1826 3585 ,
1873 3574 1905 3587 ,η
1953 3550 1966 3587 ς

650 3572 774 3650 655.
802 3572 1035 3660 Virgilius
1073 3581 1377 3660 Tapsensis.
1401 3577 1615 3660 lib._vt,
1646 3574 1715 3660 de
1730 3572 2023 3660 ‘Trinitate,
2053 3573 2158 3660 titi-

582 3644 673 3720 ιιιιἰ
690 3644 799 3718 hac
827 3644 957 3716 vdee
985 3644 1363 3726 conspicabilis.
1394 3650 1542 3726 Quod
1571 3646 1847 3726 multifaria
1874 3661 1906 3698 a
1935 3644 2164 3726 patribus

582 3716 642 3790 iri
651 3716 996 3805 conspicabili
1026 3716 1237 3783 materia
1262 3726 1423 3805 visum
1453 3721 1568 3805 fuit.
1601 3717 1798 3774 Eadem
1837 3731 1939 3805 vo'x‘
1969 3716 2162 3797 legitur

585 3787 639 3861 in
673 3787 931 3860 inratione
980 3815 1080 3870 pro
1133 3787 1462 3868 martyribus
1495 3792 1635 3846 inter
1687 3802 1850 3858 opera
1898 3787 2165 3857 Cypriano

585 3888 834 3942 ascripta.

658 3940 782 4000 634.
824 3945 1058 4003 Thuan.,
1089 3955 1179 3993 nec
1208 3940 1242 4006 ﬂ

659 3995 783 4070 656.
809 3995 943 4068 Vide
959 3995 1115 4076 epist.
1166 3995 1285 4061 ιἐιιι
1320 4002 1566 4058 Corinth.
1600 4015 1708 4062 xiv,
1741 3999 1806 4054 15
1843 4007 1894 4052 et
1923 4011 2080 4076 seqq.
2110 3995 2170 4076 ξε

591 4067 757 4139 autem
799 4067 1098 4136 resurrectio
1151 4087 1464 4130 mortuorum
1503 4087 1604 4124 non
1666 4079 1760 4132 est.
1808 4083 1964 4136 neque
2010 4067 2169 4139 Chri-

594 4137 704 4210 stus
746 4151 1042 4213 resurrexit,
1091 4159 1195 4201 etc.
1246 4144 1444 4200 Confer
1502 4143 1660 4196 linem
1718 4139 1939 4208 Apoth.,
1997 4137 2170 4192 Nosco

594 4241 756 4281 meum
780 4227 834 4278 iu
861 4221 1063 4276 Christo
1087 4235 1272 4287 corpus
1297 4229 1616 4287 consurgere:
1652 4220 1755 4287 etc.

667 4295 790 4352 6M.
833 4293 924 4348 Sic
949 4290 1122 4345 aiebat
1151 4278 1436 4354 A'po~tolus
1480 4278 1545 4337 ad
1574 4282 1690 4354 Gal.
1731 4297 1800 4354 tt,
1838 4278 1922 4346 i9,
1967 4279 2170 4354 Christo

594 4350 826 4436 confixus
852 4364 1139 4436 sum‘cruci.
1176 4350 1407 4436 Eipsius,
1442 4355 1534 4408 lib.
1576 4369 1611 4407 ll
1641 4353 1708 4436 de
1731 4353 1930 4436 Cr‘uce,
1965 4365 2084 4436 cap.
2115 4350 2172 4420 6,

593 4455 659 4495 ex
691 4422 899 4501 'Plauto,
931 4432 1141 4496 Nonno,
1175 4422 1814 4501 Nazianzenoconfirmat
1845 4422 1980 4501 hanc
2014 4423 2176 4491 phra-

1248 3944 1493 3989 actitaret.

2271 3291 2466 3360 ripitur
2487 3331 2502 3356 ,

2272 3362 2536 3431 exempla.

2555 3289 2800 3415 quamvis
2861 3288 2914 3341 iu
2970 3287 3358 3355 antiquioribus
3408 3287 3632 3347 fortasse
3659 3286 3806 3345 desint

2595 3364 2898 3415 ’rmcentum
2928 3358 3028 3413 hoc
3054 3366 3228 3412 exstat
3265 3357 3450 3414 Matth.
3483 3376 3584 3415 vn.
3616 3363 3663 3415 6.

2595 3364 2898 3427 trmceptum
2928 3358 3028 3413 hoc
3054 3366 3228 3412 exstat
3265 3357 3450 3414 Matth.
3483 3376 3584 3423 vn.
3616 3363 3663 3417 6.

2345 3429 2469 3487 650.
2516 3433 2568 3486 1η
2597 3429 2884 3486 Parrhasio
2916 3429 3156 3482 turbatur
3181 3438 3407 3501 metrum
3433 3446 3487 3501 re
3536 3433 3806 3501 trajectinne

2271 3505 2556 3558 verborum
2578 3502 2822 3556 animalia
2850 3516 2910 3554 ue
2948 3506 3131 3554 terant.
3179 3497 3288 3553 Nec
3317 3500 3509 3556 melius
3535 3497 3745 3558 correxit
3771 3504 3811 3555 itI

2272 3573 2572 3630 emendatis
2604 3572 2860 3626 Animalia
2888 3579 3117 3623 sanctum
3145 3569 3399 3623 lutulenta
3427 3588 3488 3624 ne
3517 3581 3686 3627 terant.

2342 3645 2467 3702 651.
2508 3645 2588 3698 Ad
2623 3642 2912 3712 marginem
2942 3640 3062 3712 Vat.
3088 3642 3134 3712 Α
3165 3639 3602 3712 rimatur-Passio
3645 3643 3696 3697 S.
3727 3639 3806 3694 Ba-

2273 3731 2402 3770 rarte
2435 3715 2619 3782 pueri;
2645 3714 2710 3768 ad
2741 3708 2917 3782 marg.
2939 3711 3057 3765 Vat.
3087 3710 3143 3774 l,
3172 3708 3354 3782 Passio
3383 3711 3444 3767 S.
3475 3711 3654 3768 Barari
3672 3713 3806 3777 pueri.

2276 3787 2609 3841 Mombritius
2639 3786 2691 3838 in
2723 3782 2869 3838 Actis
2899 3781 2957 3836 S.
2987 3781 3208 3835 Romani
3256 3795 3476 3849 puerum
3505 3793 3653 3838 vocat
3675 3782 3807 3836 Bant-

2280 3859 2413 3921 lam;
2445 3857 2514 3911 ita
2543 3857 2699 3910 etiam
2729 3854 2813 3908 lso
2841 3853 2904 3906 ad
2935 3866 3073 3907 vers.
3107 3853 3229 3906 67L
3262 3852 3575 3917 Eucherius,
3604 3854 3706 3907 sive
3737 3851 3814 3904 Eu-

2279 3929 2460 3984 sebius
2503 3926 2829 3986 Emissenus,
2859 3932 2970 3986 aut,
3015 3932 3073 3975 ut
3102 3922 3190 3976 alii
3213 3921 3418 3987 volunt,
3452 3921 3738 3977 Gallicanos
3771 3923 3811 3974 in

2280 3998 2497 4052 homilia
2537 3997 2604 4052 de
2631 3997 2688 4052 S.
2718 3995 2957 4048 Romano
2988 3991 3298 4064 martyrium
3330 3993 3480 4064 pueri
3519 4005 3709 4056 narrat,
3736 3989 3812 4046 sed

2280 4084 2475 4124 nomen
2500 4083 2607 4122 non
2635 4066 2857 4136 profert.
2889 4062 3245 4136 supprimitur
3271 4063 3432 4136 etiam
3461 4077 3651 4136 nomen
3680 4067 3724 4136 in
3749 4076 3815 4136 se-

2277 4139 2449 4194 cunda
2509 4131 2724 4192 homilia
2769 4135 2824 4191 S.
2878 4134 3271 4204 Cltrysostomi,
3325 4135 3440 4188 sive
3484 4133 3729 4189 Flaviani.
3772 4131 3814 4184 In

2277 4209 2612 4265 orationibus
2639 4207 2798 4261 officii
2824 4204 3134 4259 Mtizarabici
3168 4204 3252 4257 hic
3281 4218 3411 4273 puer
3431 4214 3650 4260 vocatur
3667 4216 3818 4274 partes

2282 4280 2595 4335 Theodulus.
2641 4278 2892 4333 Fortasse
2915 4290 3037 4330 cum
3067 4275 3404 4342 ignoraretur
3430 4291 3648 4338 nomen,
3668 4273 3820 4329 Thro-

2279 4351 2394 4406 duli
2440 4365 2632 4404 nomen
2658 4349 2928 4410 Graecum,
2958 4344 3099 4414 quod
3143 4359 3332 4399 servus
3371 4345 3464 4400 Dei
3494 4355 3655 4410 esset.
3685 4345 3818 4414 iunpo:

2280 4423 2438 4476 situm
2471 4421 2548 4475 illi
2574 4428 2677 4474 est.
2724 4419 2855 4473 Nam
2887 4417 2940 4470 in
2977 4409 3162 4472 officio
3189 4415 3524 4471 Mozarabico
3549 4416 3608 4471 S.
3636 4409 3820 4470 Romani

594 4486 676 4564 sin
691 4486 992 4572 'ci‘cit'rriie,
1015 4486 1306 4572 ascendere,
1335 4500 1487 4552 salire
1514 4497 1567 4549 in
1593 4510 1814 4572 crucem,
1836 4486 2039 4572 scilicet
2054 4507 2176 4572 _ere-
2202 4509 2256 4570 D
2282 4509 2345 4572 ex
2367 4493 2491 4572 _s_olo
2522 4489 2800 4572 Prudentii
2822 4490 3019 4572 hymno
3051 4486 3270 4568 historia
3305 4486 3517 4572 videtur
3556 4488 3817 4572 desumpta].

593 4563 754 4636 ctam.
782 4563 1134 4645 Quarta'sede
1166 4571 1322 4645 hujus
1349 4564 1822 4645 versus_re_cipitur
1854 4563 2176 4645 tribrachys.

668 4635 1003 4716 (inritoug.
1052 4660 1080 4697 a
1113 4635 1283 4713 prima
1313 4655 1497 4716 manu,
1523 4637 1704 4716 Sicily.
1726 4645 1912 4716 natura
1937 4635 2174 4716 simplex.

599 4704 719 4776 Rat.
756 4704 1056 4787 perperam.
1087 4704 1140 4768 iit
1167 4723 1352 4787 natura
1373 4711 1581 4780 duplex.
1614 4707 1861 4787 Heinsius
1886 4705 1957 4787 ita
1987 4704 2180 4785 distiu-

597 4795 729 4862 guit,
759 4776 827 4843 Et
847 4776 988 4862 nobis
1016 4786 1150 4839 Deus
1176 4782 1406 4862 Christus
1429 4776 1677 4860 reversus,
1705 4778 1812 4848 ipse
1841 4777 1928 4846 qui
1956 4776 2181 4862 m‘orieus

601 4845 750 4916 Iliam-0
770 4870 842 4914 est
865 4875 884 4914 :
928 4857 1136 4912 Natura
1175 4854 1366 4922 duplex
1396 4854 1631 4912 moritur,
1659 4858 1706 4900 et
1726 4845 1945 4922 :mortem
1982 4845 2178 4922 domat.

601 4935 668 4988 Et
686 4935 827 4987 hanc
848 4917 1258 4984 distinctionem
1277 4923 1630 4978 Ambrosiano
1647 4917 1817 4973 codici
1845 4917 2027 4971 deberi
2061 4929 2182 4983 pro-

603 4987 802 5058 litetur.
829 5001 931 5055 Sed
961 5015 1066 5052 non
1091 4997 1231 5050 male
1267 4992 1564 5059 distingues
1598 5005 1720 5045 cum
1751 4987 2034 5059 Parrhasio
2064 4987 2180 5059 Na-

603 5087 720 5126 tura
761 5071 950 5138 duplex
982 5087 998 5124 :
1030 5069 1266 5132 moritur,
1317 5074 1365 5138 at
1397 5058 1608 5115 mortem
1644 5061 1858 5112 domat:
1887 5068 1944 5110 ut
1984 5058 2182 5112 intelli-

603 5155 761 5210 gatnr
801 5134 853 5196 in
899 5140 1112 5194 Christo
1161 5150 1282 5191 esse
1321 5134 1454 5210 duas
1497 5139 1762 5210 naturas,
1811 5143 2032 5198 quarum
2080 5142 2183 5182 una

604 5201 846 5276 moritur,
879 5212 1040 5265 altera
1068 5215 1296 5263 mortem
1325 5205 1524 5276 domat.
1555 5201 1803 5269 Alioquin
1843 5214 1913 5276 e_x_
1944 5213 2188 5276 commu-

607 5270 874 5337 uicatioue
901 5283 1209 5334 idiomatum
1245 5277 1385 5331 Deus
1407 5274 1567 5328 etiam
1598 5280 1838 5325 mortuus
1862 5270 2074 5325 dicitur.

681 5353 804 5408 648.
847 5351 1111 5406 Giselinus
1139 5348 1443 5414 coniecerat
1479 5343 2039 5414 margarita_sparger_e,
2062 5340 2185 5409 quia

607 5426 661 5480 in
695 5422 1111 5493 Psychontachia
1151 5411 1345 5473 dicitur
1366 5411 1704 5493 margaritum
1746 5411 1946 5493 ingens.
1980 5411 2188 5466 Revera

609 5500 663 5549 in
697 5483 922 5548 lla'ilsbr.
953 5499 1126 5544 exstat
1153 5488 1432 5558 margarita
1459 5483 1717 5556 spargere,
1745 5494 1798 5537 et
1822 5483 2184 5558 But-manuus,

611 5564 896 5631 Antholog.
939 5571 1069 5614 tam.
1102 5560 1154 5623 l,
1205 5553 1325 5628 pa'g.
1355 5553 1494 5622 M5,
1525 5553 1770 5631 testatur,
1820 5554 1881 5631 in.
1905 5553 2058 5623 Egm.
2091 5567 2188 5631 pro

613 5617 891 5707 margaritis
922 5617 1322 5707 _spargere_es_§e
1369 5617 1695 5707 margaritas,
1734 5623 1837 5707 sed
1869 5639 1898 5676 a
1951 5617 2208 5678 secunda

614 5697 797 5762 man'u.
843 5697 1088 5759 Heinsius
1127 5699 1292 5754 edidit
1337 5697 1632 5767 margarita,
1664 5697 1748 5749 cui
1780 5705 2076 5767 consonant
2105 5708 2188 5748 re-

613 5777 901 5832 centiores.
936 5773 991 5828 In
1041 5765 1462 5840 Psychomachia
1485 5783 1625 5840 vers.
1674 5767 1777 5820 875
1820 5765 2122 5840 producitur
2156 5780 2188 5816 a

616 5847 906 5905 secundum
935 5847 986 5900 in
1024 5835 1359 5911 margaritum
1388 5838 1698 5891 necessitate
1732 5837 1920 5899 metri;
1953 5835 2036 5888 hic
2066 5849 2187 5889 cor-

2283 4565 2337 4618 ln
2367 4564 2518 4633 Egm.
2551 4571 2608 4633 et
2635 4553 2898 4633 llailsbrg,
2928 4557 3223 4620 luctuarier,
3255 4557 3531 4633 mendum.
3563 4553 3825 4633 Cicero-de

2281 4626 2526 4699 Oratt'ire,
2559 4631 2682 4686 Non
2710 4629 2939 4685 luctabor
2969 4636 3164 4699 tecum;
3192 4643 3254 4682 ac
3279 4627 3441 4681 simili
3469 4627 3630 4682 modo
3656 4626 3784 4680 alibi.

2283 4705 2482 4828 (1.6.52.
2514 4697 2696 4773 Supra
2726 4716 2866 4756 vers.
2895 4700 3019 4765 175,
3047 4697 3265 4752 Ratione
3289 4713 3507 4763 mecum,
3539 4714 3640 4752 non
3665 4699 3825 4768 furore,

2323 4791 2493 4828 amica.

2323 4791 2493 4830 tmu'a.

2355 4847 2481 4902 654.
2523 4843 2704 4904 Fabr.,
2733 4841 2870 4905 Gis.,
2901 4856 3141 4894 sensuum
3170 4839 3400 4894 scientia.

2356 4917 2480 4973 655.
2525 4915 2710 4970 Plures
2739 4920 2959 4968 censent
2993 4912 3074 4979 [ac
3112 4924 3328 4980 semper
3353 4911 3552 4982 corripi
3582 4927 3596 4964 :
3627 4907 3832 4965 Pruden-

2287 4988 2390 5041 tius
2421 4987 2690 5056 producit.

2358 5051 2482 5114 656.
2528 5057 2646 5111 Vat.
2677 5054 2741 5121 A,
2773 5051 2952 5118 Prag.,
2977 5051 3166 5116 Torn.,
3189 5051 3522 5119 Ruinartitts,
3555 5061 3831 5124 septenum.

2289 5129 2508 5198 Corrige
2536 5123 3297 5198 septuennemrationemetri.

2288 5271 2306 5322 Ι
2357 5191 2482 5255 665.
2525 5191 2795 5260 lloratius,
2827 5195 2920 5248 lib.
2953 5209 3026 5260 tv,
3052 5194 3156 5248 ode
3201 5192 3256 5259 4,
3287 5192 3407 5247 lam
3437 5195 3571 5248 laete
3601 5191 3838 5265 depulsam

2307 5285 2500 5322 canem.

2307 5285 2500 5324 canem.

2359 5340 2485 5395 664.
2528 5337 2783 5405 Hailsbr.,
2809 5337 2986 5402 Alex.,
3018 5335 3170 5407 Urh.,
3204 5336 3325 5390 Vat.
3353 5335 3411 5397 Β,
3442 5336 3710 5407 praecepit1
3725 5328 3841 5400 quod

2289 5411 2546 5534 vitigsum
2591 5412 2642 5463 in
2675 5419 2849 5464 metro
2889 5418 2992 5462 est.
3018 5406 3139 5461 Vat.
3173 5408 3234 5474 Β,
3264 5407 3476 5477 quodvis
3507 5405 3650 5478 roga.
3687 5405 3843 5471 Frag»

2292 5498 2378 5534 aut
2421 5499 2489 5534 ms
2513 5496 2658 5534 roao.

2292 5496 2489 5552 qumvis
2513 5496 2658 5552 rogo.

2364 5554 2488 5609 665.
2531 5546 2650 5606 Vat.
2681 5550 2740 5617 Β,
2786 5551 2838 5604 in
2873 5565 2972 5620 quo
3020 5549 3304 5605 recentiori
3334 5563 3516 5611 manu,
3551 5556 3604 5602 et
3647 5546 3846 5620 fortasse

2293 5622 2392 5678 fuit
2427 5626 2578 5692 inque
2613 5637 2641 5676 a
2688 5616 2854 5690 prima
2885 5616 3067 5683 iuanu.
3099 5632 3155 5675 ut
3186 5629 3333 5690 putat
3365 5619 3656 5692 Mariettus,
3687 5616 3844 5692 idest.

2293 5694 2395 5747 die.
2429 5683 2558 5749 Mair.
2589 5709 2616 5744 a
2653 5683 2822 5761 prisca
2855 5706 3036 5758 manu,
3063 5691 3116 5744 in
3142 5683 3265 5761 quo.
3307 5692 3448 5760 Lege
3489 5689 3680 5761 inquit.
3717 5683 3847 5761 Apud

2294 5767 2603 5889 tlz‘iceroluem
2651 5753 2902 5828 Socrates
2946 5753 3225 5832 pusionem
3275 5753 3434 5818 etiam
3486 5753 3770 5829 interrogat
3806 5753 3847 5806 in

2342 5850 2465 5889 uscu

2342 5850 2465 5891 lISCU
