4022 6288
219 406 332 465 ιθτ

483 513 750 570 Lactent's
769 526 877 568 nrts
902 513 1156 575 indolem,
1184 511 1393 576 Filiole,
1422 512 1522 577 ait,

483 609 689 682 1123
718 607 829 674 Dic,
854 607 980 678 quid
1009 604 1214 661 videtur
1254 618 1372 660 csse
1401 619 1581 659 verum
1611 614 1662 658 et
1688 617 1815 657 con-

1498 696 1742 768 [gruens,

483 793 724 850 Unumne
754 791 1024 848 Christum
1048 792 1243 858 colere,
1284 800 1338 847 et
1375 790 1428 846 in
1461 789 1674 847 Christo
1714 790 1816 845 Pa-

220 958 334 1016 670
480 961 562 1012 An
607 955 936 1026 comprecari
967 953 1115 1010 mille
1143 955 1429 1010 formarum
1453 882 1711 1009 declat;em
1734 926 1748 951 ’

377 1050 574 1106 Arrisit
603 1048 794 1112 infans,
826 1063 924 1104 nec
952 1056 1189 1103 moratus
1218 1046 1451 1111 rettulit;

484 1139 847 1212 Estquidquid
862 1138 1012 1207 illud,
1028 1137 1167 1208 quod
1181 1140 1356 1194 ferunt
1372 1137 1616 1193 homines
1627 1136 1810 1203 Deum,

494 1233 667 1289 Unum
696 1247 816 1290 esse
845 1241 1078 1303 oportet,
1109 1241 1164 1288 et
1188 1230 1329 1302 quod
1353 1231 1442 1286 uni
1472 1240 1554 1286 est
1583 1231 1817 1287 unicum.

479 1331 614 1386 Cum
627 1330 872 1386 Christus
888 1329 988 1385 hoc
1000 1329 1092 1395 sit,
1105 1328 1350 1384 Christus
1364 1338 1447 1384 est
1466 1341 1626 1384 verus
1655 1327 1816 1384 Deus.

484 1422 695 1480 Genera
713 1421 936 1478 deorum
967 1420 1135 1478 multa
1160 1435 1258 1476 nec
1284 1420 1437 1490 pueri
1469 1429 1675 1491 putant.

415 1521 631 1592 Stupuit
659 1529 938 1591 tyrannus,
972 1519 1073 1577 sub
1100 1519 1303 1592 pudore
1331 1521 1612 1588 ﬂuctuans,

488 1614 596 1670 Nec
626 1614 733 1669 vim
764 1612 988 1670 decebat
1016 1612 1285 1669 innocenti
1312 1613 1539 1668 aetatulae

489 1706 690 1762 Inferre
719 1706 884 1776 leges,
912 1719 1012 1761 nec
1042 1705 1278 1776 loquenti
1306 1705 1426 1760 talia

488 1799 658 1855 Furor
674 1798 884 1854 sinebat
910 1797 1163 1854 elferatus
1191 1783 1430 1868 parcere.

495 1895 625 1963 Ouis
653 1905 861 1962 auctor,
893 1894 1084 1967 inquit,
1111 1896 1260 1952 vocis
1288 1903 1370 1952 est
1399 1894 1556 1966 hujus
1585 1893 1718 1949 tibi?

226 1424 334 1482 675

238 1897 348 1953 680

1380 392 1945 451 ΡΕΒΙὸΤΙίΙἸΗΝΟΝ
1989 391 2194 447 IIYMN.
2236 386 2300 442 Χ.

1839 510 1889 569 Δ

1854 1886 1908 1949 Β

3395 383 3494 442 ιιιιι

2088 507 2298 580 1124
2327 505 2616 578 Respondit
2646 505 2736 560 ille
2760 521 2772 558 :
2797 504 2980 569 Mater,
3006 514 3058 558 et
3085 503 3238 558 matri
3265 501 3420 556 Deus.

2169 603 2259 657 Illa
2288 618 2351 656 ex
2378 610 2594 670 parente
2620 599 2818 669 Spiritu
2848 599 3003 654 docta
3027 597 3254 658 imbibit.

2167 695 2283 760 Quo
2311 709 2397 749 me
2425 693 2561 747 inter
2583 693 2693 762 ipsa
2725 700 2970 762 pasceret
2997 690 3256 746 cunabula
3291 705 3305 742 :

2167 786 2301 854 Ego,
2329 784 2651 854 utgcmellis
2680 784 2899 839 uberum
2929 782 2998 838 de
3050 780 3286 837 fontibus

2170 878 2280 934 Lac
2303 893 2499 947 parvus
2514 876 2690 945 hausi,
2713 873 2986 931 Christum
3014 883 3066 929 et
3090 872 3241 928 hausi
3259 868 3502 926 credere.

2110 968 2252 1040 Ergo
2277 969 2389 1038 ipsa
2415 976 2586 1023 mater
2612 965 2772 1032 adsit,
2805 966 3090 1029 exclamat,
3121 961 3276 1028 cede,

2174 1061 2540 1133 Asclepiades,
2568 1059 2866 1130 disciplina:
2890 1068 2944 1115 et
2967 1059 3168 1115 exitum

2172 1158 2406 1214 Tristem
2434 1170 2544 1212 sua:
2570 1154 2821 1225 magistra
2851 1160 3056 1224 spectet
3085 1150 3265 1221 impia,

2185 1250 2323 1306 Male
2351 1248 2546 1306 eruditi
2575 1257 2884 1319 torqueatur
2911 1245 3099 1301 funere

2175 1340 2398 1397 Infantis
2424 1340 2578 1407 orba,
2606 1351 2873 1408 quemque
2903 1334 3163 1403 corrupit,
3189 1333 3329 1388 ﬂeat.

2110 1435 2284 1499 Absit,
2318 1433 2592 1489 ministros
2620 1431 2740 1486 vilis
2769 1438 2824 1485 ut
2852 1425 3165 1483 muliercula

2149 1525 2402 1590 ,Nostros
2432 1526 2644 1595 fatiget;
2668 1521 2956 1594 quantulus
2985 1525 3161 1573 autem
3189 1515 3342 1570 dolor

2199 1623 2242 1690 ι
2258 1617 2411 1690 125
2436 1615 2664 1672 Vexabit
2690 1623 2858 1681 artus,
2883 1611 3073 1668 mortis
3085 1608 3281 1666 auxilio
3299 1605 3500 1664 brevis!

2175 1710 2328 1767 Oculi
2355 1710 2589 1781 parentis
2611 1708 2900 1780 punientur
2921 1705 3119 1770 acrius,

2177 1803 2346 1870 Quam
2381 1801 2426 1857 si
2458 1809 2694 1857 cruenta:
2747 1799 2988 1855 membra
3017 1805 3238 1867 carpant
3282 1791 3489 1864 ungula:

2122 1893 2218 1950 Vix
2250 1893 2362 1952 hec
2392 1895 2646 1966 profatus,
2671 1892 2950 1964 pusionem
2980 1889 3222 1961 praecipit

1921 879 2027 937 685

1925 1343 2030 1400 690

1929 1803 2035 1861 695

1554 2023 1837 2082 GLOSSJJ
1881 2024 2218 2084 VETERES.

307 2146 436 2202 671.
464 2143 680 2208 Arrisit,
709 2142 976 2198 consentit.
1001 2167 1062 2181 -ι
1094 2140 1293 2210 Infans,
1320 2137 1558 2195 Barulas.
1594 2167 1662 2178 —
1694 2137 1821 2194 Ret-

236 2218 383 2282 tulit,
409 2215 696 2279 respondit,
718 2213 762 2268 l.

305 2288 434 2344 676.
469 2286 582 2343 Sub
627 2283 855 2355 pudore,
893 2284 986 2339 sub
1037 2283 1369 2350 verecundia;
1413 2282 1651 2337 dubitans
1700 2282 1822 2352 quid

239 2361 451 2432 tacere.
476 2357 500 2432 ι

309 2431 438 2487 685.
475 2428 666 2497 Hausi,
699 2429 907 2498 potavi,
941 2426 980 2481 1.

1999 2141 2123 2215 686.
2150 2140 2320 2215 Cedo,
2352 2141 2646 2215 consentio;
2669 2141 2886 2215 impero,
2919 2137 2958 2191 l.
3102 2205 3112 2215 ι
3184 2213 3191 2215 _
3231 2203 3241 2215 ,

2004 2211 2129 2265 690.
2159 2203 2324 2280 Orba,
2358 2211 2534 2265 vidua.
2567 2203 2636 2250 -έ
2660 2203 2930 2280 Coi-rupit,
2959 2221 3053 2261 sua
3078 2203 3330 2271 doctrina,
3364 2203 3403 2259 Ι.

2003 2281 2129 2337 692.
2153 2281 2427 2349 Quantus,
2457 2297 2611 2349 quam
2636 2296 2839 2352 parvus,
2873 2279 3004 2352 Mar.

2001 2352 2128 2423 693.
2161 2352 2368 2418 Mortis,
2398 2354 2517 2423 quia
2542 2349 2874 2423 cito'moritnr
2905 2349 3101 2423 infans,
3136 2350 3155 2406 Ι

2003 2421 2131 2480 694.
2156 2423 2366 2490 Acrius,
2410 2419 2634 2479 uidenda
2663 2419 2894 2478 dolorem
2913 2421 3030 2492 ﬁlii,
3054 2420 3095 2476 I.

1589 2559 2149 2618 COMMENTARIUS.

313 2679 441 2736 667.
483 2676 627 2741 Διά..
656 2676 815 2745 Man,
856 2675 978 2730 Vat.
1016 2676 1082 2743 Q,
1131 2675 1311 2738 Alex.,
1344 2675 1600 2732 laetantis.
1631 2675 1824 2731 Giseli-

246 2767 344 2808 nus
375 2749 543 2805 edidit
589 2748 847 2812 laetantis,
893 2746 988 2803 sed
1033 2748 1085 2801 in
1115 2747 1412 2803 emendatis
1456 2747 1697 2804 correxit
1744 2749 1825 2802 la-

245 2823 451 2890 ctentis,
479 2817 618 2886 quod
647 2834 750 2872 non
781 2817 989 2874 videtur
1013 2819 1328 2873 observasse
1359 2818 1629 2874 Heinsius.

313 2892 442 2950 668.
474 2891 653 2960 Prag.,
676 2905 868 2960 verum,
891 2899 937 2942 et
957 2904 1257 2959 congruum.

338 2963 443 3018 570.
469 2959 726 3042 Minucius
759 2959 785 3011 ι
806 2959 943 3042 Quid
965 2962 1146 3042 formae.
1173 2961 1296 3031 ipsa:
1330 2970 1377 3015 et
1398 2961 1599 3016 habitus
1621 2963 1832 3042 {nonne

249 3044 470 3107 arguunt
499 3031 742 3097 ludibria,
768 3040 814 3084 et
844 3029 1092 3112 dedecora
1114 3029 1321 3084 deorum
1350 3032 1666 3086 vestrorum?
1708 3030 1836 3086 Vul-

249 3121 409 3158 canus
431 3102 644 3156 claudus
673 3102 796 3155 deus
815 3109 862 3154 et
889 3100 1105 3165 debilis;
1128 3103 1310 3170 Apollo
1327 3112 1396 3156 tot
1411 3103 1644 3156 (statibus
1666 3103 1836 3165 lteris;

251 3173 564 3244 Esrulapius
585 3175 707 3244 bene
730 3171 989 3244 barbatus,
1011 3175 1102 3244 etsi
1125 3188 1320 3244 semper
1334 3174 1662 3244 adolescentis
1685 3174 1841 3244 Apol-

251 3247 374 3301 linis
396 3241 574 3312 ﬁlius;
605 3241 881 3312 Neptunus
896 3243 1088 3312 glaucis
1117 3243 1298 3307 oculis,
1331 3254 1435 3299 ctc.
1469 3241 1746 3299 Fabricius
1769 3258 1835 3298 ex

1930 2674 2227 2760 Fabricius.
2259 2676 2519 2760 Cicero}.
2543 2673 2832 2760 Tuscula‘n.
2859 2695 2870 2730 :
2900 2675 2976 2760 'l‘lt
3003 2675 3400 2760 pertecuntlacte
3421 2693 3490 2730 ntt

1931 2747 2072 2802 tricis
2101 2763 2324 2803 errorem
2349 2749 2548 2802 suxisse
2575 2747 2858 2802 videamur.
2900 2746 3169 2812 Barthius,
3223 2747 3316 2804 lib.
3372 2762 3515 2808 nn

1933 2816 2072 2876 Adv.
2101 2833 2220 2886 cap.
2250 2819 2341 2882 2|,
2370 2818 2598 2888 advertit
2651 2815 2911 2888 Christum
2946 2819 3151 2873 credere
3176 2833 3272 2888 pro
3315 2819 3519 2874 credere

1933 2889 1987 2943 in
2022 2878 2280 2943 Christum
2305 2878 2410 2943 non
2438 2878 2664 2945 barb'are
2689 2903 2719 2942 a
2762 2886 3050 2944 Prudentia
3077 2878 3203 2946 dici'.

2170 2961 2325 3046 ρης.
2341 2973 2562 3046 ειξιιιριιιέ
2576 2958 2760 3046 scribit
2782 2960 2928 3046 assit.

2010 3030 2134 3086 687.
2170 3030 2323 3099 Egm.
2356 3030 2459 3084 alia
2491 3045 2672 3092 manu,
2701 3039 2758 3082 ut
2782 3033 2995 3085 exitum.

2017 3101 2144 3158 688.
2173 3099 2238 3185 In
2270 3102 2527 3185 magistra
2543 3099 2719 3185 brevis
2749 3112 2943 3185 manet
2956 3109 3250 3185 postrema,
3278 3102 3522 3170 quamvis

1948 3189 2008 3242 sp
2028 3183 2302 3236 sequatur.
2338 3171 2468 3227 Vide
2488 3171 2698 3241 Proleg.
2733 3187 2879 3227 num.
2910 3173 3039 3239 2l'5,
3070 3173 3122 3228 in
3153 3180 3299 3228 nota.

2019 3243 2142 3300 689.
2178 3243 2376 3298 Matres
2405 3257 2577 3313 atque,
2631 3243 2712 3296 vel
2738 3245 2910 3313 magis
2956 3242 3192 3311 torqueri
3241 3246 3292 3299 in
3340 3243 3524 3301 liberis

252 3289 386 3371 ἰδ’ἒᾶ
396 3289 536 3384 δὲ’τῖ
547 3289 1381 3398 331‘.asa"rn;;;:nam;
1389 3289 1576 3369 sua:
1583 3289 1676 3378 ζ’ἕὶ
1686 3289 1839 3370 Xalt}
1866 3289 1914 3353 C
1944 3289 3523 3398 qua“;gpjggggsgpszsgtassedisset;usus};

254 3405 345 3457 per
369 3382 507 3458 aras,
539 3383 815 3458 Barbatos,
874 3382 1118 3458 laevesque
1144 3385 1284 3450 deos,
1318 3387 1642 3458 iuvenesque,
1666 3401 1839 3442 senes-

253 3455 476 3530 quae:
502 3457 760 3530 quondam
789 3455 970 3524 fecere,
999 3455 1197 3530 colunt.

247 3525 273 3565 ’⁷
326 3527 452 3583 673.
487 3525 630 3592 Ald.,
661 3525 1201 3590 Tornzes.,nmittunt
1243 3535 1312 3592 et,
1353 3525 1494 3594 quod
1544 3537 1715 3582 metro
1745 3542 1839 3582 ne-

254 3598 548 3654 cessarium
592 3607 695 3652 est.
727 3595 993 3668 Cauchius
1028 3595 1348 3668 eonjieiebat
1376 3599 1511 3666 quod
1549 3599 1730 3668 cuique
1767 3606 1842 3653 est

256 3671 490 3734 unicum,
518 3667 656 3724 forte
684 3669 802 3723 sine
854 3678 923 3732 et,
967 3667 1068 3722 hoc
1091 3677 1265 3734 pacto,
1298 3666 1469 3722 Unum
1488 3686 1597 3723 esse
1618 3666 1837 3737 oportet,

257 3741 396 3810 quod
421 3741 599 3808 cuique
622 3749 694 3794 est
724 3739 946 3792 unicum.
971 3739 1245 3810 Sententia
1271 3748 1353 3793 est
1387 3739 1574 3800 eadem
1601 3754 1718 3808 qua:
1747 3754 1842 3794 ex-

295 3813 506 3864 rimitur
546 3810 838 3877 Ilamartig.
873 3824 1012 3865 vers.
1039 3809 1130 3874 39,
1152 3809 1248 3863 Cui
1269 3810 1407 3876 ﬁlius
1431 3810 1608 3863 unicus
1635 3810 1724 3864 uni
1745 3819 1838 3864 est.

283 3891 444 3950 taque
472 3882 573 3936 etsi
601 3881 760 3951 vulgo
785 3880 1111 3951 distinguant
1130 3890 1179 3932 et
1203 3880 1339 3947 quod
1364 3882 1474 3951 uni.
1505 3890 1578 3934 est
1598 3881 1834 3942 unicum,

259 3961 440 4006 tamen
469 3961 594 4017 puto
621 3950 710 4005 ita
735 3951 935 4006 debere
963 3950 1212 4020 distingui
1237 3960 1286 4004 et
1314 3950 1449 4020 quod
1481 3951 1569 4004 uni
1614 3961 1687 4005 est
1736 3951 1848 4005 uni-

259 4039 401 4090 cum,
431 4023 582 4092 quasi
605 4022 748 4077 dicat
772 4020 937 4092 Deum
969 4036 1089 4076 esse
1110 4037 1296 4084 unum,
1333 4022 1425 4092 qui
1451 4031 1533 4076 est
1578 4021 1758 4092 Pater,
1791 4029 1846 4077 et

261 4091 458 4156 Filius,
483 4093 570 4162 qui
594 4092 682 4146 uni
705 4102 786 4146 est
814 4091 1001 4162 unicus
1033 4108 1048 4148 :
1081 4102 1133 4146 et
1159 4092 1228 4146 ita
1250 4092 1394 4146 clare
1416 4091 1546 4160 legit
1575 4091 1842 4147 Lotterus.

261 4161 585 4218 Parrhasius
608 4163 773 4218 edidit
797 4161 964 4216 Unum
994 4179 1100 4216 esse
1125 4172 1316 4232 oportet
1335 4167 1502 4232 :quod
1526 4165 1614 4217 uni
1630 4175 1704 4218 est
1731 4165 1848 4217 uni-

261 4251 401 4290 cum.
455 4233 770 4288 Emendavit
819 4232 987 4288 Unum
1031 4250 1138 4288 esse
1180 4243 1396 4302 Oportet.
1419 4241 1552 4302 quod
1581 4235 1732 4288 unius
1775 4242 1848 4286 est

262 4305 492 4358 unicum.
517 4303 772 4360 Neutrum
801 4304 886 4358 lex
909 4307 1062 4359 metri
1095 4305 1310 4373 patitur.
1362 4303 1603 4360 Latinius
1630 4303 1683 4358 in
1735 4313 1844 4359 vet.

261 4375 386 4430 cod.
414 4376 616 4430 invenit
651 4374 819 4430 Unum
842 4391 950 4430 esse
989 4384 1180 4444 oportet
1218 4374 1550 4444 avidequaqne
1576 4377 1711 4444 quod
1737 4375 1851 4429 uni—

262 4462 380 4500 cum
401 4455 496 4499 est.
526 4446 632 4501 Sed
659 4448 994 4517 undequaque
1017 4461 1112 4516 pro
1139 4446 1472 4501 undecunaue
1517 4461 1702 4516 parum
1753 4446 1850 4499 La-

263 4517 436 4572 tinum
460 4525 562 4571 est.

333 4585 463 4641 674.
489 4587 706 4643 Scilicet
741 4586 987 4642 Christus
1007 4597 1090 4642 est
1119 4587 1194 4654 id,
1223 4587 1363 4657 quod
1385 4598 1466 4643 est
1487 4587 1578 4642 uni
1609 4587 1844 4642 unicum.

1941 3383 2098 3440 tiunt.
2129 3383 2263 3440 Vide
2291 3385 2348 3440 P.
2373 3384 2601 3439 Fabrum
2633 3386 2668 3439 5
2693 3395 2941 3440 semestr.
2968 3399 3086 3454 cap.
3112 3385 3166 3442 8.

2011 3456 2136 3528 690.
2166 3456 2665 3528 Ald.,corrumpit.f
2696 3457 2914 3528 rectius,
2948 3457 3200 3528 corrupit.

2013 3527 2139 3582 691.
2171 3526 2537 3582 Nebrissensis
2568 3527 2694 3594 legit
2717 3527 2873 3591 adsit,
2915 3536 2969 3583 et
3015 3526 3153 3582 hanc
3195 3542 3316 3583 esse
3339 3543 3522 3585 veram
3573 3565 3590 3582 ι

1941 3597 2247 3662 lectionem,
2275 3613 2378 3668 non
2401 3596 2559 3668 absit,
2580 3606 2868 3652 asseverat.
2898 3597 3231 3668 Lungissime
3245 3598 3313 3654 ab
3330 3614 3394 3656 eo
3409 3600 3524 3656 dis-

1943 3669 2116 3724 sentio
2146 3685 2160 3723 :
2193 3678 2248 3723 et
2273 3667 2517 3723 codicum
2552 3667 2709 3722 lectio
2725 3676 2808 3722 est
2827 3668 2976 3723 absit.

2024 3739 2146 3794 692.
2204 3738 2354 3804 Διά..
2417 3737 2618 3808 Ρζέβτ,
2667 3737 2831 3792 Torn.
2863 3780 2878 3803 ,
2933 3737 3266 3805 Parrhasius,
3323 3740 3519 3808 Egm.,

1943 3809 2199 3876 Hailsbr.,
2230 3810 2420 3873 Bong.,
2459 3806 2684 3872 Widm.,
2734 3808 2908 3874 Μαι,
2963 3809 3080 3864 Vat.
3131 3811 3197 3876 Q,
3243 3806 3525 3878 quantulus

1944 3891 2113 3936 autem
2135 3881 2302 3936 dolor.
2338 3879 2493 3942 Man,
2523 3890 2738 3949 quantus
2761 3889 2931 3932 autem
2956 3880 3124 3935 dolor.
3148 3880 3332 3945 Fabr.,
3359 3897 3523 3948 quan-

1946 3953 2083 4006 tulus
2131 3963 2203 4005 est
2227 3961 2392 4005 autem
2419 3948 2609 4004 dolor?
2655 3948 2868 4004 Vexabit
2915 3965 3078 4018 artus,
3107 3951 3284 4006 mortis
3327 3953 3527 4007 auxilio

1944 4021 2126 4076 brevis.
2154 4020 2268 4076 Gis.
2297 4037 2419 4075 cum
2445 4035 2546 4077 suo
2573 4036 2698 4086 ms.,
2717 4021 2938 4076 tantulos
2969 4031 3023 4075 at
3047 4024 3091 4077 si
3137 4023 3284 4076 dolor
3315 4019 3528 4078 Vexavit

1947 4101 2110 4161 artus,
2163 4092 2512 4156 Mnrmellins,
2565 4091 2815 4146 Lotterus
2849 4093 3072 4148 tantulos
3129 4102 3300 4147 autem
3354 4091 3526 4149 dolor.

1946 4161 2126 4218 Codex
2151 4163 2367 4228 Latinii,
2391 4161 2610 4217 Nostros
2635 4163 2811 4232 fatiget
2834 4163 3074 4231 tantulos,
3102 4173 3154 4217 at
3182 4163 3226 4218 si
3245 4163 3394 4217 dolor
3427 4164 3529 4232 γε.

1946 4235 2104 4288 εαὸἰι.
2128 4234 2363 4294 Thuan..
2390 4234 2560 4300 Rott.,
2589 4231 2746 4298 Urb.,
2773 4235 3044 4302 quantulos
3065 4245 3234 4289 autent
3253 4233 3403 4288 dolor
3429 4231 3530 4288 Ve-

1947 4305 2087 4359 zabit
2115 4314 2279 4367 artus,
2308 4303 2450 4367 quod
2478 4303 2726 4359 Heinsius
2765 4316 2980 4360 secutus
3019 4315 3121 4360 est.
3165 4305 3385 4361 Tenlius
3405 4318 3528 4360 cum

1949 4375 2199 4436 Weitzio.
2227 4384 2282 4429 et
2316 4374 2594 4429 Ruinartio
2615 4385 2669 4428 et
2697 4375 2967 4445 plerisque
2982 4375 3128 4430 Vatt.
3156 4375 3338 4440 codd.,
3367 4391 3510 4442 quan-

1951 4447 2090 4500 tulus
2108 4455 2279 4499 autent
2299 4446 2467 4500 dolor.
2495 4445 2744 4501 Heinsius
2767 4456 2974 4502 notarat
3001 4446 3052 4500 id
3069 4461 3190 4500 esse
3206 4456 3392 4500 contra
3416 4460 3516 4500 mc-

1953 4527 2115 4572 trum.
2139 4515 2484 4586 Hespondcre
2532 4526 2709 4586 posset
2736 4516 2955 4574 Teolius
3005 4533 3108 4571 nun
3145 4517 3313 4574 nmis
3341 4525 3528 4571 contra

1952 4596 2178 4644 metrum
2200 4585 2320 4645 esse
2337 4601 2493 4655 quam
2517 4585 2565 4640 Ν
2571 4603 2634 4640 on
2653 4587 2946 4642 destiterunt
2963 4589 3169 4658 pingere
3184 4587 3404 4658 formant
3421 4600 3512 4640 cru

337 4658 464 4712 675.
499 4657 813 4714 Parrhasius
840 4658 1007 4722 milia,
1038 4656 1262 4713 emenda
1294 4661 1474 4728 multa.
1502 4657 1848 4713 Proverbium
1875 4657 1928 4720 D
1953 4659 2025 4713 cis
2052 4673 2194 4714 vers.
2227 4658 2352 4728 628,
2387 4666 2545 4726 prout
2574 4658 2820 4712 Heinsius
2850 4656 3133 4728 expressit.
3179 4656 3303 4712 Mihi
3357 4656 3528 4728 placet

263 4738 350 4784 est
379 4744 472 4782 nec
497 4730 638 4796 pueri
665 4737 861 4796 putant.
895 4729 1168 4784 iuvenalis
1194 4739 1294 4783 sat.
1331 4729 1388 4790 2,
1418 4727 1525 4782 Nec
1557 4729 1699 4796 pueri
1742 4744 1851 4782 cre-

264 4802 415 4884 dunt,
439 4800 541 4853 nisi
563 4802 650 4869 qui
681 4800 906 4881 nondum
937 4815 1038 4854 wre
1060 4802 1314 4854 lavantur.
1348 4799 1666 4854 Prudentius
1695 4814 1850 4869 argu-

266 4882 376 4926 tius
406 4886 438 4925 e
462 4886 686 4940 persona
718 4885 887 4937 puert.

335 4939 471 4995 677.
503 4941 874 5008 Pharrhasius,
905 4941 1168 5010 docebant,
1213 4940 1419 5010 scilicet
1444 4940 1607 5010 leges.
1647 4939 1847 4995 Puero-

265 5029 384 5068 rum
416 5020 628 5066 :etatem
653 5012 913 5065 innoxiam
941 5009 1075 5064 dixit
1101 5010 1316 5065 Tacitus
1343 5009 1434 5066 lib.
1475 5009 1530 5065 ιιι
1573 5011 1734 5074 Hist.,
1757 5012 1854 5066 Mi-

269 5084 463 5138 nucius
485 5099 645 5136 annos
673 5084 1003 5145 innocentes;
1034 5081 1359 5148 Lactantius,
1396 5083 1488 5136 lib.
1525 5099 1561 5147 t,
1618 5096 1734 5150 cap.
1761 5083 1851 5146 21,

133 5210 156 5224 ,
265 5164 565 5207 sia-recentes
587 5154 816 5224 animas;
847 5152 1226 5220 Tertullianus,
1254 5155 1510 5208 adversus
1537 5152 1854 5224 blarcioncm

269 5226 363 5279 lib.
405 5241 480 5290 ιν,
511 5239 628 5293 cap.
660 5222 749 5288 25,
783 5226 1099 5278 innocentem
1140 5233 1359 5276 (etatem.
1415 5225 1488 5278 Ita
1515 5223 1604 5277 alii
1647 5233 1700 5278 et
1726 5223 1855 5278 olim

270 5298 435 5348 ltr‘nli
469 5302 616 5362 sunt,
647 5304 700 5349 et
724 5295 921 5349 nostris
940 5293 1272 5364 temporibus
1297 5295 1605 5364 loquuntur.

341 5366 469 5422 678.
530 5361 670 5426 Ιὶιιι..
720 5365 908 5432 'I‘orn.,
950 5364 1129 5432 Prag.,
1163 5361 1382 5433 Weitz.,
1410 5365 1557 5434 legis.
1585 5363 1834 5419 LO'terus

269 5435 413 5494 Cie...
447 5437 574 5504 lege.
601 5435 711 5490 Gis.
757 5437 808 5489 iu
837 5451 1026 5503 marg.,
1057 5435 1206 5504 leges.

346 5507 473 5562 680.
509 5505 628 5559 Vat.
665 5509 723 5569 ll,
758 5506 904 5571 Quis,
935 5505 1118 5574 inquit,
1145 5516 1340 5559 auctor.

351 5576 478 5630 682.
507 5576 642 5641 PaL,
676 5575 933 5638 Hailsbr.,
961 5576 1192 5643 spiritus,
1229 5577 1382 5629 male.

350 5647 477 5701 685.
511 5646 722 5712 I’arrh.,
744 5663 891 5712 quom
917 5661 1012 5714 pro
1041 5663 1162 5712 quo.
1193 5646 1379 5699 Iletine
1406 5663 1525 5715 (luo.

349 5718 479 5772 68b.
512 5715 710 5781 Ubera,
768 5731 887 5784 qum
931 5717 1216 5784 aliquando
1243 5717 1554 5770 suroriantia
1587 5715 1855 5783 dicuntur,

275 5790 545 5846 ccttcinue
572 5803 716 5841 Vocat
753 5787 992 5855 gemellos
1017 5792 1198 5854 fontes.

351 5859 476 5919 685.
520 5859 740 5917 llaurirc
794 5873 916 5915 cum
964 5859 1098 5916 lacte
1143 5856 1476 5928 proverbiale
1527 5874 1666 5927 esse,
1709 5866 1855 5916 notat

1959 4729 2140 4784 llensii
2169 4728 2348 4790 lectio,
2381 4730 2502 4796 quia
2549 4737 2604 4784 et
2652 4738 2826 4784 metro
2845 4731 3108 4797 congruit,
3140 4743 3312 4798 neque
3337 4744 3365 4782 a
3395 4743 3534 4783 sen-

1960 4801 2120 4856 tentia
2149 4799 2375 4866 abludit,
2404 4799 2514 4856 imo
2530 4800 2696 4861 magis
2716 4814 2837 4854 cum
2855 4815 2915 4856 ea
2931 4799 3170 4855 cohaeret
3198 4815 3213 4854 :
3242 4814 3347 4853 non
3391 4799 3534 4853 enim

1958 4872 2110 4926 dolnr
2137 4879 2252 4926 erat
2277 4884 2490 4940 parvus,
2542 4869 2636 4940 sed
2675 4881 2822 4926 artus
2877 4880 3030 4926 erant
3075 4871 3241 4940 parvi,
3311 4869 3537 4938 ideoque

1961 4942 2108 4997 brevi
2134 4939 2304 4997 morte
2335 4952 2486 4995 erant
2514 4939 2801 4996 efficiendi.
2837 4939 3112 4998 Fabricius
3166 4942 3218 4996 in
3262 4953 3539 4996 commen-

1962 5013 2096 5068 tario
2119 5013 2371 5082 peculiari
2407 5011 2616 5068 videtur
2641 5011 2872 5068 edidisse
2897 5011 3121 5066 tantulos
3170 5021 3222 5066 at
3277 5011 3343 5082 si
3369 5011 3536 5075 dolor,

1961 5100 2083 5139 nam
2113 5081 2296 5138 vncem
2321 5084 2542 5138 tantulos
2567 5083 2786 5151 exponit
2811 5093 2913 5137 tam
2943 5094 3159 5148 teneros,
3188 5091 3234 5137 et
3257 5081 3426 5136 adhuc
3457 5081 3537 5136 la-

1961 5164 2170 5209 ctentes.
2205 5153 2456 5209 Fortasse
2488 5155 2690 5208 melius
2708 5154 3052 5224 intelligetur,
3077 5169 3380 5209 sermonem
3419 5166 3540 5208 esse

1960 5225 2030 5281 de
2051 5225 2236 5281 matris
2248 5225 2486 5291 artubus,
2504 5235 2558 5279 ut
2571 5241 2637 5280 ex
2661 5225 2902 5279 versibus
2917 5225 3264 5294 sequentibus
3277 5225 3535 5293 arguitur.

2033 5319 2158 5373 695.
2185 5318 2307 5374 Ald.
2339 5328 2392 5372 et
2421 5317 2664 5372 nonnulli
2690 5318 2857 5385 vulg.,
2882 5317 3110 5372 vexabat.
3159 5317 3424 5372 Cauchius
3459 5330 3546 5370 re-

1963 5390 2425 5513 rolnebatvexarit.
2461 5387 2617 5442 Fabr.
2651 5389 2954 5458 suspicatur
2977 5389 3153 5443 mortis
3195 5398 3421 5461 aspectu.
3454 5387 3543 5443 Ni-

1983 5477 2013 5513 u
2067 5469 2233 5513 muto.
2388 5504 2390 5508 _

1983 5469 2035 5513 nl
2067 5469 2233 5515 mttto.

2035 5551 2159 5606 594.
2189 5553 2341 5607 Alex.
2367 5568 2394 5607 a
2430 5553 2594 5620 prima
2628 5568 2812 5614 manu,
2844 5553 3021 5622 Egm.,
3052 5563 3304 5624 parentes.
3345 5549 3546 5624 Widm.

1965 5639 1992 5674 τι
2021 5624 2188 5687 prima
2211 5639 2392 5705 manu,
2427 5626 2584 5688 Man,
2611 5621 2903 5691 parentum.
2927 5621 3080 5693 I’rag.
3121 5627 3413 5695 puniantur.
3448 5621 3549 5674 lic-

1967 5707 2104 5748 ClllIS
2136 5708 2356 5760 parcntts
2390 5711 2574 5754 tum.»
2603 5711 2680 5746 IlI'.

2043 5787 2164 5840 696.
2197 5788 2253 5840 Τι
2281 5803 2385 5847 ru.,
2421 5789 2686 5857 profanus,
2737 5787 3012 5842 ntc.tltse.
3067 5786 3246 5855 Ptag.,
3298 5784 3547 5857 profatur,

1971 5859 2146 5914 minus
2177 5857 2327 5914 bene.
2354 5855 2566 5914 Alcm—ti
2598 5861 2767 5929 prima
2801 5874 2981 5924 manu,
3016 5859 3270 5928 pra’cepit,
3303 5855 3464 5909 male.
