3968 6288
606 345 711 404 503

865 464 1073 536 n30
1085 464 1358 520 Ccrvicem
1376 463 1611 533 adusque
1625 461 2192 536 debonestaretcaput.
2223 471 2279 533 Α
2303 463 2404 518 780

852 555 1127 610 Clamabat
1157 555 1246 610 illa
1273 569 1288 608 :
1316 554 1526 621 Patere,
1561 556 1785 625 gemmis
1807 555 1998 611 vestiet

607 646 711 701 7635
856 645 1074 715 Apicem
1096 646 1237 702 hunc
1265 661 1459 702 corona
1485 647 1630 716 regio
1651 663 1716 702 ex
1737 645 2060 703 diademate.

785 740 1041 811 Linguam
1070 751 1327 811 tyrannus
1357 741 1621 808 amputari
1657 739 1892 810 iusserat

855 831 953 888 Uni
974 847 1041 888 ex
1062 831 1307 901 ephebis.
1342 833 1510 889 Mater
1535 833 1746 892 aiebat:
1776 834 1916 890 Satis

852 925 971 980 1am
1000 933 1154 995 parta
1181 925 1337 981 nobis
1361 924 1533 996 gloria
1562 934 1674 981 est:
1705 940 1829 996 pars
1853 925 2054 996 optima

858 1016 968 1071 Deo
1006 1015 1330 1073 immolatur.
1349 1031 1475 1073 ecce
1497 1017 1666 1074 nostri
1695 1017 1938 1088 corporis
1965 1035 1978 1071 :
2156 1016 2158 1019 ’

611 1108 705 1162 770
853 1106 1022 1178 Digna
1048 1116 1129 1164 est
1158 1107 1332 1164 lldelis
1361 1107 1540 1180 lingua
1575 1123 1694 1179 quae
1716 1108 1790 1164 sit
1818 1107 2015 1163 hostia.

781 1199 1050 1271 lnterpres
1068 1200 1252 1268 animi,
1283 1201 1609 1257 enuntiatrix
1633 1215 1912 1269 sensuum,

857 1295 1046 1352 Cordis
1063 1296 1326 1364 ministra,
1353 1312 1528 1368 praeco
1563 1297 1732 1369 operti
1759 1298 2013 1366 pectoris,

854 1389 1032 1446 Prima
1050 1390 1306 1448 oﬂ‘eratur
1333 1390 1384 1447 in
1417 1399 1810 1448 sacramentum
1837 1392 2004 1456 necis,

853 1481 919 1535 Et
931 1481 1002 1537 sit
1019 1482 1348 1551 redemptrix
1363 1485 1534 1552 prima
1555 1482 1917 1538 membrorum
1933 1481 2193 1548 omnium,

605 1569 710 1624 775
857 1571 1058 1630 Ducem
1086 1573 1316 1630 dicatam
1341 1589 1464 1630 mox
1497 1582 1789 1644 sequentur
1815 1582 2029 1629 caetera.

781 1666 872 1722 llis
900 1666 1233 1724 Macltabzeos
1254 1667 1483 1724 incitans
1503 1663 1732 1724 stimulis
1756 1682 1976 1738 parens,

851 1759 1067 1814 Hostem
1088 1759 1297 1829 subegit
1318 1760 1657 1831 subiugatum
1688 1761 1908 1831 septies.

855 1849 1060 1922 1131
1093 1849 1233 1917 Quot
1249 1851 1351 1908 leta
1371 1853 1530 1920 natis,
1559 1861 1636 1907 tot
1651 1850 1934 1921 triumphis
1955 1851 2179 1923 inclyta:

853 1939 931 1993 Me
959 1949 1140 2009 partus
1169 1957 1306 1998 unus
1336 1951 1391 1998 ut
1414 1943 1644 1998 feracem
1667 1941 1872 2012 glori‘n.

1731 346 2008 404 AURELII
2049 344 2412 403 PRUDENTII
2455 342 2781 400 CAMIINA.
3775 338 3864 396 50b

2552 462 2664 516 Mea
2697 463 2821 525 vita,
2857 467 3093 527 praestet,
3129 473 3179 512 tn
3210 465 3298 511 tua
3322 465 3405 511 est
3435 455 3594 508 situm
3627 469 3791 508 tuatui.

2486 555 2584 610 Per
2616 552 2772 623 hujus
2802 550 2908 605 alvi
2941 551 3040 606 (ἰὼ
3072 551 3470 620 conceptacula,

2552 645 2652 700 Per
2683 642 2996 713 hospitalem
3027 657 3213 697 mense
3242 641 3324 696 bis
3341 640 3506 711 quino
3537 639 3721 704 larem,

2548 738 2603 792 Si
2637 737 2795 792 dulce
2822 735 2990 790 nostri
3023 735 3257 804 pectoris
3280 741 3464 788 nectar
3489 732 3605 798 tibi,

2551 828 2607 886 Si
2638 829 2798 884 molle
2826 827 3107 900 gremium,
3143 835 3290 898 grata
3320 827 3366 882 si
3401 824 3708 894 crepundia,

2554 920 2788 977 Persiste
2819 959 2836 988 ,
2891 929 2946 975 et
3011 918 3204 974 horum
3265 933 3546 974 munerum
3613 925 3862 974 auctorem

3585 1008 3602 1081 [
3613 1023 3799 1065 assere.

2476 1107 2715 1175 Quanam
2748 1114 2863 1161 arte
2892 1104 3047 1161 nobis
3069 1104 3256 1160 vivere
3285 1103 3426 1158 intus
3454 1101 3702 1172 caeperis,

2527 1197 2889 1267 Nihilumque
2916 1204 2970 1251 et
2996 1195 3146 1262 illud,
3177 1193 3319 1250 unde
3342 1208 3556 1263 corpus,
3591 1192 3796 1248 nescio:

2549 1289 2702 1345 Novit
2736 1287 3000 1343 animator
3021 1286 3189 1354 solus,
3222 1295 3278 1341 et
3299 1285 3467 1340 laetor
3495 1283 3590 1340 tui.

2549 1378 2866 1448 lmpendere
2892 1377 3012 1447 ipsi,
3043 1376 3197 1446 cujus
3219 1387 3367 1432 ortus
3396 1390 3618 1432 munere
3645 1389 3741 1430 es:

2555 1473 2763 1545 n32
2787 1471 2932 1528 Bene
2962 1471 3014 1524 in
3043 1469 3282 1526 datorem
3305 1515 3318 1539 ,
3358 1467 3500 1540 quod
3529 1467 3706 1535 dedit,
3736 1466 3857 1524 reluo

2665 1573 2668 1578 -
3628 1559 3801 1630 lderis.

2479 1658 2623 1714 Talia
2652 1663 2881 1712 canente
2911 1664 3105 1722 matre,
3133 1653 3245 1725 jam
3277 1654 3430 1709 lmtus
3452 1667 3587 1724 puer

2553 1748 2738 1820 Virgas
2766 1755 3088 1818 strepentes,
3121 1759 3174 1802 et
3201 1747 3443 1802 dolorem
3470 1745 3748 1800 vulnerum

2550 1840 2800 1896 Ridebat.
2836 1839 2932 1894 Hic
2963 1848 3074 1894 tum
3104 1837 3348 1908 cognitor
3375 1837 3716 1908 pronuntiat:

2435 1973 2450 1982 ρ
2545 1915 2836 1990 Claudatur
2867 1933 3040 1990 infans
3066 1947 3303 2000 carcere,
3335 1941 3389 1987 et
3417 1931 3550 1986 tanti
3581 1929 3705 1985 mali

2300 922 2405 980 785

2302 1475 2404 1532 790

1901 2075 2182 2131 GLOSSAC
2226 2073 2560 2130 VETERES.

672 2186 793 2262 76.3.
825 2187 1228 2262 Delionestaret,
1260 2193 1568 2262 deturparet,
1596 2193 1632 2245 Ι.

668 2256 792 2330 765.
827 2258 998 2330 llunc,
1023 2260 1334 2330 decoratum,
1366 2256 1408 2316 l.

667 2327 792 2381 767.
827 2329 989 2394 Satis,
1023 2330 1258 2397 multum,
1293 2327 1332 2386 Ι.

619 2423 632 2439 ο
667 2398 790 2471 775.
821 2399 1023 2471 Dicata,
1052 2411 1364 2468 consecrata,
1398 2404 1434 2457 Ι.

823 2469 1056 2544 §epties,
1080 2489 1172 2542 pro
1192 2475 1434 2544 martyrio
1450 2485 1641 2544 septem
1669 2475 1919 2544 ﬁliorum,
1948 2477 1984 2530 Ι.

669 2540 793 2596 779.
829 2539 1101 2608 Feracem',
1131 2539 1404 2614 fecundam
1432 2555 1479 2599 et
1502 2539 1846 2616 portatricem,
1880 2548 1919 2602 Ι.

2311 2165 2314 2170 ’
2360 2192 2483 2247 785.
2517 2193 2735 2255 Assere,
2767 2191 2984 2259 affirma,
3018 2189 3058 2245 Ι.

2359 2263 2484 2318 787.
2515 2257 2889 2332 Nihilumque,
2919 2261 3041 2332 quia
3068 2277 3130 2316 ea:
3172 2259 3331 2313 nihilo
3370 2257 3507 2314 Deus
3549 2273 3726 2328 corpus
3759 2261 3851 2329 (or.

2515 2404 2818 2470 llefuderis,
2844 2419 2937 2473 pro
2955 2400 3261 2474 refunded.

2359 2477 2484 2534 793.
2517 2475 2764 2542 Ridebat,
2793 2470 3074 2530 deridebat.
3099 2503 3168 2514 ——
3185 2470 3464 2543 Cognitor,
3485 2471 3672 2544 judex,
3692 2471 3771 2526 cui
3787 2487 3852 2526 res

2289 2548 2639 2620 cognoscendo
2667 2545 2936 2615 diiudicat,
2966 2544 3005 2600 Ι.

1924 2663 2485 2722 COMMENTARIUS.

597 2770 894 2845 cerebrum
919 2772 1240 2845 continetur.
1285 2773 1421 2845 Hinc
1455 2773 1622 2830 Gallis
1645 2772 1894 2845 ltalisque
1921 2784 2054 2830 testa
2085 2790 2182 2844 pro

597 2842 811 2916 capiteL
840 2841 929 2897 Sic
972 2859 1091 2896 cara
1140 2843 1389 2915 Hispanis
1430 2859 1494 2901 ex
1543 2861 1579 2899 ιι
1619 2847 1713 2900 lib.
1758 2841 1978 2916 Cbrippi
2027 2841 2171 2902 vers.

597 2911 722 2976 M5,
772 2909 1045 2980 Postquam
1071 2909 1255 2970 venere'
1286 2916 1555 2970 verendam
1586 2917 1800 2970 Cwsaris
1834 2909 1950 2970 ante
1977 2934 2182 2972 caram:

595 2984 737 3059 quod
786 2993 864 3037 est
907 2981 1167 3059 Graecum
1189 2985 1524 3042 vocabulum.
1572 2987 1682 3042 Ιιιιο
1712 2987 1846 3044 testa
1884 3003 1980 3059 pro
2005 2989 2180 3059 capite

594 3053 964 3126 ignotumnon
991 3064 1075 3110 est
1105 3055 1374 3126 llispanis.

665 3124 789 3180 765.
818 3124 1161 3181 Delionestare
1204 3124 1540 3196 usurparunt
1579 3129 1814 3194 Tacitus,
1864 3129 2177 3195 Suetonius,

2286 2775 2329 2830 6
2335 2777 2442 2848 igni
2469 2776 2730 2832 hominem
2749 2777 2969 2848 septimo,
2983 2783 3229 2848 rarenter,
3249 2789 3508 2844 nunquam
3530 2783 3719 2838 octavo,
3741 2792 3852 2848 sape

2288 2846 2442 2916 nono,
2475 2850 2664 2916 impius
2693 2846 2904 2904 numero
2938 2847 3134 2900 decimo
3161 2862 3325 2900 mense
3349 2862 3369 2900 :
3394 2861 3610 2913 eumque
3645 2861 3747 2899 esse
3770 2846 3850 2899 lto-

2288 2919 2475 2973 minem
2499 2915 2742 2991 gignendi
2765 2933 3018 2974 sumntum
3043 2917 3220 2986 ﬁnem,
3255 2915 3422 2971 decem
3444 2931 3642 2970 menses
3667 2933 3760 2971 non
3785 2918 3853 2970 in-

2287 2998 2476 3059 ceptos,
2506 2992 2594 3044 sed
2616 3001 2838 3045 exactos.
3083 3058 3086 3059 ν
3277 3057 3300 3059 η
3383 3055 3410 3059 Α
3685 2997 3689 3001 ’

2359 3060 2484 3116 783.
2516 3061 2736 3116 Ovidius
2764 3061 2832 3117 de
2861 3059 3050 3118 ovibus
3079 3058 3205 3117 Met.
3241 3057 3327 3125 15,
3375 3055 3540 3114 Pleno
3578 3073 3692 3129 qua
3727 3059 3851 3127 fertis

2287 3132 2341 3186 in
2370 3132 2525 3186 ubere
2553 3141 2746 3187 nectar.

594 3194 1096 3283 Trebelliusi’ollio
1127 3198 1181 3251 in
1220 3194 1482 3255 Gallieno.
1523 3200 1701 3255 Prima
1746 3201 1901 3270 longa
1937 3215 2177 3257 remanet
2208 3221 2254 3283 ο
2361 3200 2486 3283 784.
2521 3202 3014 3283 Parrltasius,_data
3037 3203 3082 3257 si
3100 3199 3400 3283 crepundia,
3422 3198 3565 3283 quod
3593 3207 3757 3283 metro
3772 3199 3852 3281 ad~

596 3266 669 3320 ob
699 3267 1104 3334 aspirationem.

625 3406 638 3419 ν
669 3336 794 3419 764:
817 3339 972 3402 Man,
1005 3338 1153 3406 Rat.,
1188 3338 1360 3411 Siclt.,
1387 3352 1550 3411 pater.
1591 3341 1770 3412 Prag.,
1799 3351 2016 3410 pateret.
2047 3342 2181 3398 Cor-

595 3409 871 3479 rigendum
892 3420 1080 3479 patere.

666 3477 790 3554 765.
820 3477 1260 3554 Ales._,_Vatt._A,
1288 3482 1346 3554 β,
1382 3482 1536 3548 Man,
1564 3482 1859 3548 llcinsiani,
1891 3484 2032 3549 Gis.,
2071 3485 2183 3554 api-

593 3564 703 3624 cem
738 3551 898 3604 ‘lmnc.
927 3551 1076 3616 Ald.,
1101 3549 1262 3624 ιω»,
1293 3552 1472 3624 Prag.,
1530 3553 1862 3618 Parrhasius,
1895 3549 2178 3620 Weitzius,

595 3620 789 3686 apicem
833 3637 1024 3676 corona
1071 3622 1191 3676 sine
1219 3623 1374 3678 hunc.
1400 3620 1537 3680 Vat.
1583 3626 1650 3691 Q,
1686 3625 1964 3693 mendose,
2011 3627 2183 3698 aspice

594 3691 727 3744 hunc
755 3708 964 3748 corona.
995 3691 1172 3748 Eam..
1201 3704 1248 3748 et
1272 3709 1368 3748 pro
1397 3712 1478 3748 ex.

755 3708 964 3757 corona,
997 3708 1172 3758 lsgm.,
1201 3708 1248 3748 et
1272 3709 1368 3758 pro
1397 3712 1478 3751 ex.

667 3708 727 3744 nc
755 3708 964 3757 corona,
997 3708 1172 3762 lsgm.,
1201 3708 1248 3748 et
1272 3709 1368 3763 pro
1397 3712 1478 3751 ex.

666 3762 790 3819 768.
821 3763 1135 3840 Parrhasius
1155 3772 1426 3840 corrupte,
1444 3764 1563 3820 lam
1583 3779 1816 3840 paratum
1838 3769 1981 3823 nobis
2000 3768 2182 3840 glorise

675 3784 790 3819 ωδ.
821 3784 1135 3819 ιἐιῖῐιιειειιιε
1155 3784 1426 3834 corrupte,
1444 3784 1816 3890 Jameratum
1838 3784 1981 3823 ηουις
2000 3784 2181 3840 gtortte

592 3850 713 3906 pars
734 3836 942 3906 optima.
980 3835 1252 3906 Mariettus
1270 3836 1506 3906 glossam
1531 3853 1560 3891 a
1597 3838 1713 3906 jicit
1734 3841 1849 3894 sive
1870 3854 2044 3906 suam,
2068 3841 2181 3893 sive

593 3904 818 3974 alicujus
847 3904 1049 3977 codicis
1085 3923 1113 3977 γε.
1135 3904 1290 3961 Ρηνιί
1312 3909 1510 3977 οριίιητι
1534 3904 1652 3977 boni
1679 3910 1795 3975 viri,
1828 3920 2007 3964 contra
2031 3904 2178 3964 mali

593 3977 834 4056 pessima.
875 3975 1166 4058 Iuvenalis,
1210 3985 1313 4032 sat.
1344 3975 1434 4045 19,
1492 3976 1631 4031 Nam
1660 3980 1839 4050 lingua
1882 3981 2006 4034 mali
2058 3998 2179 4050 pars

589 4060 808 4118 [relle
827 4063 975 4118 seret.

664 4114 819 4189 7_7l._
851 4115 1492 4189 Enuncialrixﬂtlixerunt
1535 4119 1864 4189 interpretes
1908 4120 2180 4178 Theodori

592 4184 990 4260 Gadareiapud
1031 4186 1414 4260 Quintilianum
1445 4189 1539 4243 lib.
1569 4205 1626 4255 ιι,
1659 4184 1782 4260 cap.
1821 4191 1909 4246 15.

665 4255 787 4337 772.
821 4255 1000 4313 Utitur
1021 4257 1526 4340 vocabulo_pr_¢co,_
1559 4255 1813 4340 tanquam
1841 4263 1887 4318 si
1913 4273 2054 4320 esset
2083 4278 2178 4333 ge-

590 4328 737 4379 neris
765 4328 1088 4390 communis.
1111 4328 1392 4384 masculini
1421 4339 1476 4384 et
1503 4328 1769 4387 feminini.

665 4397 788 4470 774.
821 4399 970 4465 Ald.,
997 4401 1197 4470 primo:
1221 4400 1424 4466 ueteri,
1459 4403 1644 4468 prima.

663 4469 788 4524 775.
817 4469 971 4542 Man,
1000 4469 1170 4542 dicata
1198 4487 1318 4525 mox
1337 4479 1609 4539 sequentur
1633 4489 1867 4538 corpora.
1896 4475 1948 4530 in
1967 4491 2137 4542 marg.
2164 4494 2175 4530 :

593 4540 679 4593 Al.
702 4541 999 4614 uetera._rln
1027 4540 1171 4599 Rau.
1196 4557 1430 4612 corpora,
1462 4557 1623 4614 supra
1661 4543 1836 4600 aliena
1863 4561 2043 4612 manu,
2077 4540 2174 4601 cte-

591 4618 718 4663 ιε’ιή.
753 4611 858 4675 lso,
883 4612 1074 4666 dicata.

664 4681 788 4756 776.
813 4683 1134 4756 Heinsiusin
1159 4683 1418 4756 addendis
1457 4682 1531 4738 ait
1551 4683 1604 4740 in
1627 4685 1779 4756 Egm.
1812 4702 1875 4742 ac
1900 4688 2023 4744 aliis
2045 4703 2178 4744 non-

591 4751 757 4804 nullis
781 4753 958 4826 scribi
1018 4753 1356 4822 Maccabeos,
1412 4765 1592 4820 recte,
1639 4751 1764 4826 quia
1805 4758 2009 4815 Graecis
2054 4767 2181 4814 sunt

587 4824 916 4894 Μακκαϐαῖοι,
951 4839 1070 4894 qua:
1091 4837 1265 4880 tamen
1293 4843 1398 4881 non
1421 4834 1502 4882 est
1521 4824 1892 4882 ratio'ellicax.

659 4893 784 4969 777.
820 4893 1631 4969 Srtbjdgare‘verbutn"Asconii
1676 4897 1898 4969 Pediani
1921 4941 1937 4964 ,
1971 4899 2040 4955 de
2070 4915 2178 4969 quo

589 4963 853 5037 gellarius
889 4963 941 5019 in
962 4963 1096 5037 _Cur.
1123 4965 1330 5037 Poster.
1365 4966 1594 5024 Utuntur
1633 4967 1825 5026 eodem
1882 4963 2176 5037 Arnobius,

590 5033 935 5102 Claudianus,
961 5034 1264 5091 Lactantius
1289 5049 1346 5094 et
1375 5037 1488 5092 alii.

663 5103 786 5188 77?:
823 5105 878 5188 In
910 5105 1057 5188 Aldo
1087 5106 1354 5188 claudicat
1381 5123 1567 5163 versus
1609 5107 1696 5163 lle
1738 5120 1927 5188 partus
1961 5121 2014 5165 ut
2043 5111 2182 5181 fera-

589 5175 927 5247 cemjlorice.
961 5175 1084 5231 Vat.
1117 5181 1183 5244 Α,
1216 5177 1395 5247 Egm.,
1424 5194 1556 5232 unus
1584 5188 1649 5241 et,
1680 5175 1786 5235 non
1814 5181 1887 5236 ita
1913 5175 2068 5237 bene.

662 5245 786 5300 781.
821 5245 1033 5318 'l‘ltuan.
1075 5261 1107 5302 ι
1149 5245 1319 5318 prima
1351 5263 1544 5314 manu,
1581 5253 1980 5318 contemtacula,
2019 5253 2070 5306 id
2099 5263 2182 5308 est

591 5318 961 5438 fontintacula.
991 5316 1108 5386 Quo
1131 5316 1350 5389 respicit
1377 5319 1532 5374 Alex.
1559 5335 1588 5374 a
1615 5336 1772 5376 manu
1805 5316 1974 5392 prima
2001 5333 2178 5378 conte-

616 5403 710 5438 acu
733 5404 787 5438 a.

591 5396 787 5441 tacula.

661 5457 786 5540 789.
818 5456 1072 5540 l’ragens.
1109 5470 1295 5540 contra
1324 5461 1500 5532 legem
1527 5463 1826 5528 metricam,
1855 5479 2051 5540 menses
2103 5466 2178 5520 bis

590 5529 794 5598 quinos.
824 5528 879 5584 In
911 5530 1080 5586 sacris
1110 5531 1301 5587 litteris
1322 5528 1514 5598 no'yem
1547 5549 1762 5590 menses
1793 5535 2176 5590 nominantur:

590 5597 687 5653 sed
714 5598 899 5672 decem
931 5615 1144 5672 menses
1167 5597 1527 5660 ineboatidici
1553 5613 1774 5672 possunt
1799 5615 1854 5660 et
1879 5605 2093 5670 decem,
2123 5614 2178 5660 et

588 5669 920 5746 novem.ASic
945 5670 1202 5746 Virgilius
1232 5669 1685 5746 eclogudgllatri
1715 5677 1868 5746 longa
1897 5669 2179 5746 decemtu-

589 5738 758 5814 lerunt
796 5741 1008 5810 fastidia
1047 5738 1260 5814 menses.
1302 5738 1378 5798 ΔΪ
1400 5743 1632 5810 Gellius,
1675 5746 1768 5801 lib.
1802 5738 1897 5814 ἶιι,
1939 5760 2057 5814 cap.
2088 5745 2174 5811 16,

589 5810 920 5870 medicorum
973 5823 1026 5870 et
1084 5813 1526 5886 philosophorum
1577 5810 2172 5886 opiniones'exp'onité

2289 3281 2549 3328 versatur.
2578 3272 2831 3343 Virgilius
2865 3273 2959 3328 lib.
2995 3287 3068 3343 ty,
3099 3271 3162 3328 Si
3189 3273 3310 3325 bene
3345 3271 3471 3342 quid
3499 3273 3564 3324 de
3599 3281 3646 3324 te
3676 3271 3852 3334 merui,

2287 3345 2384 3413 fuit
2423 3354 2511 3397 aut
2555 3345 2647 3415 tibi
2678 3341 2960 3415 quidquam
2999 3341 3162 3397 Dulce
3190 3341 3400 3396 meum:
3430 3355 3729 3412 quanquam
3761 3357 3852 3396 non

2285 3425 2528 3470 materno
2550 3414 2599 3470 id
2628 3414 2812 3470 amore
2838 3414 3058 3469 dictum.

2321 3485 2481 3611 _7d85.
2515 3487 2754 3542 Asserere
2782 3485 2948 3541 Deum
2975 3499 3071 3556 pro
3095 3485 3308 3551 testari,
3341 3484 3497 3540 lateri
3517 3523 3533 3550 ,
3569 3492 3662 3539 aut
3697 3485 3852 3550 tueri,

2321 3573 2374 3611 ιιι
2416 3573 2575 3611 Icare.

2286 3571 2575 3612 vmmcare.

2356 3629 2480 3684 786.
2515 3629 2679 3698 Digna
2722 3627 2836 3682 haec
2864 3635 3132 3697 suntquae
3168 3641 3290 3698 cum
3317 3626 3507 3698 verbis
3538 3624 3666 3694 ipsis
3701 3639 3853 3681 sacra

2283 3696 2967 3768 Scriptum—conferantur,
3001 3696 3094 3752 lib.
3128 3713 3164 3751 ιι
3196 3696 3407 3768 Μαοιιη
3437 3711 3557 3761 cap.
3591 3711 3692 3762 vn,
3723 3711 3849 3750 vers.

2282 3769 2354 3823 2i
2377 3766 2568 3824 {Dixit
2613 3771 2682 3824 ad
2721 3785 2804 3824 eos
2842 3768 3068 3840 (mater)
3103 3785 3116 3822 :
3155 3766 3346 3823 Nescio
3370 3768 3604 3840 qualiter
3638 3767 3689 3820 in
3722 3776 3852 3840 utero

2286 3857 2396 3894 meo
2433 3841 2778 3913 apparuistis;
2814 3838 2973 3907 neque
3004 3840 3138 3892 enim
3181 3855 3272 3908 ego
3302 3839 3538 3908 spiritum
3575 3846 3623 3891 et
3650 3838 3850 3890 animum

2284 3911 2468 3965 donavi
2497 3912 2654 3974 vobis,
2685 3920 2734 3966 et
2759 3911 2944 3973 vitam,
2977 3920 3022 3964 et
3047 3910 3370 3976 singulorum
3398 3909 3624 3962 membra
3649 3925 3742 3962 non
3770 3924 3853 3976 ego

2284 3927 2467 3965 aonavt
2497 3927 2654 3974 vocis,
2685 3927 2734 3966 et
2759 3927 2944 3973 vitam,
2977 3927 3022 3964 et
3047 3927 3370 3980 singulorum
3398 3927 3624 3962 memora
3649 3927 3742 3962 non
3770 3927 3851 3976 ego

2284 3981 2400 4053 ipsa
2441 3984 2692 4053 compegi.
2741 3981 2847 4038 Sed
2881 3981 3016 4053 enim
3047 3982 3224 4034 mundi
3261 3989 3480 4053 creator,
3509 3980 3598 4053 qui
3638 3977 3851 4053 [armauit

2284 4050 2505 4107 hominis
2533 4050 2877 4118 nativitatem,
2915 4051 3101 4122 quique
3124 4053 3353 4106 omnium
3379 4050 3571 4122 inuenit
3593 4050 3852 4122 originem.

2285 4132 2331 4178 et
2356 4124 2592 4194 spiritum
2617 4123 2753 4177 nobis
2781 4121 2964 4177 iterum
2991 4138 3115 4194 cum
3133 4121 3494 4177 misericordia
3525 4122 3694 4194 reddet
3721 4129 3773 4194 et
3788 4121 3854 4172 ri-

2283 4193 2407 4256 tam,
2427 4194 2559 4248 sicut
2579 4209 2716 4247 nunc
2735 4194 3060 4264 vosmetipsos
3085 4193 3342 4264 despicitis
3360 4193 3718 4264 prapler‘leges
3732 4193 3852 4262 ejus.

2356 4264 2480 4320 787.
2515 4263 2765 4320 Nebrissa
2798 4268 2872 4319 ait
2899 4261 3004 4318 non
3035 4277 3156 4318 esse
3176 4261 3408 4319 nihilum
3430 4261 3622 4327 ,unde
3645 4271 3724 4317 est
3747 4276 3856 4316 cor-

2285 4349 2406 4406 pus.
2450 4335 2796 4406 Heumannus
2839 4337 2890 4390 in
2923 4335 3120 4390 Pueril.
3156 4343 3194 4388 t.
3229 4333 3304 4399 ll,
3350 4347 3470 4403 pag.
3501 4332 3632 4400 ὅθι,
3670 4331 3755 4406 lib.
3786 4347 3854 4406 ιι,

2285 4403 2402 4460 sine
2451 4406 2560 4460 nlla
2605 4404 2942 4460 dubitatione
2989 4406 3202 4474 reponit
3245 4407 3582 4474 animusque,
3621 4412 3667 4456 et
3693 4403 3854 4474 illud:

2284 4475 2426 4543 quod
2458 4474 2738 4546 Gallandio
2767 4476 3030 4546 placebat.
3054 4472 3262 4546 Verum
3294 4472 3472 4541 proba'
3487 4485 3574 4530 est
3605 4472 3756 4528 lectio
3772 4487 3856 4546 eo;

2285 4542 2464 4601 dicum
2492 4565 2504 4599 :
2536 4545 2699 4602 sumit
2727 4542 2868 4602 enim
2911 4555 3065 4614 poeta
3095 4543 3316 4600 nihilum
3353 4560 3450 4615 pro
3474 4546 3700 4614 exiguo,
3729 4542 3856 4610 quod

2208 4603 2260 4662 υ
2286 4615 2390 4675 hoc
2417 4618 2590 4685 ipsum
2618 4618 2668 4671 in
2703 4632 2882 4672 rerum
2911 4603 3062 4673 initio
3087 4630 3154 4672 ex
3187 4603 3620 4672 nihilo'creatu'm
3646 4603 3742 4685 est.

2355 4683 2482 4746 788.
2518 4687 2659 4742 Vatt.
2682 4687 2740 4754 Β,
2759 4687 2824 4756 Q,
2843 4688 3002 4753 Mar.,
3025 4687 3183 4757 Prag.
3203 4702 3233 4742 a
3253 4686 3422 4757 prima
3445 4683 3854 4752 manu,\Vidm.,

2237 4792 2242 4797 -
2284 4767 2501 4824 amator,
2537 4757 2695 4822 male,
2731 4773 2826 4824 pro
2850 4759 3122 4812 animator.

2357 4830 2480 4898 789.
2515 4827 2772 4898 \Veitzjus
2797 4845 2863 4883 ex
2892 4829 3140 4883 Fabricio
3165 4827 3296 4882 citat
3320 4828 3555 4898 impende
3578 4835 3625 4881 et
3653 4827 3761 4898 ipsi.
3781 4827 3860 4898 γΑι

2285 4888 2560 4954 Ρᾶιιιὶεἰιιε
2591 4899 2642 4952 in
2677 4897 2856 4955 Poetis
2884 4899 3205 4954 Christianis
3228 4913 3350 4953 cum
3381 4888 3595 4952 caneris
3625 4888 3743 4967 legit
3770 4897 3861 4949 im-

2283 4972 2504 5053 pendere
2533 4971 2650 5053 ipsi:
2683 4967 2935 5053 [fortasse
2961 4970 3014 5024 in
3045 4978 3336 5053 comment.
3355 4967 3860 5053 .peenulia‘rinsrripsit

2283 5037 2520 5110 impende
2547 5037 2594 5094 et
2625 5040 2742 5106 ipsi.
2775 5040 3138 5096 Nebrissensis
3166 5037 3418 5094 subandit
3441 5040 3606 5094 decet.
3635 5037 3738 5094 Sed
3763 5039 3861 5091 hoc

2285 5112 2421 5182 loco,
2447 5111 2738 5182 impendere
2779 5111 2953 5181 potius
2995 5120 3076 5166 est
3120 5108 3466 5182 imperativus
3507 5109 3696 5166 modus
3725 5107 3864 5163 vocis

2321 5195 2529 5235 assivas.

2505 5250 2820 5334 Parrhasius
2839 5251 3016 5334 minus
3034 5251 3170 5307 bene
3180 5251 3348 5334 virgas
3359 5259 3637 5334 stupentes.
3653 5249 3867 5334 Vicit},

2286 5320 2510 5384 Widm.,
2540 5321 2730 5391 Bong.,
2769 5323 2996 5378 llailsbr.
3029 5337 3213 5393 supra,
3242 5321 3359 5375 Vat.
3393 5320 3472 5389 Α,
3515 5322 3661 5386 Rau,
3698 5321 3868 5381 Sich.,

2284 5391 2440 5460 Man,
2475 5392 2656 5462 Prag.,
2685 5390 2799 5447 Gis.
2829 5392 2896 5447 ad
2924 5408 3107 5460 oram,
3139 5393 3424 5449 vulnerum.
3469 5392 3626 5459 Ald.,
3657 5391 3870 5456 Parrli.,

2285 5462 2581 5526 llcinsiani,
2614 5463 2790 5525 Alex.,
2823 5465 3104 5519 verberum.
3131 5463 3404 5528 Nonnulli,
3433 5464 3654 5517 dolores.

2359 5533 2484 5588 795.
2515 5532 2664 5598 Bat.,
2689 5532 2848 5600 Man,
2884 5533 3093 5598 de.,
3122 5533 3317 5603 Bong.,
3344 5542 3537 5588 actum.
3572 5532 3690 5585 Vat.
3716 5532 3779 5603 Β,
3815 5547 3873 5584 ac

2287 5614 2415 5667 tum,
2439 5603 2588 5674 Aquod
2602 5605 2921 5674 coniecerat
2948 5603 3209 5660 Weitzius
3238 5602 3290 5659 in
3315 5613 3506 5657 actum.
3538 5603 3612 5657 lta
3638 5603 3687 5655 iu
3713 5602 3870 5674 ligni.

2286 5672 2517 5730 llailsbr.
2537 5715 2553 5739 ,
2599 5673 2739 5742 PaL,
2783 5675 2935 5729 ictum
2963 5676 3160 5730 factum
3182 5691 3246 5730 ex
3275 5675 3357 5727 hic
3382 5685 3491 5727 tum
3509 5713 3526 5740 ,
3553 5689 3668 5743 qua:
3691 5673 3875 5728 verior

2284 5743 2576 5816 estglectin,
2604 5754 2658 5799 et
2681 5753 2854 5801 exstat
2876 5747 2926 5801 in
2950 5746 3238 5811 plerisque.
3264 5744 3441 5815 Prag.,
3469 5753 3658 5810 actum,
3685 5753 3874 5816 postea

2283 5814 2508 5872 divisum
2539 5830 2600 5867 ac
2629 5825 2754 5868 tum.
