3968 6288
382 493 682 549 Protulerat
711 497 910 550 rabiem
934 497 1196 568 Tyrrheni
1223 499 1286 551 ad
1319 500 1515 555 littoris
1544 515 1714 567 oram,

453 586 685 655 Quaeque
704 586 819 639 loca
843 602 1122 654 aequoreus
1145 589 1379 654 proxima
1396 601 1578 658 portus
1599 590 1777 646 babet.

384 676 526 730 lnter
549 678 848 741 carniﬁces,
876 691 928 733 et
957 680 1248 750 constipata
1283 682 1501 737 sedebat

198 767 269 821 50
453 768 658 836 Ofﬁcia,
686 779 957 824 exstructo
985 773 1181 826 celsior
1209 772 1260 825 in
1289 774 1447 826 solio.

386 860 677 928 Discipulos
707 862 849 926 ﬁdei,
882 863 1289 934 detestandique
1316 866 1545 921 rebelles

455 950 630 1017 ldolii,
657 952 878 1008 ardebat
908 953 1106 1009 dedere
1133 956 1386 1024 perﬁdiae.

1428 303 1984 362 PliﬂlSTlﬂPllANON
2029 306 2162 361 IIYM
2175 308 2231 361 Ν.
2279 306 2362 362 XI.

461 406 671 476 1168
703 402 956 461 Cerneret
985 408 1164 462 eluvie
1202 411 1472 480 sanguinis
1500 413 1718 468 al’ﬁnere
1755 431 1768 466 :
1803 424 1849 474 Α

3353 311 3455 369 555i

2053 416 2320 469 Carcereo
2348 414 2541 470 crinita
2567 415 2668 468 sitit
2698 427 2844 471 stare
2869 417 3075 487 agmina
3101 430 3283 472 contra

2133 503 2393 571 Jussv'rat,
2427 504 2708 559 horrendis
2742 508 3094 562 excrucianda
3125 509 3314 562 modis.

1887 596 1958 650 55
2068 595 2194 649 inde
2223 606 2529 650 catenarum
2563 606 2782 661 tractus,
2810 598 2931 652 hinc
2953 599 3094 654 lorea
3120 599 3279 668 ﬂagra

2135 687 2346 757 1169
2409 687 2690 751 Stridere.
2747 689 3016 758 virgarum
3077 690 3448 756 concrepitare

3161 779 3377 849 [fragon

2069 865 2269 934 Ungula
2303 867 2405 919 lixa
2435 869 2578 919 cavis
2607 877 2870 920 costarum
2902 869 3133 922 cratibus
3169 871 3306 922 altos

2138 957 2347 1027 n70
2373 957 2609 1012 Pandere
2632 974 2895 1024 secessus,
2924 971 2979 1014 et
3006 960 3246 1018 lacerare
3280 964 3446 1031 jecur.

1498 1109 1780 1166 GLOSSE
1820 1110 2160 1164 VETERES.

269 1243 603 1317 ιδηιςιυνιο,
627 1246 798 1312 sorde,
821 1248 900 1300 rel
920 1247 1202 1317 putredine.
1231 1273 1301 1284 -—
1329 1242 1584 1308 Alﬂrtere,
1613 1245 1774 1298 abun-

200 1315 357 1434 “77'.
377 1314 667 1452 l'i'yr'rheni,
699 1384 940 1449 Tusceni,
967 1384 1211 1438 Tiberini.
1235 1385 1504 1448 —~()rarn,
1529 1384 1700 1452 ﬁnem,
1730 1384 1770 1437 Ι.

269 1451 359 1504 52.
394 1451 562 1516 Idolii,
596 1455 811 1507 idolium
849 1464 920 1506 est
958 1452 1196 1516 templum
1224 1455 1377 1507 idolis
1403 1451 1770 1513 consecratum,

201 1521 547 1590 idolothytum_
560 1539 675 1576 vero
699 1524 1003 1590 sacriﬁcium
1026 1522 1176 1575 idolis
1201 1525 1538 1583 immolatum,
1565 1523 1680 1576 Vat.
1706 1528 1770 1576 Α.

201 1583 693 1662 Servitusidoiornm
718 1583 1257 1662 :oﬁi'ciunridolorunt.
1272 1621 1344 1634 —
1365 1593 1618 1658 Ardebat,
1639 1593 1777 1661 fure-

201 1660 300 1730 bat.
329 1659 675 1730 -—7Perlidia.
703 1659 926 1730 idolicw,
961 1661 1000 1715 Ι.

267 1729 357 1798 δῖ.
388 1729 528 1798 Situ,
557 1731 814 1798 squalore,
847 1736 883 1783 Ι.

271 1797 360 1852 54.
393 1796 774 1868 Excrucianda,
809 1803 1060 1869 vexantia,
1091 1803 1132 1857 l.

1802 1793 1850 1852 Β

1949 1243 2038 1300 55.
2075 1244 2219 1302 Inde.
2256 1256 2446 1311 postca.
2482 1275 2542 1286 —-
2582 1245 2770 1310 Lnrea,
2797 1262 2860 1300 ea:
2887 1247 3007 1300 loris
3039 1250 3194 1313 facta.
3229 1277 3297 1288 —
3329 1249 3446 1303 Fla-

1877 1331 1993 1385 gra,
2025 1316 2253 1385 ﬂagella,
2292 1317 2330 1366 Ι.

1949 1385 2040 1440 56.
2067 1384 2323 1438 Stridere.
2377 1401 2467 1455 pro
2511 1385 2810 1439 stridebant.
2846 1415 2911 1426 ——
2953 1386 3330 1454 (Ioncrepitare
3359 1405 3445 1448 pro

1879 1455 2272 1522 concrepitabat,
2311 1456 2349 1508 I.

1953 1526 2041 1578 57.
2077 1523 2300 1590 Ungula,
2330 1540 2484 1589 genus
2517 1534 2900 1577 tormentorum.
2925 1554 2993 1565 —
3015 1525 3294 1580 Cosmrutn
3329 1540 3443 1580 cra-

1881 1594 2040 1655 tibus,
2071 1593 2242 1656 costis,
2276 1595 2642 1659 veljuurturix,
2676 1594 2712 1646 Ι.

1951 1664 2040 1716 58.
2074 1663 2334 1735 Pandere,
2365 1679 2458 1731 pro
2478 1664 2744 1735 pandebat
2771 1682 2788 1719 :
2818 1664 3006 1720 scilicet
3036 1664 3442 1735 (repit—Lace-

1878 1748 2019 1796 rare,
2048 1747 2140 1801 pro
2169 1733 2442 1796 lacerabat,
2477 1732 2515 1786 Ι.

1547 1914 2104 1974 COMMENTARIUS.

204 2053 524 2178 ammenti.
553 2055 868 2110 Parrhasius
911 2055 1096 2111 scribit
1146 2055 1403 2111 Suburam
1445 2070 1568 2110 cum
1620 2055 1762 2120 Rat.,

252 2139 328 2177 ar.
360 2136 414 2178 et
439 2140 467 2177 a
496 2139 577 2178 us.

252 2139 328 2177 ar.
360 2136 414 2178 et
439 2136 577 2178 31118.

270 2192 358 2246 46.
390 2195 530 2254 ΑΜ..
567 2193 704 2247 Vatt.
743 2196 802 2256 Α,
834 2195 894 2259 Ρ,
927 2195 1102 2258 Alex.,
1135 2195 1270 2260 Gis.,
1301 2194 1482 2248 lleins.
1506 2209 1626 2247 cum
1657 2191 1768 2248 suis

204 2263 644 2333 castigatioribus,
667 2263 885 2333 afﬂuere.
913 2266 1048 2318 \att.
1082 2267 1141 2327 ll,
1164 2269 1229 2330 ρ,
1259 2267 1409 2326 Urb.,
1437 2264 1766 2326 Parrhasius,

202 2331 357 2394 Man,
381 2333 521 2402 Rat“
544 2331 893 2399 Prag.,Weitz
916 2350 977 2387 us
1004 2350 1122 2388 cum
1153 2335 1264 2388 suis
1289 2335 1522 2400 scriptis,
1552 2333 1764 2402 (maere.

270 2401 363 2455 47.
391 2401 613 2466 within,
645 2403 820 2456 horam
844 2420 861 2456 :
891 2404 1004 2470 lege
1033 2419 1194 2456 oram.

273 2473 361 2525 48.
400 2472 611 2525 Portum
641 2471 933 2525 Romanum
978 2472 1061 2526 hic
1105 2473 1325 2526 indicari
1357 2471 1632 2539 probabile
1660 2478 1761 2523 est.

203 2539 306 2594 Sed
335 2557 456 2594 cum
486 2556 641 2607 supra
671 2543 824 2592 Ustia.
837 2541 1074 2594 Tiberina
1101 2558 1368 2595 nonmta'n
1394 2541 1607 2601 fuerint,
1628 2555 1769 2592 sern-

215 2627 308 2678 per
331 2612 600 2663 dubitandi
633 2611 780 2664 lm-us
810 2613 1124 2677 relinqrritur
1144 2629 1208 2664 an
1239 2611 1289 2664 in
1319 2611 1477 2664 Porlu
1507 2612 1764 2672 Romano,

204 2683 289 2748 qui
323 2683 495 2733 mium
521 2683 731 2746 preprie
762 2682 908 2733 Ostia
931 2681 1170 2734 Tiberina
1199 2682 1373 2734 dictus
1402 2692 1555 2733 antea
1587 2679 1763 2748 inerit,

205 2767 269 2800 an
311 2752 360 2803 in
391 2750 554 2802 tisti=s
591 2751 877 2820 Tiberinis,
903 2766 1021 2820 que
1067 2767 1204 2804 nunc
1249 2749 1534 2819 A'Iqttoreus
1582 2747 1766 2801 Portus

203 2821 552 2889 appellentur,
600 2819 910 2889 Hippolytus
956 2822 1210 2885 martyrio
1261 2820 1418 2873 fuerit
1458 2829 1761 2874 coronatus.

203 2887 387 2942 Verius
419 2900 594 2942 tamen
624 2887 832 2942 vitt’e'ur
864 2889 1008 2944 Ostia
1041 2890 1289 2944 Tiberina
1319 2890 1478 2942 etiam
1521 2889 1620 2941 hoc
1650 2889 1766 2940 loco

203 2957 419 3029 intelligi
447 2974 460 3010 :
486 2974 604 3011 nam
645 2961 778 3012 inira
807 2975 947 3013 vers.
989 2958 1085 3012 15l
1133 2961 1444 3029 simpliciter
1477 2959 1670 3012 dicitur
1697 2959 1764 3011 de

204 3027 318 3082 loco
348 3029 588 3098 martyrii
615 3046 628 3082 :
663 3029 807 3083 Ostia
837 3032 1088 3098 linquunt.

269 3097 723 3162 {im-Parrhasius,
754 3111 976 3164 structo;
1019 3098 1486 3169 Egm.,rnuntlose,
1527 3106 1763 3152 extratto.

1882 2053 2152 2122 pag.509,
2186 2063 2234 2106 et
2267 2061 2396 2107 tom.
2431 2052 2490 2106 Ill
2525 2054 2729 2122 Antiq.,
2756 2069 2875 2121 pag.
2904 2055 3034 2110 205.
3079 2055 3232 2111 Num.
3254 2058 3287 2109 ι
3331 2065 3380 2108 et
3405 2056 3437 2110 8

1875 2139 1939 2178 es
1971 2137 2155 2176 mnseo
2179 2137 2330 2175 sacro
2351 2123 2606 2176 Vaticano
2625 2127 2730 2177 duo
2753 2126 3101 2180 instrumenta
3132 2125 3437 2193 depromin

1876 2193 2068 2260 quibus
2094 2206 2319 2256 corpora
2362 2203 2653 2262 martyrum
2688 2195 3077 2257 lacerabantnr,
3103 2205 3156 2249 et
3193 2195 3437 2248 videntur

1877 2264 2016 2314 inter
2044 2263 2264 2329 ungulas
2290 2263 2372 2315 vel
2406 2278 2606 2325 rrrgries
2648 2278 2767 2317 esse
2814 2263 3089 2318 referenda
3116 2283 3128 2317 :
3161 2279 3282 2317 nam
3313 2275 3436 2318 sunt

1877 2331 2068 2385 similia
2091 2332 2350 2398 unguibus
2377 2332 2549 2384 avium
2579 2334 2866 2396 rapacium.
2890 2333 3042 2386 Num.
3065 2334 3097 2388 5
3115 2333 3436 2388 exhibentur

1879 2402 2088 2468 nngule
2119 2401 2335 2454 bisulc;e
2365 2416 2482 2469 qua:
2513 2412 2855 2456 asservantur
2877 2405 2926 2456 in
2950 2403 3162 2456 basilica
3193 2404 3246 2456 S.
3271 2402 3434 2464 Petri,

1851 2471 1942 2524 -de
1962 2471 2154 2535 quibus
2193 2475 2299 2538 agit
2348 2471 2641 2531 Gali-mins,
2674 2482 2726 2525 et
2778 2488 2874 2525 nos
2913 2473 3021 2538 jam
3067 2482 3220 2525 antea
3272 2475 3428 2524 locuti

1875 2554 2080 2593 sumus.
2134 2541 2266 2593 Num
2314 2541 2641 2608 (inpressae
2683 2551 2804 2594 sunt
2831 2542 3112 2607 plumbatze
3135 2557 3200 2596 ex
3249 2558 3432 2595 musco

1875 2627 1945 2660 sa
1969 2627 2027 2662 ro
2058 2609 2337 2672 Vaticano,
2388 2611 2455 2661 de
2481 2611 2672 2677 quibus
2721 2612 2843 2666 vide
2882 2622 3168 2665 comment.
3197 2614 3260 2663 ad
3288 2627 3427 2666 vers.

1875 2681 1978 2732 H7
2021 2681 2070 2732 iri
2118 2680 2375 2731 Romano.
2425 2680 2632 2733 Nrttn.7
2674 2690 2729 2733 et
2756 2682 2789 2735 9
2833 2690 3286 2747 repraesentantur
3324 2682 3432 2734 duo

1877 2750 2074 2802 lebetes
2105 2754 2288 2816 q-ra'cs
2319 2750 2561 2814 insculpti
2603 2759 2726 2802 sunt
2757 2751 2806 2803 in
2837 2751 3098 2818 sepulcris
3123 2752 3426 2816 Victoriam,

1844 2829 1928 2872 .et
1978 2819 2342 2886 Exnpcrantii,
2375 2827 2428 2872 ιιι
2467 2833 2494 2869 a
2525 2819 2816 2873 Marnachio
2855 2821 2994 2873 inter
3029 2821 3129 2874 alia
3188 2822 3427 2875 nrartvrii

1874 2887 2221 2942 instrumenta
2271 2889 2522 2953 deseripti
2545 2901 2671 2940 tom.
2707 2889 2745 2942 ll
2795 2890 2873 2942 de’
2901 2889 3125 2942 Costumi
3153 2905 3274 2954 pag.
3303 2889 3426 2944 506.

1875 2958 2004 3011 νόει
2051 2960 2210 3011 etiam
2265 2970 2394 3009 rom.
2437 2958 2500 3011 Ill
2555 2961 2678 3012 Ant.
2726 2958 2920 3011 Christ.
2972 2974 3087 3026 pag.
3147 2959 3271 3013 206.
3308 2960 3428 3014 llmc

1872 3028 2048 3098 omnia
2071 3028 2314 3098 martyrii
2348 3030 2692 3098 instrumenta
2722 3027 2915 3082 addere
2937 3028 3107 3098 visum
3133 3029 3427 3082 esttabnlis

1875 3095 2231 3162 Gallouiariis,
2255 3113 2384 3162 quas
2414 3113 2533 3151 cum
2567 3098 2623 3154 l‘.
2655 3097 2966 3163 Per-griuns
2987 3095 3183 3154 Cbiese
3207 3098 3427 3153 editioni

202 3166 268 3220 Ut
293 3170 573 3240 minismia
605 3155 777 3237 pro'm
802 3155 1006 3240 tristris,
1035 3155 1103 3223 irua
1135 3155 1297 3240 οῄῐεὶα
1322 3184 1418 3240 pro
1447 3155 1549 3240 illis
1574 3169 1662 3240 qui
1687 3172 1766 3222 ol'-
1795 3155 1838 3220 C
1869 3183 2027 3234 Quam
2060 3155 2430 3232 meditabatur,
2480 3184 2719 3240 operum.
2749 3155 3018 3240 l’r'urlentii
3040 3179 3249 3238 paratus
3268 3185 3428 3228 exire..-

203 3240 318 3291 licso
344 3239 650 3305 lrirrgtrntur,
691 3249 744 3292 et
781 3239 918 3306 apud
963 3242 1295 3304 Suetonium,
1327 3239 1550 3291 Plinium
1577 3239 1763 3291 Junio-

201 3321 331 3371 rem,
361 3308 754 3375 jnreeousnftos
789 3322 998 3364 veteres
1027 3326 1125 3379 pro
1154 3321 1401 3379 primore,
1432 3323 1529 3376 pro
1553 3312 1764 3378 appari-

202 3387 332 3436 tore.
365 3393 465 3446 pro
493 3383 744 3432 comitatu
773 3381 1035 3446 prrrtoris.

266 3447 354 3499 51.
387 3448 615 3501 Rebetles
639 3464 758 3502 cum
795 3450 962 3516 patrio
989 3463 1114 3503 casu
1146 3448 1358 3501 notabat
1389 3447 1657 3511 Barthius,
1687 3463 1720 3500 ιι
1747 3449 1761 3502 i

200 3516 468 3582 perﬁdiam
499 3533 594 3585 pro
619 3517 750 3571 vitio
781 3519 899 3572 lidei
930 3521 1176 3585 onposito
1205 3533 1347 3570 vers.
1379 3532 1492 3584 seq.
1528 3517 1582 3570 In
1613 3517 1764 3586 hym-

199 3601 264 3638 no
289 3586 344 3640 S.
379 3588 586 3652 Quirini
618 3604 760 3642 vers.
795 3589 848 3651 1,
881 3587 1102 3658 Insignis
1141 3602 1262 3640 curn
1294 3589 1479 3658 parin
1515 3601 1641 3640 casu
1673 3601 1762 3639 nc-

199 3658 379 3726 cttrrit,
411 3665 467 3711 et
499 3659 742 3726 quarmis
769 3659 971 3710 varient
993 3656 1231 3723 codices,
1257 3656 1550 3717 elegantius
1583 3657 1762 3710 inubis

207 3725 413 3797 ridetur
434 3725 612 3781 dicere
633 3727 907 3793 Quirinum
933 3730 1185 3797 insignem
1204 3727 1396 3797 meriti.
1425 3740 1581 3792 quam
1613 3727 1764 3779 meri-

196 3795 279 3866 t_is.
330 3795 566 3863 Perﬁdus
613 3813 707 3866 p.o
752 3795 1052 3853 inﬁdelibus
1088 3795 1216 3852 alibi
1246 3811 1457 3866 quoque
1488 3797 1761 3864 usurpavit

197 3864 534 3919 Prudentius.

261 3936 348 3988 52.
381 3936 712 4002 Parrhasius,
747 3938 920 3990 minus
945 3939 1100 4001 bene,
1128 3936 1275 3990 idoli.

259 4004 348 4058 55.
380 4007 532 4071 Ald.,
559 4008 754 4061 crinata
777 4024 795 4061 :
819 4009 934 4074 lege
959 4009 1162 4062 crinita.
1197 4007 1400 4060 Dictum
1433 4004 1496 4058 ad
1521 4019 1663 4060 vers.
1691 4005 1760 4059 80

194 4072 371 4142 hymni
405 4077 431 4129 1
468 4075 788 4146 Petisteph.,
818 4072 938 4130 reos
963 4093 1168 4131 comam
1200 4077 1338 4142 apud
1369 4076 1634 4130 Romanos
1665 4093 1762 4130 nu-

192 4152 316 4214 trire
340 4150 682 4200 consuevisse
706 4164 720 4199 :
744 4149 866 4200 hinc
889 4147 1074 4200 crinita
1099 4148 1324 4214 agmina.

193 4280 204 4291 ο
255 4212 345 4268 51.
394 4215 564 4283 Rott.,
608 4217 880 4285 horrificis.
927 4212 1259 4282 Parrhasius,
1300 4216 1614 4278 excruciata,
1653 4231 1756 4270 non

191 4293 259 4334 tta
288 4295 460 4338 recte.

253 4353 345 4408 55.
381 4355 456 4408 De
479 4355 704 4409 diversis
747 4356 1115 4409 instrumentis
1145 4364 1200 4408 et
1231 4354 1403 4408 modis
1429 4354 1624 4420 quibus
1657 4354 1751 4409 SS.

189 4433 449 4493 martyres
500 4425 870 4493 credebantur,
921 4427 1041 4480 vide
1086 4427 1288 4481 tabulas
1336 4427 1666 4494 cruciatuurn
1723 4440 1753 4477 χ

186 4501 236 4544 et
260 4507 333 4545 Il.

253 4563 346 4615 57.
392 4563 742 4617 Instrumenta
785 4564 979 4633 quibus
1023 4579 1247 4624 corpora
1300 4572 1593 4628 martyrum
1635 4563 1753 4633 dis-

185 4635 481 4698 cerpebant
520 4650 587 4696 r,
640 4636 736 4687 tria
795 4632 1038 4687 numerat
1098 4634 1425 4692 ltuiuartius.
1483 4632 1743 4701 ungulas,

185 4717 396 4772 uncos,
445 4706 682 4770 pectines
739 4720 754 4756 :
812 4719 928 4772 quae
983 4706 1034 4756 in
1088 4704 1313 4758 Gallonii
1385 4703 1568 4767 ﬁguris
1644 4718 1757 4756 rne-

185 4770 288 4824 lius
340 4775 536 4842 exponi
587 4770 842 4836 al’lirmati
875 4774 1067 4827 Conler
1106 4775 1334 4828 tabulam
1367 4788 1488 4826 xxvr
1535 4787 1564 4824 a
1602 4773 1755 4826 nobis

181 4843 445 4904 additam,
482 4853 536 4896 et
579 4858 641 4896 es
675 4845 815 4897 veris
866 4845 1234 4900 insnumentis
1281 4857 1631 4907 expressam:
1666 4843 1754 4896 ubi

181 4925 335 4964 num.
364 4926 381 4964 t
406 4913 685 4966 exhibetur
728 4913 1035 4967 chirotheea
1072 4913 1242 4968 lerrea
1269 4915 1450 4980 digitis
1495 4914 1753 4974 incurvis.

177 4991 230 5031 et
281 4992 520 5040 extrema
573 4992 719 5048 parte
757 4984 950 5051 acutis,
996 4999 1114 5050 quae
1179 4985 1494 5051 ungularum
1545 4986 1755 5048 species

177 5058 287 5115 est,
350 5051 404 5104 in
443 5053 750 5105 coemetrrio
779 5050 1071 5119 Callepodii
1119 5050 1354 5119 reperta.
1401 5052 1532 5105 Vide
1560 5052 1755 5120 Ariag-

177 5122 474 5192 liurintom.
501 5122 538 5174 ll
569 5123 720 5174 Hom.
742 5122 995 5192 διήκει-ς..
1026 5139 1146 5192 pag.
1178 5122 1301 5187 687,
1324 5131 1378 5175 et
1403 5121 1751 5176 blamachium

179 5185 268 5260 pe‘
295 5189 522 5260 Costumi
570 5192 647 5243 de'
675 5192 868 5259 primi'.
919 5185 1119 5251 Crist;
1155 5185 1295 5244 tum.»
1340 5192 1427 5255 ll.,
1478 5207 1600 5260 pag.
1625 5193 1750 5245 506.

175 5258 339 5312 Num.
363 5259 400 5311 ἓ
428 5258 841 5327 repraesentatur
871 5276 1037 5314 uncus
1091 5262 1296 5315 ferreus
1323 5263 1414 5330 qui
1468 5258 1519 5314 in
1550 5258 1748 5315 cmme-

173 5332 317 5381 tcrio
346 5330 406 5384 S.
434 5331 653 5398 Agnetis
687 5341 927 5400 repertus
966 5343 1044 5384 est
1078 5333 1236 5394 capiti
1290 5331 1575 5400 cujusdam
1617 5347 1756 5384 mar-

173 5400 314 5463 tyris
371 5401 566 5453 inﬁxus
597 5418 609 5452 :
653 5400 722 5454 de
758 5399 880 5468 quo
925 5401 1250 5454 Mamachius
1284 5401 1384 5454 loc.
1413 5402 1506 5453 cit.
1538 5399 1694 5454 Num.
1725 5403 1757 5455 5

169 5468 502 5538 describitur
528 5478 716 5537 pecten
741 5469 948 5524 ferreus
967 5471 1054 5538 qni
1083 5478 1264 5524 exstat
1285 5470 1422 5523 inter
1453 5486 1630 5525 sacras
1668 5487 1753 5523 re-

170 5537 376 5605 liquias
405 5540 711 5593 monasterii
752 5537 1236 5594 sanctimonialium
1266 5540 1470 5593 ordinis
1513 5541 1755 5593 Domini-

167 5609 290 5659 cani
344 5609 402 5662 S.
437 5608 504 5662 Μ.
556 5608 876 5678 Magdalcna:
915 5611 964 5662 in
999 5619 1178 5664 monte
1214 5609 1498 5676 Quirinali,
1549 5611 1619 5665 de
1653 5627 1756 5678 quo

171 5687 346 5746 agunt
377 5679 652 5734 Boldettus
683 5693 799 5749 pag.
836 5680 938 5734 519
968 5687 1021 5734 et
1059 5679 1380 5733 Mamach'us
1423 5683 1521 5733 loc.
1552 5681 1665 5743 cit.,
1686 5690 1751 5749 et

1869 3240 2111 3306 tritasque
2135 3239 2319 3294 habere
2343 3248 2406 3302 t,,
2436 3239 2724 3292 liberaliter
2749 3239 3046 3301 concessit,
3073 3250 3126 3290 ut
3172 3240 3222 3292 in
3273 3255 3424 3292 usum

1869 3308 1954 3360 cui
1999 3309 2278 3362 destinata:
2317 3319 2467 3361 erant
2492 3308 2759 3362 cederent.
2796 3309 3026 3363 Diversa:
3062 3317 3186 3361 sunt
3210 3349 3224 3371 ,
3257 3324 3427 3374 neque

1870 3379 1940 3429 ita
1973 3389 2220 3433 accurate
2259 3380 2538 3443 descriptm
2583 3379 2836 3445 imagines
2888 3379 3261 3447 martyriorum
3296 3393 3428 3446 quas

1867 3449 2143 3502 Gallonius
2173 3449 2223 3500 in
2271 3464 2433 3515 opere
2473 3448 2650 3502 lta'ico
2695 3451 2761 3502 de
2790 3449 3122 3503 Cruciatibus
3161 3448 3256 3502 SS.
3288 3465 3427 3501 mar-

1866 3529 2038 3585 tyrum
2067 3518 2373 3571 r-xt-rrderat.
2405 3517 2659 3570 Dim-runt
2685 3520 2842 3572 etiam
2901 3534 2928 3571 a
2974 3518 3168 3572 nostris
3207 3519 3425 3584 pictura:

1863 3605 1933 3654 qu
1954 3605 2016 3651 IS,
2046 3589 2264 3652 iubente
2311 3585 2450 3654 Greg
2490 3590 2568 3640 rin
2598 3587 2734 3648 Xlll.
2759 3589 3009 3640 hortante
3037 3601 3100 3640 ac
3145 3588 3422 3640 consilium

1865 3660 2135 3718 praebente
2181 3657 2430 3710 Miehziele
2461 3656 2758 3710 Lauretano
2785 3659 2840 3712 S.
2872 3657 2946 3720 J.,
2981 3657 3344 3710 Pomarantius
3371 3665 3426 3708 et

1864 3726 2141 3780 Mantuanis
2187 3725 2438 3780 Senensis
2495 3727 2546 3778 in
2593 3726 2814 3780 ecclesia
2861 3727 2916 3781 S.
2969 3726 3221 3790 Stephani
3272 3724 3422 3779 Caelii

1866 3798 2080 3860 montis,
2141 3797 2286 3859 sive,
2338 3805 2394 3848 tit
2449 3807 2668 3855 vocant,
2733 3796 2959 3849 Hntundi
3013 3805 3420 3860 espress'ernnt,

1862 3868 2063 3920 :Priotte
2085 3866 2366 3932 Tempesta
2393 3865 2593 3924 incidit.
2641 3865 2894 3918 Libellum
2930 3865 3035 3918 vidi
3068 3864 3377 3929 inscriptum
3403 3882 3418 3917 :

1861 3933 2173 4000 Triumphus
2218 3945 2491 4003 martyrum
2546 3935 2598 3986 iu
2638 3939 2824 4001 templo
2885 3934 2949 3987 Ι).
2989 3934 3232 3999 Stephani
3279 3933 3421 3987 (ἰαίῆ

1861 4007 2045 4058 montis
2092 4002 2378 4071 expressus.
2441 4002 2587 4059 Julia
2658 4005 2836 4057 Itonia
2904 4003 3124 4058 IIortino
3195 4014 3417 4057 amtore.

1855 4075 2036 4141 Opera
2083 4085 2129 4128 et
2177 4074 2428 4128 industria
2450 4073 2666 4127 Joannis
2710 4073 2954 4137 Ballistae
2998 4079 3059 4127 de
3099 4071 3417 4128 Cavalleriis.

1862 4143 2066 4210 Romie,
2099 4155 2156 4197 ut
2185 4153 2334 4213 puto,
2366 4145 2540 4196 editus
2570 4155 2648 4197 est
2698 4144 2782 4198 hic
2812 4145 3055 4198 libellus:
3087 4144 3240 4207 cujus
3291 4157 3423 4195 non-

1862 4216 2019 4268 nullaa
2049 4215 2237 4268 tabula:
2265 4213 2330 4269 ad
2358 4225 2619 4281 martyres
2649 4214 2765 4268 libri
2813 4213 3232 4281 Peristephanmn
3271 4227 3422 4275 snec-

1860 4293 1994 4346 tant,
2012 4285 2215 4339 scilicet
2237 4284 2407 4337 tabula
2459 4299 2534 4344 Ill,
2567 4284 2902 4350 SS.apostoli
2927 4284 3110 4336 Petrus
3127 4291 3180 4336 et
3198 4282 3420 4343 Paulus;

1862 4355 2038 4410 tabula
2093 4369 2238 4413 xvm,
2280 4353 2339 4408 S.
2391 4353 2708 4408 Laurentius
2759 4368 2879 4407 cum
2937 4351 3221 4421 Hippolyto
3273 4353 3424 4421 cquis

1861 4433 2101 4489 raptato;
2131 4422 2308 4477 tabula
2333 4434 2464 4486 χχιι,
2494 4423 2550 4478 S.
2593 4423 2804 4489 Agnes;
2832 4424 3004 4476 rabula
3038 4437 3180 4481 χχιιι,
3211 4421 3269 4474 S.
3300 4421 3423 4489 Vin-

1784 4511 1836 4568 ι)
1863 4487 2436 4568 centiusiu‘craticula.
2471 4487 2701 4568 (Eonsule
2753 4495 2912 4568 etiam
2945 4487 3424 4568 ltl_arc._Ant._Bol-

1863 4568 2062 4617 dettum
2113 4563 2205 4617 lib.
2247 4577 2286 4626 ι,
2314 4576 2433 4630 cap.
2483 4563 2569 4624 ϐυ,
2603 4562 2691 4628 qui
2734 4561 2801 4615 de
2847 4563 2930 4615 his
2953 4561 3168 4630 picturis
3217 4561 3343 4626 agit,
3369 4568 3424 4612 et

1859 4634 2100 4701 quaedam
2126 4633 2477 4686 instrumenta
2510 4632 2746 4701 martyrii
2772 4647 2799 4683 a
2824 4647 2881 4684 se
2911 4633 3021 4684 visa
3051 4640 3419 4701 reprarscntat,

1861 4697 1917 4756 ut
1959 4704 2163 4757 cultros
2244 4701 2468 4757 ferreos.
2527 4697 2787 4764 lanceam,
2841 4697 3121 4767 furcipcm’
3165 4697 3420 4758 ferreum,

1860 4783 2054 4841 prreter
2119 4771 2379 4839 pectinem
2439 4771 2681 4841 ferreum
2738 4771 3031 4825 cmmeterii
3090 4767 3419 4841 Callcpodii,

1858 4838 2018 4911 quem
2042 4838 2376 4903 exhibemus,
2422 4852 2468 4894 et
2523 4840 2724 4892 lebetes
2757 4841 3048 4911 insr-u'ptns
3080 4841 3130 4892 in
3158 4838 3420 4911 sepulcris

1860 4907 1918 4967 S.
1952 4911 2236 4965 Victo'inm
2263 4920 2318 4962 ct
2370 4911 2427 4964 S.
2466 4910 2804 4974 Eanperantii
2832 4927 2844 4961 :
2878 4907 3232 4974 rationesque
3267 4907 3422 4960 affert

1861 4997 1956 5036 cur
1986 4981 2396 5035 existimandum
2425 4980 2488 5032 sit
2523 4981 2602 5031 his
2633 4981 2890 5031 tobetibus
2921 4978 3422 5048 signiticariinstru-

1859 5062 2035 5105 menta
2071 5052 2332 5120 martyrii.
2364 5050 2440 5103 Dc
2473 5049 2771 5117 hujusnrodi
2806 5046 3170 5120 iusti-uiuentis
3201 5046 3423 5120 insignis

1855 5129 2035 5174 exstat
2113 5117 2260 5175 locus
2321 5121 2377 5174 S.
2432 5121 2626 5172 Leonis
2680 5122 2730 5170 in
2791 5119 2950 5172 natali
3008 5119 3064 5174 S.
3117 5117 3421 5171 Laurentii:

1858 5191 2082 5256 Stevisti,
2129 5189 2512 5259 persecutor,in
2543 5189 3090 5259 rnartyreinpstrvisti,
3137 5198 3181 5239 et
3236 5187 3458 5258 an:ris_ti~

1860 5258 2282 5327 palmampdum
2320 5275 2542 5330 aggeras
2582 5273 2796 5324 poenam.
2842 5258 2980 5312 Nam
3024 5259 3159 5330 quid
3213 5273 3314 5329 run
3358 5261 3422 5330 ad

1861 5325 2064 5383 uictoris
2093 5325 2634 5399 ’gloriam'ingenium
2678 5339 2826 5399 tuttur
2870 5325 3088 5396 reperit,
3131 5325 3330 5390 quando
3373 5325 3422 5376 iu

1862 5395 2443 5464 honorent'transierunt
2478 5395 2720 5462 triumphi
2762 5398 2910 5448 etiam
2927 5395 3267 5450 instrumenta
3291 5411 3421 5447 mar.

1861 5462 2026 5538 tyrii?
2056 5462 2152 5522 Ubi
2207 5483 2403 5538 censeo
2458 5481 2757 5538 sermonem
2788 5469 3141 5538 _|otissimuui
3190 5479 3307 5518 esse
3360 5467 3421 5516 de

1861 5535 2117 5593 craticula
2147 5538 2206 5593 S.
2239 5537 2529 5595 Laurentii,
2577 5551 2692 5602 qua:
2725 5535 2969 5604 religiose
3019 5537 3200 5588 Itonia:
3249 5548 3422 5585 asser-

1863 5621 2042 5675 vatnr,
2072 5623 2388 5674 semperque
2435 5620 2626 5672 magno
2674 5605 2724 5658 in
2785 5606 2982 5659 honore
3008 5605 3182 5658 habita
3235 5616 3336 5662 cst,
3371 5611 3419 5654 ut

1862 5682 1964 5732 dixi
1997 5681 2057 5731 atl
2101 5680 2357 5746 hymnum
2410 5679 2464 5729 S.
2506 5676 2768 5728 Laurentii
2819 5690 3001 5730 eontra
3061 5675 3418 5744 Sagittariutn.
