3994 6290
637 330 742 386 515

1995 542 2152 614 [tant.

823 633 1065 688 lncendit
1092 634 1312 699 feritas,
1346 635 1488 705 rapit
1535 636 1800 706 impetus,
1834 644 1888 691 et
1929 635 2110 705 fragor
2137 653 2227 691 ur-

2058 737 2150 782 et:

889 813 994 870 Nec
1018 829 1210 870 cursus
1235 818 1455 873 volucer
1484 817 1684 874 mobile
1705 818 1870 872 sentit
1894 727 2053 873 onu[sg.

647 905 744 960 115
824 906 926 962 Per
951 908 1139 975 siluis,
1169 925 1264 978 per
1289 925 1416 963 saxa
1444 919 1643 964 ruunt:
1669 925 1774 963 non
1809 912 1924 980 ripa
1955 909 2193 964 retardat

890 999 1173 1068 Fluminis,
1206 1009 1297 1056 aut
1332 1014 1540 1056 torrens
1569 1003 1848 1072 oppositus
1879 1001 2118 1055 cohibet.
2194 1027 2196 1029 ν

818 1090 1171 1148 Ρωδιρτιιιιηι
1205 1108 1402 1164 saepes,
1435 1105 1489 1148 et
1526 1106 1719 1149 cuncta
1751 1094 2030 1148 obstacula
2075 1109 2224 1146 rum-

1963 1185 2115 1256 [Imm
2137 1202 2153 1238 ε

894 1275 1088 1337 Prona,
1118 1276 1326 1344 fragosa
1351 1284 1558 1344 petunt,
1589 1276 1754 1330 ardua
1790 1276 2118 1330 transiliunt.

833 1367 1008 1423 Scissa
1039 1370 1340 1422 minutatim
1367 1368 1632 1422 labefacto
1666 1383 1894 1437 corpore
1919 1365 2087 1420 frus'a

647 1457 748 1514 120

1975 1549 1989 1620 [
2007 1566 2154 1620 ager.

821 1646 949 1696 t’ars
992 1645 1218 1698 summis
1259 1643 1459 1712 pendet
1503 1643 1761 1712 scepnlis,
1807 1657 1934 1712 pars
1981 1643 2225 1698 sentith

1927 1735 2118 1810 [πιπτει
2139 1754 2154 1792 ε

894 1832 1050 1884 Parte
1070 1828 1262 1883 rubent
1287 1826 1526 1892 frondes,
1553 1834 1704 1896 parte
1729 1827 1989 1883 madescit
2010 1828 2224 1882 humus.
2257 1822 2305 1881 B

895 1461 1106 1533 1175
1164 1458 1354 1531 Carpit
1402 1459 1691 1529 spinigeris
1739 1459 2000 1547 stirpibus
2059 1457 2230 1513 hirtus

1743 339 2016 394 AURELII
2061 339 2423 396 PRUDENTII
2461 341 2789 396 CARMINA.
3812 344 3902 401 2“

895 450 1007 515 Qua
1048 465 1231 518 sonus,
1274 463 1432 521 atque
1467 461 1695 518 tremor,
1729 467 1831 522 qua
1867 453 2230 523 furor~exagi-
2254 461 2301 514 Α

2471 478 2477 484 ·
2512 455 2801 523 Exemplar
2822 453 3043 508 sceleris
3076 457 3254 525 paries
3280 455 3438 510 habet
3471 457 3658 524 illitus,
3691 457 3747 511 in
3779 476 3872 527 quo

2577 545 2883 599 blulticolor
2905 545 3058 600 fucus
3088 548 3280 613 digerit
3307 563 3472 602 omne
3494 549 3666 602 nefas.

2336 638 2435 694 125
2509 638 2654 693 Picta
2676 654 2842 708 super
2864 640 3124 694 tumulum
3171 640 3614 710 speciesliquidis
3640 641 3781 709 viget
3803 659 3899 696 tun-

3687 737 3835 807 |bris,

2590 819 2741 891 Efﬁgi
2761 836 2844 874 ins
2875 822 3028 876 traCIi
3058 822 3301 876 membra
3325 833 3546 877 cruenta
3573 825 3696 878 viri.

2509 912 2773 967 Rorantes
2797 927 3050 968 saxorum
3083 914 3262 983 apices
3289 915 3416 976 vidi,
3446 917 3653 983 optime
3684 931 3832 985 papa,

2581 1003 2990 1074 Purpureasque
3021 1013 3176 1060 notas
3199 1005 3450 1073 vepribus
3481 1007 3777 1074 impositas.

2514 1095 2679 1150 Docta
2703 1109 2895 1149 manus
2924 1094 3124 1150 virides
3141 1095 3403 1150 imitando
3419 1097 3681 1166 efﬁngere
3706 1096 3889 1161 dumos,

2585 1188 2799 1259 1176
2822 1187 3047 1244 Luserat
3072 1203 3104 1243 e
3127 1189 3294 1242 minio
3317 1190 3615 1244 russeolam
3640 1193 3848 1244 saniem.

2510 1277 2749 1334 Cernee
2779 1288 2916 1349 erat,
2952 1279 3125 1349 ruptis
3155 1279 3522 1348 compagibus,
3556 1280 3747 1335 ordine
3775 1283 3888 1334 nullo

2595 1370 2828 1424 Membra
2862 1386 2957 1438 per
2980 1371 3215 1448 incertos
3237 1385 3423 1438 sparsa
3450 1371 3635 1438 jacere
3660 1373 3806 1426 situs.

2513 1462 2810 1516 Addiderat
2838 1477 3018 1529 caros,
3051 1477 3267 1532 gressu,
3304 1463 3667 1535 lacrymisque
3697 1480 3887 1531 sequen-

3699 1553 3833 1624 [ωε.

2582 1647 2745 1704 Devia
2773 1663 2878 1716 qua
2907 1647 3136 1703 fractum
3164 1648 3356 1702 semita
3389 1658 3661 1704 monstrat
3693 1650 3804 1703 iter.

2337 1741 2440 1798 155
2513 1742 2743 1804 Mamre
2769 1741 3004 1807 attoniti,
3032 1749 3195 1809 atque
3212 1741 3382 1795 oculis
3411 1742 3734 1796 rimantibus
3752 1743 3886 1808 ibant,

2581 1832 2988 1902 lmplebantque
3017 1832 3167 1887 sinus
3198 1832 3496 1888 visceribus
3517 1832 3738 1888 laceris.

2331 1189 2434 1244 150

1943 1942 2228 1999 GLOSSE
2272 1944 2613 2002 VETERES.

711 2063 830 2118 112.
861 2059 1171 2130 Exagitant,
1199 2071 1380 2125 aqunt,
1413 2060 1454 2114 Ι.

711 2132 830 2188 115.
861 2128 1121 2187 Incendit.
1156 2133 1348 2185 scilicet
1369 2148 1475 2193 eos,
1507 2128 1550 2182 I.

715 2203 829 2257 lli.
867 2201 913 2254 Μ
939 2202 1059 2256 bile
1085 2217 1242 2262 onus.
1274 2218 1460 2269 corpus
1489 2199 1750 2269 martyris,
1787 2198 1826 2252 l.

710 2273 832 2328 118.
863 2272 1056 2337 Prona,
1086 2272 1321 2326 humilia.
1341 2267 1411 2312 4—
1426 2267 1686 2339 Fragosa,
1711 2270 1914 2339 aspera.
1932 2298 1999 2309 ——
2015 2267 2218 2330 Ardua,

640 2355 850 2469 mi'iiif
878 2341 1208 2478 lbliuutatim,
1251 2429 1317 2485 pa
1337 2412 1616 2465 'ticulatim.
1639 2439 1708 2450 —
1733 2410 1951 2476 Frusta,
1998 2409 2222 2479 particu-

640 2485 1056 2624 l“12'13.llirtus
1107 2553 1371 2616 horridus,
1398 2547 1452 2606 Ι.’
1531 2621 1533 2624 ⁴

714 2626 837 2681 122.
872 2623 1046 2691 Parte,
1076 2625 1342 2693 sanguinis
1371 2625 1528 2684 illius.
1553 2624 1594 2678 l.

713 2697 836 2779 125,
868 2691 1185 2779 Exemplar,
1203 2695 1476 2765 depictum.
1493 2726 1560 2734 —
1575 2695 1769 2759 Ilabet,
1807 2695 2008 2749 retinet.
2023 2723 2091 2733 —
2104 2691 2215 2746 llli-

642 2767 1060 2897 mi’a’ii‘igtiéiié.
1075 2837 1304 2902 malitias,
1323 2837 1481 2899 color,
1511 2835 1592 2888 hic
1617 2837 1835 2906 pictura.
1872 2831 2043 2887 Fucas
2066 2832 2218 2906 herba

641 2908 777 2960 unde
803 2910 1069 2972 tinguntur
1095 2919 1252 2961 vestes
1278 2923 1296 2960 :
1339 2907 1470 2959 unde
1499 2908 1551 2958 in
1591 2905 1822 2958 amnibus
1852 2906 1998 2958 rebus
2030 2905 2113 2956 ubi
2144 2905 2217 2955 rei

640 2979 823 3031 veritas
852 2977 1142 3041 obducitur,
1182 2978 1351 3046 fucus,
1374 2976 1476 3030 dici
1503 2986 1687 3033 potest.
1726 2974 2218 3042 Pretium—Dige-

642 3047 727 3114 rit,
750 3049 973 3114 ordinat,
1005 3045 1286 3118 componit,
1319 3045 1356 3100 Ι.

2406 2058 2533 2132 126.
2579 2057 2870 2132 Effigians,
2916 2059 3252 2132 signiﬁcans,
3301 2063 3657 2126 conformans.
3685 2060 3885 2123 —\"iri,

2333 2128 2629 2200 Hippolyti,
2665 2131 2702 2184 Ι.

2406 2199 2545 2256 127.
2567 2199 2851 2272 “orantes.
2883 2199 3076 2272 scilica
3106 2201 3292 2269 quasi;
3320 2201 3434 2252 laus
3461 2201 3884 2272 pictorem—Aph

2329 2285 2442 2328 ces.
2477 2270 3201 2326 summitatem—Satorum.
3236 2272 3289 2322 in
3319 2272 3541 2336 pictura,
3577 2271 3614 2323 l.

2405 2341 2528 2423 129.
2553 2341 2762 2462 rantis,
2786 2341 3101 2410 pictoris.—
3119 2340 3384 2408 Eflingere
3409 2341 3622 2402 dumos,
3652 2342 3885 2413 depiugr‘rt

2405 2429 2527 2462 inas.
2587 2451 2602 2462 .

2328 2429 2527 2477 spinas,
2563 2429 2602 2464 I.

2402 2481 2522 2537 150.
2543 2481 2792 2543 Luserat,
2820 2481 3045 2534 ludendo
3068 2481 3390 2546 depinxerat,
3423 2482 3680 2550 p'nxcrat.
3700 2513 3761 2522 —
3775 2484 3884 2538 lin:-

2327 2555 2555 2615 seolatn,
2586 2552 2946 2617 rubicundam,
2974 2551 3011 2605 l.

2401 2625 2525 2679 151.
2546 2623 2781 2676 Cernere
2806 2633 2942 2684 erat,
2966 2624 3104 2676 cerni
3126 2632 3320 2692 poterat
3345 2623 3534 2676 scilicet
3557 2641 3609 2677 τη
3632 2636 3830 2691 ρτεηινα.
3851 2625 3881 2677 Ι.

2401 2693 2523 2747 152.
2549 2694 2717 2749 Situs.
2749 2691 2861 2745 loca
2883 2709 3092 2756 aspera,
3123 2693 3159 2746 Ι.

2399 2766 2520 2819 155.
2559 2763 2872 2824 ΑηιΙίιΙειτη,
2908 2761 3424 2830 pictura.—Caros,
3474 2765 3798 2834 propinquos,
3843 2766 3878 2819 Ι.

2399 2834 2524 2890 151.
2554 2835 2824 2895 Fructum,
2851 2850 3082 2890 curvum.
3119 2835 3157 2886 I.

2397 2905 2520 2958 155.
2550 2904 2900 2965 Rimantibus,
2931 2904 3368 2969 iurestigawibus,
3399 2904 3437 2958 1.

2397 2975 2523 3030 156.
2556 2975 2795 3039 Lacet-is,
2823 2974 3080 3041 laceratis,
3119 2975 3155 3027 l.

2000 3132 2556 3195 COMMENTARIUS.

644 3272 742 3312 nus
771 3257 970 3312 rectius
997 3255 1213 3325 putabat
1233 3267 1353 3312 cum
1380 3271 1478 3312 suo
1501 3271 1601 3310 ms.
1624 3255 1717 3310 Pal
1771 3271 2006 3325 circoque
2027 3268 2218 3315 errore,
2247 3249 2294 3308 Ο

647 3327 784 3390 quod
812 3324 1081 3396 exstatin
1131 3327 1276 3389 Ald.,
1324 3329 1504 3397 Egm.,
1558 3326 1676 3380 Pal.
1725 3327 1864 3394 apud
1907 3324 2218 3397 Weilaium.

649 3397 801 3462 llrb.,
837 3394 956 3451 vat.
1003 3398 1063 3463 P,
1094 3397 1206 3451 Gis.
1248 3398 1313 3451 ad
1344 3394 1492 3451 oram
1521 3413 1534 3450 :
1573 3397 1660 3452 hic
1690 3397 1742 3450 in
1774 3404 2031 3450 contextu
2061 3394 2223 3448 habet

647 3483 776 3522 circa
805 3479 848 3521 et
867 3478 1074 3522 terrore.
1099 3467 1357 3531 Gifanins,
1378 3484 1442 3523 ex
1473 3477 1580 3522 vet.
1607 3466 1753 3528 cod..
1783 3467 1871 3520 ubi
1894 3467 2006 3534 agit
2032 3465 2100 3519 de
2129 3464 2222 3518 de-

649 3540 947 3592 sinentibus
976 3538 1026 3591 in
1063 3549 1098 3602 t,
1127 3539 1251 3608 legit
1275 3555 1406 3592 circa
1431 3549 1476 3591 et
1499 3555 1693 3601 errore,
1727 3548 1780 3591 et
1811 3535 1977 3601 rejicit
2005 3547 2220 3600 terrore,

650 3613 767 3675 quia
787 3624 941 3662 error
967 3618 1049 3663 cst
1077 3624 1273 3670 caecus,
1305 3625 1407 3662 non
1436 3621 1626 3664 terror.
1647 3609 1836 3662 Verum
1863 3608 2024 3662 etiam
2048 3616 2226 3660 terror

650 3694 824 3733 caecus
855 3693 998 3734 recte
1021 3679 1215 3733 dieitur
1239 3681 1534 3734 atiell'eetu.
1555 3679 1813 3734 Weitzius
1843 3694 1962 3732 cmn
1999 3675 2224 3741 Widm.,

650 3760 694 3800 rt
741 3766 872 3803 circa
911 3767 1115 3814 errare;
1160 3751 1228 3802 ita
1264 3750 1438 3818 Prag.,
1484 3752 1578 3804 sed
1627 3750 1814 3803 alacris
1855 3764 1952 3817 pro
2002 3749 2222 3802 alacres.

650 3820 962 3874 Parrhasius
992 3835 1201 3889 quoque
1231 3820 1443 3887 alacris,
1469 3822 1562 3876 sed
1586 3837 1816 3888 circoque
1833 3835 2024 3874 errore.

723 3910 840 3964 112.
873 3910 1188 3966 l’artltasius
1237 3912 1309 3965 ita
1352 3912 1500 3981 legit,
1535 3911 1650 3977 Qua
1670 3928 1846 3968 sonus.
1873 3920 2022 3976 atque
2053 3909 2222 3970 timor,

649 3998 746 4049 qua
777 3982 922 4048 [uror
942 3984 1189 4051 exagitat.

719 4074 841 4126 1l6.
870 4072 1014 4136 Rat.,
1047 4075 1328 4143 oppositos,
1358 4089 1518 4140 supra
1543 4081 1868 4127 correctum.

724 4164 846 4220 121.
875 4163 1066 4218 Cham.
1102 4165 1377 4228 mendose,
1408 4183 1496 4236 per
1524 4164 1747 4218 sentibus
1772 4164 1950 4217 ha'ret.

724 4257 846 4311 125.
883 4257 1199 4311 Existimant
1242 4256 1484 4310 nonnulli
1527 4257 1871 4310 Prudentium
1916 4255 2228 4324 martyrium

653 4326 926 4397 Hippolyti
965 4326 1148 4380 militis
1176 4328 1316 4394 quod
1359 4327 1541 4381 llouuc
1580 4330 1785 4396 pictura
1816 4340 2128 4392 expressum
2155 4325 2232 4378 vi-

652 4399 751 4460 dit,
775 4398 932 4452 alteri
955 4397 1242 4466 Hippolyto
1269 4398 1564 4451 affinxiSse.
1595 4398 1699 4453 Sed
1733 4398 1962 4466 primum
1990 4411 2228 4466 queram

649 4469 786 4535 quis,
819 4469 920 4524 nisi
949 4470 1112 4522 multa
1136 4479 1252 4536 post
1282 4468 1628 4522 Prudentium
1649 4469 1862 4528 saecula.
1885 4467 2228 4538 Hippolytum

634 4540 874 4594 militem
927 4540 1229 4603 huiusmodi
1285 4541 1598 4608 martyrium
1632 4539 1860 4592 subiisse
1901 4538 2232 4591 affirmavit?

653 4609 851 4683 Deinde
877 4611 1220 4683 ecclesiarum
1249 4611 1466 4677 pictura:
1493 4610 1747 4683 appositis
1783 4611 2026 4683 versibus
2053 4609 2214 4683 et_in-
2247 4624 2297 4683 ι)

653 4681 1036 4747 scriptionibus
1059 4680 1304 4734 solebant
1340 4682 1616 4745 illustrari,
1646 4691 1702 4733 ut
1731 4697 1792 4734 ex
1828 4680 2080 4744 operibus
2111 4679 2214 4732 Da-

659 4751 792 4804 masi
816 4759 873 4804 et
899 4751 1104 4805 Paulini
1135 4751 1426 4819 colligitur.
1465 4751 1729 4806 Prauerea
1766 4750 2086 4805 Prudentius
2117 4766 2220 4803 non

649 4829 768 4874 erat
797 4821 871 4875 ita
901 4823 1133 4875 rusticus
1167 4830 1222 4874 ut
1253 4822 1305 4874 in
1336 4823 1540 4889 pii-tura
1569 4823 1710 4875 aliud
1747 4838 1842 4890 pro
1876 4823 1982 4874 alio
2007 4820 2221 4890 accipe-

652 4901 753 4953 Iet,
787 4907 959 4956 neque
990 4893 1059 4945 ita
1092 4891 1399 4958 imprudens
1423 4901 1480 4945 ut
1506 4893 1583 4946 rei
1611 4893 1888 4947 veritatem
1923 4907 1988 4945 ex
2017 4889 2224 4944 doctio-

653 4961 795 5015 ribus
821 4977 925 5015 non
949 4961 1271 5028 exquireret.
1307 4963 1587 5017 Postremo
1609 4974 1800 5029 ιιι-εωθι-
1822 4963 2080 5031 picturam
2105 4961 2224 5016 aliis

653 5033 1011 5154 tuonulinentis
1056 5032 1399 5088 Prudentiqu
1444 5035 1619 5097 innit-,
1670 5044 1812 5086 totus
1849 5033 1966 5100 ejus
1995 5034 2224 5101 hymnus

653 5111 796 5154 osten
842 5114 900 5154 ll.

646 5111 900 5156 ostendit.

722 5192 843 5246 121.
878 5191 1053 5263 Fucus
1091 5193 1183 5248 illo
1220 5209 1335 5248 arvo
1374 5197 1701 5263 pigmentum
1731 5205 1785 5250 et
1815 5195 2054 5250 colorem
2084 5195 2230 5248 desi~

645 5265 860 5330 gnabat.
892 5262 1080 5320 Teates
1108 5262 1385 5332 Paulinus,
1405 5268 1694 5332 Ausonius,
1719 5267 1831 5320 alii.

643 5403 652 5422 ,
719 5357 842 5411 125.
876 5355 988 5411 Sub
1020 5357 1431 5427 imperatoribus
1458 5359 1734 5422 Romanis,
1778 5369 1828 5412 ut
1870 5367 2024 5412 notat
2051 5357 2222 5412 Pere-

647 5438 813 5489 ratus,
843 5427 1075 5495 pictores
1099 5431 1290 5484 nativis
1313 5431 1604 5494 coloribus,
1640 5447 1742 5482 non
1779 5445 1873 5498 per
1897 5431 2138 5483 umbram
2161 5443 2223 5482 ac

646 5512 935 5560 recc-sum,
984 5499 1076 5552 sed
1124 5500 1176 5554 in
1218 5501 1514 5556 clarissima
1561 5503 1676 5554 luce
1723 5501 2092 5560 delinearunt;
2125 5499 2221 5553 sed

646 5566 907 5621 interdum
938 5569 1154 5625 umbras
1179 5571 1501 5625 addiderunt
1535 5584 1584 5623 ιιι
1611 5587 1678 5624 cx
1712 5571 1816 5624 hoc
1849 5571 1968 5624 loco
2008 5570 2216 5638 colligi-

646 5647 749 5693 tur.
795 5639 1039 5692 Barthius
1089 5650 1264 5696 tamen
1311 5643 1532 5711 liquidas
1581 5643 1784 5696 umbras
1831 5642 2220 5709 interpretatur

643 5713 946 5780 perspicuas
983 5713 1411 5768 assimulaliones
1447 5721 1501 5766 et
1538 5714 1914 5780 expressiones
1951 5712 2215 5765 veritatis.

647 5778 773 5834 Vide
815 5780 995 5851 ltymn.
1029 5785 1059 5836 tl
1095 5783 1392 5852 Peristepli,
1422 5799 1562 5837 vers.
1595 5778 1684 5837 95.

2400 3245 2524 3300 12B.
2561 3245 2604 3298 Μ
2643 3259 2689 3296 r.
2720 3243 2893 3298 aliena
2919 3258 3101 3307 manu,
3139 3243 3484 3307 Parrhasius,
3517 3243 3638 3298 Rat.
3673 3259 3701 3298 a
3737 3246 3882 3314 prima

2331 3331 2513 3375 manu.
2548 3315 2751 3368 tractim
2772 3331 2790 3368 :
2819 3315 3018 3368 rectius
3048 3317 3220 3368 tracti.

2405 3387 2526 3440 127.
2559 3385 2696 3440 Olim
2719 3399 2910 3438 omnes
2935 3386 3218 3453 episcopos
3247 3399 3406 3452 papas
3429 3386 3725 3454 appellatos
3747 3386 3884 3439 fuisse

2329 3465 2548 3512 constat
2571 3472 2635 3509 ex
2657 3456 2925 3524 Cypriane
2942 3497 2956 3517 ,
2982 3455 3323 3521 Hieronymo,
3353 3458 3669 3524 Augustino,
3696 3455 3882 3517 Rufino,

2331 3528 2576 3594 Sulpicio
2602 3530 2671 3578 με
2709 3541 2740 3579 e
2771 3540 2804 3577 ο
2841 3536 2891 3580 ct
2917 3528 3057 3581 aliis.
3088 3525 3262 3593 Cthit
3303 3539 3486 3594 postea
3521 3527 3572 3580 id
3608 3542 3788 3581 nomen
3811 3544 3883 3593 pe-

2327 3599 2484 3652 culiav
2499 3598 2578 3650 ius
2597 3596 2836 3649 Remano
2857 3596 3092 3664 pontifici
3113 3598 3328 3651 attribui
3348 3615 3361 3658 ;
3380 3599 3558 3651 adhuc
3571 3607 3742 3652 autem
3763 3600 3882 3666 apud

2337 3669 2654 3721 Venantium
2683 3666 3052 3727 Forttmatum,
3087 3677 3142 3720 et
3169 3667 3449 3732 Eulogium
3483 3669 3880 3725 tiordubensem.

2329 3741 2416 3799 qui
2461 3738 2658 3792 satculo
2711 3752 2762 3789 tx
2815 3737 3016 3805 floruit,
3061 3737 3147 3789 alii
3185 3739 3420 3806 episcopi
3461 3753 3613 3802 pana:
3640 3739 3880 3792 dicuntur.

2329 3809 2621 3880 Gregorius
2651 3807 2783 3880 Δνυ,
2830 3823 2972 3862 anno
3004 3808 3156 3873 1075,
3187 3809 3239 3862 in
3261 3808 3483 3880 7-1uodu
3517 3807 3752 3861 Romana
3794 3819 3878 3860 sta-

2317 3877 2665 3932 ‘tuit’nemini
2714 3879 2879 3932 licere
2921 3880 3158 3940 seipsnm
3191 3879 3274 3932 vel
3307 3877 3468 3932 alium
3505 3880 3721 3932 nomine
3759 3894 3884 3944 πεπτω

2333 3951 2624 4019 appellare,
2662 3950 2802 4018 quod
2856 3951 3126 4016 proprium
3163 3959 3309 4003 esset
3348 3949 3574 4002 Romani
3625 3950 3880 4018 pontificis.

2335 4021 2409 4074 De
2435 4035 2540 4089 quo
2560 4022 2775 4089 nomine
2805 4019 2921 4074 fuse
2943 4021 3047 4089 agit
3073 4020 3330 4074 Baronius
3355 4021 3405 4073 in
3430 4031 3546 4074 not.
3574 4031 3734 4074 mart.
3752 4020 3882 4073 Roin.

2332 4090 2398 4144 ad
2431 4088 2570 4144 diem
2607 4091 2673 4145 10
2699 4088 2916 4142 Junuar.
2985 4088 2988 4089 ν
3726 4119 3732 4130 -

2407 4163 2526 4215 129.
2554 4160 2726 4227 Aliqui
2754 4169 2938 4223 putant
2970 4160 3072 4214 lide
3113 4175 3216 4213 non
3258 4174 3380 4214 esse
3405 4160 3628 4226 dignum
3652 4160 3789 4228 quod
3817 4160 3884 4212 hic

2335 4241 2518 4285 narrat
2568 4230 2908 4293 Prndentus,
2962 4232 3081 4294 quia
3133 4231 3306 4298 pictor
3348 4231 3521 4295 potuit
3555 4241 3715 4297 prout
3744 4232 3886 4298 magis

2335 4302 2433 4366 ipsi
2462 4302 2611 4355 libuit
2643 4300 2871 4354 fabulam
2903 4300 3178 4370 elllngere.
3229 4300 3425 4354 Verum
3461 4303 3582 4367 quis
3613 4301 3794 4355 credet
3817 4312 3886 4351 aut

2333 4373 2453 4424 aliis
2486 4372 2810 4437 persuadere
2827 4375 3042 4440 poterit,
3061 4373 3338 4425 historiam
3367 4373 3612 4442 martyrii
3641 4372 3778 4437 quod
3792 4379 3886 4436 post

2335 4442 2670 4495 dimidiatum
2703 4443 2957 4496 sa'culum
3008 4459 3060 4495 ut
3114 4442 3330 4507 accidit,
3379 4443 3536 4508 paulo
3569 4452 3693 4512 post
3717 4443 3886 4495 indocti

2336 4514 2566 4578 alicujm
2619 4512 2838 4579 pictors
2881 4513 3117 4574 licentia,
3165 4513 3473 4567 videntibus
3515 4524 3572 4568 et
3621 4514 3887 4568 tacentibus

2336 4586 2572 4640 caeteris.
2601 4583 2765 4635 fuisse
2787 4583 2979 4638 falmlis
3005 4582 3394 4636 deformatam?

2399 4655 2523 4708 150.
2554 4653 2891 4718 Parrhasius,
2925 4655 3084 4721 male,
3112 4665 3160 4707 et
3192 4656 3348 4705 nimio
3377 4653 3678 4722 ruf/icolam
3706 4654 3888 4707 saniem.

2329 4725 2562 4791 Thuan.,
2591 4741 2616 4776 e
2639 4725 2798 4777 nimio
2815 4725 3115 4778 russeolam.
3146 4725 3262 4776 Vat.
3294 4721 3355 4786 P,
3379 4741 3440 4778 ex
3461 4721 3620 4776 minio
3646 4725 3886 4778 roseolsm.

2329 4796 2464 4848 lllar.
2503 4811 2533 4848 a
2577 4795 2749 4863 prisca
2803 4811 2991 4862 manu,
3023 4795 3166 4853 llat.,
3226 4795 3405 4862 Prag.,
3454 4796 3648 4857 llong..
3685 4796 3801 4848 Vat.
3835 4796 3888 4860 0.

2332 4865 2486 4931 llrb.,
2540 4877 2586 4917 et
2636 4867 2793 4917 nintio
2839 4868 3111 4918 roseolam.
3163 4863 3348 4925 Fabr.,
3392 4866 3694 4918 russeolam.
3737 4867 3888 4928 Alex.,

2331 4936 2482 4996 Ald.,
2522 4937 2654 4988 Mar.
2685 4951 2713 4988 a
2745 4938 3069 4990 corrccmris
3119 4951 3300 4997 manu,
3345 4935 3491 4998 Ald.,
3521 4935 3745 4998 Weitz.,
3775 4933 3890 4994 Gis..

2329 5017 2384 5060 et
2428 5008 2670 5076 plerique
2700 5006 2849 5068 editi,
2897 5007 3200 5060 russeolam.
3237 5005 3515 5076 Ritsseoltts
3538 5016 3623 5059 est
3645 5024 3672 5056 a
3701 5022 3890 5058 russus:

2333 5076 2552 5130 verbum
2587 5075 2741 5130 vetus
2773 5087 2828 5131 et
2855 5079 3158 5144 egregium,
3189 5079 3263 5128 ait
3293 5075 3564 5138 Gitanius,
3603 5091 3702 5143 pro
3745 5076 3890 5128 ruber.

2340 5149 2379 5201 Β
2415 5148 2608 5210 rllttts,
2643 5148 2735 5199 lib.
2765 5163 2900 5200 xxxv
2931 5149 3094 5212 Adv.,
3124 5163 3241 5214 cap.
3287 5145 3370 5209 15,
3403 5146 3687 5199 contendit
3737 5148 3895 5212 legen-

2332 5221 2457 5271 dum
2488 5217 2765 5280 roseolam,
2811 5218 2934 5285 quia
2957 5235 3157 5272 roseum
3191 5218 3360 5284 prima
3384 5227 3603 5270 ex'tenta
3631 5217 3893 5271 Christiani

2334 5289 2622 5356 poelienon
2647 5297 3059 5352 rarousurpant.
3087 5291 3154 5342 At
3181 5287 3501 5343 Prudentius
3522 5305 3642 5341 rosa
3668 5298 3721 5344 et
3742 5303 3895 5341 TOSI'IIS

2330 5374 2358 5412 a
2390 5375 2508 5414 rosa
2541 5374 2756 5427 semper
2782 5358 3058 5425 corripuit.

2403 5431 2524 5484 155.
2561 5428 2718 5482 Coras
2749 5430 3080 5482 substantive
3113 5438 3208 5496 pro
3238 5427 3445 5482 amicis.
3481 5428 3584 5482 Pro
3614 5429 3794 5483 liberis
3815 5441 3896 5494 p0-

2328 5500 2434 5554 suit
2481 5501 2786 5553 Lactantius
2827 5498 2920 5552 lib.
2967 5515 3042 5564 vu,
3086 5514 3204 5566 cap.
3243 5499 3328 5561 12',
3371 5497 3500 5553 Cant
3529 5501 3662 5552 sciat
3690 5515 3742 5552 se
3769 5512 3897 5550 caros

2328 5587 2448 5624 suos
2480 5569 2587 5624 Deo
2615 5571 2919 5636 relinquere.

2403 5641 2522 5695 154.
2577 5640 2726 5703 Ald.,
2771 5639 2950 5700 Alex.,
2992 5639 3111 5694 Vat.
3147 5639 3208 5705 P,
3241 5639 3398 5704 Urb.,
3433 5639 3612 5708 Egm.,
3648 5639 3779 5704 Alt.,
3805 5637 3898 5692 duo

2328 5712 2512 5773 Torr.,
2539 5726 2658 5778 quo.
2687 5710 2789 5764 Alii
2827 5711 3024 5776 plures,
3058 5727 3180 5776 qua.

2408 5783 2531 5836 155.
2565 5782 2904 5836 Torrentiaui
2940 5782 3043 5834 bini
3086 5796 3206 5836 cutn
3230 5779 3570 5844 Cauchiano,
3624 5782 3899 5850 lacryntas-
