3994 6290
103 379 199 444 555

1509 591 1648 662 [cum

357 683 675 755 Pignoribus
701 683 950 756 rapidum
974 697 1198 753 carpere
1223 683 1382 753 gestit
1407 682 1532 738 iter.

281 777 383 834 Vix
411 776 629 848 capiunt
657 778 827 845 patuli
857 776 1174 848 populorum
1201 775 1396 847 gaudia
1421 777 1618 846 campi,

358 871 538 928 Haeret
562 879 616 926 et
648 868 706 929 in
735 871 942 942 magnis
966 870 1136 926 densa
1165 869 1361 927 cohors
1385 871 1592 940 spatiis.

286 968 590 1037 Angustum
622 966 787 1022 tantis
812 964 943 1020 illud
973 979 1168 1033 specus
1191 978 1313 1020 esse
1340 965 1592 1028 catervis,

363 1059 519 1119 Haud
545 1061 764 1118 dubium
791 1069 896 1128 est,
923 1059 1097 1130 ampla
1124 1059 1279 1115 fauce
1307 1057 1433 1116 licet
1462 1067 1657 1128 pateat.

125 1151 216 1212 215
285 1151 411 1215 Stat
432 1155 528 1212 sed
544 1155 698 1226 juxta
718 1153 888 1222 aliud,
910 1153 1052 1225 quod
1077 1161 1223 1210 tanta
1244 1153 1545 1224 frequentia
1574 1163 1705 1210 tem-

1464 1245 1634 1319 [plum

112 688 210 746 210

368 1342 519 1401 Tunc
543 1342 721 1410 adeat,
751 1341 899 1398 cultu
930 1339 1107 1397 nobile
1137 1339 1380 1411 regifico,

296 1436 600 1493 Parietibus
625 1434 828 1492 celsum
855 1433 1192 1501 sublimibus,
1225 1442 1383 1504 atque
1409 1432 1637 1504 superba

372 1530 649 1602 Maiestate
677 1544 888 1601 pctens,
916 1527 1334 1598 muneribusque
1363 1527 1610 1598 opulens.

1249 378 1818 438 remsruruauorz
1863 373 2069 435 ut'MN.
2118 364 2206 433 xi.

273 498 516 568 Quisque
561 509 654 550 sua
698 494 855 554 laetus
891 511 1011 553 cum
1054 496 1281 567 conjuge
1312 541 1326 566 ,
1354 499 1598 554 dulcibus
1639 507 1691 555 et
1723 504 1772 561 Α

3284 378 3392 438 554

1977 498 2120 554 Ordo
2146 490 2517 554 columnarum
2545 497 2789 564 geminus
2817 495 3089 568 laquearia
3117 501 3247 555 tecti

2050 592 2308 660 Sustinet,
2339 593 2542 649 auratis
2568 592 2873 665 suppositus
2903 594 3142 650 trabibus
3167 613 3180 647 :

1982 684 2266 741 Adduntur
2291 686 2518 757 graciles
2547 694 2688 742 tecto
2716 686 2964 742 breviore
2990 702 3260 755 recessus,

2057 779 2158 846 Qui
2185 781 2413 836 laterum
2439 779 2632 835 seriem
2657 779 2859 851 jugiter
2885 780 3190 837 exsinuent.

1991 873 2203 945 1186
2229 875 2296 928 At
2323 873 2529 929 medios
2555 875 2726 943 aperit
2752 883 2955 930 tractus
2983 875 3064 929 via
3096 874 3254 930 latior
3279 875 3370 929 alti

2053 967 2314 1024 Culminis
2341 983 2636 1038 exsurgens
2663 972 2892 1028 editiore
2921 973 3093 1042 apice.

1809 1060 1915 1117 225
1991 1060 2188 1116 Fronte
2215 1061 2317 1116 sub
2341 1061 2564 1118 adversa
2592 1063 2844 1132 gradibus
2873 1065 3099 1120 sublime
3131 1066 3361 1122 tribunal

2065 1155 2271 1225 1187
2287 1152 2535 1221 Tollitur,
2549 1153 2770 1212 antistes
2785 1156 3038 1226 pra-dicat
3051 1157 3190 1215 unde
3204 1159 3394 1214 Deum.

1993 1247 2154 1303 Plena
2187 1247 2494 1303 laborantes
2521 1262 2662 1318 aegre
2685 1247 2878 1304 domus
2904 1251 3094 1320 accipit
3124 1253 3312 1322 undas,

2063 1340 2333 1410 Arctaque
2357 1338 2617 1396 confertis
2643 1349 2834 1396 aestuat
2859 1342 2910 1394 in
2940 1341 3164 1404 foribus,

1995 1429 2289 1488 Maternum
2326 1432 2564 1503 pandens
2599 1434 2882 1505 gremium,
2916 1449 3024 1505 quo
3054 1437 3253 1493 condat
3284 1436 3400 1494 alu-
3465 1507 3476 1520 ο

3134 1528 3330 1600 [mnos,

1801 591 1907 649 220

1405 1637 1694 1697 GLOSSE
1738 1633 2079 1694 VETERES.

197 1741 318 1796 210.
344 1735 682 1810 Pignqribus,
699 1735 794 1789 hoc
811 1735 1014 1810 interest
1028 1749 1049 1810 :_
1061 1733 1275 1810 pignora
1294 1747 1480 1800 rerum,
1501 1733 1713 1804 pignera

143 1814 377 1883 ﬁliorum:
485 1807 679 1883 Gestit,
705 1808 907 1883 gaudet,
935 1806 1094 1877 cupit,
1120 1806 1156 1857 Ι.

203 1884 327 1939 216.
359 1880 572 1944 Nobile,
598 1877 857 1951 regale,l.

202 1953 324 2009 217.
355 1951 618 2018 Superba,
645 1947 828 2015 nobili,
854 1947 893 2002 l.

203 2025 322 2080 218.
358 2015 616 2093 Op’ulens,
639 2021 800 2084 diues,
819 2034 919 2093 pro
942 2017 1257 2093 opulentum,
1283 2015 1325 2072 l.

204 2095 326 2151 Et).
358 2088 596 2158 Aitratis,
625 2107 752 2144 auro
778 2088 1014 2161 pictishl.

203 2165 327 2221 221.
358 2157 632 2232 Breviore,
662 2157 935 2228 strictiore,
960 2157 1004 2214 1.

1897 1728 2023 1806 22b.
2056 1725 2297 1806 Editiorc
2323 1729 2494 1806 apice,
2523 1729 2708 1806 altiore
2733 1732 3054 1806 celsitudine,
3085 1739 3121 1792 Ι.

1896 1798 2022 1853 226.
2055 1797 2304 1863 Tollitur,
2329 1797 2573 1868 elevatur,
2601 1803 2639 1857 Ι.

1741 1847 1790 1908 Β
2053 1869 2250 1952 lEgr_e,
2420 1903 2490 1912 -—
2532 1847 2744 1944 lliidas,
2793 1888 3051 1947 catervas,
3096 1879 3407 1952 frequentius

1823 1944 2151 2013 populorum,
2181 1942 2220 1995 I.

1894 2012 2022 2070 228.
2056 2010 2344 2078 Confertis,
2370 2017 2554 2082 plenis,
2583 2016 2623 2072 1.

1895 2083 2022 2139 229.
2055 2083 2332 2153 Alumnos,
2361 2086 2520 2154 ﬁlios,
2547 2087 2586 2141 l.

1466 2267 2026 2327 COMMENTARIUS.

147 2371 360 2432 confuso
383 2371 622 2428 locorum
645 2371 836 2426 ordine
861 2369 1101 2427 scribere
1118 2369 1450 2441 janicolanus
1472 2384 1569 2440 pro
1581 2371 1725 2441 jam-

149 2462 234 2516 que
255 2443 527 2516 Nolanus.
549 2443 786 2516 Cauchio
812 2441 1083 2516 arridebat
1097 2441 1314 2511 jamque
1339 2439 1573 2516 balanus.

209 2516 334 2570 212.
365 2515 630 2570 Prmelare
652 2513 850 2568 dictum
879 2513 944 2568 ad
975 2513 1291 2568 immensam
1322 2511 1718 2568 multitudinem

150 2587 414 2656 hominum
441 2584 863 2656 signiﬁcandam.

212 2656 337 2712 214.
371 2654 529 2726 Prag.
557 2669 773 2724 semper
801 2654 990 2711 scribit
1020 2655 1162 2726 Itaut.

215 2729 340 2783 215.
376 2723 526 2781 Multi
556 2742 653 2797 pro
684 2723 832 2781 certo
864 2735 1069 2797 ponunt
1112 2725 1212 2780 hoc
1253 2725 1514 2797 templum
1545 2723 1719 2781 eidem

152 2799 205 2855 S.
232 2797 518 2870 Hippolyto
546 2795 710 2870 fuisse
740 2795 1141 2870 consecratum.
1161 2796 1265 2870 Sed
1289 2796 1589 2870 Ruggerius
1613 2796 1716 2851 loc.

154 2871 233 2926 cit.
263 2867 504 2925 nitin.‘18
525 2868 795 2923 existimat
824 2884 944 2924 cum
973 2867 1094 2923 aliis
1116 2867 1462 2922 Prudentium
1496 2868 1575 2922 his
1600 2882 1720 2922 ver-

154 2942 291 2996 sibus
317 2940 594 2996 basilicam
641 2941 697 2995 S.
729 2939 998 2995 Laurentii
1041 2940 1092 2993 in
1132 2955 1260 3009 agro
1285 2938 1494 2993 Verano
1521 2939 1723 2993 descri-

157 3013 347 3082 psisse.
389 3025 509 3082 qua:
535 3025 662 3067 vere
682 3012 838 3080 juxta
869 3011 925 3067 S.
961 3009 1226 3080 llippolyti
1271 3011 1649 3082 cmmetcrium,
1667 3018 1722 3066 et

157 3081 426 3138 aediculam
456 3083 696 3151 apposita
727 3092 875 3145 erat,
926 3090 981 3136 et
1026 3082 1078 3135 in
1120 3096 1276 3148 quam
1319 3081 1593 3137 Prtulentii
1622 3081 1720 3136 de-

156 3154 365 3225 scriptio
391 3153 597 3225 oprtime
626 3153 788 3225 cadit.
839 3153 1152 3208 Anastasius
1183 3151 1723 3225 Bibliothecarius‘de

1829 2366 2061 2441 tribunal
2093 2367 2206 2422 sive
2234 2365 2542 2424 cathedram
2575 2383 2670 2438 pro
2695 2371 2948 2441 gradibus
2977 2389 3084 2429 ara:
3115 2376 3252 2432 intra
3283 2394 3415 2434 can-

1828 2439 1992 2511 cellos
2017 2447 2349 2503 exstantem,
2401 2441 2470 2495 ab
2503 2439 2731 2498 amboue
2761 2443 2813 2497 in
2845 2460 3000 2511 quem
3034 2451 3415 2506 conscendisse

1826 2509 2302 2589 C_b_rysostomum,
2345 2521 2409 2589 ut
2439 2525 2467 2565 a
2507 2512 2751 2589 pluribus
2782 2509 3078 2589 audiretur,
3130 2521 3415 2589 Socrates,-

1826 2581 2048 2657 aliique,
2099 2589 2157 2636 ut
2186 2581 2476 2657 peculiare
2506 2587 2746 2638 narrant.
2769 2655 2777 2657 _
2799 2586 3155 2657 Sozomenus,
3189 2590 3278 2643 lib.
3310 2581 3420 2657 vn;

1826 2651 1949 2718 cap.
1977 2651 2066 2719 19,
2116 2653 2282 2707 refert
2325 2662 2482 2708 aetate
2529 2669 2624 2709 sua
2673 2655 2874 2710 nullum
2926 2653 3108 2713 Romae
3143 2651 3310 2715 verba
3364 2651 3420 2718 iu

1825 2723 2054 2803 ecclesia
2092 2721 2288 2778 fecisse
2324 2724 2726 2803 adnpo'pulum:
2774 2726 2844 2803 In
2881 2731 3055 2803 eadem
3094 2733 3215 2784 urbe
3253 2732 3423 2803 itaque

1827 2796 2135 2874 cpiscopus,_
2158 2795 2488 2874 neque_alius
2517 2799 2780 2866 quisquam
2827 2800 2880 2874 in
2921 2802 3131 2874 ecclesia
3160 2795 3422 2874 papa/um

1827 2864 2008 2941 docet.
2040 2864 2287 2941 Valesius
2315 2864 2617 2941 sozomeno
2643 2871 2936 2941 assentimr
2966 2873 3016 2924 in
3059 2864 3198 2927 notis
3218 2864 3248 2935 ,’
3279 2890 3422 2941 prae-

1829 2937 2017 3011 sertim
2063 2937 2186 3011 quia
2232 2935 2606 3011 Cassiodorius
2651 2940 2812 2994 verba
2861 2939 3143 2996 Sozomcni
3197 2935 3421 3011 repetit.

1833 3005 1940 3063 Sed
1972 3005 2096 3079 cum
2127 3005 2505 3079 Cassiodorius
2545 3024 2612 3064 eo
2655 3019 2895 3079 tempore
2926 3013 3089 3066 verba
3132 3005 3424 3071 Sozotueni

1831 3078 2233 3148 transcripserit
2281 3095 2386 3148 quo
2437 3081 2576 3150 apud
2629 3078 2818 3136 omnes
2868 3092 3072 3138 constat
3149 3084 3423 3142 Romanos

1831 3149 2111 3222 pontifices
2140 3150 2390 3222 homilias
2417 3149 2485 3206 ad
2518 3151 2770 3220 pupulum
2809 3153 3008 3208 habere
3045 3157 3418 3222 consuevisse,

157 3213 476 3280 Had'riano'l
517 3224 628 3279 ait:
677 3224 849 3280 Simul
890 3234 936 3279 et
974 3223 1313 3279 caemeterium
1356 3221 1417 3278 Β.
1449 3221 1726 3294 Hippolyti
1750 3213 1797 3279 C
1829 3213 2160 3294 Cassiodorii
2183 3223 2502 3294 testimonio
2519 3213 2709 3292 parum
2742 3234 2833 3279 aut
2858 3226 2984 3278 nihil
3012 3225 3232 3294 juvatur
3253 3213 3424 3283 SozoS

156 3296 384 3366 martyris
411 3311 577 3358 mx'ra
605 3295 666 3350 S.
692 3294 1209 3366 Laurentianuiquod
1239 3311 1270 3346 a
1298 3296 1476 3366 priscis
1501 3310 1732 3366 ntarcue-

157 3376 230 3420 rat
277 3364 619 3437 temporibus,
670 3369 958 3437 renovavit:
1007 3364 1134 3420 Vide
1176 3364 1474 3437 Aringhum
1524 3364 1617 3420 lib.
1653 3381 1726 3432 tv,

157 3450 266 3507 cap.
292 3435 391 3506 16,
410 3438 500 3492 ubi
530 3437 597 3493 de
627 3437 828 3506 templo
856 3437 912 3493 S.
939 3435 1213 3492 Laurentii
1241 3436 1370 3505 agit.

221 3508 345 3564 220.
378 3507 714 3571 Parrhasius,
735 3509 1010 3573 mendose,
1028 3507 1557 3576 suppositas.Veteres
1585 3508 1733 3562 inau-

158 3578 338 3635 rabant
386 3578 566 3634 trabes
613 3579 978 3635 aediﬁciorum.
1031 3579 1110 3634 De
1161 3579 1375 3648 templis
1414 3579 1734 3634 Christianis

160 3651 336 3722 confer
362 3649 623 3722 hymnum
654 3665 768 3719 seq.
797 3650 1060 3722 ethymn.
1090 3649 1148 3722 S.
1175 3648 1475 3722 Fructuosi.

221 3721 345 3776 221.
383 3723 508 3776 Haec
536 3720 708 3776 forma
737 3719 1087 3777 aediﬁciorum
1117 3719 1172 3776 in
1204 3719 1446 3776 ecclesiis
1476 3728 1732 3792 pervetu-

160 3791 249 3846 stis
277 3792 454 3847 adbuc
481 3793 741 3848 cernitur.

220 3863 345 3918 222.
375 3863 597 3919 Teolius
637 3863 776 3932 apud
805 3863 922 3918 Vat.
963 3878 1147 3928 unum,
1190 3871 1242 3916 et
1270 3862 1497 3918 alterum
1530 3863 1737 3918 invenit

160 3945 417 3988 extenuent
445 3947 543 4004 pro
569 3935 854 3990 minuerat.
889 3935 1045 3989 Putat
1067 3933 1284 3989 Teolius
1310 3943 1581 3988 extenuent
1614 3947 1736 3989 esse

159 4004 419 4073 glossema
454 4005 602 4060 verbi
631 4007 913 4060 exsinuent.
947 4004 1051 4060 Sed
1079 4004 1349 4059 Giselinus
1377 4005 1538 4061 aliter
1567 4005 1738 4074 expli-

159 4086 238 4128 cat
269 4076 553 4130 Exsinuent
576 4090 596 4130 :
627 4075 847 4132 Sinuum
873 4092 959 4130 seu
988 4075 1295 4130 laciniarum
1334 4078 1386 4129 in
1425 4092 1614 4130 morem
1647 4091 1738 4131 ex-

162 4147 363 4213 plicent,
397 4147 654 4215 latiusque
689 4147 984 4202 extendant.
1036 4145 1197 4200 Addit
1243 4145 1516 4202 Gisclinus
1556 4157 1739 4203 nostra

164 4219 351 4288 templa
377 4218 540 4273 hodie
560 4233 665 4272 non
689 4219 845 4273 aliter
865 4216 1204 4288 exaediﬁcari.
1240 4215 1296 4271 1n
1325 4217 1535 4274 duobus
1560 4229 1738 4274 autem

160 4301 283 4359 mss.
317 4290 522 4344 invenit
568 4304 720 4359 atque
768 4304 964 4342 novum
1003 4287 1322 4344 vocabulum
1362 4289 1638 4355 eximient,
1687 4298 1741 4343 et

160 4358 338 4430 lectori
367 4358 646 4430 optionem
673 4359 896 4430 praebet.
940 4359 1216 4414 Fabricius
1249 4359 1378 4430 legit
1405 4361 1651 4425 exinient,
1684 4368 1742 4415 et

161 4425 208 4482 iu
237 4425 530 4486 comment.
562 4430 636 4484 ait
665 4425 859 4484 éxinire
883 4445 1003 4486 esse
1036 4430 1087 4484 in
1109 4425 1338 4498 spatium
1368 4429 1586 4486 brevius
1613 4445 1743 4487 con-

161 4501 387 4572 trahere,
411 4503 544 4557 utin
569 4501 847 4556 ordinibus
868 4501 927 4555 lit
950 4501 1341 4567 columnarum,
1365 4517 1486 4557 cum
1511 4502 1740 4572 primum

1837 3307 2044 3364 melius.
2094 3292 2359 3363 Quidquid
2390 3303 2570 3349 autem
2616 3295 2686 3348 sit
2730 3295 2797 3350 de
2825 3292 3064 3364 tempore
3101 3297 3423 3361 Sozomeni,

1837 3362 2130 3436 Prudentia
2160 3362 2280 3436 testi
2309 3365 2521 3420 oculato
2552 3364 2772 3420 omnino
2809 3362 2951 3420 fides
2977 3377 3060 3422 est
3097 3371 3424 3436 praestanda.

1837 3433 2098 3508 Gradibus
2126 3435 2342 3508 sublime
2369 3436 2594 3490 tribunal
2621 3447 2902 3492 nouerant
2931 3437 3030 3506 ipsi
3061 3433 3260 3508 gradus
3289 3442 3428 3496 alta-

1836 3505 1941 3577 ris,
1965 3516 2025 3562 ut
2053 3506 2296 3562 nonnulli
2326 3507 2678 3572 contendunt,
2708 3509 2800 3563 sed
2830 3505 3114 3577 pulpitum,
3142 3523 3233 3565 aut
3261 3514 3426 3567 etiam

1837 3575 2095 3633 cathedra
2135 3577 2252 3646 ipsa
2279 3578 2624 3647 episcopalis.
2675 3575 3147 3635 Concionahantur
3177 3584 3430 3637 similiter

1839 3647 2199 3722 (Emetitur-tt
2247 3650 2518 3722 cancellos
2567 3649 2762 3722 quibus
2809 3653 3104 3722 sacrarium
3157 3668 3184 3705 a
3234 3670 3419 3722 capso,

1838 3718 1980 3789 quod
2014 3718 2091 3772 illi
2120 3721 2232 3776 ναόν
2258 3718 2616 3790 appellabant,
2647 3719 3014 3775 dirimebalur.
3047 3724 3219 3776 Ambo
3247 3718 3428 3779 autent

1839 3805 1948 3845 non
1979 3791 2032 3845 in
2061 3790 2316 3855 sacrario,
2349 3790 2443 3846 sed
2486 3792 2538 3845 in
2584 3791 2703 3845 navi
2733 3792 2980 3846 ecclesia:
3017 3805 3130 3848 erat
3160 3798 3428 3849 constitu-

1842 3869 1966 3925 tus,
2017 3860 2071 3914 in
2118 3876 2277 3930 quem
2325 3862 2559 3930 episcopi
2611 3863 2932 3926 aliquando,
2994 3875 3052 3918 ut
3101 3863 3308 3920 facilius
3359 3869 3431 3918 ah

1841 3931 2092 3987 omnibus
2116 3932 2458 3999 audirentur,
2487 3932 2868 3988 ascendebant.
2921 3933 2979 3987 In
3019 3936 3300 3990 sacratiori
3339 3938 3429 3992 hc-

1842 4002 2037 4067 matis,
2087 4002 2201 4059 sive
2227 4003 2550 4066 sanctuarii,
2605 4016 2696 4058 aut
2727 4005 3046 4074 presbyterii
3098 4016 3250 4074 parte
3293 4009 3432 4062 intra

1841 4074 2110 4129 cancellos
2134 4074 2441 4144 erigebatur
2465 4075 2740 4142 cathedra,
2771 4075 2884 4130 sive
2910 4075 3153 4142 throrius,
3185 4093 3248 4132 ac
3274 4079 3436 4134 sedes

1844 4147 2119 4217 episcopi.
2159 4145 2317 4217 juxta
2345 4162 2502 4215 quem
2533 4147 2832 4217 presbyteri
2864 4149 3112 4216 utrinque
3142 4148 3438 4204 demissio-

1845 4217 1999 4272 ribus
2022 4216 2296 4272 subselliis
2323 4218 2604 4273 sedebaut.
2642 4216 2754 4272 Etsi
2782 4227 2960 4272 autem
2991 4228 3158 4273 totum
3185 4231 3436 4275 sanctuad

1847 4289 2007 4353 rittm,
2032 4288 2154 4352 quia
2185 4288 2438 4355 gradibus
2471 4289 2525 4343 in
2559 4287 2692 4342 illud
2721 4289 3132 4355 ascendebatur,
3161 4290 3318 4346 bema
3342 4301 3436 4347 aut

1847 4358 2080 4412 tribunal
2123 4358 2226 4412 dci
2269 4366 2480 4428 posset,
2525 4368 2578 4414 et
2619 4359 2882 4414 interdum
2916 4359 3203 4426 diceretur,
3254 4370 3438 4417 tamen

1844 4429 2100 4500 gradibus
2126 4428 2352 4484 sublime
2385 4428 2618 4484 tribunal
2647 4429 2716 4484 de
2744 4439 2851 4495 quo
2885 4431 3224 4499 Prudentius,
3245 4433 3434 4489 sedem

1845 4500 2205 4572 episcopalem
2224 4500 2465 4572 idenot’at
2511 4517 2574 4557 ex
2625 4501 2881 4570 peculiari
2921 4516 3176 4572 expresso
3208 4519 3436 4559 munere

161 4570 288 4668 lata:k
324 4574 608 4668 porticus.
659 4572 854 4655 deinde
895 4574 1289 4668 contractio‘res
1336 4570 1525 4668 fiunt."
1545 4573 1740 4655 Verum
1769 4571 2171 4668 Dprae'dicandi
2222 4571 2410 4668 Deum..
2482 4573 2549 4626 Et
2595 4572 2968 4668 sat'tctuariunl
2993 4570 3227 4668 quidem
3274 4573 3439 4668 huius

161 4642 513 4714 proba'lectio
543 4653 625 4698 est
646 4645 948 4714 exsinuent:
970 4658 1076 4712 quo
1100 4643 1266 4698 verbo
1288 4643 1454 4698 utitur
1475 4644 1744 4698 Ausonius
1769 4642 1824 4668 ν
1849 4642 2095 4714 ecclesia:
2138 4656 2242 4697 non
2287 4643 2338 4697 in
2381 4643 2480 4698 hoc
2523 4643 2721 4714 templo
2755 4642 3058 4714 magnifico,
3090 4646 3182 4700 sed
3212 4644 3265 4699 in
3296 4642 3434 4700 redi-

162 4713 305 4783 idyll.
329 4714 416 4780 14,
436 4712 1058 4786 vers.29,¥Co'llectosque
1077 4715 1171 4768 illa
1190 4714 1490 4786 exsinuabat
1508 4715 1745 4780 amictus;

161 4794 211 4840 et
231 4786 488 4841 Paulinus
511 4785 668 4854 epist.
689 4783 758 4840 56
784 4785 850 4840 ad
876 4783 1184 4849 Macarium,
1209 4784 1279 4840 al.
1304 4785 1395 4851 49,
1424 4784 1551 4840 Cum
1584 4787 1749 4839 velum

163 4859 346 4930 rideret
379 4860 498 4930 jam
537 4857 861 4930 exsinuatum
891 4901 905 4925 ,
957 4857 1140 4930 idest
1188 4869 1483 4930 expansum
1507 4897 1543 4930 ,_
1567 4857 1680 4930 sive
1718 4871 1750 4912 e

162 4926 475 5052 Sinurqu'asi
523 4927 777 4983 emissum
820 4936 874 4982 et
909 4927 1253 4998 explicatum.
1309 4926 1421 4982 Hoc
1458 4927 1572 4983 vult
1610 4927 1747 4984 Pru-

195 5015 260 5052 cn
295 5015 400 5052 IIIS.

195 5015 400 5054 cnttus.

227 5071 360 5126 225.
397 5070 548 5125 Hanc
569 5069 840 5128 cathedra:
856 5069 1272 5138 descriptionem
1295 5069 1750 5140 elegantissimam

161 5155 281 5196 esse
310 5141 572 5196 Barthius
600 5144 933 5211 pronuntiat.
987 5141 1163 5206 Idem,
1210 5141 1302 5195 lib.
1336 5156 1503 5206 xxxu,
1542 5155 1662 5210 cap.
1694 5141 1747 5206 2,

160 5227 224 5267 ex
256 5213 345 5267 his
371 5213 617 5267 versibus
647 5213 880 5280 colligit,
925 5212 979 5266 in
1011 5211 1314 5267 meditullio
1351 5225 1626 5267 sacrarum
1655 5212 1754 5267 do-

158 5299 346 5340 muum
397 5281 894 5340 fuissecathedras
944 5281 1084 5337 unde
1134 5281 1388 5352 mysteria
1437 5282 1750 5339 sacerdotes

160 5354 577 5424 proﬁtebantur.
594 5354 900 5409 Dominicus
932 5353 1188 5419 Aulisius,
1210 5352 1312 5424 _lib.
1337 5367 1373 5406 ιι
1399 5352 1537 5408 delle
1564 5352 1755 5424 Scuole

156 5422 327 5495 iocre,
359 5441 482 5496 cap.
506 5427 561 5489 li,
592 5425 866 5482 diversum
892 5439 1096 5496 morem
1120 5424 1186 5478 ab
1207 5422 1311 5478 hoc
1324 5439 1492 5496 quem
1515 5423 1757 5496 Pruden-

159 5498 264 5552 tius
313 5493 610 5562 descrtbit,
661 5497 826 5552 fuisse
877 5497 930 5550 in
971 5493 1138 5550 Gallia
1187 5495 1362 5562 arguit
1402 5510 1469 5550 ex
1513 5495 1756 5551 versibus

159 5568 375 5624 Sidonii
426 5568 493 5621 ad
546 5567 801 5623 Faustum
850 5568 1194 5636 episcopum:
1227 5567 1334 5621 Seu
1380 5575 1427 5620 te
1469 5567 1755 5635 conspicuis

153 5641 409 5709 gradibus
451 5638 750 5694 venerabilis
777 5655 898 5699 parte
933 5636 1368 5709 condonaturum
1405 5637 1758 5709 plebsrsedula

154 5708 522 5765 circumsistit.
571 5709 886 5766 Sirmondus
925 5708 992 5779 ad
1031 5708 1308 5764 Sidonium
1350 5721 1472 5779 pag.
1506 5708 1602 5762 151
1634 5708 1756 5762 nul-

158 5781 269 5837 lum
305 5782 601 5837 discrimen
627 5781 906 5851 agnoscit:
952 5777 1085 5834 Inde
1119 5779 1272 5848 enim,
1309 5777 1403 5851 ait,
1429 5777 1669 5851 sedentes
1706 5780 1757 5832 in

154 5855 413 5907 cathedra
435 5849 679 5915 tribunali
701 5852 994 5906 concionari
1013 5851 1280 5914 solebant;
1299 5849 1618 5919 adducitque
1642 5850 1757 5904 lucc

153 5926 277 5995 ipsa
315 5922 600 5986 Prudentii
627 5925 814 5979 verba.
863 5921 1151 5995 Distinguit
1191 5919 1396 5979 scilicet
1435 5920 1753 5978 Sirmondus

415 6017 692 6081 PA‘I'ROL.
736 6016 872 6080 LX.

1850 4713 1967 4768 cuia
1999 4728 2159 4782 supra
2192 4714 2460 4783 descripta
2492 4713 2810 4770 collocatum
2841 4713 3070 4785 videtur,
3103 4716 3192 4770 tibi
3223 4717 3435 4772 scilicet

1820 4795 1967 4839 ‘erat
2012 4801 2186 4839 mensa
2231 4786 2532 4843 sacramenti
2579 4785 2842 4839 donatrix.
2891 4783 2995 4839 Sed
3043 4783 3435 4842 advertendum

1852 4855 1986 4911 illud
2025 4865 2137 4920 est.
2189 4871 2256 4910 ex
2300 4856 2456 4910 unius
2484 4857 2566 4912 vel
2608 4857 2830 4911 alterius
2868 4857 3115 4911 ecclesiae
3145 4871 3294 4913 more
3324 4874 3440 4914 non.

1850 4928 2030 4981 statim
2060 4941 2178 4982 esse
2203 4927 2532 4995 urguendum
2559 4943 2678 4982 eam
2705 4927 3146 4983 consuetudinem
3171 4927 3230 4982 in
3257 4930 3436 4984 omni-

1850 4997 1951 5052 bus
1977 4997 2220 5068 ecclesiis
2245 4999 2516 5068 viguisse;
2565 5013 2668 5068 qua
2717 5000 2770 5052 in
2817 5012 2876 5054 re
2921 5013 3067 5066 saepe
3094 4997 3439 5067 decipiuntur

1853 5067 2382 5155 aut‘decipiunttjui
2426 5067 2774 5155 antiquitates
2819 5069 3212 5155 ecclesiasticas
3254 5073 3443 5155 expla-

1853 5147 2022 5194 nant:
2069 5156 2192 5195 nam
2241 5140 2368 5194 olim
2399 5153 2712 5211 usurpatum
2762 5141 2814 5194 in
2864 5139 3090 5196 ecclesia
3118 5139 3441 5211 simpliciter

1855 5211 2144 5284 affirmant,
2165 5211 2310 5284 quod
2342 5211 2571 5267 fortasse
2603 5212 2653 5265 in
2686 5226 2788 5266 una
2821 5219 3024 5266 tantum
3055 5223 3148 5266 aut
3178 5212 3230 5267 in
3254 5216 3442 5284 paucis

1855 5282 2096 5337 ecclesiis
2125 5282 2455 5348 obtinuerit,
2501 5298 2677 5352 neque
2722 5289 2902 5352 tamen
2940 5291 3152 5339 constat
3191 5282 3270 5340 an'
3289 5287 3442 5343 omni

1856 5361 2096 5420 tempore
2125 5353 2427 5422 huiusmodi
2457 5351 2790 5409 consuetudo
2816 5353 3064 5423 viguerit.

1925 5423 2054 5489 228.
2089 5424 2210 5480 Vat.
2241 5424 2308 5492 Β,
2340 5425 2626 5490 consertis;
2657 5424 2774 5493 lege
2801 5426 3059 5494 confertis.
3087 5424 3170 5480 Ex
3191 5425 3445 5484 Lucretio

1857 5494 1952 5550 lib.
1994 5510 2075 5570 vr,
2111 5495 2294 5570 omnia
2333 5495 2652 5570 complebant
2689 5496 2800 5549 loca
2837 5505 3092 5567 tectaque,
3122 5513 3236 5570 quo
3278 5502 3443 5570 magis

1856 5574 2010 5622 testas
2035 5565 2302 5636 Confertos
2332 5569 2402 5619 ita
2429 5567 2700 5620 acervatim
2730 5582 2866 5620 mors
2895 5565 3268 5622 accumulabat.
3312 5565 3443 5624 Bar—

1859 5637 2024 5702 thius,
2059 5636 2153 5710 li_b.
2177 5637 2430 5710 t,cap.9.
2473 5647 2620 5691 recte
2639 5637 2890 5710 observat
2919 5639 2970 5710 in
2996 5638 3144 5710 libris
3167 5639 3270 5710 legi
3289 5648 3442 5706 testu,

1858 5721 1928 5764 ex
1957 5723 2063 5777 quo
2090 5707 2377 5762 Lambinus
2403 5723 2486 5761 eos
2515 5716 2621 5760 tum
2648 5708 2775 5764 fecit
2806 5708 2985 5764 invitis
3011 5709 3199 5766 musis.
3223 5707 3336 5767 Alii
3356 5711 3444 5766 vle-

1857 5789 1988 5851 gunt
2016 5780 2073 5852 in
2092 5779 2288 5852 eodem
2321 5779 2855 5852 Lucretiohconfectos
2883 5795 2979 5852 pro
3002 5782 3278 5851 confertos.

1929 5851 2054 5906 229.
2091 5849 2423 5917 Parrhasius,
2452 5849 2640 5906 condit.

3017 6017 3090 6077 18
