4016 6280
594 425 705 488 855

505 617 514 623 _
593 545 702 603 250
848 545 923 599 Ac
948 542 1125 600 foveat
1150 542 1291 599 fetos
1316 543 1656 601 accumulata
1685 545 1857 602 sinus.

771 634 830 692 Si
871 633 1007 691 bene
1040 633 1424 702 commemini,
1463 634 1594 692 colit
1631 633 1775 691 hunc
1818 636 2177 706 pulcherrima

1939 728 2107 784 Roma

847 816 1023 872 Idibus
1049 817 1272 888 Augusti
1302 817 1523 885 mensis,
1558 827 1617 873 ut
1643 818 1759 888 ipsa
1782 727 1940 874 vocalt

767 907 951 964 Prisco
974 922 1124 965 more
1147 907 1310 977 diem,
1334 923 1491 978 quem
1517 917 1573 965 te
1598 923 1832 980 quoque,
1860 918 2044 966 sancte
2066 925 2178 966 ma-

1911 1001 2100 1071 gister,

1911 1016 1944 1071 3

839 1100 1030 1152 Annua
1060 1097 1192 1154 festa
1224 1100 1361 1153 inter
1387 1096 1731 1152 dinumerare
1758 998 1946 1152 velim.

584 1187 691 1248 255
761 1190 956 1258 Crede,
981 1191 1302 1263 salutigeros
1321 1190 1456 1246 feret
1476 1189 1564 1246 hic
1585 1187 1968 1246 venerantibus
1997 1195 2169 1257 ortus,

835 1283 996 1338 Lucis
1022 1283 1298 1338 honoratae
1325 1283 1544 1352 praemia
1570 1281 1883 1336 restituens.

762 1375 905 1432 Inter
931 1376 1200 1432 solemnes
1226 1372 1496 1448 Cypriani,
1527 1373 1609 1431 vel
1637 1373 1914 1440 Celedoni,

841 1468 1056 1538 1188
1081 1465 1407 1536 Eulaliaeque
1435 1466 1552 1522 dies
1577 1475 1757 1520 currat
1783 1473 1838 1520 et
1863 1465 1964 1521 iste
1996 1465 2108 1520 tibi.

765 1557 854 1612 Sic
885 1567 938 1613 te
969 1572 1065 1627 pro
1095 1557 1290 1627 populo
1317 1557 1469 1626 cujus
1495 1555 1592 1611 tibi
1619 1555 1820 1612 credita
1847 1556 1952 1611 vita
1979 1565 2081 1624 est,

831 1647 1088 1705 Orantem
1113 1648 1362 1703 Christus
1391 1647 1574 1702 audiat
1601 1650 1961 1718 omnipotens.

763 1741 854 1798 Sic
880 1741 977 1795 tibi
1005 1740 1074 1796 de
1103 1739 1261 1811 pleno
1291 1741 1445 1810 lupus
1473 1739 1788 1795 excludatur
1816 1739 1964 1807 ovili,

833 1833 986 1903 Agna
1011 1846 1113 1888 nec
1141 1832 1248 1888 ulla
1281 1841 1430 1888 tuum
1460 1839 1615 1902 capta
1639 1844 1857 1902 gregem
1885 1830 2112 1886 minuat.

583 1648 688 1704 240

1701 427 1979 487 Αυιιειιι
2018 423 2386 488 ΡιιυοεΝτιι
2422 421 2749 481 CARMINA.

2207 547 2260 608 Α
2468 538 2561 596 Sic
2589 553 2676 594 me
2705 534 2983 608 gramineo
3023 540 3392 589 remanentem
3421 532 3654 601 denique
3678 546 3843 603 campo

3759 419 3845 480 588

2533 631 2772 690 Sedulus
2799 637 3058 700 aegrotam
3087 636 3271 698 pastor
3297 639 3452 682 ovem
3481 623 3701 681 referas.

2280 725 2388 782 245
2462 724 2575 792 Sic,
2603 737 2726 778 cum
2754 720 2999 778 lacteolis
3023 719 3208 776 caulas
3232 716 3590 789 compleveris
3612 717 3768 788 agnis,

2529 817 2737 887 Raptus
2761 825 2816 872 et
2843 815 2959 887 ipse
2984 828 3142 871 sacro
3168 813 3244 869 sis
3269 825 3451 868 comes
3478 810 3771 882 Hippolyto.

2859 949 2956 1006 ΧΠ
3003 943 3302 1006 HYMNUS.

2405 1058 2596 1100 INCIPIT
2635 1055 2814 1099 PASSIO
2851 1053 3231 1098 APOBTOLORUI
3271 1049 3424 1094 PETRI
3462 1051 3533 1093 Ετ
3570 1051 3744 1092 PAULI.

2457 1177 2586 1234 Plus
2614 1177 2777 1232 solito
2805 1185 3001 1232 coeunt
3025 1177 3093 1231 ad
3121 1174 3355 1246 gaudia:
3383 1173 3492 1244 dic,
3521 1174 3706 1239 amice,
3735 1174 3833 1244 quid

3704 1265 3781 1320 sit.

3704 1265 3781 1320 sit.

2539 1365 2752 1436 1189
2774 1363 2998 1418 Romam
3029 1376 3126 1432 per
3151 1375 3367 1416 omnem
3390 1265 3832 1425 cursitant,[ovant-

3695 1467 3775 1508 ue.

3695 1467 3775 1508 uc.

2451 1556 2639 1610 Festus
2669 1551 2944 1622 apostolici
2975 1551 3130 1604 nobis
3160 1547 3304 1604 redit
3332 1547 3419 1602 hic
3441 1545 3558 1603 dies
3586 1453 3831 1614 trigmphi,

2527 1645 2675 1701 Pauli
2697 1651 2858 1714 atque
2890 1641 3031 1696 Petri
3057 1639 3252 1695 nobilis
3277 1652 3491 1694 cruore.

2277 1742 2309 1796 5
2460 1738 2612 1797 Unus
2647 1745 2935 1820 utrumque
2971 1732 3122 1806 dies,
3164 1730 3324 1801 pleno
3361 1739 3540 1787 tamen
3589 1729 3831 1892 iEmovatus

3629 1834 3778 1888 anno,

3629 1834 3778 1888 anno,

1881 1941 2172 2002 GLOSSIE
2210 1939 2553 1998 VETERES.

649 2059 774 2115 250.
806 2057 991 2122 Fetos,
1017 2055 1270 2127 impletos,
1299 2054 1338 2127 l.

647 2129 775 2187 255.
808 2127 998 2191 Crede,
1026 2123 1215 2180 scilicet
1237 2123 1384 2193 mihi,
1415 2125 1456 2178 1.

650 2199 775 2256 Ξὸϐ.
812 2197 990 2262 Lucis,
1013 2197 1136 2261 diei,
1158 2195 1198 2250 l.
1221 2223 1292 2236 -—-
1314 2193 1458 2249 Festi
1482 2197 1585 2251 diei
1606 2195 1866 2262 celebrati,
1890 2195 2026 2251 Mar.

651 2269 775 2325 241.
810 2269 899 2323 Sic
920 2268 1040 2332 tibi,
1062 2265 1311 2334 optando,
1340 2265 1378 2318 I.
1511 2281 1516 2287 ·

651 2339 779 2397 244.
815 2338 1068 2403 Sedulus,
1092 2338 1372 2402 studiosus,
1395 2336 1453 2396 1.?

647 2389 779 2467 ἑλέ.
805 2389 1372 2477 manubinaran
1393 2389 1463 2448 ἐξ
1483 2406 1878 2477 Compleveris,
1902 2421 1995 2476 pro
2025 2389 2168 2460 com-
2270 2389 2524 2474 revoluto,
2551 2408 2643 2459 sed
2668 2389 2876 2476 prorsus
2903 2420 3005 2458 uno
3031 2389 3241 2477 eodem

580 2482 741 2553 pleas,
771 2479 811 2536 I.

2196 2054 2246 2115 B
2349 2053 2400 2106 l.
2429 2051 2660 2122 Coeunt,
2688 2051 2880 2106 scilicet
2902 2033 3050 2122 quid,
3075 2052 3115 2107 Ι.

2344 2122 2397 2176 2.
2422 2121 2724 2192 Ovantque,
2770 2121 3046 2188 liniantur;
3087 2137 3206 2176 nam
3245 2130 3468 2176 tractum
3507 2132 3580 2176 est
3616 2137 3645 2176 α
3672 2121 3830 2176 trian-

2274 2193 2574 2264 phantibus,
2603 2194 2690 2264 qui
2717 2192 3060 2247 albam'ovem
3088 2192 3442 2258 immolabant,
3470 2192 3508 2245 Ι.

2345 2263 2400 2318 3.
2431 2261 2644 2328 Festus,
2673 2267 2821 2334 quasi
2849 2264 3118 2331 respondet
3140 2264 3497 2334 interrogatus,
3523 2261 3559 2316 Ι.

2347 2335 2410 2404 5.
2437 2333 2750 2401 Innovatus,
2771 2334 3030 2388 veraciora
3058 2344 3199 2404 gesta
3220 2333 3423 2398 habent,
3447 2333 3588 2404 quod
3609 2349 3703 2387 non
3719 2348 3830 2386 eruis

3245 2419 3308 2459 tte
3333 2404 3418 2459 die
3455 2414 3575 2458 sunt
3601 2405 3741 2458 ambo
3764 2405 3830 2457 isti

2274 2477 2530 2544 principes
2559 2475 2910 2544 apostolorum
2938 2477 3096 2542 passi,
3130 2475 3288 2546 Prag.

1923 2589 2490 2648 COMMENTARIUS.

647 2708 772 2763 230.
807 2706 918 2762 Gis.
969 2706 1037 2760 ad
1081 2720 1231 2759 oram
1257 2745 1272 2768 ,
1329 2705 1478 2775 {ausi
1507 2669 1831 2759 accumulare
1874 2721 1995 2760 suos
2040 2719 2164 2760 cum
2275 2720 2446 2762 sacrm
2471 2705 2695 2775 paginae,
2721 2712 2782 2760 ut
2801 2705 3088 2760 denotetur
3111 2706 3347 2769 aliquem
3375 2717 3406 2760 e
3429 2704 3682 2774 periculis
3699 2705 3828 2775 hujus

578 2777 769 2858 Vat._A
798 2793 828 2832 a
859 2775 1106 2858 secunda
1125 2791 1306 2858 manu.
1329 2771 1409 2855 ‘In
1433 2774 1589 2858 siam,
1620 2776 1772 2842 Urb.,
1796 2775 1956 2858 Prag,
1981 2776 2099 2832 Vat.
2125 2777 2168 2831 Β
2275 2771 2768 2858 πιιιῃάἰῖιιόεξιιιιῐι
2789 2775 2945 2857 eripi.
2967 2775 3108 2858 Post
3137 2771 3570 2858 Impetum—num
3601 2779 3654 2831 in
3673 2771 3780 2830 Vati.
3799 2771 3828 2828 Β

575 2865 604 2905 a
632 2850 802 2920 prima
831 2863 1017 2915 manu,
1043 2849 1194 2918 fetus.
1229 2846 1408 2912 Alex.,'
1437 2851 1599 2917 fetas;
1633 2861 1815 2916 supra,
1844 2846 1993 2919 fetas.

595 2992 610 2999 _
802 2919 957 2999 Quod
983 2920 1055 2973 ait
1079 2917 1424 2999 Prudentius,
1449 2918 1512 2999 Si
1537 2917 1659 2972 bene
1679 2919 2026 2999 commemini,
2055 2932 2162 2975 non

578 2992 818 3058 dubitat,
851 2993 948 3045 sed
976 2987 1314 3045 considerate
1343 2990 1599 3058 loquitur,
1639 2997 1695 3043 et
1718 2999 1874 3044 caute
1904 2987 2161 3043 afﬁrmat.

575 3063 664 3118 Sic
702 3076 844 3118 vers.
883 3063 908 3116 l
953 3060 1101 3130 praef.
1147 3060 1479 3130 carminum,
1529 3060 1631 3114 Per
1668 3061 2016 3130 quinquennia
2050 3061 2164 3129 jam

575 3132 778 3197 decem,
823 3131 898 3185 Ni
937 3129 1109 3200 fallor,
1157 3131 1367 3198 fuimus.
1414 3129 1604 3186 Cicero
1643 3129 1740 3200 pro
1785 3132 1854 3186 M.
1893 3130 2160 3187 Fonteio:

2273 2858 2328 2905 et
2359 2848 2489 2902 Mar.
2519 2848 2737 2916 ponitur
2761 2845 2941 2915 passio
2966 2845 3023 2904 S.
3052 2847 3324 2918 Cypriani.

2351 2919 2623 2985 Exscripsi
2668 2918 2877 2973 titulum
2923 2932 2989 2972 ex
3037 2915 3167 2972 Mar.
3212 2928 3267 2972 et
3302 2917 3425 2972 Rat.
3477 2916 3535 2970 In
3567 2915 3684 2973 Vat.
3719 2920 3754 2971 Δ
3789 2924 3830 2970 et

2277 2989 2532 3054 Weitzio,
2583 2988 2761 3042 Passio
2791 2988 3140 3059 apostolorum
3166 2986 3312 3043 Petri
3345 2997 3394 3042 et
3421 2986 3598 3059 Pauli.
3651 2989 3762 3044 Ald.
3787 2997 3830 3059 et

2274 3060 2461 3115 Heins.
2494 3060 2695 3113 addunt
2723 3058 2983 3114 beatorum
3012 3060 3382 3126 apostolorum.
3435 3058 3561 3113 Haec
3600 3060 3762 3124 passio
3789 3058 3828 3109 in

2266 3131 2401 3186 Mar.
2431 3140 2485 3186 et
2506 3130 2628 3185 Vat.
2658 3130 2699 3183 Β
2729 3131 2968 3201 sequitur
2998 3131 3120 3201 pos't
3157 3131 3464 3200 passionem
3495 3129 3553 3186 S.
3583 3128 3828 3201 Cypriani,

581 3203 684 3270 Qui
726 3203 948 3270 primum
988 3201 1116 3254 illud
1159 3201 1360 3254 verbum
1405 3201 1928 3256 consideratissimum
1973 3210 2170 3255 nostra!
2275 3203 2416 3256 utin
2442 3202 2692 3256 Weitzio.

576 3271 952 3326 consuetudinis
979 3273 1278 3334 Annl'rnon,
1323 3287 1424 3340 quo
1461 3287 1552 3324 nos
1594 3277 1748 3324 etiam
1789 3281 1910 3325 tunc
1946 3272 2158 3339 utimur,

2337 3272 2387 3328 l.
2415 3271 2665 3327 Heinsius
2686 3272 3043 3340 conjectabat,
3065 3273 3192 3337 quid
3213 3273 3286 3325 sic
3309 3272 3530 3326 Romam
3551 3288 3646 3339 per
3661 3286 3830 3326 omnem

578 3358 692 3394 cum
721 3342 1026 3413 eadicimus
1057 3341 1256 3411 jurati,
1294 3356 1409 3413 qum
1446 3352 1705 3413 comperta
1743 3343 2010 3407 habemus,
2049 3357 2167 3411 qua
2190 3387 2235 3413 η
2268 3346 2539 3408 cursitant,
2570 3343 2865 3404 ovantque?
2907 3342 3172 3397 Cellarius
3204 3353 3424 3399 secutus
3453 3351 3539 3398 est
3565 3342 3830 3413 hanccon-

577 3387 692 3483 ἕιῖέῖ
720 3387 1271 3484 ὖῖάῖτὶπίὶὲξξέἒξίἶιὶνί
1282 3387 1716 3484 nni-ngare;
1743 3387 1983 3467 nant:
1996 3387 2168 3481 ’.ἰξυῖ
2189 3387 2236 3450 C
2264 3387 2539 3484 {nam
2554 3387 2747 3482 $1.13;
2758 3387 2880 3466 "an.
2888 3387 3022 3468 ῑνὲἱὶ
3027 3387 3832 3484 Eni"BISEEE',"qES}n?i§"1€£ﬁq

578 3480 859 3560 omniase
886 3482 1016 3560 scire
1055 3480 1204 3560 dixit:
1254 3481 1506 3560 Nonnulli
1549 3492 1741 3560 putant
1769 3480 2159 3560 _Hippolytum,

577 3569 737 3624 quem
770 3553 945 3607 idibus
971 3552 1198 3620 Augusti
1234 3552 1497 3624 celebrari
1537 3553 1614 3624 ait
1640 3552 1998 3618 Prudentius,
2043 3568 2166 3610 esse

577 3623 749 3694 solum
783 3624 1123 3694 Hippolytum
1154 3623 1402 3679 militem.
1451 3623 1560 3679 Sed
1589 3639 1710 3680 cum
1743 3625 2066 3680 Prudentius
2096 3625 2165 3681 de

576 3683 684 3750 alio
715 3683 1010 3767 Hippolyto
1031 3694 1333 3767 certissime
1359 3695 1628 3767 loquatur,
1667 3696 1826 3767 hujus
1853 3696 2162 3766 Hippolyti,

613 3781 734 3824 uem
774 3764 1520 3848 laudat._Pruderi_tius,_diem
1552 3764 1748 3848 festum
1780 3764 2007 3822 olim’i
2046 3764 2166 3822 idus

626 3838 802 3906 ugusti
832 3835 1085 3892 incidisse
1109 3835 1457 3904 iudicandum
1485 3847 1588 3892 est.

646 3908 774 3963 932.
798 3907 1002 3962 Rat.ex
1025 3907 1297 3979 ipserecte
1342 3908 1475 3977 ipsa.
1506 3908 1654 3973 Ald.,
1691 3924 1798 3964 non
1838 3910 1993 3976 bene,
2031 3924 2165 3979 pun-

579 3988 721 4035 ctum
752 3989 870 4047 post
896 3985 1040 4031 vocat
1063 3976 1304 4032 adhibet.
1367 3976 1370 3977 ⁷
1880 3989 1884 3994 '

648 4045 776 4102 255⁷.
811 4045 923 4102 Gis.
948 4047 1015 4101 ad
1045 4061 1238 4116 marg.,
1261 4064 1423 4102 annos
1448 4063 1546 4116 pro
1567 4056 1730 4102 ortus.

649 4117 777 4174 2'56.
809 4117 1033 4171 Praemia
1061 4115 1182 4170 diei
1205 4117 1324 4171 festi
1351 4115 1609 4173 celebrati
1639 4119 1889 4174 videntur
1917 4134 2038 4175 esse
2075 4138 2160 4175 sa-

581 4187 793 4262 lutigeri
834 4195 1007 4256 ortus,
1051 4187 1165 4243 sive
1204 4188 1351 4242 anni.
1405 4188 1652 4244 Barthius
1682 4188 1828 4244 addit
1859 4192 2070 4261 prwmia
2104 4193 2166 4244 de

583 4260 742 4323 calo;
771 4272 872 4315 nec
895 4271 1152 4327 repugno.

653 4330 782 4386 257.
807 4329 983 4390 Alex.,
1008 4327 1458 4394 Ald.,'-,Chelidoni.
1491 4329 1609 4383 Vat.
1638 4331 1697 4394 Β,
1723 4331 1877 4397 Man,
1903 4331 2161 4386 Celedoni.

580 4399 920 4466 Parrhasius,
935 4407 1206 4468 corrupte,
1220 4399 1474 4455 Celeboni.
1495 4399 1791 4454 Notandum
1813 4402 2002 4456 festum
2025 4402 2166 4458 diem

582 4469 640 4530 S.
663 4471 918 4545 Cypriani
937 4470 1048 4541 jam
1078 4479 1185 4545 tum
1212 4470 1265 4545 in
1293 4471 1544 4545 Hispania
1570 4473 1922 4545 celebratum.

652 4541 782 4600 239.
813 4542 960 4607 Ald.,
989 4541 1179 4595 tradita
1215 4542 1316 4595 vita
1355 4551 1446 4595 est.
1493 4542 1706 4596 Teolius
1734 4543 1966 4611 glossam
2006 4546 2163 4600 unius

581 4613 703 4669 Vat.
735 4613 997 4669 ascribit:
1031 4612 1332 4679 Adiuvantis
1363 4622 1467 4677 est,
1510 4613 1563 4665 id
1592 4623 1691 4676 est,
1737 4615 1779 4666 si
1817 4615 1914 4667 hoc
1953 4615 2163 4682 feceris,

582 4695 704 4741 tunc
728 4695 777 4740 te
797 4684 1027 4739 Christus
1052 4683 1244 4738 audiet.
1275 4682 1491 4739 Minime
1517 4683 1708 4739 dubito
1732 4684 1859 4753 quin
1885 4686 1953 4739 sit
1983 4685 2167 4755 legen-

582 4755 710 4813 dum
737 4756 1029 4821 adiurantis
1055 4762 1148 4806 est.

651 4827 778 4882 242.
811 4825 1062 4881 Barthius
1099 4823 1440 4879 scribendum
1483 4834 1628 4891 putat
1658 4835 1808 4890 rapta
1853 4841 1950 4894 pro
1989 4835 2159 4893 capta.

583 4897 692 4956 Sed
737 4896 1065 4955 membrana:
1105 4904 1416 4966 constanter
1455 4896 1651 4951 habent
1687 4909 1866 4966 capta,
1907 4907 1962 4950 et
2004 4897 2164 4963 paulo

583 4978 706 5040 post
730 4969 966 5040 occurrit
994 4974 1197 5036 raptus.
1249 4965 1430 5040 Neque
1459 4967 1598 5020 male
1629 4977 1711 5021 est
1739 4965 1910 5040 capta,
1945 4978 2002 5020 ut
2031 4967 2165 5040 bello

585 5037 786 5109 captus,
827 5037 957 5092 dolis
1003 5045 1200 5106 captus,
1255 5037 1413 5103 pisces
1448 5040 1629 5106 jaculo
1672 5048 1759 5090 usit
1805 5038 1958 5090 hamo
2005 5039 2162 5107 capti.

587 5109 778 5164 Torn..
801 5109 1079 5164 mendose.
1107 5115 1332 5164 captum.

633 5126 778 5172 orn.,
801 5122 1079 5172 mendose,
1107 5122 1332 5172 captum.

654 5126 778 5176 ηοω,
801 5125 1079 5172 menuose,
1107 5125 1332 5177 captum.

654 5179 782 5234 265.
818 5179 1010 5250 Psych.
1041 5191 1182 5250 vers.
1211 5177 1314 5232 79‘2
1333 5218 1355 5250 ,_
1383 5175 1705 5250 lacteolam
1723 5180 1962 5250 mentitus
2000 5194 2161 5232 orem.

587 5249 721 5305 Vide
749 5247 1035 5304 comment.
1066 5248 1134 5302 ad
1161 5263 1302 5303 vers.
1336 5247 1437 5302 165
1463 5248 1641 5318 hymni
1675 5247 1732 5302 S.
1760 5247 1997 5303 Eulaliae.
2042 5251 2162 5304 Sta-

587 5319 708 5374 bula
739 5322 918 5374 ovium
965 5327 1229 5374 vocantur
1256 5318 1422 5372 caulis
1454 5317 1518 5373 ex
1542 5317 1731 5374 Grmco
1759 5322 1999 5383 nomine,
2021 5336 2048 5372 c
2077 5319 2167 5374 de-

587 5399 760 5444 tracto
793 5405 956 5444 :nam
1001 5389 1170 5445 Graeci
1203 5388 1363 5450 αὔλας
1401 5388 1604 5443 dicunt.
1639 5387 1888 5443 Fortasse
1912 5390 2164 5444 Paulinus

590 5460 691 5516 hoc
726 5470 945 5530 etymon
985 5461 1217 5528 reSpexit
1254 5461 1322 5515 de
1361 5460 1552 5514 Reditu
1590 5459 1820 5530 Nicetis:
1855 5459 2013 5514 Nunc
2048 5477 2162 5516 oves

588 5533 712 5602 facti
738 5529 865 5602 duce
891 5540 937 5583 te
965 5541 1233 5602 gregantur
1255 5530 1408 5585 Pacis
1438 5532 1489 5583 in
1518 5529 1712 5584 aulam.

658 5601 783 5658 2l6.
819 5601 942 5656 limo.
965 5600 1137 5656 valida
1168 5602 1295 5656 mihi
1321 5602 1527 5657 videtur
1552 5602 1856 5670 cenjectura
1891 5613 1946 5656 ut
1974 5601 2163 5657 creda-

2269 3482 2514 3540 codicum
2545 3493 2691 3539 recte
2719 3483 2994 3554 procedat,
3028 3497 3203 3554 neque
3231 3492 3414 3539 careat
3441 3484 3722 3555 elegantia.
3758 3482 3830 3555 Ad

2268 3555 2463 3611 festum
2505 3555 2648 3609 diem
2709 3553 3072 3620 apostolorum
3116 3553 3498 3609 celebrandum
3533 3553 3688 3610 “multi
3725 3553 3830 3606 olim

2268 3627 2502 3696 undique
2529 3625 2940 3690 conveniebant,
2965 3627 3126 3680 etiam
3152 3627 3410 3694 episcopi.
3445 3625 3585 3682 Vide
3609 3641 3690 3696 ep.
3715 3624 3832 3677 Pau-

2267 3697 2362 3751 lini
2389 3700 2454 3753 I5
2479 3696 2548 3752 ad
2576 3696 2854 3762 Severum,
2887 3706 2943 3751 et
2968 3696 3038 3751 16
3064 3696 3132 3750 ad
3163 3697 3511 3765 Delphinum.

2340 3766 2395 3822 2.
2430 3768 2819 3838 Etymologiam
2865 3767 3024 3838 verbi,
3058 3781 3229 3830 ovare,
3256 3783 3286 3821 a
3329 3767 3510 3836 glossa
3550 3767 3831 3838 indicatam.

2229 3887 2232 3891 .
2266 3837 2622 3907 comprobant
2660 3837 2880 3894 Servius
2919 3845 2974 3892 et
3013 3837 3347 3892 Plutarchus.
3400 3838 3505 3893 Alii
3549 3853 3667 3892 cum
3699 3837 3832 3892 Festo

2269 3924 2418 3964 auare
2457 3908 2729 3963 deducunt
2768 3921 2798 3962 a
2835 3908 3075 3964 clamore
3099 3922 3258 3978 quem
3291 3909 3454 3963 edere
3483 3909 3663 3963 solent
3691 3909 3831 3961 victo-

2269 3994 2375 4042 res,
2400 3980 2669 4050 geminata
2689 3979 2867 4050 littera
2884 3995 2913 4031 ο
2929 3996 2953 4050 ,j
2965 3979 3051 4033 alii
3071 3980 3139 4034 ab
3152 3994 3294 4047 evoe,
3308 3978 3685 4034 bacchantium
3707 3993 3831 4032 race.

2268 4048 2446 4105 Adisis
2475 4051 2800 4104 Becmanum
2825 4048 2893 4104 de
2921 4049 3128 4119 Origin.
3657 4058 3668 4071 '

2341 4121 2392 4175 5.
2439 4122 2561 4176 Haec
2589 4119 2861 4175 Prudentii
2900 4119 3234 4188 aliorumque
3259 4121 3442 4190 opinio
3477 4122 3596 4186 fuit,
3631 4121 3721 4176 SS.
3750 4119 3834 4173 Pe-

2270 4201 2410 4246 trum
2433 4201 2488 4247 et
2511 4192 2732 4246 Paulum
2760 4191 2950 4245 eodem
2973 4191 3094 4244 anni
3114 4191 3226 4254 die,
3250 4191 3343 4246 sed
3371 4207 3478 4246 non
3505 4195 3693 4248 eodem
3713 4203 3832 4243 anno

2269 4264 2586 4332 martyrium
2629 4263 2876 4316 subiisse.
2917 4261 3242 4332 Prudentius
3281 4264 3417 4316 hanc
3448 4278 3606 4317 suam
3651 4260 3833 4330 opinio-

2269 4346 2391 4388 nem
2414 4331 2611 4388 clarins
2634 4333 2864 4400 explicat
2891 4346 3032 4386 vers.
3064 4331 3155 4397 2i,
3193 4332 3261 4387 Ut
3285 4343 3413 4387 teres
3443 4336 3584 4388 orbis
3611 4335 3722 4393 iter,
3749 4342 3833 4384 etc.

2268 4402 2505 4459 Joannes
2545 4403 2612 4458 Μ.
2647 4402 3121 4456 Brassichellensis
3160 4405 3212 4456 in
3254 4403 3434 4458 lmlice
3479 4405 3730 4459 librorum
3755 4416 3835 4454 ex-

2269 4474 2694 4544 purgandorum,
2735 4488 2894 4544 quem
2938 4486 3088 4527 num.
3132 4474 3234 4528 184
3268 4475 3318 4526 in
3351 4484 3466 4527 not.
3501 4476 3703 4543 proleg.
3744 4473 3836 4524 Iau-

2269 4543 2413 4609 davi,
2442 4546 2579 4600 hanc
2603 4543 2927 4598 sententiam
2955 4558 3181 4598 censura
3205 4545 3539 4614 perstringit,
3571 4547 3708 4615 quod
3731 4557 3836 4596 con-

2273 4617 2437 4670 traria
2490 4617 2560 4670 sit
2603 4615 2957 4669 communiori
3004 4616 3285 4681 opinioni,
3341 4617 3591 4683 quamvis
3641 4615 3838 4683 fateatur

2272 4687 2415 4741 illam
2441 4687 2654 4741 defendi
2680 4686 2748 4738 ab
2778 4684 3075 4754 Augustino
3099 4694 3155 4740 et
3182 4681 3426 4741 Aratore.
3451 4687 3592 4740 Vide
3617 4701 3729 4754 pag.
3751 4681 3838 4736 257

2189 4764 2244 4825 ι)
2269 4767 2324 4811 et
2348 4757 2452 4812 262
2475 4758 2594 4826 ejus
2619 4756 2833 4811 Indicis.
2873 4755 3344 4826 Eminentissimus
3375 4756 3527 4811 card.
3561 4756 3838 4826 Stephanus

2270 4827 2460 4896 Borgia
2494 4823 2544 4882 i'n
2573 4827 2929 4896 celeberrimo
2957 4841 3056 4881 suo
3077 4841 3262 4892 opere,
3295 4825 3554 4881 Vaticana
3579 4823 3840 4882 Confessio

2268 4895 2410 4952 beati
2437 4896 2606 4958 Petri.
2640 4898 2802 4951 multa
2834 4895 2988 4951 alfert
3006 4897 3202 4967 quibus
3228 4908 3337 4950 tum
3366 4898 3491 4951 alia:
3519 4898 3841 4967 antiquitates

2269 4968 2651 5024 ecclesiastica:
2693 4967 2950 5021 illustrari
3000 4964 3227 5037 possint,
3272 4979 3382 5021 tum
3432 4967 3547 5023 fere
3591 4964 3728 5023 totus
3768 4964 3842 5017 hic

2274 5038 2551 5094 Prudentii
2583 5038 2814 5108 hymnus
2844 5038 3050 5092 facilius
3081 5038 3322 5106 intelligi.
3350 5038 3498 5092 Hanc
3526 5041 3700 5106 ipsam
3719 5050 3844 5106 (μιξ-
3882 5079 3886 5100 ,

2267 5111 2497 5166 stionem
2525 5111 2588 5163 ad
2611 5123 2837 5164 examen
2862 5121 3097 5172 revocat,
3113 5118 3168 5163 et
3191 5108 3387 5163 fatetur
3405 5109 3463 5164 S.
3494 5110 3837 5179 Augustinum

2270 5179 2412 5234 idem
2453 5183 2688 5235 sensisse
2733 5195 2794 5233 ac
2836 5179 3205 5242 Prudentium,
3244 5195 3410 5234 serm.
3460 5179 3571 5234 295
3590 5175 3670 5232 ἰη
3701 5175 3844 5232 naIaIi

2270 5251 2639 5319 apostolorum
2686 5250 2827 5303 Petri
2868 5259 2923 5303 et
2972 5250 3144 5316 Pauli,
3170 5261 3237 5319 yet
3281 5264 3445 5304 serm.
3488 5251 3589 5304 38I
3630 5252 3699 5305 de
3737 5246 3847 5302 eod.

2271 5317 2458 5387 nata|.,
2483 5321 2570 5376 ubi
2599 5321 2676 5375 ait
2699 5338 2710 5373 :
2741 5320 2994 5374 Natalitio
3015 5337 3135 5389 ergo
3159 5317 3303 5373 Petri
3330 5336 3514 5389 passus
3540 5332 3620 5375 est
3643 5320 3845 5373 Pasias.

2268 5391 2546 5446 Neminem
2572 5392 2735 5445 alium
2759 5401 2825 5445 es
2849 5393 3083 5459 antiquis
3113 5391 3317 5446 Latinis
3339 5391 3698 5460 scriptoribus
3718 5390 3848 5458 ejus-

2269 5461 2390 5516 dem
2421 5461 2700 5517 sentenliae
2731 5472 3058 5517 assertorem
3089 5464 3321 5528 reperit,
3353 5472 3594 5530 excepto
3640 5466 3848 5516 Aratore

2269 5532 2724 5601 subdiacono,q_ui
2746 5534 2944 5587 saeculo
2961 5549 3010 5586 vr
3034 5532 3231 5594 ﬂoruit,
3258 5540 3314 5586 et
3333 5533 3428 5586 lib.
3457 5547 3493 5585 ιι
3516 5531 3659 5588 liist.
3677 5536 3851 5601 Apost.

2273 5603 2343 5656 ita
2371 5603 2568 5658 cecinit
2593 5599 2898 5674 :VrGemiuos,
2945 5619 3074 5674 quos
3113 5602 3273 5674 edidit
3301 5604 3478 5664 astris,
3513 5601 3640 5656 Non
3670 5599 3851 5662 Mart,

593 5689 712 5730 mus
759 5670 1100 5744 Hippolytum
1147 5671 1308 5744 fuisse
1354 5674 1662 5744 episc0pum
1689 5713 1705 5737 ,
1762 5673 1906 5741 quod
1959 5673 2165 5744 scilicet
2265 5683 2431 5729 tanien
2459 5691 2564 5728 una
2595 5673 2726 5739 dies,
2750 5670 2973 5742 annique
2999 5674 3170 5744 voluto
3203 5671 3447 5744 Tempore
3471 5675 3700 5728 sacravit
3729 5687 3852 5744 repe-

590 5744 931 5810 Valerianus,
957 5741 1174 5824 Christi
1201 5757 1372 5809 sacer,
1392 5741 1563 5824 sacro
1591 5743 1874 5824 ljippulyto
1902 5754 2046 5824 esset
2076 5742 2165 5824 fu-

2266 5746 2412 5798 litans

2430 5746 2600 5813 passio
2631 5744 2814 5797 lucem.
2839 5745 2882 5798 E
2904 5743 3106 5799 Graecis
3133 5743 3355 5798 Photius
3379 5743 3431 5799 in
3460 5744 3716 5801 Biblimh.
3739 5743 3854 5799 cod.

591 5827 744 5872 turus
774 5827 957 5870 comes
989 5812 1041 5885 in
1069 5811 1230 5885 cmlo,
1259 5811 2075 5885 sacerdotiisive’episcopatus,
2107 5822 2162 5866 ut
2264 5814 2387 5885 27d
2403 5811 2577 5869 locum
2608 5813 2667 5870 S.
2693 5813 2798 5885 Plili
2827 5815 3074 5885 discipuli
3117 5814 3176 5870 S.
3220 5815 3444 5885 Joannis
3487 5814 3855 5885 Chrysostomi

593 5902 690 5956 ego
720 5893 867 5955 puto,
903 5881 1129 5938 ratione.
1174 5881 1372 5950 Raptus
1401 5895 1499 5952 pro
1529 5880 1806 5938 defunctus
1835 5883 2053 5938 verbum
2081 5892 2160 5938 est

2269 5883 2466 5952 profert
2511 5885 2600 5940 ubi
2646 5875 3209 5951 afﬁrmatar'Peti-um
3252 5895 3376 5941 ante
3428 5875 3657 5942 Paulum
3703 5899 3856 5943 occu-
