4016 6280
202 391 303 450 661

1425 588 1533 658 [tur
1563 600 1710 654 ense,

455 688 570 744 Non
606 685 735 739 hora
769 691 967 747 vatem,
993 695 1097 736 non
1127 678 1242 734 dies
1273 677 1478 734 fefellit.

387 776 600 854 1194
628 774 963 831 Dividitossa
983 771 1144 829 duum
1162 767 1360 831 Tibris,
1390 782 1541 850 sacer
1553 781 1619 822 ex
1643 773 1786 852 utra-

708 865 716 868 ’
1427 860 1550 932 [que
1579 859 1711 930 ripa,

203 965 276 1026 30
457 963 598 1019 Inter
626 967 834 1016 sacrata
852 956 982 1034 dum
1012 955 1126 1012 fluit
1151 953 1417 1027 sepulcra.

1389 377 1946 438 PERISTEPHANON
1989 378 2029 434 Η
2042 379 2196 436 ΥΜΝ.
2243 379 2351 434 ΧΙΙ.

383 502 491 560 Nec.
521 516 669 558 mora
698 520 707 553 :
737 497 1081 572 protrahitur,
1127 509 1298 568 pasam
1330 495 1506 559 datur,
1540 493 1785 548 immola-
1811 497 1863 556 Α

3357 370 3462 432 502

2065 492 2260 548 Dextra
2293 492 2507 548 Petrum
2547 491 2691 562 regio
2737 492 2890 546 lCNiS
2931 499 3073 546 tenet
3107 489 3284 546 aureis
3313 505 3462 546 rece-

3196 583 3386 655 [ptum,

2136 678 2348 734 Canens
2374 677 2536 745 oliva,
2566 692 2901 733 murmurans
2930 678 3149 733 fluento.

2068 768 2304 838 Namque
2331 769 2616 840 supercilio
2637 770 2748 824 saxi
2776 769 2949 841 liquor
2971 780 3120 824 ortus
3139 768 3391 825 excitavit

2148 859 2357 936 1195
2385 860 2649 918 Frondem
2680 876 2965 931 perennem
2991 860 3294 919 chrismatis
3318 859 3460 915 fera-

3228 951 3390 1025 [cem,

1513 1066 1806 1127 (ἔιΟὸδῶ
1847 1069 2190 1128 VETERES.

395 1193 591 1280 Dextra
620 1188 788 1255 regio,
823 1185 1136 1278 aquilonaris
1163 1185 1337 1257 plaga.
1359 1211 1430 1224 —-
1453 1183 1665 1251 Aureis,
1694 1199 1787 1239 no~

203 1263 625 1403 b'lgiltshtltnens,
657 1333 938 1397 albescens,
964 1329 1204 1403 candens,
1238 1343 1266 1378 a
1289 1327 1474 1380 canitie
1511 1326 1672 1391 dicta,
1703 1325 1784 1403 ας-

202 1407 323 1463 bens
342 1417 388 1462 et
413 1405 546 1462 venit
574 1395 789 1460 a'caneo
818 1395 988 1456 canes.
1017 1429 1086 1442 —
1118 1399 1362 1463 Fluento,
1407 1406 1520 1451 orta
1553 1411 1707 1466 aqua,
1741 1395 1782 1450 Ι.

1967 1185 2054 1240 54.
2086 1185 2336 1250 Fontem,
2366 1185 2740 1254 baptisterium.
2763 1217 2829 1227 —
2849 1186 3182 1254 Chrismatis,
3214 1189 3462 1242 unctionis

1895 1255 2005 1330 oleo
2027 1255 2268 1327 baptizati
2290 1267 2570 1330 unguntu_r,
2598 1256 2716 1311 Vat.
2749 1257 2914 1330 A._——
2943 1257 3187 1330 Font‘em,
3221 1259 3464 1330 baptiste-

1893 1327 2024 1382 rium
2050 1327 2370 1397 perpetuum.
2399 1355 2468 1369 -ο
2499 1327 2772 1396 Feracem,
2802 1327 3038 1398 fertilem,
3071 1327 3109 1382 Ι.

1551 1508 2099 1572 COMMENTARIUS.

202 1636 329 1709 iam,
369 1631 623 1709 resoluor,
661 1630 848 1709 inquit.
895 1627 1067 1699 Epist.
1092 1626 1136 1683 ll
1182 1626 1422 1709 ad'l‘im.
1469 1641 1530 1689 tt,
1577 1625 1649 1708 6.:
1679 1624 1790 1709 Ego

202 1697 338 1760 cnim
364 1705 471 1770 iam
498 1697 738 1767 delibor,
767 1708 813 1754 et
857 1697 1054 1770 tempus
1092 1699 1415 1770 resolutionis
1457 1713 1583 1770 mea:
1610 1697 1785 1751 instat.

206 1767 410 1832 Confer
439 1774 600 1828 etiam
623 1773 783 1842 epist.
813 1769 880 1826 ad
901 1770 1130 1841 Philipp.
1161 1785 1199 1839 t,
1224 1769 1316 1837 25,
1355 1767 1669 1823 Desidet-ium
1699 1770 1791 1821 lia-

207 1845 329 1899 bens
358 1844 589 1898 dissolvi.

276 1913 369 1971 27.
399 1913 736 1978 Parrhasius,
758 1909 1214 1981 depravate,Haec
1238 1927 1379 1964 mora
1407 1925 1520 1978 qua:
1545 1908 1783 1981 trahitur,

203 2001 368 2056 pcata
396 1985 572 2039 datur.
608 1979 918 2037 Immolatur
953 1999 1090 2038 ense.
1141 1981 1268 2056 Ald.
1296 1989 1350 2036 et
1373 1979 1616 2036 nonnulli
1646 1980 1786 2049 vulg.

204 2053 349 2112 male
375 2055 708 2125 distinguunt
735 2070 828 2108 nec
857 2069 999 2125 mora
1030 2053 1367 2125 protrahitur.

280 2126 374 2182 28.
411 2125 526 2181 Vat.
548 2123 619 2189 Ἀ,
644 2133 831 2178 autem.
862 2123 1098 2179 Eruenda
1128 2132 1311 2176 vatem.

285 2196 380 2253 29.
408 2194 468 2250 S.
494 2194 711 2250 Petrum
738 2194 1004 2262 sepultum
1035 2194 1198 2248 fuisse
1239 2193 1288 2246 in
1322 2191 1600 2262 Vaticano,
1636 2201 1687 2246 et
1729 2191 1787 2246 S.

205 2267 433 2322 Paulum
463 2267 514 2319 in
547 2266 634 2319 via
669 2261 904 2320 Ostiensi
946 2264 1144 2320 certior
1185 2271 1268 2318 est
1311 2261 1599 2317 sententia.
1651 2261 1794 2316 Non-

203 2337 345 2394 nulli
372 2336 757 2392 ecatacumbis
799 2349 987 2388 eorum
1015 2349 1239 2402 corpora
1288 2334 1339 2388 in
1391 2333 1504 2387 hrec
1550 2332 1660 2386 loca
1701 2331 1792 2386 ubi

204 2421 355 2464 nunc
399 2416 548 2471 sunt,
597 2421 626 2460 a
653 2404 903 2460 Cornelio
953 2405 1204 2474 pontifice
1250 2404 1488 2459 Romano
1535 2403 1792 2474 translata

207 2479 382 2533 fuisse
411 2493 512 2531 non
561 2477 691 2531 satis
741 2472 968 2531 idoneis
992 2475 1300 2530 auctoribus
1335 2474 1624 2528 affirmant.
1659 2472 1793 2528 Vide

208 2548 274 2605 S.
306 2547 565 2604 lsidorum
595 2547 663 2602 de
703 2545 820 2601 Vita
865 2554 921 2601 et
945 2546 1115 2601 Morte
1155 2553 1459 2601 sanctorum
1499 2559 1617 2614 cap.
1645 2543 1713 2598 68
1741 2551 1796 2599 et

211 2620 310 2674 69.
343 2617 531 2688 Negari
565 2627 741 2672 tamen
767 2617 951 2688 nequit
977 2615 1283 2685 aliquandiu
1333 2629 1559 2688 corpora
1598 2614 1793 2688 beato-

208 2703 336 2746 rum
375 2684 740 2757 apostolorum
789 2684 1217 2757 iu'eatacu’mbis
1278 2685 1542 2757 occultata
1593 2684 1791 2757 fuisse:

207 2759 356 2830 quod
385 2755 441 2814 S.
476 2758 686 2814 Damasi
712 2765 766 2814 et
787 2758 845 2813 S.
879 2755 1120 2827 Gregorii
1144 2757 1319 2827 Magni
1350 2756 1668 2812 testimoniis
1701 2757 1793 2811 de—

209 2838 567 2886 monstratur.
615 2851 626 2862 '

282 2900 375 2956 3|.
406 2901 584 2971 Prag.,
610 2907 904 2968 perceptum
929 2915 944 2951 :
968 2897 1342 2971 corrigendum
1397 2907 1670 2967 receptum.
1696 2896 1795 2952 llic

211 2971 380 3028 etiam
415 2968 550 3025 tecta
597 2983 761 3024 aurea
807 2971 989 3038 templi
1023 2968 1258 3023 Vaticani
1307 2980 1693 3031 memorantur,
1740 2976 1796 3020 ut

210 3043 356 3098 infra
389 3041 457 3096 de
488 3041 706 3096 basilica
727 3040 786 3096 S.
819 3040 987 3095 Pauli.
1016 3039 1302 3094 Peveratus
1327 3039 1390 3092 ad
1417 3039 1557 3092 hunc
1582 3053 1793 3092 versum

214 3112 478 3168 exscribit
527 3112 643 3166 haec
663 3113 833 3166 verba
882 3111 1065 3175 Pomp.
1102 3109 1289 3170 Ugonii
1339 3124 1400 3162 ex
1453 3108 1646 3162 scheda
1692 3123 1793 3162 ms.

1895 1631 2056 1712 specie
2075 1641 2289 1715 quatuor
2319 1635 2569 1715 columnis
2594 1636 2833 1715 salientes
2863 1653 3021 1705 aquas
3041 1639 3284 1692 ambiens.
3322 1637 3468 1693 Decet

1891 1707 2026 1753 enim
2071 1707 2608 1779 ingressumecclesite
2650 1707 2769 1760 talis
2808 1717 3041 1773 ornatus,
3085 1717 3139 1761 ut
3167 1710 3304 1779 quod
3333 1709 3470 1764 intus

1894 1773 2133 1848 mysterio
2158 1775 2376 1848 salutari
2415 1777 2625 1848 geritur,
2678 1779 2940 1845 spectabili
2972 1795 3063 1846 pro
3102 1773 3294 1846 foribus
3323 1796 3471 1848 opere

1823 1830 1868 1890 Β
1895 1830 2143 1920 signetur.
2190 1830 2452 1920 Similem:
2475 1830 2669 1920 fontem
2707 1830 2897 1917 postea
2932 1830 3053 1904 Leo
3087 1830 3302 1920 uigiliis
3330 1830 3472 1905 ante

1891 1912 2193 1995 (lsdensem
2221 1916 2280 1971 S.
2311 1915 2456 1995 Pauli
2492 1912 2764 1995 basilicam
2797 1920 3054 1995 condidit,
3099 1912 3256 1995 quem
3286 1920 3470 1995 Enna-

1893 1983 2014 2038 dius
2038 1985 2306 2040 celebrat:
2338 1985 2489 2040 Unda
2513 1988 2644 2040 lavat
2669 1991 2835 2042 carnis
2863 1983 3232 2054 maculasfsed
3253 1991 3470 2044 crimina

1893 2062 2088 2128 purgat
2108 2054 2462 2126 Puriﬁcatque
2489 2059 2685 2112 animos
2706 2061 2945 2113 mundior
2973 2077 3120 2114 amne
3143 2061 3287 2128 ﬁdes.
3317 2060 3470 2120 Quis-

1890 2139 1988 2192 que
2011 2126 2114 2202 s_nis
2155 2128 2656 2202 meritisivcneranda
2696 2131 2917 2202 sacraria
2962 2131 3113 2184 Pauli
3143 2126 3470 2202 ingrederis,

1893 2196 2110 2268 supplex
2143 2197 2293 2251 ablue
2344 2201 2482 2268 fonte
2529 2215 2732 2253 manus.
2776 2200 3080 2255 Perdiderat
3121 2196 3328 2255 laticum
3359 2200 3472 2254 lon-

1893 2281 2035 2336 gara
2060 2266 2271 2340 incuria_
2303 2266 2500 2340 cursus,
2549 2270 2688 2334 Quos
2732 2272 2820 2323 tibi
2862 2288 2996 2325 nunc
3024 2272 3170 2340 pleno
3195 2273 3474 2325 cantharus

1895 2352 1981 2407 are
2007 2340 2181 2391 vomit.
2238 2337 2462 2392 Provida
2513 2344 2734 2406 pastoris
2778 2359 2864 2407 per
2904 2337 3064 2395 totum
3095 2359 3217 2394 cura
3263 2341 3467 2396 Leonis.
3550 2348 3554 2352 ’

1895 2405 2024 2460 Ηωε
2055 2407 2226 2481 ovilia}
2257 2407 2444 2463 Christi
2488 2405 2634 2480 larga
2668 2405 2856 2481 ﬂuenta
2900 2412 3058 2466 dedit.
3090 2413 3238 2466 Hunc
3269 2427 3471 2465 morem

1900 2486 2144 2532 veterum
2171 2477 2596 2534 Christianorum
2647 2477 2855 2536 lavandi
2901 2497 3088 2536 manus
3133 2491 3187 2537 et
3230 2497 3320 2536 ora
3349 2491 3474 2536 ante

1895 2547 2056 2630 fares
2079 2550 2366 2630 ecclesiae,
2414 2559 2505 2605 aut
2552 2551 2777 2630 interius
2822 2554 3471 2630 saera'r_iu‘m,__conllrmat

1899 2617 2158 2674 Eusebius
2185 2619 2279 2675 lib.
2310 2637 2365 2687 χ,
2411 2636 2532 2687 cap.
2564 2621 2617 2687 4,
2669 2632 2722 2678 et
2749 2624 2945 2678 indicat
2984 2624 3340 2678 Tertullianus
3375 2623 3469 2678 lib.

1897 2689 1965 2744 de
1993 2689 2271 2756 Oratione,
2316 2706 2436 2758 cap.
2471 2692 2530 2746 Η
2575 2709 2588 2744 :
2620 2693 2749 2758 ριωε
2785 2696 2916 2747 ratio
2956 2705 3046 2756 est.
3100 2694 3329 2748 manibus
3367 2695 3473 2759 qui-

1899 2760 2012 2833 dem
2038 2760 2262 2833 ablatis,
2306 2762 2492 2833 spiritu
2541 2779 2657 2818 vero
2704 2765 2935 2818 sordente
2979 2766 3255 2818 orationem
3304 2764 3476 2817 obire?

1899 2829 2055 2898 Apud
2082 2829 2540 2888 ethnicos'eadem
2589 2833 2685 2887 fuit
2731 2835 3076 2889 consuetudo.
3126 2836 3179 2888 In
3210 2835 3472 2888 Christia~

1901 2915 2090 2954 norum
2118 2901 2362 2973 ecclesiis
2391 2917 2486 2973 vas
2515 2908 2666 2973 aqua:
2697 2904 2933 2958 lustralis
2961 2905 3025 2958 ad
3057 2905 3313 2972 (‘Xpiantla
3348 2919 3473 2970 prc-

1899 2978 2018 3043 cata
2044 2971 2296 3036 venialia,
2323 2972 2468 3043 quod
2496 2971 2637 3028 nunc
2655 2975 2910 3039 cernitur.
2949 2975 3026 3027 his
3060 2971 3192 3043 quas
3216 2974 3321 3028 d'xi
3357 2975 3472 3026 lon-

1837 3101 1840 3105 ,
1903 3041 2044 3096 tibus
2094 3043 2370 3098 successit.
2446 3042 2513 3097 Et
2574 3045 2800 3100 fortasse
2851 3041 3230 3100 sacratiorihus
3289 3043 3475 3098 diebus

1904 3112 2124 3180 majoris
2157 3112 2504 3169 hebdomadis
2526 3111 2812 3170 Christiani
2845 3125 3051 3172 veteres
3083 3115 3363 3172 ecclesiam
3396 3116 3474 3168 iu-

213 3194 381 3306 gnam
409 3181 547 3250 apud
576 3196 635 3236 se
666 3181 893 3237 habebat
932 3197 946 3234 :
978 3182 1110 3266 Aug.
1137 3179 1506 3262 Constantinus
1540 3179 1796 3259 basilicam
1826 3198 1872 3263 ο
1901 3179 2140 3252 gressuri
2167 3198 2358 3238 manus
2382 3193 2438 3240 et
2464 3199 2556 3240 ora
2588 3200 2692 3240 non
2732 3187 2996 3252 lavabant,
3024 3187 3088 3240 ad
3120 3187 3316 3241 doloris
3347 3201 3471 3240 scu-

271 3296 285 3306 .
311 3252 470 3306 Petro
490 3252 722 3306 apostolo
747 3268 810 3306 ea:
828 3259 1010 3306 roaatu
1031 3251 1260 3306 Silvestrt
1285 3266 1504 3306 emscom
1535 3266 1586 3301 in
1611 3250 1796 3306 templo
1903 3269 2021 3306 sum
2043 3253 2111 3306 de
2138 3255 2385 3306 passione
2413 3255 2620 3306 Domini
2645 3256 2984 3306 indicandum
3013 3276 3024 3306 ε
3051 3257 3190 3306 unde
3215 3257 3471 3306 oriainem

311 3252 470 3308 Petro
490 3252 722 3321 apostolo
747 3268 810 3306 ea:
828 3259 1010 3321 rogatu
1031 3250 1506 3321 Silvestriepiswpi
1535 3250 1586 3321 in
1611 3250 1796 3314 templo

217 3324 478 3392 Apollinis
506 3319 712 3376 inclusit
753 3323 804 3374 in
835 3319 1000 3392 loculo
1031 3337 1213 3388 corpus
1246 3320 1306 3375 S.
1338 3319 1501 3373 Petri.
1531 3319 1703 3390 Ipsum
1726 3321 1802 3374 Ιο-

217 3391 395 3449 culum
443 3393 667 3464 undique
694 3408 792 3446 a’re
822 3391 1009 3464 Cyprio
1038 3392 1309 3464 conclusit,
1342 3393 1578 3464 quodest
1599 3391 1803 3464 _immo-

217 3466 341 3520 bile.
376 3461 590 3517 Ornavit
607 3479 760 3528 supra
788 3479 850 3516 ex
875 3463 1121 3514 columnis
1151 3462 1539 3532 porphyreticis.
1589 3461 1688 3514 Ila:
1711 3477 1801 3514 eo-

219 3536 415 3590 lumna:
442 3541 686 3588 steterunt
717 3533 808 3587 sub
844 3532 1030 3586 cibario
1056 3548 1211 3602 usque
1241 3531 1308 3583 ad
1351 3539 1578 3598 tempora
1606 3541 1800 3594 nostra,

221 3621 364 3660 nunc
390 3613 507 3659 sunt
532 3605 582 3658 in
621 3603 869 3657 altaribus
1135 3611 1182 3655 et
1221 3602 1349 3655 alias
1392 3603 1653 3654 columnas
1687 3603 1802 3654 viti-

221 3692 373 3746 nfas,
422 3691 547 3746 quas
592 3674 655 3730 de
682 3673 880 3746 Gracia
905 3674 1250 3746 perduxerat,
1303 3681 1348 3724 et
1387 3681 1588 3746 exstant
1631 3671 1798 3746 hodie.

223 3741 377 3802 Fecit
403 3741 612 3800 auream
633 3761 829 3799 crucem
857 3741 945 3798 lib.
979 3743 1102 3799 150.
1145 3743 1274 3810 Quae
1303 3742 1462 3798 verba
1492 3741 1697 3796 mendis
1727 3745 1803 3797 in-

225 3819 451 3887 quinata
494 3830 614 3872 esse
662 3815 816 3871 facile
863 3814 1125 3885 intelliges
1153 3832 1163 3866 :
1189 3811 1284 3868 sed
1315 3812 1444 3867 tanti
1487 3828 1592 3867 non
1637 3823 1716 3868 est
1743 3828 1804 3868 ea

224 3888 536 3942 emendare.

301 3958 395 4014 52.
451 3957 607 4022 Man,
664 3972 886 4021 canans;
938 3969 1119 4025 supra,
1152 3963 1318 4021 recte,
1365 3971 1569 4008 canens.
1624 3953 1804 4025 Prag.,

225 4027 451 4091 Weitz.,
484 4027 625 4082 Vatt.
662 4027 719 4092 Β,
750 4030 816 4095 ρ,
850 4027 998 4082 olivo.
1030 4024 1174 4091 Rat.,
1211 4027 1374 4079 olivw.
1407 4025 1554 4094 Ald.,
1587 4024 1744 4090 oliva,
1761 4035 1808 4080 et

228 4115 583 4153 murmurans.
619 4097 883 4164 Plerique,
911 4106 968 4151 ut
995 4097 1194 4152 editum
1223 4105 1323 4150 est.
1373 4096 1676 4150 Etiamnum
1707 4097 1806 4152 oli-

229 4186 315 4224 vae
360 4171 412 4224 in
446 4168 698 4224 Vaticano
743 4169 1039 4222 virescunt.
1075 4166 1331 4221 Weitzius
1361 4169 1435 4220 ait
1477 4181 1643 4235 prope
1675 4175 1807 4220 tem-

232 4243 382 4310 plum
418 4240 727 4310 Vaticanum
759 4248 934 4310 ortum
967 4238 1162 4292 fontem
1192 4252 1257 4310 ex
1287 4253 1392 4304 quo
1515 4236 1707 4310 Petrus
1728 4239 1810 4292 sui

232 4307 472 4366 carceris
500 4309 750 4364 custodes
776 4309 1141 4377 baptizaverit,
1191 4307 1258 4360 de
1285 4322 1388 4377 quo
1421 4309 1648 4374 loquitur
1680 4307 1812 4361 Pru-

232 4383 474 4435 dentius.
519 4380 668 4435 Hunc
719 4395 954 4435 errorem
997 4377 1346 4432 animadverti
1389 4385 1443 4430 et
1490 4379 1699 4432 correxi
1745 4377 1812 4432 ad

232 4452 426 4522 hymu.
476 4451 552 4506 De
597 4451 715 4506 loco
760 4453 808 4505 in
841 4465 946 4520 quo
978 4461 1239 4522 martyres
1281 4447 1422 4519 passi
1454 4456 1596 4513 sunt,
1628 4456 1734 4501 etc.
1767 4448 1812 4502 A

233 4519 482 4577 Gi~elinn
503 4537 742 4577 errorem
773 4519 949 4576 hausit
978 4519 1261 4574 Weitzius.

1903 3269 2021 3307 sum
2043 3253 2111 3308 de
2138 3255 2385 3322 passione
2413 3255 2620 3310 Domini
2645 3256 2984 3310 indicandum
3013 3276 3024 3309 :
3051 3257 3190 3311 unde
3215 3257 3478 3324 originem

1905 3325 2125 3405 traxerit
2153 3327 2505 3405 consuetudo
2523 3342 2629 3405 non
2667 3327 2961 3405 adhibendi
2982 3343 3169 3405 aquam
3204 3327 3475 3405 lustralia}

1905 3393 2033 3448 feria
2081 3396 2112 3450 5
2151 3404 2206 3450 et
2245 3394 2278 3448 6
2323 3397 2440 3464 ejus
2491 3396 2859 3452 hebdomadis.
2915 3393 3106 3454 Matriti
3154 3414 3295 3452 anno
3345 3397 3478 3452 1786

1905 3465 2103 3534 prodiit
2127 3468 2445 3534 opusculum
2473 3482 2578 3535 quo
2605 3469 2718 3522 hinc
2749 3471 3082 3524 consuetudo
3125 3467 3476 3536 improbatur.

1905 3536 2021 3591 Jam
2048 3551 2189 3590 anno
2223 3537 2360 3592 1782
2391 3537 2590 3592 editum
2622 3537 2792 3593 fuerat
2822 3539 3054 3594 Perusia:
3086 3540 3329 3593 volumen
3359 3539 3409 3590 in
3447 3539 3479 3586 8

1906 3621 2012 3674 quo
2059 3614 2288 3674 quatuor
2333 3609 2587 3676 opuscula
2643 3609 2822 3664 ltalice
2869 3611 3061 3677 scripta
3114 3610 3476 3669 continentur,

1906 3691 2153 3746 quorum
2176 3677 2348 3745 primo
2377 3687 2595 3732 auctore
2627 3679 2691 3732 G.
2725 3678 2784 3732 C.
2834 3679 3133 3746 huiusmodi
3167 3693 3293 3732 usus
3322 3677 3480 3730 refel-

1909 3747 2058 3820 litur,
2093 3745 2263 3820 tribus
2291 3747 2408 3800 aliis
2442 3763 2658 3815 prorsus
2695 3745 2977 3820 anonymis
3006 3749 3328 3820 defenditur.
3362 3747 3478 3800 iam

1907 3818 1950 3870 si
1970 3816 2241 3871 Prudentii
2270 3832 2457 3872 versus
2483 3832 2601 3872 cum
2624 3823 2789 3873 veteri
2816 3816 2901 3872 illa
2927 3819 3332 3884 consuetudine,
3359 3831 3480 3870 cum

1908 3886 2112 3959 Paulini
2146 3898 2208 3959 et
2239 3887 2467 3959 Ennodii
2499 3889 2672 3942 verbis
2710 3889 3075 3955 conferantur,
3129 3890 3354 3959 planum
3395 3888 3485 3940 lict

1910 3973 2013 4011 non
2045 3956 2111 4011 de
2140 3955 2285 4011 fonte
2315 3958 2612 4025 baptismali
2646 3960 2791 4013 illum
2821 3961 3075 4024 locutum,
3107 3955 3199 4015 sed
3231 3958 3298 4013 de
3337 3958 3486 4012 fonte

1909 4038 2032 4082 ante
2055 4029 2195 4081 fores
2232 4029 2410 4095 templi
2439 4029 2718 4084 collocato.
2752 4031 2839 4084 Ait
2876 4031 3033 4098 igitur
3049 4030 3372 4084 Prudentius
3400 4042 3487 4082 re-

1910 4100 2128 4168 gionem
2145 4098 2196 4152 in
2211 4113 2312 4167 qua
2334 4100 2572 4166 sepultus
2593 4110 2710 4155 erat
2723 4099 2778 4154 S.
2797 4100 2983 4157 Petrus
2999 4101 3174 4156 aureis
3189 4101 3289 4154 sub
3311 4102 3485 4163 tectis,

1913 4169 2074 4223 olivis
2144 4180 2194 4222 et
2247 4170 2443 4223 fluento
2490 4184 2611 4225 esse
2657 4172 2996 4238 conspicuam
3037 4189 3050 4224 :
3095 4187 3216 4226 nam
3257 4185 3392 4237 aqua
3437 4171 3489 4223 in

1919 4249 2099 4311 monte
2131 4240 2428 4311 scaturriens
2457 4239 2700 4296 frondem
2753 4242 2850 4307 (ita
2895 4243 3036 4297 enim
3071 4241 3211 4311 lego)
3239 4241 3491 4311 olem‘ex-

1918 4310 2043 4362 citat
2068 4317 2120 4362 ct
2149 4309 2280 4365 alit:
2309 4310 2430 4365 inde
2462 4325 2556 4378 per
2583 4326 2847 4366 marmora
2877 4323 2929 4366 et
2957 4309 3149 4366 clivum
3174 4311 3239 4366 ad
3265 4309 3489 4363 viridem

1922 4380 2246 4433 natationem
2295 4380 2408 4435 sive
2450 4382 2845 4449 receptaculum
2876 4383 3116 4436 confluit.
3162 4382 3218 4434 ln
3249 4381 3492 4434 interiori

1923 4458 2072 4518 parte
2110 4450 2297 4503 tumuli
2338 4451 2449 4505 sive
2479 4451 2686 4505 aediﬁcii
2714 4467 2744 4506 e
2767 4454 3020 4506 cantharo
3044 4452 3292 4505 labuntur
3320 4463 3491 4517 aqum,

1923 4522 2048 4590 etin
2081 4531 2270 4587 stagno
2299 4522 2599 4576 volvuntur.
2635 4522 2844 4577 Pictura
2877 4523 3008 4577 tholi
3040 4521 3193 4590 tingit
3219 4521 3406 4581 undas,
3439 4527 3494 4590 et

307 4594 400 4646 35.
436 4572 947 4646 Baroniusnadﬁan.‘
976 4572 1279 4656 38l,num.
1312 4589 1403 4652 9.4,
1455 4589 1505 4641 in
1561 4589 1642 4643 his
1685 4587 1816 4658 Pru-
1844 4572 1897 4634 Ῑ)
1927 4572 2606 4647 vicissim(musci-abauro
2632 4572 3205 4658 Eét'tiééiiiféi'a’tiriiin
3229 4572 3495 4644 iii—muscis

234 4664 410 4719 dentii
440 4664 686 4717 versibus
717 4662 1081 4729 haptismalem
1112 4660 1351 4715 ecclesim
1388 4658 1653 4713 Vaticanus
1698 4657 1816 4712 fon-

237 4745 350 4788 tem
382 4735 643 4802 agnoscit.
692 4734 888 4787 Eotlem
937 4733 1230 4802 respiciunt
1253 4730 1444 4799 glossae
1489 4730 1819 4802 veteres._At

239 4819 343 4875 ego
371 4800 620 4858 eiistimo
644 4817 672 4857 a
707 4803 992 4875 Prudentia
1029 4800 1257 4875 describi
1299 4802 1492 4875 fontem
1539 4800 1818 4869 magnifice

239 4871 576 4929 eistructum
607 4882 729 4927 ante
753 4874 894 4926 fures
928 4873 1106 4939 templi
1144 4871 1404 4937 Vaticani,
1454 4885 1558 4935 auo
1585 4887 1676 4925 ora
1707 4885 1818 4924 ma—

239 4959 456 5013 nusque
496 4943 736 5013 lavarent
777 4943 959 4996 Iidelcs
1000 4953 1281 5013 antequam
1322 4942 1600 5013 ecclesiam
1642 4942 1820 5013 ingre-

240 5011 528 5070 derentur.
577 5011 654 5066 De
703 5014 801 5066 hoc
850 5013 995 5066 fonte
1026 5012 1278 5066 Paulinus
1301 5011 1457 5079 epist.
1487 5013 1555 5065 55
1603 5013 1668 5065 ad
1701 5011 1822 5064 Ale-

244 5086 443 5148 thium,
476 5084 589 5138 sive
616 5083 681 5137 15
707 5084 770 5137 ad
799 5081 1136 5137 Pamacltium
1163 5082 1248 5136 ed.
1275 5092 1465 5149 postr.,
1492 5081 1580 5151 qui
1610 5082 1821 5150 epulum

241 5155 558 5226 praebuerat
597 5153 1072 5226 omnbusRomze
1117 5152 1434 5226 pauperibus
1509 5155 1561 5205 in
1608 5151 1824 5226 basilica

239 5223 613 5294 apostolorum
642 5224 895 5294 principis
933 5241 945 5276 :
985 5223 1186 5294 Quanto
1216 5223 1383 5294 ipsum
1424 5223 1712 5294 apostolum
1748 5231 1828 5274 at-

242 5293 467 5350 tollebas
489 5293 675 5365 gaudio
698 5312 810 5347 cum
834 5302 993 5366 totam
1017 5296 1128 5366 ejus
1152 5293 1413 5366 basilicam
1434 5293 1600 5366 densis
1622 5293 1829 5366 inapum

245 5367 462 5421 coetibus
482 5363 794 5435 stipavisses,
817 5365 894 5420 uel
919 5380 1019 5434 qua
1038 5363 1140 5416 sub
1161 5363 1264 5416 alto
1285 5363 1366 5416 sui
1388 5363 1622 5416 culminis
1653 5363 1830 5416 mediis

244 5436 429 5507 aiitpla
476 5434 797 5507 laquearibus
828 5437 1033 5507 longum
1062 5442 1220 5507 patet,
1243 5444 1306 5507 _et
1336 5434 1613 5507 apostolico
1636 5435 1832 5507 eminus

246 5503 387 5563 solio
413 5503 687 5561 coruscans
705 5503 1098 5576 ingredientium
1128 5504 1322 5576 lumina
1347 5503 1568 5574 stringit,
1610 5513 1656 5557 et
1680 5504 1835 5576 corda

247 5578 525 5647 latiﬁeat;
577 5576 656 5631 vel
680 5574 783 5647 qua
821 5577 914 5629 sub
945 5577 1121 5647 eadem
1138 5575 1290 5647 “mole
1337 5583 1581 5627 tectorum
1623 5574 1836 5644 geminis

248 5643 497 5717 utrinque
538 5643 813 5717 porticibus
860 5648 1020 5717 latera
1066 5643 1340 5717 (li/fundit;
1386 5660 1542 5717 quave
1590 5643 1836 5717 pratento

250 5713 425 5774 nitens
454 5713 590 5773 atrio
618 5719 733 5788 fusa
758 5715 999 5788 vestibulo
1029 5728 1120 5780 est,
1148 5716 1232 5768 ubi
1259 5713 1837 5788 cantharumi'ministra

252 5791 520 5856 manibus,
550 5798 598 5844 et
619 5787 793 5842 oribus
819 5787 1007 5842 nostris
1026 5788 1218 5859 ﬂuenta
1242 5793 1535 5859 ructantem
1552 5787 1838 5859 fastigiatus

253 5863 427 5919 solido
449 5877 552 5919 a’re
580 5859 751 5916 tholus
780 5867 944 5919 ornat.
974 5856 1034 5914 et
1049 5856 1320 5924 inumbrat,
1353 5858 1452 5912 non
1493 5857 1600 5911 sine
1628 5858 1838 5929 mystica

1924 4662 2168 4723 virescit;
2217 4676 2352 4730 aqua
2400 4664 2626 4716 caerulea
2657 4679 2687 4716 a
2719 4665 2878 4719 rubro
2905 4663 3085 4718 colore
3128 4675 3369 4730 superum
3415 4660 3495 4730 pi-

1923 4740 2088 4786 cturae
2119 4729 2282 4785 trahit
2310 4733 2551 4786 umbram
2580 4734 2692 4787 sive
2723 4734 3028 4801 imaginem,
3068 4741 3123 4788 et
3151 4729 3371 4786 lacunar
3402 4729 3496 4781 llu-

1923 4803 2098 4857 ctibus
2128 4803 2583 4874 videturmoveri.
2621 4806 2804 4858 Pastor
2831 4805 2940 4859 sive
2970 4803 3202 4874 pontifex
3227 4801 3497 4855 Romanus

1925 4877 2037 4928 suis
2066 4873 2258 4926 ovibus
2280 4872 2494 4927 exhibet
2521 4875 2632 4927 haec
2659 4874 2873 4928 ﬂuenta.

2001 4942 2090 4997 54.
2125 4941 2242 5014 Dixi
2274 4957 2413 5014 vers.
2446 4957 2563 5014 sup.
2593 4945 2871 5011 legendum
2897 4959 3018 4999 esse
3049 4941 3500 5014 frondem;__et_ita

1930 5027 2113 5067 revera
2138 5012 2316 5081 legunt
2344 5011 2461 5066 Vat.
2486 5010 2548 5078 Β,
2577 5010 2750 5077 Alex.,
2781 5015 2932 5076 Man,
2960 5010 3134 5082 Pra'g.,
3161 5015 3283 5076 Rat,
3308 5010 3496 5066 Weitl.

1932 5099 2051 5137 cum
2085 5083 2528 5153 plerisqueusuis,
2573 5083 2686 5138 Gis.
2719 5085 2783 5138 ad
2829 5099 3022 5153 marg.,
3054 5084 3229 5149 Sich.,
3263 5082 3500 5148 Thuan.,

1931 5155 2037 5207 duo
2067 5151 2340 5217 Torrent.,
2366 5151 2574 5216 Heins.,
2606 5153 2794 5208 Cham.
2829 5154 2914 5220 Et,
2945 5151 3000 5207 ut
3031 5153 3347 5209 Prudentius
3373 5152 3505 5207 dicit

1933 5237 2074 5278 nunc
2104 5222 2339 5290 frondem
2369 5239 2656 5292 perennem,
2716 5227 2785 5278 ita
2821 5240 2962 5278 vers.
2995 5225 3099 5280 175
3129 5224 3411 5279 Dittochtei
3437 5223 3506 5278 de

1935 5289 2119 5366 monte
2145 5289 2376 5366 oliveti,
2395 5289 2918 5366 Frondibusdagternis
2949 5296 3257 5366 prtepinguis
3295 5296 3506 5366 liquitur

1935 5363 2140 5417 humor.
2173 5363 2470 5432 Janningus
2527 5373 2654 5418 tom.
2701 5364 2784 5418 Vll
2824 5365 2967 5418 .lunii
2993 5363 3161 5419 etiam
3200 5363 3510 5434 legit—fron-

1937 5435 2049 5486 dem
2079 5449 2369 5503 perennem,
2401 5441 2456 5488 et
2485 5435 2864 5503 interpretatur
2907 5435 3103 5491 oleam.
3152 5435 3510 5491 Nihilominus

1939 5451 2049 5486 aem
2115 5451 2369 5498 erennem,
2401 5451 2456 5488 et
2485 5451 2864 5503 interpretatur
2907 5451 3103 5491 oleam.
3152 5451 3510 5491 multominus

1939 5451 2276 5569 Parrﬁasius,
2316 5503 2460 5584 did:
2489 5518 2551 5584 ac
2581 5504 2888 5584 mult_i_ms_s.
2920 5505 3100 5576 legunt
3126 5504 3510 5584 fontem,_quod

1939 5583 2328 5646 expresserunt
2349 5571 2615 5646 Cellarius
2635 5583 2689 5629 et
2708 5574 2925 5631 Teolius
2941 5594 2954 5642 ;
2973 5571 3279 5646 quanquam
3304 5571 3512 5630 bicuon

1940 5660 2074 5700 vere
2102 5644 2334 5715 affirmat
2360 5657 2549 5715 omnes
2579 5645 2718 5700 Vatt.
2749 5656 2943 5715 praeter
2969 5644 3150 5702 unum
3179 5648 3375 5702 habere
3400 5646 3512 5714 fon-

1949 5725 2070 5772 tem.
2087 5714 2482 5787 Cbamillardus
2501 5716 2601 5771 etsi
2622 5714 2760 5787 legat
2779 5718 3030 5787 frondem,
3049 5727 3223 5772 tamen
3246 5718 3298 5771 in
3319 5717 3514 5787 liquore

1949 5796 2084 5858 arto,
2123 5785 2322 5858 dequo
2349 5798 2492 5841 vers.
2538 5785 2742 5856 super.,
2780 5785 3030 5856 intelligit
3073 5803 3137 5842 ex
3182 5793 3362 5858 mente
3385 5785 3518 5858 Prut

1950 5855 2120 5914 dentii
2152 5857 2392 5929 erupisse
2419 5855 2648 5932 aliquem
2677 5860 2872 5917 l’uutcm
2907 5855 3156 5917 inmurte
3183 5856 3220 5917 S
3272 5855 3435 5926 Petri,
3464 5855 3514 5911 ut
